1938 3091
112 143 171 176 κθ

660 141 922 173 BIBLIOTHECA.
939 155 975 160 -
993 143 1100 175 CODD.
1118 144 1215 176 C-CII.

1695 143 1750 178 370

113 202 181 228 εἷλε.
208 199 372 228 Συνανεῖπον
390 201 419 228 δὲ
440 200 516 236 αὐτῷ
537 200 584 228 καὶ
603 199 661 227 υἱὸν
679 199 824 235 Γορδιανοῦ
841 199 901 236 Γορ-

959 208 1012 235 que
1034 209 1129 229 omnes
1155 201 1304 230 Maximino
1335 202 1458 230 ademit:
1482 202 1620 232 Gordiano
1637 203 1749 237 insuper

112 247 206 274 διανδν
237 247 360 283 βασιλέα.
389 247 545 283 Μαξιμίνου
571 247 601 274 δὲ
630 247 907 282 παρασκευαζομένου

114 294 184 329 πρὸς
199 294 331 330 πόλεμον⁹
347 297 395 322 καὶ
410 294 552 330 Γορδιανδς
569 294 628 330 ἅμα
646 294 685 330 τῷ
698 293 747 329 υίῷ
762 294 812 329 τὴν
830 294 908 328 Καρ-

114 340 217 375 χηδόνα
226 340 250 356 ⁸⁵
265 340 426 369 καταλαϐὼν
437 341 486 368 καὶ
497 341 526 368 ὲν
542 339 697 374 ἀπογνώσει
711 340 767 366 τῶν
779 339 847 366 ὅλων
860 347 908 374 γε-

113 385 203 419 τονὼς
231 385 323 421 βρόχῳ
342 386 516 414 ἀνεπαύσατο
531 385 580 412 τοῦ
600 385 676 421 βίου·
688 386 703 412 ό
722 384 752 412 δὲ
771 386 837 416 παῖς
857 385 908 419 τῆς

113 430 184 466 πρὸς
224 431 378 467 Μαξιμῖνον
409 432 500 467 μάχης
535 431 726 468 κρατουμένης
752 429 908 465 ἀναιρεθεὶς

110 477 266 513 ἠφανίσθη.
282 478 315 504 Οί
328 477 357 504 δὲ
374 477 506 512 Ῥωμαῖοι
517 476 557 513 τῷ
572 477 652 504 πάθει
669 475 772 503 τούτων
787 476 908 511 ὑπεραλ-

111 523 262 558 γήσαντες.
287 524 336 551 καὶ
360 523 476 556 δεδιότες
494 523 541 550 καὶ
569 522 713 558 μισοῦντες
742 522 906 558 Μαξιμϊνον,

111 569 330 605 ἀναγορεύουσιν
342 569 372 596 ὲν
392 569 488 606 Ῥώμῃ
504 569 635 596 Βαλϐῖνόν
653 577 683 596 τε
699 569 747 596 καὶ
761 568 905 604 Μάξιμον·

112 615 176 642 καθ’
185 611 224 643 ὧν
236 616 358 648 στάσεως
367 615 421 643 ὑπὸ
434 615 490 642 τῶν
504 615 680 650 στρατιωτῶν
692 615 906 651 ἁνεγειρομένης

113 662 313 696 συμϐασιλεύει
327 661 434 694 τούτοις
449 661 498 688 καὶ
519 661 673 696 Γορδιανὸς,
689 660 821 695 ἀπόγονος
837 660 906 695 Γορ⁹

112 705 207 733 διανοῦ
221 706 269 733 τοῦ
284 705 404 742 πρώτου,
419 707 518 742 κομιδῇ
532 707 609 739 παῖς,
626 705 760 741 Θυγατρδς
771 705 838 737 υἱός.
851 704 907 732 Καὶ

112 752 240 789 Μαξίμου
254 753 373 786 ἐξιόντος
386 752 459 780 κατὰ
475 752 631 788 Μαξιμίνου
647 753 800 788 ἀναιρεῖται
815 751 904 784 Malit-

113 800 192 834 μῖνος
214 799 267 826 ὑπὸ
289 799 345 827 τῶν
368 799 478 827 οἰκείων
491 799 677 836 στρατιωτῶν,
693 800 741 826 καὶ
762 798 905 834 κομίζεται

111 845 183 881 πρὸς
196 846 324 881 Μάξιμον
337 847 354 882 ἡ
371 846 491 882 κεφαλὴ,
506 843 567 873 εἶτα
585 845 633 873 καὶ
646 844 714 881 πρὸς
730 844 816 880 αὐτὴν
836 843 904 871 Ῥώ-

112 901 179 927 μην.
195 892 235 918 Οὐ
258 892 326 920 πολὺ
350 893 381 920 τὸ
395 894 425 920 ὲν
440 893 534 929 μέσῳ,
549 893 597 920 καὶ
609 892 635 919 oi
648 891 814 928 στρατιῶται
840 900 903 919 στα-

112 939 259 970 σιάσαντες
283 938 412 973 ἐξάγουσι
441 939 497 966 τῶν
523 938 666 976 βασιλείων
698 938 826 966 Βαλίῖνον
855 939 903 966 καὶ

110 983 251 1018 Μάξιμον.
264 982 328 1020 [276
343 983 390 1020 IL]
403 984 452 1011 καὶ
466 985 557 1011 πᾶσαν
571 984 671 1016 αὐτοὺς
684 985 778 1012 αίκίαν
792 985 903 1012 αἰκισά-

111 1039 189 1064 μενοι
210 1029 371 1066 ἀναιροῦσι,
388 1031 470 1066 μόνον
487 1031 645 1063 ἀνειπόντες
663 1030 774 1066 βασιλέα
790 1031 903 1066 Γορδια-

108 1076 167 1108 νὺν,
189 1075 257 1109 περὶ
277 1075 327 1111 ἐτη
347 1076 527 1111 τρισκαίδεκα
552 1076 700 1111 γεγονότα·
717 1077 748 1103 ἑν
771 1073 813 1108 οἷς
826 1075 875 1103 καὶ
888 1076 903 1103 6

108 1121 204 1155 ὄγδοος
222 1121 375 1149 τελειοῦται
389 1122 477 1156 λόγος.

146 1210 266 1237 Ἔστιδὲ
277 1211 328 1247 τὴν
339 1211 440 1247 φράσιν
456 1211 545 1248 σαφὴς
556 1212 604 1239 καὶ
620 1212 745 1248 λαμπρός
759 1213 805 1240 καὶ
820 1213 900 1250 ἡδὺς,

108 1258 159 1284 καὶ
172 1257 247 1290 λέξει
265 1258 408 1293 χρώμενος
424 1257 554 1294 σώφρονι,
568 1259 637 1294 μήτε
653 1259 902 1296 ὺπεραττικιζοὺσῃ

106 1305 155 1330 καὶ
175 1303 227 1339 τὴν
242 1303 363 1339 ἔμφυτον
378 1304 559 1342 ἐξυϐριζούσῃ
574 1304 655 1340 χάριν
675 1305 724 1332 τοῦ
752 1305 900 1341 συνήθους,

107 1349 181 1384 μήτε
197 1348 267 1384 πρὸς
279 1348 309 1376 τὸ
323 1349 451 1376 ταπεινὸν
465 1349 634 1387 ἑκλελυμένῃ
650 1351 698 1378 καὶ
715 1351 765 1387 τὴν
777 1351 901 1387 ἔντεχνον

106 1394 276 1432 ὑπερορώσῃ
305 1395 417 1430 γνῶσιν.
441 1394 512 1423 Οὔτε
540 1396 570 1424 δὲ
598 1397 815 1433 περιττολογίαις
841 1398 900 1424 ἐστὶ

106 1442 320 1479 σεμνυνόμενος,
335 1442 398 1470 οὒτε
422 1452 450 1470 τι
463 1443 519 1470 τῶν
539 1443 699 1478 ἀναγκαίων
718 1445 899 1480 παραλιμπά-

105 1497 172 1520 νων,
189 1489 238 1515 καὶ
251 1489 345 1521 ἁπλῶς
356 1489 378 1506 ⁸⁸
395 1489 426 1518 ἐν
440 1490 542 1522 πάσαις
556 1492 617 1523 ταῖς
631 1490 703 1518 κατὰ
714 1490 764 1527 τὴν
778 1491 899 1527 ἱστορίαν

105 1535 220 1570 ἀρεταῖς
237 1535 269 1563 οὑ
282 1535 389 1563 πολλῶν
399 1536 458 1563 ἐστι
472 1535 608 1572 δεύτερος.

469 1628 512 1656 P’.

167 1672 324 1708 Ἀδριανοῦ
331 1673 385 1701 τοῦ
391 1673 548 1708 ,βασιλέως
560 1675 685 1710 μελέται
699 1676 844 1712 διάφοροι.

150 1718 322 1756 ’Δνεγνώσοη
331 1720 471 1756 Ἀδριανοῦ
483 1721 530 1748 τοῦ
544 1722 678 1757 βασιλέως
693 1723 901 1759 μελέταιδιάφο-

105 1774 161 1800 pm.
177 1766 219 1798 είς
241 1765 273 1792 τὸ
296 1765 408 1801 μέτριον
432 1766 481 1793 τοῦ
507 1766 588 1802 λόγου
608 1768 762 1804 ἀνηγμέναι
777 1771 824 1797 καὶ
849 1772 900 1797 οὐκ

104 1812 210 1846 ἀηδεῖς.
657 1816 660 1820 ‘

463 1859 527 1886 PA'.

160 1903 326 1938 Βικτωρίου
336 1905 390 1932 τοῦ
403 1905 581 1940 Λαμπαδίου
591 1908 732 1934 ὑπατικοί
746 1908 845 1943 Λόγοι.

148 1951 376 1987 Ἀνεγνώσθησαν
391 1952 557 1988 Βικτωρίνου
575 1953 622 1980 τοῦ
638 1955 799 1990 Λαμπαδίου
814 1956 823 1992 (
839 1957 899 1984 Ἀν-

104 2001 215 2035 τιοχεὺς
231 1999 260 2026 δὲ
275 1997 368 2035 οὗτος)
385 2000 513 2027 ὑπατικοὶ
523 2001 597 2036 λόγοι
611 2001 746 2037 διάφοροι,
759 2002 806 2029 καὶ
824 2002 900 2038 βασι-

104 2047 177 2073 λικοὶ
193 2046 223 2072 δὲ
238 2047 277 2078 είς
292 2047 405 2082 Ζήνωνα
415 2047 462 2074 τὸν
475 2047 597 2082 βασιλέα,
613 2049 656 2083 ἐφ’
670 2046 701 2076 οὗ
714 2049 760 2075 καὶ
773 2049 814 2081 εἰς
830 2049 900 2085 βαθὺ

105 2093 199 2128 γῆρας
221 2090 255 2128 ἦν
270 2091 334 2128 [150
347 2093 400 2128 IL]
416 2093 565 2129 ἐληλακὼς.
583 2095 640 2130 Τὴν
650 2094 679 2121 δὲ
695 2095 797 2130 φράσιν
817 2096 848 2123 τό
869 2104 900 2122 τε

106 2139 194 2174 σαφὲς
210 2139 258 2166 καὶ
271 2140 302 2167 τὸ
312 2139 459 2176 ἀπέριττον
473 2140 521 2168 καὶ
532 2141 563 2167 τὸ
580 2141 695 2177 σύνηθες
708 2142 863 2177 ἐπικοσμεῖ.

465 2235 526 2262 PB'.

105 2280 263 2307 Γελασίου
279 2280 449 2316 emineant:
467 2281 646 2314 Καισαρείας
664 2281 721 2316 τῆς
735 2282 897 2309 Παλαιστι-

140 2324 199 2349 νης
224 2315 300 2342 κατὰ
321 2316 492 2351 ’Δνομοίων.
515 2315 571 2343 Kal
605 2316 751 2350 Διοδώρου
781 2318 897 2351 Ταρσοῦ

139 2351 278 2385 περὶτοῦ
291 2351 379 2386 ἁγίου
401 2351 575 2386 Πνεύματος
593 2351 722 2387 διάφορα
745 2352 896 2387 ἐπιχειρή-

181 2394 228 2413 τα.

181 2395 228 2413 τα.

134 2395 319 2468 exve-{Wirqu
345 2432 374 2460 ἐν
402 2433 552 2469 μονοΰίϐλῳ
582 2433 712 2461 Γελασίου
743 2433 898 2461 ἐπισκόπου

103 2478 277 2514 Καισαρείας
285 2479 334 2514 τῆς
346 2479 538 2516 Παλαιστίνης,
549 2480 629 2507 Κατὰ
636 2480 807 2516 Ἀνομοίων.
818 2481 895 2508 Ἔστι

958 245 1088 274 Gordiani
1109 247 1164 274 tilio
1177 248 1203 274 in
1213 247 1348 276 Caesarem
1361 248 1399 275 illi
1414 248 1523 277 allecto.
1534 250 1568 277 At
1582 250 1645 277 dum
1661 250 1747 278 Maxi-

959 293 1050 320 minus
1064 292 1165 320 bellum
1180 292 1306 326 adornat,
1324 293 1420 322 videns
1435 294 1602 327 Gordianus.
1617 295 1674 330 (qui
1690 295 1747 329 jam

957 346 1011 365 una
1027 346 1088 366 cum
1104 338 1159 366 lilio
1171 338 1361 376 Carthaginem
1378 340 1435 375 (Η)
1448 342 1604 376 occuparat)
1620 341 1648 368 in
1673 348 1748 369 sum-

960 392 1032 410 mam
1051 391 1142 412 rerum
1164 384 1285 412 omnium
1307 384 1526 420 desperationem
1539 393 1571 414 se
1588 386 1748 419 adductum,

957 429 1054 464 laqueo
1078 430 1161 458 vitam
1182 430 1302 466 abrupit.
1318 431 1404 458 Filius
1419 439 1495 464 vero,
1520 432 1667 460 commissa
1683 432 1746 460 dein

957 483 1018 503 cum
1031 475 1149 504 Maximo
1164 484 1265 512 pugna,
1288 476 1448 505 interfectus
1470 479 1560 513 periit.
1573 478 1689 507 Romani
1703 479 1748 508 hic

957 521 1109 550 incredibili
1130 522 1224 551 dolore
1241 530 1275 551 ex
1295 523 1392 551 horum
1415 523 1527 552 interitu
1552 526 1686 560 percussi.
1708 526 1748 554 sl-

956 567 1012 595 mnl
1027 573 1190 600 metuentes.
1209 572 1292 604 atque
1311 569 1375 597 odio
1389 569 1566 598 Maximinum
1581 578 1748 606 prosequen-

955 619 1007 648 tes,
1031 615 1209 650 imperatores
1235 615 1330 644 Romte
1354 617 1513 645 renuntiant
1537 617 1692 650 Balbinum,
1719 622 1748 645 et

956 660 1114 688 Maximum.
1133 661 1164 689 In
1189 669 1258 696 quos
1284 666 1314 688 ut
1336 669 1446 690 rursum
1476 662 1605 691 militaris
1627 663 1746 691 excitata

955 705 1054 733 seditio
1076 710 1130 738 est,
1156 706 1300 741 imperavit
1323 714 1376 733 una
1401 714 1463 734 cum
1484 706 1526 735 eis
1539 711 1566 734 et
1580 707 1746 741 Gordianus,

955 751 1086 780 Gordiani
1110 752 1223 786 majoris
1246 760 1280 780 ex
1301 752 1355 780 illia
1380 760 1476 788 nepos,
1495 753 1641 780 admodum
1656 753 1748 782 adhuc

954 805 1032 833 puer.
1047 797 1121 834 [Lib.
1135 798 1208 835 νιιι.]
1217 798 1334 827 Maximo
1346 805 1404 834 post
1420 799 1552 827 adversus
1567 799 1746 828 Maximinum

954 844 1088 880 profecto,
1115 844 1276 873 interfectus
1296 853 1312 873 a
1338 846 1396 873 suis
1422 845 1554 873 militibus
1581 845 1746 874 Maximinus

918 883 942 914 Β
955 895 1009 924 est,
1033 890 1198 926 allatumque
1226 897 1308 927 caput
1332 891 1390 925 ejus
1406 891 1440 918 ad
1462 890 1619 924 Maximum,
1640 896 1668 919 et
1683 891 1748 919 inde

954 937 1081 965 Romam.
1096 937 1151 966 Nec
1167 937 1248 973 longo
1263 937 1408 973 interiecto
1428 941 1563 973 tempore,
1580 937 1746 966 tumultuan-

954 990 997 1013 tes
1014 985 1103 1013 denuo
1127 985 1238 1018 milites,
1258 984 1357 1020 palatio
1380 985 1529 1012 educeutes
1549 984 1705 1017 Balbinum,
1717 987 1746 1013 et

953 1030 1111 1065 Maximum,
1145 1031 1274 1058 omnibus
1310 1029 1485 1058 contumeliis
1524 1029 1745 1063 cruciatibusque

953 1079 1065 1107 allectos
1085 1079 1256 1112 interimunt,
1273 1084 1301 1106 et
1323 1078 1368 1106 uni
1391 1078 1529 1106 Gordiano
1544 1077 1674 1105 tredecim
1689 1076 1745 1103 cir-

953 1127 1022 1155 citcr
1046 1134 1132 1154 annos
1158 1131 1223 1153 nato
1252 1125 1394 1161 imperium
1429 1124 1570 1152 mandant.
1595 1122 1653 1151 Hoc
1680 1123 1743 1151 libri

952 1173 1040 1202 octavi
1055 1177 1207 1201 extremum
1223 1177 1275 1200 est.

988 1219 1136 1254 Scriptoris
1149 1218 1228 1253 hujus
1243 1217 1328 1245 dictio
1342 1217 1414 1245 clara
1427 1221 1480 1249 est,
1494 1221 1576 1251 atque
1586 1216 1741 1252 perspicua,
1758 1222 1761 1226 '

951 1266 1017 1302 quin
1033 1270 1061 1293 et
1074 1264 1194 1300 jucunda
1213 1273 1219 1290 :
1236 1264 1347 1292 vocibus
1363 1268 1453 1290 autem
1469 1263 1556 1290 utitur
1569 1262 1741 1298 temperatis.

952 1319 1041 1347 neque
1071 1318 1152 1346 supra
1183 1311 1291 1338 modum
1320 1310 1429 1339 Atticis.
1454 1309 1554 1344 quibus
1578 1309 1671 1336 nativa
1695 1307 1742 1336 illa

951 1359 1104 1386 communis
1121 1357 1256 1386 sermonis
1271 1357 1359 1392 gratia
1385 1355 1585 1391 quodammodo
1607 1355 1741 1382 violetur:

951 1413 1002 1434 nec
1017 1412 1114 1432 rursus
1137 1404 1164 1431 in
1183 1403 1362 1431 humilitatem
1379 1402 1526 1438 quamdam
1549 1401 1587 1429 ita
1604 1400 1742 1434 demissis,

950 1457 981 1480 ut
998 1456 1083 1480 artem
1096 1458 1204 1478 omnem
1217 1449 1268 1477 illa:
1281 1449 1381 1484 fugisse
1396 1449 1549 1476 videantur.
1566 1447 1607 1476 Ad
1621 1448 1679 1475 haec
1694 1454 1743 1475 nec

950 1497 1158 1532 supervacaneis
1184 1499 1280 1527 tumet.
1303 1502 1353 1523 nec
1372 1494 1555 1523 necessarium
1574 1493 1639 1528 quid
1662 1493 1743 1520 omit-

913 1558 935 1587 ο
953 1545 1008 1572 tit:
1033 1543 1090 1576 sed,
1116 1548 1146 1570 ut
1162 1550 1216 1570 uno
1246 1541 1330 1569 verbo
1352 1540 1500 1573 absolvam,
1515 1539 1596 1576 86a
1616 1538 1744 1567 omnibus

951 1591 1071 1618 historia:
1086 1590 1232 1618 virtutibus
1248 1588 1343 1624 paucis
1360 1595 1425 1615 sane
1441 1586 1524 1614 cedit.

1337 1635 1368 1662 Ο.

1169 1681 1282 1710 Adriani
1299 1680 1519 1708 Declamationes.

987 1728 1076 1756 Lecta:
1105 1733 1168 1756 sunt
1193 1727 1305 1756 Adriani
1336 1726 1393 1762 (42)
1417 1726 1530 1762 Augusti
1546 1725 1630 1753 varia:
1647 1725 1743 1752 Decla-

950 1776 1089 1808 matiouu,
1112 1774 1218 1802 dicendi
1237 1773 1424 1801 moderatione
1446 1776 1615 1808 temperatae,
1638 1779 1688 1800 nec
1699 1771 1742 1799 in-

947 1822 1083 1856 jucundae.

1325 1865 1369 1894 Cl.

1009 1912 1135 1940 Victorini
1150 1912 1290 1946 Lampadii
1302 1913 1351 1944 ﬁlii
1368 1912 1508 1939 Orationes
1523 1910 1685 1938 consulares.

986 1959 1076 1987 Lectae
1098 1964 1161 1986 sunt
1187 1958 1319 1986 Victorini
1344 1957 1484 1992 Lampadil
1511 1956 1556 1983 ﬁlii
1579 1955 1740 1983 Antiocheni

951 2005 1089 2034 Orationes
1119 2005 1270 2033 consulares
1295 2005 1387 2036 parite,
1411 2003 1492 2031 simul
1515 2007 1540 2030 et
1563 2001 1743 2036 imperatorite

950 2053 977 2081 in
1001 2053 1119 2080 Zenonis
1144 2052 1258 2088 Augusti
1287 2051 1420 2079 laudem:
1442 2057 1496 2085 quo
1519 2049 1680 2084 imperante,
1706 2048 1739 2074 ad

949 2105 1099 2127 extremam
1131 2099 1176 2127 hic
1201 2101 1362 2134 pervenerat
1383 2100 1561 2125 senectutem.
1590 2094 1739 2121 Dictionem

949 2145 1020 2181 ejus.
1046 2145 1073 2172 in
1095 2152 1148 2179 qua
1166 2143 1234 2172 nihil
1256 2143 1421 2175 redundans,
1442 2139 1633 2177 perspicuitas,
1654 2138 1742 2167 usita-

952 2196 1049 2227 tusque
1064 2190 1191 2226 loquendi
1207 2190 1304 2218 modus
1317 2192 1461 2216 exornant.

949 2282 1050 2310 Celatii
1060 2281 1188 2310 Caesarea
1200 2280 1353 2309 Palestina:
1363 2280 1488 2315 episcopi,
1502 2279 1568 2306 liber
1576 2278 1634 2310 (45)
1646 2283 1739 2305 contra

1273 2316 1421 2348 Anomazos,

1001 2353 1036 2381 Et
1049 2352 1160 2380 Diodori
1176 2351 1313 2379 Tarsensis
1331 2351 1363 2378 de
1382 2349 1484 2385 Spiritu
1498 2354 1590 2377 sancto
1602 2357 1685 2385 argu-

1292 2392 1389 2412 menta.

1292 2394 1389 2414 menta.

984 2436 1085 2464 Lectus
1102 2440 1144 2462 est
1167 2434 1235 2462 liber
1253 2432 1401 2468 singularis
1422 2426 1523 2460 Gelasii
1544 2431 1676 2459 Caesareae
1688 2429 1740 2458 Pa-

950 2482 1061 2509 la-stina:
1086 2479 1206 2516 episcopi
1231 2479 1356 2507 adversus
1385 2477 1524 2506 Anomazor
1552 2477 1620 2513 (Μ).
1654 2475 1743 2512 Hujus

756 2536 877 2564 VARle
891 2535 1093 2566 LECTIONES.

136 2582 160 2596 “
178 2580 341 2617 Χαλκηδόνα
361 2590 392 2614 ς.
429 2582 453 2599 ⁸³
470 2581 575 2618 ἅπλῶς]
592 2582 687 2615 ἁπλῶς
700 2582 844 2619 ίστορικῶν
858 2583 891 2610 Α.

844 2647 848 2652 ι
865 2628 984 2658 NOTAE.

136 2677 146 2713 (
150 2677 194 2710 Η)
204 2676 273 2705 Male
278 2677 439 2713 Χαλκηδόνα
447 2677 586 2713 legebatur
595 2677 622 2705 in
630 2682 702 2705 textu
709 2677 729 2705 G
735 2677 898 2706 r:eco.Eot'r.

137 2712 196 2749 (42)
211 2712 285 2747 Lege
311 2713 387 2748 plora
411 2712 484 2748 apud
500 2713 579 2740 Suid.
596 2717 625 2741 et
647 2713 827 2749 Xiphilinum.
842 2713 898 2749 Exi-

102 2754 172 2776 stant
187 2748 260 2782 ejus
283 2749 477 2783 etisententiaa
511 2751 646 2783 quaedam,
670 2750 729 2776 sive
753 2748 899 2776 δικαστικὰ

103 2791 237 2818 [θεραπεί
248 2784 275 2810 in
302 2782 359 2811 Vel.
378 2783 495 2811 Glouar.

137 2817 195 2853 αὖ)
219 2817 315 2846 Exstat
349 2819 484 2853 hodieque
504 2819 582 2847 titulo
601 2819 640 2846 De
662 2818 766 2846 duabus
795 2819 898 2846 naturis

105 2853 131 2879 in
147 2853 275 2884 Christo.’
284 2854 331 2881 sed
342 2854 411 2881 falso
421 2853 532 2882 Gelasio
547 2855 645 2889 pontii.
656 2853 736 2881 Rom.
751 2856 900 2888 ascriptus.

107 2893 135 2914 ut
156 2890 237 2917 docet
261 2889 400 2918 illustriss.
419 2889 518 2918 Baron.
534 2892 609 2918 card.
630 2895 694 2918 toni.
722 2889 767 2925 ιν,
780 2890 813 2917 ad
831 2899 896 2917 ann.

107 2923 172 2952 Chr.
184 2924 238 2953 496
252 2923 312 2953 init.

138 2932 172 2952 tl’.
184 2924 238 2953 496
252 2923 312 2953 init.

985 2675 1041 2712 (M)
1059 2674 1196 2712 Nonrillos
1215 2674 1399 2702 Eunomianos
1412 2673 1483 2712 apud
1505 2673 1622 2712 Niceph.
1639 2674 1705 2702 ihid.
1720 2683 1740 2708 ι,

947 2709 1008 2745 cap.
1025 2709 1070 2744 Η,
1083 2711 1129 2739 sed
1147 2710 1253 2745 integro
1275 2717 1343 2744 pene
1359 2710 1460 2737 saeculo
1476 2709 1611 2744 posterius
1631 2715 1742 2736 exortos

949 2747 1155 2782 Eutychianps,
1165 2746 1204 2773 sic
1218 2745 1331 2782 forsitan
1349 2745 1384 2772 ab
1409 2745 1545 2782 aliquibus
1560 2745 1657 2782 dictos,
1669 2745 1742 2782 quod

949 2779 1081 2817 negarent
1093 2781 1231 2809 Christum
1246 2781 1373 2817 habuisse
1385 2779 1484 2817 corpus
1495 2779 1640 2814 ὁμοούσιον
1651 2779 1740 2817 nobis.

948 2813 1001 2852 qua
1013 2817 1219 2854 etiam_rationo
1243 2816 1313 2851 apud
1327 2816 1384 2854 ΡΙ),
1402 2813 1631 2854 Athangs._atquc
1650 2813 1740 2854 Gl"):-

949 2848 1017 2880 sost.
1044 2852 1108 2879 dicti
1138 2848 1269 2888 Anornwi'
1286 2851 1463 2888 nrianihqui
1486 2848 1625 2888 Christum
1651 2848 1740 2888 Patris

949 2888 1121 2921 ὶιιίιημιιιιειυ,
1138 2891 1166 2915 ct
1179 2887 1262 2923 aliqui
1281 2884 1433 2915 dissimilis
1445 2893 1554 2921 quoque
1567 2884 1738 2918 substantiae.

952 2923 1096 2950 faciebant.
