1938 3091
186 141 240 173 375

763 136 897 172 ΡΗΟΤΙΙ
916 142 1170 173 PATRIARCH/E
1184 142 1238 172 CP.

1761 137 1815 170 316

187 200 259 232 alia,
279 207 332 228 una
358 207 420 228 cum
446 199 564 234 Origene
587 199 657 227 Filio
675 201 892 236 ascribit(5l),
920 201 977 229 sive

1035 202 1106 237 pépst
1116 202 1138 219 '°
1153 202 1192 237 τῷ
1205 201 1273 236 Υἱῷ,
1290 200 1345 227 εἴτε
1359 199 1460 235 ὁμοίως
1471 199 1570 235 ἐκείνῳ
1577 198 1721 234 δυσσεϐειᾳ
1731 198 1817 225 ἑαλω-

186 248 282 275 eadem
297 247 437 282 impietate
452 247 566 279 ductus;
593 248 665 280 sive,
692 253 721 274 ut
733 249 795 283 quis
807 248 905 276 dixerit
915 268 923 280 ,
941 249 976 276 il-

187 293 241 321 lius
258 293 416 321 defendendi
434 294 538 326 studio.
552 294 758 322 exercitationis
770 295 865 322 istbaec
877 295 975 330 gratia,

188 344 216 366 et
231 346 282 366 non
298 346 331 366 ex
347 346 394 366 sua
407 339 542 366 sententia
557 346 712 374 proponens
723 359 730 371 ,
758 340 816 367 sive
833 347 847 366 ι
860 340 978 368 veritate

189 384 312 412 nonnihil
347 383 444 411 abduci
473 384 568 412 sinens
589 405 598 417 ,
624 383 659 411 ob
684 384 896 412 imbecillitatem
929 391 976 412 ca-

189 436 318 467 ptumque
329 432 526 467 auditoris,~qui
536 431 608 459 nulla
615 431 730 460 fortasse
743 431 803 459 lldei
815 431 978 460 Christianae

189 478 343 513 cognitione
360 478 500 517 imbutus,
524 478 599 514 87a
615 478 704 506 minus
733 482 840 513 poterat
863 485 978 505 accura-

191 525 287 552 tiorem
313 524 347 552 de
367 525 500 560 religione
514 526 697 560 cognitionem
713 525 869 556 admittere,
889 528 918 551 ut
933 523 978 552 Fi-

190 571 220 599 lii
243 577 388 607 propterea
407 572 626 607 qualemcunque
652 571 834 606 cognitionem
860 570 977 598 auditori

191 617 327 645 utiliorem
358 617 524 645 existimarit
550 625 626 650 esse,
651 625 731 652 quam
745 617 769 645 si
789 616 900 644 omnino
928 623 978 643 nec

191 664 300 698 agnitus
312 664 357 692 ille
369 664 423 697 sit,
439 672 489 692 nec
509 665 628 692 auditus.
646 663 746 691 Verum
769 668 799 690 ut
815 663 933 690 maxime
952 663 978 690 in

192 712 374 746 disputatione
389 712 440 740 hoc
449 717 529 748 pacto
547 718 647 740 rectam
656 712 818 740 sententiam
830 712 978 745 declinare,

192 758 227 785 ab
243 765 329 793 eaque
348 759 475 787 recedere
489 767 542 786 non
557 759 669 786 omnino
679 758 826 787 absurdum
836 777 844 790 ,
865 762 911 785 aut
934 766 979 785 re-

192 804 376 838 prehensione
400 805 511 840 dignum
535 805 659 832 videatur
677 813 684 832 :
699 803 780 840 (nam
799 803 836 831 ibi
851 803 980 838 pleraque

192 850 251 885 ejus
264 871 272 884 ,
284 851 330 887 qui
350 855 444 879 contra
468 851 586 887 disputat
600 871 608 884 ,
630 850 764 879 sententia
789 855 816 877 et
832 850 961 886 opinione
972 870 979 883 ,

192 904 225 924 ac
241 897 319 932 quasi
333 897 358 924 vi
375 896 470 933 fiunt).
493 895 522 924 lu
539 898 640 932 scripta
657 901 747 924 tamen
763 896 904 928 oratione,
921 903 982 931 quae

192 942 260 977 legis
274 942 359 970 instar
373 943 499 970 omnibus
514 943 540 970 in
560 943 695 970 communi
711 943 885 977 proponenda
900 942 946 975 sit,
959 942 982 969 si
997 955 1008 968 ν

193 988 255 1023 quis
281 988 350 1015 hanc
366 988 408 1015 sui
438 987 571 1023 purgandi
592 995 691 1020 causa,
720 986 894 1023 blasphemiae
914 994 982 1015 (ξοη-

191 1033 300 1068 scriptm
315 1032 500 1061 defensionem
514 1032 624 1067 all‘erat,
641 1033 665 1061 is
681 1040 746 1061 sane
763 1033 796 1060 ad
816 1033 981 1060 imbecillum

192 1078 329 1114 confugiet
343 1079 536 1114 patrocinium.
551 1079 611 1107 Jam
626 1084 656 1107 ut
670 1080 789 1108 secundo
802 1080 884 1112 libro,
901 1079 940 1107 ita
955 1084 983 1108 et

191 1125 273 1153 tertio
283 1146 290 1158 ,
320 1127 353 1154 de
365 1125 468 1162 Spiritui
490 1132 586 1154 sancto
602 1131 736 1154 tractans.
752 1131 911 1161 argumenta
923 1126 983 1161 qui-

191 1172 252 1200 dem
270 1172 396 1205 adhibet.
416 1173 514 1208 quibus
530 1172 661 1208 Spiritum
683 1177 806 1200 sanctum
823 1179 884 1200 esse
903 1179 983 1200 cona-

194 1224 238 1246 tur
253 1220 416 1252 ostendere;
430 1227 523 1246 verum
539 1223 637 1246 caetera
647 1239 655 1252 ,
678 1218 713 1246 ad
728 1218 836 1246 modum
856 1218 983 1253 Origenis

192 1263 262 1292 libro
280 1264 319 1292 De
345 1264 500 1299 principiis,
528 1265 608 1292 etiam
645 1264 689 1292 hic
718 1265 844 1300 nugando
874 1264 982 1292 delirat.

192 1311 295 1343 Quarto
315 1311 376 1338 dein
398 1310 467 1338 libro
482 1310 515 1337 de
537 1310 637 1346 angelis
660 1315 684 1337 ιι
712 1310 875 1338 daemonibus
892 1311 982 1338 inania

193 1363 289 1390 teque,
308 1360 337 1382 ut
352 1355 417 1387 llle,
444 1355 592 1390 iactitans,
616 1356 699 1383 exilia
720 1355 786 1391 ipsis
802 1363 916 1391 corpora
940 1359 984 1384 iu-

194 1401 278 1429 ducit.
295 1401 395 1434 Quinto
425 1408 490 1429 vero
516 1406 543 1428 et
566 1406 646 1429 sexto
673 1406 826 1436 pertractat
855 1407 884 1429 ut
912 1402 984 1430 Deus

146 1481 148 1486 ι
193 1447 332 1475 hominem
362 1447 492 1479 induerit,
514 1451 656 1482 tentatque
683 1455 733 1476 suo
769 1455 845 1476 more
871 1449 984 1476 demon-

194 1497 283 1520 strare
304 1493 519 1521 incarnationem
541 1493 603 1520 Filii
630 1494 686 1521 ﬁeri
703 1494 834 1529 potuisse.
854 1493 938 1522 Multa
957 1498 984 1522 et

1027 248 1101 281 κὼς,
1129 249 1183 275 εῐτε
1208 247 1261 283 (ὡς
1280 247 1347 274 ἄνω
1374 255 1417 278 τις
1445 245 1532 280 εῐποι)
1550 245 1748 280 ἐκϐιασάμενος
1767 243 1818 279 τὴν

1028 295 1099 331 ὑπὲρ
1123 294 1206 322 αὐτοῦ
1232 293 1393 327 ἀπολογίαν,
1408 293 1438 319 ὲν
1460 290 1616 327 γυμνασίας
1636 291 1709 326 λόγῳ
1725 289 1772 317 καὶ
1787 289 1818 315 οὑ

1027 341 1107 376 δόξης
1117 340 1204 368 ταῦτα
1221 340 1370 376 προτιθεὶς,
1383 339 1400 374 ἢ
1413 338 1461 365 καὶ
1475 338 1544 373 πρὸς
1557 338 1608 373 τὴν
1623 337 1670 364 τοῦ
1682 335 1819 373 ἀκροατοῦ

1026 387 1085 420 ἕξιν
1106 387 1154 414 καὶ¹
1180 386 1333 416 ἀσθένειαν,
1359 384 1483 420 ἁμυήτου
1507 383 1662 415 παντελῶς,
1678 383 1702 409 εί
1725 382 1820 417 τύχοι,

1028 433 1105 464 ὄντος
1133 432 1181 459 τοῦ
1205 432 1261 460 τῶν
1285 430 1458 467 Χριστιανῶν
1482 429 1612 465 θειασμοῦ
1637 429 1685 455 καὶ
1709 429 1746 463 μὴ
1774 428 1821 454 δυ-

1027 481 1146 516 ναμένου
1158 479 1288 513 δέξασθαι
1303 479 1353 514 τὴν
1360 479 1410 514 τῆς
1425 477 1573 513 θρησκείας
1585 476 1740 513 ἀκρίϐειαν,
1753 475 1821 502 ὑπο-

1029 527 1249 562 κατασπώμενος
1274 527 1325 562 τῆς
1339 525 1480 561 ἀληθείας,
1509 525 1557 551 καὶ
1579 523 1628 559 τὴν
1641 522 1821 558 ὁπωσδήποτε

1029 575 1130 609 γνῶσιν
1147 574 1214 602 Υἱοῦ
1231 575 1281 610 τῆς
1296 572 1447 604 παντελοῦς
1464 571 1594 607 ἀνηκοΐας
1616 570 1664 597 καὶ
1682 568 1823 602 ἀγνωσίας

1029 619 1256 656 λυσιτελεστέραν
1284 617 1404 654 νομίζων
1428 614 1500 644 εἶναι
1518 615 1540 632 ⁸⁸
1565 614 1605 650 τῷ
1629 614 1652 630 ⁶¹
1685 613 1822 649 ἀκροατῇ.

1037 666 1117 693 Ἀλλὰ
1131 665 1249 699 διαλέξει
1261 664 1310 701 μὲν
1323 666 1340 700 ἡ
1355 664 1468 699 τοιαύτη
1482 661 1608 697 καταφυὴ
1618 660 1665 687 τοῦ
1683 659 1719 695 μὴ
1730 659 1823 693 λέγειν

1030 713 1119 748 ὀρθῶς
1138 713 1185 739 καὶ
1204 712 1378 747 ἀναχώρησις
1396 711 1446 737 οὐκ
1458 710 1490 737 ἂν
1505 709 1635 738 ἀπίθανος
1649 705 1711 733 οὐδὲ
1734 704 1824 740 ψόγου

1031 760 1147 796 ἐχομένη
1161 759 1225 795 δόξῃ
1241 758 1263 775 ⁶¹
1274 766 1281 773 ·
1298 758 1332 785 τὰ
1347 757 1432 784 πολλὰ
1449 757 1503 792 γὰρ
1519 757 1553 792 τῇ
1567 754 1613 781 τοῦ
1627 752 1824 789 προσδιαλεγο-

1033 806 1114 841 μένου
1129 804 1227 842 γνώμῃ
1242 805 1291 832 καὶ
1305 804 1369 839 δόξῃ
1385 803 1433 830 καὶ
1450 803 1522 838 ῑσχύῖ
1538 799 1735 835 διαπράττεται
1751 806 1758 813 ν
1773 798 1823 831 ἑγ-

1032 852 1139 889 γράφου
1159 851 1188 878 δὲ
1217 851 1298 886 λόγου
1321 852 1370 878 καὶ
1385 849 1476 877 κοινοῦ
1499 847 1661 884 προκεῖσθαι
1680 843 1825 881 μέλλοντος

1033 900 1119 927 ἅπασι
1135 900 1218 934 νόμου
1237 897 1270 928 ⁸⁸,
1287 897 1314 924 εί
1324 906 1366 929 τις
1378 897 1427 932 τῆς
1443 897 1472 923 ὲν
1493 895 1567 930 αὐτῷ
1585 892 1757 929 βλασφημίας
1771 890 1825 924 τὴν

1033 945 1237 982 προειρημένην
1252 945 1292 976 είς
1306 943 1433 970 ἁθώωσιν
1448 943 1528 976 ὲπιφέ
1535 950 1575 977 ρει
1595 939 1754 972 ἀπολογίαν,
1781 937 1824 967 εἰς

1033 992 1133 1026 ἀσθενῆ
1145 991 1301 1026 κατέδραμε
1313 989 1490 1025 συνηγορίαν.
1507 988 1614 1022 Ὥσπερ
1629 985 1658 1012 δὲ
1671 986 1700 1012 ὲν
1709 984 1748 1019 τῷ
1761 983 1825 1010 δευ-

1032 1038 1115 1074 τέρῳ,
1131 1036 1202 1064 οὕτω
1218 1036 1266 1063 καὶ
1293 1037 1322 1063 ὲν
1349 1035 1388 1071 τῷ
1406 1035 1489 1071 τρίτῳ
1502 1034 1574 1069 λόγῳ
1599 1032 1664 1067 περὶ
1681 1030 1728 1058 τοῦ
1744 1029 1825 1064 ἁγίου

1033 1084 1192 1120 Πνεύματος
1208 1082 1399 1118 διαλαμϐάνων
1421 1081 1513 1116 τίθησι
1532 1080 1581 1115 μὲν
1601 1078 1820 1114 ἐπιχειρήματα,

1032 1131 1082 1166 τὴν
1111 1131 1158 1158 τοῦ
1179 1129 1313 1164 παναγίου
1340 1127 1499 1163 Πνεύματος
1514 1126 1631 1162 ὕπαρξιν
1650 1123 1784 1150 δεικνύειν
1800 1122 1825 1139 ⁸⁵

1033 1176 1270 1213 ἀποπειρώμενος,
1286 1175 1320 1203 τὰ
1334 1175 1358 1202 δ’
1372 1174 1450 1207 ἄλλα,
1474 1174 1569 1207 ὥσπερ
1586 1171 1727 1207 Ὦριγένης
1740 1171 1769 1196 ὲν
1783 1169 1826 1204 τῷ

1033 1225 1104 1259 Περὶ
1119 1222 1312 1258 ἀρχῶν-,οὓτω
1321 1222 1368 1249 καὶ
1382 1221 1464 1252 αὐτὸς
1475 1219 1593 1247 ἐνταῦθα
1607 1218 1769 1253 παραληρεῖ.
1779 1217 1826 1242 ‘Ev

1033 1271 1062 1298 δὲ
1075 1270 1113 1306 τῷ
1133 1270 1256 1305 τετάρτῳ
1285 1268 1350 1305 περὶ
1370 1267 1495 1301 ἀγγέλων
1511 1265 1558 1292 καὶ
1577 1264 1711 1298 δαιμόνων
1723 1262 1826 1297 ὁμοίως

1033 1318 1131 1353 ἐκείνῳ
1146 1316 1285 1350 κενολογεῖ
1303 1315 1337 1348 ⁸⁸,
1356 1315 1405 1342 καὶ
1433 1312 1551 1348 σώματα
1566 1311 1656 1342 αὐτοῖς
1668 1309 1757 1336 λεπτὰ
1768 1309 1826 1342 ἁμ-

1035 1365 1184 1399 φιέννυσιν.
1216 1362 1262 1388 Ἐν
1277 1360 1305 1387 δὲ
1335 1359 1375 1395 τῷ
1397 1359 1515 1393 πέμπτῳ
1535 1356 1582 1383 καὶ
1606 1355 1678 1389 ’ἐκτῳ
1697 1352 1762 1387 περὶ
1773 1352 1825 1385 τῆς

1034 1409 1270 1444 ὲνινθρωπήσεως
1284 1406 1332 1434 τοῦ
1361 1405 1489 1440 Σωτῆρος
1513 1401 1706 1438 διαλαμϐάνων
1720 1399 1741 1415 ⁸⁷
1761 1400 1824 1424 ἐπι-

1034 1456 1122 1491 χειρεῖ
1140 1454 1200 1490 μὲν.
1211 1453 1249 1484 ὡς
1262 1452 1323 1484 ἔθος
1342 1450 1428 1486 αὐτῷ,
1447 1449 1565 1484 δυνατὴν
1574 1446 1645 1474 εἶναι
1655 1445 1826 1473 δεικνύναι⁶⁸

1034 1501 1084 1537 τὴν
1096 1499 1305 1535 ὲνανϐρώπησιν
1317 1497 1365 1524 τοῦ
1379 1495 1457 1528 Υίοῦ,
1471 1494 1557 1523 πολλὰ
1565 1494 1595 1521 δὲ
1606 1495 1636 1521 ὲν
1650 1494 1740 1524 αὺτοῖς
1754 1500 1828 1519 κενο-

193 1539 239 1567 liic
253 1544 382 1573 nugatur,
398 1539 570 1574 maximeque
580 1539 645 1567 dum
663 1539 728 1567 illud
744 1547 867 1568 asserere
881 1541 981 1573 audet,

1036 1547 1191 1584 φωνεῖ,καὶ
1216 1546 1334 1582 μάλιστα
1364 1546 1429 1572 ὅταν
1452 1543 1596 1579 ἀποτολμᾷ
1621 1541 1766 1577 λέγεινὸτι
1779 1540 1829 1566 τὸν

195 1585 390 1620 imaginatione
407 1586 517 1621 quidem
529 1591 623 1614 nostra
635 1585 733 1613 Filiqu
750 1586 812 1615 allis
826 1591 909 1621 atque
922 1586 984 1615 aliis

195 1632 261 1660 locis
274 1632 477 1664 circumscribi.
502 1640 532 1660 re
548 1636 637 1659 tamen
663 1636 744 1667 atque
763 1637 825 1660 actu
850 1633 909 1668 ipso
932 1641 984 1661 non

196 1686 257 1706 esse
271 1678 517 1713 circumscriptum.
533 1678 657 1713 Septimo
673 1677 792 1713 denique
808 1678 888 1711 libro,
902 1687 984 1714 quem

194 1723 235 1751 De
252 1723 299 1751 Dei
323 1723 456 1751 creatione
482 1723 637 1757 inscripsit,
664 1723 804 1758 aliquanto
827 1724 871 1758 pie
900 1725 985 1760 magis

195 1778 257 1797 cum
272 1770 305 1797 de
316 1770 376 1797 aliis
390 1775 505 1803 tractat,
524 1773 579 1796 tum
596 1770 748 1804 praesertim
763 1770 795 1797 de
805 1769 876 1798 Filio
892 1771 919 1797 in
937 1778 987 1798 ex-

198 1822 284 1843 tri-ma
298 1816 389 1851 operis
405 1821 493 1851 parte.

233 1863 320 1891 Dictio
331 1863 391 1898 ejus
405 1863 484 1898 plena
510 1867 570 1895 est,
584 1867 613 1890 et
627 1862 694 1890 nihil
713 1863 796 1891 habet
817 1864 984 1893 redundans.

196 1909 315 1937 Vocibus
327 1910 390 1936 item
405 1913 435 1936 ut
449 1909 475 1936 in
486 1908 584 1942 Attica,
598 1909 763 1945 minimeque
781 1910 906 1938 atl'ectata
922 1919 987 1938 ora-

197 1955 287 1989 tione,
306 1955 344 1982 ita
367 1955 451 1982 utitur
465 1959 594 1986 venuste.
621 1960 651 1982 ut
668 1963 718 1983 uec
742 1956 770 1983 in
790 1957 986 1991 compositione

197 2002 306 2036 quidem
326 2008 343 2028 a
368 2005 498 2028 consueto
513 2001 641 2036 loquendi
668 2003 748 2030 modo
773 2002 886 2030 recedat
904 2012 910 2031 :
931 2004 986 2031 imo

197 2055 248 2076 nec
259 2047 479 2083 perspicuitatis,
495 2051 523 2074 et
534 2049 717 2075 accurationis
741 2056 809 2076 caua
820 2055 835 2076 a
851 2049 986 2084 magnitu—

197 2095 260 2122 dine
272 2092 410 2122 deﬂectat.
429 2093 535 2122 Floruit
546 2101 611 2121 vero
621 2094 669 2112 "t‘
887 2094 892 2105 '

569 2140 648 2168 CVII.

177 2187 291 2216 'Basilii
321 2188 411 2217 Cilicis
436 2187 676 2249 contrariioannem
699 2185 907 2222 Scythopolilam
930 2188 986 2224 (53)

481 2239 487 2243 -
534 2231 541 2249 ι
561 2230 583 2248 rt
599 2229 654 2249 xvt.

481 2239 487 2243 -
522 2230 583 2249 llm’l
599 2230 654 2249 XVI.

231 2268 330 2297 Lectus
340 2275 382 2297 est
396 2269 465 2296 liber
479 2268 571 2295 Basilii
586 2268 738 2303 presbyteri
753 2267 846 2296 Cilicis
858 2289 866 2302 ,
885 2270 984 2298 adver-

144 2316 151 2324 ’
196 2324 243 2344 sus
253 2316 384 2344 Joannem
394 2314 672 2350 Scythopolitam,cui
688 2319 715 2341 et
728 2314 864 2343 Causidici
874 2324 984 2351 nomen,

1036 1595 1101 1622 Υίὺν
1114 1586 1307 1629 ξρανταζόμεθα
1319 1591 1414 1619 ἄλλοτε
1432 1591 1462 1617 ὲν
1473 1590 1564 1622 ἄλλοις
1580 1588 1674 1619 τόποις
1691 1595 1828 1622 περιγρα-

1037 1641 1166 1676 φόμενον,
1184 1639 1253 1675 μόνῃ
1269 1638 1298 1665 δὲ
1314 1639 1347 1673 τῇ
1373 1636 1499 1673 ἐνεργείᾳ
1520 1636 1557 1672 μὴ
1574 1634 1828 1671 περιγραφόμενον.

1042 1685 1087 1712 Ἐν
1097 1685 1128 1711 δὲ
1144 1684 1183 1719 τῷ
1194 1684 1312 1720 ἑϐδόμῳ,
1326 1683 1341 1710 ὃ
1356 1683 1404 1710 καὶ
1419 1682 1483 1718 περὶ
1497 1681 1564 1708 Θεοῦ
1574 1679 1754 1717 δημιουργίας
1768 1679 1830 1705 ὲπι-

1036 1730 1352 1767 γράφει,εὐσεϐέστερόν
1369 1738 1428 1761 πως
1452 1729 1516 1764 περί
1539 1737 1570 1754 τε
1590 1727 1645 1754 τῶν
1669 1726 1757 1753 ἄλλων
1770 1725 1830 1751 δια-

1036 1778 1180 1813 λαμϐάνει.
1196 1778 1244 1804 καὶ
1259 1777 1379 1813 μάλιστα
1390 1776 1459 1811 πρὸς
1470 1775 1510 1810 τῷ
1522 1774 1594 1801 τέλει
1603 1773 1650 1800 τοῦ
1662 1772 1742 1815 λόγου
1761 1771 1830 1805 περὶ

1036 1823 1084 1850 τοῦ
1097 1823 1172 1849 Υίοῦ.

1075 1869 1152 1895 Ἔστι
1167 1868 1194 1894 δὲ
1209 1868 1257 1902 τὴν
1273 1867 1374 1902 φράσιν
1389 1866 1538 1901 ἅπὲριττος
1553 1864 1601 1891 καὶ
1619 1863 1717 1898 βαθὺς,
1735 1861 1830 1889 καλλι-

1036 1914 1113 1950 λεξίᾳ
1127 1923 1157 1941 τε
1175 1914 1213 1945 ὼς
1228 1915 1257 1940 ἐν
1276 1913 1393 1948 Ἀττικῴ
1407 1913 1455 1939 καὶ
1469 1911 1581 1946 συνήθει
1601 1909 1742 1945 χρώμενος
1757 1908 1832 1942 λόγῳ

1037 1963 1085 1988 καὶ
1095 1960 1142 1987 τοῦ
1155 1959 1286 1994 συνήθους
1297 1959 1352 1986 οὐδ’
1368 1960 1397 1985 ἐν
1407 1959 1468 1989 ταῖς
1480 1957 1638 1989 συντάξεσιν
1652 1956 1832 1989 ἀνακεχωρη-

1038 2007 1104 2039 κώς.
1115 2006 1168 2033 Τοῦ
1185 2007 1278 2041 μέντοι
1295 2005 1428 2041 μεγέθους
1441 2004 1475 2031 δι’
1487 2003 1632 2038 ἐνάργειαν
1645 2002 1692 2029 καὶ
1706 2000 1832 2035 ἀκρίϐει-

1038 2063 1070 2082 αν
1080 2054 1134 2081 τῶν
1149 2052 1279 2089 ῥημάτων
1294 2053 1325 2079 οὐ
1342 2048 1692 2087 καταφέρεται.Ἥκμασε⁶⁹
1700 2047 1830 2080 δὲ(52)...

1402 2138 1464 2166 ΡΖ¹.

1038 2190 1203 2218 Βασιλείου
1226 2185 1431 2222 πρεσϐυτέρου
1454 2184 1589 2222 Κιλικίας
1609 2180 1831 2209 κατὰἸωὰνν-ου

1286 2221 1513 2249 Σκυθοπολίτου
1535 2222 1583 2259 ις’.

1073 2271 1140 2308 [281
1153 2271 1198 2303 R.,
1213 2269 1265 2297 152
1278 2267 1326 2303 11.]
1346 2265 1518 2301 Ἀνεγνώσθη
1531 2264 1672 2291 Βασιλείου
1685 2284 1692 2295 ,
1708 2261 1832 2298 πρεσϐυ-

1040 2317 1120 2353 τέρου
1133 2316 1245 2348 Κίλικος
1255 2337 1263 2349 ,
1279 2314 1351 2342 κατὰ
1368 2313 1493 2340 Ἰωάννου
1507 2311 1555 2338 τοῦ
1570 2308 1769 2337 Σκυθοπολίτου
1781 2328 1789 2341 ,
1801 2307 1834 2334 ὃν

282 2409 285 2414 .
834 2384 955 2413 VARle
966 2385 1170 2414 LECTIONES.

231 2434 254 2450 δ’
270 2434 396 2470 ἐπιφορεῖ
410 2433 443 2460 Α.
481 2434 504 2470 ⁸9
519 2433 551 2461 ἄν
567 2441 620 2470 om.
636 2434 667 2470 ᾼ.
706 2433 728 2448 ⁶¹
744 2431 951 2470 εἶναιννομίςων
965 2435 1191 2470 λυσιτελεστέραν
1206 2443 1240 2470 ςἶ
1271 2434 1293 2448 θ’
1308 2432 1348 2468 τῷ
1363 2431 1425 2470 aﬂd-
1440 2431 1473 2456 Α·
1496 2429 1534 2470 “⁶³
1546 2428 1609 2470 δέξῃ
1634 2427 1697 2470 οὗὲ
1711 2425 1830 2470 ἱκομένη

194 2469 291 2504 ψόγου.
328 2468 453 2496 "atram
468 2469 551 2504 νόμου
565 2468 586 2504 ᾼ
601 2478 607 2496 :
621 2469 704 2503 νόμου
719 2469 777 2504 τοῖς
787 2469 870 2496 πᾶσιν
886 2478 916 2501 ς.
955 2470 978 2486 ⁸⁵
993 2470 1127 2497 δεικνύειν
1141 2468 1274 2504 ’ὓπαρξιν
1297 2477 1326 2504 ς.

1378 2467 1401 2482 ⁶⁶
1417 2465 1572 2499 καινολογεῖ
1586 2462 1617 2496 ξ.
1674 2462 1697 2478 ⁸⁷
1712 2462 1834 2496 διαλαμ-

196 2499 290 2532 ϐάνειν
309 2506 342 2532 Α.
374 2504 397 2520 ⁵⁸
419 2499 538 2540 δυνατὴν
555 2502 626 2530 εἶναι
644 2499 783 2530 δεικνύναι
799 2510 862 2539 post
886 2499 945 2531 υἱοῦ
960 2505 1036 2540 poui't
1055 2515 1086 2538 ς.
1124 2505 1147 2521 ⁵³
1164 2499 1275 2540 ἤκμασε
1289 2499 1318 2530 δέ
1330 2510 1386 2530 om.
1407 2502 1440 2535 Α,
1459 2500 1541 2528 habet
1557 2499 1589 2527 C.

952 2560 1070 2589 NOTAE.

231 2606 288 2641 (5|)
307 2605 386 2641 Supr.
403 2607 463 2634 cod.
483 2606 511 2633 8.

230 2640 288 2678 (52)
301 2640 363 2669 Post
380 2641 538 2678 Origenem,
551 2641 637 2678 utibic
651 2641 752 2678 indicat
769 2640 893 2678 Photius,
908 2646 937 2669 et
950 2650 985 2670 ex

195 2676 438 2706 beato‘Athanasio
448 2677 574 2711 colligas,
583 2676 630 2711 Qui
641 2677 784 2710 utriusque
797 2676 929 2704 adhibens
945 2682 985 2704 te-

194 2714 364 2746 stimonium,
375 2713 444 2740 liber
459 2714 485 2739 iu
498 2711 691 2746 illudEvang.:
708 2711 861 2744 Quicunque
886 2712 984 2739 dixerit

195 2754 301 2777 vernum
315 2754 406 2776 contra
421 2747 524 2774 Filium
536 2747 660 2779 hominis,
689 2751 742 2775 etc.
772 2746 882 2780 Origeni
913 2748 984 2775 hunc

195 2786 368 2813 continenter
395 2782 544 2818 subjungit,
576 2787 613 2818 et;
630 2781 761 2818 priscum,
783 2781 984 2818 admirandum,

195 2827 326 2854 perquam
345 2816 507 2854 studiosum?
527 2816 655 2854 appellat,
674 2817 763 2854 allatis
781 2817 940 2854 duobus_ex
949 2826 984 2854 eo

196 2852 364 2888 fragmentis.
384 2854 454 2881 Alibi
469 2853 551 2880 etiam
565 2852 695 2880 disertum
710 2852 920 2886 virmn,quando
931 2853 990 2887 ejus

196 2889 297 2919 librum
321 2897 343 2918 ιι
367 2889 578 2925 Hypotyposeon
593 2888 622 2916 iu
646 2888 762 2916 Ariauos
775 2889 899 2916 advocat.
926 2889 981 2915 tta-

1040 2615 1093 2642 qoe
1121 2616 1173 2635 non
1196 2606 1320 2642 absimile
1337 2613 1402 2632 vero
1423 2604 1503 2642 fuerit
1515 2603 1637 2642 his_ipsis
1655 2601 1742 2633 libris.
1759 2602 1834 2636 quod

1039 2638 1187 2671 Clementis
1202 2644 1265 2670 item
1277 2640 1498 2677 ilypotyposibus
1511 2638 1644 2677 accidisse
1670 2642 1768 2677 auctor
1791 2641 1836 2676 est

1039 2678 1067 2707 in
1085 2678 1210 2714 Origeuis
1224 2672 1499 2714 Apolo'éiarii'ullinus,
1509 2678 1555 2714 ιιι.
1568 2673 1604 2700 ab
1633 2672 1768 2714 lizereticis
1791 2672 1835 2699 in»

1039 2707 1368 2750 ιετροιῖιίνριὲιίοιιιῇῆειιί
1387 2711 1497 2750 fuerint.
1508 2709 1575 2749 _|)olo
1592 2714 1666 2749 certe
1678 2707 1747 2750 malo
1765 2714 1835 2741 pne-

1038 2743 1147 2777 leritam
1163 2743 1197 2776 ab
1212 2748 1329 2775 Eusebio
1343 2746 1453 2774 maximi
1471 2745 1549 2778 hujus
1575 2743 1625 2770 viri
1654 2743 1833 2778 mentionem,

1039 2784 1118 2812 docet
1137 2785 1259 2811 illustris.
1279 2782 1378 2810 Barou.
1398 2788 1418 2809 t.
1436 2780 1458 2807 ll
1479 2777 1578 2817 Annal.
1598 2779 1632 2805 ad
1645 2787 1709 2817 anu.
1721 2777 1754 2817 9:.
1769 2778 1833 2817 10$).

1072 2820 1143 2855 (55)
1164 2820 1203 2846 De
1228 2816 1541 2855 .loaiiiis_Scythopolita
1567 2822 1629 2849 sup.
1642 2815 1703 2842 cod.
1720 2813 1768 2841 95.
1795 2812 1835 2840 De

1045 2853 1147 2884 Basilio
1160 2855 1210 2884 cod
1228 2854 1262 2882 96
1277 2858 1304 2883 et
1315 2853 1360 2881 42.
