1938 3091
49 153 103 184 377

590 155 859 186 BIBLIOTHECA.
881 169 914 174 -
929 156 1012 187 COD.
1033 156 1122 188 CVII.

1628 146 1691 189 i378

47 212 94 238 καὶ
107 210 250 246 δικολόγον
264 211 339 246 λέγει
352 212 399 239 καὶ
415 212 500 248 μυρία
515 211 584 240 ἄλλα
598 213 682 240 αὑτοῦ
699 215 839 250 καταγρά-

898 219 918 243 δι
933 215 985 242 alia
1008 206 1137 243 sexcenta
1151 215 1277 250 impingit
1290 223 1297 242 :
1311 219 1350 247 ut,
1369 214 1395 242 in
1408 214 1589 249 suspicionem
1607 215 1692 243 Mani-

47 266 106 292 φει.
123 258 166 284 ὅτι
180 266 211 284 τε
225 258 255 285 ὲν
266 259 379 294 ὑπονοίᾳ
394 259 507 293 γέγονεν
519 260 722 295 Μανιχαῖσμοῦ.
736 260 785 287 καὶ
796 262 837 287 ὃτι

46 305 96 340 τὴν
110 305 194 339 ἁγίαν
208 304 439 341 Τεσσαρακοστὴν
457 306 497 337 είς
516 307 592 341 τρεῖς
608 306 760 341 ἑϐδομάδας
772 315 839 340 συγ-

46 351 146 378 κλείων
160 351 223 378 οὐδὲ
235 351 266 377 ὲν
279 351 393 384 ταύταις
408 352 458 387 τῆς
474 352 506 378 ἐκ
516 351 541 367 ⁷⁸
551 351 609 378 τῶν
635 352 746 387 πτηνῶν
761 361 840 388 κρεο-

46 398 148 432 φαγίας
163 397 295 433 ἀπείχετο
304 417 312 430 ,
333 399 382 424 καὶ
394 398 433 429 ὡς
454 398 624 433 Ἑλληνικαῖς
639 398 761 429 τελεταῖς
775 407 838 425 συν-

45 446 130 479 ήγετο
141 464 149 476 ,
174 445 223 471 καὶ
235 444 278 471 ὅτι
294 443 332 475 ὡς
343 443 444 470 ἐπίπαν
456 443 508 470 ὑπὸ
524 443 746 479 γαστριμαργίας
760 443 840 470 ὲλαυ-

47 491 164 525 πιόμενος
178 490 307 517 οὐδέποτε
324 489 462 517 ἐκοινώνει
478 490 528 525 τῆς
549 489 706 526 ἱερουργίας
720 490 840 516 τελειου-

48 537 133 572 μένης
145 559 153 569 ,
177 536 248 564 ἀλλὰ
271 537 341 572 μετὰ
363 536 394 563 τὺ
417 536 583 570 Εὐαγγέλιον
600 537 694 562 παισὶν
708 537 768 571 ἃμα
785 536 841 563 τῶν

48 582 211 616 μυστηρίων
227 581 434 616 μετελάμὸανε,
459 582 507 607 καὶ
528 581 686 616 παραυτίκα
703 580 772 616 πρὸς
790 580 840 615 τὴν

46 628 190 663 τράπεζαν
212 628 359 663 ἁπέτρεχε.
375 627 468 654 ταῦτα
481 627 553 654 κατὰ
572 627 620 654 τοῦ
635 627 732 662 ἀνδρὸς
747 626 841 662 σχεδόν

45 683 73 701 τι
85 675 122 701 δι’
135 674 202 709 ὅλης
218 674 301 700 αὐτοῦ
314 673 365 708 τῆς
378 674 469 709 βίΰλου
480 674 673 709 κατασπείρων
687 673 842 707 ὲνασελγαί-

46 731 99 749 νει.
117 720 156 747 T6
167 722 197 748 δὲ
209 720 380 756 σύγγραμμα
389 721 559 756 δραματικὸν
573 720 718 747 ποιεῖταιτί
729 728 736 734 ·
754 728 841 755 προσ-

46 767 134 798 φωνεῖ
147 765 177 792 δὲ
194 765 261 791 αὐτὸ
283 766 351 800 πρός
369 773 431 792 τινα
445 766 571 792 Λεόντιον
586 765 782 801 αἰτησάμενον.
801 764 842 791 Τὰ

46 810 74 837 δὲ
97 810 147 837 τοῦ
168 810 309 846 δράματος
329 811 434 845 εἰσάγει
458 811 592 846 πρόσωπα
614 811 776 846 Λαμπάδιον
793 810 842 843 μὲν

48 857 265 892 ὑπερμαχοῦντα
287 857 369 884 αὐτοῦ
379 877 387 890 ,
415 857 537 892 Μαρῖνον
553 857 583 883 δέ
599 866 660 884 τινα
674 857 712 888 ὼς
721 857 744 873 ¹¹¹
761 856 842 892 δῆθεν

890 261 971 287 clima:
988 266 1070 288 sectae
1083 260 1211 288 venisse:
1230 268 1337 288 sacrum
1351 260 1569 295 Quadragesima:
1586 265 1692 295 tempus

889 306 923 332 ad
937 310 991 332 tres
1013 306 1119 332 tantum
1146 306 1330 333 hebdomadas
1354 313 1518 340 revocasse,
1539 307 1692 342 iisdemque

891 358 940 378 nec
953 350 987 377 ab
997 351 1086 377 avium
1096 351 1224 378 carnibus
1239 350 1421 378 abstinuisse:
1435 351 1468 378 ad
1482 352 1601 386 gentium
1614 359 1691 379 sacra

890 397 1040 424 accessisse
1065 405 1073 424 :
1096 402 1125 424 ut
1166 397 1312 431 plurimum
1337 403 1466 432 praeterea
1498 398 1570 433 87b
1603 399 1691 426 ventri

891 443 951 478 plus
970 444 1038 471 satis
1053 444 1187 475 deditum,
1204 452 1256 471 non
1270 444 1394 471 absoluto
1404 443 1458 478 jam
1477 452 1557 472 sacro
1567 453 1691 472 commu-

892 489 1008 521 nicasse,
1024 490 1070 516 sed
1084 494 1146 524 post
1168 489 1344 523 Evangelium
1363 498 1414 516 una
1428 497 1489 517 cum
1507 491 1598 525 pueris
1617 498 1690 526 mys-

891 535 974 562 steria
986 537 1136 570 sumpsisse
1147 555 1154 567 .
1171 536 1318 570 statimque
1335 535 1368 562 ad
1395 543 1516 563 mensam
1538 536 1691 563 advolasse.

891 580 966 608 Talia
984 580 1040 608 fere
1055 585 1111 608 toto
1127 581 1197 608 libro
1222 589 1316 616 sparsa
1338 589 1370 609 ac
1394 582 1588 616 disseminata,
1610 587 1690 617 petu-

892 627 978 654 lanter
994 627 1020 654 in
1035 627 1123 654 virum
1142 627 1218 654 illum
1236 628 1331 663 jactat.
1349 627 1424 661 Opus
1442 628 1530 663 ipsum
1558 629 1691 655 dramati-

892 681 952 702 cum
965 679 1008 701 est
1021 695 1028 707 ,
1044 673 1157 701 Leontio
1171 674 1278 701 cuidam
1294 674 1320 701 id
1336 674 1495 709 efﬂagitauti
1513 674 1686 710 inscriptum.

892 719 1025 747 Personas
1045 720 1122 755 tingit
1139 720 1183 747 hic
1201 720 1377 754 Lampadium
1401 721 1565 754 quemdam,
1581 721 1626 755 qui
1644 729 1692 756 pro

891 765 992 792 Basilio
1016 770 1121 797 certet,
1142 773 1205 792 cum
1236 764 1357 799 Marino,
1386 765 1431 799 qui
1457 765 1570 792 Joannis
1602 772 1693 800 partes

893 812 1007 839 luendas
1017 811 1177 845 susceperit.
1187 811 1264 838 llunc
1279 817 1340 846 post
1354 812 1560 839 dissertationes
1573 811 1690 846 aliquot.

892 856 1020 883 damnato
1043 864 1092 890 eo,
1123 864 1204 891 quem
1229 857 1428 885 defendendum
1456 863 1633 892 susceperat,
1659 857 1691 885 ad

48 905 119 939 ὑπὲρ
132 903 182 930 τοῦ
201 904 325 931 Ἰωάννου
340 903 541 938 ἀγωνιζόμενον
550 923 558 935 ,
571 903 601 934 ὃς
615 903 664 930 καὶ
680 903 749 938 μετά
764 912 840 935 τινας

898 903 1071 936 Lampadium
1084 910 1147 930 sese
1160 903 1357 938 adjungentem
1375 903 1500 936 inducit,
1513 911 1544 931 ac
1559 909 1619 938 post
1630 911 1691 931 eum

47 947 183 980 διαλέξεις
197 947 339 981 εἰσάγεται
352 947 427 982 αὐτῷ
442 947 659 982 καταγινώσκων
675 948 725 982 μὲν
740 945 770 975 οὗ
787 948 844 974 ἐδό-

49 1002 92 1020 κει
108 993 260 1028 προσώπου
274 993 509 1029 ὑπερασπίζεσθαι
520 1014 528 1026 ,
553 994 706 1029 Λαμπαδίῳ
716 994 745 1021 δὲ
756 1002 843 1029 προσ-

47 1039 211 1073 τιθέμενος·
228 1039 288 1074 μεθ*
303 1039 334 1066 ὃν
350 1039 486 1075 Ταράσιόν
502 1048 564 1067 τινα
573 1040 620 1066 τὺν
634 1039 729 1074 ἀγῶνα
744 1039 841 1066 ὑπεισ-

48 1085 138 1111 ελθείν
156 1085 358 1120 ὑποκρίνεται,
380 1086 474 1113 ἐκεῖνα
486 1085 518 1120 δὴ
541 1085 656 1117 τούτους
676 1086 723 1112 καὶ
739 1086 845 1121 ἐρωτᾷν

47 1131 306 1166 κατασχηματίζων
324 1133 372 1158 καὶ
385 1132 581 1167 ἀποκρίνεσθαι
590 1151 599 1164 ,
613 1132 631 1159 ἃ
643 1132 777 1159 συνοίσειν
795 1132 844 1166 μὲν

49 1176 161 1211 ἐαυτῷ,
178 1176 276 1212 μῶμον
299 1177 328 1204 δὲ
341 1178 389 1205 καὶ
411 1179 530 1214 ἀπορίαν
554 1178 594 1214 τῷ
619 1178 849 1214 συνηγορουμένῳ

48 1223 129 1257 δῆθεν
151 1223 228 1258 ἑώρα
247 1225 499 1257 κατασκευάζοντα.
530 1224 693 1257 Ἐξκαίδεκα
711 1224 740 1251 δὲ
756 1225 845 1259 λόγοις

893 949 996 976 victum
1011 948 1153 975 Tarasium
1166 949 1311 984 quemdam
1331 950 1429 977 iterum
1448 956 1586 979 certamen
1602 951 1692 978 redin-

893 1000 1055 1031 tegrantem.
1073 995 1122 1022 Ubi
1140 995 1182 1022 illa
1196 997 1245 1023 hos
1256 1000 1283 1022 et
1296 996 1475 1031 inlerrogare,
1489 1002 1516 1024 et
1529 997 1692 1032 respondere

894 1041 1125 1074 comminiscitur,
1150 1048 1210 1076 quae
1224 1049 1287 1068 cum
1301 1041 1352 1068 sibi
1370 1043 1549 1074 conductura,
1566 1047 1620 1069 tum
1638 1049 1687 1076 pa-

895 1088 1039 1114 trocinanti
1056 1088 1218 1114 adversario
1235 1088 1475 1122 reprehensionem
1507 1097 1544 1115 ac.
1557 1088 1691 1123 perplexi-

895 1136 978 1159 tatem
993 1132 1113 1166 paritura
1131 1133 1298 1161 viderentur.
1315 1133 1343 1160 ln
1365 1134 1484 1160 sedecim
1501 1139 1591 1161 autem
1608 1134 1692 1161 libros

894 1185 963 1211 opus
978 1178 1134 1205 universum
1160 1178 1271 1206 divisit:
1296 1186 1412 1214 quorum
1437 1180 1566 1207 tredecim
1586 1181 1692 1214 priores

896 1222 995 1256 dialogi
1010 1221 1095 1249 forma
1113 1227 1177 1250 sunt
1194 1223 1228 1250 ab
1243 1230 1294 1256 eo,
1310 1228 1404 1250 contra
1419 1225 1536 1259 primum
1561 1225 1692 1252 duntaxat

49 1269 78 1295 τὸ
93 1269 272 1305 σύγγραμμα
297 1270 416 1306 διαιρεῖ,
435 1271 483 1298 καὶ
507 1273 536 1298 εν
557 1272 607 1306 μὲν
623 1272 679 1303 τοῖς
700 1272 776 1306 τρισὶ
799 1272 847 1298 καὶ

898 1267 1009 1296 Joannis
1031 1268 1145 1302 librum,
1175 1274 1251 1297 lauto
1280 1277 1342 1296 cum
1371 1270 1461 1298 studio
1490 1278 1523 1298 ac
1552 1271 1691 1305 diligentia

48 1315 114 1343 δέκα
126 1317 177 1344 τὸν
198 1316 354 1352 διαλογικδν
371 1316 477 1350 είσάγει
494 1316 580 1343 τύπον
591 1336 598 1349 ,
616 1317 687 1344 κατὰ
702 1315 750 1342 τοῦ
769 1315 845 1352 πρώ-

899 1315 1069 1350 couscripti:
1088 1315 1201 1351 reliquis
1214 1323 1279 1344 vero
1299 1317 1385 1344 tribus
1404 1324 1436 1344 ea
1454 1323 1608 1352 oppugnat,
1632 1326 1693 1353 qua:

47 1371 95 1390 του
110 1363 196 1398 μόνον
208 1363 265 1390 τῶν
283 1362 408 1390 Ἰωάννου
419 1362 506 1396 λόγων
519 1362 653 1397 τοσαύτην
668 1361 786 1396 σπουδὴν
797 1362 844 1388 καὶ

898 1361 924 1388 in
938 1362 1057 1389 secundo
1073 1370 1122 1389 suo
1133 1367 1161 1390 et
1178 1363 1260 1390 tertio
1275 1363 1345 1390 libro
1359 1362 1480 1391 Joannes
1496 1369 1662 1392 asseruerat.

48 1410 131 1436 πόνον
145 1409 378 1444 εἰσενεγκάμενος
388 1428 395 1441 ,
407 1409 437 1435 ὲν
450 1408 479 1434 δὲ
493 1409 550 1438 τοῖς
563 1407 666 1439 λοιποῖς
677 1408 752 1443 τρισὶ
763 1408 940 1443 καταδρομὴν
957 1409 1075 1435 ποιεῖται
1092 1408 1147 1435 τῶν
1178 1409 1209 1436 ἐν
1231 1408 1270 1444 τῷ
1294 1409 1414 1445 δευτέρῳ
1437 1411 1485 1438 καὶ
1507 1411 1593 1446 τρίτῳ
1620 1411 1693 1447 λόγῳ

49 1456 193 1492 ῥηθέντων
210 1454 252 1490 τῷ
274 1454 397 1490 Ἰωάννῃ.

92 1502 137 1530 Ἐν
155 1502 209 1537 μὲν
223 1498 270 1528 οὖν
283 1501 322 1536 τῷ
333 1501 434 1536 πρῲτῳ
444 1499 515 1535 λόγῳ
525 1499 571 1526 τὸν
583 1499 717 1534 πρόλογον
729 1499 846 1534 ἀπαρτί-

937 1498 1030 1526 Primo
1045 1498 1127 1534 igitur
1141 1498 1212 1526 libro
1231 1503 1293 1534 post
1315 1498 1502 1534 praefationem
1522 1499 1692 1534 absolutam,

51 1557 114 1581 σας,
131 1548 207 1575 κατὰ
219 1547 267 1574 δύο
278 1546 437 1582 κεφαλαίων
451 1545 572 1577 ίσταται,
587 1545 649 1572 καθ’
666 1545 726 1576 ἑνὸς
738 1545 788 1580 μὲν
799 1544 847 1572 τοῦ

901 1545 1008 1572 duobus
1023 1544 1159 1579 capitibus
1170 1544 1362 1579 oppugnandis
1376 1544 1486 1572 insistit.
1500 1544 1621 1572 Primum
1633 1547 1694 1580 qui-

50 1594 95 1621 ὃτι
108 1594 157 1620 6⁷³
178 1592 267 1626 Λόγος
281 1591 367 1619 ἔπαθε
383 1592 468 1627 σαρκὶ
481 1612 488 1623 ,
503 1591 564 1619 καθ’
583 1591 677 1626 ἑτέρον
700 1591 729 1617 δὲ
743 1590 791 1617 τοῦ
805 1592 847 1618 δτι

901 1590 962 1618 dettl
974 1590 1057 1618 illud:
1071 1599 1081 1616 ι
1100 1589 1216 1618 Verbum
1239 1597 1349 1625 passum
1364 1595 1407 1618 est
1421 1590 1448 1617 in
1461 1598 1545 1618 carne
1555 1591 1574 1618 ¹.
1591 1600 1601 1617 ι
1617 1592 1693 1619 Alte-

51 1640 153 1666 ταυτόν
165 1640 226 1666 ἐστι
239 1638 271 1665 τὸ
279 1638 304 1654 ⁷⁵
316 1637 407 1672 λέγειν
422 1637 539 1673 Χριστδν
554 1636 591 1671 τῷ
605 1637 695 1671 λέγειν
705 1636 781 1664 Θεόν,
803 1637 847 1663 Ἐν

903 1645 960 1663 rum
974 1645 1055 1664 vero:
1070 1636 1159 1664 «Idem
1172 1641 1214 1664 est
1233 1636 1325 1664 dicere
1340 1636 1490 1669 Christum,
1507 1642 1590 1672 atque
1604 1638 1695 1666 dicere

52 1685 137 1721 δὲτῷ
153 1685 177 1720 β’
193 1684 267 1720 λόγῳ
289 1684 332 1712 ὅτι
354 1692 384 1711 τε
415 1683 504 1718 μάτην
528 1682 688 1718 ἐλοιδορήθη
715 1683 847 1718 πειρᾶται

902 1682 1015 1710 Deum.»
1027 1681 1088 1710 ,ιω
1102 1682 1226 1710 secundo
1246 1681 1315 1709 libro
1328 1687 1431 1709 temere
1440 1689 1469 1709 se
1482 1682 1608 1710 aﬂeetum
1624 1683 1694 1717 inju-

53 1732 205 1762 δεικνύναι,
218 1731 266 1757 καὶ
277 1731 318 1758 ὅτι
331 1730 372 1762 τὸ,
391 1739 400 1755 ι
412 1729 593 1765 ’Λναόήσεται
604 1729 627 1745 ⁷⁵
643 1729 740 1765 ράὸδος
754 1729 786 1756 ὲκ
801 1730 852 1763 τῆς

55 1778 136 1814 ῥίζης
156 1777 270 1808 Ἰεσσαὶ,
289 1786 298 1802 ι
318 1775 412 1807 κακῶς
426 1776 441 1802 6
457 1775 660 1810 Σκυθοπολίτης
672 1775 798 1810 Ἰωάννης
811 1774 854 1808 ἐξ-

55 1824 182 1851 ελάὸετο.
206 1824 252 1850 Ἐν
268 1823 297 1850 δὲ
317 1822 357 1857 τῷ
375 1826 399 1856 γ’
415 1823 452 1854 ὡς
474 1822 556 1857 δῆθεν
581 1822 693 1857 συζητεί
714 1822 788 1854 ὅπως
812 1821 854 1848 δεῖ

54 1872 127 1898 νοεῖν
141 1870 183 1897 τό·
197 1879 207 1896 ε
219 1869 277 1896 Νῦν
283 1869 307 1885 ⁷⁸
324 1868 455 1904 ἐδοξάσθη
467 1869 481 1895 6
496 1868 560 1899 Υἱὸς
569 1868 617 1895 τοῦ
632 1867 789 1903 ἀνθρώπου,
804 1867 853 1894 καὶ

55 1918 71 1943 6
87 1916 153 1948 Θεὸς
172 1914 303 1949 ἐδοξάσθη
319 1915 348 1941 ὲν
362 1914 454 1949 αὐτῷ,
475 1923 485 1940 ι
504 1914 553 1940 καὶ
566 1915 601 1940 τά
617 1913 682 1948 ἑξῆς
694 1913 740 1940 τοῦ
757 1913 851 1949 ῥητοῦ.

62 1961 108 1988 Ἐν
118 1961 148 1988 δὲ
162 1960 203 1995 τῷ
217 1960 250 1992 δ’,
259 1959 318 1991 πῶς
333 1960 399 1987 ίδιον
413 1959 522 1993 λέγεται
531 1960 552 1975 ⁷⁷
564 1959 612 1986 τοῦ
628 1958 697 1985 Θεοῦ
714 1958 744 1985 τὸ
758 1958 850 1992 σῶμα,

57 2008 104 2034 καὶ
118 2007 185 2041 περὶ
199 2006 339 2037 ὲνὼσεως,
353 2006 399 2033 καὶ
410 2006 475 2040 περὶ
488 2005 536 2032 τοῦ
548 2015 557 2031 ι
573 2005 686 2040 Ἐχρισέ
697 2014 727 2032 σε
740 2006 754 2031 6
767 2005 833 2036 Θεὸς
843 2024 851 2036 ,

56 2055 72 2080 6
85 2054 153 2086 Θεός
160 2053 185 2069 ⁷⁸
203 2061 266 2086 σου,
283 2062 292 2078 ι
310 2053 357 2079 καὶ
371 2053 435 2086 περὶ
450 2051 509 2085 τοῦ,
527 2061 536 2077 ι
548 2051 620 2086 Ἐγὼ
634 2050 739 2085 ἁγιάζω
765 2051 853 2086 ἐμαυ-

58 2100 103 2126 τόν
116 2108 124 2114 '
140 2109 150 2125 ι
163 2099 193 2126 ὲν
202 2095 225 2132 ᾧ
236 2098 308 2133 λόγῳ
321 2098 369 2124 καὶ
379 2098 424 2124 6"
442 2098 563 2131 Map‘lvog
576 2098 626 2132 τῆς
640 2096 678 2128 ὡς
690 2096 771 2131 δῆθεν
784 2096 853 2123 ἀπο-

59 2145 126 2176 στας
140 2144 298 2178 ἀντιλογίας
318 2143 358 2178 τῷ
372 2142 525 2178 Λαμπαδίῳ
534 2141 559 2158 ⁸⁸
574 2142 739 2169 συντίθεται.
762 2141 806 2168 Ἑν
822 2141 852 2168 δὲ

59 2191 97 2226 τῷ
111 2189 133 2216 ε’
144 2210 153 2222 ,
168 2190 234 2216 ἔνθα
248 2189 294 2216 καὶ
318 2190 332 2216 6
347 2189 483 2225 Ταράσιος
497 2188 676 2224 ἀναδέχεσθαι
691 2188 737 2215 τὸν
756 2187 851 2221 ἀγῶνα

59 2238 121 2263 ἀντὶ
134 2236 261 2271 Μαρίνου
277 2235 476 2271 ὑποκρίνεται,
496 2235 546 2267 τὰς
564 2235 635 2261 κατὰ
657 2234 704 2261 τοῦ
725 2234 854 2261 Ἰωάννου

60 2282 230 2318 κατηγορίας
250 2281 437 2316 ἀναλαμϐάνει
461 2282 641 2318 πικρότερον,
669 2281 718 2308 καὶ
741 2281 756 2308 6
772 2280 853 2314 λόγος

902 1729 942 1756 ria
959 1728 1103 1756 ostendere
1116 1731 1247 1754 conatur:
1262 1731 1290 1755 et
1311 1727 1393 1754 illud:
1410 1735 1420 1752 ι
1440 1727 1602 1761 Egredietur
1618 1728 1694 1762 virga

903 1773 936 1800 de
951 1773 1041 1800 radice
1053 1772 1137 1800 Jessre
1145 1772 1184 1799 ⁵.»
1199 1771 1268 1800 Male
1290 1779 1305 1798 a
1318 1772 1506 1806 Scythopolita
1528 1770 1632 1798 Joanne
1649 1771 1691 1797 in-

903 1819 1039 1848 tellectum
1058 1826 1129 1846 esse.
1147 1818 1241 1846 Tertio
1254 1818 1354 1846 deinde
1370 1819 1450 1852 libro,
1473 1818 1508 1846 de
1531 1818 1576 1845 illo
1590 1817 1695 1845 scilicet

903 1866 1000 1902 quaerit
1013 1867 1084 1897 loco,
1098 1865 1234 1899 quomodo
1248 1864 1462 1900 intelligendus:
1485 1874 1493 1890 ι
1510 1863 1588 1892 Nunc
1609 1864 1694 1891 clari-

903 1912 1001 1940 ﬁcatus
1011 1916 1053 1939 est
1067 1911 1153 1938 Filius
1171 1911 1300 1943 hominis,
1309 1916 1337 1937 et
1350 1910 1422 1938 Deus
1432 1910 1597 1937 clariﬁcatus
1613 1914 1654 1937 est
1667 1910 1693 1936 in

903 1958 949 1985 illo
964 1958 1001 1990 ³,»
1020 1961 1047 1983 et
1061 1964 1121 1991 quae
1133 1956 1169 1983 ibi
1183 1961 1345 1990 sequuntur.
1359 1955 1464 1988 Quarto
1481 1955 1561 1988 libro,
1573 1961 1692 1989 qtmuio-

902 2004 937 2032 do
950 2004 1055 2031 dicatur
1068 2002 1207 2037 proprium
1223 2008 1283 2030 esse
1303 2001 1352 2029 Dei
1374 2008 1485 2036 corpus,
1501 2005 1558 2028 tum
1585 2002 1619 2029 de
1634 2001 1695 2028 uni-

904 2055 969 2083 tate,
981 2050 1055 2077 etde
1069 2049 1129 2076 illo:
1146 2059 1155 2075 ι
1174 2048 1258 2076 Unxit
1280 2053 1307 2076 te
1324 2048 1396 2076 Deus
1411 2048 1509 2082 tuus‘;
1528 2053 1555 2075 et
1570 2048 1604 2075 de
1621 2048 1667 2074 illo
1685 2056 1693 2075 :

906 2105 915 2121 ι
937 2095 992 2130 Ego
1006 2094 1149 2122 sanctiﬁco
1165 2094 1329 2128 meipsum'.
1346 2102 1355 2118 ι
1374 2094 1432 2126 Quo
1449 2093 1476 2120 iu
1491 2093 1560 2120 libro
1575 2092 1696 2119 Marinus

903 2141 1106 2170 contradicendi
1123 2145 1214 2175 partes
1226 2140 1381 2173 relinquens
1397 2139 1512 2170 scilicet.
1540 2147 1601 2166 cum
1616 2138 1695 2165 Lam-

903 2188 983 2223 padio
997 2187 1144 2215 consentit.
1159 2186 1260 2220 Quinto
1273 2193 1339 2214 vero
1363 2185 1444 2218 libro,
1458 2185 1504 2212 ubi
1521 2190 1548 2212 et
1566 2184 1696 2212 Tarasius

903 2239 1042 2262 certamen
1058 2233 1151 2261 subire
1170 2231 1268 2259 Marini
1283 2232 1343 2259 loco
1358 2231 1488 2265 tingitur,
1505 2231 1694 2258 accusationes

903 2279 1017 2309 Joannis
1037 2279 1162 2308 acerbius
1193 2278 1320 2313 suscipit,
1337 2282 1464 2312 totusque
1480 2277 1548 2304 adeo
1573 2277 1642 2304 liber
1667 2276 1695 2303 in

61 2328 134 2363 αὐτῷ
162 2327 257 2363 σχεδόν
272 2336 300 2354 τι
315 2328 344 2354 ὲν
356 2326 472 2358 ταύταις
491 2327 731 2355 καταναλίσκεται.
761 2326 806 2354 Ἑν
822 2326 847 2353 δὲ

905 2326 938 2354 iis
959 2326 1017 2354 fere
1034 2324 1216 2353 consumitur.
1231 2323 1316 2352 Sexto
1331 2328 1387 2351 tum
1403 2323 1473 2351 libro
1502 2323 1692 2351 vehementius

61 2374 99 2408 τῷ
111 2377 138 2407 ς’
154 2373 320 2409 δριμύτερόν
334 2382 393 2405 πως
409 2373 572 2408 κατατρέχει
583 2373 633 2407 τῆς
648 2372 721 2399 κατὰ
732 2372 853 2408 Χριστὸν

63 2420 106 2447 τδν
121 2420 239 2456 Σωτῆρα
253 2419 333 2456 ἡμῶν
349 2420 489 2452 ἑνώσεως·
506 2420 554 2447 καὶ
569 2419 634 2455 περὶ
645 2419 703 2452 τοῦ,
723 2418 854 2455 (Ἔχρισέ

64 2474 92 2492 σε
107 2467 123 2493 6
136 2466 206 2498 Θεὸς
218 2486 226 2498 ,
248 2467 263 2493 ὁ
276 2466 341 2498 Θεός
359 2474 425 2498 σου,
445 2475 455 2492 ι
479 2466 528 2492 καὶ
550 2466 625 2497 ὅπως
645 2466 662 2501 ἡ
689 2464 750 2492 κατ’
772 2465 854 2492 αὑτὸν

70 2512 217 2548 Ἐκκλησία
224 2513 288 2547 περὶ
297 2512 355 2545 τοῦ,
369 2522 379 2538 ι
392 2512 547 2548 ὲσαρκὼθη,
564 2522 573 2538 ι
589 2511 705 2544 δοξάζει.
722 2511 766 2537 Ἐν
780 2511 808 2538 δὲ
815 2510 855 2545 τῷ

63 2558 87 2593 η’
97 2559 162 2595 περὶ
174 2559 234 2586 τοῦ·
251 2569 261 2586 ι
271 2559 301 2586 Ὀ
317 2560 402 2594 Λόγος
411 2559 433 2575 ⁸³
452 2558 521 2594 σὰρξ
541 2559 674 2593 ὲγένετο,›
689 2559 728 2589 είς
738 2557 855 2589 ἀτοπίας

94 2649 104 2666 ¹
131 2650 141 2676 Ι
165 2649 239 2679 Petr.
262 2650 350 2683 ",1.
386 2651 464 2680 ‘lsa.
488 2658 530 2683 ιι¹
553 2650 580 2678 1.
620 2648 722 2678 'Joan.
742 2658 800 2684 xu,
825 2649 871 2679 51.

65 2689 87 2715 1,
123 2685 168 2712 Η.

905 2371 988 2400 etiam
1024 2370 1164 2398 invehitur'
1193 2370 1220 2397 in
1246 2369 1373 2397 unionem
1395 2369 1499 2397 Christi
1543 2368 1697 2396 Servatoris

905 2417 1001 2446 nostri.
1028 2417 1103 2452 88a
1126 2415 1165 2444 De
1193 2416 1240 2443 illo
1265 2423 1374 2451 quoque
1409 2415 1530 2450 disputat
1552 2424 1560 2443 :
1579 2424 1588 2441 ι
1615 2414 1698 2442 Unxit

905 2469 932 2492 te
955 2463 1036 2495 Deus,
1058 2462 1130 2490 Deus
1153 2467 1236 2496 tuus;
1252 2471 1261 2488 ι
1287 2461 1423 2497 docetque
1451 2461 1517 2495 quid
1537 2461 1622 2495 ipsius
1644 2460 1698 2487 Ec-

903 2507 985 2535 clesia
1007 2510 1117 2534 censeat
1129 2506 1162 2534 de
1182 2506 1228 2533 illo
1246 2515 1252 2533 :
1271 2515 1281 2532 ι
1299 2505 1370 2533 Caro
1382 2506 1484 2533 factum
1497 2505 1570 2536 est“.
1587 2515 1597 2531 ι
1615 2504 1697 2531 Libro

904 2559 1001 2583 octavo
1011 2553 1038 2582 in
1055 2553 1146 2581 varias
1154 2553 1339 2581 absurditates
1353 2552 1518 2588 praecipitat,
1528 2552 1592 2579 dum
1607 2551 1640 2578 de
1651 2551 1698 2578 illo

926 2646 1025 2674 ‘Psal.
1055 2652 1170 2678 xxxxtv,
1183 2645 1210 2673 8.
1244 2642 1350 2672 'Juan.
1380 2651 1458 2679 xvu,
1485 2643 1529 2671 l9.
1580 2643 1686 2671 'aoan.

704 2750 819 2779 VARIAE
835 2748 1040 2779 LECTIONES.

106 2811 130 2828 ⁷³
146 2812 181 2839 ὲκ
197 2812 261 2840 add.
276 2813 307 2838 Α.
346 2813 367 2828 ⁷¹
379 2813 470 2848 Ῠδραμ.
485 2812 535 2848 ἤδη
550 2813 669 2848 ποιεῖται
681 2821 712 2848 ς.

756 2813 778 2828 ⁷¹
790 2811 829 2844 ὡς
843 2812 864 2838 Λ
878 2821 885 2840 ;
898 2811 989 2847 φήσας
1005 2811 1042 2843 ὡς
1059 2820 1090 2843 ς.

1140 2811 1164 2827 ⁷³
1176 2811 1190 2837 ὁ
1203 2810 1266 2838 add.
1281 2810 1315 2838 Α.
1327 2810 1383 2838 vid.
1397 2809 1493 2838 lPetr.
1512 2816 1550 2840 tv,
1563 2808 1589 2835 1.
1627 2807 1651 2823 ’⁸
1663 2807 1693 2834 τ’)

66 2854 119 2884 orn.
135 2848 197 2884 ΛΗ
208 2847 387 2884 ἀναδήσεται]
400 2843 446 2876 ίεί
456 2843 538 2884 xuii:
572 2847 599 2884 7"
611 2847 670 2884 νῦν]
685 2843 762 2884 Joan.
774 2843 834 2884 xui,
852 2843 915 2884 5L:
929 2843 957 2863 ⁷⁷⁷
973 2847 1082 2884 λέγεται
1097 2844 1167 2884 εἶναι
1180 2846 1245 2873 ίδιον
1262 2854 1293 2884 ς1
1306 2881 1313 2884 _
1330 2847 1354 2863 ⁷⁸
1367 2846 1382 2873 ὁ
1395 2845 1462 2877 Θεδς
1474 2843 1558 2873 setnel
1572 2843 1647 2878 ponit
1660 2850 1693 2876 ς.

67 2883 122 2910 vid.
134 2882 207 2911 Psal.
222 2890 286 2918 μιν,
296 2883 322 2910 8.
361 2882 386 2900 ⁷⁹
395 2884 410 2910 ὁ
423 2883 484 2912 add.
495 2883 528 2911 Λ.

567 2883 590 2899 '°
602 2881 756 2919 Λαμῖπαδίῳ
773 2883 836 2912 add.
849 2890 887 2911 rc.
902 2883 935 2911 Α.
974 2883 996 2899 ⁸³
1013 2881 1137 2918 ὁΛόγος]
1148 2881 1227 2911 Joau.
1246 2889 1265 2916 ι,
1282 2881 1326 2909 ll.
