1938 3091
242 142 297 175 379

243 200 317 236 agit:
335 199 471 228 «Verbum
485 206 551 228 caro
563 199 665 228 factum
681 201 770 234 est’,»
786 201 907 237 itemque
919 203 952 230 de
968 202 1033 229 illo:
1049 203 1073 231 A

247 254 257 271 ι
278 245 362 272 Nemo
379 245 500 273 ascendit
515 246 541 272 in
557 246 669 278 caelum,
694 247 747 275 nisi
764 247 810 282 qui
837 247 871 275 de
896 249 966 276 cwlo
988 249 1036 275 de-

245 291 359 324 scendit,
378 291 463 319 Filius
473 292 603 326 hominis,
616 293 661 327 qui
677 298 720 320 est
730 294 757 321 in
772 293 871 322 coelo".
888 303 898 320 ι
912 293 989 323 Nono
1004 296 1038 322 li-

247 337 297 365 bro
311 338 344 364 de
359 338 404 365 illo
418 339 473 373 agit
487 346 515 365 τι
538 338 617 366 Petra
635 345 726 367 autem
739 345 798 368 erat
809 341 934 369 Christus
946 342 995 374 ³⁸;›
1013 347 1039 369 ιιι

247 385 281 412 de
294 384 340 412 illo
356 394 362 412 :
380 385 466 414 «Ecce
479 386 533 412 vita
546 391 635 413 vestra
650 394 781 422 suspensa
797 388 875 415 estin
893 389 980 416 oculis
992 396 1038 415 ve-

248 431 359 458 stris'.»
375 431 493 460 Rursum
506 433 539 461 de
555 433 601 460 illo
616 442 623 461 :
643 434 740 461 «Porta
750 435 808 463 haec
821 436 914 463 clausa
928 436 1036 468 δῆμον

248 484 308 511 quas
324 477 415 504 omnia
433 478 515 512 impie
529 478 734 513 interpretatur.
758 479 867 508 Decimo
882 488 948 508 vero
970 481 1039 508 libro

248 524 284 552 de
299 523 344 551 illo
357 533 367 552 :
390 533 399 550 (
419 523 503 552 Vobis
519 520 631 553 verbum
656 526 752 554 salutis
773 528 885 554 missum
915 533 957 556 est
975 528 1014 561 “;
1028 539 1037 555 ι

200 586 202 588 τ
250 570 338 605 deque
357 577 390 597 eo
403 580 410 598 :
423 571 490 605 «Qui
502 571 572 599 Filio
586 580 636 600 suo
652 580 705 600 non
722 574 842 608 pepercit
853 574 903 601 ¹¹.ι
920 574 952 602 Et
967 584 973 602 :
987 576 1040 603 (De

251 615 341 643 Verbo
369 616 441 650 vitae,
478 616 550 652 quod
586 625 683 646 manus
717 624 815 647 vestras
853 625 1040 648 comrectave-

250 666 315 690 runt
328 662 361 689 “.
378 672 388 689 ι
405 664 505 691 Iterum
519 664 553 691 de
572 664 618 692 illo
635 673 642 692 :
660 674 669 690 ι
694 665 739 692 Sic
761 666 832 693 Deus
852 667 946 694 dilexit
963 675 1042 695 mun-

250 709 332 742 dum,
348 713 379 736 ut
394 709 492 736 Filium
510 718 589 738 suum
600 711 767 745 unigenitum
783 713 862 740 daret
875 713 907 747 ⁸⁸,
923 723 933 740 ι
947 717 974 741 et
982 722 1042 749 qua:

250 760 414 789 sequuntur.
433 755 462 783 ln
476 757 621 784 undecimo
637 758 708 786 libro
727 759 760 786 de
782 759 827 786 illo
842 764 942 787 tractat
958 761 1017 788 loco
1032 771 1040 789 :

253 809 266 827 4
284 800 334 829 Hic
357 801 429 829 Dens
452 808 546 830 noster
565 812 572 830 :
588 811 643 831 non
670 805 842 839 reputabitur
858 805 928 833 alius
951 814 1042 834 coratn

253 847 325 884 ipso.
341 848 442 876 Deinde
459 849 484 876 in
504 853 576 876 terra
593 850 668 877 visus
681 855 740 882 est,
764 856 793 879 et
806 859 868 879 cum
890 853 1044 881 hominibus

254 900 430 922 conversatus
443 899 484 922 est
496 896 528 922 ".
544 905 553 921 ι
575 896 693 923 Rursum
709 905 790 932 super
804 898 850 925 illo
865 906 872 925 :
887 908 896 923 ι
910 898 1043 934 Exsurge,

255 940 343 974 Deus,
375 942 468 976 judica
499 946 599 970 terram
616 943 647 976 ‘°,
664 952 689 969 γι
708 943 801 978 Deque
835 945 922 972 altero
961 945 1044 974 loco:

258 995 269 1012 ί
287 986 421 1019 Quividet
437 995 494 1019 me,
506 988 581 1016 videt
593 994 622 1016 et
635 988 746 1016 Patrem
764 990 817 1019 ¹⁷ι.
835 989 904 1018 Tum
917 991 1046 1020 adversus

253 1039 320 1066 eos,
349 1033 395 1067 qui
422 1033 546 1061 dicerent
583 1042 637 1061 non
664 1042 743 1069 posse
765 1037 904 1071 apostolos
936 1042 1047 1072 propter

256 1079 471 1107 imbecillitatem
494 1081 663 1108 audientium
685 1089 779 1109 verum
805 1083 913 1111 docere.
939 1083 1046 1111 Duode-

256 1126 329 1153 cimo
342 1125 412 1153 libro
427 1126 507 1153 docet
519 1134 602 1154 unum
619 1134 634 1154 e
651 1126 785 1155 Trinitate
811 1135 931 1163 passum.
961 1129 995 1156 Et
1013 1129 1047 1157 de

257 1172 303 1200 illo
324 1173 388 1200 item
405 1182 413 1200 :
430 1182 440 1199 ι
463 1172 491 1200 Si
506 1174 579 1201 enim
593 1175 803 1209 cognovissent,
817 1183 871 1202 non
887 1175 974 1210 ipsum
992 1177 1048 1203 Do-

258 1219 363 1246 minum
377 1218 471 1254 gloria:
493 1220 696 1248 erucilixisscnt
711 1221 744 1248 ".
764 1231 774 1248 ι
792 1221 842 1249 Ubi
855 1226 883 1249 et
904 1223 974 1257 quod
993 1231 1046 1251 non

263 1264 387 1293 dicamus
404 1265 471 1293 duos
488 1265 631 1300 Christus,
653 1268 761 1294 infirma
787 1268 911 1302 malaque
941 1269 1048 1297 ratione

260 1309 402 1337 defendit:
417 1311 450 1337 ad
474 1318 552 1339 suam
568 1312 626 1346 ipse
643 1313 812 1340 voluntatem
837 1314 964 1342 nimirum
986 1322 1049 1342 sen-

259 1362 374 1390 sumque
388 1355 573 1384 defensionem
588 1359 808 1386 accommodans.
829 1358 921 1387 Tertio
943 1359 1049 1387 decium

259 1402 377 1436 denique
393 1401 462 1429 libro
474 1403 588 1437 quaerit:
605 1403 747 1437 Quomodo
772 1411 825 1432 non
838 1405 893 1432 sint
906 1405 963 1435 duo,
975 1405 1048 1435 Filii.

262 1447 295 1474 Et
315 1454 379 1474 vero
400 1448 483 1475 exiis
498 1449 597 1483 quibus
619 1447 808 1477 defensionem
828 1449 961 1483 instituit,
981 1450 1050 1479 duos

262 1502 323 1522 esse
339 1493 423 1522 Filios
443 1495 535 1522 dicere
550 1503 663 1524 necesse
679 1497 727 1523 sit.
750 1496 809 1529 Qua
830 1497 856 1524 in
873 1505 902 1525 re
921 1496 1050 1526 Tarasius

262 1539 344 1567 veluti
359 1541 414 1574 jam
429 1541 516 1568 victus
539 1541 677 1569 silentium
695 1546 781 1569 tenet.
809 1543 914 1570 Desinit
929 1548 959 1570 et
971 1543 1048 1570 Basi-
1063 1554 1085 1584 α

261 1586 328 1619 lius',
348 1587 404 1613 sive
421 1585 586 1621 Lampadius
610 1587 732 1615 studiose
751 1588 921 1623 interrogare
945 1597 978 1617 ac
1005 1597 1049 1617 re-

262 1632 406 1667 spondere.
429 1632 503 1660 Libri
516 1641 598 1668 porro
612 1638 678 1666 tres,
698 1640 811 1668 quartus
828 1635 1051 1670 decimus,quin-

262 1683 307 1706 tus
323 1678 455 1712 decimus,
479 1684 507 1707 et
521 1685 613 1708 sextus
628 1680 766 1715 decimus,
784 1687 911 1716 perpetua
931 1682 1051 1710 contexti

261 1725 402 1758 oratione,
416 1725 442 1752 in
459 1726 608 1753 secundum
626 1731 654 1754 et
674 1728 784 1754 tertium
804 1727 901 1754 librum
920 1728 1051 1756 assertio-

263 1778 327 1798 nnm
339 1770 450 1798 Joannis
462 1770 657 1806 Scythopoliue
668 1772 822 1800 incurrunt.

299 1817 361 1844 Fuit
372 1817 415 1844 hic
426 1817 544 1845 Basilius
555 1818 708 1853 presbyter,
723 1824 753 1845 ut
768 1820 800 1845 de
812 1826 841 1846 se
852 1820 909 1854 ipse
924 1819 1052 1853 aﬂirmat,

229 1890 234 1893 ,
263 1864 442 1891 Antiochense
470 1864 617 1897 Ecclesiae,
646 1871 700 1899 quo
716 1869 836 1899 tempore
864 1866 989 1893 thronum
1016 1866 1052 1894 ibi

262 1909 371 1938 tenebat
383 1909 527 1937 Flavianus
540 1910 605 1946 (5t)
617 1930 625 1943 ,
638 1910 807 1945 Romanique
820 1911 928 1939 clavum
945 1912 1052 1947 imperii

264 1957 459 1984 moderabatur
472 1956 644 1985 Anastasius.
663 1956 753 1984 Dictio
766 1957 825 1992 ejus
840 1960 866 1984 in
883 1958 996 1993 dialogis
1008 1966 1053 1993 po-

261 2003 398 2030 tissimum
421 2003 531 2031 humilis
556 2008 616 2036 est,
648 2008 744 2031 utnec
762 2012 777 2031 a
804 2005 916 2033 vocibus
938 2013 954 2032 e
974 2005 1054 2033 trivio

264 2049 379 2084 sumptis
390 2049 442 2077 sibi
459 2054 602 2084 temperet.
627 2049 681 2077 Sed
695 2053 722 2077 et
745 2050 772 2077 in
789 2050 986 2084 compositione
1009 2058 1054 2085 pa-

265 2103 326 2123 rum
337 2102 481 2124 accuratus
491 2117 499 2130 ,
525 2104 640 2132 peccare
656 2105 708 2125 non
722 2104 801 2129 raro,
828 2102 910 2133 atque
942 2098 1052 2126 solami-

264 2151 353 2172 smum
368 2143 458 2172 facere
481 2144 696 2178 deprehenditur
716 2142 798 2178 88b.
818 2143 915 2171 Verum
935 2145 972 2171 uti
991 2152 1054 2180 per-

265 2191 375 2225 spicuus
402 2191 428 2217 in
453 2189 496 2217 his
509 2197 570 2217 esse
583 2189 732 2222 laboravit,
755 2189 793 2217 ita
816 2197 926 2226 quoque
945 2191 970 2217 in
993 2191 1050 2218 suis

265 2236 396 2263 adversus
411 2236 470 2271 pios
484 2234 652 2270 argumentis
665 2235 813 2263 vehemens
825 2242 891 2263 sane
905 2240 957 2268 est,
972 2241 1053 2271 atque
1070 2233 1092 2260 D

266 2283 326 2310 visu
340 2282 430 2314 tritus,
440 2287 469 2310 ut
480 2289 588 2310 omnem
604 2282 684 2317 plane
695 2283 778 2309 vitam
793 2283 820 2309 in
836 2283 887 2310 hoc
902 2290 973 2311 vano
984 2290 1054 2310 con-

267 2334 308 2356 tra
334 2330 461 2365 pietatem
487 2330 577 2357 studio
601 2330 802 2364 consumpsisse
825 2329 962 2357 videatur.
996 2329 1054 2357 Etsi

211 2377 218 2383 '
264 2383 332 2404 vero
347 2375 508 2404 Neswriana
532 2375 599 2412 (55)
614 2376 710 2404 haeresi
738 2375 854 2403 infectus
871 2381 930 2407 est,
953 2375 1053 2404 Nesto-

302 2423 394 2451 "Joan.
409 2431 428 2456 ι,
446 2423 489 2451 Η.
526 2423 684 2456 ⁸1.10;ιιι.ιιι,
700 2423 744 2451 15.
778 2425 800 2440 ³·
814 2424 823 2450 l
839 2424 902 2452 Cor.
916 2432 942 2457 Χ,
961 2425 987 2452 4.
1023 2427 1034 2443 ⁹

1099 2431 1127 2453 It.
1143 2433 1228 2453 xxvnt
1238 2444 1246 2455 .
1263 2424 1307 2452 66.

267 2459 312 2486 26.
355 2459 377 2475 "
392 2458 470 2486 Rom.
491 2466 537 2492 ιιι,
558 2458 602 2486 52.
653 2460 674 2475 ’³
686 2459 754 2486 Joan
770 2467 796 2492 ι,
816 2460 842 2486 l.

908 2460 931 2476 “
945 2459 1014 2488 Joan
1052 2469 1092 2494 ιιι,

269 2495 290 2510 ⁸⁷
304 2493 384 2527 Joan,
406 2502 468 2527 xw,
484 2494 512 2522 9.
568 2494 589 2510 η
602 2493 612 2520 l
625 2493 689 2522 Cor.
702 2502 738 2527 ιι,
753 2494 780 2522 8.

821 143 870 174 ΡΗ
874 143 953 174 OTII
971 142 1224 176 PATRIARCHE
1235 144 1290 175 (ΞΡ.

1827 146 1882 179 380

1087 201 1188 234 πολλὰς
1213 201 1451 237 ἔκτραχηλίζεται,
1478 201 1527 228 καὶ
1543 201 1609 238 περὶ
1631 200 1691 228 τοῦ·
1718 210 1730 228 ‹
1748 201 1847 234 Οὐδεὶς
1858 203 1881 218 ⁸¹

1089 247 1259 283 ἀναϐέϐηκεν
1276 249 1318 279 εἰς
1326 247 1371 274 τὸν
1382 247 1506 282 οὐρανὸν,
1523 247 1547 274 ει
1564 247 1602 283 μὴ
1614 249 1628 275 6
1641 247 1674 274 ἐκ
1687 247 1736 274 τοῦ
1749 247 1822 283 [155
1834 248 1883 283 IL]

1088 292 1205 328 οὐρανοῦ
1224 291 1367 324 καταϐὰς,
1384 292 1399 319 ὁ
1423 292 1488 324 Υἱὸς
1508 291 1556 318 τοῦ
1584 292 1748 328 ἀνθρώπου,
1765 294 1781 318 6
1798 292 1838 318 ὢν
1853 294 1885 319 ὲν

1088 339 1127 374 τῷ
1140 338 1258 375 οὐρανῷ.
1273 348 1283 365 ι
1302 338 1375 375 [284
1389 338 1444 374 IL]
1466 338 1509 365 ‘Ev
1521 338 1551 366 δὲ
1566 338 1605 374 τῷ
1622 339 1644 365 Θ¹
1661 338 1794 375 περὶτοῦ·
1814 348 1824 364 ι
1850 338 1884 365 Ἦ

1089 384 1118 412 δὲ
1131 385 1154 400 ⁸⁸
1174 385 1262 420 πέτρα
1280 381 1315 420 ἦν
1328 385 1343 411 ὁ
1365 384 1493 420 Χριστὸς,
1513 393 1523 410 ι
1538 385 1587 411 καὶ
1608 384 1672 420 περὶ
1691 384 1750 417 τοῦ,
1773 394 1783 411 ι
1795 384 1885 419 Ὀψε-

1090 433 1153 459 σθαι
1167 432 1190 448 ⁸⁸
1202 432 1250 468 τὴν
1267 432 1340 467 ζωὴν
1356 431 1434 466 ὑμῶν
1451 432 1632 467 κρεμαμένην
1656 432 1710 466 πρὸ
1731 431 1885 466 ὀφθαλμῶν

1090 479 1185 514 ὑμῶν.
1209 488 1219 505 ι
1237 478 1286 505 καὶ
1299 478 1364 512 περὶ
1379 477 1437 510 τοῦ,
1463 487 1473 503 ι
1494 478 1527 504 Ἥ
1550 477 1655 512 mihi"
1675 477 1745 513 αὕτη
1769 477 1887 504 κεκλει-

1092 526 1180 561 σμένη
1195 524 1298 557 Eccam
1314 524 1404 551 πάντα
1419 524 1506 551 ταῦτα
1517 523 1654 555 δυσσεϐῶς
1668 523 1885 559 ἐκλαμϐάνεται.

1097 572 1142 599 ‘Ev
1153 572 1182 599 δὲ
1195 572 1236 607 τῷ
1246 574 1263 598 ι’
1272 571 1336 606 περὶ
1344 570 1403 604 τοῦ,
1418 579 1427 596 ι
1439 570 1519 605 Ὑμῖν
1527 570 1551 586 κ⁶
1563 569 1577 596 6
1589 569 1669 604 λόγος
1679 569 1729 605 τῆς
1744 569 1888 604 σωτηρίας

1091 618 1250 653 ἀπεστάλη·
1273 627 1283 644 ι
1299 617 1347 644 καὶ
1371 617 1439 652 περὶ
1456 615 1516 649 τοῦ,
1536 617 1602 648 (Ὃς
1617 615 1663 642 τοῦ
1677 616 1700 632 ⁸⁷
1720 615 1789 643 ίδίου
1818 615 1889 642 Υἱοῦ

1091 665 1142 691 οὐκ
1158 664 1312 698 ὲφείσατο,ι
1331 662 1394 695 καὶ,
1410 662 1451 689 ὃτι
1461 662 1485 678 ⁸⁸
1504 672 1514 689 ι
1530 662 1564 689 Ai.
1580 663 1670 697 χεῖρες
1683 661 1706 678 ⁸⁸
1720 661 1800 696 ὑμῶν
1817 662 1889 696 ἑψη-

1092 709 1232 745 λάφησαν,
1250 709 1315 745 περὶ
1329 708 1377 736 τοῦ
1394 709 1483 743 Λόγου
1501 708 1549 743 τῆς
1565 707 1639 742 ζωῆς
1648 707 1682 723 ⁸³⁹
1695 726 1703 737 ,
1723 716 1732 732 ι
1749 706 1798 733 καὶ
1823 707 1891 742 περὶ

1092 758 1152 791 τοῦ,
1164 757 1273 790 (Οὕτως
1279 758 1301 773 ⁹⁰
1310 757 1455 793 ἠγάπησεν
1464 757 1478 783 ὁ
1488 755 1554 787 Θεὸς
1565 755 1612 783 τὸν
1624 755 1737 790 κόσμον,
1755 755 1830 782 ὥστε
1841 754 1893 781 τὸν

1094 805 1159 832 Υἰδν
1170 804 1252 832 αὑτοῦ
1270 803 1316 831 τὸν
1331 802 1464 838 μονογενῆ
1478 823 1486 836 ,
1507 811 1517 829 ι
1539 802 1588 830 καὶ
1601 802 1665 837 ἑξῆς
1676 803 1711 829 ἰ.
1732 802 1778 828 'Ev
1792 801 1824 828 δὲ
1849 801 1893 837 τῷ

1096 854 1130 878 ια’
1144 852 1209 887 περὶ
1222 850 1282 884 τοῦ,
1299 859 1309 876 ι
1323 850 1408 882 Οὗτος
1422 851 1436 877 6
1456 849 1524 881 Θεὸς
1538 850 1555 885 ὴ
1560 848 1627 884 μῶν,
1644 850 1674 875 οὐ
1694 848 1895 882 λογισθήσεται

1096 897 1189 933 ἕτερος
1201 897 1270 932 πρὸς
1282 896 1364 924 αὐτόν
1375 904 1384 912 ’
1403 905 1413 922 ι
1426 911 1462 918 —
1474 892 1558 922 «Εἶτα
1568 895 1594 912 ³³
1608 894 1656 921 ἐπὶ
1669 894 1719 930 τῆς
1732 895 1785 930 γῆς
1798 893 1893 929 ὤφθη,

1096 945 1144 971 καὶ
1167 945 1224 975 τοῖς
1247 943 1404 980 ἀνθρώποις
1422 942 1649 978 συνανεστράφη,
1667 950 1678 968 ι
1693 941 1742 968 καὶ
1762 941 1830 977 περὶ
1842 940 1894 968 τοῦ

1099 1000 1109 1017 ι
1120 991 1237 1018 ’Δνάστα
1244 990 1279 1023 ’³,
1293 990 1307 1016 6
1323 989 1400 1023 Θεδς,
1417 988 1519 1024 κρίνων
1534 988 1584 1024 τὴν
1593 989 1672 1024 γῆν,›
1686 988 1734 1015 καὶ
1750 988 1818 1023 περὶ
1830 987 1893 1019 τοῦ,

1100 1047 1110 1064 ι
1127 1037 1157 1064 ’0
1171 1036 1301 1072 ἑωρακὼς
1311 1036 1334 1053 ’⁸
1348 1035 1399 1071 ἐμὲ
1414 1035 1521 1070 ἑώρακε
1533 1035 1579 1062 τὸν
1589 1034 1701 1071 Πατέρα
1711 1054 1718 1067 ,
1733 1043 1744 1060 ι
1756 1034 1807 1061 καὶ
1821 1035 1897 1070 πρὸς

1096 1085 1159 1116 τοὺς
1173 1083 1304 1119 λέγοντας
1320 1082 1358 1119 μὴ
1374 1082 1507 1110 δύνασθαι
1521 1081 1586 1113 τοὺς
1601 1081 1767 1113 ἀποστόλους
1782 1081 1830 1108 διὰ
1840 1081 1897 1115 τὴν

1098 1131 1241 1158 ἀσθένειαν
1257 1129 1313 1157 τῶν
1330 1129 1484 1157 ἀκουόντων
1500 1128 1637 1155 διδάσκειν
1650 1127 1776 1164 τάληθές.
1798 1128 1845 1155 ‘Ev
1863 1128 1896 1155 δὲ

1096 1178 1135 1213 τῷ
1151 1177 1183 1213 ιβ’
1193 1197 1201 1210 ,
1216 1177 1257 1204 ὅτι
1270 1173 1312 1209 εἷς
1328 1176 1378 1211 τῆς
1393 1175 1508 1211 Τριάδος
1522 1176 1537 1202 6
1551 1174 1645 1202 παθὼν
1655 1194 1663 1206 ,
1681 1174 1729 1201 καὶ
1752 1174 1819 1209 περὶ
1829 1173 1894 1206 τοῦ,

1100 1233 1111 1249 ‹
1127 1223 1158 1250 Et
1174 1222 1230 1258 γὰρ
1240 1223 1264 1239 ’⁵
1280 1222 1420 1257 Εγνωσαν,
1433 1221 1485 1248 οὐκ
1499 1221 1533 1248 ἂν
1556 1221 1602 1248 τδν
1616 1220 1719 1255 Κύριον
1736 1219 1787 1254 τῆς
1810 1219 1895 1254 δόξης

1098 1269 1274 1306 ἐσταύρωσαν
1286 1289 1294 1301 ,
1310 1278 1320 1294 ι
1337 1268 1385 1295 καὶ
1401 1267 1460 1300 πῶς
1476 1268 1499 1284 ⁹¹
1516 1266 1546 1294 οὐ
1566 1266 1681 1301 λέγομεν
1694 1265 1741 1293 δύο
1753 1266 1895 1300 Χριστοὺς

1097 1315 1219 1347 ἀσθενῶς
1243 1315 1290 1342 καὶ
1307 1314 1488 1349 κακοτρόπως
1505 1313 1678 1347 ἀπολογεῖται
1688 1332 1697 1344 ,
1711 1312 1780 1347 πρὸς
1791 1312 1825 1338 τὸ
1849 1313 1895 1338 οἰ-

1098 1362 1173 1388 κεῖον
1198 1361 1290 1396 μέντοι
1308 1359 1512 1395 συμϐαίνουσαν
1528 1358 1653 1394 βούλημα
1673 1358 1723 1394 τὴν
1740 1357 1896 1391 ἀπολογίαν

1099 1407 1225 1443 προάγει.
1245 1406 1290 1433 ‘Ev
1311 1405 1340 1432 δὲ
1354 1404 1394 1440 τῷ
1410 1404 1444 1438 ιγ’
1461 1404 1527 1440 περὶ
1547 1403 1594 1430 τοῦ
1617 1403 1676 1435 πῶς
1698 1403 1728 1430 οὐ
1745 1402 1792 1429 δύο
1808 1403 1874 1429 Tini
1887 1411 1895 1419 ·

1100 1453 1191 1481 καίτοι
1209 1453 1239 1485 ἐξ
1252 1449 1291 1478 ὧν
1305 1451 1378 1478 δοκεῖ
1391 1450 1586 1484 ἀπολογεῖσθαι
1599 1469 1607 1482 ,
1620 1450 1727 1485 ἀνάγκη
1741 1449 1833 1483 λέγειν
1845 1449 1896 1476 δύο

1101 1500 1194 1532 Υίούς.
1215 1499 1259 1526 'Ev
1268 1495 1291 1533 ᾧ
1304 1498 1352 1524 και¹
1363 1498 1378 1524 6
1392 1497 1528 1532 Ταράσιος
1541 1496 1578 1528 ὡς
1590 1495 1670 1531 δῆθεν
1682 1495 1897 1530 ὲκνενικημένος

1102 1546 1208 1581 σιωπᾷ,
1225 1544 1273 1572 καὶ
1289 1543 1371 1571 παύει
1387 1543 1435 1570 καὶ
1451 1543 1466 1569 6
1479 1541 1619 1573 Βασίλειος
1630 1541 1690 1577 ἦτοι
1704 1542 1719 1568 6
1732 1541 1898 1574 Λαμπὰδιος

1102 1592 1154 1628 τῆς
1166 1593 1237 1619 κατὰ
1251 1590 1348 1618 πεῦσιν
1361 1590 1409 1617 καὶ
1420 1588 1568 1624 ἀπόκρισιν
1578 1587 1697 1622 σπουδῆς
1710 1587 1759 1623 τὴν
1774 1587 1878 1623 σχολὴν
1888 1606 1897 1619 ,

1103 1638 1151 1665 καὶ
1166 1638 1283 1664 ποιεῖται
1294 1637 1340 1663 τὸν
1350 1636 1391 1669 ιδ’,
1406 1635 1438 1662 ιε’
1448 1644 1479 1662 τε
1487 1635 1535 1662 καὶ
1543 1634 1581 1668 ις’
1592 1634 1671 1668 λόγον
1682 1633 1898 1669 διεξοδικωτέρῳ

1102 1685 1195 1720 λόγῳ,
1221 1683 1270 1711 καὶ
1286 1682 1450 1720 κατατρέχει
1466 1682 1521 1709 τῶν
1548 1683 1577 1708 ἒν
1601 1680 1641 1716 τῷ
1662 1680 1684 1716 β’
1699 1679 1781 1714 καὶγ¹
1798 1679 1899 1715 βιϐλίῳ

1103 1731 1258 1768 εἰρημένων
1270 1730 1310 1766 τῷ
1330 1730 1454 1765 Ἰωάννῃ.

1141 1820 1196 1849 Ἦν
1211 1821 1233 1849 δ’
1250 1817 1329 1853 οὗτος
1345 1821 1360 1847 6
1376 1819 1515 1851 Βασίλειος
1533 1819 1734 1854 πρεσϐύτερος,
1754 1817 1792 1850 ὡς
1817 1818 1900 1848 abte;

1104 1878 1186 1905 φησι,
1211 1868 1260 1905 τῆς
1271 1867 1343 1895 κατὰ
1364 1866 1531 1902 Ἀντιόχειαν
1556 1865 1740 1900 Ἐκκλησίας,
1763 1864 1899 1899 ἀρχιερα-

1104 1915 1230 1946 τεύοντος
1257 1914 1306 1949 μὲν
1323 1913 1378 1940 τῶν
1400 1913 1492 1939 ἐκεῖσε
1506 1910 1675 1943 Φλαϐιανοῦ,
1700 1909 1849 1944 Ῥωμαίων
1871 1910 1899 1936 δὲ

1111 1960 1287 1989 ’Δναστασιου
1308 1958 1508 1996 βασιλεύοντος.
1533 1958 1613 1985 Ἐστι
1625 1957 1655 1984 δὲ
1675 1957 1724 1991 τὴν
1736 1957 1840 1991 φράσιν
1852 1966 1900 1992 χυ-

1105 2007 1180 2039 δαῖος
1192 2027 1200 2039 ,
1212 2006 1260 2033 καὶ
1272 2005 1390 2040 μάλιστα
1406 2005 1434 2031 ὲν
1445 2005 1502 2035 τοῖς
1521 2002 1687 2038 διαλογικοϊς
1700 2002 1786 2029 αὐτοῦ
1798 2002 1821 2018 "
1837 2003 1901 2029 οὐδὲ

1105 2053 1161 2080 τῶν
1175 2054 1208 2080 ἐκ
1222 2052 1327 2088 τριόδου
1352 2051 1483 2087 ῥημάτων
1501 2050 1654 2085 ἀπέχεται·
1677 2049 1735 2076 ἀλλ’
1762 2048 1825 2076 οὐδὲ
1853 2049 1902 2084 τὴν

1107 2097 1231 2130 σύνταξιν
1248 2097 1366 2133 ἀκριϐὴς
1377 2116 1386 2129 ,
1403 2096 1475 2123 ὥστε
1488 2096 1536 2122 καὶ
1554 2096 1636 2131 μέχρι
1646 2095 1693 2122 τοῦ
1708 2095 1840 2130 σφάλλειν
1855 2096 1903 2121 καὶ

1107 2144 1290 2179 σολοικισμοῖς
1313 2142 1465 2178 κεχρῆσθαι
1483 2142 1615 2173 πολλάκις
1629 2141 1760 2176 ἐξάγεται
1773 2147 1782 2159 ⁵
1807 2141 1859 2168 καὶ
1873 2141 1904 2167 τὸ

1107 2191 1192 2226 σαφὲς
1202 2190 1247 2223 δὲ,
1262 2190 1300 2222 ὡς
1316 2190 1345 2216 ὲν
1366 2189 1472 2221 τούτοις
1486 2188 1522 2222 ³⁸,
1539 2188 1716 2224 ἐπετήδευσε.
1730 2188 1795 2219 Τοῖς
1810 2188 1904 2223 μέντοι

1107 2237 1179 2265 κατὰ
1200 2236 1251 2272 τῆς
1276 2235 1419 2267 εὐσεϐείας
1434 2235 1631 2270 ἐπιχειρήμασι
1653 2233 1754 2270 δριμύς
1770 2233 1801 2261 τέ
1828 2234 1904 2260 ἑστιν

1108 2283 1157 2310 καὶ
1170 2281 1315 2318 ἐντριϐὴς,
1333 2281 1382 2309 καὶ
1400 2283 1446 2308 τδν
1460 2281 1521 2308 ὅλον
1538 2280 1595 2316 βίον
1607 2280 1728 2318 τούτοις,
1749 2280 1789 2313 ὡς
1810 2280 1903 2311 ἔοικε,

1107 2331 1164 2362 τοῖς
1182 2329 1308 2366 ματαίοις
1322 2328 1392 2356 κατὰ
1414 2329 1465 2363 τῆς
1480 2327 1622 2360 εὐσεϐείας
1637 2328 1729 2359 πόνοις
1745 2328 1904 2362 ὲγκατασα-

1106 2377 1179 2409 πείς.
1194 2376 1251 2404 Καὶ
1267 2375 1317 2410 τὴν
1330 2374 1436 2410 αἳρεσιν
1448 2374 1477 2401 δὲ
1490 2373 1639 2409 Νεστορίου
1652 2373 1739 2400 νοσῶν
1752 2373 1904 2409 Νεστόριον

1358 2423 1380 2439 ¹⁰
1393 2423 1496 2450 ΕῑιιεΙι.
1520 2429 1633 2453 xxxxtv,
1646 2421 1674 2449 2.
1711 2422 1732 2437 ¹¹
1752 2421 1815 2449 Act.
1835 2429 1903 2452 xm.

1112 2461 1158 2489 16.
1213 2460 1235 2476 ⁸⁵
1250 2459 1369 2486 Baruch.
1387 2467 1416 2485 ιιι
1430 2478 1438 2490 ,
1457 2458 1557 2486 56-58.
1611 2457 1634 2473 “
1651 2457 1723 2485 Psal.
1755 2464 1861 2490 Lxxu,
1876 2456 1902 2484 8.

906 2541 1023 2569 VARle
1034 2539 1237 2570 LECTIONES.

302 2587 326 2627 ’ξ
341 2586 439 2623 οὐδείς]
451 2586 530 2627 Joan.
548 2588 647 2627 tn,_15.
659 2587 739 2627 _"'_'h
753 2587 794 2623 δέ]
809 2587 818 2614 l
835 2588 899 2627 Coi.
913 2588 999 2627 x,fl_.__
1020 2589 1044 2605 ⁸⁸
1059 2590 1138 2627 Deut.
1160 2595 1260 2627 ιιῃιιι,
1277 2587 1312 2627 6._
1345 2587 1368 2627 ’ξ

302 2587 326 2604 ⁸³
341 2587 439 2623 οὐδείς]
451 2587 530 2615 Joan.
548 2588 647 2619 nt,15.
659 2622 671 2627 _
685 2587 709 2603 ⁸³
723 2587 739 2622 ὴ
753 2587 794 2623 δέ]
809 2587 818 2614 l
835 2588 899 2617 Cor.
913 2597 943 2622 κ,
954 2588 999 2631 4...
1020 2589 1044 2605 ⁸⁸
1059 2590 1138 2618 Deut.
1160 2595 1260 2619 xxvtu,
1277 2587 1312 2630 61
1345 2587 1399 2649 ⁸⁵η

267 2622 370 2666 61Aet.
386 2630 449 2663 _xnt.
464 2623 509 2650 26.
547 2622 570 2638 ⁸⁷
585 2622 614 2654 ὃς
626 2622 685 2659 του]
701 2623 780 2665 Βριιι.
798 2631 854 2658 vni,
868 2624 911 2651 52.
951 2624 974 2640 ⁸⁵
986 2634 1026 2651 οτι
1043 2632 1098 2652 οιιι.
1115 2626 1151 2666 _A.
1189 2624 1212 2640 ⁸⁸
1226 2623 1254 2649 αἱ
1269 2621 1376 2683 χειρεςέ

267 2667 317 2683 ττιε
345 2657 429 2683 ζωτιςῖ
461 2659 518 2683 haec
547 2665 609 2683 cum
639 2665 701 2683 ante
725 2667 765 2683 οτι
794 2658 946 2683 legerentur
966 2664 1122 2683 transnnsm
1147 2667 1208 2683 cum
1232 2658 1265 2683 A.
1304 2658 1327 2674 "
1345 2666 1359 2683 ο
1378 2666 1399 2683 τι

461 2659 522 2695 hac
543 2665 609 2695 gum
633 2658 701 2695 ante
725 2658 768 2695 ’ότι
794 2658 946 2693 legerentur
966 2660 1122 2695 transposui
1147 2667 1208 2687 cum
1222 2658 1265 2695 7A.
1345 2666 1359 2695 ο

267 2657 317 2700 τῆς
345 2657 430 2709 ζωῆς]
461 2659 518 2686 hac
547 2665 609 2685 cum
639 2657 701 2685 ante
725 2658 765 2703 ὅτι

268 2694 334 2729 ἑξης
350 2703 380 2726 ς.
431 2695 441 2709 ¹
453 2693 522 2729 εἶτα]
541 2693 660 2721 Baruch.
682 2701 724 2724 In.
740 2694 784 2721 00.

1415 2584 1500 2622 πύλη]
1521 2583 1715 2622 Εεθοιιηηνι,
1731 2584 1758 2612 Ι.
1784 2584 1904 2622 ,ιι-ιξμῖν

1413 2619 1500 2649 ΙΙοιιιιῖ
1511 2629 1532 2654 ι,
1543 2621 1570 2648 1.
1608 2620 1642 2637 ⁸⁸·
1658 2621 1722 2656 περὶ
1751 2619 1799 2646 τοῦ
1817 2620 1903 2656 Λόγου

1378 2656 1549 2692 τως]νιίοιιιι.
1574 2663 1626 2688 ιιι,
1654 2654 1702 2692 l6.
1749 2655 1772 2692 ξξ
1801 2654 1903 2692 καὶ-τάξ

836 2695 860 2710 ⁸³
870 2695 986 2731 ἀνάστα]
1012 2687 1085 2731 Psal.
1102 2702 1200 2726 xxvm.
1217 2694 1244 2731 8.
1283 2693 1333 2720 "6
1349 2687 1491 2728 ἑωρακώς]
1505 2691 1587 2720 Joan.
1608 2687 1664 2722 xiv.
1685 2691 1712 2718 9.
1750 2690 1774 2706 "
1793 2691 1820 2717 st
1835 2687 1902 2724 γάρ]

268 2729 279 2758 l
295 2728 359 2759 Cor.
375 2738 407 2763 ιι,
423 2729 466 2758 18.
505 2728 528 2745 η
542 2729 616 2761 ὅπως
630 2737 661 2761 ς.
706 2729 727 2745 ³⁷
747 2728 830 2757 αὐτοῦ
846 2730 909 2758 add.
926 2730 960 2758 Δ.
976 2728 986 2731 ”
1005 2730 1029 2746 ⁹⁸
1042 2731 1126 2765 σαφὲς
1139 2731 1168 2757 ὲν
1184 2729 1289 2762 τούτοις
1307 2737 1338 2761 ς’.

1004 2773 1007 2777 ’
1023 2777 1143 2806 NOTAE.

271 2825 376 2890 50$56)
394 2825 458 2861 Ejus
475 2825 592 2853 nominis
604 2826 739 2855 secundus
761 2827 834 2854 circa
861 2832 927 2853 ann;
956 2825 1058 2854 Christi

306 2897 373 2933 (55)
383 2895 574 2926 Nestorianum
590 2896 635 2926 hic
649 2897 702 2927 dici
717 2897 824 2926 mireris
840 2905 906 2925 sane
918 2903 978 2926 eum
992 2905 1052 2933 sup.

1114 2826 1174 2854 cod.
1191 2825 1219 2857 9,
1246 2832 1296 2860 pro
1322 2824 1502 2860 Eutychianis
1518 2823 1662 2860 scripsisse
1676 2821 1902 2860 huncadversus

1115 2857 1270 2888 Nestorium
1298 2857 1433 2894 videatur,
1450 2857 1595 2896 ipsumque
1608 2857 1828 2894 Scythopolitam
1845 2862 1902 2884 cen-

1109 2901 1149 2924 tra
1162 2896 1222 2924 ilios
1237 2896 1380 2931 scripsisse
1394 2900 1512 2924 constet.
