1938 3091
48 132 97 180 ast

491 151 754 184 BIBLIOTHECA.
765 167 800 172 —
817 154 925 186 CODD.
946 156 1049 190 CVIII.
1069 155 1143 189 CIX.

1617 161 1670 193 382

47 206 98 241 μὲν
112 205 164 233 οὐκ
178 206 328 234 οἰκειοῦται
338 227 345 240 ,
368 208 500 245 Διόδωρον
517 209 546 236 δὲ
558 210 606 237 καὶ
620 211 757 246 Θεόδωρον
773 212 833 238 ἐπι-

889 214 954 240 rium
969 218 1058 241 tamen
1083 215 1136 242 sibi
1156 221 1324 250 nequaquam
1340 215 1477 249 vindicat.
1495 217 1543 245 sed
1572 217 1669 247 Diodo-

47 251 187 285 γράφεται
212 251 348 287 Πατέρας.
372 253 428 280 Καὶ
453 254 524 280 κατὰ
550 255 599 290 μὲν
624 256 671 282 τοῦ
691 256 834 283 θεσπεσίου

48 297 186 332 Κυρίλλου
199 299 240 338 είς
255 298 403 334 πρόσωπον
415 298 502 331 οὕτως
517 301 699 336 ἀναισχύντως
710 302 740 328 ού
755 302 837 337 βλασ-

47 345 138 377 φημεῖ
147 352 154 359 ο
165 344 213 371 τὸν
229 344 321 378 μέντοι
336 352 368 379 γε
387 345 515 380 Ἰωάννην
525 367 532 378 ,
544 347 605 373 καθ’
620 344 651 374 οὖ
665 348 715 382 τὴν
727 349 837 383 γραφὴν

46 389 215 424 ἔνεστήσατο
225 410 232 422 ,
244 389 339 424 μηδενὶ
353 390 426 426 mi?
439 391 524 427 ἀλλθῆ
536 393 592 424 τοῖς
608 393 740 428 Κυρίλλου
755 394 837 427 φησὶν

46 436 236 472 ἐπερείδεσθαι
251 436 283 472 ιβ’
295 438 464 472 κεφαλαίοις,
477 438 525 465 καὶ
538 437 578 473 τῷ
591 438 744 474 δωδεκάτῳ,
759 441 836 475 φησὶ,

47 483 169 517 μάλιστα
181 503 189 513 ,
200 482 215 508 ὃ
229 483 393 517 παρεισάγει
407 483 459 518 τὴν
474 483 638 510 θεοπάθειαν
649 493 656 498 ·
669 484 699 511 ἐν
712 482 753 516 οἷς
764 483 838 520 αὐτῷ

48 529 96 555 καὶ
109 528 134 544 ⁹⁹
148 529 200 563 τῆς
216 528 413 564 ματαιοπονίας
432 528 463 555 τὸ
488 529 574 561 τέλος.
597 529 633 556 To
647 530 675 556 δὲ
694 530 837 565 σύνταγμα

44 574 122 609 αὑτῷ
137 575 208 610 πρὸς
222 575 347 602 Λεόντιον
356 595 364 607 ,
381 574 419 606 ὼς
433 574 538 609 ἔφημεν
547 595 555 607 ,
571 577 686 612 ἐποιήθη
697 597 704 608 ,
716 577 746 604 ὃν
759 576 838 604 ὁσιώ-

43 629 128 647 τατον
143 620 191 647 καὶ
211 619 418 655 θεοφιλέστατον
436 621 484 648 καὶ
499 622 609 657 Πατέρα
625 623 818 658 ἀποσεμνύνει.

429 755 472 784 H’.

429 756 472 784 H'.

46 801 204 835 Θεοδώρου
218 756 647 836 μονάζοντοςΡἍλεξανδρέως
662 799 737 836 κατὰ
752 799 837 836 Θεμι-

80 834 172 864 στίου
197 834 300 870 λόγος.
323 837 377 863 Καὶ
406 834 577 870 Θεμιστίου.
599 834 746 870 ἀπολογία
762 835 838 869 ὑπὲρ

79 871 135 898 τοῦ
158 871 192 898 ἐν
203 871 300 905 ἁγίοις
312 872 484 905 Θεοφοσίου.
766 874 771 879 ’

86 916 261 953 ’Δνεγνώσθη
284 916 423 953 Θεοδώρου
449 917 609 953 μονάζοντος
640 917 837 953 Ἀλεξανδρέως

46 962 123 990 κατὰ
143 962 323 997 Θεμιστίου,
337 959 367 989 οὗ
384 963 563 998 ήὲπιγραφὴ,
583 963 727 998 (Ἔλεγχος
752 963 790 996 ὡς
809 964 838 990 ὲν

46 1009 176 1044 συντόμῳ
189 1009 239 1043 τῆς
258 1008 362 1036 ἄνωθεν
377 1009 423 1035 καὶ
441 1009 472 1041 ἐξ
494 1009 583 1045 ἀρχῆς
607 1010 752 1045 Θεμιστίου
767 1010 839 1036 κατὰ

44 1054 100 1080 τῶν
125 1054 228 1089 ἡμῶνί
255 1054 384 1090 Πατέρων
407 1055 560 1089 προπετοῦς
589 1055 638 1082 καὶ
663 1055 838 1091 ἁλογωτάτης

44 1099 219 1132 ἑνστάσεως,
238 1099 271 1125 ὲκ
295 1099 457 1134 προφάσεως
475 1099 523 1126 νῦν
553 1100 619 1136 ἡμῖν
650 1100 838 1136 πεπονημένος

46 1143 119 1179 [⁵285
140 1143 177 1170 B.
195 1143 204 1179 j
221 1143 277 1170 τῶν
292 1143 521 1180 προϐεϐλημένων
537 1145 584 1172 ὑπ’
603 1145 686 1172 αὑτοῦ
702 1146 771 1173 κατὰ
787 1146 838 1180 τῆς

45 1190 181 1224 ἀληθείας
196 1190 363 1225 ζητημάτων
379 1199 409 1217 τε
425 1192 474 1217 καὶ
488 1190 498 1227 [
511 1191 563 1219 154
586 1191 621 1220 Η.
634 1192 644 1227 ]
662 1193 836 1227 προτάσεων,

47 1237 94 1262 καὶ
104 1237 199 1271 σαφὴς
211 1236 395 1272 διευκρίνησις
404 1237 454 1272 τῆς
460 1237 644 1273 προκειμένης
655 1238 818 1270 ὑποθέσεως.
826 1248 835 1264 ι

51 1283 83 1309 Ἦ
99 1283 151 1318 μὲν
169 1281 219 1309 οὖν
231 1282 372 1319 ἐπιγραφὴ
387 1283 499 1318 τοιαύτη
512 1283 615 1318 βιὸλίον
628 1284 730 1320 μᾶλλον
745 1285 762 1319 ἢ
779 1286 838 1311 ἐπι-

49 1330 145 1364 γραφὴ
162 1329 270 1364 βιϐλίου
287 1330 472 1364 τυγχάνουσα·
485 1330 569 1364 ἄμφω
579 1330 624 1364 δὲ,
637 1331 690 1358 ὅτε
702 1330 838 1366 Θεόδωρος

44 1376 92 1402 καὶ
110 1375 279 1410 Θεμίστιος,
294 1375 427 1410 αἱρετικοὶ
445 1375 491 1402 καὶ
505 1376 554 1410 τῆς
567 1375 622 1402 τῶν
646 1375 838 1410 Θεοπασχιτῶν

45 1421 157 1456 μερίδος
174 1419 346 1455 ὑπάρχουσι,
370 1420 483 1456 Σεὸήρῳ
494 1422 504 1436 ¹
521 1421 780 1457 προσανακείμενοι.
808 1421 838 1448 '0

44 1467 140 1503 μέντοι
152 1467 302 1501 Θεμίστιος
314 1467 330 1500 ἢ
347 1465 515 1501 Καλώνυμος
528 1468 537 1501 (
550 1466 708 1503 ἐξονομάζει
724 1468 778 1503 γὰρ
791 1467 838 1494 καὶ

43 1514 132 1545 οὕτως
146 1513 232 1544 αὐτὸς
247 1513 360 1548 ἑαυτὸν)
379 1513 428 1539 καὶ
442 1513 491 1548 τῆς
516 1512 570 1539 τῶν
590 1513 733 1548 ’Λγνοῖτῶν
745 1514 756 1530 ³
770 1522 838 1549 προ-

887 265 947 285 rum
961 259 1026 294 (56)
1054 265 1136 294 atque
1150 259 1318 288 Theodorum
1335 267 1425 296 patres
1439 261 1540 291 laudat.
1553 263 1586 291 Et
1600 273 1670 292 cou-

887 308 927 330 tra
940 305 1058 332 divinum
1074 306 1181 340 quidem
1203 306 1335 342 Cyrillum
1354 315 1408 334 non
1423 312 1477 335 tam
1498 309 1670 343 impudenter

887 348 913 376 in
934 357 982 377 eos
1009 350 1185 385 blasphemat.
1205 352 1333 379 Attamen
1362 352 1492 380 Joannem
1529 355 1616 386 hunc,
1643 357 1669 383 in

886 402 965 429 quem
978 395 1074 431 stylum
1089 396 1214 428 strinxit.
1233 397 1278 424 alii
1294 402 1423 432 praeterea
1440 399 1505 426 nulli
1520 401 1559 427 rei
1571 421 1579 434 ,
1600 409 1670 436 prae-

886 445 1009 476 terquam
1029 441 1122 476 Cyrilli
1145 443 1286 470 duodecim
1311 444 1446 479 capitibus
1466 446 1546 474 inniti
1559 447 1668 480 -rel'ert,

886 495 919 515 ac
942 488 1119 520 duodecimo,
1142 488 1196 520 ait.
1221 489 1355 522 maxime,
1371 497 1424 525 quo
1443 490 1526 518 Deum
1547 491 1592 518 ille
1604 500 1668 527 pas-

887 540 945 559 sum
973 532 1181 561 subintroducit.
1216 534 1305 569 Atque
1328 535 1354 562 in
1386 535 1429 563 his
1464 535 1543 564 ﬁnem
1571 539 1670 573 accipit

887 576 989 604 frnstra
1005 577 1051 606 ille
1069 578 1102 606 ab
1116 585 1150 606 eo
1172 584 1314 614 susceptus
1333 580 1419 608 labor.
1443 580 1516 615 Opus
1538 589 1620 614 vero.
1640 589 1670 610 ut

887 631 967 658 supra
997 624 1087 652 dicere
1109 625 1236 658 memini,
1262 625 1376 653 Leontio
1399 626 1508 654 dedicat
1542 628 1670 660 cttidam,

887 677 966 704 quem
997 670 1217 701 sanctissimum.
1248 670 1358 706 Deoque
1397 671 1612 706 charissimum,
1644 677 1671 701 et

887 715 995 743 Patrem
1012 715 1153 750 magniﬁce
1170 716 1310 750 prmdicat.

1231 761 1322 789 CVIII.

889 806 1020 834 Theodori
1032 805 1158 834 Monaclu‘
1172 806 1346 868 Αίεπῗῗάνὶηἱ
1357 807 1488 836 Adversus
1499 807 1670 837 Themiuium

1251 851 1258 867 ι
1277 850 1316 868 er.

1251 850 1316 868 mer.

960 876 1096 904 Themistii
1112 877 1240 912 Apologia
1253 885 1300 911 pro
1315 882 1406 905 sancto
1421 877 1599 912 Tlieopltobio.

923 921 1023 949 Lectus
1049 927 1091 949 est
1108 921 1244 950 Theodori
1266 922 1445 950 Alexandrini
1471 924 1595 951 monachi
1619 925 1670 951 ad-

888 975 977 995 versus
1003 966 1172 994 Tltemistium
1210 967 1289 1001 liber,
1311 968 1388 1003 cujus
1412 969 1470 996 hac
1500 969 1641 1004 inscriptio
1661 977 1668 996 :

887 1011 1046 1039 Conlutatio
1074 1012 1182 1046 brevis,
1219 1019 1270 1046 qua
1294 1013 1445 1047 superioris
1469 1014 1598 1049 temporis
1622 1014 1670 1041 de-

889 1066 943 1086 nuo
955 1059 1069 1092 repetita
1082 1058 1128 1085 illa
1145 1057 1287 1086 Themistii
1301 1058 1395 1085 contra
1408 1057 1501 1086 Patres
1525 1060 1669 1087 temeraria

889 1104 1058 1138 tiiaximeque
1080 1103 1195 1131 absurda
1219 1104 1359 1131 contentio
1378 1103 1533 1132 refellitur:
1550 1112 1565 1132 ι
1590 1104 1668 1132 nobis

888 1157 961 1177 nunc
974 1150 1115 1176 elaborata
1125 1169 1133 1182 ,
1147 1149 1290 1176 occasione
1305 1148 1472 1182 obiectarum
1487 1149 1520 1176 ab
1536 1150 1594 1184 ipso
1604 1157 1669 1177 con-

889 1201 928 1223 tra
943 1196 1086 1223 veritatem
1105 1195 1306 1230 quaestionum,
1329 1196 1410 1229 atque
1432 1195 1668 1228 enuntiationum,

888 1249 947 1268 cum
970 1240 1088 1268 dilucida
1104 1241 1285 1276 explicatione
1297 1240 1394 1274 objecti
1409 1241 1570 1275 argumenti.
1589 1250 1600 1267 ι
1617 1241 1670 1269 Ta-

888 1287 921 1314 lis
935 1287 980 1314 hic
1010 1286 1093 1321 igitur
1114 1286 1176 1314 libri
1189 1286 1303 1319 titulos,
1325 1291 1354 1313 ut
1368 1286 1435 1313 liber
1455 1287 1564 1321 potius,
1588 1294 1669 1321 quam

889 1331 982 1359 titulus
992 1331 1053 1359 libri
1065 1331 1198 1359 videatur.
1211 1330 1330 1366 Uterque
1342 1340 1407 1359 vero
1420 1331 1579 1359 Theodorus
1593 1340 1670 1367 aeque

888 1386 920 1405 ac
936 1377 1119 1410 Themistius,
1143 1378 1263 1406 hierctici
1290 1384 1317 1405 et
1334 1378 1452 1413 partium
1479 1378 1593 1405 studiosi
1611 1377 1671 1405 fuc-

889 1427 966 1454 runt,
988 1428 1081 1449 eorum
1109 1422 1154 1456 qui
1188 1421 1358 1449 divinitatem
1384 1422 1450 1456 (57)
1479 1429 1587 1457 passam
1610 1431 1671 1451 esse

889 1471 1064 1499 asseverant,
1098 1466 1202 1494 Severo
1230 1464 1360 1494 nimiruni
1390 1468 1503 1495 addicti.
1536 1468 1670 1496 Caeterum

888 1510 1068 1543 Themistius.
1081 1511 1138 1538 sive
1152 1511 1315 1547 Calonymus
1335 1512 1405 1548 (hoc
1421 1512 1492 1539 enim
1507 1512 1558 1540 sibi
1571 1520 1670 1547 cogno-

45 1560 148 1595 στάτης
173 1559 250 1586 ιστὶν
266 1560 413 1594 αἱρέσεως,
431 1560 480 1586 καὶ
496 1560 574 1594 λόγον
589 1561 659 1594 ὑπὲρ
679 1561 728 1595 τῆς
743 1560 835 1587 rotati-

889 1563 1006 1584 mentum
1031 1565 1138 1592 quoque
1154 1557 1275 1593 addidit)
1303 1558 1385 1585 etiam
1412 1558 1595 1592 Agnoetarum
1611 1557 1667 1594 (58)

43 1614 93 1641 της
105 1606 187 1632 νόσου
199 1605 378 1640 συνέγραψεν,
388 1605 417 1631 ὃν
429 1605 568 1640 ἐπέγραψε
577 1605 775 1639 (Καλωγὺμου
785 1605 836 1632 τοῦ

45 1651 93 1678 καί
103 1651 257 1684 Θεφοίλου
265 1651 413 1685 ἀπολογία
422 1651 499 1684 ὑπὲρ
511 1651 564 1678 τοῦ
579 1651 613 1677 ἐν
621 1651 716 1685 ἁγίοις
731 1652 838 1685 Θεοφο-

45 1698 125 1730 ὅίου,
150 1698 179 1724 ἐν
189 1694 212 1731 ᾧ
222 1697 270 1723 καὶ
284 1696 403 1732 Σεὸήρου
419 1716 427 1728 ,
449 1693 472 1730 ᾧ
481 1696 691 1731 προσανάιιειται
704 1696 837 1732 (τοιοῦτον

44 1745 101 1780 γὰρ
118 1744 151 1770 τὸ
172 1743 271 1777 ψεῦδος
294 1743 341 1770 καὶ
358 1744 382 1769 oi
398 1743 513 1777 ἐρασταὶ
536 1743 584 1769 τοῦ
599 1743 744 1778 ψεύδους),
769 1743 835 1769 καθ-

45 1792 175 1817 άπτεται.
185 1789 307 1820 Εὖθύνας
314 1789 343 1815 δὲ
353 1790 382 1814 ἐν
393 1788 461 1823 τῷδε
470 1789 509 1823 τῷ
520 1788 591 1823 λόγῳ
599 1788 674 1823 παρὰ
681 1790 692 1804 ⁸
699 1787 836 1823 Θεοδώρου

44 1835 264 1870 εἰσπράττεται·
280 1834 314 1860 τὰ
328 1834 382 1869 γάρ
395 1843 437 1860 τοι
457 1834 505 1861 τοῦ
527 1834 673 1869 Θεμιστίοο
696 1835 836 1870 ἐπιχειρή-

47 1889 122 1914 ματα
138 1880 260 1914 τέσσαρα
278 1879 327 1914 μὲν
343 1878 423 1910 ὅντα,
436 1881 487 1915 τὴν
503 1879 615 1913 ἄγνοιαν
631 1878 660 1905 δὲ
673 1899 681 1911 ,
696 1878 734 1910 ὡς
753 1878 835 1913 ᾡετο,

45 1926 92 1951 ἐπὶ
116 1924 240 1959 Χριστοῦ
264 1923 523 1956 κατασκευάζοντα,
546 1923 608 1950 καθ’
627 1923 657 1949 ἓν
670 1923 684 1949 ό
699 1923 835 1957 Θεόδωρος

45 1971 204 2005 ταξάμενος
213 1989 222 2002 ,
236 1970 351 2002 ἕκαστος
369 1970 481 2005 μυρίαις
493 1970 619 2001 ἀτοπίαις
628 1969 773 2005 ἐχόμενον¹
782 1969 836 1995 δεί-

45 2024 155 2043 κνυσιν.
174 2014 242 2042 Εἶτα
264 2014 345 2041 πάλιν
365 2016 379 2041 ὁ
395 2015 556 2049 Θεμίστιος,
573 2015 667 2050 ὥσπερ
682 2015 731 2050 τὴν
751 2011 835 2050 ἧτταν

44 2060 270 2095 ἀνακαλούμενος
282 2080 290 2093 ,
306 2062 377 2087 κατὰ
393 2060 532 2096 Θεοδώρου
548 2061 705 2095 μονόῦιῦλον
720 2061 834 2096 ἔγραψε.

46 2108 103 2136 Καὶ
119 2108 135 2134 ὁ
147 2107 286 2142 Θεόδωρος
301 2107 383 2133 πάλιν
395 2107 424 2133 ὲν
438 2107 512 2142 τρισὶ
523 2107 618 2142 τόμοις
632 2108 696 2139 τοὺς
712 2106 772 2133 κατ’
788 2107 835 2133 αὺ-

45 2152 93 2179 τοῦ
117 2152 249 2187 ἰλέγχους
272 2152 550 2186 ἀποσκευασάμενος,
574 2153 623 2188 τὴν
649 2152 752 2179 οίκείαν
774 2153 835 2179 ἑπὶ⁶

45 2197 138 2233 τούτῳ
153 2197 234 2229 δόξαν
255 2197 342 2233 ἀληθῆ
366 2198 568 2233 παρεστήσατο.
594 2198 672 2224 Ἐστι
691 2198 719 2224 δὲ
733 2198 835 2224 τούτων

46 2243 179 2277 ἑκάτερος
196 2242 244 2269 τοῦ
258 2251 288 2269 τε
303 2243 470 2278 συγγράφειν
484 2244 533 2269 οὐκ
549 2243 671 2279 ἀπείρως
685 2242 754 2278 ἔχων
767 2263 774 2275 ,
789 2243 836 2269 καὶ

46 2288 77 2314 τὸ
92 2288 182 2322 σαφὲς
195 2288 265 2323 μετὰ
281 2288 329 2315 τοῦ
346 2289 472 2315 συντόνου
495 2289 543 2315 καὶ
563 2289 610 2315 τοῦ
636 2288 836 2324 καθεστηκότος

47 2334 77 2362 ἐν
92 2334 187 2368 λόγοις
202 2334 307 2361 διώκων
317 2334 338 2362 ⁷.
421 2362 423 2365 ,

409 2381 471 2408 ΡΘ’.

48 2425 226 2460 Κλήμεντος
253 2425 479 2460 Ἀλεξανδρείας
507 2426 710 2460 πρεσϐυτέρου
719 2425 835 2458 βιϐλία.

89 2471 262 2508 ’Δνεγνώσθη
294 2472 452 2507 Κλήμεντος
485 2472 682 2506 Ἀλεξανδρέως
712 2471 833 2506 πρεσϐυ-

888 1607 969 1629 sectae
984 1606 1065 1637 caput
1089 1601 1141 1629 fuit
1157 1611 1164 1629 :
1181 1602 1214 1629 de
1238 1609 1291 1637 qua
1316 1607 1344 1630 et
1370 1602 1468 1630 librum
1487 1602 1667 1638 conscripsit,

888 1646 966 1673 aﬂixo
988 1646 1065 1674 titulo
1081 1654 1088 1673 :
1105 1646 1240 1681 Colonymi
1256 1655 1301 1673 seu
1332 1646 1469 1674 Themistii
1481 1647 1602 1683 apologia
1621 1656 1669 1682 pro

887 1698 978 1720 sancto
996 1692 1159 1727 Tlteophobio
1173 1692 1252 1728 (59).
1264 1692 1323 1726 Quo
1334 1693 1360 1720 in
1375 1693 1443 1721 libro
1460 1694 1547 1728 ipsum
1563 1701 1671 1728 quoque

888 1740 1036 1772 Severum,
1057 1739 1100 1766 cui
1140 1744 1229 1766 tamen
1249 1738 1373 1766 addictus
1398 1744 1456 1767 erat
1470 1740 1558 1775 (tanta
1573 1745 1614 1767 est
1629 1741 1670 1768 vis

887 1784 1014 1812 falsitatis
1024 1805 1032 1818 ,
1050 1784 1101 1811 tale
1111 1789 1139 1811 et
1154 1785 1288 1812 mendacii
1300 1789 1423 1813 amantes
1435 1785 1444 1820 )
1462 1786 1647 1821 perstringens
1660 1806 1669 1820 ,

887 1830 1022 1857 dictorum
1051 1838 1066 1857 a
1088 1829 1232 1857 Theodoro
1268 1830 1388 1857 rationes
1412 1830 1505 1866 exigit.
1527 1830 1668 1858 Themistii

887 1876 960 1903 enim
973 1879 1091 1910 quatuor
1108 1879 1268 1910 argumenta
1279 1875 1324 1902 illa
1334 1895 1342 1908 ,
1354 1875 1453 1909 quibus
1479 1884 1509 1903 se
1529 1877 1667 1904 inscitiam

887 1922 913 1949 in
930 1921 1040 1949 Christo
1063 1921 1193 1955 probasse
1215 1921 1409 1954 arbitrabatur,
1435 1921 1595 1949 Theodorus
1610 1923 1668 1950 siu-

886 1967 997 2003 gulatitn
1015 1967 1169 2001 expendens
1191 1972 1273 2002 atque
1298 1968 1451 2002 aestimans,
1483 1969 1587 2004 singula
1605 1976 1668 1997 sex-

886 2017 964 2040 centa
987 2011 1130 2039 continere
1153 2012 1272 2040 absurda
1301 2013 1432 2041 ostendit.
1463 2013 1532 2042 Hinc
1559 2022 1667 2043 rursum

886 2057 1053 2085 Themistius
1067 2065 1075 2083 :
1090 2062 1229 2091 acceptam
1243 2058 1325 2085 veluti
1339 2058 1443 2086 cladem
1459 2066 1598 2094 reparans,
1611 2061 1668 2088 sin-

886 2103 1008 2138 gularem
1022 2102 1121 2130 librum
1137 2103 1165 2129 in
1190 2101 1365 2130 Theodorum
1382 2105 1556 2139 conscripsit.
1577 2105 1666 2134 Theo-

886 2148 968 2174 dorus
991 2152 1086 2174 autem
1113 2146 1199 2174 tribus
1215 2147 1335 2174 vicissim
1354 2148 1448 2179 libris,
1469 2155 1496 2176 et
1515 2149 1593 2185 89a
1608 2158 1667 2185 quae

886 2193 930 2220 ille
945 2193 1170 2228 reprehenderat.
1183 2192 1301 2227 refutat,
1315 2198 1342 2221 et
1356 2201 1432 2221 suam
1453 2195 1487 2222 de
1508 2196 1557 2222 hac
1573 2203 1602 2223 re
1619 2204 1664 2223 vc-

888 2246 945 2266 ram
980 2237 1136 2273 opinionem
1171 2238 1291 2273 exponit.
1311 2238 1430 2274 Uterque
1450 2239 1585 2268 scribendi
1611 2248 1665 2268 non

887 2284 1046 2318 imperitus,
1069 2283 1290 2318 perspicuitatem
1315 2284 1402 2312 solida
1419 2292 1480 2312 cum
1498 2286 1667 2314 vehementia

886 2331 914 2358 in
928 2330 1042 2358 dicendo
1057 2334 1178 2358 sectatus
1197 2337 1250 2359 est.

1245 2376 1311 2404 CIX.

970 2421 1112 2449 Clementis
1125 2422 1302 2450 Alexandrini
1318 2424 1465 2458 presbyteri
1479 2424 1595 2460 Scripta.

923 2467 1006 2495 Lecta
1020 2473 1083 2495 sunt
1099 2467 1248 2496 Clementis
1260 2468 1317 2504 (59)
1331 2469 1505 2498 Alexandrini
1518 2472 1667 2507 presbyteri

685 2517 801 2545 VARI/1‘1
821 2514 1022 2543 LECTIONES.

83 2565 108 2580 ¹⁹
123 2564 173 2591 καὶ
184 2571 239 2591 om.
251 2570 292 2598 pr.
312 2563 345 2591 Α.
397 2565 406 2580 ¹
424 2563 504 2598 ήμῶν
521 2564 582 2591 add.
603 2563 635 2590 Α.

48 2600 112 2635 περί
128 2608 161 2632 ς.
198 2599 210 2615 ⁵
224 2599 341 2634 ἐχόμενα
356 2599 389 2626 Α.
426 2599 437 2614 ⁵
449 2599 496 2625 ὲπί
511 2599 535 2625 Α
550 2607 556 2625 :
572 2601 602 2625 ὲν
616 2607 647 2631 ς.

686 2564 771 2605 {post
789 2562 989 2605 Σεςὶήρωουηι
1006 2560 1030 2588 Α
1054 2561 1133 2588 omisi
1151 2560 1190 2589 δέ.

683 2598 693 2613 ⁷
707 2598 814 2624 διώκων
825 2598 854 2623 ὲν
869 2598 959 2630 λόγοις
973 2604 1004 2627 ς.

1240 2561 1252 2576 ⁸
1265 2561 1405 2597 ἀγνοητῶν
1423 2562 1457 2590 Δ.
1505 2562 1516 2579 δ
1533 2563 1608 2598 παρά
1635 2565 1667 2591 Α.

800 2642 916 2671 ΝΟΤΔΕ.

82 2692 154 2732 (5_6)
171 2690 223 2718 Hie
237 2690 393 2724 Tarsensis,
407 2699 523 2726 sequens
536 2691 704 2727 Mopsuestia
726 2690 832 2725 episco-

47 2728 367 2797 wfsgglgfheopaschitz
383 2769 397 2788 a
414 2761 516 2797 Grtecis
532 2761 668 2796 appellati.
695 2760 762 2797 Vide
782 2760 832 2789 Ni-

48 2795 126 2832 Qpb.
143 2796 192 2832 lib.
208 2801 277 2832 xvttt
291 2795 423 2832 Historia:
440 2795 595 2832 Ecclesia".
611 2804 671 2832 cap.
689 2796 735 2832 5t.

887 2695 941 2727 tur,
960 2687 1038 2722 cujus
1056 2688 1243 2727 sup_.__mentio
1264 2689 1329 2727 cod.
1349 2689 1395 2717 25.
1415 2691 1439 2716 Δ
1463 2699 1516 2726 quo
1538 2692 1665 2727 Agnoetas

885 2721 1092 2784 ρτίηιὲιιῐῖἷὺροῧὲ
1105 2721 1283 2784 ἷὲῗὲῗέῗιίηηὶ
1303 2724 1380 2758 dicti,
1399 2730 1429 2752 ut
1443 2721 1482 2753 ai't
1500 2721 1594 2755 beatus
1616 2727 1667 2755 Da—

890 2766 948 2784 lﬂﬂs
968 2777 975 2784 ι
1030 2776 1037 2783 α
1219 2767 1260 2784 ΙΙΙ.

889 2765 975 2786 tnusc.
991 2757 1037 2783 lib.
1055 2757 1092 2784 De
1106 2757 1260 2785 haresibur.

889 2828 894 2829 γ
921 2792 1067 2829 (591Lege
1084 2791 1186 2829 _Ba_ron.
1202 2795 1278 2829 card.
1298 2794 1396 2821 Annal.
1416 2801 1481 2823 tom.
1499 2796 1531 2829 ll,
1553 2800 1579 2824 et
1598 2797 1666 2824 edit.

83 2826 142 2866 '(58)
158 2830 274 2868 Niceph.
290 2831 336 2868 lib.
352 2838 420 2868 _x_\rllt
447 2831 548 2868 Eccles.
566 2832 628 2858 Ιιὶιι.
644 2826 704 2866 'cap.
719 2831 764 2868 50,
775 2838 828 2868 non
883 2826 1092 2868 ιριηίμερωιι
1113 2826 1234 2863 ιιοτνοιί,
1256 2828 1391 2865 Notusque
1425 2831 1452 2859 in
1478 2826 1666 2860 Germanicam

49 2865 218 2893 Themistius
234 2865 277 2892 hic
292 2866 340 2892 sub
352 2865 460 2893 Valente
477 2867 651 2900 philosophus
663 2865 731 2899 ,Vsed
741 2867 830 2900 potius
882 2865 977 2892 edit.“

51 2901 172 2930 Cononis
185 2900 233 2929 ille
250 2900 278 2928 in
293 2902 468 2936 oppugnando
481 2901 630 2936 Philopouo
648 2901 739 2930 socius
753 2901 827 2930 vidc-
