1938 3091
278 134 331 168 383

860 133 993 165 PHOTII
1010 129 1262 163 PATRIARCHA!
1273 129 1328 160 ΕΡ.

1855 124 1904 158 38ι

278 191 330 218 tria
353 190 484 218 librorum
511 189 658 222 volumina,
687 196 802 223 quorttm
823 190 904 216 troius
926 187 1068 223 inscriptio

1121 185 1199 221 τέρου
1218 183 1303 219 τεύχη
1327 182 1437 218 βιϐλίων
1461 181 1536 217 τρία,
1563 177 1602 208 ὧν
1615 180 1648 208 τὸ
1673 179 1724 216 μὲν
1749 180 1905 216 ἐπιγραφὴν

276 240 328 269 est,
347 235 539 271 llypotypases;
556 233 679 267 alterius,
695 233 883 265 Slramateus;
908 232 980 259 tcrtii
1001 238 1065 258 vero

278 280 454 315 Pwdagogus.

352 325 567 360 Hypotyporeon,
581 325 632 352 sive
641 324 849 360 Dirpositionum
865 323 926 350 libri
938 331 997 350 vni.

314 371 501 407 llypotyposes
525 371 634 406 quidem
670 370 893 405 disceptationem
926 370 1068 396 continent

277 416 397 443 locorum
410 415 513 451 aliquot
535 415 639 442 Veteris
659 414 780 450 Novique
803 415 982 446 Testamenti,
1007 421 1068 446 qua:

277 463 358 489 etiam
379 462 537 490 summatim
559 462 695 494 explicat,
719 466 746 488 et
772 460 982 494 interpretatur.
1009 459 1066 486 Etsi

278 513 368 534 autem
385 512 458 534 recte
472 507 499 534 in
514 507 674 541 quibusdam
698 506 801 534 sentire
816 506 890 533 visus
901 510 952 538 est,
969 505 994 533 in
1008 505 1068 531 aliis

278 561 373 581 rursus
387 553 467 588 impie
485 553 597 580 omnino
623 552 799 587 fabuloseque
823 551 942 578 disserit.
964 551 1070 578 Asserit

277 600 349 626 enim
363 599 505 626 materiam
527 604 660 626 aeternam
675 605 749 630 esse,
765 603 792 626 et
810 598 884 625 ideas
896 597 977 623 veluti
988 597 1070 624 certis

278 645 396 672 decretis
409 644 496 672 induci
511 644 597 679 ﬁngit.
612 643 708 671 Filium
729 650 835 678 quoque
852 644 877 670 in
898 643 979 670 rebus
992 650 1069 670 crea-

280 691 314 718 tis
335 694 471 717 numerat.
495 690 597 717 Adhaec
619 690 770 716 animarum
788 689 973 723 migrationes.
999 688 1070 716 mul-

280 741 374 771 tosque
389 741 452 764 ante
465 736 596 763 Adamum
610 736 725 763 mundos
740 735 894 770 prodigiose
913 734 1072 762 comminis-

279 785 362 811 citur.
379 783 461 810 Evam
475 787 619 818 praaterea.
635 790 666 810 ex
682 782 799 813 Adamn.
814 790 867 809 non
882 786 911 809 ιιι
923 782 994 809 sacri
1006 780 1069 808 libri

280 830 401 861 tradunt,
423 829 470 856 sed
487 828 605 856 obscene
629 833 710 862 atque
728 828 809 863 impie
829 827 930 855 educit.
955 827 1072 861 Angelos

281 883 401 910 quoque,
416 883 476 902 cum
491 874 598 902 feminis
611 874 889 909 congressosJiberos
899 874 960 901 inde
971 878 1068 900 sustu—
1083 864 1104 892 Β

279 921 344 948 lisse
359 920 486 948 somniat.
503 920 573 954 Quin
586 926 612 948 et
627 920 741 948 Verbum
758 927 867 947 carnem
883 927 935 947 non
949 927 1008 946 esse
1020 919 1064 946 fa-

278 971 364 998 ctum,
380 966 427 993 sed
450 966 487 993 ita
512 966 601 993 visum
619 967 760 992 duntaxat.
784 966 839 993 Duo
855 966 888 993 ad
909 965 966 993 luec
981 964 1069 992 Patris

278 1013 367 1040 Verba
387 1013 502 1040 finxisse
519 1012 744 1047 deprehenditur,
756 1019 870 1046 quorutn
890 1011 979 1038 minus
994 1019 1068 1038 mor-

277 1059 378 1087 talibus
404 1059 439 1087 sit
456 1059 554 1087 visum.
576 1059 633 1086 lmo
656 1066 687 1086 ne
704 1059 753 1085 hoc
778 1058 904 1093 quidem;
934 1058 974 1085 sic
996 1058 1067 1084 enitn

277 1105 393 1133 scribit:
409 1114 418 1131 ι
435 1105 538 1132 Dicitur
557 1105 666 1137 quidem
692 1109 719 1132 et
735 1103 822 1131 Filius
844 1103 962 1131 Verbum
984 1104 1069 1138 :equl-

280 1159 347 1180 voce
359 1160 420 1179 cum
439 1151 532 1179 Patrio
550 1150 652 1179 Verbo.
675 1150 775 1178 Verum
788 1150 847 1186 (60)
862 1157 949 1185 neque
968 1150 1018 1177 hoc
1035 1150 1069 1177 il-

277 1198 323 1225 lud
342 1197 460 1225 Verbum
473 1202 528 1229 est,
545 1198 616 1232 quod
630 1204 694 1225 caro
708 1197 808 1224 factum
825 1201 876 1228 est,
893 1203 979 1230 neque
987 1196 1069 1222 etiam

277 1243 399 1270 Patrium
416 1243 482 1271 illud
497 1242 614 1270 Verbum
632 1251 639 1269 :
653 1243 700 1270 sed
717 1243 756 1269 vis
771 1242 893 1277 quamam
905 1249 937 1268 ac
948 1245 1069 1275 potestas

278 1290 336 1322 Dei,
352 1295 481 1325 tanquam
495 1297 511 1316 a
524 1288 614 1316 Verbo
629 1290 687 1324 ipso
698 1288 846 1324 proﬂuens,
862 1295 938 1314 ruens
961 1286 1068 1321 effecta,

279 1335 420 1362 hominum
441 1335 547 1362 animos
570 1335 698 1368 pervasit.
723 1343 732 1359 ›
755 1333 820 1367 Quae
846 1333 952 1368 quidem
978 1334 1068 1360 omnia

278 1388 363 1408 sacrae
373 1380 522 1416 Scriptura
532 1381 694 1408 testimoniis
705 1380 809 1415 aliquot
822 1385 945 1407 astruere
957 1379 1066 1406 nititur.

278 1427 439 1462 Quanquam
455 1431 482 1455 et
497 1427 548 1454 alia
562 1426 588 1454 id
603 1434 688 1462 genus
698 1430 826 1454 sexeenta
836 1425 990 1459 blasphema
1004 1431 1068 1452 voce

279 1478 406 1509 nugatur,
422 1481 469 1501 seu
486 1473 555 1509 ipse,
576 1473 633 1501 sive
647 1472 708 1507 quis
726 1472 796 1499 alius
811 1471 879 1507 (61),
895 1471 954 1506 ejus
975 1479 1068 1506 perso-

279 1527 340 1547 nam
359 1519 468 1546 indutus
478 1527 486 1552 ;
496 1519 576 1554 plane
589 1524 618 1546 ut
631 1524 694 1546 octo
707 1519 781 1554 ipsos
795 1517 879 1545 libras
894 1517 969 1545 hisce
993 1516 1067 1544 blas-
1080 1510 1102 1561 (.1

278 1565 449 1601 pbemiarum
473 1565 615 1600 portentis.
636 1565 670 1593 de
696 1563 793 1592 iisdem
817 1563 963 1591 identidetn
985 1563 1070 1590 disse-

280 1612 375 1644 rettdo,
402 1619 436 1639 ac
454 1611 570 1646 sparsim
596 1615 679 1646 atque
705 1610 829 1643 confuse,
855 1609 937 1636 veluti
959 1612 1071 1643 stupore

280 1657 420 1692 perculsus
436 1657 593 1692 Scripturas
618 1657 802 1692 producendo,
830 1655 983 1690 repleverit.
999 1654 1069 1683 Uni-

278 1702 350 1730 versi
367 1706 455 1729 autem
471 1701 562 1737 operis
576 1708 676 1736 scopus
695 1700 781 1728 fuisse
796 1700 904 1728 videtur
919 1699 1069 1732 Geneseos,

279 1747 375 1781 Exodi,
398 1747 579 1781 Psalmorum,
596 1747 779 1782 Epistolarum
791 1746 861 1774 beati
880 1745 966 1779 Pauli,
981 1751 1008 1774 et
1022 1753 1070 1774 ca-

281 1795 457 1828 tholicarum,
474 1802 507 1822 ac
527 1795 645 1830 denique
665 1794 851 1823 Ecclesiasliei
865 1794 1068 1830 interpretatio.

282 1839 338 1867 lloc
353 1841 461 1868 interim
478 1841 580 1868 fatetur
603 1841 662 1876 ipse
676 1840 838 1876 discipulum
854 1847 885 1868 se
904 1840 989 1869 fuisse
998 1840 1069 1869 Pan-

280 1887 354 1914 taeni.
370 1886 424 1914 Sed
441 1887 475 1914 de
491 1886 702 1923 Hypotyposibur
718 1888 863 1915 hactenus.

650 1933 708 1961 CX.

457 1979 583 2015 Ejusdem
606 1979 749 2015 Pwdagogi
771 1979 832 2006 libri
849 1988 891 2008 ιιι.

317 2025 378 2054 Jam
397 2025 564 2061 Pwdagogus
587 2026 674 2054 tribus
703 2026 780 2053 libris
797 2027 870 2062 89b
889 2027 1068 2062 conscriptus,

280 2074 363 2101 vitam
376 2081 521 2109 moresque
531 2073 674 2107 informat;
690 2074 789 2108 quibus
798 2079 824 2100 et
833 2074 914 2100 alium
925 2075 1069 2109 quemdam

280 2120 436 2155 praemittit,
465 2118 640 2154 adiungitque
666 2118 829 2153 singularem
865 2119 984 2151 librum,
1016 2127 1070 2154 quo

281 2165 401 2200 gentium
415 2164 512 2193 refellit
524 2165 690 2198 impietatem
707 2163 772 2200 (62).
782 2163 853 2191 Nihil
867 2170 957 2192 autem
978 2165 1069 2193 similc

282 2209 382 2236 habent
404 2209 430 2236 hi
459 2216 554 2236 omnes
575 2215 635 2235 cum
658 2207 889 2243 Hypolyposibul,
916 2209 1024 2243 quando
1041 2214 1069 2236 et

281 2254 388 2282 stolidis
402 2255 454 2282 illis
467 2262 499 2282 ac
512 2254 680 2289 blasphemis
697 2254 872 2288 opinionibus
886 2255 998 2282 omnino
1019 2262 1068 2282 va-

282 2306 356 2333 cant,
371 2305 400 2328 et
413 2301 498 2328 dictio
513 2301 570 2335 ipsa
585 2301 612 2328 in
636 2300 678 2328 his
699 2300 821 2327 floridior
836 2301 869 2327 ad
890 2305 1067 2335 temperatam

282 2346 426 2380 quamdatu
440 2346 598 2380 gravitatem
613 2353 665 2373 non
683 2345 741 2373 sine
758 2345 927 2380 jucunditate
941 2347 1069 2381 assurgit,

282 2397 310 2420 et
324 2393 397 2421 varia
414 2392 470 2426 illa,
494 2401 554 2429 qua:
575 2393 602 2421 in
615 2393 649 2421 iis
665 2397 718 2426 est,
737 2400 827 2420 rerum
854 2393 985 2428 cognitio,
1003 2393 1069 2420 nihil

1116 231 1212 267 ἔλαχεν
1236 228 1469 262 ’Υποτυπώσεις,
1493 228 1524 255 τὸ
1546 227 1574 255 δὲ
1598 226 1804 263 Στρωματεὺς,
1830 227 1863 253 τὸ
1883 226 1907 252 δὲ

1116 277 1306 313 Παιδαγωγός
1321 277 1342 304 ⁸.

1290 322 1524 351 Ὑποτυπὼσεων
1550 322 1634 356 τόμοι
1652 320 1739 347 ὀκτὼ.

1155 372 1188 399 Ai
1203 371 1252 407 μὲν
1268 368 1314 398 οὖν
1326 368 1545 401 Ὑποτυπώσεις
1555 367 1769 402 διαλαμὸάνουσι
1777 365 1847 401 περὶ
1863 366 1908 400 ρη-

1117 419 1172 444 τῶν
1187 425 1268 444 τινων
1277 416 1329 452 τῆς
1344 425 1373 443 τε
1386 415 1508 447 Παλαιᾱς
1522 414 1570 441 καὶ
1584 414 1657 445 Νέας
1669 413 1793 449 Γραφῆς.
1811 409 1852 439 ὧν
1864 412 1908 438 καὶ

1119 463 1313 499 κεφαλαιωδῶς
1335 463 1374 495 ὡς
1395 462 1476 498 δῆθεν
1493 460 1623 496 ἐξήγησιν
1639 468 1669 486 τε
1690 459 1738 486 καὶ
1758 457 1909 498 ἑρμηνείαν

1120 511 1248 536 ποιεῖται.
1267 509 1322 536 Καὶ
1338 509 1367 535 ὲν
1382 507 1439 534 τισὶ
1456 508 1506 543 μὲν
1517 507 1606 533 αὐτῶν
1618 505 1707 541 ὀρθῶς
1717 505 1792 531 δοκεῖ
1807 504 1908 538 λέγειν,

1120 558 1149 584 ὲν
1163 557 1219 584 τισὶ
1230 556 1258 583 δὲ
1270 555 1411 587 παντελῶς
1423 555 1464 587 εῑς
1478 554 1586 584 ἀσεϐεῖς
1599 553 1646 580 καὶ
1662 551 1797 588 μυθώδεις
1814 551 1908 585 λόγους

1121 602 1278 638 ἐκφέρεται.
1289 601 1376 637 ’Υλην
1390 609 1422 628 τε
1442 600 1498 636 γὰρ
1512 600 1626 635 ἄχρονον
1648 598 1697 625 καὶ
1713 596 1786 628 ἰδέας
1801 597 1841 628 ὡς
1857 596 1909 622 ἀπὸ

1119 657 1202 676 τινων
1218 647 1308 684 ῥητῶν
1322 646 1504 682 εἰσαγομένας
1522 645 1640 678 δοξάζει,
1664 643 1712 671 καὶ
1726 643 1772 670 τὸν
1789 642 1858 669 Υἱδν
1873 643 1909 674 εἰς

1121 693 1224 729 κτίσμα
1236 692 1363 728 κατάγει.
1381 692 1443 719 Ἔτι
1456 691 1485 719 δὲ
1506 689 1717 727 μετεμψυχώσει
1733 688 1779 716 καὶ
1794 688 1910 721 πολλοὺς

1121 740 1176 774 πρὸ
1195 739 1242 766 τοῦ
1271 739 1358 774 Ἀδὰμ
1386 738 1506 774 κόσμους
1521 737 1697 774 τερατεύεται
1711 743 1718 751 ⁸
1740 735 1789 762 καὶ
1810 735 1844 761 ὲκ
1866 733 1910 760 τοῦ

1128 786 1214 821 Ἀδὰμ
1237 785 1288 822 τὴν
1310 785 1400 816 Εὕαν,
1423 785 1473 820 οὐχ
1490 783 1530 816 ὡς
1549 785 1563 811 ὁ
1582 782 1813 818 ἐκκλησιαστικδς
1833 780 1910 816 λόγος

1123 832 1256 869 βούλεται,
1281 831 1340 859 ἀλλ’
1354 831 1475 866 αἰσχρῶς
1493 838 1524 856 τε
1540 829 1587 856 καὶ
1601 829 1689 860 ἀθέως
1710 826 1894 861 ἀποφαίνεται
1904 833 1910 841 ι

1121 878 1265 915 μίγνυσθαι
1279 887 1309 904 τε
1320 879 1384 909 τοὺς
1401 876 1534 911 ἀγγέλους
1548 875 1656 909 γυναιξὶ
1673 875 1721 901 καὶ
1740 873 1912 901 παιδοποιεῖν

1119 924 1148 957 ἐξ
1160 924 1249 951 αὐτῶν
1263 922 1440 959 ὀνειροπολεῖ,
1459 921 1553 958 καὶμὴ
1567 920 1796 957 σαρκωθῆναιτῦν
1810 919 1907 953 Λόγον.

1119 970 1188 997 ἀλλὰ
1202 969 1286 1003 δόξαι.
1304 970 1409 1004 Λόγους
1426 978 1455 996 τε
1475 968 1522 996 τοῦ
1539 967 1648 1004 Πατρδς
1664 967 1711 994 δύο
1722 965 1912 1001 τερατολογῶν

1119 1016 1312 1051 ἀπελέγχεται,
1329 1012 1366 1042 ῶν
1387 1015 1434 1042 τὸν
1454 1015 1555 1050 ἥττονα
1572 1015 1630 1046 τοῖς
1644 1014 1655 1030 ⁹
1677 1012 1835 1046 ἀνθρώποις
1857 1013 1914 1037 ἐπι-

1119 1062 1247 1096 φανῆναι,
1263 1059 1399 1096 μᾶλλονδὲ
1414 1059 1474 1086 οὐδὲ
1490 1059 1603 1085 ἐκεῖνον·
1618 1058 1685 1094 φηςι-λ⁸
1695 1058 1758 1092 γάρ·
1769 1067 1778 1082 ι
1791 1057 1913 1090 Λέγεται

1121 1107 1171 1142 μὲν
1187 1107 1235 1133 καὶ
1255 1107 1269 1132 ὁ
1288 1105 1352 1137 Υἱὸς
1367 1105 1464 1140 Λόγος,
1480 1104 1638 1140 ὁμωνύμως
1659 1103 1698 1138 τῷ
1715 1102 1849 1138 Πατρικῷ
1861 1102 1913 1129 Λό-

1119 1161 1171 1187 γῳ⁹
1185 1151 1242 1178 ἀλλ’
1261 1151 1311 1186 οὺχ
1322 1151 1345 1167 ¹⁰
1362 1146 1440 1182 οὖτός
1456 1150 1531 1176 ἐστιν
1545 1150 1559 1176 ό
1577 1148 1646 1185 σὰρξ
1666 1148 1814 1183 γενόμενος
1825 1157 1832 1163 ·
1852 1148 1914 1174 οὐδε

1121 1199 1174 1234 μὴν
1188 1199 1202 1225 ὁ
1217 1197 1348 1233 Πατρῷος
1369 1197 1472 1231 Λόγος,
1498 1195 1566 1223 ἀλλὰ
1579 1195 1693 1231 δύναμις
1712 1204 1753 1226 τις
1768 1194 1817 1221 τοῦ
1833 1194 1913 1225 Sed»,

1119 1242 1175 1272 οἷον
1193 1244 1329 1279 ἀπόρῤοια
1347 1242 1395 1270 τοῦ
1412 1242 1500 1277 Λόγου
1516 1241 1610 1275 αὑτοῦ,
1627 1241 1690 1273 νοῦς
1702 1241 1851 1276 γενόμενος
1865 1240 1914 1272 τὰς

1119 1290 1174 1317 τῶν
1205 1289 1359 1325 ἀνθρώπων
1375 1288 1489 1325 καρδίας
1501 1288 1707 1324 διαπεφοίτηκε.
1727 1297 1736 1313 ι
1751 1287 1807 1314 Καὶ
1823 1287 1913 1313 ταῦτα

1121 1337 1212 1364 πάντα
1227 1336 1357 1372 πειρᾶται
1372 1335 1393 1351 ¹¹
1407 1335 1462 1362 ἀπὸ
1481 1334 1572 1370 ῥητῶν
1591 1342 1672 1360 τινων
1691 1332 1915 1365 κατασκευάζειν

1119 1382 1169 1417 τῆς
1186 1382 1307 1418 Γραφῆς.
1322 1381 1379 1408 Καὶ
1392 1380 1460 1408 ἄλλα
1470 1380 1499 1407 δὲ
1512 1379 1599 1416 μυρία
1607 1379 1724 1415 φλυαρεῖ
1732 1380 1779 1405 καὶ
1787 1378 1916 1414 βλασφη-

1120 1429 1210 1465 psi“,
1226 1428 1281 1454 εἴτε
1302 1427 1395 1460 αὐτὸς,
1414 1427 1468 1454 εἴτε
1489 1435 1531 1458 τις
1555 1426 1650 1462 ἕτερος
1668 1426 1700 1453 τὸ
1719 1425 1802 1453 αὐτοῦ
1827 1434 1915 1461 προσ-

1119 1484 1194 1503 ωπον
1206 1474 1375 1512 ὑποκριθείς.
1385 1472 1568 1509 Ἐποιήθησαν
1577 1473 1605 1499 δὲ
1619 1471 1693 1508 αὑτῷ
1709 1472 1737 1498 αἱ
1753 1471 1914 1506 βλάσφημοι

1120 1520 1202 1550 αἴιται
1226 1521 1414 1557 τερατολογζαι
1439 1522 1468 1547 έν
1492 1519 1588 1554 τόμοις
1609 1518 1692 1546 ὀκτώ.
1712 1518 1793 1553 Λέγει
1813 1518 1845 1546 δὲ
1869 1519 1915 1545 καὶ

1121 1567 1251 1604 περὶτῶν
1262 1567 1353 1594 αὐτῶν
1367 1566 1509 1598 πολλάκις,
1530 1566 1579 1593 καὶ
1592 1565 1730 1601 σποράδην
1748 1564 1797 1592 καὶ
1818 1573 1917 1599 συγκε-

1120 1615 1248 1650 χυμένως
1275 1612 1340 1649 [288
1359 1611 1408 1649 11.]
1432 1612 1527 1648 ὥσπερ
1551 1611 1708 1647 ἔμπληκτος
1736 1611 1861 1646 παράγει
1884 1611 1918 1637 τὰ

1122 1660 1203 1696 ῥητά.
1231 1660 1260 1686 '0
1271 1659 1299 1685 δὲ
1314 1659 1374 1692 ὅλος
1390 1658 1491 1690 σκοπὸς
1508 1657 1610 1686 ὡσανεὶ
1642 1657 1786 1693 ἑρμηνεῖαι
1811 1657 1918 1692 τυγχά-

1122 1714 1198 1732 νουσι
1209 1705 1259 1740 τῆς
1273 1704 1420 1736 Γενέσεως,
1440 1704 1490 1739 τῆς
1512 1703 1629 1736 Ἐξόδου.
1640 1702 1696 1729 τῶν
1711 1702 1851 1738 Ψαλμῶν,
1869 1702 1917 1728 τοῦ

1121 1751 1194 1779 θείου
1203 1752 1224 1768 ⁸³
1241 1751 1349 1778 Παύλου
1359 1750 1414 1778 τῶν
1431 1749 1609 1782 Ἐπιστολῶν,
1621 1749 1730 1776 καὶτῶν
1739 1748 1916 1777 Καθολικῶν.

1120 1799 1228 1827 καὶτοῦ
1249 1797 1464 1834 Ἑκκλησιαστοῦ
1480 1797 1513 1824 ¹⁸.
1533 1796 1665 1831 Μαθητής
1689 1795 1729 1828 δὲ,
1745 1796 1783 1828 ὡς
1802 1797 1855 1822 καὶ
1874 1797 1918 1823 αὖ·

1119 1845 1166 1876 τός
1190 1853 1267 1880 φησι,
1292 1843 1387 1878 γέγονε
1406 1843 1568 1870 Πανταίνου.
1589 1842 1672 1870 Ἀλλὰ
1694 1841 1783 1869 ταῦτα
1811 1842 1867 1877 μὲν
1890 1842 1918 1869 αἱ

1127 1889 1364 1923 Ύποτυπώσεις.

1476 1935 1532 1963 Ριν.

1204 1982 1260 2011 Τοῦ
1279 1982 1372 2021 αὺτοῦ
1384 1982 1401 2009 ό
1421 1981 1614 2017 Παιδαγωγός
1636 1981 1672 2008 ἐν
1689 1981 1792 2016 τόμοις
1805 1979 1847 2015 τ’.

1162 2028 1192 2056 Ὅ
1220 2028 1249 2055 δὲ
1263 2027 1454 2063 Παιδαγωγός
1468 2028 1497 2053 ὲν
1523 2027 1597 2063 τρισὶ
1621 2027 1715 2062 τόμοις
1734 2026 1810 2053 ἐστὶν
1840 2026 1917 2059 αὐτῷ

1119 2073 1375 2109 διαπεπονημένος,
1415 2072 1498 2108 ἤθους
1527 2071 1575 2099 καὶ
1603 2071 1663 2107 βίου
1698 2069 1916 2107 κατορθωτικὸς.

1122 2120 1199 2155 Ἔχει
1212 2119 1240 2146 δὲ
1256 2119 1360 2145 τούτων
1374 2119 1421 2145 καὶ
1437 2118 1644 2154 προηγούμενον
1663 2118 1711 2144 καὶ
1731 2118 1915 2152 own-stop;-

1120 2173 1165 2191 vov
1194 2163 1273 2198 λόγον
1292 2163 1395 2198 ἕτερον,
1432 2163 1460 2189 ὲν
1537 2163 1586 2198 τὴν
1618 2162 1753 2198 Ἑλλήνων
1779 2162 1919 2197 διελέγχει

1119 2209 1264 2245 ἀθεότητα.
1280 2208 1363 2235 Οὐδὲν
1376 2208 1403 2235 δὲ
1422 2209 1515 2243 ὅμοιον
1526 2207 1618 2243 ἔχουσι
1632 2207 1701 2244 πρὸς
1719 2207 1772 2239 τὰς
1787 2207 1920 2234 ’Υπςινιι⁴

1118 2255 1230 2287 πώσεις
1250 2252 1324 2281 οὗτοι
1353 2254 1378 2280 οἱ
1397 2253 1470 2288 λόγοι
1483 2261 1490 2269 ’
1519 2254 1574 2280 τῶν
1591 2262 1621 2280 τε
1643 2253 1697 2287 γὰρ
1719 2253 1849 2288 ματαίων
1875 2254 1920 2279 καὶ

1118 2300 1288 2336 βλασφημῶν
1300 2299 1508 2335 ἀπηλλαγμένοι
1522 2299 1606 2332 δοξῶν
1624 2299 1825 2334 καθεστήκασι,
1837 2299 1888 2325 καὶ
1904 2299 1919 2333 ἡ

1119 2347 1220 2383 φράσις
1234 2345 1340 2382 ἀνθηρὰ
1354 2346 1400 2373 καὶ
1419 2346 1483 2382 1155
1497 2344 1545 2381 Η.]
1560 2345 1601 2378 εἰς
1616 2344 1700 2380 ὄγκον
1713 2345 1824 2380 ἠρμένη
1844 2345 1918 2380 σύμ-

1121 2400 1219 2429 μετρον
1232 2392 1302 2428 μετὰ
1320 2391 1367 2419 τοῦ
1391 2391 1480 2427 ἡδέος,
1508 2392 1556 2418 καὶ
1576 2391 1595 2427 ἡ
1616 2391 1790 2427 πολυμάθεια
1804 2391 1919 2427 ἐμπρέ-

923 2479 1039 2508 VARIIE
1058 2478 1259 2507 LECTIONES.

318 2555 329 2571 '
342 2554 395 2582 διὸ
405 2555 481 2582 παιδ.
555 2554 649 2591 [τοῖς]
664 2552 756 2591 αὐτοῖς
772 2553 805 2580 Α.
825 2589 830 2591 Δ
845 2553 868 2591 ξθ
884 2552 944 2589 οὐχ]
961 2553 993 2579 οὐ
1007 2551 1055 2591 νῖρν
1067 2553 1121 2591 Α...
1140 2552 1161 2591 ξ’
1176 2551 1306 2591 πειρᾶται
1322 2555 1384 2591 post
1397 2550 1479 2578 τινῶν
1496 2551 1574 2586 ponit
1588 2559 1620 2584 ς.
1659 2551 1681 2567 ι’
1698 2549 1864 2587 βλασφημεῖ
1875 2552 1920 2579 καὶ

283 2591 399 2626 φλυαρεῖ
414 2599 446 2622 ς.
492 2590 514 2607 ¹³
528 2589 575 2617 τοῦ
592 2587 665 2615 θείου
681 2603 716 2608 —
729 2589 877 2616 ἐπιστολῶν
891 2587 947 2616 om}
968 2596 1010 2623 pr.
1023 2587 1057 2615 Α.

1104 2587 1127 2604 ¹⁸
1141 2587 1371 2623 ὲκκλησιαστικοῠ
1388 2595 1420 2619 ς.

1036 2658 1155 2687 ΝΟΤᾸΕ.

319 2719 376 2782 isti)
393 2719 446 2746 Pro
458 2718 508 2780 οὑξ
517 2718 576 2768 lege
586 2717 700 2751 οὐδὲ,εο
708 2717 780 2753 quod
793 2716 837 2744 hic
854 2716 1044 2752 pmcesserint
1059 2726 1067 2744 :

319 2766 324 2782 t
357 2764 386 2782 ον
402 2753 432 2782 δὲ
444 2754 491 2781 ουδ
521 2753 637 2781 ἐκεῖνον.

285 2753 386 2794 μᾶλλο
395 2753 432 2794 ἑὲ
444 2753 506 2794 ore
521 2753 637 2794 ἐκεινοις

321 2790 376 2826 (61)
392 2790 468 2824 Quod
484 2797 547 2826 vero
560 2789 675 2826 similius
690 2788 814 2826 videatur
835 2794 843 2814 :
866 2787 981 2826 arianos
993 2787 1065 2826 enim

284 2822 481 2862 plerosquetut
498 2825 617 2862 haeretici
629 2824 728 2862 solent)
747 2823 897 2862 Clementis
911 2823 1011 2862 scripta
1023 2822 1070 2862 in-

285 2857 412 2897 quinatio
425 2857 505 2890 docet
518 2859 639 2889 Rulliuus
651 2859 780 2896 Apologia
791 2865 841 2894 pro
851 2857 976 2893 Origene.
988 2857 1066 2900 adde

1123 2722 1151 2759 et
1174 2717 1282 2779 reliqutlr
1294 2717 1353 2754 ejus
1367 2717 1471 2754 scripta
1483 2724 1558 2746 sana:
1575 2721 1637 2743 esse
1656 2713 1790 2742 doctrina:
1817 2721 1852 2742 ac
1871 2722 1921 2750 pu-

1123 2760 1204 2779 I‘IOI‘IS
1221 2758 1262 2779 MV
1276 2761 1295 2779 I.

1123 2758 1379 2852 :i13g|§;:(;iyit:i'hodic
1393 2789 1503 2817 nomine
1520 2786 1680 2822 Protreptt'ci
1693 2786 1728 2813 ad
1744 2788 1849 2820 genus,
1869 2792 1918 2812 uo-

1162 2833 1174 2852 r
1247 2832 1264 2852 a
1279 2842 1287 2851 .

1135 2831 1174 2852 l0l'
1186 2831 1287 2852 exstat.
