1938 3091
256 125 308 157 387

834 126 968 157 ΡΗΟΤῙΙ
983 124 1234 156 PATRIARCH/E
1253 126 1307 158 ΟΡ.

1835 127 1890 160 388

257 188 329 209 mina
343 181 407 208 duo.
432 179 533 208 ﬂorum
548 180 627 209 alteri
643 181 688 209 Itic
712 185 755 209 est
776 181 870 208 titulus
885 191 892 209 ε
909 181 1044 208 Constitu-

1095 181 1177 217 τεύχη
1189 181 1300 217 βιϐλίων
1309 181 1367 215 δύο,
1380 178 1418 209 ὥν
1429 181 1460 209 τὺ
1476 182 1525 217 μὲν
1538 181 1733 216 ἐπιγράφεται,
1745 182 1889 217 Διαταγαι

258 229 343 255 tiones
358 228 536 260 apostolorum
557 236 604 263 per
623 227 783 255 Clementem
800 227 856 263 (70)
872 228 1047 262 continetqne

257 273 401 309 synodicos
431 281 551 301 canones
579 273 640 301 illos
667 274 712 308 qui
742 274 928 308 apostolorum
963 274 1045 301 coetui

257 319 438 346 ascribuntur.
448 320 571 346 Alterum
591 325 680 347 autem
692 319 950 354 volumenfepistolze
958 319 1046 346 forma

255 365 358 393 Jacobo
385 365 462 393 fratri
480 365 587 392 Domini
607 366 759 394 dedicatur.
790 366 876 394 Habet
891 367 943 394 hoc
967 367 1045 400 Acta,

254 420 316 448 qua
330 412 467 445 dicuntur,
486 412 560 438 Petri
576 413 699 446 apostoli,
715 417 738 439 et
763 420 822 439 cum
846 412 954 439 Simone
967 412 1046 447 Mago

255 460 454 486 dissertationes
479 467 486 486 :
517 458 732 493 Recognitionem
759 459 852 486 adlth
890 457 1044 490 Clementis.

255 505 364 540 ejusque
375 505 504 539 parentis,
517 510 572 531 tum
589 504 705 531 aliorum
719 505 845 538 fratrum.
865 503 1045 537 Quamobrem

258 552 340 578 etiam
357 551 383 578 in
399 551 562 585 quibusdam
574 550 714 577 codicibus
727 551 784 578 haec
797 551 822 577 ei
837 550 979 584 inscriptio
994 550 1045 577 tri—

256 597 346 624 buitur
361 605 368 622 :
384 595 525 623 Clementis
544 595 655 623 Romani
682 595 846 631 Recognitio,
873 596 899 623 in
916 596 977 622 aliis
1003 600 1045 622 la-

257 649 331 673 men,
344 641 382 666 uti
399 640 529 672 diximus,
557 640 671 675 epistola
696 641 846 676 pradigilur
866 645 995 675 tanquam
1011 641 1045 667 ad

257 687 371 714 fratrem
388 687 492 714 Domini
509 686 659 720 Jacobum;
694 692 722 714 et
745 687 803 714 haec
827 693 915 722 neque
939 686 1043 719 eadem.

257 740 345 768 neque
358 738 388 759 ut
402 734 435 760 ab
448 735 542 760 eodem
559 733 690 767 profecta,
701 733 747 760 sed
761 732 876 760 inlibris
894 733 1044 765 nonnullis,

256 779 338 806 veluti
357 786 371 805 a
386 778 466 805 Petro
491 778 613 813 apostolo
626 779 659 805 ad
673 778 804 805 Jacobum
827 779 923 811 tnissa,
940 779 967 806 in
984 778 1045 806 aliis

257 831 351 851 rursus
365 828 492 857 tanquam
511 830 526 849 a
539 823 678 851 Clemente
692 824 725 850 ad
741 822 882 856 Jacobum,
895 823 948 850 alia
964 827 1045 858 atque

256 870 309 898 alia
327 875 357 897 ut
371 871 451 896 modo
467 869 594 896 diximus.
613 869 715 897 Harum
731 869 806 904 prior
815 870 934 897 ostendit
945 869 1046 904 ipsum-

257 921 313 944 met
321 916 430 943 Petrqu
448 923 492 943 res
501 922 516 942 a
528 922 558 942 se
568 920 657 950 gestas
673 915 878 950 conscripsisse,
901 919 929 942 et
947 914 1048 942 Jacobo

257 971 305 991 eas
316 962 465 998 postulanti
484 962 592 989 misisse
609 971 617 989 :
635 961 719 989 altera
734 969 798 990 vero
823 961 906 989 refert
923 961 1048 989 Clemen-

256 1014 310 1038 tem
324 1008 399 1036 Petri
414 1008 491 1043 jussu
508 1008 617 1036 easdem
631 1016 676 1036 res
693 1014 783 1044 gestas
803 1009 903 1037 litteris
913 1009 1047 1044 proditas,

255 1049 397 1091 postquam
413 1054 520 1089 illejam
538 1055 573 1082 ad
595 1054 777 1082 immortalem
788 1055 995 1090 commigrasset.
1007 1055 1048 1082 vi-

255 1106 310 1128 tam
328 1099 430 1128 Jacobo
455 1100 650 1128 transmisisse.
680 1099 721 1127 Ex
745 1107 799 1134 quo
816 1099 974 1135 conjectura
1001 1107 1048 1127 ca-

255 1148 327 1183 pitur
341 1147 383 1174 bis
404 1147 488 1174 fuisse
507 1154 551 1174 res
573 1151 665 1182 gestas
679 1146 766 1173 sancti
782 1144 854 1173 Petri
867 1146 954 1173 editas
978 1146 1046 1181 (7i),

255 1202 288 1221 ac
323 1201 384 1220 cum
413 1192 544 1228 temporis
580 1191 776 1227 longinquitate
803 1192 930 1226 periisset
950 1191 1046 1224 altera,

255 1238 327 1270 illam
340 1237 487 1264 Clementis
509 1236 615 1263 tandem
632 1236 718 1262 solam
731 1235 903 1270 perdurasse.
932 1235 961 1263 In
988 1243 1049 1263 om-

256 1284 335 1311 nibus
349 1282 421 1309 enim
440 1281 529 1314 libris,
548 1288 616 1315 quos
631 1281 741 1315 quidem
752 1280 844 1307 videre
868 1281 933 1308 mihi
957 1281 1047 1308 conti-

255 1330 295 1364 git
314 1329 380 1364 (non
399 1334 500 1361 paucos
517 1325 578 1353 illos
595 1326 680 1360 certe)
704 1330 765 1360 post
779 1325 901 1353 diversas
924 1325 983 1354 illas
993 1326 1047 1361 epi-

255 1373 342 1401 stolas
358 1376 440 1406 atque
460 1370 665 1405 inscriptiones,
694 1370 764 1397 idem
790 1370 901 1397 otttniuo
925 1372 983 1397 sine
997 1378 1046 1397 va-

255 1420 373 1448 riatione
387 1419 439 1445 hoc
462 1417 554 1452 operis
570 1416 677 1443 initium
704 1417 814 1451 reperi:
834 1415 890 1451 Ego
916 1415 1045 1449 Clemens.

255 1468 283 1492 et
296 1470 357 1498 quae
370 1462 467 1490 ordine
481 1461 611 1495 deinceps
622 1465 788 1494 sequuntur.
804 1459 945 1489 Refertum
955 1466 1044 1489 autem

1099 227 1160 255 τῶν
1176 228 1356 255 ἀποστόλων
1375 228 1424 255 διὰ
1442 228 1625 262 Κλήμεντος,
1641 228 1671 254 ὲν
1689 224 1712 262 ᾧ
1726 228 1775 255 καὶ
1787 228 1813 255 οἱ
1834 228 1892 255 τῶν

1100 274 1246 300 συνοδικῶν
1271 273 1393 300 κανόνων
1414 273 1453 309 τῷ
1476 273 1641 309 ἀθροίσματι
1654 273 1710 301 τῶν
1729 273 1892 301 ἀποστόλων

1097 320 1211 351 κανόνες
1243 320 1460 356 ἐπιγραφόμενοι
1488 319 1681 355 περιέχονται’
1713 319 1744 347 τὸ
1772 319 1802 347 δὲ
1838 321 1892 356 τὴν

1097 366 1291 402 προσφώνησιν
1313 367 1350 398 ὡς
1373 367 1402 393 ἐν
1423 366 1567 401 ἐπιστολῆς
1586 367 1652 393 εῖδει
1670 366 1739 402 πρὸς
1759 367 1892 394 Ἰάκωϐον

1096 412 1142 438 τὸν
1161 412 1322 446 ἀδελφόθεον
1342 413 1470 444 ποιεῖται,
1496 412 1524 438 ὲν
1545 408 1567 445 ᾧ
1585 411 1616 438 αἴ
1633 420 1662 438 τε
1679 411 1825 446 λεγόμεναι
1842 411 1891 438 τοῦ

1096 459 1269 486 ἀποστόλου
1276 459 1389 493 Πέτρου
1397 458 1524 493 Πράξδις
1531 459 1579 486 καὶ
1589 459 1617 485 αἱ
1625 458 1704 493 Πρὸς
1711 459 1829 493 Σίμωνα
1836 459 1892 485 τὸν

1096 504 1200 538 Μάγον
1207 503 1367 536 διαλέξεις,
1380 505 1427 531 καὶ
1436 503 1477 530 ἔτι
1486 504 1500 530 ό
1507 503 1891 538 Ἀνατνωρισμὸςιζλήμεγ-

1097 559 1148 583 τος
1163 550 1213 577 καὶ
1227 550 1282 577 τοῦ
1299 549 1412 583 πατρὸς
1430 550 1479 577 καὶ
1492 549 1552 577 ιῶν
1563 550 1669 576 ἄλλων
1684 548 1834 583 ἀδελφῶν.
1849 549 1891 576 διὸ

1097 596 1144 622 καὶ
1157 595 1185 623 ἓν
1198 604 1251 623 τισι
1266 596 1322 622 τῶν
1339 595 1448 631 βιϐλίων
1457 596 1474 631 ή
1489 596 1642 631 ἐπιγραφὴ,
1653 594 1826 630 Κλήμεντος
1834 595 1890 621 τοῦ

1101 641 1245 675 Ῥωμαίου
1253 640 1478 675 ἁνατνωρισμὸς
1491 641 1684 676 ἐπιγράφεται.
1695 641 1723 667 ὲν
1740 640 1797 666 τισὶ
1804 640 1843 671 δὲ,
1850 639 1891 671 ὡς

1096 687 1212 724 ἔφημεν,
1230 687 1360 723 ἐπιστολὴ
1375 688 1555 723 προτάττεται
1571 687 1609 718 ὡς
1622 686 1692 722 πρὸς
1713 686 1759 713 τὸν
1774 685 1889 721 ἀδελφὸ·

1096 734 1158 761 θεον
1180 734 1319 766 Ἰάκωϐον.
1336 734 1384 761 καὶ
1396 733 1467 768 αὕτη
1481 733 1510 760 δὲ
1521 733 1570 768 οὐχ
1586 734 1602 768 ἡ
1614 733 1695 768 αὐτὴ,
1707 732 1769 759 οὐδὲ
1784 732 1822 764 ὡς
1834 732 1891 758 ἀπὸ

1095 780 1142 807 τοῦ
1161 780 1244 807 αὑτοῦ
1264 779 1411 816 προσώπου
1433 779 1666 815 προενηνεγμένη,
1684 778 1741 805 ἀλλ’
1762 778 1810 804 ἐπὶ
1836 778 1889 812 μέν

1095 835 1175 853 τινων
1201 826 1311 861 βιϐλίων
1333 825 1372 857 ὼς
1395 825 1450 852 ἀπὸ
1470 825 1574 861 Πέτρου
1589 824 1636 851 τοῦ
1651 824 1801 852 ἀποστόλου
1818 824 1889 859 πρὸς

1104 871 1231 899 Ἰάκωϐον
1260 872 1464 907 ὲπεσταλμένη,
1496 871 1540 907 ἐφ’
1567 871 1669 907 ἐτέρων
1697 870 1726 897 δὲ
1754 870 1792 902 ὡς
1831 871 1889 897 ἀπὸ

1099 917 1256 952 Κλήμεντος
1272 917 1341 952 πρὸς
1361 917 1499 949 Ἰάκωϐον,
1513 915 1577 952 [156
1590 915 1646 952 IL]!
1660 915 1728 951 άλλη
1742 915 1791 943 καὶ
1805 915 1888 951 ἄλλη,

1098 963 1190 994 καθὼς
1206 963 1384 998 προείπομεν.
1396 962 1452 989 Καὶ
1466 963 1483 998 ἡ
1501 962 1550 997 μὲν
1565 961 1641 998 δηλοῖ
1654 962 1757 996 Πέτρον
1775 961 1828 992 τὰς
1845 963 1889 988 οι-

1098 1009 1175 1038 κείας
1206 1008 1448 1045 συγγράψασθαι¹¹
1470 1008 1584 1044 πράξεις
1600 1008 1648 1035 καὶ
1672 1008 1741 1044 πρὸς
1754 1008 1890 1035 Ἰάκωϐον

1097 1055 1280 1090 αἰτησάμενον
1295 1054 1395 1086 ταύτας
1419 1054 1593 1082 ἀποστεῖλαι·
1614 1055 1631 1090 ὴ
1654 1054 1683 1080 δὲ
1706 1054 1890 1089 διαλαμϐάνει

1097 1102 1135 1134 ὼς
1158 1102 1274 1137 Κλήμης
1288 1101 1391 1133 ταύτας
1417 1101 1488 1128 κατὰ
1511 1101 1678 1136 πρόσταγμα
1693 1101 1800 1136 Πέτρου
1817 1109 1889 1135 συγ-

1096 1147 1222 1184 γράψειε,
1241 1146 1367 1175 κάκείνου
1374 1147 1443 1183 πρὸς
1457 1147 1506 1182 τὴν
1518 1148 1615 1182 ἀγήρω
1631 1148 1853 1182 μεταναστάντος
1864 1146 1888 1164 ³⁸

1096 1194 1251 1222 ἀποστείλω
1258 1194 1374 1229 Κλήμης
1381 1194 1449 1229 πρὸς
1463 1193 1751 1221 ’1άκωϐον.¹Εστινοῦν
1759 1194 1890 1229 εἰκασμῷ

1096 1240 1231 1268 διαλαϐεῖν
1245 1240 1284 1272 ὡς
1303 1239 1351 1266 δύο
1374 1240 1423 1275 μὲν
1441 1240 1536 1274 εἴησαν
1551 1239 1606 1265 τῶν
1626 1239 1732 1274 Πέτρου
1753 1239 1891 1274 Πράξεων

1097 1287 1216 1318 ἐκδόσεις
1230 1285 1422 1322 γεγενημέναι,
1435 1285 1474 1321 τῷ
1489 1285 1518 1311 δὲ
1533 1285 1622 1322 χρόνῳ
1635 1286 1684 1319 τῆς
1698 1286 1794 1322 ἑτέρας
1807 1286 1890 1322 διαρ-

1098 1333 1208 1369 ῥυείσης
1225 1333 1412 1368 ἐπεκράτησεν
1425 1333 1441 1367 ἡ
1458 1332 1506 1358 τοῦ
1520 1332 1678 1368 Κλήμεντος
1689 1339 1698 1347 ⁸
1710 1332 1740 1359 ὲν
1750 1333 1819 1359 πᾶσι
1831 1335 1892 1368 γὰρ

1097 1381 1153 1412 τοῖς
1181 1379 1294 1415 βιϐλίοις
1312 1379 1330 1406 ἃ
1357 1379 1473 1413 εῐδομεν,
1493 1378 1580 1405 καίτοι
1599 1379 1650 1406 οὐκ
1667 1379 1766 1413 ὀλίγων
1787 1379 1890 1410 ὅντων.

1097 1426 1228 1463 μετὰτὰς
1237 1426 1382 1461 διαφόρους
1393 1426 1500 1458 ὲκείνας
1511 1425 1656 1457 ἐπιστολὰς
1669 1425 1716 1452 καὶ
1725 1426 1891 1460 ἐπιγραφὰς

1096 1473 1146 1508 τὴν
1170 1472 1257 1507 αὐτὴν
1288 1471 1405 1508 εὕρομεν
1433 1471 1652 1507 ἀπαραλλάκτως
1680 1471 1887 1507 πραγματείαν,

256 1511 309 1538 ltoc
317 1516 386 1544 opus
402 1507 529 1535 absurdis
546 1507 636 1543 nugis.
650 1515 704 1534 non
719 1508 777 1534 sitte
790 1507 915 1542 plurimis
933 1515 966 1535 ex
980 1508 1037 1535 Arii

1095 1507 1243 1556 ὶρςίομένην
1250 1526 1256 1533 ·
1266 1507 1339 1552 Ἐγὼ
1352 1517 1507 1552 Κλήμηνς,
1515 1517 1606 1545 καὶτὰ
1618 1517 1682 1552 ἑξῆς
1691 1518 1885 1552 ὲνταττόμενα.

255 1556 384 1591 opinione
413 1556 439 1582 in
468 1553 566 1581 Filium
603 1553 790 1588 blasphemiis.
825 1552 1040 1581 Constitutioues

256 1609 339 1638 porro
354 1600 411 1636 (72)
423 1599 523 1633 ,ιι-ἱὺυε
537 1606 570 1626 ex
583 1598 717 1634 capitibus
736 1598 869 1631 duntaxat
895 1599 1044 1635 reprehen-

256 1647 460 1676 siouividentur
474 1644 609 1672 obnoxiae.
638 1643 678 1670 Ex
691 1643 764 1670 mala
779 1642 906 1670 nimirum
923 1642 1042 1676 fictione,

256 1700 338 1729 quam
357 1690 494 1727 depellere
512 1697 564 1717 non
590 1693 631 1716 est
655 1689 799 1716 admodum
812 1687 1045 1715 diﬂicile:deinde

257 1740 330 1776 quod
347 1742 442 1765 contra
471 1734 708 1763 Deuleronomiunt
734 1734 939 1762 criminationes
960 1741 1042 1768 (μισε-

258 1788 319 1814 dant
331 1784 480 1815 adducant,
496 1789 555 1816 qua:
567 1786 594 1808 et
605 1782 670 1817 ipsa:
686 1780 751 1808 dilui
766 1779 894 1808 facillime
908 1785 1040 1815 possunt:

257 1831 378 1866 denique
397 1837 430 1857 ex
444 1828 611 1859 Ariauismo,
631 1833 711 1862 quem
725 1826 789 1853 item
804 1833 900 1853 acarus
915 1825 993 1860 paulo
1002 1825 1044 1852 in-

257 1878 367 1909 stando,
392 1874 519 1902 refellere
542 1880 638 1907 queas.
657 1872 745 1906 lLiber
767 1876 884 1898 attamen
912 1871 1042 1898 Actorum

257 1923 332 1952 Petri
351 1923 407 1958 (qui
419 1922 450 1948 de
464 1919 695 1954 Recognitiouibus
708 1917 847 1952 inscriptus
862 1917 912 1951 est)
938 1917 1043 1952 perspi-

257 1970 359 1998 cuitate
371 1975 403 1996 ac
421 1967 564 2003 gravitate,
591 1966 624 1992 ad
644 1965 702 1992 haec
716 1964 832 1999 puritate
855 1962 926 1998 90f:
954 1967 983 1990 et
999 1970 1042 1990 ve-

257 2015 409 2048 hementia,
437 2013 552 2048 aliisque
577 2011 711 2040 orationis
732 2010 851 2042 dotibus,
870 2017 959 2037 rerutn
977 2010 1042 2037 item

257 2061 395 2088 variarunt
411 2059 545 2091 doctrina,
558 2062 662 2084 tantum
674 2055 892 2084 Constitutioues
911 2055 984 2090 ipsas
996 2063 1043 2083 su-

257 2110 345 2142 perat,
360 2104 432 2132 ttulla
448 2109 478 2132 ut
489 2105 538 2132 hos
556 2105 626 2130 inter
639 2102 817 2138 comparatio,
833 2101 867 2129 ad
887 2108 1040 2129 sermonem

257 2151 330 2188 quod
351 2151 459 2185 attinet,
473 2150 531 2177 ﬁeri
548 2149 658 2177 debeat.

1095 1565 1208 1601 Μυρίων
1228 1564 1257 1591 δὲ
1273 1563 1458 1598 άτοπημάτων
1482 1564 1499 1599 ἡ
1515 1563 1691 1599 πραγματεία
1705 1562 1786 1598 γέμει
1801 1562 1884 1598 αὕτη,

1094 1609 1143 1636 καὶ
1155 1608 1206 1643 τῆς
1217 1609 1259 1639 είς
1277 1607 1323 1634 τὸν
1338 1607 1403 1634 Υίὸν
1424 1606 1599 1643 βλασφημίας
1617 1608 1687 1634 κατὰ
1699 1607 1748 1643 τὴν
1773 1608 1884 1643 Ἀρείου

1093 1655 1174 1687 δόξαν
1189 1654 1264 1680 ἐστὶν
1280 1653 1433 1685 ἀνάπλεως.
1450 1653 1521 1680 Αἱδέ
1537 1662 1569 1688 γε
1584 1653 1722 1689 Διαταγαῑ
1738 1655 1813 1689 τρισὶ
1831 1655 1884 1689 μό-

1093 1709 1149 1731 νοις
1164 1699 1288 1727 δοκοῦσιν
1299 1699 1450 1735 ἐνέχεσθαι,
1464 1698 1705 1736 κακοπλαστίᾳ,ἢν
1717 1700 1747 1728 οὐ
1763 1700 1885 1736 χαλεπὸν

1093 1746 1347 1779 ἀποσκευάσασθαι,
1378 1746 1426 1774 καὶ
1455 1746 1496 1773 ὅτι
1513 1746 1585 1774 κατὰ
1605 1746 1653 1773 τοῦ
1667 1747 1883 1783 Δευτερονομιου

1094 1792 1189 1829 ὕϐρεις
1205 1793 1282 1825 τινὰς
1303 1793 1465 1828 ἐπαφίησιν,
1479 1792 1498 1820 ὃ.
1514 1793 1561 1819 καὶ
1577 1793 1675 1829 ῥᾷστον
1690 1793 1882 1826 διαλύσασθαι,

1096 1839 1144 1865 κα)⁵
1152 1838 1393 1875 ἐτιΆρειανισμῷ,
1406 1839 1474 1874 ὅπερ
1485 1839 1518 1866 ἄν
1527 1847 1569 1871 τις
1583 1840 1630 1866 καὶ
1645 1840 1740 1874 βιαίως
1754 1840 1886 1876 διακρού-

1094 1893 1180 1912 σαιτο.
1200 1885 1232 1912 Ἦ
1246 1885 1337 1920 μέντοι
1352 1894 1384 1920 γε
1409 1885 1464 1912 τῶν
1490 1885 1538 1912 τοῦ
1554 1885 1668 1920 Πέτρου
1682 1886 1828 1921 Πράξεων
1843 1887 1885 1921 βί-

1093 1931 1156 1963 ϐλος
1171 1930 1212 1967 τῷ
1228 1940 1259 1958 τε
1285 1931 1404 1967 λαμπρῷ
1431 1932 1478 1959 καὶ
1491 1933 1524 1968 τῇ
1550 1933 1694 1968 σεμνότητι
1712 1934 1760 1960 καὶ
1782 1933 1823 1960 ἔτι
1843 1934 1885 1970 τῷ

1092 1977 1206 2013 καθαρῷ
1226 1976 1274 2004 καὶ
1294 1978 1412 2014 συντόνῳ
1431 1978 1480 2006 καὶ
1499 1979 1533 2014 τῇ
1559 1978 1627 2014 άλλῃ
1661 1979 1745 2015 ἀρετῇ
1768 1979 1817 2006 τοῦ
1839 1980 1886 2006 λό-

1091 2031 1141 2058 γου
1173 2023 1222 2051 καὶ
1254 2023 1424 2060 πολυμαθείᾳ
1466 2024 1594 2051 τοσοῦτον
1626 2023 1682 2060 ἔχει
1718 2025 1788 2061 πρὸς
1830 2026 1885 2058 τὰς

1091 2068 1237 2103 Διαταγὰς
1258 2068 1289 2095 τὸ
1303 2068 1502 2104 παραλλάττον,
1526 2069 1564 2101 ὡς
1588 2069 1657 2104 μηδὲ
1676 2070 1828 2105 συγκράσει
1846 2073 1884 2106 τῇ

1091 2113 1162 2140 κατὰ
1174 2114 1238 2145 τοὺς
1249 2113 1345 2149 λόγους
1366 2114 1435 2150 πρὸς
1453 2114 1572 2149 ἀλλήλας
1592 2115 1816 2151 παραϐάλλεσθαι
1830 2117 1884 2149 τὰς

1094 2159 1212 2194 βίϐλους.

293 2197 343 2225 llic
356 2197 482 2225 Clemens
496 2195 551 2232 (73)
568 2195 614 2223 ille
628 2199 682 2229 est,
706 2195 741 2222 de
755 2201 808 2230 quo
829 2194 923 2222 beatus
942 2193 1041 2222 Paulus

1128 2203 1212 2237 Οὗτός
1230 2205 1304 2232 ἐστιν
1315 2205 1330 2232 ό
1343 2205 1461 2242 Κλήμης
1477 2207 1542 2243 περὶ
1558 2203 1588 2234 οὗ
1609 2215 1692 2243 φησιν
1706 2208 1721 2234 ό
1738 2208 1885 2241 θεσπέσιος

257 2246 284 2273 in
297 2251 328 2272 ea
340 2251 400 2279 quae
415 2248 457 2271 est
470 2243 503 2271 ad
510 2243 696 2278 Pltilippenses
714 2242 829 2277 epistola
843 2251 851 2270 :
873 2251 883 2268 ι
899 2241 966 2270 Cum
979 2241 1041 2270 Cle-

257 2295 348 2318 mente
359 2294 386 2317 et
404 2290 516 2324 reliquis
526 2288 749 2323 cooperatoribus
767 2289 845 2321 meis,
861 2296 975 2325 quorum
992 2297 1042 2316 no-

258 2336 332 2363 mina
348 2335 451 2370 scripta
476 2339 540 2362 sunt
567 2335 593 2362 in
610 2334 680 2362 libro
703 2334 775 2362 vitaz.
793 2344 803 2361 ι
831 2334 946 2370 Scripsit
969 2335 1040 2366 idem

257 2382 347 2418 magni
364 2382 518 2410 faciendam
535 2382 569 2409 ad
579 2381 737 2410 Corinthios
745 2382 886 2418 epistolam
901 2383 969 2418 (Ἠ),
982 2391 1042 2418 qua:

1092 2251 1198 2283 Παῦλος
1207 2251 1237 2278 ὲν
1250 2253 1285 2288 τῇ
1294 2252 1363 2288 πρὸς
1374 2253 1570 2288 Φιλιππησίους
1578 2254 1721 2290 Ἐπιστολῇ
1735 2255 1769 2287 ’⁵,
1787 2255 1886 2282 «Μετὰ

1094 2297 1143 2324 καὶ
1159 2297 1319 2333 Κλήμεντος
1337 2298 1385 2325 καὶ
1399 2298 1453 2325 τῶν
1474 2299 1576 2326 λοιπῶν
1596 2300 1736 2335 συνεργῶν
1761 2309 1826 2336 μου,
1844 2298 1885 2328 ὧν

1091 2343 1128 2370 τὰ
1151 2343 1271 2379 όνόματα
1289 2345 1318 2371 ὲν
1335 2344 1418 2380 βίϐλῳ
1440 2344 1538 2380 ζωῆς.)
1568 2342 1653 2378 Οὗτος
1667 2345 1714 2373 καὶ
1736 2346 1885 2383 ἐπιστολὴν

1093 2389 1234 2425 ἀξιόλογον
1251 2391 1320 2427 πρὸς
1336 2391 1498 2427 Κορινθίους
1510 2393 1622 2428 γράφει,
1633 2392 1696 2428 ἣτις
1715 2393 1791 2430 παρὰ
1813 2394 1885 2421 πολ-

893 2453 1010 2482 νΑΒιιΕ
1040 2455 1242 2486 LECTIONES.

304 2503 328 2518 ¹¹
343 2502 500 2538 συγγράψαι
515 2510 547 2535 ς.
587 2501 612 2519 ³⁸
627 2500 810 2538 μεναστάντος
821 2510 851 2533 ς.
888 2502 911 2518 ³⁵
921 2503 1062 2540 ἐπιστολῇ]
1077 2512 1113 2538 ιν,
1130 2505 1157 2532 5.

1010 2559 1125 2589 NOTAE.

292 2608 348 2645 (70)
357 2609 457 2645 Earum
465 2613 528 2636 octo
535 2608 717 2645 librosGrace
723 2608 838 2645 primum
847 2607 889 2635 dei
894 2608 979 2645 mlcet
988 2608 1039 2636 La-

257 2643 313 2672 tine
328 2644 485 2671 doctissime
497 2644 665 2678 explanatos.
679 2643 886 2678 firmissimeque
907 2643 1033 2672 defensos

257 2679 342 2708 edidit
355 2678 454 2706 Franc.
471 2677 735 2707 Turrianusnoster.
761 2677 875 2706 Eosdem
888 2677 951 2706 item
977 2687 1039 2707 cum

257 2715 280 2743 Χ
293 2713 507 2749 Recognitionum
531 2714 608 2741 libris
625 2721 659 2741 ex
677 2712 776 2741 Ruﬂini
807 2713 1039 2749 interpretatione.

258 2748 398 2778 additis’et
414 2749 521 2785 caeteris
544 2757 604 2785 qua:
623 2754 686 2785 tum
707 2748 819 2785 τορετίτί
850 2754 994 2785 potuerunt
1007 2749 1039 2776 Β.

258 2785 392 2847 9431ηέᾎὲ
428 2783 538 2820 Operib.
553 2783 561 2785 ἡ
580 2784 715 2813 dederunt
737 2783 857 2812 ’Latine'
883 2784 1040 2813 Colonieus.

278 2828 305 2847 n.
395 2840 401 2847 .

259 2827 305 2849 an.
323 2827 333 2846 Ἰ
340 2827 401 2847 ουν.

295 2855 353 2891 (7t)
370 2854 586 2892 Recognitiomtm
607 2856 660 2885 duo
677 2854 761 2885 fuisse
784 2854 932 2889 volumina,
950 2855 976 2883 in
992 2854 1042 2883 ali-

1092 2611 1193 2672 guibus
1224 2611 1295 2639 inter
1315 2619 1345 2639 se
1365 2612 1484 2645 diversa,
1513 2617 1630 2642 testatur
1651 2614 1734 2642 etiam
1761 2613 1889 2644 Rufiinu.

1116 2645 1173 2672 mf.
1192 2646 1226 2672 ad
1242 2647 1376 2672 Gaudent.

1116 2645 1173 2673 ταδί.
1192 2646 1226 2674 ad
1242 2647 1376 2674 Gaudent.

1130 2681 1187 2716 (72)
1195 2681 1357 2710 Franciscus
1367 2682 1527 2716 Turrianus.
1537 2682 1602 2712 Soc.
1611 2683 1686 2717 Iesu,
1696 2684 1724 2711 in
1732 2684 1887 2713 Clementis

1093 2715 1296 2777 ΟοΙὶιξίίικιίοηει
1335 2723 1420 2752 apo“.
1456 2715 1661 2754 Prolegomenis
1680 2715 1749 2748 inec
1786 2721 1885 2749 eadem

1093 2758 1125 2777 ΕΟ
1138 2759 1160 2777 VI
1177 2771 1184 2777 .

1093 2756 1184 2778 εοινιι,

1142 2786 1186 2825 ἒξ)
1206 2786 1277 2825 [τοδε
1289 2786 1447 2825 [liliierom
1460 2795 1521 2825 cap.
1538 2789 1583 2822 i5,
1599 2789 1688 2817 Calai.

1147 2794 1186 2813 tot
1207 2794 1277 2849 Lege
1289 2794 1319 2814 ιι.
1335 2794 1447 2816 Hieron.
1460 2795 1521 2825 cap.
1538 2794 1583 2822 15,
1599 2794 1688 2817 Catztl.

1143 2821 1188 2864 74)
1196 2822 1236 2864 "Vi
1252 2830 1276 2864 _e_
1298 2822 1490 2864 iliero_ny_munt
1519 2825 1558 2853 De
1580 2826 1704 2860 scriptor.
1730 2825 1877 2855 ecclesia".

1097 2863 1156 2892 cap.
1178 2857 1222 2892 15,
1233 2862 1260 2886 et
1271 2858 1320 2886 iul.
1335 2857 1471 2887 codititi.
