1938 3091
52 201 97 232 me
108 197 238 233 ἀποδοχῆς
257 195 359 232 ἠξιώθη
376 194 415 227 ὡς
430 195 478 223 καὶ
502 195 621 232 δημοσίᾳ
633 194 821 229 ἀναγινώσκε-
836 195 858 222 Α

53 246 113 272 σθαι.
130 244 160 270 Ἡ
180 243 209 270 δὲ
232 241 364 277 λεγομένη
376 241 492 277 δευτέρα
507 242 576 276 πρὸς
592 241 656 272 τοὺς
672 241 770 272 αὐτοὺς
782 240 821 272 ὡς

52 290 116 322 νόθος
137 287 376 323 ἀποδοκιμάζεται,
403 287 499 322 ὥσπερ
519 288 533 314 ὁ
551 287 575 303 ³⁵
602 287 822 323 ἐπιγραφόμενος

52 335 89 362 ἐπ’
99 334 200 369 ὀνόματι
209 332 294 360 αὑτοῦ
309 333 414 368 Πέτρου
436 333 484 359 καὶ
495 332 649 364 Ἀππίωνος
660 331 822 367 πολύστιχος

53 381 168 415 διάλογος.
180 380 282 407 Τοῦτόν
298 388 379 415 φασιν
387 381 412 407 οἱ
429 380 478 415 μὲν
489 380 615 416 δεύτερον
627 381 697 416 μετὰ
720 381 823 416 Πέτρον

57 427 151 462 Ῥώμης
172 427 358 462 ὲπισκοπῆσαι
371 427 406 459 ’⁸,
425 426 450 453 oi
472 426 501 453 δὲ
511 427 640 462 τέταρτον
651 435 659 443 ⁸
676 426 755 454 Λίνον
769 427 824 462 γὰρ

54 472 92 499 καὶ
102 471 259 506 ’Δνάκλητον
269 471 292 486 ’⁷
313 470 415 505 μεταξῦ
426 469 510 497 αὑτοῦ
526 470 576 497 καὶ
594 469 698 505 Πέτρου
714 469 824 505 Ῥώμης

55 517 201 548 ἐπισκόπους
213 517 415 551 διαγεγονέναι·
434 516 595 551 τελευτῆσαι
604 515 634 543 δὲ
647 515 729 543 αὑτὸν
740 515 825 551 τρίτῳ

54 563 98 590 Em
107 561 246 598 Τραϊανοῦ.

391 649 461 679 PIA’.

55 697 165 724 Λευκίου
187 695 319 730 Χαρίνου
341 696 371 723 al
393 696 453 723 τῶν
474 696 656 724 ἀποστόλων
680 696 824 730 Περίοδοι.

85 741 141 778 [292
157 741 202 778 Κ]
223 740 395 777 ’Λνεγνώσθη
413 742 525 777 βιϐλίον,
547 742 575 768 αἱ
592 741 737 776 λεγόμεναι
765 742 828 769 Τῶν

56 788 217 814 ἀποστόλων
242 787 380 822 Περίοδοι
390 807 398 819 ,
425 788 454 814 ὲν
470 784 515 819 αἶς
529 788 699 823 περιείχοντο
714 787 828 822 πράξεις

58 834 154 868 Πέτρου,
167 833 306 866 Ἰωάννου,
324 833 460 868 Ἀνδρὲου,
474 833 571 867 Θωμᾶ,
588 833 707 860 Παύλου.
722 832 826 868 Γράφει

58 878 80 906 δὲ
89 879 173 910 αὑτὰς,
189 878 227 911 ώς
242 878 319 914 δηλοῖ
331 878 361 905 τὸ
372 878 439 905 αὐτὸ
451 878 561 914 βιϐλίον,
574 878 686 910 Λεύκιος
698 879 823 914 Χαρῖνος.
842 868 864 896 Β

62 924 86 951 Ἦ
99 924 124 951 δὲ
139 924 236 960 φράσις
251 925 294 956 είς
307 924 338 951 τὺ
356 924 486 956 παντελὲς
500 924 643 960 ἀνώμαλός
651 933 680 952 τε
693 925 738 951 καὶ
755 933 826 961 παρ-

59 969 196 1005 ηλλαγμένη
209 977 216 985 ’
240 968 290 996 καὶ
305 968 448 1001 συντάξεσι
464 967 520 1004 γὰρ
533 969 581 995 καὶ
593 968 682 1001 λέξεσι
695 969 828 1004 κέχρηται

58 1015 128 1041 ξνίοτε
151 1015 199 1050 μὲν
220 1014 274 1041 οὐκ
295 1013 494 1050 ἡμελημέναις,
514 1014 584 1041 κατὰ
607 1014 636 1041 δὲ
652 1014 686 1041 ’τὸ
704 1014 828 1042 πλεῖστον

58 1061 177 1096 ἀγοραίοις
196 1061 245 1087 καὶ
261 1060 483 1095 πεπατημέναις,
501 1060 549 1088 καὶ
567 1060 644 1087 οὐδὲν
660 1059 710 1095 τῆς
724 1060 829 1095 ὁμαλῆς

59 1107 97 1133 καὶ
111 1106 281 1142 αὐτοσχεδίου
305 1107 432 1141 φράσεως
446 1107 494 1133 καὶ
512 1106 562 1141 τῆς
583 1106 687 1133 ἐκεῖθεν
707 1105 828 1142 ἐμφύτου

58 1153 160 1188 χὰριτος,
180 1152 241 1179 καθ’
264 1153 300 1188 ἢν
313 1153 327 1179 ὁ
345 1152 522 1186 εὐαγγελικός
543 1161 573 1179 τε
592 1152 639 1179 καὶ
653 1152 830 1185 ἀποστολικδς

59 1198 265 1234 δισμεμόρφωται
289 1198 380 1232 λόγος,
400 1198 455 1225 οὐδ
483 1199 555 1234 [χνος
574 1199 724 1234 ἐμφαίνων.
746 1199 830 1234 Γέμει

59 1243 81 1269 δὲ
94 1243 136 1269 καὶ
151 1243 257 1279 μωρίας
271 1242 374 1278 πολλῆς
385 1243 433 1269 καὶ
447 1244 498 1278 τῆς
511 1242 579 1278 πρὸς
593 1243 688 1270 ἑαυτὸν
696 1242 719 1259 ’⁸
741 1243 831 1279 μάχης

60 1290 98 1316 καὶ
115 1288 308 1321 ἐναντιώσεως.
333 1289 404 1324 Φησὶ
429 1289 485 1324 γὰρ
506 1289 588 1316 ἄλλον
607 1287 677 1316 εἶναι
704 1289 750 1316 τὸν
777 1289 831 1316 τῶν

65 1336 182 1362 Ἰουδαίων
195 1335 263 1362 Θεὸν
277 1334 328 1362 καὶ
343 1336 439 1368 κακὸν,
450 1331 480 1361 οὗ
494 1335 544 1362 καὶ
556 1335 667 1370 Σίμωνα
676 1335 723 1362 τὸν
737 1335 832 1369 Μάγον

61 1381 181 1417 ὑπηρέτην
198 1381 379 1418 καθεστάναι⁸
394 1380 473 1408 ἄλλον
487 1381 515 1407 δὲ
527 1381 573 1409 τὸν
588 1381 716 1417 Χριστὸν,
732 1382 762 1408 ὃν
779 1389 831 1416 φη-

61 1435 95 1452 σιν
103 1426 197 1461 ἀγαθόν
207 1435 216 1442 '
231 1426 280 1453 καὶ
289 1425 385 1462 φύρων
394 1427 417 1465 ’ξ
437 1425 545 1453 ἅπαντα
558 1426 607 1452 καὶ
619 1426 741 1461 συγχέων
755 1426 833 1452 καλεί

61 1471 127 1497 αὑτὸν
142 1473 186 1498 καὶ
199 1471 313 1507 Πατέρα
328 1470 376 1498 καὶ
393 1470 468 1498 Υἰόν.
481 1471 563 1506 Λέγει
573 1471 602 1498 δὲ
621 1472 682 1507 μηδ’
697 1472 834 1508 ὲνανθρωο

61 1517 133 1551 πῆσαι
146 1516 261 1553 ἀληθῶς,
279 1516 349 1544 ἀλλὰ
367 1517 453 1550 δόξαι,
469 1517 517 1544 καὶ
537 1517 623 1544 πολλά
636 1517 765 1550 πολλάκις
779 1526 832 1552 φα-

61 1562 157 1597 νῆναι³⁹
170 1563 224 1594 τοῖς
249 1563 398 1597 μαθηταῖς,
421 1562 480 1588 νέον
491 1562 538 1589 καὶ
561 1562 719 1598 πρεσϐύτην
740 1563 833 1596 πάλιν,

61 1608 100 1634 καὶ
115 1608 191 1635 πάλιν
215 1608 313 1641 παῖδα,
338 1608 387 1634 καὶ
403 1607 515 1643 μείζονα
541 1608 590 1635 καὶ
610 1607 674 1645 [157
688 1608 736 1645 Η.]
755 1608 835 1636 ὲλάτ-

60 1662 113 1680 rava
128 1655 172 1681 καὶ
192 1654 335 1690 μέγιστον,
362 1654 432 1681 ὥστε
453 1655 504 1690 τὴν
522 1655 642 1690 κορυφὴν
657 1655 760 1690 διήκειν
779 1655 836 1682 ἐσθ’

61 1700 97 1727 ὅτε
108 1701 198 1737 μέχρις
208 1701 339 1737 οὐρανοῦ.
355 1701 459 1733 Πολλὰς
473 1701 502 1728 δὲ
513 1701 561 1728 καὶ
576 1703 641 1737 περὶ
655 1702 701 1729 τοῦ
719 1701 836 1738 σταυροῦ

63 1747 199 1782 κενολογίας
208 1749 256 1775 καὶ
273 1746 392 1779 ἀτοπίας
408 1748 584 1781 ἀναπλάττει,
599 1749 647 1776 καὶ
661 1749 706 1776 τὸν
718 1749 836 1785 Χριστὸν

63 1793 94 1828 μὴ
108 1794 304 1830 σταυρωθῆναι,
319 1794 377 1821 ἀλλ’
399 1794 492 1830 ἕτερον
505 1795 562 1822 ἀντ’
576 1795 671 1828 αὐτοῦ,
683 1796 730 1822 καὶ
749 1804 836 1823 κατα-

63 1840 132 1876 γιλᾷν
141 1840 183 1868 διὰ
192 1841 273 1868 τοῦτο
287 1841 342 1867 τῶν
355 1840 552 1877 σταυρούντων.
567 1842 676 1877 Γάμους
686 1851 716 1869 τε
725 1842 745 1858 ³¹
759 1842 837 1878 νομί-

65 1894 121 1919 μους
135 1887 233 1920 ἀθετεῖ,
254 1887 306 1913 καὶ
319 1887 411 1914 πᾶσαν
427 1888 536 1922 γένεσιν
550 1888 673 1923 πονηράν
686 1897 715 1915 τε
729 1888 776 1915 καὶ
790 1888 837 1916 τοῦ

65 1932 168 1967 πονηροῦ
190 1933 277 1968 λέγει.
297 1934 352 1960 Καὶ
376 1933 501 1969 πλάστην
519 1933 575 1962 τῶν
598 1934 733 1969 δαιμόνων
758 1935 838 1962 ἄλλον

65 1977 161 2014 ὲκληρεῖ
176 1979 209 2007 ³⁸.
224 1979 342 2015 Νεκρῶν
353 1979 382 2006 δὲ
396 1972 548 2015 ἀνθρώπων
565 1980 613 2007 καὶ¹
633 1979 701 2015 βοῶν
714 1980 761 2007 καὶ
773 1989 840 2016 κτηι

65 2024 109 2052 νῶν
117 2025 199 2053 ἄλλων
210 2026 233 2042 ⁸³
250 2026 486 2062 παραλογωτάτας
497 2027 545 2053 καὶ
557 2027 748 2062 μειρακιώδεις
758 2035 840 2062 τερα-

65 2071 159 2098 τεύεται
182 2073 359 2104 ἀναστάσεις.
395 2074 474 2099 Δοκεῖ
500 2072 529 2099 δὲ
561 2072 608 2099 καὶ
641 2073 700 2099 κατ’
728 2072 840 2100 εἰκόνων

65 2117 112 2148 τοῖς
130 2117 325 2154 Εἱκονομάχοις
345 2119 375 2145 ὲν
387 2120 446 2150 ταῖς
462 2118 586 2146 Ἰωάννου
600 2118 721 2154 Πράξεσι
741 2118 842 2153 δογμα-

66 2162 148 2194 τίζειν.
158 2165 212 2192 Καὶ
223 2164 321 2197 ἁπλῶς
335 2164 404 2200 αὕτη
419 2165 442 2200 Δἡ
459 2164 547 2199 βίϐλος
570 2164 654 2200 μυρία
670 2163 840 2200 παιδαριώδη

845 1544 868 1575 ο

530 139 792 171 BIBLIOTHECA.
807 152 841 157 -
854 139 964 170 CODD.
984 138 1084 176 CXIV,
1100 138 1183 168 CXV.

1607 136 1664 170 390

872 201 887 220 a
906 193 1042 228 plerisque
1075 197 1151 220 tanto
1178 196 1204 219 In
1231 191 1318 226 pretio
1341 196 1385 220 est
1408 191 1512 225 habite.
1539 192 1662 228 adeoque

874 239 993 271 laudata,
1014 242 1043 265 ut
1053 239 1135 265 etiam
1162 237 1267 272 publice
1284 237 1334 272 legi
1359 237 1470 266 soleret.
1488 238 1594 272 Atqua‘e
1614 245 1665 265 se-

873 284 962 310 cunda
977 283 1077 311 dicitur
1091 283 1124 310 ad
1139 283 1260 314 eosdem,
1274 289 1302 310 ut
1313 284 1405 318 spuria
1414 283 1546 318 rejicitur.
1562 283 1664 317 Quem-

873 330 1018 357 admodum
1035 334 1062 357 et
1076 329 1155 365 longa
1177 329 1221 356 illa
1237 329 1384 364 disputatio
1402 349 1410 362 ,
1440 329 1511 357 beati
1541 329 1614 357 Petri
1635 334 1664 357 et

874 375 1007 411 Appionis
1029 383 1128 403 nomen
1157 375 1227 403 falso
1257 374 1412 409 praeferens.
1436 375 1513 402 Hunc
1538 375 1664 403 Clemen-

874 426 928 450 tem
942 422 999 457 ('15)
1018 421 1133 449 alterum
1151 428 1166 448 a
1183 421 1264 448 Petro
1296 421 1371 448 urbis
1400 420 1492 448 Roma:
1507 422 1665 456 episcopum

875 467 959 495 fuisse
969 467 1079 502 quidam
1097 471 1249 499 autumant,
1264 467 1309 493 alii
1323 474 1387 494 vero
1401 471 1539 502 quartum.
1563 467 1663 494 Linum

874 514 946 540 enim
963 518 991 541 et
1006 512 1164 540 Anaclelum
1181 512 1251 539 inter
1264 517 1406 547 utrumque
1419 513 1561 546 pontiﬁces
1577 513 1663 540 inter-

877 559 1004 592 cessisse,
1019 567 1052 586 ac
1068 559 1150 586 tertio
1165 559 1273 585 demum
1289 558 1398 592 Trnjuni
1412 559 1584 594 imperatoris
1592 565 1667 586 anno

875 605 959 632 vitam
975 604 1078 632 {iniisse
1100 603 1170 639 (76).

1227 649 1320 677 CXIV.

997 695 1074 723 Lucii
1098 694 1208 722 Charini
1233 695 1340 722 Periodi
1354 695 1543 730 apostolorum,

915 740 1015 768 Lectus
1033 740 1102 768 liber
1111 745 1154 768 est
1167 740 1218 768 hoc
1231 740 1308 767 titulo
1323 749 1331 768 :
1350 740 1536 774 Apostolorum
1546 739 1668 768 Periodi.

877 786 1074 821 Complectitur
1086 786 1153 813 Acta
1165 785 1249 818 Petri,
1264 785 1389 818 Joannis,
1403 786 1528 819 Andreae,
1545 786 1668 821 Thema,

879 836 907 859 et
917 831 1005 865 Pauli,
1025 837 1150 863 auctore,
1167 837 1195 858 ut
1209 831 1277 859 liber
1286 833 1343 866 ipse
1355 832 1485 864 ostendit,
1498 831 1582 860 Lucio
1593 832 1666 860 Cba-

880 877 951 904 rino.
980 876 1069 904 Dictio
1104 876 1163 910 ejus
1194 876 1307 903 omnino
1337 876 1480 911 inaequalis
1504 885 1538 905 ac
1561 878 1633 905 varia
1657 887 1666 905 :

878 921 1085 950 constructione
1099 929 1165 950 vero
1177 929 1209 949 ac
1231 921 1343 950 vocibus
1357 923 1444 950 utitur
1460 923 1594 950 interdum
1607 923 1668 958 qui-

881 968 944 996 dem
961 975 1014 995 non
1030 967 1155 1002 abiectis,
1174 972 1205 995 ut
1229 968 1375 1003 plurimum
1394 973 1483 996 tamen
1501 969 1669 1003 forensibus,

882 1021 914 1041 ac
926 1013 1052 1048 protritis
1068 1022 1076 1040 :
1093 1020 1145 1040 nec
1162 1013 1245 1041 ullum
1261 1014 1287 1041 in
1302 1022 1335 1041 eo
1351 1014 1474 1048 aequalis,
1491 1020 1518 1042 et
1530 1015 1670 1042 subitaria:

880 1059 1021 1092 dictionis,
1036 1066 1070 1087 ac
1082 1060 1191 1092 nativae,
1208 1067 1269 1094 quae
1290 1059 1353 1087 hinc
1364 1060 1496 1088 exsistere
1519 1061 1588 1088 solet
1609 1069 1669 1096 gra-

880 1106 924 1133 tia:
953 1106 1019 1141 (quo
1047 1106 1127 1134 modo
1149 1106 1325 1141 evangelicus
1347 1111 1374 1134 et
1401 1107 1564 1142 apostolicus
1577 1115 1672 1135 sermo

880 1152 1066 1181 conformatus
1087 1153 1141 1186 est)
1165 1153 1312 1187 vestigium
1343 1156 1467 1187 apparet.
1493 1151 1585 1180 Scatet
1603 1153 1667 1180 item

881 1198 986 1230 stultis,
1003 1202 1028 1225 et
1041 1205 1133 1225 secum
1153 1198 1334 1233 pugnantibus
1351 1198 1565 1225 narrationibus.
1578 1198 1668 1226 Alium

884 1244 958 1272 enim
973 1243 1128 1271 Iudaeorum
1143 1244 1240 1277 Deum,
1259 1251 1375 1278 eumque
1389 1245 1490 1271 malum
1511 1251 1573 1272 esse
1590 1252 1668 1272 asse—

886 1290 934 1322 rit,
952 1290 1030 1323 cujus
1041 1290 1135 1316 Simon
1147 1289 1239 1324 Magos
1255 1289 1378 1316 minister
1401 1289 1493 1321 fuerit,
1513 1290 1594 1317 alium
1613 1298 1674 1317 rur-

881 1341 930 1362 sus
947 1343 1008 1363 esse
1020 1335 1172 1368 Christum,
1191 1343 1270 1370 quem
1283 1335 1384 1363 bottom
1402 1335 1477 1362 facit.
1492 1335 1586 1363 Omnia
1605 1343 1670 1371 ergo

883 1381 1030 1416 inquinans
1041 1387 1123 1417 atque
1140 1381 1320 1415 confundens,
1344 1382 1469 1409 eumdem
1484 1381 1559 1409 illum
1577 1387 1605 1410 et
1618 1381 1672 1409 Pa-

883 1433 954 1456 trem
980 1434 1062 1456 vocat
1078 1433 1105 1456 et
1120 1427 1230 1456 Filium.
1250 1427 1337 1455 lactat
1362 1435 1438 1462 vero,
1470 1436 1559 1463 neque
1577 1436 1671 1456 revera

883 1474 1021 1502 hominem
1051 1474 1167 1507 factum,
1195 1474 1241 1502 sed
1265 1479 1369 1501 tantum
1394 1475 1566 1510 apparuisse.
1591 1474 1671 1502 Varia

885 1520 949 1548 item
961 1519 1048 1547 forma
1066 1527 1138 1555 saepe
1154 1519 1293 1555 discipulis
1308 1520 1406 1552 visum,
1440 1527 1511 1548 nunc
1531 1520 1673 1554 juvenem,

886 1573 947 1594 mox
960 1566 1058 1594 iterum
1071 1573 1177 1598 senem,
1191 1573 1355 1600 rursumque
1366 1573 1479 1601 puerum
1490 1575 1498 1597 ζ
1527 1574 1599 1594 nunc
1611 1575 1673 1594 ma-

883 1611 982 1648 jorem,
1001 1619 1074 1640 nunc
1091 1612 1235 1644 minorem,
1254 1612 1388 1639 interdum
1396 1617 1423 1639 et
1437 1612 1598 1645 maximum,
1610 1620 1673 1640 ver-

885 1658 938 1685 tice
954 1657 1035 1685 etiam
1051 1657 1148 1685 ccelum
1167 1658 1356 1692 attingentem.
1373 1657 1473 1685 Multas
1486 1658 1569 1685 etiam
1591 1666 1675 1694 super

885 1710 967 1731 cruce
980 1711 1067 1738 nugas
1080 1703 1157 1738 lingit
1173 1708 1255 1738 atque
1273 1704 1400 1739 ineptias,
1426 1710 1515 1739 neque
1531 1704 1673 1731 Christum

886 1749 969 1778 fuisse
983 1750 1058 1777 cruci
1077 1750 1199 1783 altixum,
1214 1751 1262 1778 sed
1272 1750 1355 1777 alium
1367 1757 1416 1785 pro
1426 1757 1470 1783 eo,
1484 1754 1511 1778 et
1523 1749 1587 1777 hinc
1600 1749 1674 1776 illum

886 1803 946 1829 eos,
961 1797 1007 1831 qui
1032 1797 1058 1823 in
1074 1804 1182 1825 crucem
1195 1803 1318 1831 egeram,
1341 1797 1499 1824 irridentem
1511 1796 1585 1823 facit.
1601 1795 1675 1823 Con.

884 1840 958 1878 jugia
976 1842 1087 1878 insuper
1113 1843 1231 1879 legitima
1250 1843 1348 1877 rejicit,
1367 1848 1532 1876 omnemque
1548 1841 1618 1869 adeo
1627 1848 1676 1877 ge-

888 1888 1058 1916 nerationem
1087 1888 1185 1916 malam
1208 1895 1278 1920 esse.
1302 1888 1375 1923 91a
1392 1893 1420 1916 et
1439 1896 1453 1915 a
1473 1888 1544 1915 malo
1563 1887 1673 1920 asserit,

888 1933 1024 1969 aliamque
1054 1934 1204 1961 daemonum
1228 1933 1419 1962 formationem
1440 1934 1673 1962 comminiscitur.

889 1978 1059 2007 Mortuorum
1073 1979 1166 2006 adhzec
1174 1979 1326 2012 hominum,
1341 1980 1433 2012 boum,
1449 1987 1480 2007 ac
1489 1979 1674 2012 jumentorum

890 2026 1023 2053 abturdas
1058 2025 1231 2060 puerilesque
1272 2026 1491 2054 resurrectiones
1522 2026 1677 2060 prodigioae

891 2071 979 2106 lingit.
1001 2070 1029 2098 in
1053 2071 1129 2098 Actis
1152 2079 1263 2107 quoque
1293 2072 1366 2100 beati
1396 2071 1509 2100 Joannis
1528 2071 1676 2107 imaginum

891 2124 969 2144 usum
998 2124 1059 2144 cum
1087 2116 1276 2146 lconomachis
1303 2119 1458 2152 vituperare
1486 2117 1603 2145 videtur.
1629 2117 1677 2145 Vis

891 2163 976 2191 verbo
995 2163 1103 2191 dicam?
1128 2168 1248 2198 quantus
1264 2167 1306 2191 est
1326 2163 1405 2197 liber,
1425 2163 1539 2199 puerilia
1555 2164 1678 2191 continet

67 2209 106 2235 καὶ
115 2210 228 2237 ἀπίθανα
255 2211 306 2237 καὶ
329 2209 506 2236 κακόπλαστα
526 2211 574 2236 καὶ
586 2209 672 2244 ψευδῆ
689 2209 736 2236 καὶ
760 2209 832 2244 μωρό

892 2207 950 2236 sine
960 2215 1085 2241 numero,
1103 2213 1129 2236 et
1142 2208 1290 2243 inopinata,
1302 2208 1474 2243 maligneque
1493 2209 1620 2242 conﬁcta,
1643 2216 1677 2236 ac

67 2254 107 2280 καὶ
119 2254 204 2287 ἄλλοις
219 2255 243 2271 κ
263 2255 406 2291 μαχόμενα
427 2255 475 2283 καὶ
503 2254 591 2290 ἀσεϐῆ
617 2255 665 2281 καὶ
695 2254 764 2281 ἄθεα
792 2262 841 2280 πε-

70 2299 154 2334 ριέχει·
181 2302 215 2337 ἠν
245 2301 332 2328 εἰπών
346 2309 389 2332 τις
416 2300 507 2336 πάσης
523 2300 655 2335 αἱρέσεως
681 2299 771 2336 πηγὴν
794 2300 843 2326 καὶ

70 2346 162 2382 μητέρα
175 2347 225 2374 οὐκ
237 2347 271 2375 ἃν
283 2346 457 2382 ἀποσφαλείη
467 2345 514 2373 τοῦ
529 2346 642 2379 εἰκότος.

408 2437 482 2466 Ρ1Ε’.

70 2481 229 2518 ’Δνωνύμου
248 2484 326 2513 κατὰ
347 2485 501 2512 Ἰουδαίων
517 2483 565 2511 καί
583 2483 841 2517 Τεσσαρεσκαιδε-

100 2519 216 2546 κατιτὼν
232 2521 334 2554 λόγος.
348 2521 404 2546 Kal.
416 2519 613 2554 Μητροδώρου
633 2519 699 2553 περὶ
720 2518 776 2553 τῆς
792 2518 846 2546 τοῦ

100 2553 177 2587 ἁγίου
186 2553 296 2590 Πάσχα
307 2554 422 2590 ἑορτῆς.

109 2600 272 2638 Ἀνεγνώσθη
287 2601 389 2638 βιϐλίον
398 2601 539 2637 ἀνώνυμον
551 2620 559 2633 ,
574 2596 605 2628 οὗ
619 2601 637 2636 ἡ
652 2599 774 2635 ὲπιγαφὴ
790 2599 846 2627 Λό-

893 2253 973 2286 lalsa.
988 2255 1043 2281 imo
1057 2254 1151 2287 stulta,
1165 2259 1192 2281 et
1206 2255 1278 2283 inter
1291 2262 1322 2282 se
1334 2255 1493 2290 pugnantia,
1507 2255 1588 2290 impia
1599 2255 1677 2282 deni-

898 2307 952 2335 que
975 2304 1002 2327 et
1016 2300 1175 2328 detestanda
1197 2305 1247 2334 tot,
1273 2305 1302 2327 ut
1316 2301 1361 2335 qui
1377 2308 1439 2328 eum
1466 2301 1555 2329 omnis
1569 2301 1679 2328 haeresis

895 2346 998 2374 iontem
1015 2351 1098 2382 atque
1111 2352 1250 2375 auctorem
1266 2347 1377 2382 dixerit,
1403 2354 1458 2375 non
1479 2347 1524 2376 ille
1536 2355 1551 2375 a
1566 2349 1680 2376 veritate

894 2392 938 2420 vel
949 2392 1092 2420 minimum
1111 2392 1276 2421 discesserit.

1247 2437 1329 2467 CXV.

895 2484 974 2512 Liber
985 2493 1131 2520 anonynms
1144 2489 1235 2512 contra
1253 2485 1361 2512 ludens
1373 2490 1397 2512 et
1414 2484 1679 2518 Quartadecimanos,

998 2522 1110 2555 itemque
1128 2520 1271 2548 Metrodori
1281 2520 1406 2548 Calculus
1419 2520 1570 2548 Paschalis.

929 2598 994 2635 Legi
1010 2599 1105 2627 incerti
1117 2599 1237 2628 auctoris
1251 2599 1362 2633 librum,
1377 2598 1538 2635 quititulum
1551 2599 1659 2635 praefert
1671 2606 1680 2625 :

699 2657 817 2685 VARIJE
834 2657 1036 2685 LELTIONES.

102 2705 124 2721 "
137 2706 151 2732 ὁ
163 2707 223 2734 add.
236 2707 272 2735 Δ.
307 2708 331 2725 ³⁴
348 2706 531 2741 ὲπισκοπῆσαι
552 2705 662 2741 Ῥώμης
674 2714 705 2738 ς.

73 2740 192 2774 πολλάκις
203 2745 236 2770 Α.
276 2743 297 2760 ⁸¹
316 2743 345 2770 δέ
363 2752 394 2776 ς.

753 2704 781 2740 ἢ(
791 2703 955 2740 ἀνέγκλητον
969 2704 1010 2740 A.
1040 2703 1138 2740 {'Alibrj
1156 2703 1286 2740 ἑαυτήν..
1302 2703 1325 2740 ff
1345 2703 1439 2740 φυρῶν
1455 2711 1486 2736 ς.
1523 2703 1547 2720 ⁸⁸
1565 2701 1683 2738 φανῆναι

441 2743 464 2758 ³¹
477 2737 615 2778 ἔκκληροῖ
625 2737 657 2774 cf.
681 2737 685 2738 ⁷
703 2740 726 2757 ³³
741 2739 829 2767 ἄλλων
843 2737 909 2767 sua:
920 2741 955 2767 A.
991 2739 1015 2756 "
1030 2737 1133 2774 ἄλλοις]
1150 2737 1380 2775 ἱιιιιιιόάλλήλοὶς.

809 2785 928 2816 ΝΟΤᾸΞ.

104 2833 155 2869 (75)
167 2835 233 2864 Vide
244 2837 275 2864 Β.
290 2837 389 2866 Baron.
405 2842 471 2865 tom.
487 2837 507 2870 1,
525 2836 557 2864 ad
575 2843 674 2864 annum
688 2834 788 2870 Christi
800 2833 847 2862 96.

103 2870 156 2905 (76)
169 2870 298 2909 Iartyrio
313 2878 471 2902 coronatum
494 2877 524 2900 ut
540 2872 620 2900 docet
633 2871 663 2899 ο.
683 2871 757 2899 card.
773 2869 871 2898 Baron.

894 2872 914 2898 ι.
930 2866 964 2903 ll,
980 2866 1011 2896 ad
1029 2873 1129 2895 annum
1145 2864 1247 2897 Christi
1264 2866 1326 2896 l02.
