1938 3091
226 136 278 170 391

816 130 949 161 PHOTII
967 130 1218 161 PATRIARCHE
1230 130 1285 161 CP.

1809 128 1862 160 392

223 192 374 228 Disputatio
394 193 518 219 adversus
532 189 652 223 Iudaeos,
672 197 776 225 unaque
789 189 927 216 sentientes
938 189 1022 216 luere-

1080 197 1125 223 γιος
1135 187 1210 223 πρὸς
1226 186 1393 220 Ἰουδαίους
1403 186 1454 216 καὶ
1464 186 1531 220 τοὺς
1540 187 1618 222 μετὰ
1634 186 1750 214 τούτων
1759 188 1863 222 ιιιρετι-

224 242 288 268 ιίσοε
302 239 370 274 (77),
388 242 412 264 et
435 235 700 269 Quartadecimanor,
715 239 743 261 ut
754 240 861 268 vocant,
874 234 920 270 qui
929 234 1014 268 primo

226 286 398 314 Hebraeorum
413 290 500 310 meme
519 286 640 309 sanctum
663 280 774 308 Pascha:
788 280 884 316 festum
909 288 960 307 mm
975 287 1016 307 ce-

224 332 326 360 lebrant
342 329 410 366 (78).
427 328 512 363 llujus
525 329 614 356 oratio
628 327 776 355 vehemens
795 331 848 360 est,
866 334 954 362 neque
971 333 1014 354 re-

226 379 360 409 dundans,
372 376 444 404 fastu
452 375 638 411 jactantiaque
652 382 705 402 non
715 381 826 402 vacans.
839 373 945 401 Asserit
953 380 1017 400 vero

227 433 307 453 sacra
327 425 422 460 quinta
435 422 501 458 (die)
518 422 604 459 legale
617 429 670 450 non
687 422 777 450 edisse
797 422 900 450 Pascha
921 421 1015 449 Domi-

227 481 291 501 num
304 473 397 500 Jesutn
413 471 551 499 Christum
569 470 670 506 (neque
685 470 756 497 enim
772 469 846 497 illum
861 470 918 504 ejus
927 469 1016 497 edenti

227 523 357 546 statutum
376 517 460 544 fuisse
473 515 567 550 diem),
588 516 634 542 sed
649 515 780 550 sequenti.
799 514 837 542 Ae
849 521 936 549 neque
949 519 1017 548 tum,

228 575 288 602 qua:
304 565 404 597 ederit,
419 572 451 591 ex
467 564 536 599 legis
553 563 714 598 prtescripto
726 563 826 590 edisse.
848 561 914 589 Nam
931 569 1019 596 neque

228 620 339 648 agmini,
357 617 444 644 neque
458 617 568 644 azyma,
590 616 677 643 neque
695 608 765 635 aliud
777 608 912 643 quidpiam
925 615 1018 634 eorum

230 657 339 688 fecisse,
356 664 415 690 qua:
432 655 519 690 legale
529 659 672 682 servantes
688 653 805 686 Pascha,
820 660 897 680 more
911 654 1019 686 rituque

230 705 364 737 majorum
379 702 537 729 observant.
553 700 647 734 Itaque
664 700 797 734 privatam
829 704 945 730 tantum,
962 706 1020 734 tuy-

229 746 326 773 sticam
342 744 413 771 illam
430 749 532 775 tamen,
551 743 608 770 vult
629 750 735 770 caenam
763 742 863 773 edisse.
893 746 974 776 atque
986 748 1020 768 ex

229 798 261 818 ea
277 789 418 824 discipulis
431 796 541 823 panem,
562 793 589 816 et
603 788 716 815 calicem
730 788 895 822 porrexisse.

265 837 342 863 Alius
359 836 423 862 item
442 835 511 862 liber
525 833 688 868 coniunctus
710 839 769 860 erat
791 833 938 860 Metrodori
968 841 1021 860 cu-

1064 235 1138 268 κοὺς
1154 234 1205 261 καὶ
1219 233 1290 267 τοὺς
1312 233 1521 267 καλουμένους
1540 232 1863 267 Ἀσσαρεσκαιδεκατίο

1065 287 1127 312 τας,
1138 279 1182 314 μὴ
1191 278 1233 312 τῷ
1244 278 1349 313 πρώτῳ
1361 279 1426 306 καθ’
1439 278 1596 312 Ἐϐραίους
1603 278 1678 313 μηνί
1692 278 1864 306 ἐπιτελοῦν-

1066 333 1118 358 τας
1129 325 1183 352 τοῦ
1193 324 1281 359 ἁγίου
1291 324 1400 358 Πάσχα
1410 323 1468 358 τὴν
1478 323 1597 358 ἑορτήν.
1606 321 1690 355 Οὗτος
1702 324 1752 360 μὲν
1761 325 1776 350 ό
1783 323 1866 358 λόγος

1067 371 1198 407 σύντομος
1205 371 1228 388 ³⁵
1239 371 1286 398 καὶ
1298 370 1443 405 ἀπέριττος
1454 370 1502 397 καὶ
1516 370 1624 406 κόμπου
1637 370 1770 405 μετέχων.
1780 369 1866 403 Λέγει

1068 418 1162 453 μέντοι
1174 419 1208 453 τῇ
1218 418 1284 453 ἁγίᾳ.
1294 418 1411 453 Πέμπτῃ
1429 417 1467 453 μὴ
1483 416 1514 443 τὸ
1529 416 1642 452 νομικὸν
1657 417 1755 451 φαγεῖν
1766 416 1864 450 Πάσχα

1067 463 1113 490 τδν
1121 462 1223 499 Κύριον
1231 463 1310 498 ἡμῶν
1318 462 1420 498 Ἰησοῦν
1428 462 1546 498 Χριστόν
1555 470 1561 477 ·
1577 461 1644 498 μηδὲ
1654 462 1708 498 γὰρ
1719 459 1789 488 είναι
1800 461 1864 488 τότε

1067 509 1114 536 τδν
1125 509 1231 545 καιρὸν,
1241 508 1310 535 ἀλλὰ
1319 510 1352 544 τῇ
1365 507 1493 544 ἐπιούσῃ.
1501 507 1556 534 Καὶ
1565 508 1606 534 ὅτι
1617 507 1678 534 οὐδὲ
1689 507 1810 543 νομικῶς
1820 516 1865 533 τε-

1067 555 1122 582 λῶν
1130 554 1242 589 ἔφαγεν,
1250 554 1350 590 ἆπερ³⁶
1358 555 1470 589 ἔφαγεν,
1477 554 1518 586 είς
1525 554 1575 587 τὴν
1584 553 1714 581 ἐπιοῦσαν
1721 561 1728 568 ·
1738 553 1799 580 οὔτε
1809 553 1865 589 γὰρ

1068 599 1149 634 ὰρνὺν
1164 599 1226 626 οὔτε
1238 599 1331 634 ἄζυμα
1347 598 1409 625 οὔτε
1426 598 1491 626 ἄλλο
1510 607 1537 625 τι
1560 597 1689 634 πράττων
1700 619 1708 631 ,
1729 597 1781 624 ὅσα
1791 599 1816 624 οἱ
1833 598 1866 625 τὸ

1069 645 1180 680 νομικὸν
1191 645 1329 677 τελοῦντες
1340 645 1435 680 Πάσχα
1447 644 1508 676 ἔθος
1519 644 1611 680 ἔχουσι
1625 644 1864 680 παραφυλάττειν*

1072 691 1130 718 ἀλλ’
1147 691 1213 717 ἴδιον
1230 691 1361 726 μυστικόν
1377 699 1444 727 φησι
1458 691 1565 717 δεῖπνον
1582 692 1695 725 φαγεῖν,
1712 691 1741 724 ἐξ
1764 687 1796 717 οὖ
1816 690 1867 717 καὶ

1070 739 1126 770 τοῖς
1143 738 1278 774 μαθηταῖς
1299 739 1383 773 ἄρτου
1397 738 1446 764 καὶ
1468 737 1598 773 ποτηρίου
1618 737 1792 773 μεταδοῦναι.

1108 838 1117 875 [
1130 838 1182 866 293
1197 839 1231 866 Β.
1244 837 1254 874 ]
1283 838 1440 874 Ἕνεφέρετο
1456 838 1485 865 δὲ
1508 838 1587 872 λόγος
1603 837 1697 874 ἕτερος
1713 838 1866 874 Μητροδώ-

228 884 350 917 jusdam,
368 880 494 908 Calculus
517 880 645 907 nimirum
666 879 698 907 de
723 887 799 906 sacro
823 879 935 906 Pascha:
954 880 1021 914 {esto

1080 893 1124 920 pou
1139 885 1210 916 τινος
1221 906 1229 918 ,
1243 884 1332 920 ψῆφος
1342 883 1672 919 ἐννεακαιδεκαετηρίδων
1687 883 1729 919 κη’
1743 885 1785 916 είς
1802 885 1867 910 ἑαυ-

231 927 385 955 celebrando
413 934 509 954 novem
531 926 721 954 decennalium
758 925 896 961 cyclorutn
926 925 1021 960 viginti

231 980 293 1002 octo
319 975 345 1000 in
371 973 491 1008 seipsunt
519 972 596 1006 quasi
625 972 650 999 in
681 972 775 999 orbem
804 972 938 999 redactus.
972 971 1023 1008 llic

232 1023 321 1044 autent
350 1016 534 1048 Metrodorus,
564 1016 722 1050 quicunque
750 1015 857 1042 tandem
883 1021 924 1042 est
944 1007 1023 1051 (nihil

233 1065 307 1091 enim
325 1063 398 1090 aliud
418 1063 452 1090 de
469 1062 516 1089 illo
531 1062 623 1089 dicere
638 1060 734 1096 statui)
757 1068 771 1087 a
790 1061 968 1094 Diocletiano,
981 1061 1023 1088 in-

232 1110 358 1136 choando
374 1108 586 1144 quingentorum
602 1107 713 1142 triginta
729 1107 810 1134 trium
821 1114 953 1134 annorum
967 1106 1024 1134 dies

234 1155 319 1183 festos
334 1155 454 1189 collegit,
473 1154 552 1189 idque
570 1154 712 1189 (quantum
735 1152 853 1187 videtur)
873 1152 1023 1180 secundum

234 1205 391 1228 accuratam
419 1199 512 1230 illam,
541 1205 623 1232 quam
650 1203 771 1231 vocant,
788 1196 1024 1232 quartae—decima:

234 1247 305 1272 lunae
318 1244 562 1279 computationem.
581 1243 690 1270 Etenim
705 1251 792 1278 neque
805 1243 878 1270 hunc
894 1242 1023 1274 Ecclesia,

236 1295 324 1323 neque
339 1292 417 1315 vetus
436 1287 548 1315 traditio
560 1286 619 1315 dies
636 1286 697 1315 illos
711 1293 837 1315 servasse
852 1286 989 1314 videntur.

584 1332 675 1362 CXVI.

237 1382 362 1409 Auctoris
377 1380 470 1408 incerti
493 1379 525 1407 de
541 1387 618 1407 sacro
640 1378 752 1407 Pascha:
766 1378 832 1413 ferto
847 1379 966 1406 volumen
982 1385 1024 1406 ut.

272 1472 371 1500 Lectus
397 1478 508 1507 quoque
536 1470 606 1499 liber
635 1474 689 1502 est,
721 1468 767 1505 qui
797 1468 938 1504 scriptoris
972 1475 1026 1496 non

237 1525 365 1553 expresso
376 1519 485 1546 nomine
497 1517 671 1545 inscribitur:
681 1516 722 1544 De
732 1523 808 1544 sacro
827 1515 939 1543 Pascha:
958 1515 1027 1550 festo

238 1567 358 1594 volumen
373 1566 480 1594 tertium
496 1564 571 1592 libris
586 1569 656 1593 octo.

276 1612 401 1648 Simplici
415 1611 547 1644 dictione,
564 1610 689 1646 styloque
701 1608 875 1644 apertissimo
898 1608 1029 1643 scriptum

240 1666 319 1694 opus,
339 1657 425 1686 multa
447 1665 513 1685 sane
536 1661 619 1692 atque
637 1656 766 1691 praeclara
790 1663 872 1683 sensa
896 1655 1029 1682 continet.

241 1706 365 1740 Scriptor
393 1704 438 1732 hic
463 1703 536 1731 libro
560 1708 660 1738 quarto
682 1701 866 1729 Metrodorum
887 1707 960 1735 saepe
986 1707 1030 1727 re-

240 1751 395 1787 prehendit,
406 1757 438 1778 ae
447 1749 510 1777 dum
526 1749 614 1777 sacris
627 1755 687 1776 sese
700 1748 851 1782 Scriptura
866 1745 1031 1774 testimoniis

241 1797 402 1829 communit,
421 1803 475 1824 non
497 1802 594 1830 pauca,
612 1793 798 1830 explanatoris
817 1793 874 1821 fere
893 1793 1030 1824 ntethodo,

241 1843 313 1879 916
334 1843 361 1871 in
378 1849 427 1870 sex
445 1842 550 1870 dierum
581 1848 649 1876 opus
665 1840 741 1867 utilia
759 1840 834 1868 hisce
852 1839 886 1866 de
900 1838 1032 1866 Paschate

243 1890 319 1918 libris
333 1889 459 1917 intexuit.
474 1888 584 1916 Dedicat
599 1894 665 1915 vero
679 1886 833 1919 Theodoro,
858 1893 939 1920 quem
962 1885 1032 1913 dile-

242 1941 315 1963 clum
327 1936 494 1970 fratremque
506 1933 634 1969 appellat.
647 1932 762 1968 Scripsit
773 1933 866 1960 eadem
879 1933 913 1960 de
923 1939 953 1960 re
964 1932 1032 1959 alios

243 1988 354 2016 quoque
368 1981 465 2013 libros,
479 1987 571 2007 verum
590 1979 634 2006 hic
649 1978 760 2006 uberior
772 1983 815 2006 est
825 1982 907 2013 atque
920 1975 1030 2011 utilior;

248 2032 277 2052 ut
294 2026 340 2061 qui
353 2026 379 2053 in
393 2033 421 2053 re
435 2026 508 2053 tenui
526 2024 601 2052 utilia
613 2032 730 2060 quaeque
748 2025 780 2052 ad
800 2031 856 2052 rem
871 2024 1032 2059 pertinentia

248 2071 357 2098 afferat.
380 2070 447 2098 Nam
467 2071 500 2098 de
522 2070 643 2098 bissexto
658 2090 666 2104 ,
689 2074 717 2098 et
748 2077 842 2098 mense
865 2069 1031 2103 intercalari,

244 2117 364 2151 solisque
396 2124 429 2144 ac
448 2116 518 2144 luna:
541 2116 656 2151 epactis,
677 2121 705 2143 et
728 2115 1030 2144 enneacmdecaeteridi-

245 2165 296 2192 bus
308 2163 376 2199 (79),
388 2168 417 2191 et
428 2163 461 2191 de
478 2163 584 2191 ratione
599 2170 630 2190 ac
642 2163 684 2190 via
695 2163 753 2190 haec
770 2162 960 2198 investigandi,
975 2162 1034 2189 sin-

245 2210 307 2245 gula
320 2209 484 2236 excutiendo
495 2209 610 2236 dilucide
620 2209 710 2236 tradit.
722 2208 759 2235 De
767 2208 906 2235 mensibus
917 2207 993 2239 item,
1007 2211 1035 2234 et

246 2256 399 2288 neomenia,
409 2260 437 2283 et
449 2248 630 2287 hebdomade,
641 2255 755 2290 ejusque
769 2254 875 2286 diebus.
886 2258 914 2281 et
922 2255 1032 2288 quinam

245 2309 406 2330 communes
420 2301 484 2329 anni
499 2302 683 2336 appellantur,
696 2302 798 2336 quique
810 2300 942 2334 iuterjecti
956 2299 1031 2327 anni.

248 2347 285 2375 De
301 2347 440 2375 curriculo
463 2352 594 2382 praeterea
612 2347 678 2375 solis
697 2352 759 2374 octo
776 2353 804 2374 et
829 2346 922 2381 viginti
948 2354 1033 2373 anno-

247 2401 316 2426 rum,
334 2398 361 2422 et
377 2393 562 2421 novemdecim
580 2401 712 2421 annorum
731 2393 810 2426 luum,
825 2400 856 2420 ac
869 2397 967 2427 quarto
987 2394 1033 2419 de-

246 2440 317 2469 cimo
328 2441 450 2476 ejusdem
466 2440 521 2468 die.
537 2439 657 2468 Rursum
674 2440 708 2468 de
729 2439 868 2468 mensibus
894 2439 1033 2466 lunaribus

1075 931 1125 966 τὴν
1134 930 1359 966 ἀνακυκλουμένη
1369 930 1434 966 περὶ
1445 929 1495 965 τῆς
1503 929 1550 956 τοῦ
1562 930 1639 964 ἁγίου
1650 930 1746 965 Πάσχα
1755 930 1865 965 ἑορτῆς.

1076 975 1161 1010 Οὗτος
1176 979 1190 1005 ὁ
1203 978 1386 1014 Μητρόδωρος
1396 997 1404 1009 ,
1419 978 1494 1009 ὅστις
1514 977 1579 1004 ποτὲ
1595 978 1652 1003 ἐστι
1667 977 1716 1011 (οὺ
1731 977 1785 1012 γὰρ
1802 978 1866 1004 ἄλλο

1075 1033 1102 1051 τι
1123 1024 1208 1059 ἔγνων
1223 1024 1309 1050 εἰπεῖν
1329 1024 1392 1058 περὶ
1404 1022 1487 1050 αὐτοῦ
1497 1023 1506 1059 )
1518 1043 1525 1055 ,
1540 1022 1595 1049 ἀπὸ
1607 1022 1799 1057 Διοκλητιανοῦ
1817 1024 1867 1059 ἀρ-

1077 1072 1191 1107 ξάμενος
1217 1071 1277 1105 φλγ¹
1303 1070 1371 1097 ἐτῶν
1396 1070 1533 1106 συνήγαγε
1554 1071 1625 1097 κατὰ
1646 1070 1696 1106 τὴν
1716 1070 1867 1106 λεγομένην

1077 1117 1180 1152 ἀκριϐῆ
1192 1117 1241 1150 τῆς
1256 1116 1556 1152 τεσσαρεσκαιδεκάτης
1572 1116 1745 1152 ψηφοφορίαν
1755 1117 1778 1132 ⁸⁷
1798 1116 1870 1152 ὴμέ-

1079 1170 1128 1197 ρας
1138 1181 1145 1194 ,
1161 1161 1210 1188 ὅσα
1226 1160 1264 1196 τῷ
1279 1161 1367 1187 δοκεῖν
1378 1181 1386 1194 ,
1402 1161 1580 1198 ὲοριαστικάς
1593 1169 1599 1176 '
1613 1162 1660 1189 καὶ
1673 1162 1727 1198 γὰρ
1740 1161 1804 1188 οὔτε
1819 1162 1870 1188 νῦν

1077 1208 1095 1242 ὴ
1117 1206 1264 1241 Ἐκκλησία
1277 1205 1339 1232 οὔτε
1355 1207 1372 1242 ἠ
1390 1203 1496 1234 παλάιᾶ
1510 1207 1658 1243 παράδοσις
1674 1207 1787 1240 ταύταις
1803 1208 1870 1243 φαί-

1077 1261 1153 1280 νεται
1165 1252 1334 1287 κεχρημένη.

1433 1340 1516 1368 Ρῐσν.

1433 1341 1467 1367 ΡΙ
1508 1359 1516 1368 .

1079 1387 1254 1422 Ἀνωνύμου
1276 1387 1343 1422 περὶ
1361 1341 1600 1450 τῆῧῚοῦ
1624 1388 1733 1422 Πάσχα
1762 1388 1874 1423 ἑορτῆς

1405 1425 1445 1450 λό
1483 1432 1492 1449 ι
1535 1443 1542 1450 .

1121 1468 1291 1504 ’Λνεγνώσοη
1306 1468 1407 1504 βιϐλίον
1419 1488 1427 1501 ,
1441 1425 1565 1496 gravi-ul.
1575 1469 1614 1505 τῷ
1624 1468 1736 1505 ὀνόματι
1747 1469 1796 1497 τοῦ
1808 1479 1875 1498 συν-

1079 1515 1238 1550 τεταχότος,
1264 1515 1469 1550 ἀνεπίγραφον·
1488 1514 1537 1541 ἐπὶ
1552 1516 1585 1550 τῇ
1612 1523 1643 1550 γε
1671 1515 1754 1552 βίϐλῳ
1775 1517 1875 1550 ἐπεγέ-

1040 1562 1062 1593 C
1078 1568 1184 1596 γραπτο
1195 1567 1203 1576 ο
1224 1560 1312 1595 «Περὶ
1327 1559 1377 1595 τῆς
1396 1560 1477 1595 ἁγίας
1501 1559 1548 1586 τοῦ
1564 1559 1661 1596 Πάσχα
1673 1561 1770 1596 ἑορτῆς
1792 1561 1874 1596 λόγος

1080 1606 1172 1642 τρίτος
1183 1626 1191 1639 ,
1207 1606 1237 1632 ὲν
1255 1606 1349 1641 τόμοις
1363 1605 1445 1633 ὀκτώ.
1459 1615 1469 1631 ι
1493 1605 1568 1642 Αὕτη
1591 1607 1608 1642 ἠ
1626 1606 1715 1642 βίϐλος
1731 1607 1803 1642 ἁπλῇ
1823 1607 1876 1643 μὲν

1081 1653 1128 1680 καὶ
1142 1652 1297 1688 σαφεστάτῃ
1315 1652 1523 1688 συγγέγραπται
1546 1653 1646 1689 φράσει
1659 1674 1666 1686 ,
1686 1653 1772 1680 πολλὰ
1783 1653 1812 1680 δὲ
1826 1654 1876 1681 καὶ

1081 1699 1152 1727 καλὰ
1163 1700 1285 1735 νοήματα
1297 1699 1420 1736 περιέχει
1431 1699 1465 1727 ³⁸.
1476 1697 1560 1732 οὗτος
1570 1701 1584 1727 ὀ
1601 1701 1778 1736 συγγραφεὺς
1790 1702 1820 1728 ὲν
1831 1701 1875 1737 τῷ

1080 1745 1204 1781 τετάρτῳ
1209 1745 1284 1781 τόμῳ
1291 1747 1338 1773 καὶ
1345 1746 1550 1782 κατὰΜητροδώ
1554 1755 1600 1781 ρου
1609 1748 1724 1773 ποιεῖται
1731 1746 1876 1782 ἐλέγχους,

1082 1792 1129 1818 καὶ
1137 1792 1199 1823 ταῖς
1213 1792 1366 1827 Γραφικαῖς
1379 1792 1407 1819 δὲ
1415 1793 1578 1828 μαρτυρίαις
1591 1793 1746 1828 ὠχύρωται,
1753 1793 1802 1820 καὶ
1810 1794 1879 1820 πολ-

1081 1838 1116 1865 λὰ
1123 1838 1177 1865 τῶν
1188 1839 1228 1871 είς
1243 1839 1293 1872 τὴν
1299 1839 1468 1875 Ἐξαήμερον
1477 1839 1631 1875 χρησίμων,
1640 1839 1678 1871 ὡς
1686 1840 1714 1866 ὲν
1724 1839 1878 1874 ἑρμηνείας

1082 1884 1160 1921 τύπῳ
1171 1905 1178 1917 ,
1189 1885 1260 1911 κατὰ
1272 1885 1367 1912 τούσδε
1380 1887 1444 1918 τοὺς
1455 1886 1520 1921 περὶ
1533 1885 1580 1912 τοῦ
1592 1887 1689 1921 Πάσχα
1703 1885 1801 1920 λόγους
1813 1894 1877 1912 συν-

1084 1932 1202 1967 υφαίνει.
1218 1932 1377 1968 Προσφωνεϊ
1396 1932 1424 1959 δὲ
1438 1932 1570 1968 Θεοδώρῳ
1585 1932 1631 1959 τὸν
1643 1932 1722 1967 λόγον
1733 1953 1741 1966 ,
1758 1932 1787 1959 δν
1802 1932 1878 1966 ἁγα-

1084 1978 1170 2014 πητόν
1191 1986 1221 2005 τε
1235 1978 1282 2005 καὶ
1294 1978 1407 2013 ἀδελφὸν
1423 1978 1601 2013 ὑπαγορεύει.
1618 1978 1757 2014 Πεποίηχε
1782 1978 1812 2005 δὲ
1825 1979 1876 2004 καὶ

1085 2026 1182 2062 ἑτέρας
1199 2026 1264 2061 περὶ
1284 2026 1334 2060 τῆς
1357 2025 1444 2061 αὐτῆς
1468 2026 1623 2058 ὑποθέσεως
1641 2026 1774 2062 πρότερον
1789 2026 1812 2041 ³⁸
1832 2026 1876 2060 βί-

1086 2070 1166 2102 ϐλους
1176 2077 1185 2085 ο
1200 2070 1259 2097 ἀλλ’
1275 2069 1345 2105 αὕτη
1361 2070 1518 2106 πλατυτέρα
1539 2079 1570 2097 τε
1591 2071 1638 2098 καὶ
1655 2071 1853 2106 χρησιμωτάτη
1868 2092 1876 2102 ,

1085 2116 1122 2147 ὡς
1137 2116 1184 2142 ἐπὶ
1194 2115 1204 2151 [
1216 2115 1267 2143 158
1281 2115 1334 2152 Η.]
1349 2115 1440 2151 λεπτῷ
1454 2117 1543 2144 πάντα
1556 2117 1590 2144 τὰ
1606 2116 1674 2150 πρὸς
1685 2116 1734 2152 τὴν
1747 2116 1876 2144 ὑπόθεσιν

1086 2162 1209 2197 χρήσιμα
1220 2161 1365 2194 διεξιοῦσα.
1381 2162 1448 2198 Περί
1462 2171 1492 2189 τε
1514 2163 1569 2199 γὰρ
1587 2162 1710 2198 βισέξτου
1719 2162 1742 2179 ⁸⁸
1759 2163 1808 2190 καὶ
1825 2163 1879 2199 ἐμ.-

1088 2208 1201 2244 6ολίμου
1215 2208 1298 2244 μηνὸς
1311 2209 1358 2235 καὶ
1370 2209 1497 2236 ὲπακτῶν
1511 2209 1588 2244 ἡλίου
1601 2209 1648 2236 καὶ
1659 2209 1786 2236 ἐπακτῶν
1798 2209 1878 2244 σελή-

1086 2262 1134 2288 νης
1151 2253 1198 2280 καὶ
1214 2255 1540 2291 ὲννεακαιδεκαετηρὶδων
1562 2256 1609 2282 καὶ
1626 2256 1739 2291 μεθόδου
1752 2255 1802 2289 τῆς
1829 2256 1878 2282 εὑ-

1088 2299 1190 2335 ρέσεως
1201 2300 1290 2327 αὐτῶν
1303 2300 1480 2337 λεπομερῶς
1497 2303 1544 2329 καὶ
1567 2301 1660 2337 σαφῶς
1679 2301 1876 2337 διαλαμϐάνειμ

1086 2347 1132 2373 καὶ¹
1143 2347 1208 2382 περὶ
1221 2348 1313 2383 μηνῶν
1328 2349 1376 2375 καὶ
1387 2348 1532 2384 νεομηνίας
1546 2349 1593 2376 καὶ
1605 2348 1750 2384 ἑϐδομάδος
1762 2348 1810 2375 καὶ
1820 2348 1877 2374 τῶν

1086 2393 1115 2419 ὲν
1134 2393 1204 2429 αὐτῇ
1228 2394 1342 2430 ἡμερῶν
1353 2414 1362 2426 ,
1375 2395 1448 2427 τίνες
1460 2403 1490 2422 τε
1505 2395 1632 2422 κύκλοι⁸¹
1656 2395 1775 2422 ἐνιαυτοὶ
1790 2403 1878 2430 προσ-

1086 2441 1262 2478 αγορεύονται
1277 2442 1324 2470 καὶ
1339 2443 1410 2476 τινες
1425 2443 1569 2480 ἐμϐόλιμοι
1585 2444 1718 2477 ἐνιαυτοὶ,
1733 2443 1798 2479 περί
1807 2451 1840 2470 τε
1852 2442 1877 2458 δ’

893 2518 1010 2547 νΔΙὶΙΛΕ
1025 2519 1226 2550 [.ECTIONES.

294 2581 317 2596 ³⁸
334 2579 457 2613 σύντονος
472 2589 502 2613 ς.
526 2579 565 2616 H“
581 2579 653 2616 ἅπερ
667 2579 769 2614 ἔφαγεν
784 2579 854 2616 add.’
864 2579 896 2607 A.

948 2579 970 2616 θ’
985 2579 1164 2616 ψηφηφορίαν
1181 2590 1211 2613 ς-

1260 2581 1282 2622 ξξ
1293 2582 1416 2622 περιέχει
1429 2581 1567 2622 ’νοήματα
1584 2589 1615 2622 ς.
1656 2580 1678 2596 ³⁸
1694 2581 1829 2618 πρότερον
1851 2587 1880 2608 ct

246 2623 308 2643 mox
327 2624 356 2642 τε
375 2616 437 2643 add.
452 2615 485 2643 Α.
524 2614 548 2631 ⁸⁸
565 2614 692 2651 βισέιιτου
708 2618 740 2642 Α.
785 2615 806 2630 ⁵³
824 2615 931 2641 κὺκλιοι
949 2615 1024 2641 liotlu

1080 2614 1123 2650 ηεξ,
1142 2616 1226 2643 κοινοί
1260 2614 1390 2650 Scaliger.
1428 2616 1450 2632 "
1466 2614 1497 2643 τέ
1516 2617 1579 2643 add.
1593 2616 1626 2643 Α.

1002 2683 1118 2712 ΙΝΟΤᾸΕ.

283 2740 340 2777 (77)
359 2740 551 2777 Montanistas,
558 2740 733 2774 Novatianos,
745 2741 863 2769 Blasium
876 2744 903 2769 et
916 2741 1029 2769 similes.

284 2776 758 2813 1⁸18)-Τεσσαρεσκαιδεκατίταςενιιυί
769 2784 820 2804 non
829 2777 896 2804 lunae
910 2785 941 2813 c_u
946 2784 1029 2809 rsum,

247 2811 461 2845 more'ludaico',
481 2813 528 2839 sed
545 2812 611 2839 solis
625 2812 817 2846 sequebantur,
834 2817 905 2839 terte
916 2811 1027 2839 Sozom.

247 2847 295 2874 lib.
311 2854 360 2883 VI],
387 2856 446 2883 cap.
468 2847 511 2881 18,
525 2847 569 2883 l9,
592 2852 619 2874 et
633 2854 648 2875 a
669 2846 779 2883 Vielort}
807 2847 879 2882 Papa
910 2847 1029 2883 damnati

247 2887 320 2911 sunt.
337 2882 476 2919 Legendus
491 2883 524 2912 υ.
541 2882 640 2912 Baron.
666 2888 731 2912 tom.
756 2882 789 2917 ll,
825 2883 857 2912 ad
886 2890 949 2910 ann.
964 2882 1029 2909 Chr.

1085 2741 1376 2809 fig§,veg‘$hﬁgdoret.
1393 2748 1475 2779 atque
1492 2743 1640 2779 Epiphan.,
1657 2742 1875 2778 Enseb.quoque

1119 2812 1181 2850 (79_)_
1200 2812 1535 2850 Ἐννεακαιδεκαετερίδων
1558 2823 1565 2850 ς
1590 2821 1704 2850 quarum
1731 2817 1871 2850 auctorem

1084 2846 1241 2884 Eusebium
1257 2848 1322 2876 facit
1348 2848 1377 2876 S.
1390 2846 1546 2884 Hieronym.
1558 2849 1584 2876 in
1600 2846 1751 2884 Hippolyto,
1777 2849 1823 2874 ιιι».
1839 2848 1875 2876 Da

1083 2882 1174 2917 script.
1189 2883 1345 2919 ecclesiast.,
1360 2890 1387 2914 et
1403 2882 1539 2920 Beda,’De
1557 2882 1746 2920 teviipore,c;np.
1764 2883 1808 2910 4-2.
