1938 3091
71 133 113 164 393

73 235 186 269 σελήνης,
207 232 253 258 καὶ
276 232 326 266 τῆς
341 231 644 266 τεσσαρεσκαιδεκάτης
666 230 768 264 αὐτῆς,
794 231 841 256 καὶ

73 280 125 314 περὶ.
145 277 231 313 μηνῶν
266 276 434 311 σεληνιακῶν
455 277 502 302 καὶ
521 276 614 311 μηνῶν
635 275 758 311 ἡλιακῶν
770 295 778 307 ,
795 276 842 302 καὶ

72 324 197 359 νουμηνίας
213 323 373 357 σεληνιακοῦ
394 323 478 358 μηνὸς
490 322 513 338 ⁸³
533 323 582 349 xci.
604 322 733 356 ἡλιακοῦ,
759 322 843 357 μηνός

73 380 97 398 τε
110 370 199 405 ὁμαλοῦ
215 370 264 404 τῆς
281 369 395 404 σελήνης
411 369 459 395 καὶ
473 369 557 404 μηνὸς
567 369 698 404 ἀκριϐοῦς
708 390 716 399 ,
728 369 774 394 καὶ
791 370 844 394 ἀπ-

72 417 224 452 αριθμήσεως
236 415 291 441 τῶν
304 414 371 441 ἐτῶν
381 414 429 440 τοῦ
437 414 460 430 ³⁸
469 415 582 449 κόσμου.
595 415 665 448 Φησὶ
675 414 703 440 δὲ
715 409 792 445 οὗτος
802 413 843 440 ὃτι

72 463 128 489 κατὰ
141 463 186 497 μὲν
195 462 257 492 τοὺς
269 460 366 492 ἄλλους
378 460 429 494 τῆς
442 459 594 495 παρουσίας
606 459 690 486 αὑτοῦ
702 459 844 490 ἐνιαυτοὺς

72 509 83 534 ὀ
97 507 185 542 Κύριος
201 506 248 532 καὶ
273 505 340 535 Θεὸς
362 504 441 539 ἡμῶν
457 505 470 530 ὁ
485 503 603 539 Χριστὸς
626 503 656 530 τὸ
671 502 783 538 νομικὸν
795 503 845 528 ἑπ-

71 553 142 578 πέλει
154 552 245 584 Πάσχα
259 570 266 582 ,
282 550 342 577 καθ’
354 550 383 576 ὃν
397 549 425 576 δὲ
441 549 577 584 παρεδόθη
593 548 702 575 οὐκέτι·
719 547 768 574 καὶ
783 555 846 573 σκο-

77 599 127 623 πεῖν
137 598 194 633 χρή.
215 597 243 623 Ὀ
258 597 313 631 γάρ
327 596 520 631 Χρυσόστομος
536 596 581 622 καὶ
598 596 614 630 ἡ
638 594 787 630 Ἐκκλησία.
799 593 846 620 καὶ

72 643 120 668 τότε
134 643 211 676 φησιν
226 641 309 668 αὐτον
325 640 480 667 ἐπιτελέσαι
496 641 527 667 τὺ
543 640 655 675 νομικὸν
668 639 722 675 πρὸ
735 638 782 665 ’τοῦ
797 647 847 674 p.0-

74 689 150 714 στιχοῦ
166 688 287 714 δείπνου.

408 730 481 758 PIZ'.

77 777 323 812 ’ΥπὲρὯριγ-ἐνους
340 776 388 804 καὶ
405 777 466 819 τῷν
477 775 570 803 αὑτοῦ
581 775 746 810 δογμάτων,
761 775 846 807 τόμοι

399 820 499 839 πεντε.

105 859 266 894 ’Λνεγνώσοη
280 859 381 894 βιελίον
392 859 462 894 ὑπὲρ
478 857 633 894 Ὡριγένους
644 856 753 883 καὶτῶν
762 855 843 882 αὑτοῦ
861 858 882 887 Β

73 905 206 939 θεοστνγῶν
212 906 260 939 δογ
265 905 367 940 μάτων,
375 906 404 930 ὲν
412 905 480 940 τόμο
485 913 507 935 ις
516 907 547 930 ε’.
555 903 667 937 Ἀνεπίγ
673 911 757 938 ραφον
763 902 792 928 δὲ
800 902 848 936 τὴν

73 952 205 987 ὀνομασίαν
215 952 349 987 ἐτύγχανε
363 951 410 977 τοῦ
428 950 621 984 συντεταχότος
632 970 639 981 ,
652 949 702 984 τὴν
709 948 738 975 δὲ
749 948 849 982 φράσιν

72 997 120 1024 οὗτε
131 997 209 1032 esse;
224 997 289 1024 οὔτε
305 997 426 1032 καθαρὸν
437 1017 444 1028 ,
456 995 519 1023 οὔτε
533 998 572 1027 εἰς
588 995 654 1022 ἄλλο
669 1003 696 1021 τι
711 994 849 1027 ἀξιόλογον

73 1044 211 1079 άνηγμένην
224 1044 247 1059 ⁸⁸
266 1043 338 1078 ἕχον.
361 1043 390 1069 '0
413 1042 441 1069 δὲ
458 1041 504 1068 τοῦ
519 1042 736 1077 συγγράμματος
757 1041 850 1074 πατὴρ

73 1089 198 1123 μάρτυρας
213 1089 287 1124 ὑπὲρ
310 1088 466 1124 Ὠριγένους
478 1097 508 1114 τε
525 1088 572 1114 καὶ
587 1087 642 1113 τῶν
650 1085 732 1113 αὐτοῦ
748 1085 850 1120 δογμά-

71 1143 115 1160 των
125 1135 258 1161 Διονύσιον
275 1133 438 1169 προκομίζει
451 1133 497 1159 τὸν
515 1131 720 1167 Ἀλεξανδρείας
731 1151 738 1164 ,
757 1131 850 1165 Δημή-

72 1180 133 1214 τριον
143 1188 171 1206 τε
183 1181 230 1206 καὶ
239 1179 299 1214 Κλή
305 1188 389 1214 μεντοι
398 1174 451 1205 κθ
458 1179 567 1213 ἑτέρους
580 1177 689 1208 πλείους
699 1184 706 1191 ·
722 1176 821 1211 μᾶλλον
828 1175 850 1191 ⁵⁸

75 1226 98 1251 δὲ
108 1227 156 1252 τῶν
170 1226 257 1253 ἄλλων
273 1226 402 1252 ἁπάντων
417 1225 552 1260 Παμφίλῳ
569 1233 598 1250 τε
610 1223 648 1258 τῷ
665 1224 783 1259 μάρτυρι
799 1222 851 1248 ἐπ-

73 1272 185 1304 ερείδεται
199 1274 246 1299 καὶ
259 1272 300 1306 τῷ
315 1272 437 1305 noceam
450 1292 457 1304 ,
470 1272 498 1304 ὃς
511 1272 561 1306 τῆς
579 1271 650 1297 κατὰ
665 1269 847 1304 Παλαιστίνην

78 1318 229 1354 Καισαρείας
243 1318 445 1352 ἐπεσκόπησεν.
456 1317 527 1353 [296
538 1316 590 1352 8.]
605 1316 638 1342 ’ίί
649 1316 676 1342 δὲ
686 1316 755 1351 ὑπὲρ
768 1315 851 1341 αὑτοῦ

71 1363 188 1396 ἀπολογία
204 1363 259 1389 οὐκ
276 1363 334 1388 ἐστι
356 1362 432 1394 λύσις
450 1361 505 1388 τῶν
530 1361 727 1396 ἑπικλημάτων
744 1361 782 1392 ὡς
805 1360 853 1386 ἐπὶ

72 1409 181 1436 πλεῖστον
190 1410 210 1425 ⁸⁷
223 1429 231 1441 ,
246 1408 316 1436 ἀλλὰ
328 1408 478 1444 συνηγορία
494 1408 544 1442 τῆς
566 1407 748 1442 κατηγορίας·
766 1405 853 1436 οὕτως

70 1455 115 1480 οὐδ’
129 1452 372 1489 οὓτοςὰπήλλακτο
398 1453 453 1480 τῶν
468 1453 572 1479 ἐκείνου
594 1450 761 1488 βλάσφήμων
770 1450 853 1483 δοξῶν

72 1498 177 1532 τελείως,
196 1499 300 1534 Ψυχῶν
324 1507 354 1525 τε
373 1499 428 1534 γὰρ
454 1499 628 1534 προῦπαρξιν
655 1497 849 1533 συνομολογεῐ,

71 1545 207 1580 Γραφικαίς
227 1546 277 1572 καὶ
308 1546 458 1580 Ιιατρικαῖς
484 1547 596 1580 φωναῖς,
623 1545 660 1576 ὡς
684 1545 785 1577 οἴεται,
806 1545 852 1571 τὸν

71 1592 143 1627 λῆρον
151 1592 245 1619 τοῦτον
260 1592 481 1627 ὲπισυγκροτῶν,
492 1592 539 1618 καὶ
553 1591 688 1626 σωμάτων
701 1590 788 1618 ἄλλων
798 1592 853 1618 είσ-

865 1528 887 1556 C

72 1641 123 1673 ἁγει
137 1640 282 1676 ἀνάληψιν.
298 1640 366 1675 Περὶ
382 1639 475 1674 μέντοι
488 1639 538 1674 τῆς
549 1639 631 1673 ἁγίας
646 1639 761 1674 Τριάδος
777 1639 853 1665 οὐδὲν

71 1684 136 1718 οὗτος
151 1687 202 1713 τῶν
220 1686 401 1720 ἐσφαλμένων
423 1685 508 1719 λέγει·
529 1685 640 1719 φησ“ι.δὲ
656 1685 704 1711 καὶ
721 1685 785 1720 περὶ
804 1683 852 1710 τοῦ

77 1729 218 1764 Ὠριγὲνους
237 1730 324 1765 μηδὲν
340 1729 421 1756 αὑτὸν
440 1729 511 1756 κατὰ
532 1729 610 1761 δόξαν
631 1729 765 1764 ἐσφάλθαι
789 1730 854 1764 περὶ

72 1778 112 1810 τῆς
125 1777 238 1811 Τριάδος
249 1797 258 1809 ,
273 1776 488 1811 ἁντιφερὸμενον
501 1776 529 1802 δὲ
546 1778 578 1811 τῇ
592 1776 696 1811 αἱρέσει
708 1775 854 1802 Σαδελλίου

73 1823 105 1853 εἰς
120 1822 187 1857 μέγα
199 1822 289 1849 κα.κοῦ
301 1822 410 1857 ὴρμένῃ
423 1822 500 1854 τότε,
513 1822 561 1848 καὶ
572 1822 621 1857 τὴν
636 1822 690 1848 τῶν
701 1821 855 1857 προσώπων

72 1868 164 1902 Τριάὸα
180 1870 387 1904 ἐναργεστάτην
401 1869 449 1895 καὶ
468 1868 574 1900 πολλοῖς
585 1868 696 1904 τρόποις
707 1868 853 1904 διαφέρου-

73 1922 115 1940 σαν
141 1915 343 1949 ἀγωνιζόμενον
369 1915 562 1950 παραστῆσαι,
582 1914 654 1949 πέρα
671 1914 718 1941 τοῦ
732 1913 754 1929 ⁸³
769 1923 855 1950 προσ-

72 1962 171 1993 ήκοντος
187 1963 234 1988 καὶ
251 1963 293 1993 εἰς
310 1961 466 1988 τούναντίον
480 1961 682 1995 ἀπενεχθῆναι,
695 1961 725 1994 ἐξ
739 1956 769 1987 οὗ
781 1961 855 1993 δόξαι

72 2007 113 2033 καὶ
136 2008 172 2043 τῷ
206 2008 345 2043 Ἀρειανῷ
378 2007 577 2042 ἁρῥωστήματι
606 2006 853 2041 προεαλωκέναι⁸“.

79 2052 156 2088 ’Υπὲρ
171 2053 266 2088 μέντοι
291 2061 323 2086 γε
344 2052 399 2078 τῶν
412 2052 500 2079 ἄλλων
517 2051 599 2078 αὐτοῦ
619 2052 772 2087 δογμάτων,
783 2052 856 2084 ὅσοις

73 2097 133 2132 μήτε
155 2097 412 2132 συγκαταθέσθαιδο
434 2098 481 2124 τοῦ
501 2097 611 2134 θαρρεῖν
639 2098 774 2132 πρόφασιν
799 2097 856 2133 ἔχει

75 2142 134 2176 μήτε
148 2143 196 2178 τὴν
213 2144 420 2179 προειρημένην
440 2142 529 2170 αἰτίαν
555 2142 720 2178 πορίσασθαι
743 2143 856 2170 δυνατὸν

588 129 851 160 BIBIJOTHEUA.
871 142 904 146 --
921 129 1003 159 COD.
1023 129 1137 160 CXVII.

72 184 388 220 ὁκτωγαιεικοσαετηρίδος
398 184 474 220 ἡλίου
487 183 537 210 καὶ
548 184 839 218 ὲννεακαιδεκατηρίου
856 186 886 213 Α·

891 191 922 210 ac
938 183 1084 215 solaribus,
1100 188 1127 210 et
1149 183 1292 211 neontenia
1307 183 1409 211 mensis
1423 191 1485 211 cum
1506 183 1608 211 lunaris
1623 190 1680 212 tum

891 228 998 260 solaris,
1016 229 1062 262 qui
1083 228 1172 255 lunari
1188 228 1223 254 sil
1243 236 1303 262 par,
1319 229 1406 262 deque
1426 236 1519 257 mense
1534 235 1630 257 exacto
1648 237 1680 257 ac

891 275 963 308 justo
981 283 989 301 :
1008 275 1041 302 de
1061 282 1195 302 annorum
1217 274 1335 310 denique
1355 276 1446 302 mundi
1472 277 1676 311 supputatione.

893 322 989 349 Refert
1023 322 1093 349 idem
1122 323 1269 349 secundum
1299 322 1358 350 illos
1386 323 1453 350 alios
1481 323 1614 351 adventus
1639 323 1683 351 sui

893 377 990 402 annos,
1007 369 1146 396 Christum
1169 369 1313 396 Dominum
1336 376 1368 396 ac
1385 369 1468 396 Deum
1484 374 1606 396 nostrum
1623 370 1683 403 lege

895 417 1080 451 praescriptum
1103 415 1207 443 Pascha
1221 416 1392 447 celebrasse.
1409 423 1462 442 non
1485 416 1551 443 item
1571 424 1613 449 eo,
1629 424 1683 450 quo

895 462 1031 496 proditum
1058 466 1110 489 est.
1132 461 1209 494 Quod
1232 461 1452 489 consideratione
1474 469 1540 489 sane
1560 461 1682 496 dignum.

895 515 957 534 cum
974 507 1184 542 Chrysostomns
1199 511 1227 534 et
1247 506 1366 534 Ecclesia
1385 511 1448 533 tunc
1466 507 1553 541 ipsum
1569 507 1685 533 doceant

897 551 1046 587 legitimum
1068 551 1171 578 Pascha
1187 549 1347 585 perfecisse,
1371 555 1515 585 antequam
1542 550 1684 586 mysticzttn

897 597 1054 626 institueret
1069 605 1188 625 coenam.

1241 732 1343 760 CXVII.

930 778 1067 813 Apologia:
1088 778 1120 806 de
1133 777 1288 814 Origene.et
1298 779 1355 814 ejus
1368 779 1537 822 dogmatibus
1553 778 1616 806 libri
1627 787 1654 806 ν.

931 857 1058 893 Legimus
1070 857 1169 884 librum
1185 865 1233 892 pro
1249 856 1377 891 Origene,
1392 858 1503 891 ejusque
1524 856 1579 884 Deo
1593 857 1688 885 invisis

900 904 1081 938 dogmatibus.
1096 903 1185 930 Libris
1208 905 1329 938 quinque
1345 911 1413 937 opus
1435 903 1594 936 absolvitur,
1617 903 1688 938 quod

901 958 950 977 nec
965 950 1109 984 scriptoris
1123 957 1219 976 nomen
1235 949 1262 976 in
1277 949 1354 976 titulo
1369 949 1488 976 exhibet.
1502 950 1589 977 Dictio
1604 957 1691 984 neque

901 995 975 1023 clara
998 1001 1049 1027 est,
1062 1003 1149 1029 neque
1168 1003 1247 1029 pura,
1265 1003 1314 1022 nec
1337 995 1498 1022 laudandum
1516 995 1581 1030 quid
1595 996 1691 1029 prtere-

902 1049 974 1069 reus.
989 1041 1113 1076 Scriptor
1126 1047 1216 1068 autent
1228 1042 1285 1076 ipse
1301 1048 1349 1075 pro
1363 1041 1481 1076 Origcne
1496 1040 1609 1075 ejusque
1632 1049 1692 1068 sen-

902 1088 994 1115 tentiis
1010 1087 1059 1114 hos
1072 1086 1130 1114 fere
1145 1092 1231 1113 testes
1245 1087 1347 1116 laudat,
1361 1085 1518 1121 Dionysium
1530 1085 1692 1112 Alexandri.

902 1141 978 1166 ntttn,
997 1133 1162 1160 Demetrium
1176 1139 1282 1167 quoque
1298 1137 1326 1159 et
1341 1131 1508 1158 Clementem
1524 1131 1591 1166 (80),
1610 1131 1692 1157 alios-

902 1188 955 1213 que
976 1180 1118 1214 plurimns.
1139 1178 1198 1206 Pra:
1214 1179 1321 1206 «cteris
1333 1186 1399 1206 Vero
1412 1178 1555 1212 Pamphilo
1578 1177 1690 1212 martyri

903 1225 1038 1257 innititur,
1069 1229 1151 1259 atque
1173 1225 1288 1252 Eusebio
1309 1224 1441 1251 CmSarete
1462 1224 1613 1251 Palatstinte
1634 1225 1692 1258 epi-

905 1280 1001 1307 scopo.
1020 1271 1155 1299 Caeterum
1181 1272 1238 1298 Ita-c
1254 1271 1385 1305 Apologia
1406 1278 1459 1298 non
1487 1270 1585 1298 solutio
1607 1275 1693 1298 estut

903 1319 1048 1353 plurimum
1066 1326 1160 1345 eorum
1183 1325 1244 1352 qum
1265 1317 1374 1351 Origeni
1391 1317 1569 1352 objiciuntur.
1586 1317 1632 1344 sed
1648 1325 1694 1344 ac-

904 1365 1053 1392 cusationis
1069 1365 1158 1399 potius
1184 1364 1351 1397 astipulatio.
1375 1362 1447 1390 Adeo
1465 1363 1508 1390 hic
1525 1370 1539 1390 a
1564 1363 1693 1397 hlasphe-

904 1410 956 1436 mis
971 1410 1043 1437 illius
1056 1409 1229 1444 opinionibus
1243 1409 1313 1436 liber
1332 1410 1444 1436 omnino
1461 1417 1514 1436 non
1535 1413 1587 1437 est.
1601 1409 1694 1444 Itaque

904 1460 932 1482 ct
954 1456 1059 1483 animas
1088 1460 1153 1482 ante
1182 1462 1296 1489 corpora
1318 1455 1453 1482 exsistere
1478 1454 1588 1487 fatetur,
1607 1462 1694 1482 sacra:

905 1509 1014 1537 quoque
1038 1502 1187 1535 Scriptura:
1209 1509 1242 1529 ac
1257 1506 1412 1529 sanctorum
1438 1501 1547 1528 Patrum
1569 1501 1693 1528 testimo-

904 1549 956 1575 niis
974 1548 1007 1574 ad
1027 1548 1100 1574 hunc
1119 1554 1241 1574 errorem
1271 1547 1472 1579 stabiliendum,
1489 1552 1518 1575 ut
1542 1552 1627 1582 putat,
1646 1547 1695 1575 ad-

905 1592 1022 1620 hibitis:
1042 1597 1070 1619 et
1085 1599 1229 1627 corporum
1247 1599 1355 1627 quoque
1380 1593 1462 1619 aliam
1490 1593 1566 1628 ﬁngit
1588 1602 1695 1621 resum-

904 1639 1035 1674 ptiouem.
1060 1637 1161 1666 Verum
1192 1641 1225 1666 de
1250 1644 1343 1666 sancta
1371 1639 1504 1667 Trinitate
1531 1640 1603 1675 92a
1629 1641 1696 1668 nihil

904 1691 1056 1713 erratorum
1080 1685 1169 1712 affert.
1182 1684 1252 1718 Quin
1277 1685 1358 1712 etiam
1388 1685 1439 1712 hoc
1466 1687 1566 1713 asserit
1585 1687 1618 1712 de
1633 1686 1695 1714 Ori-

909 1740 988 1766 gene.
1006 1732 1074 1759 nihil
1093 1739 1166 1764 eum,
1178 1731 1250 1766 quod
1268 1732 1376 1766 quidem
1393 1731 1426 1760 ad
1443 1732 1538 1766 dogma
1554 1733 1587 1760 de
1601 1732 1695 1760 Trini-

905 1782 962 1805 tate
975 1779 1082 1810 attinet,
1099 1786 1208 1805 errasse
1224 1785 1232 1804 :
1254 1783 1419 1813 pugnantem
1442 1783 1545 1805 tantum
1561 1786 1622 1806 cum
1644 1778 1696 1805 Sa-

907 1824 980 1850 bellii
996 1823 1054 1859 (81)
1071 1823 1181 1854 haeresi,
1197 1823 1275 1858 cujus
1294 1829 1348 1850 tum
1366 1822 1698 1858 improbitasmagnopere

905 1877 966 1896 sese
980 1869 1121 1901 eti'erebat,
1133 1874 1160 1896 et
1174 1876 1353 1901 personarum
1371 1867 1510 1902 Triadem,
1523 1869 1696 1897 manilcstam

906 1914 1025 1942 maxime
1045 1914 1193 1948 multisque
1215 1913 1303 1941 modis
1316 1913 1497 1945 diﬂ‘erentcut,
1511 1915 1699 1940 demonstrare

905 1965 1062 1992 conantem,
1073 1968 1086 1985 a
1105 1963 1178 1986 recto
1190 1963 1271 1994 atque
1285 1958 1374 1986 ollicio
1389 1959 1470 1986 etiaut
1485 1959 1511 1985 in
1529 1959 1697 1986 contrariam

906 2011 1010 2040 partem
1037 2006 1180 2040 abreptum
1201 2005 1286 2032 fuisse
1313 2005 1460 2032 videretur.
1477 2005 1624 2032 Enimvero
1648 2013 1699 2040 pro

906 2052 968 2079 aliis
981 2051 1040 2087 ejus
1054 2051 1237 2086 dogmatibus,
1255 2051 1354 2086 quibus
1380 2059 1468 2086 neque
1488 2052 1556 2079 satis
1577 2052 1699 2087 speciose

908 2098 1038 2125 assentiri
1055 2097 1148 2130 audet,
1162 2105 1249 2132 neque
1267 2103 1345 2132 putat
1360 2105 1440 2132 posse
1454 2099 1610 2133 prtedictam
1633 2105 1700 2126 eau-

908 2151 966 2171 satn
985 2144 1086 2178 aptari.
1103 2151 1152 2178 pro
1172 2143 1336 2177 lmjusmodi,
1365 2144 1487 2178 inquam,
1515 2144 1698 2178 dogmatibus,

73 2182 129 2219 οἶδε.
145 2190 247 2225 πολλὴν
263 2190 368 2222 εἰσάγει
382 2189 500 2223 σπουδὴν
512 2189 688 2224 ἀποφῆναι,ἥ
703 2190 851 2224 γυμνασίας

912 2190 1024 2216 multam
1040 2188 1150 2216 adhibet
1173 2196 1295 2224 cperant,
1311 2195 1341 2216 ttt
1357 2190 1535 2222 demonstret,
1559 2189 1599 2216 vel
1619 2197 1700 2218 exer-

74 2235 137 2269 αὓτῷ
154 2237 236 2270 χάριν
257 2236 397 2270 εἰρῆσθαι,
415 2236 432 2270 ἢ
451 2235 503 2261 ὑπό
520 2243 601 2261 τινων
624 2235 789 2270 ἑτεροδόξων
802 2237 859 2268 τοῖς

74 2281 146 2307 αὑτοῦ
172 2281 376 2316 συγγράμμασι
397 2280 651 2316 παρεμϐεὸλῆσϐαι.
670 2281 726 2307 Καὶ
744 2282 858 2317 προάγει

75 2327 115 2352 καὶ
137 2327 216 2354 αὐτὸν
233 2329 340 2353 ἐκεῖνον
355 2327 435 2353 τοῦτο
451 2327 556 2362 βοῶντα
571 2327 619 2353 διαὶ⁹
641 2327 840 2362 διατεινόμενον
850 2336 857 2342 ·

75 2374 188 2408 φωρᾶσαι
203 2374 262 2408 γὰρ
275 2374 357 2400 αὐτόν
373 2382 439 2408 φησι
456 2375 503 2400 καὶ
518 2373 557 2400 ἔτι
573 2373 663 2404 ζῶντα
680 2373 781 2409 ταύτην
798 2375 858 2401 κατ’

75 2418 146 2444 αὖτοῦ
161 2420 211 2454 τὴν
237 2419 425 2455 ῥᾳδιουργίαν.
446 2419 525 2445 Ἐστι
549 2419 576 2445 δὲ
590 2439 598 2451 ,
621 2418 639 2445 ὃ.
664 2419 738 2452 λέγει
768 2419 856 2455 μάτην

75 2463 146 2490 αὐτοῦ
175 2465 424 2500 κατηγορηθῆναι,
462 2465 599 2499 κεφάλαια
635 2465 832 2491 πεντεκαίδεκα
849 2485 857 2496 ,

75 2508 185 2544 [15911.
202 2511 213 2548 ]
235 2513 317 2538 ἆτινα
337 2511 386 2537 καὶ
410 2510 543 2545 διελέγχει
571 2510 696 2541 διαϐολὰς
723 2507 810 2540 εἶναι,
826 2512 858 2537 ἐκ

909 2235 1050 2262 cit-alienis
1061 2236 1193 2262 duntaxat
1205 2243 1287 2263 causa
1302 2236 1358 2263 htec
1375 2237 1408 2263 ah
1425 2243 1458 2263 eo
1475 2243 1536 2263 esse
1559 2236 1641 2268 dicta,
1658 2236 1700 2263 vel

907 2286 983 2309 certe
1000 2281 1034 2308 ab
1056 2282 1128 2314 aliis,
1141 2282 1186 2316 qtti
1215 2282 1321 2309 diversa
1342 2283 1488 2313 sentirent,
1511 2281 1569 2316 ejus
1591 2283 1701 2316 scriptis

909 2328 1011 2355 inserta
1024 2327 1119 2355 fuisse.
1140 2327 1247 2355 Testem
1261 2328 1340 2363 hujus
1356 2328 1449 2355 laudat
1463 2336 1524 2355 eum
1540 2329 1626 2363 ipsum
1644 2329 1700 2363 (8‘2)

908 2373 959 2400 hoc
968 2373 1130 2401 clamantem
1149 2379 1230 2407 atqtte
1246 2374 1470 2406 contendentem,
1487 2382 1549 2402 cum
1565 2375 1700 2402 viventem

910 2419 1061 2445 etiamnum
1079 2419 1165 2453 ipsum
1183 2419 1264 2447 talem
1278 2420 1491 2455 deprehendisse
1504 2420 1640 2447 fallaciam
1659 2428 1699 2447 rc-

913 2465 975 2493 fert.
991 2466 1052 2501 ipsa
1069 2466 1130 2493 dein
1145 2468 1244 2501 capita,
1262 2468 1296 2495 ob
1315 2476 1374 2502 quae
1392 2468 1461 2495 falso
1477 2468 1551 2496 illum
1577 2469 1699 2496 accusari

912 2512 1021 2540 asserit.
1038 2513 1192 2547 quindecim
1213 2514 1239 2540 in
1257 2515 1411 2541 uuiversnnt
1429 2520 1573 2548 numerat;
1592 2516 1702 2543 eadem-

705 2578 824 2606 VARIAS
845 2579 1052 2608 LECTIONES.

104 2626 125 2670 ’ξ
140 2627 302 2670 σεληνιακοῦ
321 2626 595 2670 μηνδςὶσεληνκιαὶιῆς
606 2627 641 2653 Λ.
678 2626 804 2670 “utoﬁ'et
821 2627 889 2670 i-nl‘ra

903 2629 954 2667 ut
964 2635 1021 2662 pOsl
1148 2631 1210 2657 add.
1225 2631 1247 2657 A
1284 2631 1306 2647 ⁵³
1322 2631 1510 2667 ἁνενηγμένην
1525 2641 1557 2664 ς.
1594 2632 1618 2648 ⁸⁸
1634 2631 1704 2666 μᾶλα

74 2660 124 2699 λον]
142 2660 261 2698 μάλιστα
274 2665 309 2690 Α.
321 2660 327 2663 ”
344 2660 368 2680 ⁸⁷
382 2660 429 2689 eici.
442 2663 474 2689 τὸ
489 2660 615 2689 πλεῖστον
630 2671 661 2694 ς.
700 2662 722 2678 ⁸⁸
736 2662 842 2698 πέραΔ
858 2672 864 2690 :
882 2660 1007 2698 παράς.
1046 2666 1068 2681 ⁸⁵
1084 2665 1234 2693 ἑαλωκέναι
1251 2675 1282 2698 ς.
1321 2667 1344 2683 ⁸⁸
1360 2660 1630 2701 Ιὶυὶῗσυγίιαδέσθαι.

824 2734 942 2763 ΝΟΤΙΕ.

107 2791 156 2828 (80)
173 2792 328 2828 Utrumque
341 2793 421 2820 etiam
434 2793 659 2822 Alexandrinum.

106 2827 157 2864 [81)
174 2830 240 2862 Quae
270 2827 447 2864 personarum
468 2830 496 2857 in
509 2829 644 2857 Trinitate
659 2835 800 2855 numerum
823 2835 856 2856 ac

75 2861 246 2891 ditl‘ercutiam
258 2861 454 2890 eouftmdebat.

209 2911 348 2941 Ριτιιοι..
366 2911 423 2941 Gs.
440 2912 518 2945 CUI.

910 2794 1005 2858 Μ)ῗὸἓῖ
1027 2794 1147 2831 Epistola
1172 2803 1254 2831 quant
1280 2795 1360 2824 atl'ert
1384 2794 1416 2823 Β.
1448 2794 1561 2823 Hieron.
1587 2791 1699 2827 Apolog.

1497 2905 1535 2936 13
