1938 3091
63 135 115 167 377

600 138 869 170 BIBLIOTHECA.
890 153 924 158 -—
939 141 1022 172 COD.
1043 140 1132 172 CVII.

1637 131 1700 174 ³378

61 195 106 220 καὶ
119 193 260 228 δικολόγον
274 193 349 229 λέγει
362 195 410 222 καὶ
425 194 510 230 μυρία
525 195 594 223 ἄλλα
608 197 692 224 αὐτοῦ
710 199 849 235 καταγρά-

905 204 928 227 et
943 199 995 226 alia
1018 193 1147 227 sexcenta
1161 199 1286 234 impingit
1300 208 1306 227 :
1321 204 1360 232 ut,
1379 200 1404 226 in
1418 200 1599 234 suspicionem
1617 201 1701 229 Mani-

61 249 118 274 φει,
134 241 177 267 ὃτι
190 249 221 267 τε
235 241 265 268 ἐν
275 241 389 277 ὑπονοίᾳ
403 242 516 276 γέγονεν
528 243 732 279 Μανιχαῖσμοῦ,
747 245 794 271 καὶ
806 245 847 271 ὄτι

60 288 107 323 τὴν
122 288 204 321 ἁγίαν
219 287 449 324 Τεσσαρακοστὴν
467 289 507 320 είς
526 290 602 324 τρεῖς
618 290 770 324 ἑϐδομάδας
782 298 849 324 συγ-

59 334 157 361 κλείων
171 334 232 361 οὐδὲ
245 334 275 360 ὲν
289 334 404 367 ταύταις
417 335 468 370 τῆς
484 335 517 362 ἐκ
526 335 550 351 ⁷⁰
562 335 619 362 τῶν
644 335 756 371 πτηνῶν
770 345 849 372 κρεο-

59 380 160 415 φαγίας
173 380 305 416 ἀπείχετο
314 400 322 413 ,
343 382 391 407 καὶ
404 381 442 412 ὼς
464 381 634 416 Ἑλληνικαῖς
649 382 771 413 τελετατς
785 391 848 409 συν-

58 428 140 462 ήγετο
152 447 160 459 ,
185 427 233 454 καὶ
245 427 287 454 ὅτι
304 426 341 459 ὡς
352 426 454 453 ἐπίπαν
466 427 518 453 ὑπὸ
534 427 755 462 γαστριμαργίας
769 428 850 454 ἐλαυ-

59 474 175 508 πιόμενος
188 473 317 500 οὐδέποτε
334 473 472 500 ἐκοινώνει
488 473 538 508 τῆς
559 473 715 509 ἱερουργίας
730 474 849 500 τελειου-

60 520 163 554 μένης,
187 519 257 547 ἀλλὰ
281 519 350 555 μετὰ
373 519 403 546 ab
426 520 592 554 Εὐαγγὲλιον
609 521 703 546 παισὶν
717 521 778 555 ἅμα
795 520 850 546 τῶν

59 565 220 599 μυστηρίων
237 564 444 600 μετελάμόανε,
468 565 516 590 καὶ
537 565 695 600 παραυτίκα
712 564 782 599 πρὸς
800 564 850 599 τὴν

57 610 199 646 τράπεζαν
221 611 369 646 ἀπέτρεχε.
384 611 477 638 Ταῦτα
490 611 562 638 κατὰ
581 611 629 637 τοῦ
644 611 741 646 ἀνδρὸς
756 610 851 646 σχεδόν

56 666 83 684 τι
95 657 133 683 δι’
145 657 211 692 ὅλης
226 657 310 683 αὑτοῦ
323 657 374 691 τῆς
387 657 478 693 βίϐλου
490 658 682 693 κατασπείρων
696 657 851 692 ὲνασελγαί-

57 713 108 731 νει.
128 703 165 730 Τό
177 704 206 730 δὲ
218 703 389 739 σύγγραμμα
398 703 568 740 δραματικὸν
582 704 727 731 -ιτοιεῖταιτι
739 711 745 718 ·
763 712 850 739 προσ-

57 749 145 781 φωνεῖ
156 747 187 774 δὲ
203 747 270 774 αὐτὸ
292 749 360 783 πρός
378 757 440 775 τινα
454 749 580 775 Λεόντιον
595 749 791 785 αἰτησάμενον.
810 748 850 775 Τὰ

57 793 84 819 δὲ
106 793 155 819 τοῦ
177 793 318 828 δράματος
338 794 444 828 εἰσάγει
467 795 601 829 πρόσωπα
623 795 784 829 Λαμπάδιον
802 794 851 827 μὲν

59 839 274 875 ὑπερμαχοῦντα
296 840 377 867 αὐτοῦ
387 860 396 873 ,
424 840 546 876 Μαρῖνον
562 840 592 867 δέ
608 849 669 867 τινα
682 841 721 872 ὠς
729 841 752 857 ’³
770 840 850 876 δῆθεν

900 245 981 272 clima:
998 251 1080 272 sectae
1094 245 1221 273 venisse:
1240 253 1347 272 sacrum
1361 245 1579 280 Quadragesima:
1596 251 1701 281 tempus

899 290 933 316 ad
946 294 1001 317 tres
1023 290 1129 317 tantum
1156 291 1340 318 hebdomadas
1364 299 1527 325 revocasse,
1549 292 1702 328 iisdemque

900 342 949 362 nec
962 334 997 362 ab
1007 335 1096 362 avium
1106 336 1233 363 carnibus
1248 335 1430 364 abstinuisse:
1444 337 1477 363 ad
1491 338 1610 371 gentium
1624 345 1701 364 sacra

899 382 1049 409 accessisse
1075 390 1082 409 :
1106 386 1134 408 ut
1175 382 1321 416 plurimmn
1347 388 1475 417 praeterea
1508 384 1579 418 87b
1613 385 1700 411 ventri

901 427 961 462 plus
979 428 1048 456 satis
1063 428 1196 459 deditum.
1213 436 1265 455 non
1279 429 1403 456 absoluto
1413 428 1468 463 jam
1486 438 1566 457 sacro
1577 438 1701 457 commu-

901 473 1018 505 nicasse,
1034 474 1080 501 sed
1093 479 1155 508 post
1177 475 1353 508 Evangelium
1372 483 1423 502 una
1437 483 1498 502 cum
1517 476 1608 510 pueris
1626 484 1700 511 mys-

900 520 984 546 steria
995 521 1145 554 sumpsisse
1157 540 1163 551 .
1180 521 1327 555 statimque
1344 521 1378 548 ad
1403 528 1526 548 mensam
1548 522 1700 549 advolasse.

901 565 976 592 Talia
993 565 1050 592 fere
1064 570 1120 593 toto
1137 566 1206 593 libro
1231 574 1325 600 sparsa
1348 574 1379 594 ac
1403 567 1597 601 disseminata,
1620 573 1700 603 petu-

901 611 987 639 lanter
1003 612 1029 638 in
1045 612 1132 638 Virmn
1152 612 1226 639 illum
1245 613 1340 648 jactat.
1359 612 1433 646 Opus
1451 613 1539 648 ipsum
1567 614 1700 641 dramati-

901 666 961 686 cum
974 663 1017 686 est
1030 679 1037 692 ,
1052 658 1166 686 Leontio
1179 659 1287 686 cuidam
1303 659 1329 686 id
1345 659 1504 694 efﬂagitanti
1522 660 1696 695 inscriptum.

901 704 1034 732 Personas
1053 705 1131 740 lingit
1148 705 1192 732 hic
1210 705 1386 740 Lampadium
1410 706 1554 740 quemdam
1566 727 1574 739 ,
1590 707 1635 740 qui
1653 714 1702 741 pro

899 749 1001 776 Basilio
1024 754 1130 782 certet,
1151 757 1214 777 cum
1244 749 1366 784 Marino,
1395 750 1440 785 qui
1466 750 1579 777 Joannis
1611 757 1702 786 partes

902 796 1015 823 tuendas
1025 796 1185 830 susceperit.
1197 795 1273 823 Hunc
1288 802 1348 831 post
1363 797 1569 824 dissertationes
1581 797 1699 832 aliquot.

900 841 1028 867 damnato
1051 849 1100 874 eo,
1131 849 1212 876 quem
1237 841 1436 869 defendendum
1465 849 1642 878 susceperat,
1667 843 1700 870 ad

58 887 129 921 ὑπὲρ
143 886 192 912 τοῦ
209 887 333 914 Ἰωάννου
348 886 550 922 ἀγωνιζόμενον
559 906 567 918 ,
580 886 610 918 ὃς
624 887 672 913 καὶ
689 887 758 922 μετά
772 895 849 919 τινας

905 887 1079 920 Lampadium
1093 895 1155 914 sese
1168 888 1365 923 adjungeutem
1384 889 1508 922 inducit,
1521 897 1552 916 ac
1567 895 1628 924 post
1639 897 1700 917 eum

57 929 192 962 διαλέξεις
206 930 348 964 εἰσάγεται
361 931 436 965 αὑτῷ
450 931 667 966 καταγινώσκων
684 932 732 966 μὲν
748 929 779 959 οὗ
795 932 852 958 ἐδό-

59 985 102 1002 κει
118 975 269 1010 προσώπου
282 976 518 1012 ὑπερασπίζεσθαι
528 997 537 1010 ,
561 977 714 1013 Λαμπαδίῳ
725 977 753 1004 δὲ
764 986 852 1013 προσ-

57 1022 202 1056 τιθέμενος
212 1031 219 1038 ·
237 1022 296 1057 μεθ’
312 1022 342 1049 ὃν
358 1023 495 1058 Ταράσιόν
511 1031 572 1050 τινα
581 1024 629 1050 τὸν
643 1023 737 1058 ἀγῶνα
753 1024 849 1050 ὑπεισ-

57 1067 149 1093 ελθεῖν
165 1067 344 1103 ὑποκρίνεται
358 1088 366 1100 ,
389 1069 482 1096 ἐκεῖνα
494 1069 527 1104 δὴ
550 1069 664 1101 τούτους
684 1069 731 1096 καὶ
747 1069 852 1104 ἐρωτᾷν

57 1114 314 1148 κατασχηματίςων
332 1116 380 1141 καὶ
393 1115 589 1151 ἀποκρίνεσθαι
598 1135 607 1148 ,
620 1115 639 1143 ἃ
651 1116 785 1142 συνοίσειν
803 1116 853 1150 μὲν

58 1158 171 1194 ἑαυτῷ,
187 1159 285 1195 μῶμον
306 1161 336 1187 δὲ
350 1161 398 1188 καὶ
419 1161 538 1197 ἀπορίαν
562 1161 601 1197 τῷ
626 1162 857 1198 συνηγορουμένῳ

56 1205 139 1240 δῆθεν
162 1205 236 1240 ἑώρα
255 1207 507 1240 κατασκευάζοντα.
539 1208 701 1240 Ἐεκαίδεκα
718 1208 747 1235 δὲ
764 1208 853 1243 λόγοις

57 1252 87 1278 τὸ
103 1251 280 1288 σύγγραμμα
305 1253 424 1290 διαιρεῖ,
443 1255 491 1281 καὶ
514 1256 544 1282 ἐν
565 1255 615 1290 μὲν
630 1256 686 1286 τοῖς
708 1256 784 1290 τρισὶ
807 1256 855 1282 καὶ

56 1298 125 1326 δέκα
137 1299 186 1326 τὸν
207 1299 362 1335 διαλογικδν
379 1299 485 1333 είσάγει
502 1299 606 1332 τύπον,
623 1300 695 1327 κατὰ.
710 1299 758 1326 τοῦ
776 1299 853 1335 πρώ-

55 1353 105 1372 του
120 1345 205 1380 μόνου
217 1345 272 1372 τῶν
292 1345 415 1372 Ἰωάννου
427 1345 514 1379 λόγων
527 1346 661 1381 τοσαύτην
675 1346 793 1381 σπουδὴν
804 1346 851 1372 καὶ

901 933 1004 960 victum
1019 933 1161 960 Tarasimn
1174 935 1319 968 quemdam
1339 935 1437 963 iterum
1456 942 1595 964 certamen
1610 937 1701 964 redinc

902 983 1063 1015 tegrantem.
1081 979 1130 1006 Ubi
1147 980 1190 1007 illa
1204 981 1253 1008 hos
1264 985 1291 1007 et
1304 981 1483 1016 interrogare,
1497 987 1524 1009 et
1537 983 1700 1017 respondere

902 1025 1133 1058 comminiscitur,
1158 1033 1218 1060 qua:
1232 1033 1294 1053 cum
1309 1026 1359 1053 sibi
1378 1028 1557 1060 conductura,
1574 1033 1629 1054 tum
1646 1035 1695 1062 pa-

903 1072 1047 1098 trocinanti
1064 1072 1226 1099 adversario
1243 1073 1483 1106 reprehensionem
1515 1082 1552 1100 ac.
1565 1074 1699 1109 perplexi-

904 1120 986 1143 tatem
1001 1116 1121 1150 paritura
1139 1118 1307 1146 videreutur.
1323 1118 1351 1145 ln
1373 1119 1491 1145 sedecim
1509 1124 1599 1147 autem
1616 1119 1699 1147 libros

902 1169 971 1196 opus
986 1162 1142 1189 universutn
1168 1163 1279 1191 divisit:
1304 1171 1420 1199 quorttm
1445 1165 1574 1192 tredecim
1594 1166 1700 1199 priores

903 1206 1003 1241 dialogi
1018 1206 1103 1234 forma
1121 1212 1185 1234 sunt
1202 1208 1236 1235 ab
1250 1215 1302 1241 eo,
1318 1213 1412 1235 contra
1427 1210 1544 1244 primum
1568 1211 1700 1238 duntaxat

903 1251 1017 1280 Joatmis
1038 1253 1152 1286 librum,
1183 1259 1259 1281 tanto
1288 1262 1350 1281 cum
1379 1256 1469 1282 studio
1498 1263 1530 1284 ac
1560 1256 1698 1291 diligentia

907 1299 1076 1334 conscripti:
1095 1300 1208 1336 reliquis
1222 1308 1286 1328 vero
1307 1302 1393 1329 tribus
1411 1310 1443 1330 ea
1462 1308 1616 1338 oppugnat,
1640 1311 1700 1338 qua:

905 1346 932 1372 in
945 1347 1064 1374 secundo
1080 1354 1129 1374 suo
1140 1352 1168 1374 et
1185 1348 1267 1375 tertio
1282 1348 1352 1375 libro
1367 1347 1488 1376 Joannes
1504 1355 1670 1377 asset-uerat.

56 1392 142 1419 πόνον
157 1392 403 1427 εἰσενεγκάμενος,
415 1392 444 1418 ἐν
458 1391 487 1418 δὲ
501 1392 558 1422 τοϊς
570 1391 674 1422 λοιποῖς
684 1392 759 1427 τρισὶ
770 1391 947 1427 καταδρομὴν
965 1393 1083 1419 ποιεῖται
1099 1392 1154 1420 τῶν
1186 1394 1216 1420 ὲν
1238 1393 1278 1430 τῷ
1301 1394 1421 1431 δευτέρῳ
1445 1396 1492 1423 καὶ
1515 1397 1600 1431 τρίτῳ
1628 1397 1700 1433 λόγῳ

57 1438 202 1474 ῥηθέντων
218 1438 260 1473 τῷ
281 1437 405 1473 Ἰωάννῃ.

100 1484 148 1512 Ἐν
167 1485 217 1519 μὲν
231 1481 277 1512 οὖν
290 1484 329 1519 τῷ
339 1484 441 1519 πρῴτῳ
451 1483 522 1519 λόγῳ
532 1482 579 1510 τὸν
591 1483 725 1518 πρόλογον
737 1483 853 1518 ἀπαρτί-

944 1482 1037 1510 Primo
1052 1482 1134 1518 igitur
1148 1482 1219 1511 libro
1238 1488 1300 1518 post
1322 1483 1510 1519 prtefationem
1530 1484 1680 1514 absolutam
1691 1508 1700 1521 ,

58 1539 124 1563 σας,
141 1530 216 1558 κατὰ
227 1530 274 1557 δύο
286 1529 444 1565 κεφαλαίων
458 1529 579 1561 ἵσταται,
594 1529 656 1556 καθ’
673 1529 733 1560 ἑνὸς
745 1529 795 1564 μὲν
806 1528 854 1556 τοῦ

908 1529 1015 1557 duobus
1030 1529 1166 1563 capitibus
1177 1529 1369 1564 oppugnandis
1383 1530 1493 1558 insistit.
1507 1530 1628 1558 Primum
1640 1532 1701 1566 qui-

57 1576 102 1603 ὅτι
118 1576 167 1602 ὁ⁷³
187 1575 274 1610 Λόγος
288 1574 374 1602 ἔπαθε
390 1575 475 1610 σαρκὶ
488 1596 495 1606 ,
510 1575 571 1602 καθ’
589 1574 684 1610 ἑτέρου
707 1574 736 1601 δὲ
750 1574 798 1601 τοῦ
813 1575 854 1602 δτι

908 1574 968 1602 dem
981 1575 1064 1602 illud:
1078 1583 1088 1600 ι
1106 1574 1223 1602 Verbum
1246 1582 1356 1610 passum
1371 1580 1414 1602 est
1429 1575 1455 1602 in
1469 1576 1581 1604 carne‘.
1599 1585 1608 1602 ι
1624 1577 1700 1604 Alte-

57 1622 162 1649 ταυτόν
174 1622 233 1648 ἐστι
247 1621 278 1648 τὸ
286 1621 310 1637 ⁷⁸
323 1621 414 1656 λέγειν
429 1620 546 1656 Χριστὸν
561 1620 598 1655 τῷ
612 1620 702 1654 λέγειν
712 1620 788 1647 Θεόν.
811 1620 854 1647 Ἑν

910 1629 967 1648 rum
981 1629 1062 1648 vero:
1077 1620 1166 1649 «Idem
1178 1626 1220 1648 est
1241 1621 1331 1648 dicere
1347 1621 1497 1654 Christum.
1514 1628 1596 1657 atque
1611 1623 1702 1651 dicere

59 1669 88 1695 δὲ
103 1668 146 1703 τῷ
162 1667 186 1703 β’
201 1667 274 1703 λόγῳ
296 1667 338 1694 ὃτι
361 1675 391 1694 τε
421 1666 511 1702 μάτην
535 1666 695 1702 ἐλοιδορήθη
721 1667 855 1702 πειρᾶται

59 1714 213 1745 δεικνύναι,
225 1714 273 1740 καὶ
284 1713 324 1740 ὅτι
338 1713 379 1745 τὸ,
398 1722 407 1738 ι
418 1712 599 1748 Ἀναῦήσεται
611 1713 633 1729 ⁷³
650 1713 747 1749 ῥάὸδος
761 1713 793 1740 ἐκ
808 1714 859 1747 τῆς

61 1761 144 1796 ῥίζης
165 1760 276 1791 Ἰεσσαὶ,
296 1769 305 1785 ι
324 1758 419 1790 κακῶς
433 1759 447 1785 6
464 1759 666 1794 Σκυθοπολίτης
679 1759 805 1794 Ἰωάννης
817 1758 860 1792 tg-

60 1807 189 1834 ελάόετο.
215 1806 259 1833 Ἐν
274 1806 304 1832 δὲ
323 1805 363 1840 τῷ
381 1809 406 1839 γ’
422 1806 459 1837 ὼς
480 1805 563 1840 δῆθεν
587 1805 700 1840 συζητεῖ
720 1806 794 1838 ὅπως
819 1805 860 1832 δεῖ

60 1854 135 1880 νοεῖν
149 1853 190 1879 τό·
205 1861 215 1878 ι
226 1851 283 1879 Νῦν
290 1853 313 1868 ⁷⁸
330 1851 461 1887 ἐδοξάσθη
473 1852 488 1878 ό
503 1851 566 1883 Υἱὸς
576 1851 623 1878 τοῦ
639 1851 795 1887 ανθρώπου,
811 1852 859 1878 καὶ

60 1900 75 1926 6
91 1898 160 1930 Θεὸς
180 1897 310 1932 ἐδοξάσθη
325 1898 354 1924 ὲν
368 1897 443 1932 αὑτῷ
453 1916 461 1930 ,
482 1907 492 1923 ι
511 1897 560 1924 καὶ
572 1898 608 1924 τὰ
623 1897 688 1931 ἑξῆς
700 1898 747 1924 τοῦ
764 1897 857 1932 ῥητοῦ.

67 1944 115 1970 Ἐν
126 1943 155 1970 δὲ
170 1943 210 1978 τῷ
225 1943 245 1969 δ’
248 1962 257 1975 ,
266 1943 325 1974 πῶς
339 1943 405 1970 ῐδιον
419 1942 528 1977 λέγεται
538 1943 559 1958 ⁷⁷
570 1943 618 1969 τοῦ
635 1942 703 1969 Θεοῦ
720 1942 750 1969 sb
764 1942 857 1977 σῶμα,

62 1990 112 2016 καὶ
126 1990 192 2023 περὶ
206 1988 345 2021 ὲνώσεως,
359 1989 405 2015 καὶ
417 1989 481 2024 περὶ
495 1988 542 2016 τοῦ
555 1998 563 2014 ι
579 1988 693 2024 Ἐχρισὲ
703 1997 734 2015 σε
746 1989 760 2015 6
774 1989 840 2020 Θεὸς
849 2008 857 2021 ,

60 2037 76 2062 ὸ
91 2036 192 2068 Oak"
209 2044 272 2068 σου,
289 2045 298 2061 ι
316 2036 363 2062 καὶ
377 2036 442 2070 περὶ
456 2035 515 2068 τοῦ,
534 2044 543 2060 ι
554 2034 626 2069 Ἐγὼ
641 2034 746 2069 ἁγιάζω
771 2035 859 2069 ὲμαυ-

61 2082 110 2108 τόν
124 2089 131 2096 ·
147 2091 156 2107 ι
171 2081 200 2108 ὲν
209 2077 232 2115 ᾧ
243 2081 314 2116 λόγῳ
327 2081 374 2107 καὶ
385 2081 399 2106 ὁ
408 2081 430 2096 ⁷⁸³
448 2081 569 2115 Μαρῖνος
582 2082 632 2116 τῆς
646 2080 684 2112 ὠς
696 2079 777 2115 δῆθεν
790 2080 859 2106 ἀπο-

62 2127 134 2158 στὰς
147 2126 304 2160 ἀντιλογίας
324 2126 364 2161 τῷ
378 2125 531 2161 Λαμπαδὶῳ
540 2125 564 2141 ⁸⁰
580 2125 746 2152 συντίθεται.
768 2125 813 2152 Ἑν
828 2125 858 2151 δὲ

62 2173 104 2208 τῷ
119 2171 140 2199 ε’
151 2193 159 2205 ,
175 2172 240 2198 ἔνθα
254 2172 300 2198 καὶ
324 2173 339 2198 6
353 2172 489 2207 Ταράσιος
503 2172 682 2207 ἀναδέχεσθαι
697 2171 743 2199 τὸν
763 2171 858 2205 ἀγῶνα

62 2219 128 2245 ἀντὶ
141 2218 267 2253 Μαρίνου
282 2217 462 2253 ὑποκρίνεται
473 2238 481 2251 ,
502 2218 552 2250 τὰς
570 2219 640 2245 κατὰ
663 2218 710 2245 τοῦ
732 2217 860 2245 Ἰωάννου

63 2265 236 2300 κατηγορίας
257 2264 443 2299 ἀναλαμὸάνει
467 2265 647 2300 πικρότερον,
674 2265 724 2291 καὶ
746 2265 762 2291 6
777 2264 858 2298 λόγος

909 1666 1022 1694 Deum.»
1034 1665 1094 1694 Jam
1108 1667 1232 1694 secundo
1252 1666 1322 1694 libro
1335 1672 1438 1694 temere
1447 1675 1476 1694 se
1489 1667 1615 1695 aﬂ'ectum
1631 1668 1700 1703 inju-

909 1712 949 1740 ria
966 1712 1110 1740 ostendere
1123 1716 1253 1739 conatur:
1269 1717 1297 1740 et
1318 1712 1400 1739 illud:
1417 1720 1427 1737 ι
1447 1712 1609 1746 Egredietur
1625 1713 1700 1748 virga

909 1758 943 1785 de
957 1757 1048 1785 radice
1059 1756 1144 1784 Jesste
1152 1757 1190 1784 ’.ι
1206 1756 1274 1784 Male
1296 1764 1311 1783 a
1325 1756 1513 1792 Scythopolita
1534 1755 1638 1783 Joanne
1655 1757 1698 1783 iu-

910 1804 1045 1832 tellectum
1065 1811 1135 1831 esse.
1154 1803 1247 1830 Tertio
1260 1803 1360 1831 deinde
1376 1804 1456 1837 libro,
1480 1803 1514 1831 de
1538 1803 1583 1830 illo
1596 1803 1701 1831 scilicet

909 1850 1006 1886 quaerit
1020 1851 1090 1881 loco.
1105 1850 1240 1884 quomodo
1255 1850 1469 1885 intelligendus:
1490 1859 1500 1876 ι
1516 1849 1593 1877 Nunc
1616 1849 1700 1876 clari-

909 1897 1008 1924 ﬁcatus
1017 1901 1059 1923 est
1074 1895 1159 1923 Filius
1177 1895 1343 1927 hominis,et
1356 1895 1428 1923 Deus
1438 1895 1603 1922 clariﬁcatus
1619 1900 1660 1923 est
1673 1895 1700 1922 in

909 1943 955 1969 illo
971 1942 1007 1974 ³,»
1026 1946 1053 1968 et
1067 1949 1127 1976 quae
1139 1941 1175 1968 ibi
1190 1946 1351 1975 sequuntur.
1365 1940 1469 1973 Quarto
1486 1940 1566 1973 libro,
1579 1947 1698 1975 quomo-

908 1989 944 2016 do
957 1988 1061 2015 dicatur
1074 1987 1213 2022 proprium
1229 1993 1289 2014 esse
1309 1986 1358 2014 Dei
1380 1994 1491 2022 corpus,
1507 1991 1564 2014 tum
1591 1987 1625 2014 de
1640 1987 1701 2014 uni-

909 2040 975 2068 tate,
987 2035 1061 2062 etde
1075 2033 1135 2061 illo:
1152 2043 1161 2059 ι
1180 2033 1264 2061 quit
1286 2038 1313 2060 te
1330 2033 1401 2061 Deus
1417 2033 1514 2067 tuus‘;
1533 2039 1560 2060 et
1576 2033 1610 2061 de
1626 2033 1673 2060 illo
1691 2043 1699 2061 :

912 2089 921 2106 ι
942 2080 998 2114 Ego
1013 2079 1155 2107 sanctiﬁco
1171 2079 1335 2113 tneipsum‘.
1352 2088 1361 2103 ›
1379 2078 1437 2111 Quo
1455 2078 1481 2105 in
1496 2078 1566 2105 libro
1581 2077 1701 2104 Marinus

909 2125 1112 2154 contradicendi
1128 2130 1219 2159 partes
1232 2124 1387 2158 relinquens
1403 2125 1517 2156 scilicet,
1545 2132 1606 2151 cum
1621 2123 1700 2150 Lani-

909 2173 989 2208 padio
1003 2172 1150 2200 consentit.
1165 2170 1265 2204 Quinto
1279 2178 1344 2198 vero
1368 2171 1449 2203 libro,
1463 2170 1510 2198 ubi
1527 2176 1554 2198 et
1572 2170 1701 2197 Tarasius

909 2223 1048 2246 certamen
1064 2217 1157 2246 subire
1175 2216 1273 2244 Marini
1289 2216 1349 2244 loco
1364 2217 1492 2251 ﬁngitur,
1510 2216 1700 2243 accusationes

908 2263 1022 2293 Joannis
1043 2264 1168 2292 acerbius
1198 2263 1326 2298 suscipit.
1343 2268 1470 2298 totusque
1485 2263 1553 2290 adeo
1578 2263 1647 2290 iiber
1672 2262 1700 2289 in

63 2310 141 2345 αὒτῷ
167 2310 263 2345 σχεδόν
279 2318 307 2336 τι
322 2311 351 2336 ἐν
363 2309 477 2342 ταύταις
497 2310 736 2338 καταναλίσκεται.
767 2310 812 2338 Ἐν
828 2310 854 2337 δὲ

910 2310 944 2338 iis
964 2310 1022 2338 fere
1039 2309 1222 2338 consumitur.
1236 2308 1322 2336 Sexto
1337 2313 1392 2336 tum
1408 2309 1478 2336 libro
1507 2309 1697 2336 vehementius

62 2356 106 2390 τῷ
118 2359 145 2388 ς’
160 2355 327 2391 δριμύτερόν
340 2364 399 2388 πως
415 2356 578 2391 κατατρέχει
588 2356 639 2390 τῆς
654 2355 727 2383 κατὰ
738 2356 858 2391 Χριστὸν

64 2402 113 2429 τὸν
128 2402 246 2438 Σωτῆρα
259 2402 339 2438 ἡμῶν
356 2403 495 2435 ὲνὼσεως·
512 2403 560 2430 καὶ
574 2403 709 2438 περὶτοῦ,
728 2402 860 2439 ιἚχρισέ

65 2456 99 2474 σε
115 2449 130 2474 6
143 2448 212 2479 θεὸς
224 2468 232 2481 ,
255 2449 270 2475 6
283 2448 347 2480 Θεός
365 2457 430 2481 σου,
450 2458 460 2475 ι
485 2449 533 2475 καὶ
556 2449 631 2480 ὅπως
650 2449 668 2484 ἡ
694 2448 755 2475 κατ’
778 2449 860 2476 αὑτὸν

71 2493 223 2530 Ἐκκλησία
230 2495 294 2529 περὶ
303 2494 361 2527 τοῦ,
375 2504 384 2521 ι
397 2495 552 2531 ἑσαρκώθη,
570 2505 578 2521 υ
595 2495 710 2527 δοξάζει.
728 2495 772 2521 Ἐν
785 2495 814 2522 δὲ
821 2494 861 2530 τῷ

64 2540 92 2575 η’
104 2542 168 2577 περὶ
180 2541 241 2568 τοῦ·
257 2551 266 2568 ι
277 2541 307 2569 ’0
323 2542 408 2577 Λόγος
417 2543 439 2558 ⁸³
457 2541 526 2578 σὰρξ
546 2542 680 2576 ὲγένετο,›
694 2543 733 2573 είς
743 2541 860 2573 ἀτοπίας

64 2672 74 2691 ι
101 2631 245 2695 ¹114Ρειικ
267 2640 306 2666 tv,
323 2633 355 2660 'l.
391 2634 468 2662 ’lsa.
493 2641 536 2666 ιι,
559 2633 586 2660 1.
625 2632 727 2662 ’Joan.
748 2641 805 2668 xu,
830 2633 876 2661 5!.

910 2355 993 2384 etiam
1029 2355 1170 2383 invebitur'
1199 2355 1226 2382 in
1251 2354 1379 2382 unionem
1401 2354 1504 2382 Chriin
1548 2353 1702 2382 Servatoris

910 2402 1007 2430 nostri.
1034 2401 1108 2437 88a
1132 2400 1171 2428 De
1198 2401 1245 2428 illo
1270 2408 1379 2436 quoque
1414 2401 1534 2435 disputat
1557 2409 1593 2428 ει
1621 2400 1703 2428 Unxit

910 2453 937 2476 te
960 2447 1041 2479 Deus,
1064 2447 1135 2475 Deus
1158 2452 1241 2480 tuus;
1257 2456 1266 2473 ι
1292 2446 1428 2481 docetque
1456 2446 1521 2480 quid
1542 2446 1627 2480 ipsius
1650 2445 1703 2472 Ec-

909 2491 991 2519 clesia
1012 2495 1123 2518 censeat
1134 2491 1167 2518 de
1187 2491 1234 2518 illo
1251 2499 1258 2518 :
1277 2500 1287 2516 ‹
1304 2490 1375 2518 Caro
1387 2490 1488 2518 factum
1501 2491 1575 2522 est“.
1592 2500 1601 2516 ι
1620 2490 1702 2517 Libro

909 2544 1006 2567 octavo
1016 2538 1044 2566 in
1060 2538 1151 2565 varias
1159 2537 1344 2566 absurditates
1358 2537 1597 2573 praecipitat,dmn
1611 2537 1645 2564 de
1656 2537 1703 2564 illo

932 2629 1031 2659 ‘Psal.
1060 2637 1174 2662 xxxxw,
1188 2629 1215 2657 8.
1249 2628 1355 2657 l’Joan.
1385 2636 1462 2664 xvu,
1490 2628 1534 2656 l9.
1585 2629 1691 2656 'Joao.

709 2734 824 2762 VARUS
840 2732 1045 2763 LECTlONES.

113 2793 137 2810 ⁷³
152 2795 186 2822 ὲκ
203 2795 265 2823 add.
280 2795 312 2822 Α.
351 2795 372 2811 ’⁸
390 2796 405 2822 δ
424 2804 464 2830 αμ

113 2839 126 2856 ν.
144 2830 202 2857 A."
213 2830 391 2857 ἀναϐήσεταιί
405 2804 446 2857 res
461 2840 464 2857 ι

63 2836 126 2866 om.
141 2830 202 2866 5L"?
213 2830 392 2866 ἀναϐήσεται]
405 2830 446 2859 les
461 2840 475 2857 ιι

467 2815 475 2822 .
490 2795 540 2831 ἠδη
555 2796 672 2823 ποιεῖται
686 2805 717 2828 ς.
761 2797 783 2812 ⁷¹
796 2795 834 2828 ὡς
848 2796 869 2823 Δ
883 2804 889 2823 :

469 2839 498 2863 ιι,

903 2796 993 2831 φήσας
1009 2795 1047 2827 ὡς
1064 2804 1094 2828 ς.
1116 2828 1128 2831 _
1145 2795 1169 2811 ⁷³
1180 2796 1195 2822 ὁ
1208 2795 1271 2823 add.
1285 2795 1319 2823 A.
1332 2795 1387 2823 vid.
1402 2795 1498 2823 lPetr.
1517 2793 1594 2831 tv,_l.
1631 2793 1656 2831 _"‘
1667 2794 1698 2820 τὸ

515 2828 544 2858 1'.
575 2831 604 2868 ξ’
616 2831 674 2868 νῦν]
690 2831 767 2868 Joan.
778 2839 839 2868 ιιιιι,
857 2828 919 2868 σιξ
934 2828 962 2847 ’⁷⁷
978 2830 1087 2868 λέγεται
1102 2828 1172 2868 εἶναι
1185 2830 1249 2857 [διον
1266 2838 1297 2868 ιτ2
1311 2865 1318 2868 _
1335 2831 1358 2848 ⁷⁸
1372 2831 1387 2858 ὁ
1399 2831 1466 2863 Θεὸς
1479 2829 1562 2859 semel
1576 2829 1652 2864 ponit
1665 2836 1698 2861 ς.

64 2865 128 2892 \id.
140 2865 211 2894 Psal.
227 2873 290 2901 ην,
300 2866 326 2894 8.
366 2867 389 2882 ⁷³
400 2867 415 2893 ὁ
428 2867 489 2895 add.
500 2866 533 2894 A.
572 2866 595 2883 ‘°
607 2865 761 2903 Λαρῖπαδίῳ
778 2867 841 2896 add.
853 2874 892 2895 rc.
907 2867 940 2895 A.
978 2866 1000 2883 ⁸³
1018 2867 1032 2893 ὁ
1043 2865 1142 2902 Λόγος]
1153 2865 1232 2895 Joan.
1250 2873 1269 2900 ι,
1286 2865 1330 2894 14.
