1938 3091
229 137 284 169 379

230 195 304 230 agit:
321 193 457 223 «Verbum
472 201 538 222 caro
550 194 652 223 factum
667 196 756 229 est’,»
772 196 893 232 itemque
905 197 938 225 de
954 197 1020 223 illo:
1036 197 1059 226 A

233 249 244 266 ι
265 239 348 267 Nemo
365 240 487 268 ascendit
502 241 529 268 in
544 241 655 273 cmlum,
681 242 734 269 nisi
750 242 796 276 qui
824 242 857 269 de
883 243 952 270 cmlo
975 243 1023 270 de-

231 286 346 319 scendit,
365 286 450 313 Filius
460 287 590 321 hominis,
603 288 648 322 qui
664 293 707 315 est
717 288 744 315 in
759 288 858 316 coelo“.
875 298 884 315 ι
899 289 976 317 Nono
991 290 1024 316 li-

233 332 283 359 hro
298 333 331 359 de
347 333 391 360 illo
406 333 461 368 agit
474 341 481 360 :
493 342 502 359 ι
525 333 604 361 Petra
622 339 713 361 autem
725 340 784 362 erat
796 335 921 363 Christus
932 336 981 369 νς»
999 341 1026 364 et

234 380 268 407 de
281 378 327 407 illo
343 389 350 407 :
367 380 452 409 «Ecce
467 381 520 407 vita
533 385 621 408 vestra
637 389 768 416 suspensa
784 386 825 409 est
835 382 861 409 in
880 383 966 411 oeulis
979 391 1024 410 ve-

235 427 299 454 stris
308 427 346 453 ⁹,ι
362 426 480 455 Rursum
493 428 526 455 de
542 428 588 455 illo
603 436 610 455 :
630 428 726 456 «Porta
737 429 795 457 hac
808 430 901 458 clausa
914 431 1022 462 erit'°;:

235 479 296 506 quze
311 472 402 499 omnia
420 473 502 507 impie
516 473 721 507 interpretatur.
745 474 854 502 Decimo
869 482 935 502 vero
957 475 1026 503 libro

235 519 270 546 de
286 518 331 546 illo
344 528 354 546 .-
376 528 386 544 ‹
407 518 490 547 Vohis
505 513 618 547 uerbum
642 521 739 548 salutis
760 522 872 549 missum
901 527 944 550 est
962 523 1023 556 ¹¹;ι

237 565 325 600 deque
344 572 376 592 eo
389 574 396 593 :
410 565 477 600 «Qui
489 565 558 594 Filio
573 574 622 594 suo
639 574 692 595 non
709 568 829 602 pepercit
839 569 890 596 η.»
906 569 938 596 Et
953 579 960 597 :
974 571 1027 597 «De

238 610 328 638 Verbo
355 611 427 644 vitae,
464 611 537 647 quod
573 620 670 640 manus
704 618 802 641 vestrae
839 619 1027 642 contrectave-

237 661 302 684 runt
315 657 348 684 “.
365 666 374 684 ι
391 658 492 685 lterum
506 658 540 686 de
559 658 605 686 illo
622 667 629 686 :
646 668 656 685 ι
681 659 726 687 Sic
747 661 819 688 Deus
839 661 933 688 dilexit
950 669 1029 690 mun-

237 703 301 731 dum
311 725 319 736 ,
335 707 366 731 ut
381 703 479 731 Filium
497 712 576 732 suum
587 706 754 739 unigenitum
770 707 848 734 daret
861 707 894 741 ",
909 717 920 734 ι
934 712 1029 744 etquae

237 754 401 784 sequuntur.
420 749 449 778 In
463 751 607 779 undecimo
624 752 694 779 libro
714 753 747 780 de
769 753 813 780 illo
829 758 929 781 tractat
945 755 1003 783 loco
1019 765 1026 784 :

240 804 253 821 ι
270 795 321 823 Hic
344 796 416 824 Deus
439 803 533 825 noster
552 807 559 825 :
576 805 630 825 non
657 799 828 834 reputabitur
845 800 914 827 alius
938 808 1029 828 coram

239 842 311 878 ipso.
328 842 429 871 Deinde
446 843 472 870 in
491 847 563 871 terra
580 845 655 872 visus
668 849 727 876 est.
751 851 779 873 et
793 853 855 873 cum
877 847 1030 875 hominibus

240 894 417 917 conversatus
430 893 471 917 est
484 890 515 917 ".
531 899 540 916 ι
562 890 680 918 Rursum
696 899 777 926 super
791 892 837 920 illo
852 901 859 919 :
874 902 883 917 ι
897 892 1030 929 Exsurge,

242 935 330 970 Deus,
362 936 454 971 jndica
486 941 586 964 terram
603 937 634 970 ‘°,
651 947 676 963 γη
695 938 787 973 Deque
822 939 909 967 altero
948 940 1031 968 loco:

245 989 256 1006 ί
274 980 408 1014 Quividct
425 989 481 1014 me.
493 982 568 1010 videt
580 989 609 1010 et
623 982 733 1011 Patrem
751 984 804 1013 "I.
822 984 891 1012 Tum
904 985 1033 1014 adversus

241 1034 307 1060 eos.
336 1027 382 1061 qui
409 1027 533 1055 dicerent
570 1037 624 1056 non
651 1036 731 1064 posse
752 1031 891 1065 apostolos
923 1037 1034 1066 propter

243 1073 458 1102 imbecillitatem
481 1075 651 1102 audientium
673 1084 766 1104 verum
791 1077 900 1105 docere.
926 1077 1033 1105 Duode-

243 1120 317 1147 cimo
330 1120 399 1148 libro
414 1121 494 1148 docet
507 1129 590 1148 unum
606 1129 621 1149 e
638 1120 772 1149 Trinitate
798 1130 917 1157 passum.
947 1124 982 1151 Et
1000 1123 1034 1151 de

244 1166 290 1195 illo
312 1167 375 1194 Item
393 1176 400 1195 :
417 1176 427 1193 ι
451 1167 479 1195 Si
493 1168 566 1195 enim
580 1170 790 1203 cognovissent,
804 1177 857 1197 non
874 1169 961 1204 ipsum
979 1171 1035 1198 Do-

245 1214 351 1240 minum
365 1213 458 1249 gloria:
480 1215 683 1243 cruciﬁxisscnt
698 1215 732 1243 ¹⁸.
751 1225 761 1242 ι
779 1215 829 1244 Ubi
842 1221 869 1244 et
891 1218 962 1252 quod
980 1225 1033 1245 non

250 1259 374 1287 dicamus
392 1260 458 1288 duos
476 1259 618 1295 Christos,
640 1262 747 1288 infirma
774 1262 898 1298 malaque
928 1264 1035 1292 ratione

247 1303 368 1332 defendit
382 1312 389 1331 :
404 1306 437 1332 ad
461 1313 538 1333 suam
554 1306 613 1341 ipse
630 1307 798 1335 voluntatem
824 1309 951 1336 nimirum
973 1316 1036 1337 sen-

247 1357 361 1385 sumque
375 1350 560 1379 defensionem
575 1353 795 1381 accommodans.
816 1353 908 1382 Tertio
930 1354 1036 1382 decimo

246 1397 364 1431 denique
380 1396 449 1424 libro
461 1398 575 1432 quaerit:
593 1398 733 1432 Quomodo
758 1407 812 1427 non
825 1400 880 1427 sint
893 1400 950 1430 duo,
963 1400 1035 1429 Filii.

250 1441 282 1469 Et
302 1449 366 1469 vero
387 1450 420 1470 ex
436 1443 470 1470 iis
485 1443 583 1478 quibus
606 1442 794 1472 defensionem
815 1444 947 1477 instituit,
967 1444 1037 1474 duos

249 1497 310 1516 esse
327 1488 411 1517 Filios
430 1490 522 1517 dicere
537 1498 650 1518 necesse
666 1492 715 1518 sit.
737 1491 796 1524 Qua
817 1491 843 1518 in
860 1499 889 1520 re
908 1491 1037 1520 Tarasius

250 1534 331 1562 veluti
346 1536 401 1569 jam
416 1535 503 1563 victus
526 1536 664 1564 silentium
682 1541 768 1564 tenet.
796 1537 901 1564 Desinit
917 1542 946 1565 et
958 1537 1035 1565 Basi-
1050 1548 1071 1579 α

248 1580 315 1614 lius',
335 1581 392 1609 sive
408 1581 573 1616 Lampadius
598 1582 719 1610 studiose
739 1583 908 1617 interrogare
932 1591 964 1611 ac
992 1591 1037 1611 re-

249 1627 394 1662 spondere.
417 1627 490 1655 Libri
503 1635 585 1663 porro
600 1633 665 1661 tres,
685 1635 798 1663 quartus
815 1630 1037 1665 decimus,quin-

250 1678 294 1701 tus
311 1673 443 1707 decimus,
467 1679 494 1702 et
509 1680 601 1703 sextus
616 1675 753 1709 decimus,
772 1681 898 1711 perpetua
918 1677 1038 1704 contexti

249 1720 390 1753 oratione,
403 1720 430 1748 in
447 1721 595 1748 secundum
614 1726 642 1748 et
661 1722 771 1748 tertium
792 1722 889 1749 librum
907 1722 1038 1750 assertio-

250 1773 315 1793 nnm
327 1765 438 1793 Joannis
450 1765 644 1801 Scythopolitze
655 1766 809 1794 incurrunt.

286 1812 348 1839 Fuit
359 1813 402 1840 hic
414 1812 531 1840 Basilius
542 1813 695 1848 presbyter,
710 1818 740 1840 ut
755 1815 788 1840 de
799 1821 828 1840 se
840 1814 897 1849 ipse
911 1814 1039 1847 affirmat,

218 1886 221 1888 _
251 1859 430 1886 Antiochense
458 1859 605 1892 Ecclesiae,
633 1866 687 1894 quo
703 1863 823 1894 tempore
852 1860 977 1887 thronum
1003 1860 1040 1888 ibi

250 1904 359 1933 tenebat
370 1904 515 1932 Flavianus
527 1905 593 1941 (54)
605 1925 613 1937 ,
626 1905 795 1940 Romanique
808 1906 916 1934 clavum
932 1906 1039 1941 imperii

252 1952 447 1979 moderabatur
460 1951 632 1979 Anastasius.
650 1951 741 1979 Dictio
753 1952 812 1986 ejus
827 1954 854 1979 in
871 1952 983 1987 dialogls
995 1961 1040 1988 po-

249 1998 386 2026 tissimum
409 1997 519 2025 humilis
544 2002 604 2031 est,
636 2003 667 2026 ut
680 2005 731 2026 nec
749 2006 765 2026 ιι
791 1999 904 2027 vocibus
925 2007 941 2026 e
961 1999 1041 2028 trivio

252 2045 367 2080 sumptis
378 2044 430 2072 sibi
448 2049 589 2079 temperet.
615 2043 668 2072 Sed
683 2048 711 2071 et
733 2044 758 2072 in
776 2045 973 2079 compositione
996 2052 1041 2079 pa-

253 2098 313 2118 tum
325 2096 487 2124 accuratus,
513 2099 627 2127 peccare
643 2099 695 2119 non
710 2099 788 2124 raro.
816 2096 898 2127 atque
929 2093 1039 2120 soloeci-

252 2146 341 2167 smum
356 2138 447 2166 facere
469 2138 684 2173 deprehenditur
703 2137 786 2173 88b.
805 2138 903 2166 Verum
922 2139 959 2165 uti
978 2146 1041 2175 per-

253 2185 364 2220 spicuus
389 2185 416 2212 in
442 2184 484 2212 bis
496 2192 558 2212 esse
571 2184 719 2217 laboravit,
742 2185 781 2212 ita
803 2192 914 2220 quoque
932 2185 958 2212 in
981 2186 1038 2213 suis

253 2231 384 2258 adversus
399 2231 458 2265 plos
472 2230 640 2264 argumentis
653 2230 801 2257 vehemens
812 2237 878 2258 sane
893 2234 945 2262 est,
959 2235 1041 2265 atque
1057 2227 1080 2255 D

254 2278 314 2305 visu
329 2277 418 2309 tritus,
428 2282 456 2305 ut
468 2284 575 2305 omnem
591 2277 671 2312 plane
683 2278 765 2304 vitam
781 2277 808 2304 in
824 2277 875 2304 hoc
889 2284 961 2305 vano
972 2284 1042 2305 con-

255 2329 296 2351 tra
323 2324 449 2359 pietatem
475 2325 565 2352 studio
589 2324 790 2359 consumpsisse
813 2323 949 2351 videatur.
984 2323 1042 2352 Etsi

199 2372 207 2378 ‘
252 2378 320 2398 vero
335 2370 496 2398 Nestoriana
519 2370 586 2407 (55)
602 2370 697 2398 haeresi
726 2370 842 2398 infectus
859 2375 918 2401 est.
940 2369 1040 2398 Nesto-

290 2418 381 2446 'Joan.
397 2426 416 2452 ι,
433 2419 476 2446 14.
514 2418 525 2434 ⁸
538 2418 616 2446 .Ioan.
630 2426 672 2451 ιιι,
688 2418 732 2446 l3.
767 2419 788 2434 "
802 2418 812 2445 Ι
827 2418 889 2446 Cor.
905 2427 930 2451 κ,
948 2419 975 2446 4.
1010 2421 1022 2438 ο

1087 2425 1115 2447 ιι.
1131 2426 1233 2449 XXVIII.
1250 2418 1294 2447 66.

255 2454 301 2481 26.
343 2455 364 2470 ¹¹
380 2453 457 2481 Rom.
479 2461 525 2487 ιιι,
545 2453 590 2481 52.
641 2454 662 2470 "
674 2453 741 2481 Jonn
758 2461 784 2486 ι,
804 2454 830 2480 l.

896 2454 918 2470 “
933 2453 1002 2482 Joan
1039 2463 1080 2488 ιιι,

257 2490 278 2505 ⁸⁷
292 2488 372 2522 Joan,
394 2497 455 2522 xw,
472 2490 499 2517 9.
556 2489 577 2505 ³⁸
590 2488 599 2515 l
613 2489 677 2517 Cor.
690 2497 726 2521 ιι,
741 2489 768 2517 8.

808 138 939 169 ΡΗΟΤΙΙ
958 137 1210 171 ΡΔΤΒΙΑΒΟΗΕ
1222 139 1277 169 CP.

1073 196 1175 228 πολλὰς
1199 195 1438 232 ἑκτραχηλίζεται,
1465 194 1596 233 καὶπερὶ
1618 194 1678 222 τοῦ·
1706 204 1717 222 ‹
1735 195 1832 228 Οὐδεὶς
1844 197 1867 212 ¹¹

1076 241 1246 277 ἀναϐέϐηκεν
1263 243 1304 274 είς
1313 242 1358 268 τὸν
1369 241 1493 277 οὐρανὸν,
1510 242 1534 268 εί
1551 241 1589 277 μὴ
1601 243 1615 268 6
1628 242 1660 268 ὲκ
1675 241 1723 269 τοῦ
1736 241 1807 278 [155
1819 241 1868 277 IL]

1075 286 1191 322 οὐρανοῦ
1211 286 1354 318 καταϐὰς,
1371 287 1386 313 6
1410 286 1475 318 Υἱὸς
1495 285 1543 313 τοῦ
1571 286 1735 322 ἀνθρώπου,
1752 287 1767 313 6
1785 286 1824 313 ὣν
1839 287 1870 313 ὲν

1075 333 1113 369 τῷ
1127 333 1245 370 οὐρανῷ.
1260 343 1270 360 ι
1289 333 1362 369 [284
1377 332 1430 369 [1.]
1453 333 1496 359 Ἐν
1508 332 1538 360 δὲ
1552 332 1592 369 τῷ
1609 333 1631 359 θ’
1649 333 1715 369 περὶ
1723 332 1781 360 τοῦ·
1801 342 1810 358 ι
1835 332 1869 359 Ἥ

1075 379 1104 406 δὲ
1118 379 1141 395 ⁸³
1160 380 1248 415 πέτρα
1267 376 1302 414 ἦν
1315 380 1330 405 ό
1352 378 1480 414 Χριστὸς,
1500 388 1511 404 ι
1525 379 1574 406 καὶ
1595 379 1659 414 περὶ
1678 379 1737 412 τοῦ,
1760 388 1770 405 ι
1782 378 1870 413 Ὀψε-

1077 427 1140 454 σθαι
1154 427 1177 442 ⁸⁸
1189 426 1238 462 τὴν
1254 426 1326 461 ζωὴν
1343 425 1421 460 ὑμῶν
1437 426 1618 461 κρεμαμένην
1644 426 1697 461 πρὸ
1718 425 1870 460 ὀφθαλμῶν

1077 473 1172 508 ὑμῶν.
1196 483 1205 499 ι
1224 472 1351 507 καὶπερὶ
1365 472 1424 504 τοῦ,
1450 481 1459 498 ι
1481 472 1514 498 Ἠ
1537 471 1610 507 πύλη
1619 471 1642 488 ⁸⁵
1662 471 1733 507 αὕτη
1755 471 1871 499 κεκλει-

1079 519 1167 555 σμένη
1182 519 1285 551 ἔσται.)
1301 519 1391 546 πάντα
1406 518 1493 545 ταῦτα
1503 518 1641 550 δυσσεϐῶς
1655 518 1870 553 ἐπιλαμϐάνεται.

1084 567 1128 594 Ἐν
1140 566 1169 593 δὲ
1182 566 1222 601 τῷ
1233 569 1250 592 ι’
1259 564 1390 601 περὶτοῦ,
1405 573 1414 591 ‹
1426 564 1506 600 Ὑμῖν
1514 565 1538 580 δι
1549 564 1564 590 6
1577 563 1655 598 λόγος
1666 564 1716 598 τῆς
1731 563 1873 598 σωτηρίας

1078 612 1238 647 ἀπεστάλη’
1260 621 1270 638 ι
1286 612 1334 638 καὶ
1358 612 1426 646 περὶ
1443 610 1503 644 τοῦ,
1523 610 1590 642 (Ὃς
1604 609 1651 637 τοῦ
1664 610 1687 626 ⁸⁷
1706 609 1775 637 ίδίου
1803 609 1874 636 Υίοῦ

1078 659 1129 686 οὐκ
1145 659 1299 693 ἐφείσατο.»
1318 657 1381 689 καὶ,
1397 657 1438 683 ὅτι
1449 656 1471 673 ⁸⁸
1491 666 1501 683 ι
1517 656 1551 683 Δί
1567 657 1657 691 χεῖρες
1670 655 1693 672 ⁸³
1707 655 1786 691 ὑμῶν
1802 656 1874 691 ἐψη-

1078 705 1219 739 λάφησαν,
1237 703 1302 739 περὶ
1316 703 1364 730 τοῦ
1381 703 1470 737 Λόγου
1488 702 1536 738 τῆς
1553 701 1625 737 ζωῆς
1636 701 1669 717 ³⁹¹
1682 720 1690 731 ,
1710 710 1720 726 ι
1736 700 1784 727 καὶ
1808 701 1876 736 περὶ

1079 752 1138 785 τοῦ,
1151 751 1260 784 «Οὕτως
1266 753 1288 768 ³⁸
1298 751 1442 787 ἠγάπησεν
1451 751 1465 777 ὁ
1475 749 1541 782 Θεὸς
1551 749 1599 777 τὸν
1612 749 1725 784 κόσμον,
1742 748 1814 777 ὥστε
1826 748 1877 776 τὸν

1081 799 1146 826 Υἰδν
1157 798 1239 826 αὑτοῦ
1257 798 1303 826 τδν
1318 796 1451 833 μονογενῆ
1465 818 1473 830 ,
1494 806 1504 823 ι
1526 796 1575 824 καὶ
1588 796 1653 832 ἑξῆς
1663 797 1698 823 ³⁸.
1719 796 1765 822 Ἐν
1779 795 1809 822 δὲ
1833 795 1878 831 τῷ

1048 870 1069 898 Β
1083 849 1117 873 ια’
1131 846 1196 882 περὶ
1209 845 1269 879 τοῦ,
1287 854 1296 870 ι
1309 844 1395 877 Οὗτος
1409 845 1424 871 6
1443 843 1510 898 Θεὲς
1525 842 1614 879 ἡμῶν,
1630 843 1661 898 ρύ
1673 842 1879 898 ’λογισθησεῖαι

1083 892 1177 928 ἔτερος
1188 891 1256 927 πρὸς
1269 890 1351 918 αὐτόν
1362 898 1371 906 ⁵
1390 899 1400 917 ι
1413 905 1449 911 -
1461 887 1544 916 (Εἶτα
1555 890 1580 906 ³⁵
1595 888 1643 916 ἐπὶ
1656 888 1706 924 τῆς
1720 889 1772 924 γῆς
1784 887 1878 923 ὤφθη,

1083 939 1131 966 καὶ
1154 939 1211 970 τοῖς
1234 938 1391 974 ἀνθρώποις
1409 936 1636 972 συνανεστράφη,
1655 945 1665 962 ι
1680 936 1729 962 καὶ
1750 935 1815 971 περὶ
1827 935 1879 961 τοῦ

1086 994 1096 1011 ι
1107 985 1224 1012 ’Δνάστα
1231 984 1265 1018 ’³,
1280 985 1294 1010 6
1309 983 1387 1018 Θεὸς,
1404 982 1506 1019 κρίνων
1521 983 1571 1018 τὴν
1580 983 1659 1018 xiv,»
1673 982 1722 1009 καὶ
1737 982 1803 1017 περὶ
1815 981 1879 1014 τοῦ,

1087 1041 1097 1058 ι
1113 1031 1144 1058 '0
1158 1030 1288 1067 ἑωρακὼς
1298 1031 1321 1047 ’⁸
1335 1030 1386 1066 ἐμὲ
1401 1029 1508 1065 ἑώρακε
1520 1029 1566 1056 τὸν
1576 1028 1688 1065 Πατέρα
1698 1048 1706 1061 ,
1721 1037 1731 1054 ›
1744 1028 1793 1055 καὶ
1806 1029 1882 1064 πρὸς·

1083 1079 1146 1110 τοὺς
1160 1078 1291 1113 λέγοντας
1307 1077 1345 1113 μὴ
1361 1076 1494 1104 δύνασθαι
1508 1076 1572 1108 τοὺς
1588 1075 1755 1107 ἀποστόλους
1770 1075 1815 1102 διὰ
1825 1075 1883 1109 τὴν

1085 1126 1228 1152 ἀσθένειαν
1244 1124 1300 1151 τῶν
1316 1124 1471 1152 ἀκουόντων
1487 1122 1624 1149 διδάσκειν
1636 1121 1764 1157 τάληθές.
1786 1123 1831 1149 Ἐν
1849 1122 1881 1149 δὲ

1083 1172 1122 1207 τῷ
1138 1170 1170 1207 ιβ’
1180 1191 1188 1204 ,
1203 1172 1244 1198 ὅτι
1257 1167 1299 1203 εἷς
1315 1171 1364 1205 τῆς
1380 1170 1496 1205 Τριάδος
1509 1171 1523 1196 6
1537 1168 1649 1200 παθὼν,
1668 1168 1716 1195 καὶ
1740 1169 1805 1203 περὶ
1815 1167 1880 1200 τοῦ,

1087 1228 1098 1244 ι
1114 1218 1144 1244 El
1161 1217 1216 1252 γὰρ
1227 1217 1251 1234 ³⁵
1267 1216 1407 1251 ἔγνωσαν,
1420 1216 1471 1243 οὐκ
1485 1215 1519 1243 ἂν
1543 1215 1589 1242 τὸν
1603 1214 1706 1250 Κύριον
1723 1213 1775 1249 τῆς
1797 1213 1881 1249 δόξης

1085 1263 1261 1300 ἐσταύρωσαν
1272 1283 1280 1296 ,
1297 1272 1307 1289 ι
1323 1262 1372 1289 καὶ
1388 1261 1447 1294 πῶς
1462 1262 1486 1279 ’⁵
1502 1261 1533 1288 οὐ
1553 1260 1668 1296 λέγομεν
1681 1259 1728 1287 δύο
1741 1260 1881 1295 Χριστοὺς

1085 1310 1207 1342 ἀσθενῶς
1230 1309 1277 1336 καὶ
1294 1308 1475 1343 κακοτρόπως
1491 1307 1665 1341 ἀπολογεῖται
1675 1326 1683 1339 ,
1698 1306 1767 1342 προς
1779 1306 1812 1333 τὸ
1836 1307 1881 1333 οε-

1086 1357 1160 1383 κεῖον
1185 1355 1277 1390 μέντοι
1295 1353 1498 1390 συμϐαίνουσαν
1514 1352 1640 1388 βούλημα
1660 1353 1710 1388 τὴν
1727 1351 1882 1385 ἀπολογίαν

1086 1401 1212 1437 προάγει.
1232 1401 1277 1427 ‘Ev
1298 1400 1326 1426 δὲ
1341 1398 1381 1435 τῷ
1397 1398 1431 1432 ιγ’
1448 1398 1514 1434 περὶ
1534 1397 1582 1425 τοῦ
1604 1397 1663 1429 πῶς
1685 1397 1715 1424 οὐ
1733 1396 1780 1424 δύο
1796 1397 1861 1423 Υίοί
1873 1405 1882 1413 ο

1087 1447 1178 1476 καίτοι
1196 1447 1226 1479 ἐξ
1239 1443 1278 1473 ὧν
1292 1446 1365 1472 δοκεῖ
1378 1444 1573 1479 ἀπολογεῖσθαι
1586 1463 1594 1476 ,
1607 1444 1714 1479 ἀνάγκη
1729 1443 1820 1477 λέγειν
1833 1443 1883 1470 δύο

1088 1494 1181 1526 Υἱούς.
1202 1493 1245 1520 Ἐν
1255 1489 1278 1527 ᾧ
1291 1492 1339 1519 καὶ
1350 1492 1365 1519 ὁ
1379 1491 1515 1527 Ταράσιος
1528 1490 1565 1522 ὡς
1577 1489 1657 1525 δῆθεν
1669 1489 1885 1525 ὲκνενικημένος

1088 1541 1195 1576 σιωπᾷ,
1212 1539 1259 1566 καὶ
1276 1537 1358 1565 παύει
1373 1537 1422 1565 καὶ
1438 1537 1453 1563 6
1465 1535 1606 1568 Βασίλειος
1617 1536 1677 1571 ἦτοι
1691 1536 1706 1562 6
1719 1535 1886 1568 Δαμπάδιος

1089 1587 1140 1622 τῆς
1152 1588 1223 1613 κατὰ
1238 1584 1335 1612 πεῦσιν
1347 1584 1396 1611 καὶ
1406 1582 1554 1618 ἀπόκρισιν
1566 1581 1684 1616 σπουδῆς
1697 1581 1746 1617 τὴν
1761 1581 1864 1617 σχολὴν
1875 1600 1886 1613 .

1090 1633 1138 1660 καὶ
1153 1632 1270 1659 ποιεῖται
1281 1631 1327 1657 τὸν
1337 1630 1378 1664 ιδ’,
1393 1630 1425 1657 ιε’
1435 1638 1466 1656 τε
1475 1629 1522 1656 καὶ
1529 1629 1568 1662 ις’
1579 1629 1658 1663 λόγον
1669 1627 1887 1663 διεξοδικωτέρῳ

1090 1679 1182 1714 λόγῳ,
1208 1678 1256 1705 καὶ
1272 1676 1438 1714 κατατρέχει
1453 1675 1508 1703 τῶν
1535 1677 1564 1702 ὲν
1587 1674 1628 1710 τῷ
1649 1674 1671 1710 β’
1687 1674 1767 1709 ml)”
1785 1673 1888 1710 βιϐλίῳ

1091 1726 1246 1762 εἰρημένων
1257 1724 1298 1760 τῷ
1317 1724 1441 1759 Ἰωάννῃ.

1128 1814 1183 1843 Ἦν
1198 1815 1220 1843 δ’
1237 1811 1316 1847 οὗτος
1333 1815 1347 1841 6
1363 1813 1502 1845 Βασίλειος
1519 1813 1721 1849 πρεσϐύτερος,
1741 1811 1779 1843 ὠς
1804 1812 1889 1843 αὐτός

1092 1872 1173 1899 φησι,
1198 1863 1248 1899 τῆς
1258 1861 1330 1889 κατὰ
1351 1861 1518 1896 Ἀντιόχειαν
1543 1859 1727 1894 Ἐκκλησίας,
1750 1858 1888 1893 ἀρχιερα-

1091 1909 1217 1941 τεύοντος
1243 1907 1293 1944 μὲν
1311 1907 1365 1934 τῶν
1388 1907 1479 1934 ἐκεῖσε
1493 1904 1662 1938 Φλαϐιανοῦ,
1687 1903 1834 1939 Ῥωμαίων
1858 1904 1890 1930 δὲ

1099 1954 1275 1983 ’Δναστασίου
1295 1953 1495 1990 βασιλεύοντος.
1520 1953 1600 1978 Ἐστι
1613 1951 1643 1978 δὲ
1662 1951 1711 1985 τὴν
1723 1951 1826 1985 φράσιν
1837 1960 1890 1986 χυ-

1092 2001 1167 2033 δαῖος
1180 2021 1187 2033 ,
1199 2001 1247 2027 καὶ
1259 1999 1377 2035 μάλιστα
1393 1999 1421 2025 ὲν
1431 1999 1490 2029 τοῖς
1508 1997 1674 2032 διαλογικοῐς
1688 1996 1772 2023 αὑτοῦ
1784 1997 1807 2012 "
1823 1997 1891 2024 οὐδὲ

1092 2048 1148 2075 τῶν
1162 2049 1195 2074 ὲκ
1209 2046 1315 2082 τριόδου
1339 2045 1470 2081 ῥημάτων
1489 2044 1642 2079 ἀπέχεταιο
1665 2043 1722 2070 ἀλλ’
1748 2043 1812 2070 οὐδὲ
1838 2043 1892 2079 τὴν

1094 2092 1218 2124 σύνταξιν
1235 2091 1353 2128 ἀκριϐὴς
1365 2110 1374 2123 ,
1390 2090 1462 2117 ὥστε
1476 2090 1523 2117 καὶ
1541 2090 1623 2125 μέχρι
1633 2089 1681 2116 τοῦ
1695 2088 1825 2125 σφάλλειν
1840 2090 1893 2116 καὶ

1094 2139 1277 2173 σολοικισμοῖς
1300 2136 1452 2172 κεχρῆσθαι
1470 2136 1602 2168 πολλάκις
1617 2135 1747 2170 ἐξάγεται
1759 2141 1768 2153 δ
1793 2135 1844 2162 καὶ
1860 2135 1895 2162 τὸ

1095 2185 1178 2220 σαφὲς
1189 2185 1234 2217 δὲ,
1249 2184 1288 2216 ὡς
1303 2185 1332 2210 ὲν
1353 2183 1459 2215 τούτοις
1473 2183 1509 2216 ⁸⁸,
1527 2183 1702 2218 ἐπετήδευσε.
1717 2182 1781 2213 Τοῖς
1796 2182 1895 2217 μέντοι

1095 2231 1167 2259 κατὰ
1188 2231 1238 2266 τῆς
1263 2229 1406 2261 εὐσεϐείας
1421 2230 1618 2265 ἐπιχειρήμασι
1641 2227 1741 2264 δριμύς
1757 2228 1787 2255 τέ
1813 2228 1895 2255 ἐστιν

1095 2277 1144 2304 καὶ
1157 2276 1284 2312 ἐντριϐὴς
1294 2296 1303 2308 ,
1320 2275 1369 2303 καὶ
1388 2278 1434 2302 τὸν
1447 2275 1509 2302 ὅλον
1525 2274 1582 2310 βίον
1595 2274 1716 2312 τούτοις,
1735 2274 1775 2307 ὡς
1796 2274 1875 2301 ἔοικε
1885 2294 1894 2306 ,

1094 2325 1151 2356 τοῖς
1170 2323 1296 2360 ματαίοις
1308 2323 1380 2350 κατὰ
1401 2323 1452 2358 τῆς
1467 2322 1610 2354 εὐσεϐείας
1624 2322 1717 2354 πόνοις
1733 2322 1895 2355 ὲγκατασα-

1093 2371 1166 2403 πείς.
1181 2370 1238 2397 Καὶ
1255 2369 1305 2404 τὴν
1317 2369 1423 2404 αἵρεσιν
1435 2368 1464 2395 δὲ
1477 2368 1626 2403 Νεστορίω
1639 2367 1726 2395 νοσῶν
1739 2367 1895 2402 Νεστόριον

1131 2426 1233 2449 XXVIII.
1250 2418 1294 2447 66.
1346 2418 1368 2433 ¹⁰
1380 2417 1483 2444 Ezcch.
1508 2424 1621 2448 χχχιιι,
1634 2415 1661 2443 2.
1698 2416 1720 2431 ¹ί
1739 2415 1800 2443 Act.
1821 2423 1894 2447 xui.

1117 2455 1145 2483 6.
1201 2454 1222 2470 "
1238 2453 1356 2481 Baruch.
1375 2461 1403 2480 Ill
1418 2472 1426 2483 .
1444 2452 1544 2480 36-38.
1598 2452 1621 2468 "
1637 2451 1710 2479 Psal.
1742 2458 1845 2483 um,
1863 2451 1892 2479 8.

1100 2457 1145 2483 l6.

894 2535 1011 2563 VARIE
1022 2533 1225 2565 LECTIONES.

289 2582 313 2599 ⁸⁸
329 2581 427 2618 οὐδείς]
439 2581 518 2609 Joan.
536 2582 635 2618 tn,l5.
648 2581 699 2618 A7",
711 2582 728 2617 ἡ
741 2581 782 2617 δέ]
797 2581 805 2608 l
823 2583 887 2611 Cor.
901 2591 931 2616 ιι,
942 2583 970 2610 4.
1008 2583 1031 2599 ⁸⁸
1047 2584 1125 2612 Deut.
1147 2589 1248 2614 xxvtll,
1265 2581 1294 2609 6.
1333 2581 1356 2618 ’ξ

254 2617 286 2660 61
297 2619 358 2645 Act.
374 2615 437 2659 sui,
451 2618 497 2645 26.
535 2617 558 2633 ⁸⁷
572 2617 602 2649 ὃς
614 2616 673 2654 τοῦ]
689 2615 842 2660 Βριιι.’νιιι,
855 2618 900 2646 52.
939 2618 961 2634 ³⁸
974 2619 1014 2646 ὅτι
1030 2627 1085 2646 om.
1176 2618 1200 2634 ⁸⁸
1213 2618 1242 2643 αἱ
1256 2615 1363 2677 χεῖρεςὲ

255 2661 305 2677 τηε
333 2652 417 2677 (nihil
449 2654 506 2677 haec
535 2660 597 2677 cum
627 2659 689 2677 ante
713 2661 753 2677 οτι
781 2652 934 2677 legerentur
953 2659 1109 2677 transnnsm
1135 2661 1196 2677 etim
1220 2652 1253 2677 Δ.
1292 2652 1315 2668 ³⁸
1332 2660 1347 2677 ο

449 2654 509 2689 haec
531 2660 597 2689 cum
621 2652 689 2689 ante
713 2653 753 2679 ὅτι
781 2652 934 2687 legerentur
953 2654 1110 2689 transposui
1135 2652 1253 2689 cumAA.
1273 2652 1316 2689 “"7
1332 2660 1347 2689 ο

255 2652 305 2722 ἐἷς
333 2652 418 2704 ζωῆς]
449 2654 506 2680 haec
535 2660 597 2680 cum
627 2652 689 2679 ante
713 2653 753 2697 ὅτι
781 2652 817 2687 leg

255 2690 269 2728 ς
287 2698 322 2728 ης
337 2698 368 2721 ς.
414 2688 516 2728 χεῖται]-
529 2687 647 2728 Ijaruch.
671 2696 715 2728 ιιιἱ
729 2689 772 2728 aQ.
804 2723 817 2728 _

256 2724 267 2752 Ι
283 2723 348 2754 Cor.
363 2733 394 2758 ιι,
411 2724 454 2752 l8.
493 2724 516 2740 “
530 2724 604 2756 ὅπως
618 2732 649 2755 ς.
693 2724 715 2739 ⁸⁷
735 2723 818 2751 αὐτοῦ
834 2725 896 2752 add.
914 2724 948 2752 Δ.

1201 2454 1222 2470 ι’
1238 2453 1356 2481 Baruch.
1375 2461 1403 2480 ιιι
1418 2472 1426 2485 .
1444 2452 1544 2480 56·58.
1598 2452 1621 2468 ⁸⁸
1637 2451 1710 2479 Psal.
1742 2458 1845 2484 um,
1863 2451 1892 2479 8.

1403 2579 1487 2616 πύλη]
1509 2578 1702 2616 Bacchium,
1719 2578 1746 2607 Ι.
1772 2579 1895 2616 "(opto

1370 2581 1386 2643 ἲ
1403 2581 1487 2616 πύλη]
1509 2581 1609 2607 Ezech.
1621 2587 1704 2625 .nvt,
1719 2581 1746 2607 Ι.
1771 2581 1809 2620 ,⁸³
1827 2581 1895 2613 ὑμῖν

1401 2615 1480 2643 Joan.
1498 2615 1557 2648 1,1.
1595 2615 1617 2631 "
1646 2623 1709 2650 περι
1738 2623 1786 2641 του
1803 2614 1895 2648 Λόγου

1366 2650 1432 2686 τως]
1456 2650 1537 2686 Joan.
1562 2657 1613 2683 ιιι,
1641 2649 1689 2686 l6.
1737 2650 1759 2686 ff
1787 2649 1895 2686 Ital};

824 2689 974 2725 ⁹³ἀνάστα]
999 2683 1073 2717 Psal.
1090 2697 1188 2720 xxvm,
1205 2687 1232 2725 8.
1271 2687 1320 2714 "6
1336 2683 1478 2722 ἑωρακώς]
1493 2685 1574 2714 Joan.
1596 2693 1652 2717 xlv.
1673 2685 1700 2713 9.
1738 2685 1761 2700 "
1780 2684 1806 2710 ει
1821 2683 1894 2719 γάρ]

993 2725 1017 2741 ³⁸
1029 2725 1114 2759 σαφὲς
1127 2725 1156 2751 ὲν
1171 2723 1277 2755 τούτοις
1295 2731 1325 2755 ς.

991 2767 995 2771 ’
1011 2771 1131 2800 ΝΟΤΙΕ.

259 2820 364 2884 εἰ(ὥὸί)
381 2819 446 2856 Ejus
463 2819 580 2848 nominis
592 2820 727 2848 secundus
749 2821 822 2848 circa
849 2826 915 2848 ann;
945 2820 1046 2848 Christi

295 2890 562 2926 (55)Nestorianum
578 2891 623 2920 hic
637 2891 690 2920 dici
705 2891 812 2920 mireris
828 2899 894 2920 sane
906 2898 967 2920 cum
980 2898 1040 2927 sup.

1102 2820 1162 2848 cod.
1179 2819 1207 2851 9,
1234 2826 1284 2854 pro
1310 2818 1490 2854 Eutychianis
1505 2817 1649 2854 scripsisse
1664 2817 1743 2854 hunc
1750 2816 1893 2854 adversus

1103 2851 1259 2882 Nestorium
1286 2851 1420 2887 videatur,
1439 2851 1582 2891 ipsumque
1595 2851 1815 2889 Scythopolitam
1832 2858 1894 2879 con-

1097 2895 1137 2918 tra
1150 2890 1210 2919 ilios
1225 2890 1368 2926 scripsisse
1382 2894 1500 2919 constet.
