1938 3091
54 130 103 177 an

498 149 759 182 BIBLIOTHECA.
770 165 806 170 —
823 153 930 184 CODD.
951 154 1054 188 CVIII.
1074 153 1148 187 CIX.

1622 160 1675 192 382

54 203 105 238 μὲν
119 203 171 230 οὐκ
184 203 332 231 οἰκειοῦται
343 225 350 238 ,
373 206 505 242 Διόδωρον
522 207 551 234 δὲ
564 208 611 234 καὶ
626 209 762 244 Θεόδωρον
778 210 838 236 ἑπι-

893 212 959 238 rium
975 216 1063 239 lalnen
1088 213 1140 240 sibi
1161 219 1329 249 nequaquam
1345 214 1482 248 vindicat,
1500 216 1548 243 sed
1576 216 1674 246 Diodo-

54 248 193 283 γράφεται
218 249 353 284 Πατέρας.
377 251 433 277 Καὶ
458 252 529 278 κατὰ
556 253 605 288 μὲν
630 254 677 280 τοῦ
697 254 839 281 Θεσπεσίου

55 294 192 330 Κυρίλλου
205 296 246 335 είς
261 296 408 331 πρόσωπον
421 296 507 329 οὕτως
522 298 704 334 ἀναισχύντως
716 301 746 326 οὐ
761 300 842 335 βλασ-

54 341 144 375 φημεῖ
153 350 160 356 -
172 332 225 368 τὺνκ
234 341 326 376 μέντοι
341 350 373 377 γε
392 343 519 378 Ἰωάννην
530 365 538 376 ,
549 332 656 371 καθῖοὒ
671 346 720 380 τὴν
732 332 842 381 γραφὴν

54 386 221 421 ἐνεστήσατο
230 407 238 419 ,
249 387 344 422 μηδενὶ
358 387 431 424 ἄλλῳ
444 388 502 415 ἀλλ’
513 389 529 424 ἥ
541 391 598 421 τοῖς
613 390 745 425 Κυρίλλου
760 392 842 425 φησὶν

53 433 241 469 ἑπερείδεσθαι
256 434 288 469 ιβ’
299 435 469 470 κεφαλαίοις,
482 436 530 462 καὶ
543 435 583 471 τῷ
596 436 749 472 δωδεκάτῳ,
764 439 841 473 φησὶ,

55 480 175 515 μάλιστα
187 500 194 511 ,
206 479 220 506 δ
234 480 398 514 παρεισάγει
413 480 464 516 τὴν
479 480 643 508 θεοπάθειαν
654 491 661 496 ·
674 482 703 508 ὲν
717 480 758 514 οἷς
769 481 843 518 αὺτῷ

56 526 102 552 καὶ
116 525 140 541 ’⁵
153 527 205 561 τῆς
222 526 418 560 ματαιοπονίας
437 526 467 552 τὸ
493 527 579 559 τέλος.
602 527 638 554 Τὸ
652 527 680 554 δὲ
700 528 842 563 σύνταγμα

52 571 129 607 αὐτῷ
142 572 212 607 πρὸς
227 572 352 599 Λεόντιον
362 592 369 604 ,
386 572 424 604 ὡς
438 571 543 606 ἔφημεν
553 593 560 605 ,
576 574 691 610 ἐποιήθη
702 595 709 606 ,
721 575 750 602 δν
764 574 843 601 όσιώ-

51 626 134 644 τατον
148 617 196 644 καὶ
216 617 423 652 θεοφιλέστατον
441 619 489 646 καὶ
504 619 614 655 Πατέρα
631 621 823 655 ἀποσεμνύνει.

409 752 477 781 ΡΗ¹.

54 798 208 832 Θεοδώρου
222 798 404 833 μωάζοηος
432 799 652 834 Ἀλεξανδρέως
757 797 842 834 Θεμι-

86 834 177 861 στίου
202 835 304 867 λόγος.
327 834 381 860 Καὶ
410 832 581 868 Θεμιστίου
604 832 751 868 ἀπολογία
767 833 843 867 ὑπὲρ

86 869 143 896 τοῦ
163 868 197 895 ἐν
208 868 304 902 ἁγίοις
317 869 489 903 Θεοφοόίου.
771 872 776 877 '

93 914 266 950 ’Δνεγνώσθη
289 913 428 950 Θεοδώρου
454 915 614 950 μονάζοντος
645 915 842 951 Ἀλεξανδρέως

53 959 130 987 κατὰ
150 960 328 994 Θεμιστίου,
341 956 371 986 οὗ
389 961 568 996 ήὲπιγραφὴ,
587 960 732 996 (Ἔλεγχος
757 961 794 994 ὡς
813 962 843 988 ὲν

54 1006 181 1041 συντόμῳ
194 1006 243 1040 τῆς
262 1006 366 1033 ἄνωθεν
381 1007 428 1033 καὶ
445 1006 476 1039 ἐξ
499 1007 587 1042 ἀρχῆς
611 1008 757 1043 Θεμιστίου
771 1008 843 1034 κατὰ

52 1051 107 1077 τῶν
132 1051 233 1086 ἡμῶνι
259 1051 388 1087 Πατέρων
411 1053 565 1087 προπετοῦς
593 1053 642 1079 καὶ
667 1054 843 1089 ἀλογωτάτης

52 1096 223 1129 ἕνα-τάσεως,
243 1097 276 1123 ὲκ
299 1096 461 1131 προφάσεως
479 1096 528 1123 νῦν
558 1098 623 1133 ἡμῖν
655 1098 843 1134 πεπονημένος

53 1140 126 1176 [385
148 1140 182 1168 Κ.
201 1141 209 1176 ]
226 1141 281 1167 τῶν
296 1141 526 1177 προϐεϐλημένων
542 1143 588 1170 ὑπ’
608 1143 691 1170 αὑτοῦ
706 1144 776 1170 κατὰ
791 1144 842 1178 τῆς

52 1187 186 1222 ἀληθείας
201 1188 367 1223 ζητημάτων
383 1197 414 1215 τε
430 1189 478 1215 καὶ
492 1188 503 1225 [
516 1189 568 1217 154
590 1189 625 1217 Η.
638 1190 649 1225 j
666 1190 841 1225 προτάσεων,

54 1234 101 1259 καὶ
112 1234 205 1268 σαφὴς
216 1233 400 1269 διευκρίνησις
408 1234 458 1270 τῆς
464 1235 648 1271 προκειμένης
660 1236 839 1268 ὑποθέσεως.»

59 1280 90 1306 Ἦ
107 1280 158 1314 μὲν
175 1277 223 1306 οὖν
234 1280 376 1316 ἐπιγραφὴ
392 1281 503 1316 τοιαύτη
517 1281 620 1316 βιϐλίον
633 1282 734 1317 μᾶλλον
750 1283 765 1317 ἢ
783 1284 842 1309 ἐπι-

57 1327 153 1361 γραφὴ
169 1326 273 1361 βιϐλίου
291 1327 476 1362 τυγχάνουσα·
489 1327 573 1362 ἄμφω
584 1328 628 1362 δὲ,
642 1329 656 1356 ὅ
665 1337 694 1355 τε
707 1329 843 1364 Θεόδωρος

53 1373 100 1399 καὶ
119 1372 283 1407 Θεμίστιος,
298 1372 431 1407 αἱρετικοὶ
449 1373 496 1399 καὶ
510 1373 559 1408 τῆς
572 1373 626 1400 τῶν
651 1373 842 1409 Θεοπασχιτῶν

55 1418 164 1452 μερίδος
179 1417 350 1453 ὑπάρχουσι,
375 1418 487 1454 Σεϐήρῳ
499 1420 509 1434 ¹
525 1419 784 1455 προσανακείμενοι.
812 1419 842 1446 '0

54 1464 148 1500 μέντοι
160 1464 306 1498 Θεμίστιος
318 1464 334 1498 ἧ
351 1463 519 1499 Καλώνυμος
532 1465 541 1499 (
554 1465 712 1500 ἐξονομάζει
728 1466 782 1501 γὰρ
795 1465 842 1492 καὶ

53 1510 139 1542 οὕτως
153 1510 236 1541 αὐτὸς
251 1511 364 1545 ἑαυτὸν)
384 1511 432 1537 καὶ
446 1511 495 1546 τῆς
520 1510 575 1537 τῶν
594 1511 737 1546 Ἀγνοῖτῶν
750 1513 760 1528 ³
774 1520 842 1547 προ-

893 263 952 283 rum
967 257 1031 292 (56)
1059 263 1141 292 alque
1154 258 1323 286 Theodorum
1339 265 1430 294 patres
1444 260 1544 290 laudat.
1558 262 1591 290 Et
1605 271 1675 291 ccu-

893 306 933 328 lra
946 303 1064 330 divinum
1079 304 1186 338 quidem
1209 304 1340 339 Cyrillum
1359 314 1413 333 non
1428 311 1482 334 tam
1503 308 1675 342 impudenter

892 346 918 374 in
939 355 987 375 eos
1013 348 1190 383 blasphemat.
1210 350 1338 378 Attamen
1367 351 1497 379 Joannem
1535 353 1621 385 hunc.
1647 355 1674 382 in

891 400 970 427 quem
983 394 1079 429 stylum
1094 394 1219 426 strinxit,
1238 395 1282 422 alii
1298 401 1428 430 praeterea
1445 398 1510 425 nulli
1525 399 1584 433 rei,
1605 408 1675 435 pra»

891 443 1014 474 terqnam
1034 439 1127 474 Cyrilli
1150 441 1291 468 duodecim
1316 443 1451 478 capitibus
1471 445 1673 479 inniti-refert,

891 493 924 512 ac
947 485 1123 518 duodecimo.
1147 486 1201 518 ait,
1226 487 1360 520 maxime,
1375 496 1428 524 quo
1448 489 1531 516 Deum
1552 489 1596 517 ille
1609 499 1673 526 pas—

892 537 950 557 sum
977 530 1185 559 subintroducit.
1221 532 1309 567 Atque
1333 533 1359 560 in
1391 534 1434 561 his
1469 534 1547 562 linem
1575 537 1674 572 accipit

891 574 993 603 l'rnstra
1010 575 1055 603 ille
1073 577 1107 604 ab
1121 584 1154 604 eo
1177 582 1319 611 susceptus
1337 578 1424 606 labor.
1448 579 1521 614 Opus
1543 588 1624 613 vero.
1645 587 1675 609 ut

892 629 972 656 supra
1002 623 1092 650 dicere
1114 623 1241 656 memini,
1267 623 1381 651 Leontio
1404 624 1512 652 dedicat
1547 626 1675 658 cuidam.

891 675 971 702 quem
1002 668 1221 699 sanctissimum.
1253 669 1362 704 Deoque
1402 669 1617 705 charissimam,
1649 676 1676 700 et

892 713 999 741 Patrem
1016 713 1158 748 magniﬁce
1175 715 1314 749 praedicat.

1236 759 1327 788 CVIII.

893 804 1024 832 Theodori
1036 803 1162 832 Monac/ti
1177 805 1351 846 Alexandrini
1362 805 1493 834 Adversus
1504 806 1675 835 Themislium

965 874 1100 902 Themistii
1116 840 1410 910 Apologialgred'mncto
1426 876 1603 911 Theaphobio.

928 919 1028 947 Lectus
1054 925 1095 947 est
1112 919 1248 948 Theodori
1271 920 1449 948 Alexandrini
1476 923 1600 950 monachi
1624 923 1674 950 ad-

892 973 982 992 versus
1007 964 1176 992 Themistium
1215 965 1293 999 liber,
1315 966 1392 1001 cujus
1417 967 1475 995 haec
1504 967 1645 1002 inscriptio
1665 976 1673 995 :

892 1009 1050 1038 Coniutatio
1078 1010 1187 1044 brevis,
1223 1018 1275 1044 qua
1298 1011 1449 1046 superioris
1474 1013 1603 1047 temporis
1626 1013 1674 1040 de-

893 1064 947 1084 nuo
960 1057 1074 1090 rcpetita
1086 1056 1132 1083 illa
1149 1056 1291 1084 Themistii
1306 1056 1400 1084 contra
1412 1057 1505 1084 Patres
1530 1059 1674 1086 temeraria

893 1102 1062 1136 maximeque
1084 1102 1199 1129 absurda
1224 1103 1364 1129 contentio
1383 1102 1538 1130 refellitur:
1554 1111 1570 1130 a
1595 1103 1673 1131 nobis

892 1155 965 1175 nunc
979 1147 1119 1175 elaborata
1129 1167 1138 1181 ,
1151 1148 1294 1175 occasione
1310 1147 1477 1181 obiectarum
1491 1148 1525 1175 ab
1541 1149 1598 1182 ipso
1609 1156 1673 1176 con-

893 1199 932 1221 tra
948 1194 1090 1221 veritatem
1110 1193 1311 1228 quaestionum,
1333 1194 1414 1228 atque
1437 1193 1672 1226 enuntiationum,

892 1247 951 1266 cum
975 1239 1092 1266 dilucida
1109 1240 1290 1274 explicatione
1302 1238 1398 1272 objecti
1413 1240 1575 1274 argumenti.
1593 1249 1604 1266 ι
1621 1239 1674 1267 Ta-

892 1285 925 1312 lis
939 1285 984 1312 hic
1014 1284 1097 1319 igitur
1118 1285 1180 1312 libri
1193 1285 1307 1317 titulus,
1329 1289 1358 1311 ut
1373 1285 1439 1312 liber
1460 1285 1568 1319 potius,
1592 1293 1674 1320 quam

893 1330 986 1357 titulus
996 1330 1057 1357 libri
1070 1329 1202 1357 videatur.
1216 1329 1334 1365 Uterque
1346 1338 1411 1358 vero
1424 1330 1583 1358 Theodorus
1597 1339 1674 1366 mque

892 1384 924 1403 ac
939 1375 1123 1408 Themistius,
1147 1376 1267 1403 haeretici
1294 1382 1322 1403 et
1339 1377 1457 1411 partium
1483 1377 1597 1404 studiosi
1615 1376 1675 1404 fne-

893 1424 970 1453 runt,
992 1426 1085 1447 eorum
1113 1420 1158 1454 qui
1192 1419 1363 1447 divinitatem
1388 1420 1454 1455 (57)
1483 1428 1591 1455 passam
1614 1429 1675 1449 esse

893 1469 1068 1497 asseverant,
1102 1464 1206 1492 Severo
1235 1463 1365 1493 nimirum'
1395 1466 1507 1494 addicti.
1540 1467 1674 1494 Caeterum

892 1508 1072 1541 Themistius.
1085 1509 1142 1536 sive
1156 1509 1319 1545 Calonymus
1339 1510 1410 1546 (hoc
1425 1511 1496 1537 enim
1511 1511 1562 1538 sibi
1575 1518 1674 1545 cogno-

55 1556 154 1593 στάτης
178 1557 255 1583 ἐστὶν
270 1557 417 1592 αἱρέσεως,
436 1557 484 1584 καὶ
501 1558 578 1591 λόγον
594 1558 663 1592 ὑπὲρ
683 1558 731 1592 τῆς
747 1557 839 1585 τοιαύ-

893 1561 1010 1582 tnentum
1035 1563 1142 1590 quoque
1158 1555 1279 1591 addidit)
1307 1556 1389 1583 etiam
1416 1557 1599 1590 Agnoetarum
1615 1556 1672 1592 (58)

53 1611 101 1637 της
113 1603 192 1629 νόσου
205 1602 382 1637 συνέγραψεν,
392 1603 421 1628 ὃν
433 1603 573 1638 ἐπέγραψε
581 1603 779 1637 «Καλωγύμου
788 1603 840 1630 τοῦ

55 1649 101 1674 καὶ
111 1648 261 1682 Θεφοίλου
269 1648 417 1683 ἀπολογία
427 1648 503 1682 ὑπὲρ
516 1649 568 1675 τοῦ
583 1649 617 1675 ἐν
626 1648 719 1683 ἁγίοις
735 1650 842 1683 Θεοφο-

55 1694 129 1726 ὅίου,
155 1695 183 1721 ἐν
194 1691 217 1728 ᾧ
227 1694 274 1720 καὶ
289 1694 408 1729 Σεϐήρου
424 1713 431 1725 ,
454 1691 695 1729 ᾦπροσανάκειται
707 1694 841 1730 (τοιοῦτον

54 1741 108 1776 γὰρ
123 1741 156 1767 ab
177 1740 275 1775 ψεῦδος
298 1740 345 1767 καὶ
363 1741 386 1767 οί
403 1741 518 1775 ἐρασταὶ
541 1740 588 1766 τοῦ
603 1740 748 1775 ψεύδους),
773 1741 840 1767 καθ-

54 1788 179 1813 ἅπτεται.
189 1785 311 1817 Εὑθύνας
319 1787 347 1813 δὲ
357 1787 386 1812 ὲν
398 1785 465 1821 τῷδε
475 1787 513 1821 τῷ
523 1786 595 1821 λόγῳ
603 1786 678 1821 παρὰ
685 1787 696 1802 ⁵
704 1785 840 1821 Θεοδώρου

53 1832 268 1867 εἰσπράττεται’
284 1831 318 1858 τὰ
332 1832 387 1866 γάρ
400 1840 441 1858 τοι
461 1831 509 1858 τοῦ
531 1831 677 1867 Θεμιστίου
700 1832 840 1868 ἐπιχειρή-

55 1885 128 1910 ματα
142 1877 265 1911 τέσσαρα
282 1876 331 1911 μὲν
347 1876 427 1907 ὄντα,
441 1878 490 1912 τὴν
507 1876 619 1910 ἄγνοιαν
635 1876 663 1903 δὲ
677 1897 684 1909 ,
700 1876 737 1908 ὡς
756 1876 838 1911 ᾣετο,

53 1923 100 1948 ἐπὶ
122 1921 244 1956 Χριστοῦ
268 1921 527 1954 κατασκευάζοντα,
550 1920 612 1947 καθ’
631 1921 660 1946 ἓν
674 1921 688 1947 ό
702 1920 840 1955 Θεόδωρος

52 1967 208 2002 ταξάμενος
217 1986 226 1999 ,
240 1966 355 1999 ἕκαστος
373 1967 484 2002 μυρίαις
497 1967 623 1999 ἀτοπίαις
632 1967 777 2002 ὲχόμενον⁸
786 1967 840 1993 δεί-

53 2021 159 2040 κνυσιν.
179 2011 246 2039 Εἶτα
268 2012 349 2038 πάλιν
369 2013 383 2039 ό
399 2012 560 2046 Θεμίστιος,
577 2013 671 2047 ὥσπερ
686 2013 734 2048 τὴν
755 2009 840 2048 ἧτταν

52 2057 274 2092 ἀνακαλούμενος
285 2077 294 2090 ,
310 2059 381 2084 κατὰ
397 2058 536 2094 Θεοδώρου
552 2058 709 2093 μονόϐιϐλον
724 2058 838 2093 ἔγραψε.

53 2105 110 2132 Καὶ
125 2105 140 2132 ὁ
150 2104 290 2139 Θεόδωρος
306 2104 386 2131 πάλιν
399 2105 428 2131 ἐν
442 2104 516 2139 τρισὶ
527 2105 622 2140 τόμοις
636 2105 700 2137 τοὺς
716 2104 776 2131 κατ’
791 2105 839 2131 αὺ-

52 2149 100 2176 τοῦ
124 2149 253 2185 ἐλέγχους
276 2150 554 2183 ἀποσκευασάμενος,
578 2151 627 2185 τὴν
653 2150 756 2177 οίκείαν
778 2151 839 2176 Eni.“

52 2194 142 2231 τούτῳ
157 2194 237 2226 δόξαν
259 2195 346 2230 ἀληθῆ
370 2195 572 2230 παρεστήσατο.
597 2196 676 2222 Ἔστι
695 2196 723 2222 δὲ
737 2195 839 2222 τούτων

53 2240 184 2274 ἑκάτερος
199 2239 247 2266 τοῦ
262 2249 292 2267 τε
308 2237 474 2276 συγγράφειν
488 2241 537 2267 οὐκ
552 2240 674 2276 ἀπείρως
689 2241 757 2276 ἔχων
770 2261 778 2272 ,
792 2241 840 2267 καὶ

52 2285 84 2312 τὺ
98 2285 186 2319 σαφὲς
198 2285 269 2321 μετὰ.
285 2286 332 2312 τοῦ
350 2287 476 2313 συντόνου
498 2286 546 2313 καὶ
566 2286 614 2313 τοῦ
640 2286 839 2322 καθεστηκότος

54 2331 83 2358 ἐν
98 2331 191 2366 λόγοις
205 2331 311 2358 διώκων
320 2332 341 2360 ⁷.
425 2360 427 2363 ,

412 2378 475 2405 ΡΘ¹.

54 2422 230 2457 Κλήμεντος
257 2423 483 2458 Ἀλεξανδρείας
510 2424 714 2458 πρεσϐυτέρου
723 2423 838 2456 βιϐλία.

94 2469 266 2505 ’Δνεγνώσθη
297 2470 456 2505 Κλήμεντος
488 2470 686 2504 Ἀλεξανδρέως
715 2469 837 2504 πρεσϐυ-

892 1605 973 1627 secta:
988 1604 1069 1635 caput
1092 1599 1145 1627 l'uit
1161 1609 1168 1627 :
1185 1600 1218 1627 de
1242 1607 1295 1635 qua
1321 1606 1348 1628 et
1375 1601 1472 1628 librum
1491 1601 1671 1636 conscripsit,

892 1644 970 1671 afﬁxo
992 1644 1069 1671 titulo
1085 1652 1092 1671 :
1109 1643 1244 1679 Colonymt'
1260 1653 1305 1671 seu
1337 1645 1473 1672 Themistii
1485 1646 1606 1681 apologia
1625 1655 1673 1681 pro

891 1696 982 1718 sancto
999 1690 1163 1725 Tlieophobio
1177 1690 1257 1726 (59).
1268 1690 1327 1724 Quo
1339 1692 1365 1718 in
1379 1691 1447 1719 libro
1465 1692 1551 1726 ipsum
1567 1699 1675 1727 quoque

892 1738 1021 1765 Severum
1032 1756 1040 1770 ,
1061 1737 1104 1764 cui
1144 1742 1233 1764 tamen
1253 1737 1376 1765 addictus
1402 1743 1460 1765 erat
1474 1738 1562 1773 (tanta
1578 1744 1618 1766 est
1632 1739 1674 1768 vis

891 1782 1017 1810 falsitatis
1028 1803 1036 1816 ,
1054 1782 1105 1810 tale
1116 1787 1143 1809 et
1158 1783 1292 1810 mendacii
1304 1787 1427 1811 amantes
1439 1783 1448 1819 )
1466 1785 1651 1819 perstringens
1664 1805 1673 1818 ,

891 1828 1026 1855 dictorum
1055 1835 1070 1855 a
1092 1827 1236 1855 Theodoro
1272 1828 1392 1855 rationes
1416 1829 1509 1864 exigit.
1530 1828 1671 1857 Themistii

891 1874 963 1901 enim
977 1877 1095 1908 quatuor
1112 1878 1271 1908 argumenta
1283 1873 1328 1900 illa
1338 1893 1346 1906 ,
1358 1873 1457 1908 quibus
1482 1882 1512 1902 se
1533 1876 1671 1902 inscitiam

891 1920 917 1946 in
934 1919 1043 1946 Christo
1067 1919 1197 1953 probasse
1219 1920 1413 1952 arbitrabatur,
1439 1919 1599 1948 Theodorus
1613 1921 1671 1948 sin-

890 1965 1001 2001 gulatim
1019 1965 1173 1999 expendens
1195 1971 1277 2000 atque
1301 1967 1455 2000 aestimans,
1487 1967 1590 2003 singula
1608 1975 1671 1996 sex-

890 2016 968 2038 centa
992 2010 1133 2038 continere
1157 2010 1276 2038 absurda
1304 2011 1436 2039 ostendit.
1466 2012 1536 2041 Hinc
1563 2021 1670 2042 rursum

890 2055 1056 2083 Themistius
1071 2063 1079 2081 :
1093 2060 1234 2089 acceptam
1247 2056 1329 2083 veluti
1343 2056 1447 2084 cladem
1462 2065 1602 2092 reparans,
1614 2060 1672 2087 sin-

890 2101 1011 2136 gularem
1026 2100 1125 2128 librum
1141 2101 1169 2127 in
1194 2099 1368 2129 Theodorum
1385 2104 1559 2137 conscripsit.
1581 2103 1670 2132 Theo-

890 2145 972 2172 dorus
995 2149 1090 2172 autem
1117 2145 1203 2172 tribus
1218 2145 1339 2173 vicissim
1357 2146 1452 2177 libris.
1472 2153 1500 2175 et
1518 2148 1597 2183 89a
1611 2156 1670 2183 quae

890 2191 934 2218 ille
948 2191 1173 2226 reprehenderat.
1187 2190 1305 2226 refutat,
1318 2197 1346 2220 et
1359 2200 1435 2220 suam
1457 2193 1490 2220 de
1511 2195 1561 2221 hac
1577 2202 1606 2222 re
1623 2203 1667 2222 vc-

891 2244 948 2264 ratn
983 2235 1139 2271 opinionem
1175 2237 1294 2271 exponit.
1315 2237 1433 2272 Uterque
1454 2238 1589 2266 scribendi
1615 2247 1669 2267 non

891 2281 1049 2316 imperitus,
1072 2281 1294 2316 perspicuitatem
1318 2282 1406 2310 solida
1422 2291 1483 2311 cum
1501 2285 1671 2313 vehementia

889 2329 918 2356 in
931 2328 1045 2356 dicendo
1060 2332 1182 2356 sectatus
1200 2335 1253 2357 est.

1249 2374 1314 2402 CIX.

973 2419 1115 2447 Clementis
1129 2420 1306 2448 Alexandrini
1321 2422 1468 2456 presbyteri
1482 2422 1599 2458 Scripta.

926 2465 1009 2493 Lecta
1023 2471 1086 2493 sunt
1102 2466 1252 2494 Clementis
1264 2466 1320 2502 (59)
1333 2467 1508 2496 Alexandrini
1521 2471 1670 2506 presbyteri

688 2515 804 2542 VARIA‘J
824 2512 1025 2541 LECTIONES.

88 2562 113 2578 ”
129 2562 176 2588 καὶ
188 2569 243 2589 om.

255 2568 295 2595 pr.
316 2561 348 2588 A.
401 2562 409 2577 ι
428 2561 508 2596 ἡμῶν
524 2562 585 2589 add.
606 2562 638 2588 A.

53 2597 117 2632 περί
133 2605 164 2628 ς.
201 2597 213 2612 ⁵
228 2596 344 2631 ἐχόμενα
359 2596 392 2623 Α.

430 2597 650 2628 ⁸ἐπίΛιὲνς.

689 2562 775 2594 ‘post
792 2560 905 2594 Σεϐήρῳ
927 2566 989 2586 cum
1009 2558 1033 2586 A
1057 2559 1136 2586 omisi
1154 2558 1193 2587 δέ.

687 2596 697 2611 τ
710 2595 817 2622 διώκων
828 2596 858 2621 ὲν
873 2595 962 2628 λόγοις
976 2602 1007 2625 ς.

1244 2560 1255 2575 ³
1268 2559 1408 2595 ἀγνοητῶν
1426 2560 1460 2588 Δ.
1508 2561 1520 2577 ⁸
1536 2562 1611 2597 παρά
1637 2563 1671 2590 Δ.

804 2640 919 2669 NOTAE.

86 2689 165 2730 (ἥδ),
175 2687 226 2715 Hic
239 2688 397 2722 Tarsensis,
411 2696 526 2724 sequens
539 2689 708 2725 Mopsuestia:
729 2688 835 2723 episco-

51 2725 370 2795 pufsfljlf'VI-‘heopaschitm
387 2766 401 2795 a
418 2758 519 2795 Grzecis
536 2759 671 2794 appellati.
698 2758 765 2795 Vide
786 2758 835 2786 Ni-

50 2793 195 2830 manu.
209 2800 278 2820 mu
292 2794 427 2830 Historia:
444 2793 598 2830 Ecclesia".
614 2802 674 2829 cap.
692 2794 738 2830 517.

86 2827 145 2864 (58)
160 2827 275 2863 Niceph.
290 2829 338 2856 lib.
356 2835 423 2864 xvm
451 2829 552 2856 Eccles.
570 2830 631 2856 hist.
647 2827 707 2864 cap.
722 2829 768 2861 50,
779 2836 832 2856 non

890 2692 944 2726 tur,
963 2685 1040 2720 cujus
1059 2686 1246 2726 sup;_mentio
1267 2687 1332 2726 c_od_._
1351 2687 1398 2726 25.
1418 2689 1441 2715 A
1466 2697 1519 2726 quo
1541 2691 1668 2726 Agnoetae

888 2719 1020 2762 primuni,_
1032 2725 1092 2762 post
1108 2719 1287 2762 '_l‘hemi_stiani
1306 2722 1382 2756 dicti,
1402 2728 1432 2751 ut
1446 2719 1485 2751 aii.
1503 2719 1597 2754 beatus
1619 2726 1670 2754 Da-

893 2763 978 2784 masc.
995 2755 1040 2781 lib.
1058 2755 1095 2782 De
1109 2755 1263 2784 hwresibun.

893 2826 898 2828 _
924 2790 1070 2828 (591Lege
1088 2789 1189 2828 _Ba_ron.
1205 2793 1281 2828 card.
1301 2792 1399 2820 Annal.
1419 2799 1484 2822 tom.
1502 2795 1534 2828 ll,
1556 2799 1582 2822 et
1601 2795 1668 2823 edit.

887 2824 1095 2866 ιρικςξιωωιί
1116 2824 1237 2861 ﬂcrveti,
1259 2826 1394 2863 Notusque
1428 2829 1454 2857 in
1481 2824 1669 2859 Germanicam

52 2863 219 2891 Themistius
234 2864 277 2890 hic
292 2864 343 2890 sub
354 2863 464 2891 Valente
480 2864 654 2898 philosophus
666 2863 734 2897 {sed
744 2865 833 2898 potius
886 2863 979 2890 edit."‘

53 2898 174 2928 Cononis
186 2898 232 2928 ille
249 2898 278 2927 in
293 2899 472 2934 oppugnando
484 2899 634 2934 l’bilopouo
651 2900 742 2928 socius
757 2899 830 2927 vidc-
