1938 3091
255 139 309 173 383

837 138 971 170 PHOTlI
988 134 1240 168 PATRIARCHA!
1251 134 1307 165 (ΞΡ.

1832 129 1885 163 384

255 196 306 223 tria
330 195 462 223 librorum
488 193 636 227 volumina,
665 201 780 229 quorum
801 195 882 221 unius
904 193 1046 228 inscriptio

1099 191 1177 225 τέρου
1196 188 1280 224 τεύχη
1304 187 1415 223 βιϐλίων
1439 187 1514 223 τρία,
1541 181 1580 214 ὧν
1593 185 1626 213 τὸ
1651 185 1702 221 μὲν
1727 185 1886 221 ἐπιγραφὴν

254 245 306 273 est,
323 239 517 276 Hypolyposu;
534 238 658 272 alterius,
673 238 861 270 Stromateus;
885 237 958 264 tertii
978 243 1043 263 vero

257 285 433 320 Pwdagogus.

330 330 545 366 Hypolypoceon,
559 330 611 357 sive
619 329 827 364 Dispositionum
843 328 904 355 libri
916 335 975 355 vm.

292 376 479 413 llypotyposes
503 376 612 410 quidem
648 375 871 410 disceptationem
903 375 1046 401 continent

255 421 375 448 locorum
389 421 490 456 aliquot
512 420 616 447 Veteris
637 419 758 455 Novique
780 419 959 451 Testamenti,
985 426 1045 452 qua:

255 468 336 495 ctiam
357 467 514 495 summatim
537 466 672 499 explicat,
697 471 724 493 et
749 466 960 499 interpretatur.
987 464 1044 491 Etsi

256 519 346 540 autem
362 517 436 540 recte
450 512 476 538 in
491 512 651 546 quibusdam
676 511 779 538 sentire
793 511 868 537 visus
878 515 930 543 est,
946 510 972 538 in
986 509 1046 537 aliis

256 566 350 586 rursus
364 558 445 593 impie
462 558 574 585 omnino
601 557 777 592 l‘abnloseque
801 556 920 583 disserit.
943 556 1047 583 Asserit

255 605 326 632 enim
340 605 483 631 materiam
504 609 638 631 aeternam
653 610 727 635 esse,
742 608 770 630 et
787 603 862 630 ideas
874 601 954 628 veluti
966 601 1048 629 certis

255 650 373 677 decretis
386 649 474 677 induci
489 649 574 683 ﬂngil.
590 648 685 675 Filium
706 655 812 683 quoque
830 648 855 675 in
876 647 956 675 rebus
969 654 1047 674 crea-

257 696 291 722 tis
312 699 449 722 numerat.
473 695 575 722 Adhzec
596 695 748 721 animarum
765 693 951 728 migrationes.
977 693 1048 720 mul-

257 746 351 775 tosque
366 746 429 768 ante
442 741 574 768 Adamum
588 741 703 767 mundos
718 739 871 775 prodigiose
891 739 1049 767 comminis—

257 789 339 815 citur.
356 787 439 815 Evam
453 792 596 822 praeterea,
613 795 644 814 ex
660 787 776 818 Adnmo.
791 795 844 813 non
859 791 889 813 ut
901 786 972 813 sacri
984 785 1046 813 libri

258 835 378 867 tradunt,
401 834 448 861 sed
465 833 583 861 obscene
607 837 688 867 atque
705 833 787 867 impie
807 832 908 859 educit.
932 832 1049 866 Angelos

258 888 378 915 quoque,
393 888 454 906 cum
468 879 575 907 feminis
588 879 867 914 congressosdiberos
876 879 938 906 inde
949 882 1046 905 sustu—
1060 869 1082 897 Β

257 926 321 953 lisse
336 925 464 952 somniat.
481 925 551 959 Quin
563 931 590 953 et
604 925 719 953 Verbum
735 932 844 951 carnem
861 932 913 952 non
927 931 986 951 esse
998 923 1041 951 fa-

256 976 341 1002 ctum,
357 971 404 998 sed
427 971 465 998 ita
489 971 578 998 visum
597 971 738 997 duntaxat.
761 971 817 998 Duo
833 970 865 997 ad
887 970 944 998 [nec
958 969 1046 997 Patris

256 1017 345 1044 Verba
364 1017 479 1045 ﬁnxisse
497 1017 722 1052 deprehenditur,
734 1024 848 1051 quorum
867 1016 956 1043 minus
972 1023 1045 1043 mor—

255 1064 355 1092 talibus
381 1064 417 1091 sit
433 1064 532 1092 visum.
554 1063 611 1090 lmo
633 1071 665 1090 ne
681 1064 730 1090 hoc
755 1063 881 1097 quidem;
912 1063 951 1090 sic
973 1063 1045 1089 enim

255 1110 371 1137 scribit:
386 1119 396 1136 ι
413 1109 516 1137 Dicitur
534 1109 644 1141 quidem
669 1113 696 1137 et
712 1108 800 1136 Filius
821 1108 939 1136 Verbum
961 1109 1047 1142 aequi-

257 1164 325 1184 voce
337 1164 398 1184 cum
417 1155 510 1184 Patrio
528 1155 629 1184 Verbo.
652 1155 752 1182 Verum
765 1154 824 1191 (60)
839 1162 926 1190 neque
945 1155 996 1182 hoc
1012 1154 1046 1182 il-

254 1202 300 1230 lud
319 1202 437 1229 Verbum
451 1207 506 1234 est,
523 1203 594 1236 quod
608 1209 672 1229 caro
685 1201 786 1228 factum
802 1206 854 1232 est,
870 1208 956 1235 neque
964 1201 1046 1227 etiam

255 1247 377 1275 Patrium
393 1248 459 1276 illud
473 1247 591 1275 Verbum
610 1256 616 1274 :
631 1248 677 1275 sed
695 1247 733 1274 vis
748 1247 871 1282 quaedam
882 1254 915 1274 ac
925 1250 1046 1281 potestas

255 1294 314 1326 Dei,
330 1300 459 1329 tauquam
473 1302 488 1322 a
501 1293 591 1321 Verbo
606 1294 664 1329 ipso
675 1293 823 1328 proﬂuens,
839 1300 915 1320 mens
938 1291 1045 1325 eﬂ'ecla,

256 1340 397 1367 hominum
418 1340 524 1367 animos
548 1340 675 1373 pervasit.
700 1347 709 1364 ›
732 1338 797 1372 Quae
823 1338 930 1373 quidem
955 1339 1046 1365 omnia

255 1393 340 1413 sacrae
350 1385 499 1421 Scripturae
509 1385 672 1413 testimoniis
683 1385 786 1419 aliquot
799 1390 923 1412 astruere
934 1384 1043 1411 nititur.

255 1431 416 1467 Quanquam
432 1435 460 1459 et
474 1431 526 1459 alia
539 1431 566 1458 id
580 1438 665 1467 genus
675 1435 803 1458 sexcenta
813 1430 967 1463 blasphema
981 1436 1046 1457 voce

257 1483 383 1514 nugatur,
399 1485 447 1505 seu
464 1478 532 1514 ipse,
553 1478 609 1506 sive
624 1477 685 1512 quis
703 1477 773 1504 alius
788 1476 857 1512 (61),
873 1476 932 1511 cjns
952 1483 1046 1511 perso-

257 1531 318 1552 nam
336 1524 554 1559 indutus;plane
566 1529 595 1551 ut
608 1529 671 1551 octo
685 1523 758 1558 ipsos
773 1523 856 1550 libros
871 1522 946 1550 hisce
971 1521 1044 1549 blas-
1057 1515 1079 1566 ς

255 1570 427 1606 pbemiarum
450 1570 593 1605 portentis,
614 1570 648 1597 de
673 1568 770 1597 iisdem
795 1567 940 1596 identidem
962 1567 1047 1594 disse-

257 1617 353 1649 rendo,
381 1623 414 1644 ac
431 1616 548 1651 sparsim
574 1621 656 1651 atque
683 1615 806 1648 confuse,
832 1613 915 1641 veluti
936 1617 1048 1648 stupore

256 1662 398 1698 perculsus
413 1662 571 1698 Scripturas
596 1661 780 1697 producendo,
807 1659 961 1695 repleverit.
976 1659 1047 1687 Uni-

256 1707 328 1734 versi
344 1711 433 1734 autem
449 1706 540 1742 operis
553 1713 653 1740 scopus
673 1705 759 1733 fuisse
774 1705 882 1732 videtur
897 1703 1046 1736 Geneseos,

257 1753 353 1786 Exodi,
376 1752 556 1786 Psalmorum,
574 1751 756 1787 Epistolarum
768 1751 838 1778 beati
857 1750 943 1784 Pauli,
959 1755 985 1778 et
999 1758 1048 1778 ca-

258 1801 435 1833 tholicarum,
451 1808 485 1827 ac
503 1800 622 1835 denique
642 1799 828 1828 Ecclesiastiei
843 1799 1045 1835 interpretatio.

259 1844 315 1872 Hoc
330 1846 439 1873 interim
455 1846 557 1873 fatetur
581 1846 639 1881 ipse
653 1845 816 1881 discipulum
831 1852 862 1873 se
881 1844 966 1874 fuisse
975 1845 1047 1874 Pan-

258 1893 331 1919 tami.
349 1891 402 1919 Sed
419 1891 453 1918 de
468 1891 680 1928 Ilypolyporibus
696 1893 840 1920 hactenus.

627 1937 686 1966 CX.

435 1985 561 2020 Ejusdem
583 1984 726 2019 Pwdagogi
748 1984 810 2011 libri
827 1992 869 2013 nl.

295 2031 355 2060 Jam
375 2030 542 2066 Pmdagogus
564 2031 652 2058 tribus
680 2031 757 2058 libris
775 2031 848 2066 89b
866 2032 1046 2066 conscriptus,

257 2079 341 2106 vitam
354 2086 499 2114 moresque
509 2078 652 2112 informat;
667 2079 766 2112 quibus
775 2083 802 2105 et
810 2079 892 2105 alium
902 2079 1046 2114 quemdam

257 2125 413 2160 prtemittit,
442 2123 618 2159 adiungitque
643 2123 806 2158 singularem
842 2124 961 2155 librum,
993 2132 1047 2159 quo

259 2170 378 2205 gentium
392 2169 490 2198 refellit
502 2170 667 2203 impietatem
684 2168 831 2205 (62).Nihil
845 2175 935 2196 autem
956 2170 1046 2198 simile

259 2214 359 2241 habent
381 2213 407 2241 hi
436 2221 532 2241 omnes
552 2220 613 2241 cum
634 2212 866 2248 Hypotyporibus,
893 2213 1001 2248 quando
1018 2219 1046 2241 et

259 2259 366 2287 stolidis
379 2259 432 2287 illis
445 2267 477 2287 ac
489 2259 656 2294 blasphemis
674 2259 849 2294 opinionibus
863 2259 975 2287 omnino
996 2267 1045 2286 va-

259 2311 333 2338 cant,
349 2310 378 2333 et
390 2305 476 2333 dictio
491 2306 547 2340 ipsa
562 2305 589 2332 in
613 2306 656 2333 his
676 2305 798 2332 ﬂoridior
813 2306 846 2332 ad
867 2310 1045 2340 temperatam

259 2351 404 2386 quamdam
417 2351 575 2386 gravitatem
590 2358 642 2378 non
660 2350 719 2378 sine
735 2350 904 2384 jncunditate
918 2352 1046 2386 assurgit,

259 2403 287 2426 et
301 2398 374 2426 varia
391 2398 447 2431 illa,
471 2406 531 2434 quae
552 2398 579 2426 in
592 2398 626 2426 iis
642 2402 695 2431 est,
714 2405 805 2424 rerum
831 2397 962 2432 cognitio,
980 2397 1047 2425 nihil

1093 237 1190 273 ἔλαχεν
1213 233 1447 267 ’Υποτυπώσεις,
1471 233 1502 260 τὸ
1524 233 1552 260 δὲ
1576 232 1781 268 Στρωματεὺς,
1807 232 1840 258 τὸ
1861 231 1887 257 δὲ

1094 283 1283 318 Παιδαγωγός
1299 282 1319 309 ¹.

1268 328 1502 356 Ὑποτυπώσεωγ
1527 327 1612 362 τόμοι
1631 325 1717 352 ὀκτώ.

1133 377 1166 404 Αἱ
1181 376 1229 412 μὲν
1245 373 1292 403 οὖν
1304 373 1522 406 Ὑποτυπὼσεις
1532 371 1747 407 διαλαμϐάνουσι
1755 370 1822 406 περὶ
1839 371 1888 405 ρη-

1095 423 1149 450 τῶν
1165 431 1246 449 τινων
1255 421 1307 457 τῆς
1321 430 1351 448 τε
1364 420 1486 452 Παλαιᾶς
1500 420 1547 446 καὶ
1562 419 1635 450 Νέας
1646 418 1771 454 Γραφῆς.
1789 414 1827 444 ὧν
1840 417 1888 443 καὶ

1096 468 1291 504 κεφαλαιωδῶς
1312 468 1351 500 ὡς
1372 467 1454 503 δῆθεν
1470 465 1601 501 ἐξήγησιν
1617 473 1647 491 τε
1668 465 1716 492 καὶ
1736 463 1888 503 ἑρμηνείαν

1098 515 1226 541 ποιεῖται.
1244 513 1300 540 Καὶ
1315 514 1344 540 ὲν
1360 513 1417 539 τισὶ
1433 513 1483 548 μὲν
1495 511 1584 538 αὐτῶν
1596 509 1684 547 ὀρθῶς
1695 510 1770 536 δοκεῖ
1784 509 1888 543 λέγειν,

1097 563 1126 589 ἔν
1141 562 1196 588 τισὶ
1207 561 1236 588 δὲ
1248 559 1389 592 παντελῶς
1401 560 1441 592 εἰς
1455 559 1563 589 ἀσεϐεῖς
1576 558 1623 585 καὶ
1639 556 1774 593 μυθώδεις
1789 556 1888 590 λόγους

1098 607 1256 643 ἐκφέρεται.
1266 606 1354 642 ’Ύλην
1368 614 1398 632 τε
1419 605 1475 641 γὰρ
1489 605 1604 640 ἄχρονον
1626 603 1674 630 καὶ
1690 602 1764 633 ἰδέας
1777 602 1815 633 ὡς
1831 601 1888 628 ἀπό

1097 662 1179 680 τινων
1195 652 1285 689 ῥητῶν
1299 651 1481 687 εἰσαγομένας
1499 650 1617 683 δοξάζει,
1642 649 1689 676 καὶ
1703 648 1749 675 τὸν
1766 648 1832 674 Υῑδν
1848 648 1889 679 εἰς

1098 698 1201 734 κτίσμα
1214 697 1341 732 κατάγει.
1359 697 1420 724 Ἔτι
1434 696 1463 724 δὲ
1484 694 1695 732 μετεμψυχώσει
1710 693 1757 721 καὶ
1771 693 1889 726 πολλοὺς

1099 745 1153 779 πρὸ
1173 744 1219 771 τοῦ
1249 743 1335 778 Ἀδὰμ
1364 743 1483 778 κόσμους
1498 741 1695 778 τερατεύεται·
1719 740 1766 767 καὶ
1785 740 1817 767 ὲκ
1840 739 1890 766 τοῦ

1105 791 1192 826 Ἀδὰμ
1214 790 1265 827 τὴν
1287 790 1377 821 Εὕαν.
1400 789 1451 825 οὐχ
1467 788 1507 821 ὠς
1526 790 1540 816 ὁ
1559 787 1787 823 ἐκκλησιαστικδς
1807 786 1890 821 λόγος

1101 837 1233 874 βούλεται,
1258 836 1317 864 ἀλλ’
1331 835 1452 872 αἰσχρῶς
1471 843 1501 861 τε
1517 834 1564 861 καὶ
1578 834 1666 865 ἀθέως
1687 831 1871 867 ἀποφαίνεται
1882 839 1890 847 ·

1098 883 1243 920 μίγνυσθαι
1257 891 1287 909 τε
1298 884 1361 915 τοὺς
1378 881 1511 916 ἀγγέλους
1525 880 1633 914 γυναιξὶ
1650 880 1698 906 καὶ
1718 879 1892 906 παιδοποιεῖν

1096 929 1126 962 ἐξ
1137 929 1226 956 αὐτῶν
1241 927 1418 965 ὀνειροπολεῖ,
1436 927 1530 963 καὶμὴ
1544 925 1772 962 σαρκωθῆναιτὸν
1786 924 1886 958 Λόγον,

1096 975 1165 1002 ἀλλὰ
1179 974 1263 1008 δόξαι.
1282 975 1386 1009 Λόγους
1403 983 1432 1001 τε
1452 973 1500 1001 τοῦ
1516 973 1625 1009 Πατρδς
1641 972 1688 999 δύο
1699 971 1891 1007 τερατολογῶν

1097 1021 1289 1056 ἁπελέγχεται.
1305 1017 1344 1047 ὧν
1365 1020 1411 1047 τδν
1431 1020 1532 1055 ἥττονα
1550 1020 1607 1051 τοῖς
1621 1019 1632 1036 ⁹
1654 1017 1809 1052 ἀνθρώποις
1830 1018 1892 1043 ἐπι-

1097 1067 1224 1101 φανῆναι,
1240 1065 1376 1101 μᾶλλονδὲ
1391 1065 1451 1091 οὐδὲ
1467 1064 1580 1091 ἐκεῖνον·
1595 1063 1662 1100 φησὶ
1672 1064 1736 1098 γὰρ·
1747 1072 1756 1088 ‹
1769 1062 1892 1095 Λέγεται

1099 1112 1149 1148 μὲν
1165 1113 1212 1138 καὶ
1232 1111 1246 1138 ὀ
1265 1111 1329 1142 Υἱὸς
1345 1111 1441 1145 Λόγος,
1457 1109 1615 1145 ὁμωνύμως
1636 1109 1675 1144 τῷ
1692 1107 1822 1144 Πατρικῷ
1835 1107 1891 1134 Λό-

1097 1166 1148 1192 γῳ,
1162 1157 1219 1184 ἀλλ’
1238 1156 1288 1191 οὐχ
1299 1156 1322 1172 ¹θ
1339 1151 1417 1187 οὗτός
1433 1155 1508 1182 ἐστιν
1522 1155 1536 1181 ό
1554 1153 1623 1190 σὰρξ
1643 1154 1807 1188 γενόμενος’
1825 1153 1892 1180 οὐδε

1098 1203 1152 1239 μὴν
1165 1204 1179 1230 ό
1194 1202 1325 1238 Πατρῷος
1346 1202 1449 1236 Λόγος,
1474 1201 1543 1228 ἀλλὰ
1556 1200 1670 1236 δύναμίς
1689 1209 1730 1231 τις
1746 1199 1793 1226 τοῦ
1808 1199 1891 1231 Θεοῦ,

1096 1247 1152 1277 οἷον
1170 1249 1307 1284 ἀπόρῤοια
1324 1247 1372 1275 τοῦ
1389 1247 1477 1282 Λόγου
1493 1247 1587 1280 αὐτοῦ,
1605 1246 1667 1278 νοῦς
1679 1246 1825 1281 γενόμενος
1839 1245 1891 1278 τὰς

1096 1296 1151 1322 τῶν
1182 1294 1335 1330 ἀνθρώπων
1351 1294 1465 1330 καρδίας
1478 1293 1684 1329 διαπεφοίτηκε.
1705 1302 1714 1319 ι
1729 1292 1783 1319 Καὶ
1799 1292 1890 1319 ταῦτα

1097 1342 1189 1369 πάντα
1204 1341 1334 1377 πειρᾶται
1349 1340 1370 1356 ¹¹
1384 1339 1439 1367 ἀπὸ
1457 1339 1549 1375 ῥητῶν
1568 1347 1650 1366 τινων
1669 1337 1892 1370 κατασκευάζειν

1096 1387 1147 1422 τῆς
1163 1386 1284 1422 Γραφῆς.
1299 1385 1356 1413 Καὶ
1369 1385 1437 1413 ἄλλα
1447 1385 1476 1412 δὲ
1489 1384 1576 1421 μυρία
1584 1384 1701 1420 φλυαρεῖ
1710 1385 1757 1411 καὶ
1765 1384 1893 1419 βλασφη-

1098 1434 1187 1469 μεῖ¹²,
1204 1433 1258 1460 εἴτε
1280 1432 1372 1465 αὐτὸς,
1391 1433 1445 1459 εἴτε
1466 1441 1508 1463 τις
1532 1431 1627 1467 ἕτερος
1645 1431 1676 1458 τὸ
1697 1431 1779 1458 αὐτοῦ
1802 1439 1892 1466 προσ-

1096 1489 1171 1508 ωπον
1183 1479 1352 1516 ὑποκριθείς.
1361 1478 1545 1514 Ἐποιήθησαν
1555 1478 1582 1505 δὲ
1596 1477 1671 1513 αὐτῷ
1686 1477 1714 1504 αἱ
1731 1476 1891 1512 βλάσφημοι

1097 1525 1179 1555 αὗται
1203 1525 1391 1562 τερατολογεαι
1416 1527 1445 1552 ἐν
1469 1525 1565 1559 τόμοις
1586 1523 1670 1552 ὀκτώ.
1690 1523 1772 1559 Λέγει
1789 1523 1819 1550 δὲ
1842 1524 1893 1550 καὶ

1099 1573 1163 1610 περὶ
1174 1573 1228 1600 τῶν
1239 1571 1329 1599 αὐτῶν
1344 1571 1486 1603 πολλάκις,
1507 1571 1555 1598 καὶ
1568 1570 1707 1606 σποράδην
1726 1569 1774 1597 καὶ
1793 1578 1894 1604 συγκε-

1098 1619 1225 1655 χυμένως
1252 1617 1317 1654 [288
1336 1616 1385 1654 Κ]
1409 1618 1505 1653 ὥσπερ
1528 1616 1685 1652 ἔμπληκτος
1713 1616 1835 1651 παράγει
1858 1616 1894 1643 τὰ

1099 1665 1180 1701 ῥητά.
1208 1665 1237 1691 Ὁ
1248 1664 1276 1690 δὲ
1291 1664 1351 1696 ὃλος
1367 1663 1468 1695 σκοπὸς
1485 1663 1588 1690 ὡσανεὶ
1619 1663 1764 1698 ἑρμηνεῖαι
1788 1662 1895 1698 τυγχά-

1099 1719 1175 1737 νουσι
1187 1710 1236 1745 τῆς
1250 1710 1396 1740 Γενέσεως,
1417 1708 1467 1744 τῆς
1489 1708 1606 1741 Ἐξόδου,
1618 1707 1673 1734 τῶν
1688 1707 1824 1742 Ψαλμῶν,
1841 1708 1893 1734 τοῦ

1098 1756 1172 1784 Beloe
1180 1757 1202 1773 ¹⁸
1218 1756 1326 1783 Παύλου
1336 1755 1391 1783 τῶν
1409 1754 1586 1787 Ἐπιστολῶν,
1598 1754 1707 1781 καὶτῶν
1716 1753 1892 1784 Καθολικῶν,

1098 1803 1205 1832 καὶτοῦ
1226 1802 1441 1839 Ἐκκλησιαποῦ
1457 1801 1490 1830 ¹δ.
1510 1801 1642 1836 Μαθητὴς
1666 1801 1706 1833 δὲ,
1722 1801 1760 1833 ὡς
1780 1801 1828 1828 καὶ
1847 1802 1894 1828 αὖ-

1097 1849 1143 1881 τός
1167 1858 1244 1885 φησι,
1269 1849 1364 1883 γέγονε
1383 1848 1545 1875 Πανταίνου.
1566 1847 1649 1875 Ἀλλὰ
1671 1846 1760 1874 ταῦτα
1788 1847 1840 1882 μὲν
1863 1847 1893 1874 αι

1104 1894 1341 1928 Ὑποτυπώσεις.

1453 1939 1510 1967 Pl'.

1181 1986 1237 2016 Τοῦ
1256 1986 1349 2025 αὐτοῦ
1362 1987 1378 2013 ὁ
1398 1986 1591 2022 Παιδαγωγὸς
1613 1986 1649 2013 ἑν
1666 1985 1769 2022 τόμοις
1782 1984 1820 2020 γ’.

1139 2033 1169 2061 '0
1197 2033 1226 2060 δὲ
1241 2032 1431 2068 Παιδαγωγός
1445 2033 1474 2058 ὲν
1499 2032 1574 2068 τρισὶ
1598 2032 1692 2068 τόμοις
1712 2031 1786 2058 ἐστὶν
1814 2031 1891 2066 αὐτῷ

1097 2078 1352 2114 διαπεπονημένος,
1393 2077 1474 2113 ἤθους
1504 2076 1552 2104 καὶ
1581 2077 1640 2112 βίου
1675 2075 1889 2112 κατορθωτικός.

1100 2124 1176 2160 Ἔχει
1190 2124 1218 2151 δὲ
1233 2124 1337 2150 τούτων
1351 2124 1398 2150 καὶ
1414 2122 1621 2159 προηγούμενον
1640 2123 1688 2149 καὶ
1707 2123 1889 2157 συνταττόμει

1098 2177 1142 2196 νον
1172 2169 1250 2203 λόγον
1269 2168 1372 2204 ἕτερον,
1409 2169 1437 2194 ὲν
1514 2167 1563 2203 τὴν
1596 2167 1730 2203 Ἑλλήνων
1756 2167 1892 2202 διελέγχει

1097 2214 1241 2250 ἀθεότητα.
1258 2213 1340 2240 Οὐδὲν
1353 2213 1380 2239 δὲ
1400 2214 1492 2248 ὅμοιον
1503 2212 1595 2248 ἔχουσι
1610 2212 1679 2248 πρὸς
1696 2212 1748 2244 τὰς
1764 2212 1893 2239 Ὑποτυ-

1095 2259 1207 2292 πὼσεις
1227 2257 1301 2285 οὗτοι
1330 2259 1356 2285 oi
1373 2258 1467 2293 λόγον
1496 2259 1551 2285 τῶν
1568 2267 1598 2285 τε
1620 2258 1674 2293 γὰρ
1696 2258 1822 2293 ματαίων
1846 2259 1893 2284 καὶ

1096 2305 1265 2341 βλασφημῶν
1277 2304 1485 2340 ἀπηλλαγμένοι
1499 2304 1583 2336 δοξῶν
1601 2303 1799 2339 καθεστήκασι,
1810 2303 1860 2330 καὶ
1876 2305 1892 2338 ἡ

1097 2351 1197 2387 φράσις
1211 2350 1317 2386 ἀνθηρᾶ
1331 2351 1378 2377 καὶ
1396 2350 1460 2387 1⁷155
1474 2349 1522 2386 Η.]
1537 2350 1577 2382 εις
1594 2349 1677 2385 όγκον
1690 2350 1800 2385 ἠρμένη
1817 2349 1892 2385 σύμ-

1098 2405 1196 2433 μετρον
1209 2396 1279 2432 μετὰ
1297 2395 1344 2423 τοῦ
1368 2396 1456 2431 ἡδέος,
1485 2397 1533 2423 καὶ
1553 2396 1572 2432 ἡ
1593 2396 1766 2432 πολυμάθεια
1780 2396 1891 2432 ἐμπρέ-

900 2484 1016 2512 νΑιυΕ
1036 2483 1237 2512 LECTIONES.

296 2560 307 2577 ⁸
319 2560 457 2588 seems.
474 2559 498 2586 Α
532 2559 626 2596 [τοῖς]
641 2557 733 2596 αὐτοῖς
750 2557 782 2585 Α.
802 2594 807 2596 ἒ
823 2557 846 2596 1°
861 2557 922 2593 οὐχ]
939 2557 970 2584 οὑ
984 2556 1033 2596 νῆν
1045 2558 1098 2596 A.__
1117 2557 1139 2596 ξι
1153 2556 1283 2596 πειρᾶται
1299 2559 1361 2596 post
1374 2554 1456 2583 τινῶν
1473 2556 1551 2591 ponit
1565 2564 1597 2588 ς.
1636 2555 1658 2572 ¹¹
1675 2554 1837 2592 βλασφημεῖ
1846 2557 1893 2583 καὶ

260 2596 377 2632 φλυαρεῖ
391 2604 423 2628 ς.
469 2595 491 2612 ¹³
505 2594 552 2622 τοῦ
569 2592 643 2620 Θεὶου
658 2607 693 2613 —-
707 2593 855 2620 ἐπιστολῶν
868 2592 924 2620 om.
945 2601 987 2628 pr.
1001 2592 1034 2620 A.

1081 2592 1104 2609 “
1119 2592 1348 2627 ἐκκλησιαστικοΰ
1365 2599 1397 2623 ς.

1013 2663 1132 2692 NOTAE.

297 2723 363 2786 ἢν
370 2723 485 2786 [Sig-003%
494 2722 636 2786 Ιέἕὲρὲξέ,
643 2730 677 2751 eo
686 2722 757 2758 quod
771 2721 814 2749 hic
831 2721 1021 2757 pnecesserint
1036 2731 1045 2749 :

263 2758 363 2798 μᾶλλον
379 2758 409 2786 δὲ
422 2758 483 2786 οὐδὲ
499 2759 614 2786 ἐκεῖνον.

299 2795 354 2831 (61)
369 2794 446 2828 Quod
462 2802 525 2831 vero
537 2793 653 2831 similius
667 2793 792 2831 videatur
812 2799 820 2819 :
843 2792 958 2831 hrianos
971 2792 1042 2831 enim

261 2827 458 2868 plerosqlie_(ut
475 2829 594 2868 haeretici
606 2829 705 2868 solent)
724 2828 874 2868 Elemen’tis
888 2828 988 2868 scripta
1000 2827 1047 2868 Iin-

263 2862 389 2902 quinasse
403 2862 481 2895 decet
494 2864 616 2894 Bullinus
628 2864 758 2901 Apologia
769 2870 818 2898 pro
828 2862 954 2898 Origene.
966 2862 1043 2905 {\dde

1100 2727 1128 2763 ει
1151 2721 1259 2784 reliqua}
1271 2721 1330 2758 ejus
1345 2722 1449 2758 scripta
1460 2728 1535 2750 sanae
1553 2725 1614 2748 esse
1633 2718 1766 2747 doctrinm
1791 2726 1827 2746 ac
1845 2726 1893 2754 pu-

1101 2765 1181 2784 I’IOI‘IS
1198 2763 1239 2784 ειν
1254 2766 1272 2784 Ι.

1100 2763 1357 2856 ἵὲἓὲὲὲἒξὶϊὴοάἰο
1370 2794 1479 2822 nomine
1497 2791 1656 2827 Prolreplici
1670 2790 1705 2818 ad
1721 2793 1825 2825 gentes,
1843 2797 1891 2817 no-

1112 2837 1118 2856 1
1139 2837 1152 2856 Γ
1256 2847 1264 2856 ι

1112 2836 1152 2856 1οΓ
1163 2836 1264 2857 emat.
