1938 3091
258 131 310 165 387

259 191 331 216 mina
345 188 408 216 duo.
434 186 535 215 llorum
550 188 629 216 alteri
645 188 690 217 llic
714 193 757 216 est
778 188 872 216 titulus
887 199 894 217 :
910 188 1047 216 ϐοηιιίιιι-
1059 191 1083 219 Α

260 237 345 262 tiones
360 235 538 267 apostolorum
559 244 606 270 per
625 235 785 263 Clementem
801 235 857 271 (70)
874 236 1048 270 continetque

259 281 403 316 synodicos
433 289 553 309 canones
581 281 642 308 illos
669 282 714 315 qui
744 282 929 316 apostolorum
965 281 1047 309 οωιυί

259 327 441 354 ascribuntur.
450 327 573 354 Alterum
592 333 682 354 autem
694 327 952 362 volumeniepistolze
961 327 1048 355 forma

257 373 360 400 Iacobo
387 373 465 400 fratri
482 372 589 400 Domini
610 374 760 402 dedicatur.
792 374 878 402 llabet
893 374 945 402 hoc
969 374 1047 408 Acta,

257 428 317 455 quae
332 420 469 453 dicuntur,
487 419 562 446 Petri
578 420 701 454 apostoli,
717 425 740 446 et
765 428 824 446 cum
847 420 956 447 Simone
969 419 1048 455 Mago

257 467 456 494 dissertationes
480 475 488 493 :
519 466 734 501 Recognitionem
760 467 853 494 adiutae
892 465 1045 497 Clementis.

257 512 365 547 ejusque
377 512 506 546 parentis,
518 518 573 538 tum
591 511 707 539 aliorum
720 513 846 546 fratrum.
866 511 1046 545 Quamobrem

260 560 342 586 etiam
359 559 385 585 in
401 558 564 592 quibusdam
576 558 715 585 codicibus
729 558 786 585 haec
799 559 823 585 ei
839 558 980 592 inscriptio
995 558 1047 585 tri-

258 604 348 631 buitur
363 612 370 630 :
386 603 527 630 Clementis
546 603 657 630 Romani
684 603 848 638 Recognitio,
874 604 900 631 in
917 603 978 630 aliis
1004 608 1047 630 ta-

258 656 333 680 men,
346 648 383 674 uti
401 648 531 680 diximus,
559 648 673 683 epistola
697 648 847 683 pradigitur
867 653 996 683 tanquam
1013 648 1046 675 ad

258 694 372 721 fratrem
389 694 494 721 Domini
511 694 661 727 Iacobum;
696 699 723 722 et
747 694 804 721 haec
828 701 917 729 neque
940 694 1045 726 eadem,

258 748 347 775 neque
360 745 389 766 ut
404 741 437 767 ab
450 742 544 767 eodem
561 740 692 774 profecta,
702 740 749 768 sed
762 741 787 767 in
800 740 877 768 libris
895 741 1045 772 nonnullis,

258 787 340 813 veluti
358 794 373 812 a
387 785 468 813 Petro
493 786 615 820 apostolo
627 786 661 813 ad
674 785 805 813 Iacobum
829 787 924 819 missa,
941 787 968 814 in
985 786 1047 814 aliis

258 839 354 859 rursus
366 836 494 865 tauquam
513 838 527 857 a
540 831 680 858 Clemente
694 832 727 858 ad
742 830 883 864 Iacobum,
896 830 949 858 alia
965 835 1046 866 atque

258 878 311 905 alia
329 882 359 904 ut
372 878 452 904 modo
469 878 596 904 diximus.
615 876 717 904 Harum
732 877 807 912 prior
817 877 935 904 ostendit
946 877 1048 912 ipsum-

258 929 314 951 met
322 924 432 951 Petrum
450 930 517 950 resa
530 929 559 950 se
569 927 659 958 gestas
674 923 880 958 conscripsisse,
903 926 930 950 et
948 922 1049 950 Iacobo

258 978 307 999 eas
317 970 467 1005 postulanti
486 970 593 997 misisse
610 978 618 997 :
636 969 720 996 altera
735 977 800 997 vero
824 968 907 997 refert
924 968 1049 996 Clemen-

258 1022 312 1045 tem
325 1015 400 1044 Petri
416 1016 493 1051 jussu
509 1016 618 1044 easdem
632 1024 677 1044 res
694 1022 784 1052 gestas
804 1017 904 1044 litteris
915 1017 1048 1052 proditas,

256 1056 398 1099 postquam
415 1062 522 1097 illejam
540 1063 574 1090 ad
596 1062 778 1090 immortalem
789 1063 996 1098 commigrasset
1008 1063 1049 1090 vi-

257 1114 311 1136 tam
329 1108 432 1136 Iacobo
456 1108 651 1135 transmisisse.
681 1107 722 1134 Ex
746 1114 800 1141 quo
817 1107 975 1142 conjectura
1002 1115 1049 1135 ca-

1063 861 1083 889 B

257 1156 329 1190 pitur
343 1155 384 1182 bis
405 1155 489 1182 fuisse
509 1162 552 1182 res
574 1159 666 1190 gestas
680 1153 768 1180 sancti
783 1152 855 1181 Petri
868 1153 955 1181 editas
979 1154 1047 1189 (71),

256 1210 289 1229 ac
323 1209 385 1228 cum
414 1200 545 1235 temporis
581 1200 777 1235 longinquitate
804 1199 931 1234 periisset
951 1199 1047 1232 altera,

256 1245 329 1278 illam
342 1245 489 1272 Clementis
510 1244 616 1271 tandem
633 1243 718 1270 solam
732 1243 904 1278 perdurasse.
934 1243 962 1270 In
989 1250 1049 1270 om-

257 1292 336 1319 nibus
351 1289 423 1317 enim
441 1288 530 1322 libris,
550 1295 617 1322 quos
632 1289 742 1323 quidem
753 1288 845 1315 videre
869 1288 934 1315 mihi
958 1289 1048 1316 conti-

257 1338 296 1372 git
315 1336 382 1371 (nou
401 1342 502 1369 paucos
519 1333 580 1360 illos
596 1333 681 1368 certe)
704 1338 766 1368 post
780 1333 902 1361 diversas
925 1333 984 1362 illas
994 1334 1048 1369 epi-

256 1381 343 1408 stolas
360 1384 441 1414 atque
462 1377 666 1412 inscriptiones,
694 1378 764 1404 idem
791 1378 902 1404 omuiuo
925 1379 985 1405 sine
998 1386 1047 1405 va-

256 1428 374 1455 riatione
388 1427 440 1453 hoc
463 1424 555 1459 operis
571 1423 678 1451 initium
705 1424 815 1458 reperi:
836 1423 891 1459 Ego
916 1423 1046 1456 Clemens,

256 1476 284 1500 et
297 1477 358 1506 quae
371 1470 468 1498 ordine
482 1469 612 1503 deinceps
623 1473 789 1501 sequuntur.
806 1467 946 1496 Refertum
956 1474 1045 1496 autem

836 134 971 165 ΡΗΟΤῙΙ
985 132 1236 164 PATRIARCHJE
1255 135 1309 166 (ΖΡ.

1838 135 1898 168 388

1096 189 1179 225 τεύχη
1191 189 1302 225 βιϐλίων
1311 189 1369 223 δύο,
1382 186 1420 217 ὧν
1431 189 1462 217 τὺ
1477 190 1526 226 μὲν
1540 189 1735 225 ἐπιγράφεται,
1748 190 1897 225 Auzea-rd!

1101 236 1161 264 τῶν
1177 236 1359 263 ἀποστόλων
1377 236 1427 264 διὰ
1443 236 1627 270 Κλήμεντος,
1642 236 1672 262 ἐν
1690 232 1713 270 ᾧ
1728 236 1776 263 καί
1788 237 1815 263 οι
1837 236 1899 263 τῶν

1101 282 1248 308 συνοδικῶν
1273 282 1395 308 κανόνων
1415 282 1455 317 τῷ
1478 281 1642 317 ἀθροίσματι
1655 281 1712 309 τῶν
1731 281 1897 309 ἀποστόλων

1099 328 1212 360 κανόνες
1245 328 1461 364 ἐπιγραιρόμενοι
1490 328 1682 363 περιέχονται·
1714 327 1745 355 τι
1773 328 1804 355 δέ
1840 329 1896 364 τὴν

1099 374 1293 410 προσφώνησιν
1314 374 1352 406 ὡς
1375 375 1404 401 ἐν
1425 374 1569 409 ἐπιστολῆς
1588 375 1653 401 εῐδει
1672 374 1740 411 πρὸς
1760 374 1896 402 Ἰάκωϐον

1097 420 1143 446 τὸν
1163 419 1324 454 άδελφόθεον
1344 421 1472 452 ποιεῖται,
1497 420 1526 446 ἐν
1547 416 1569 453 ᾦ
1587 419 1617 446 αἴ
1634 428 1664 446 τε
1681 419 1828 454 λεγόμεναι
1843 419 1895 446 τοῦ

1097 467 1271 494 ἀποστόλου
1278 467 1390 501 Πέτρου
1399 466 1526 501 Πράεεις
1533 467 1580 494 καὶ
1590 467 1619 493 at
1627 466 1705 501 Πρὸς
1712 467 1830 501 Σίμων-α
1838 467 1896 493 ’τε-ν

1098 512 1202 546 Μάγον
1209 512 1369 544 διαλέξεις.
1381 512 1428 539 καὶ
1438 511 1501 538 ἐτιὸ
1509 512 1748 546 Ἀναγνωρισμὸς
1753 511 1894 546 Κλήμεν-

1099 566 1149 591 τος
1165 558 1215 585 καὶ
1229 558 1283 585 τοῦ
1300 558 1414 591 πατρὸς
1432 558 1480 585 καὶ
1494 557 1554 585 τῶν
1565 558 1670 584 ἄλλων
1685 556 1836 592 ἀδελφῶν,
1850 557 1893 584 διὸ

1098 604 1145 630 καὶ
1158 603 1187 631 ἐν
1200 612 1253 630 τισι
1268 604 1323 631 τῶν
1340 603 1475 639 βιϐλίωνή
1491 604 1643 639 ἐπιγραφὴ,
1655 602 1828 638 Κλήμεντος
1835 603 1892 629 τοῦ

1103 649 1247 683 Ῥωμαίου
1255 648 1480 683 ἀνατνωρισμὸς
1493 648 1686 684 ἐπιγράφεται.
1696 649 1725 675 ἐν
1741 648 1798 674 τισὶ
1805 648 1844 679 δὲ,
1851 647 1893 679 ὡς

1097 695 1213 731 ἔφημεν,
1231 695 1361 730 ἐπιστολὴ
1376 696 1556 731 προτάττεται
1572 695 1611 726 ὡς
1624 694 1693 730 πρὸς
1714 694 1761 721 τὸν
1775 693 1891 729 ἀδελφό-

1097 742 1159 768 θεον
1182 742 1321 774 Ἰάκωϐον,
1337 741 1385 768 καὶ
1398 741 1469 776 αὕτη
1483 741 1512 768 δέ
1522 741 1572 776 οὺχ
1587 742 1604 776 ἡ
1616 741 1696 776 αὑτὴ,
1708 740 1770 767 οὐδὲ
1785 740 1824 772 ὡς
1835 740 1892 766 ἀπὸ

1096 788 1144 815 τοῦ
1162 788 1245 815 αὑτοῦ
1266 787 1412 824 προσώπου
1434 787 1668 823 προενηνεγμένη,
1686 786 1743 813 ἀλλ’
1763 786 1810 812 ἐπὶ
1837 786 1891 820 μέν

1097 843 1177 861 τινων
1202 833 1312 869 βιϐλίων
1335 833 1373 865 ὡς
1397 833 1452 860 ἀπὸ
1472 833 1575 869 Πέτρου
1591 831 1638 859 τοῦ
1653 832 1801 860 ἀποστόλου
1819 832 1891 867 πρὸς

1106 879 1232 907 Ἰάκωϐον
1261 879 1465 915 ἐπεσταλμένη,
1498 879 1542 914 ἐφ’
1569 879 1670 914 ἐτέρων
1698 878 1727 905 δέ
1755 878 1793 910 ὥς
1832 879 1891 905 ἀπὸ

1100 925 1257 960 Κλήμεντος
1274 924 1342 960 πρὸς
1363 924 1500 957 Ἰάκωϐον,
1514 923 1578 960 [156
1591 923 1647 960 HJ]
1661 923 1730 960 άλλη
1744 923 1792 950 καὶ
1806 923 1889 958 ἄλλη,

1099 970 1192 1002 καθὼς
1208 971 1385 1006 προείπομεν.
1398 970 1454 997 Καὶ
1467 971 1485 1005 ἡ
1502 970 1551 1005 μὲν
1567 969 1643 1006 δηλοῖ
1656 969 1758 1004 Πέτρον
1777 969 1828 1000 τὰς
1845 970 1890 996 ol-

1099 1017 1177 1046 κείας
1208 1016 1449 1053 συγγράψασθαι¹¹
1471 1016 1585 1052 πράξεις
1602 1016 1649 1043 καὶ
1674 1016 1743 1052 πρὸς
1756 1016 1891 1043 Ἰάκωϐον

1098 1063 1282 1098 αιτησάμενον
1296 1062 1397 1094 ταύτας
1420 1062 1595 1089 ἀποστεῖλαν
1616 1062 1633 1098 ή
1656 1061 1685 1088 δὲ
1707 1062 1890 1098 διαλαμϐάνει

1098 1109 1136 1142 ὡς
1159 1110 1275 1145 Κλήμης
1289 1109 1392 1141 ταύτας
1418 1109 1490 1136 κατὰ
1512 1109 1680 1144 πρόσταγμα
1694 1109 1801 1144 Πέτρου
1817 1117 1889 1143 συγ-

1098 1156 1224 1192 γράψειε,
1242 1155 1368 1183 κάκείνου
1375 1155 1444 1191 πρὸς
1459 1155 1508 1191 τὴν
1520 1156 1616 1190 ἀγήρω
1633 1156 1852 1190 μεταναστάντος
1863 1154 1888 1171 ¹¹

1098 1202 1252 1230 ἀποστείλω
1259 1202 1375 1237 Κλήμης
1382 1202 1451 1238 πρὸς
1465 1201 1752 1229 ’1άκωϐον.¹Εσ-εινοῦν
1760 1201 1888 1237 εικασμῷ

1097 1248 1233 1276 διαλαϐεῖν
1247 1248 1285 1280 ὡς
1305 1247 1352 1274 δύο
1376 1248 1425 1282 μέν
1443 1248 1537 1283 εἴησαν
1552 1247 1608 1274 τῶν
1628 1247 1733 1282 Πέτρου
1754 1247 1888 1282 Πράξεων

1098 1295 1217 1326 ἐκδόσεις
1231 1294 1423 1330 γεγενημέναι,
1436 1293 1475 1329 τῷ
1491 1293 1519 1319 δέ
1534 1293 1623 1329 χρόνῳ
1636 1294 1685 1327 τῆς
1700 1294 1796 1330 ἐτέρας
1808 1294 1886 1330 διαρ-

1099 1341 1210 1377 ρυείσης
1226 1341 1413 1376 ἐπεκράτησεν
1426 1341 1443 1375 ή
1459 1340 1507 1366 τοῦ
1521 1340 1680 1376 Κλήμεντος
1691 1348 1699 1355 ·
1712 1341 1741 1367 ἐν
1752 1341 1820 1367 πᾶσι
1831 1343 1888 1376 γὰρ

1098 1389 1154 1420 τοῖς
1182 1387 1295 1423 βιϐλίοις
1313 1387 1331 1414 ἃ
1358 1387 1474 1421 εἴδομεν,
1494 1386 1582 1413 καίτοι
1600 1387 1651 1414 οὐκ
1669 1387 1767 1420 ὀλίγων
1789 1387 1886 1418 όντων.

1099 1433 1229 1470 μετὰτάς
1239 1434 1384 1469 διαφόρους
1394 1434 1502 1466 ὲκείνας
1512 1433 1658 1465 ἐπιστολὰς
1670 1434 1717 1460 καὶ
1727 1434 1888 1468 ἐπιγραφὰς

1097 1481 1147 1516 τὴν
1171 1479 1258 1515 αὐτὴν
1289 1479 1406 1515 εὕρομεν
1434 1479 1653 1515 ἀπαραλλάκτως
1681 1480 1885 1515 πραγματείαν,

258 1518 310 1546 hoc
319 1524 387 1552 opus
403 1515 530 1543 absurdis
547 1515 636 1550 nugis.
651 1522 705 1542 non
720 1515 778 1542 sine
791 1514 916 1550 plurimis
934 1523 967 1543 ex
981 1515 1038 1543 Arii

1097 1514 1244 1563 ὶράομένην
1251 1534 1258 1541 ·
1267 1514 1340 1560 Ἐγὼ
1354 1514 1508 1560 Κλήμηνςν,
1516 1525 1607 1553 καὶτὰ
1619 1525 1683 1560 ἑξῆς
1692 1525 1885 1560 ἐνταττόμενα.

256 1564 386 1599 opinione
414 1563 440 1590 in
469 1561 567 1589 Filium
604 1561 791 1596 blasphemiis.
825 1560 1041 1589 Constitutioues

257 1616 340 1645 porro
355 1608 412 1644 (72)
424 1607 524 1640 ,ιιὶὺιιε
537 1614 571 1633 ex
583 1606 718 1641 capitibus
737 1605 870 1638 duntaxat
896 1607 1045 1640 reprelien-

257 1655 461 1684 sionivideutur
475 1651 610 1679 obnoxiae.
639 1650 679 1678 Ex
693 1650 764 1677 mala
780 1650 907 1678 nimirum
924 1650 1043 1683 fictione,

257 1708 339 1736 quam
358 1698 494 1734 depellere
513 1704 565 1724 non
591 1701 632 1723 est
656 1696 800 1723 admodum
813 1695 1046 1722 dillicile:deiude

258 1748 331 1783 quod
348 1750 443 1772 contra
473 1741 710 1771 Deuleronomium
735 1742 940 1769 criminationes
961 1748 1044 1775 quas-

259 1795 320 1821 dam
333 1791 481 1823 adducant,
497 1796 556 1824 qua:
568 1794 595 1816 et
606 1789 672 1824 ipsa:
687 1787 752 1815 dilui
767 1786 895 1815 facillime
909 1792 1041 1822 possunt:

259 1839 380 1873 denique
398 1844 430 1864 ex
445 1835 612 1867 Ariauismo,
631 1841 712 1869 quem
726 1833 790 1861 item
805 1840 901 1860 acarus
916 1833 994 1867 paulo
1002 1833 1045 1860 in-

259 1886 368 1916 stando,
393 1881 520 1910 refellere
543 1888 639 1915 queas.
658 1879 746 1913 lLiber
768 1883 885 1906 attamen
913 1879 1042 1906 Actorum

258 1931 334 1960 Petri
352 1930 408 1966 (qui
420 1930 452 1956 de
465 1927 696 1962 Recogniiianibus
709 1925 848 1960 inscriptus
863 1925 913 1959 est)
939 1925 1044 1960 perspi-

258 1978 360 2006 cuitate
372 1983 404 2003 ac
422 1975 566 2011 gravitate,
592 1973 625 2000 ad
645 1973 703 1999 lucc
717 1972 833 2007 puritate
857 1969 927 2006 90b
955 1975 983 1998 et
1001 1978 1043 1999 ve-

259 2023 411 2056 hementia,
438 2021 554 2056 aliisque
578 2019 712 2047 orationis
733 2018 852 2050 dotibus.
871 2025 960 2045 rerum
979 2017 1043 2045 item

258 2069 397 2096 variarum
412 2066 547 2098 doctrina,
559 2070 663 2092 tantum
676 2063 893 2091 Constitutiones
912 2063 986 2098 ipsas
997 2071 1044 2091 su-

258 2118 346 2150 perat,
362 2112 433 2140 nulla
449 2116 479 2140 ut
490 2112 540 2139 bos
557 2113 628 2138 inter
641 2109 819 2146 comparatio,
834 2109 868 2137 ad
888 2116 1041 2137 sermonem

258 2159 331 2196 quod
352 2159 461 2192 attinet,
475 2157 532 2185 fieri
550 2156 659 2184 debeat.

293 2204 344 2232 llic
358 2204 484 2232 Clemens
497 2203 552 2239 (75)
570 2203 615 2232 ille
629 2207 683 2236 est,
707 2203 741 2231 de
755 2209 809 2238 quo
829 2201 923 2230 beatus
943 2201 1042 2230 Paulus
1058 2202 1080 2230 Ι)

258 2254 286 2280 in
298 2259 330 2279 ea
342 2259 402 2286 qua:
416 2256 459 2279 est
471 2250 505 2278 ad
512 2250 697 2286 Philippenses
716 2249 830 2285 epistola
844 2258 852 2277 :
873 2258 884 2276 ι
900 2249 967 2277 Cum
980 2248 1043 2277 Cle-

259 2302 350 2326 mente
361 2302 388 2324 et
405 2297 517 2332 reliquis
527 2296 750 2331 cooperatoribus
768 2296 846 2329 meis,
861 2303 976 2332 quorum
993 2304 1043 2324 no-

259 2343 334 2371 mina
350 2343 452 2377 scripta
477 2346 541 2370 sunt
568 2342 595 2370 iu
611 2342 681 2369 libro
704 2342 776 2369 vita.
795 2351 804 2368 ι
832 2341 947 2378 Scripsit
970 2342 1042 2375 idem

259 2390 349 2426 magni
365 2389 520 2418 faciendam
536 2390 570 2417 ad
580 2389 738 2418 Corinthios
746 2389 887 2425 epistolam
902 2390 970 2426 (74),
982 2398 1043 2426 quae

1096 1573 1208 1608 Μυρίων
1230 1572 1258 1599 δὲ
1274 1571 1459 1606 ἀτοπημάτων
1483 1572 1500 1606 ἠ
1516 1571 1692 1607 πραγματεία
1706 1570 1788 1606 γέμει
1802 1570 1885 1606 αὕτη,

1095 1617 1144 1644 καὶ
1157 1616 1207 1651 τῆς
1219 1616 1260 1647 είς
1278 1615 1324 1642 τὸν
1339 1614 1405 1642 Υἱὸν
1425 1614 1600 1651 βλασφημίας
1618 1615 1688 1642 κατὰ
1701 1615 1750 1650 τὴν
1774 1615 1885 1650 ’Ἀρείου

1094 1662 1175 1695 δόξαν
1190 1662 1265 1688 ἐστὶν
1281 1661 1434 1693 ἀνάπλεως.
1451 1662 1484 1688 Ai
1493 1661 1522 1688 δέ
1538 1669 1570 1696 γε
1585 1661 1723 1696 Διαταγιαῑ
1740 1662 1814 1697 τρισὶ
1833 1663 1887 1697 μό-

1094 1717 1150 1739 νοις
1165 1707 1289 1734 δοχοῦσιν
1300 1707 1451 1743 ἐνέχεσθαι,
1465 1706 1706 1744 κακοπλαστίᾳ,ήν
1718 1708 1748 1735 οὺ
1764 1708 1888 1744 χαλεπὸν

1094 1754 1348 1787 ἀποσκευάσασθαι,
1379 1754 1427 1781 καὶ
1457 1754 1497 1780 ὅτι
1514 1754 1586 1782 κατὰ
1606 1754 1654 1781 τοῦ
1669 1755 1886 1791 Δευτερονομίου

1095 1799 1190 1836 ὕϐρεις
1206 1800 1284 1833 τινὰς
1304 1800 1465 1836 ἐπαφίησιν,
1481 1800 1499 1827 ἃ.
1515 1800 1562 1827 καὶ
1578 1802 1677 1837 ῥᾷστον
1691 1800 1885 1834 διαλύσασθαι,

1097 1846 1145 1873 καὶ
1153 1846 1394 1882 ἐτιᾺρειανισμῷ,
1407 1847 1476 1882 ὅπερ
1487 1847 1520 1874 άν
1528 1855 1570 1879 τις
1584 1847 1631 1874 καὶ
1646 1847 1741 1883 βιαίως
1756 1848 1888 1884 διακρού-

1095 1901 1181 1919 σαιτο.
1201 1893 1234 1919 Ἠ
1247 1893 1339 1929 μέντοι
1353 1901 1385 1928 γε
1410 1893 1465 1920 τῶν
1491 1893 1539 1920 τοῦ
1555 1893 1669 1928 Πέτρου
1684 1894 1828 1929 Πράεεων
1845 1895 1886 1929 Bi-

1094 1939 1157 1971 ϐλος
1173 1938 1213 1975 τῷ
1229 1948 1260 1966 τε
1287 1938 1405 1975 λαμπρῷ
1432 1940 1479 1966 καὶ
1492 1941 1525 1976 τῇ
1551 1940 1695 1976 σεμνότητι
1713 1942 1762 1968 καὶ
1783 1941 1824 1968 ἔτι
1844 1942 1885 1978 τῷ

1093 1985 1208 2022 καθαρῷ
1227 1985 1275 2012 καὶ
1296 1986 1413 2021 συντόνῳ
1432 1986 1481 2014 καὶ
1500 1987 1534 2022 τῇ
1560 1986 1629 2022 ἄλλῃ
1662 1987 1747 2023 ἀρετῇ
1769 1986 1818 2014 τοῦ
1841 1988 1887 2014 λό-

1093 2039 1142 2065 γου
1175 2031 1223 2058 καὶ
1255 2031 1426 2068 πολυμαθείᾳ
1467 2032 1595 2059 τοσοῡτεν
1627 2032 1684 2068 ἔχει
1720 2033 1789 2069 πρὸς
1831 2034 1885 2066 τὰς

1092 2076 1238 2110 Διαταγὰς
1258 2076 1290 2102 τὸ
1304 2076 1503 2112 παραλλάττον,
1528 2077 1565 2109 ὡς
1590 2077 1658 2112 μηδὲ
1678 2078 1829 2113 συγκράσει
1847 2080 1884 2114 τῇ

1093 2121 1163 2147 κατὰ
1176 2122 1239 2153 τοὺς
1251 2121 1346 2156 λόγους
1368 2121 1436 2158 πρὸς
1453 2122 1574 2157 ἀλλήλας
1592 2123 1817 2159 παραϐάλλεσθαι
1831 2125 1884 2157 τὰς

1095 2166 1213 2201 βίϐλους.

1129 2210 1214 2244 Οὗτός
1231 2213 1306 2240 ἐστιν
1317 2213 1332 2240 ὀ
1344 2213 1462 2250 Κλήμης
1478 2215 1544 2250 περὶ
1559 2211 1589 2242 οὗ
1610 2224 1693 2251 φησιν
1708 2216 1723 2242 ό
1739 2216 1886 2249 θεσπέσιος

1093 2258 1199 2290 Παῦλος
1209 2259 1238 2285 ἐν
1251 2260 1286 2296 τῇ
1295 2260 1365 2296 πρὸς
1375 2260 1572 2296 Φιλιππησίους
1579 2261 1722 2298 Ἐπιστολῇ
1736 2263 1770 2295 ’⁸,
1788 2263 1887 2290 «Μετὰ

1095 2304 1144 2331 καὶ
1161 2304 1320 2341 Κλήμεντος
1339 2306 1454 2333 καὶτῶν
1475 2307 1577 2334 λοιπῶν
1597 2308 1738 2344 συνεργῶν
1762 2317 1827 2344 μου,
1845 2306 1885 2336 ὧν

1092 2351 1129 2377 τὰ
1152 2350 1273 2387 ὀνόματα
1290 2352 1320 2378 ἐν
1336 2351 1420 2387 βίϐλῳ
1441 2352 1540 2388 ζωῆς.»
1569 2350 1654 2386 οὗτος
1669 2353 1715 2381 καὶ
1737 2354 1886 2391 ἐπιστολὴν

1095 2396 1235 2432 ἀξιόλογον
1252 2398 1321 2435 πρὸς
1337 2398 1499 2435 Κορινθίους
1511 2400 1624 2436 γράφει,
1635 2400 1698 2436 ἥτις
1716 2401 1792 2437 παρὰ
1814 2401 1886 2429 πολ-

893 2460 1011 2490 VARUS
1040 2463 1243 2494 LECTIONES.

305 2511 329 2526 ¹²
345 2510 502 2547 συγγράψαι
516 2518 548 2543 ς.
588 2510 613 2527 ’⁸
628 2507 811 2546 μιναστάντος
821 2517 852 2541 ς.
889 2510 912 2526 ’⁸
922 2511 1063 2547 ἐπιστολῇ]
1078 2520 1114 2545 iv,
1131 2513 1158 2540 5.

1010 2567 1126 2597 NOT/E.

293 2616 349 2653 (70)
358 2617 458 2644 Earum
466 2621 528 2644 octo
536 2615 717 2653 librosGrazee
724 2615 838 2653 primum
848 2615 980 2653 deindeet
989 2616 1041 2643 La-

258 2651 314 2681 tine
329 2651 486 2680 doctissime
497 2651 666 2686 explauatos,
680 2651 887 2685 firmissimeque
907 2651 1034 2680 defensos

258 2688 343 2716 edidit
355 2686 454 2715 Frauc.
472 2685 621 2714 Turriauus
634 2691 736 2714 noster.
762 2685 876 2713 Eosdem
888 2685 952 2713 item
978 2695 1039 2714 cum

257 2723 281 2751 Χ
293 2722 508 2757 Recognitionum
533 2721 609 2748 libris
626 2729 660 2749 ex
678 2720 777 2749 Bullini
789 2756 793 2757 ν
807 2721 1040 2756 interpretatione.

259 2756 399 2786 additis'et
415 2756 523 2792 caeteris
545 2764 606 2792 «ina:
631 2762 686 2784 tum
707 2756 820 2792 reperiri
850 2762 995 2792 potuerunt
1008 2757 1040 2784 Β.

258 2793 393 2854 ClemeslgtSi
429 2790 539 2827 Operib.
554 2790 562 2792 “
581 2791 715 2820 dederunt
737 2790 858 2819 'Latine'
884 2791 1041 2820 Coloniens.

260 2835 306 2854 In.
396 2847 402 2854 .

260 2835 306 2856 Ill.
324 2835 334 2852 ι
341 2835 402 2854 ουν.

296 2861 354 2898 (71)
371 2861 588 2898 Recognitionum
608 2863 661 2892 duo
677 2862 761 2892 fuisse
784 2861 932 2897 volumina,
951 2863 977 2890 in
992 2861 1042 2890 ali-

1093 2619 1194 2680 guibus
1225 2619 1296 2647 inter
1316 2627 1346 2647 se
1365 2620 1485 2653 diversa,
1514 2625 1631 2649 testatur
1651 2622 1735 2650 etiam
1761 2621 1890 2651 Rumon.

1117 2654 1174 2680 mf.
1193 2655 1227 2680 ad
1243 2655 1376 2680 Gaudent.

1117 2654 1174 2681 ra’f.
1193 2655 1227 2682 ad
1243 2655 1376 2682 Gaudent.

1131 2689 1188 2724 (72)
1196 2689 1358 2718 Franciscus
1368 2690 1528 2724 Turrienus.
1539 2689 1603 2720 Soc.
1612 2691 1687 2725 Iesu,
1697 2691 1724 2719 in
1733 2691 1888 2721 Clementis

1094 2723 1297 2752 Constitution“

1093 2759 1185 2786 solvit.

1143 2793 1187 2832 133)
1206 2793 1278 2832 ζεοεο
1290 2794 1320 2832 l}:
1335 2794 1448 2824 Hieron.
1461 2804 1522 2832 cap.
1539 2797 1584 2830 15,
1601 2797 1689 2825 Catal.

1144 2828 1277 2868 74)___Vide_
1299 2828 1503 2868 IAlieronymum'
1521 2832 1559 2860 De
1578 2828 1704 2868 scriptor.
1731 2833 1878 2862 ecclesiau.

1097 2871 1157 2900 cap.
1179 2865 1223 2900 l5,
1234 2870 1261 2894 et
1272 2866 1320 2894 inf.
1336 2865 1471 2896 codimi.

1336 2731 1421 2760 apart.
1456 2725 1662 2762 Prolegomenis
1691 2728 1749 2755 bare
1785 2729 1886 2756 eadem
