1938 3091
45 142 100 175 389

549 139 811 170 BIBLIOTHECA.
825 151 860 156 -
873 138 982 169 CODD.
1002 138 1103 175 CXIV,
1119 137 1202 168 CXV.

1626 136 1683 169 390

44 199 102 230 λοζς
115 196 255 232 ἀποδοχῆς
273 195 378 232 ἠξιώθη
395 194 434 227 ὡς
449 195 497 222 καὶ
521 194 640 231 δημοσίᾳ
652 194 839 229 ἀναγινώσκε-

903 192 1061 227 [plerisque
1093 197 1169 219 tanto
1197 195 1223 219 In
1249 191 1337 226 pretio
1360 195 1404 219 est
1427 191 1530 224 habita,
1558 191 1681 227 adeoque

46 245 122 271 σθαι,
141 243 174 269 Ἦ
195 242 226 269 δὲ
249 241 383 276 λεγομένη
395 241 510 277 δευτέρα
526 242 595 276 πρὸς
610 241 675 272 τοὺς
690 240 788 271 αὐτοὺς
800 240 839 271 ώς

45 289 125 320 νόθος
150 287 395 322 ἁποδοκιμάζεται,
422 287 517 322 ὥσπερ
537 288 552 314 ό
570 287 594 303 ⁵⁸
621 286 840 322 ἐπιγραφόμενος

45 333 92 361 ἐπ’
105 333 217 368 ὀνόματι
227 332 313 359 αὑτοῦ
327 332 433 367 Πέτρου
454 332 502 358 καὶ
514 331 668 364 Ἀππίωνος
679 331 840 366 πολύστιχος

46 380 184 414 διάλογος.
197 379 300 406 Τοῦτόν
317 388 398 414 φασιν
406 380 431 406 oi
448 380 497 415 μὲν
508 379 634 415 δεύτερον
646 380 715 415 μετὰ
738 380 842 416 Πέτρον

52 426 166 461 Ῥώμης
190 426 376 461 ὲπισκοπῆσαι
390 426 424 458 ’⁸,
444 426 469 452 οἱ
491 425 520 452 δὲ
529 426 659 461 τέταρτον
670 434 678 442 ·
694 425 774 453 Λίνον
788 426 843 461 γὰρ

48 471 98 498 καὶ
109 470 277 506 ’Δνὰκλητον
288 470 311 486 ’⁷
332 469 434 504 μεταξῦ
445 469 529 496 αὐτοῦ
546 469 595 496 καὶ
613 469 717 505 Πέτρου
733 468 843 504 Ῥώμης

49 516 219 547 ἐπισκόπους
232 515 434 550 διαγεγονέναι·
453 515 614 551 τελευτῆσαι
623 515 652 542 δὲ
665 515 748 542 αὐτὸν
759 515 844 550 τρίτῳ

49 562 106 589 ἔτει
116 561 266 597 Τραῖανοῦ.

409 648 479 678 Ρ1Δ¹.

51 696 184 724 Λευκίου
207 695 337 729 Χαρίνου
360 696 390 722 αι
411 695 472 722 τῶν
493 695 674 723 ἀποστόλων
699 695 842 730 Περίοδοι.

89 741 157 777 [292
176 740 223 777 Κ]
243 739 414 776 ’Δνεγνώσθη
431 741 544 776 βιϐλίον,
565 741 594 768 αι
611 741 756 775 λεγόμεναι
784 741 846 768 Τῶν

51 787 238 814 ἀποστόλων
263 786 399 821 Περίοδοι
409 806 417 818 ,
444 787 473 813 ὲν
489 783 534 819 αἷς
548 787 717 822 περιείχοντο
732 786 846 821 πράξεις

53 833 172 868 Πέτρου,
187 832 324 865 Ἰωάννου,
342 831 479 867 Ἀνδρέου,
493 832 590 867 Θωμᾶ,
606 831 725 860 Παύλου.
741 832 844 867 Γράφει

54 878 83 905 δὲ
95 867 194 909 αὖτὰς,
209 877 248 910 ὡς
263 877 338 913 δηλοῖ
349 878 379 904 τὸ
391 877 458 904 αὐτὸ
469 877 580 913 βιϐλίον,
593 877 704 909 Λεύκιος
716 878 842 914 Χαρῖνος.
861 867 882 895 Β

59 924 91 951 Ἦ
107 924 138 951 δὲ
156 923 258 959 φράσις
272 924 312 955 είς
326 923 356 950 τὸ
374 923 505 955 παντελὲς
519 923 662 959 ἀνώμαλός
669 932 699 951 τε
711 924 757 951 καὶ
774 932 845 960 παρ-

55 969 218 1004 ηλλαγμένη
231 977 238 983 θ
261 967 310 994 καὶ
324 967 466 1000 συντάξεσι
483 967 538 1004 γὰρ
552 969 599 994 καὶ
612 967 701 1001 λέξεσι
714 968 846 1004 κέχρηται

54 1015 144 1042 ἐνίοτε
170 1014 222 1050 μὲν
241 1013 294 1040 οὐκ
314 1013 513 1049 ἡμελημέναις,
533 1013 603 1040 κατὰ
626 1014 654 1040 δὲ
674 1013 704 1040 τὸ
722 1014 847 1041 πλεῖστον

54 1060 199 1096 ἀγοραίοις
219 1060 267 1086 καὶ
282 1059 501 1095 πεπατημέναις,
520 1059 568 1087 καὶ
586 1059 662 1086 οὐδὲν
679 1059 728 1094 τῆς
743 1059 847 1094 ὁμαλῆς

56 1107 105 1134 καὶ
123 1105 301 1141 αὐτοσχεδίου
323 1106 451 1140 φράσεως
465 1106 512 1132 καὶ
530 1105 580 1140 τῆς
601 1106 706 1132 ἐκεῖθεν
725 1105 846 1141 ἐμφύτου

54 1153 180 1188 χάριτος,
202 1151 264 1178 καθ’
285 1152 319 1186 ἢν
332 1152 345 1178 ό
364 1151 540 1186 εὑαγγελικός
562 1160 591 1178 τε
610 1151 657 1178 καὶ
672 1152 848 1184 ἀποστολικδς

55 1199 286 1234 διαμεμόρφωται
309 1197 399 1232 λόγος,
419 1197 474 1224 οὐδ’
501 1198 573 1233 ἴχνος
593 1198 743 1233 ἐμφαίνων.
765 1198 849 1233 Γέμει

55 1244 84 1270 δὲ
101 1243 152 1270 καὶ¹
170 1242 278 1278 μωρίας
292 1242 393 1277 πολλῆς
404 1242 452 1268 καὶ
466 1243 516 1278 τῆς
530 1241 597 1278 πρὸς
611 1241 738 1269 ὲαυτὸνν1
759 1243 850 1278 μάχης

56 1290 105 1317 καὶ
126 1287 327 1320 ἐναντιώσεως.
352 1288 422 1323 Φησὶ
448 1288 504 1323 γὰρ
525 1288 606 1315 ἄλλον
625 1286 695 1315 εἶναι
722 1288 769 1315 τὸν
795 1288 850 1315 τῶν

63 1336 204 1363 Ἰουδαίων
217 1334 285 1361 Θεὸν
298 1334 346 1361 καὶ
362 1334 457 1367 κακὸν,
469 1330 499 1361 οὗ
513 1335 562 1361 καὶ
575 1334 685 1370 Σίμωνα
694 1335 741 1361 τὸν
755 1335 850 1369 Μάγον

57 1381 203 1417 ὑπηρέτην
220 1380 398 1417 καθεστάναι,
412 1379 491 1407 ἄλλον
505 1380 534 1407 δὲ
546 1380 592 1408 τὸν
607 1380 734 1416 Χριστὸν,
750 1381 780 1407 ὃν
797 1389 850 1416 φη-

58 1436 101 1453 σιν
113 1425 219 1461 ἀγαθόν
230 1433 238 1441 ·
253 1426 300 1452 καὶ
309 1424 403 1461 φύρων
413 1426 436 1465 ’ξ
456 1425 563 1452 ἅπαντα
577 1426 625 1452 καὶ
638 1425 760 1460 συγχέων
773 1425 852 1452 καλεῖ

57 1472 141 1499 αὑτὸν
159 1472 208 1498 καὶ
221 1470 331 1506 Πατέρα
346 1469 395 1497 καὶ
411 1470 486 1497 Υἱόν.
500 1470 581 1505 Λέγει
592 1470 621 1497 δὲ
640 1471 701 1507 μηδ’
715 1471 852 1507 ἐνανθρω·

58 1518 149 1553 πῆσαι
163 1516 283 1551 ἀληθῶς,
299 1515 368 1543 ἀλλὰ
386 1516 471 1549 δόξαι,
488 1517 536 1543 καὶ
555 1517 642 1543 πολλὰ
654 1517 783 1549 πολλάκις
797 1526 851 1552 φα-

57 1563 139 1599 νῆναι
153 1562 177 1578 ³⁸
190 1563 247 1592 τοῖς
271 1562 417 1596 μαθηταῖς,
439 1561 499 1588 νέον
509 1562 556 1588 καὶ
580 1561 737 1597 πρεσὸύτην
758 1562 851 1596 πάλιν,

59 1609 109 1636 καὶ
127 1608 213 1635 πάλιν
237 1607 332 1640 παῖδα,
357 1607 405 1634 καὶ
421 1607 534 1643 μείζονα
559 1607 608 1634 καὶ
628 1607 692 1644 ἱΙΞίἸ
707 1607 755 1644 H.]
774 1608 854 1635 ἐλάτ-

58 1664 126 1682 τονα
144 1654 192 1681 καὶ
215 1653 354 1690 μέγιστον,
380 1653 450 1680 ὥστε
472 1654 522 1690 τὴν
540 1654 661 1689 κορυφὴν
675 1654 779 1690 διήκειν
798 1654 854 1681 ἐσθ’

60 1703 107 1729 ὅτε
120 1702 220 1736 μέχρις
231 1700 357 1736 οὐρανοῦ.
374 1700 477 1732 Πολλὰς
492 1700 579 1727 δὲκαὶ
594 1702 659 1736 περὶ
674 1701 719 1728 τοῦ
737 1700 855 1737 σταυρὸῦ

61 1747 222 1782 κενολογίας
231 1748 279 1774 καὶ
295 1746 411 1778 ἀτοπίας
426 1747 603 1780 ἀναπλάττει,
618 1748 665 1775 καὶ
679 1748 725 1775 τὸν
736 1748 855 1784 Χριστὸν

63 1795 104 1830 μὴ
120 1793 323 1829 σταυρωθῆναι,
338 1793 396 1820 ἀλλ’
417 1793 511 1830 ἕτερον
523 1794 580 1821 ἀντ’
595 1794 689 1828 αὐτοῦ,
701 1795 748 1822 καὶ
767 1803 855 1822 κατα-

62 1842 148 1876 γελᾷν
159 1840 205 1867 διὰ
215 1839 294 1866 τοῦτο
306 1840 360 1866 τῶν
373 1839 571 1876 σταυρούντων.
586 1841 694 1876 Γάμους
704 1850 734 1868 τε
743 1841 764 1857 ³¹
777 1841 856 1877 νομί-

66 1895 135 1922 μους
152 1886 256 1919 dilatat,
276 1886 324 1912 καὶ
338 1886 430 1913 πᾶσαν
445 1887 554 1921 γένεσιν
569 1887 691 1922 πονηράν
704 1896 734 1914 τε
747 1887 795 1914 καὶ
808 1887 856 1915 τοῦ

65 1932 189 1968 πονηροῦ
213 1932 298 1966 λέγει.
315 1933 370 1960 Καὶ
394 1932 520 1968 πλάστην
537 1933 593 1961 τῶν
617 1933 751 1968 δαιμόνων
777 1934 857 1961 ἄλλον

65 1980 181 2015 ὲκληρεῖ
197 1979 231 2006 ³¹.
247 1978 360 2014 Νεκρῶν
372 1978 401 2005 δὲ
415 1971 567 2014 ἁνθρώπών
584 1979 632 2006 καὶ
651 1979 720 2014 βοῶν
732 1980 780 2006 καὶ
792 1988 858 2016 κτη-

66 2027 121 2053 νῶν
130 2026 221 2054 ἄλλων
233 2025 256 2042 ³³
272 2025 505 2061 παραλογωτάτας
516 2025 564 2052 καὶ
576 2026 766 2061 μειρακιώδεις
777 2034 858 2061 τερα-

64 2072 178 2099 τεύεται
204 2071 377 2104 ἀναστάσεις.
414 2073 493 2098 Δοκεῖ
519 2072 547 2098 δὲ
580 2072 627 2098 καὶ
659 2072 719 2098 κατ’
747 2071 858 2099 εἰκόνων

66 2119 125 2150 τοῖς
146 2117 343 2152 Είκονομάχοις
364 2118 393 2144 ὲν
405 2119 465 2149 ταῖς
480 2117 604 2145 Ἰωάννου
619 2118 739 2153 Πράεεσι
759 2117 860 2152 δογμα-

67 2164 165 2196 τίζειν.
178 2164 234 2192 Καὶ
245 2164 339 2196 ἁπλῶς
354 2163 423 2199 αὓτη
437 2164 461 2198 ,ἡ
477 2163 565 2198 βίϐλος
588 2163 673 2199 μυρία
688 2162 859 2198 παιδαριώδη

892 238 1012 270 laudata,
1033 238 1154 264 utetiam
1181 237 1286 271 publice
1302 236 1353 271 legi
1378 236 1488 265 soleret.
1507 238 1613 272 Atquae
1633 244 1680 265 se-

891 283 981 310 cunda
996 282 1095 310 dicitur
1109 282 1143 310 ad
1158 283 1279 313 eosdem,
1292 289 1322 310 ut
1332 283 1424 318 spuria
1433 283 1565 317 rejicitur.
1580 282 1682 316 Quem-

891 329 1037 357 admodum
1053 333 1081 357 et
1095 329 1173 364 l0nga
1195 329 1239 355 illa
1255 329 1403 363 disputatio
1421 349 1429 361 ,
1458 329 1530 356 beati
1560 328 1633 356 Petri
1653 333 1682 356 et

892 375 1025 411 Appionis
1048 383 1146 402 nomen
1176 375 1246 402 falso
1275 374 1431 408 praeferens.
1455 374 1532 402 Hunc
1556 375 1682 403 Clemen-

892 426 946 449 tem
961 421 1017 456 (75)
1037 421 1151 448 alterum
1170 428 1185 447 ο
1202 420 1282 448 Petro
1315 420 1389 448 urbis
1419 420 1511 448 Romae
1525 421 1684 455 episcopum

893 466 978 495 fuisse
988 467 1098 502 quidam
1116 471 1268 498 autumant,
1283 466 1328 493 alii
1342 474 1406 494 vero
1420 471 1557 501 quartum.
1582 466 1682 493 Linum

893 513 964 540 enim
981 517 1010 540 et
1024 512 1182 540 Anacletum
1200 512 1270 539 inter
1282 517 1425 546 utrumque
1438 512 1580 546 pontiﬁces
1597 513 1681 540 inter-

895 559 1023 592 cessisse,
1038 566 1070 585 ac
1087 559 1169 585 tertio
1184 558 1292 585 demum
1308 557 1416 592 Trajani
1431 558 1602 593 imperatoris
1611 565 1686 586 anno

894 604 978 631 vitam
994 603 1096 631 (iniisse
1118 603 1188 638 (76).

1245 648 1339 677 CXIV.

1016 694 1093 722 Lucii
1117 694 1227 722 Charini
1252 694 1358 722 Periodi
1372 695 1561 730 apostolorum,

933 739 1034 767 Lectus
1052 740 1121 767 liber
1130 744 1173 767 est
1186 739 1237 767 hoc
1249 739 1326 766 titulo
1342 748 1350 767 :
1368 739 1555 774 Apostolorum
1564 739 1687 767 Periodi.

895 784 1092 820 Complectitur
1105 785 1171 812 Acta
1183 784 1268 818 Petri,
1283 784 1407 818 Joannis,
1421 786 1546 819 Andreae,
1563 785 1686 820 Thoma,

898 835 926 858 et
935 830 1024 864 Pauli,
1043 836 1168 863 auctore,
1186 836 1214 857 ιιι
1227 831 1362 866 liberipse
1374 831 1503 864 ostendit,
1516 831 1601 859 Lucio
1611 831 1684 860 Cha-

898 876 969 903 rino.
999 876 1088 903 Dictio
1123 875 1182 909 ejus
1213 875 1325 902 omnino
1356 875 1498 910 inaequalis
1523 883 1556 904 ac
1579 877 1651 904 varia
1676 886 1685 904 :

897 921 1103 949 constructione
1118 928 1183 949 vero
1195 928 1227 949 ac
1249 921 1362 949 vocibus
1376 922 1463 949 utitur
1479 922 1612 949 interdum
1626 923 1687 957 qni-

899 967 962 995 dem
980 974 1032 994 non
1048 966 1174 1001 abiectis,
1193 972 1223 994 ut
1247 967 1394 1002 plurimum
1412 972 1502 995 tamen
1520 968 1688 1002 forensibus,

900 1020 933 1040 ac
945 1013 1071 1048 protritis
1087 1021 1094 1039 :
1112 1019 1163 1040 nec
1180 1012 1263 1040 ullum
1279 1013 1306 1040 in
1320 1021 1354 1040 eo
1369 1013 1493 1048 aequalis,
1509 1019 1536 1042 et
1549 1015 1688 1042 subitaria:

898 1058 1040 1091 dictionis,
1055 1066 1089 1086 ac
1100 1059 1210 1091 nativas,
1227 1066 1287 1094 qua:
1308 1059 1371 1087 hinc
1382 1059 1515 1087 exsistere
1538 1060 1606 1088 solet
1628 1068 1687 1095 gra-

899 1105 943 1133 tiae
972 1105 1037 1140 (quo
1065 1105 1146 1133 modo
1167 1105 1343 1140 evangelicus
1365 1110 1393 1133 et
1419 1106 1583 1141 apostolicus
1596 1114 1690 1134 sermo

899 1152 1084 1180 conformatus
1106 1152 1160 1185 est)
1184 1152 1330 1186 vestigium
1362 1156 1486 1187 apparet.
1511 1151 1604 1180 Scatet
1621 1152 1686 1179 item

899 1198 1005 1229 stultis,
1021 1201 1046 1224 et
1059 1204 1151 1224 secum
1172 1197 1353 1232 pugnantibus
1370 1198 1583 1225 narrationibus.
1597 1198 1686 1225 Alium

902 1243 976 1271 enim
992 1242 1147 1270 Judteorum
1162 1243 1259 1276 Deum,
1278 1250 1393 1278 eumque
1407 1244 1508 1270 malum
1529 1251 1591 1271 esse
1609 1251 1686 1272 asse-

905 1289 952 1322 rit,
971 1289 1049 1322 cujus
1060 1289 1153 1316 Simon
1165 1289 1257 1323 Magos
1273 1289 1396 1316 minister
1420 1288 1511 1321 fuerit,
1531 1289 1613 1316 alium
1631 1297 1692 1316 rur-

900 1341 948 1362 sus
965 1342 1026 1362 esse
1039 1334 1191 1367 Christum,
1209 1342 1289 1370 quem
1301 1335 1402 1362 bonum
1421 1335 1495 1362 facit.
1511 1334 1605 1362 Omnia
1624 1343 1688 1370 ergo

901 1380 1048 1416 inquinans
1059 1387 1142 1416 atque
1158 1381 1338 1414 confundens,
1362 1381 1487 1408 eumdem
1502 1381 1578 1409 illum
1596 1386 1624 1409 et
1637 1381 1690 1408 Pa-

902 1432 972 1455 trem
998 1433 1080 1455 vocat
1096 1432 1124 1455 et
1139 1427 1248 1455 Filium.
1268 1426 1356 1455 Jactat
1381 1434 1457 1461 vero,
1489 1435 1577 1463 neque
1595 1435 1689 1456 revera

901 1473 1040 1501 hominem
1069 1473 1186 1506 factum,
1213 1474 1260 1501 sed
1284 1478 1387 1501 tantum
1412 1474 1583 1509 apparuisse.
1610 1473 1690 1501 Varia

903 1519 967 1548 item
980 1519 1066 1547 forma
1084 1526 1157 1554 saepe
1172 1519 1311 1554 discipulis
1326 1519 1424 1552 visum,
1458 1527 1529 1547 nunc
1549 1520 1691 1554 juvenem,

904 1573 966 1593 mox
978 1565 1076 1593 iterutn
1090 1573 1195 1598 senem,
1209 1573 1374 1600 rursumque
1385 1573 1516 1600 puerum;
1545 1573 1618 1593 nunc
1630 1574 1691 1593 ms-

901 1611 999 1647 jorem,
1019 1619 1092 1639 nunc
1109 1611 1253 1643 minorem,
1272 1612 1406 1639 interdum
1414 1616 1441 1639 et
1456 1612 1616 1644 maximum,
1628 1620 1692 1639 ver-

903 1657 956 1684 tice
972 1657 1053 1684 etiam
1069 1657 1166 1684 malum
1186 1657 1374 1691 attingenlem.
1391 1657 1491 1684 Multas
1505 1657 1588 1685 etiam
1609 1664 1693 1693 super

904 1710 985 1730 cruce
999 1710 1085 1738 nugas
1099 1702 1175 1738 lingit
1191 1707 1274 1738 atque
1292 1703 1418 1738 ineptias,
1444 1710 1533 1738 neque
1550 1703 1691 1730 Christum

905 1748 988 1777 fuisse
1002 1749 1076 1777 cruci
1095 1749 1218 1782 anisum,
1232 1750 1280 1777 sed
1291 1749 1373 1777 alium
1385 1757 1433 1784 pro
1444 1756 1488 1782 eo,
1502 1753 1529 1778 et
1541 1748 1606 1776 hinc
1618 1748 1693 1776 illum

904 1802 964 1828 eos,
980 1796 1025 1831 qui
1050 1795 1077 1822 in
1092 1804 1200 1824 crucem
1214 1802 1337 1830 egerant,
1359 1795 1517 1824 irridentem
1529 1795 1603 1822 facit.
1619 1794 1693 1823 Con-

903 1840 977 1877 logia
994 1842 1106 1876 insuper
1131 1841 1250 1878 legitima
1268 1842 1367 1877 rejicit,
1385 1847 1550 1876 omnemque
1566 1841 1637 1868 adeo
1645 1847 1694 1876 ge-

907 1887 1076 1915 nerationem
1105 1887 1203 1915 malam
1226 1895 1297 1920 esse,
1321 1887 1393 1922 91a
1410 1892 1438 1915 et
1457 1895 1472 1914 ιι
1491 1887 1562 1915 malo
1582 1887 1691 1919 asserit,

907 1933 1042 1968 aliamque
1072 1934 1223 1960 daemonum
1246 1933 1437 1961 formationem
1459 1933 1692 1961 comminiscitur.

908 1977 1077 2006 Mortuorum
1091 1978 1185 2005 adhaac
1193 1978 1344 2012 hominum,
1359 1979 1451 2012 boum,
1467 1986 1498 2006 ac
1507 1978 1692 2011 iumentorum

908 2025 1041 2052 absurdus
1077 2024 1249 2059 puerilesque
1290 2025 1510 2052 resurrectiones
1540 2024 1695 2060 prodigiOse

909 2070 997 2106 lingit.
1019 2069 1048 2097 In
1071 2070 1147 2098 Actis
1171 2078 1281 2106 quoque
1311 2071 1384 2099 beati
1414 2070 1527 2099 Joannis
1546 2070 1694 2106 imaginum

910 2123 988 2144 usum
1016 2123 1078 2144 cum
1106 2116 1295 2145 lconomachis
1322 2118 1477 2152 vituperare
1504 2117 1622 2145 videtur.
1647 2116 1696 2145 Vis

910 2163 995 2190 verbo
1014 2162 1122 2190 dicam?
1146 2167 1266 2198 quantus
1283 2167 1324 2190 est
1344 2162 1424 2196 liber,
1443 2163 1558 2198 puerilia
1574 2163 1696 2190 continet

69 2211 117 2237 καὶ
128 2209 250 2236 ἀπίθανα
276 2210 325 2236 καὶ
347 2208 525 2236 κακόπλαστα
544 2208 690 2244 καὶψευδῆ
708 2209 754 2235 καὶ
779 2208 851 2244 μωρὰ

910 2207 969 2235 sine
979 2215 1103 2240 numero,
1121 2212 1147 2235 et
1159 2207 1308 2243 inopinata,
1320 2208 1492 2243 maligneque
1511 2208 1639 2241 conﬁcta,
1661 2215 1695 2235 at:

69 2257 118 2282 καὶ
132 2255 225 2287 ἄλλοις
240 2254 264 2270 ³³
283 2254 424 2290 μαχόμενα
446 2254 493 2281 καὶ
521 2253 609 2289 ἀσεδῆ
636 2253 684 2280 καὶ
713 2252 782 2280 ἄθεα
810 2261 859 2279 πει

72 2301 172 2336 ριέχει·
201 2301 236 2336 ἣν
266 2300 351 2327 εἰπών
364 2308 408 2332 τις
434 2299 525 2334 πάσης
541 2300 673 2334 αἱρέσεως
699 2298 789 2335 πηγὴν
812 2299 861 2326 καὶ

72 2347 180 2383 μητέρα
195 2347 246 2374 οὐκ
258 2346 290 2374 ἂν
301 2345 475 2382 ἁποσφαλείη
486 2344 533 2372 τοῦ
547 2345 660 2378 εἰκότος.

427 2436 500 2466 PIE’.

74 2484 249 2519 Ἀνωνύμου
268 2483 344 2512 κατὰ
365 2483 519 2511 Ἰουδαίων
536 2482 584 2519 καὶ
602 2482 859 2519 Τεσσαρεσκαιδετ

110 2517 236 2546 sarritur
251 2520 353 2554 λόγος.
366 2519 423 2554 Καὶ
435 2518 632 2553 Μητροδώρου
651 2518 717 2552 περὶ
739 2517 794 2553 τῆς
810 2517 865 2545 τοῦ

109 2555 195 2589 ἁγίου
205 2554 313 2589 Πάσχα
324 2553 440 2589 ἑορτῆς.

119 2601 290 2637 Ἀνεγνώσθη
304 2600 408 2637 βιϐλίον
417 2600 558 2636 ἀνώνυμον
569 2619 577 2632 ,
592 2595 624 2626 οὖ
638 2599 656 2635 ἡ
671 2597 793 2634 ἑπιγαφὴ
808 2598 865 2626 Λό-

911 2253 991 2285 l’alsa,
1006 2254 1062 2280 imo
1076 2253 1168 2286 stulta,
1183 2259 1210 2281 et
1224 2254 1296 2282 inter
1309 2260 1340 2282 se
1352 2254 1511 2289 pugnantia,
1525 2254 1606 2289 impia
1617 2254 1695 2281 deni-

916 2306 971 2334 que
993 2303 1021 2327 et
1034 2299 1193 2327 detestanda
1214 2304 1265 2333 tot,
1291 2303 1320 2326 ut
1334 2299 1379 2334 qui
1395 2307 1457 2327 eum
1484 2300 1573 2328 omnis
1587 2300 1697 2328 heresis

913 2345 1016 2374 fontem
1034 2351 1116 2382 atque
1129 2350 1269 2374 auctorem
1284 2346 1395 2380 dixerit,
1421 2353 1477 2374 non
1497 2346 1542 2375 ille
1554 2353 1569 2374 ι
1584 2348 1698 2375 veritate

913 2391 956 2420 vel
968 2391 1111 2420 minimum
1129 2392 1294 2420 discesserit.

1264 2437 1347 2466 CXV.

914 2483 993 2512 Liber
1003 2492 1149 2519 anunymus
1162 2489 1253 2511 contra
1271 2484 1380 2512 Juda'os
1391 2489 1416 2511 cl
1432 2483 1697 2517 Quartadecimanor,

1017 2521 1128 2554 itemque
1145 2519 1289 2547 Metrodori
1300 2519 1425 2547 Calculus
1437 2519 1588 2546 Paschalis.

948 2597 1012 2634 Legi
1028 2599 1123 2626 incerti
1135 2598 1255 2626 auctoris
1269 2598 1381 2632 librum,
1395 2598 1555 2634 quititulum
1568 2599 1677 2634 praefert
1689 2605 1698 2624 :

717 2656 836 2684 VARIJE
852 2655 1054 2684 LELTIONES.

112 2707 136 2723 “
149 2708 165 2734 ό
179 2707 242 2734 add.
255 2707 289 2734 Α.
326 2707 350 2724 ⁵⁸
367 2705 549 2740 ιπισκοπῆσαι
571 2703 680 2740 Ῥώμης
692 2712 723 2737 ς.

77 2743 209 2774 πολλάκις
221 2745 255 2769 Α.
293 2743 314 2759 ³·
334 2742 364 2769 δέ
381 2751 413 2774 ς.
460 2742 483 2757 ³¹
498 2741 628 2777 ἐκκληροῖ
643 2748 674 2773 ς.

772 2703 799 2739 ξ’,
809 2702 973 2739 ἀνέγκλητον
987 2702 1028 2739 Α,
1053 2702 1156 2739 ξξνιὶὺιζί
1169 2702 1304 2739 ,ἑαυτήνιγ
1320 2703 1343 2739 ³³
1363 2701 1457 2739 φορῶν
1473 2711 1504 2736 ς.
1542 2702 1565 2719 ³⁸
1584 2701 1701 2737 φανῆναι

722 2739 744 2755 ³³
759 2737 848 2766 ἄλλων
861 2736 927 2766 ilde
938 2739 974 2766 A.
1010 2738 1033 2754 ³⁸
1048 2736 1151 2773 ἄλλοις]
1168 2736 1398 2774 ὶιιιιιιοάλλήλοις.

827 2784 946 2814 NOTAE.

114 2835 170 2871 (75)
183 2836 251 2864 Vide
262 2837 292 2864 D.
306 2836 407 2864 Baron.
423 2841 490 2864 tom.
505 2835 526 2868 Ι,
543 2835 575 2863 ad
593 2842 693 2871 annum
706 2833 806 2871 Christ
819 2832 865 2861 96.

112 2863 171 2907 (76')
185 2863 315 2909 lartjrio
330 2863 489 2901 coronatum
507 2863 542 2900 ut
559 2871 639 2900 docet
651 2870 681 2898 D.
701 2870 775 2898 card.
791 2868 889 2897 Baron.
912 2871 932 2897 t.
948 2864 982 2902 Il,
998 2865 1029 2895 ad
1048 2871 1147 2894 annum
1163 2863 1265 2896 Citriin
1282 2865 1344 2895 102.
