1938 3091
235 139 287 173 391

824 135 957 166 PHOTII
976 135 1227 166 PATRIARCHIE
1238 136 1294 167 CP.

1819 137 1876 169 392

231 196 382 232 Disputatio
402 196 526 223 adversus
540 193 661 226 Iudaeos,
681 201 784 229 unaque
797 194 935 221 sentientes
946 194 1028 221 luere-

1084 203 1132 230 χος
1144 193 1219 228 πρὸς
1235 193 1402 226 Ἰουδαίους
1412 193 1539 227 καὶτοὺς
1549 194 1627 229 μετὰ
1643 193 1758 221 τούτων
1768 196 1876 230 αιρετι-

232 244 296 270 ticos
310 242 378 277 (7'7),
396 246 420 267 et
443 238 708 272 Quarladecimanos,
723 243 751 266 ut
763 245 869 273 vocant,
882 240 928 274 qui
937 239 1022 273 primo

233 289 406 316 Hebraeorum
421 294 508 314 manu
527 290 648 313 sanctum
671 284 782 313 Passim
796 285 893 320 festum
917 293 968 312 mm
983 293 1023 312 ce-

232 335 333 362 lebrant
350 332 417 368 (78).
434 331 520 367 liujus
533 333 622 360 oratio
636 332 784 360 vehemens
803 336 856 365 est,
874 339 962 366 neque
978 338 1022 359 re-

234 382 367 412 dundans,
379 379 451 407 fastu
460 379 646 415 jactantiaque
660 386 713 406 non
723 386 834 406 vacans.
847 377 1024 406 Asseritvero

234 436 314 456 saera
334 428 429 463 quinta
442 426 508 462 (die)
526 426 612 462 legale
625 433 678 454 non
695 426 785 455 edisse
805 426 908 454 Pascha
930 426 1023 454 Domi-

234 484 298 504 nutn
311 475 404 502 Jesutn
421 474 558 502 Christum
577 474 677 510 (neque
693 474 764 501 enim
780 474 853 501 illum
868 475 926 509 ejus
935 474 1024 502 edenti

234 527 364 549 statutum
383 520 467 547 fuisse
480 519 574 553 diem),
595 520 642 546 sed
656 519 788 554 sequenti.
806 519 844 547 Ac
857 527 943 554 neque
956 525 1024 553 tum,

235 578 295 604 qua'
311 569 411 601 ederit,
427 575 458 595 ex
474 567 543 603 legis
560 567 721 602 praescripto
733 567 834 594 edisse.
855 566 921 594 Nam
938 574 1026 601 neque

235 623 346 650 agnum,
364 620 452 647 neque
465 621 576 648 azyma,
597 620 684 647 neque
702 612 772 639 aliud
783 613 920 648 quidpiam
932 620 1025 639 eorunt

237 660 346 692 fecisse,
363 667 422 693 qua:
440 659 526 693 legale
536 663 679 686 servantes
695 658 812 691 Pascha,
827 665 904 685 more
918 658 1026 692 rituque

237 707 371 740 majorum
386 706 544 732 observant.
560 703 654 738 Itaque
670 705 804 738 privatam
837 709 951 736 tantum,
969 711 1026 739 my-

236 749 332 776 sticam
348 747 420 774 illam
437 753 539 779 tamen,
557 747 615 775 vult
635 754 742 775 coenam
770 747 870 778 edisse,
900 752 981 782 atque
993 753 1026 773 ex

236 801 267 821 ea
284 792 424 827 discipulis
438 799 547 827 panem,
569 798 595 819 et
610 792 721 819 calicem
737 793 902 826 porrexisse.

271 839 348 866 Alius
366 839 429 865 item
448 838 518 865 liber
531 838 694 872 coniunctus
717 844 775 865 erat
797 838 945 866 Metrodori
974 846 1027 866 cu—

1072 241 1146 274 κοὺς
1162 240 1213 267 καὶ
1226 239 1298 273 τοὺς
1320 239 1529 274 καλουμένους
1548 241 1876 275 Τεσσαρεσκαιδεκατί-

1072 293 1135 318 τας,
1146 284 1189 319 μὴ
1199 284 1241 318 τῷ
1252 284 1357 319 πρώτῳ
1369 285 1434 312 καθ’
1447 285 1604 320 Ἐϐραίους
1612 286 1687 321 μηνὶ
1700 286 1876 314 ἐπιτελοῦν-

1073 339 1126 364 τας
1137 330 1191 357 τοῦ
1201 330 1289 365 ἁγίου
1299 330 1409 365 Πάσχα
1419 330 1476 366 τὴν
1487 330 1605 366 ἑορτήν.
1614 329 1699 363 Οὗτος
1711 331 1761 368 μὲν
1769 333 1784 358 ό
1791 332 1877 367 λόγος

1075 377 1207 413 σύντομος
1214 377 1236 393 ³³
1247 377 1294 404 καὶ⁵
1305 377 1452 412 ἀπέριττος
1462 378 1510 404 καὶ
1524 377 1632 413 κόμπου
1645 378 1778 413 μετέχων.
1788 378 1877 412 Λέγει

1076 424 1169 458 μέντοι
1182 425 1215 459 τῇ
1226 424 1291 459 ἁγίᾳ
1301 424 1419 460 Πέμπτῃ
1437 424 1475 460 μὴ
1491 424 1522 450 τὸ
1537 424 1650 460 νομικὸν
1665 425 1762 459 φαγεῖν
1774 425 1875 459 Πάσχα

1074 469 1120 496 τὸν
1128 469 1168 496 Κύ
1174 477 1231 505 ριον
1239 469 1318 504 ἡμῶν
1325 469 1428 505 Ἰησοῦν
1435 469 1554 505 Χριστόν
1563 477 1569 485 ·
1585 469 1652 505 μηδὲ
1662 470 1716 505 γὰρ
1728 468 1796 497 εἶναι
1807 469 1875 496 τότε

1075 514 1121 541 τὸν
1132 515 1238 551 καιρὸν,
1249 515 1317 542 ἀλλὰ
1327 517 1360 550 τῇ
1372 514 1500 552 ἐπιούσῃ.
1508 514 1564 542 Καὶ
1573 516 1614 542 ὅτι
1624 515 1686 542 οὐδὲ
1697 515 1818 551 νομικῶς
1828 524 1875 542 τε-

1075 560 1129 588 λῶν
1137 560 1249 595 ἔφαγεν,
1257 561 1357 596 ἅπερ¹⁶
1366 561 1477 596 ἔφαγεν,
1485 562 1525 593 εις
1533 561 1582 595 τὴν
1591 561 1721 589 ἐπιοῦσαν
1729 569 1736 576 ·
1745 561 1806 589 οὔτε
1817 562 1874 597 γὰρ

1075 605 1156 640 ἀρνὸν
1171 604 1233 631 οὔτε
1246 605 1338 641 ἄζυμα
1355 605 1416 632 οὔτε
1434 605 1498 632 ἄλλο
1517 614 1544 632 τι
1567 605 1696 641 πράττων
1708 627 1715 639 ,
1736 606 1788 633 ὅσα
1798 607 1823 633 οἱ
1841 607 1874 633 τὸ

1077 651 1188 686 νομικὸν
1198 651 1336 683 τελοῦντες
1346 652 1442 687 Πάσχα
1454 651 1516 683 ἔθος
1526 651 1618 688 ἔχουσι
1632 652 1871 688 παραφυλάττειν·

1079 696 1137 724 ἀλλ’
1154 696 1220 723 ἴδιον
1237 698 1368 731 μυστικόν
1384 706 1451 734 φησι
1465 698 1572 725 δεῖπνον
1589 700 1702 732 φαγεῖν,
1719 699 1748 732 ἐξ
1771 696 1802 725 οὒ
1823 698 1874 726 καὶ

1077 745 1133 776 τοῖς
1149 744 1284 780 μαθηταῖς
1305 745 1389 780 ἄρτου
1404 745 1453 771 καὶ
1474 745 1605 781 ποτηρίου
1625 745 1798 780 μεταδοῦναι.

1114 843 1123 880 [
1136 844 1189 872 295
1204 845 1236 872 R.
1250 843 1260 881 ]
1290 844 1447 880 Ἔνεφέρετο
1462 845 1491 872 δὲ
1515 845 1593 880 λόγος
1609 845 1703 882 ἔτερος
1720 846 1875 882 Μητροδώ-

234 886 356 920 jus-dam,
374 883 500 911 Calculus
523 884 651 911 nimirum
672 884 705 911 ds
728 892 805 911 sacro
829 884 941 911 Pascha:
959 885 1027 919 festo

1085 899 1130 925 ρου
1145 890 1216 922 τινδς
1228 911 1235 924 ,
1249 890 1338 926 ψῆφος
1349 891 1678 927 ὲννεακαιδεκαετηρίδων
1693 891 1736 927 κη’
1750 893 1790 923 εἰς
1807 893 1874 918 ἐαυ-

237 930 391 958 celebrando
419 937 515 957 novem
537 930 726 957 decettnalium
764 930 901 966 cyclorum
932 930 1027 964 viginti

237 983 299 1004 octo
325 977 351 1003 in
377 977 497 1011 seipsum
525 976 602 1010 quasi
630 976 656 1003 in
687 976 780 1004 orbem
810 977 944 1004 redactus.
978 977 1029 1004 Hic

238 1026 327 1047 autent
355 1019 539 1052 Metrodorus,
570 1019 727 1054 quicunque
756 1020 862 1047 tandem
889 1025 930 1047 est
950 1012 1028 1056 (nilnil

239 1067 312 1094 enim
330 1065 403 1092 aliud
424 1066 457 1093 de
474 1065 521 1092 illo
536 1066 628 1093 dicere
643 1065 740 1100 statui)
762 1073 776 1092 a
794 1065 973 1099 Diocletiano,
987 1066 1029 1093 in-

237 1112 363 1139 choando
379 1111 591 1147 quingentorum
606 1111 719 1146 triginta
734 1112 815 1138 trium
826 1119 958 1138 annorum
972 1111 1029 1139 dies

239 1158 324 1185 festos
339 1158 459 1193 collegit,
477 1157 557 1193 idque
575 1157 718 1194 (quantum
740 1157 858 1192 videtur)
878 1157 1028 1185 secundum

239 1208 396 1230 accuratam
423 1202 517 1234 illam,
546 1209 628 1236 quam
655 1208 776 1235 vocant,
793 1201 1030 1236 quartae—decium:

239 1250 310 1275 luna:
323 1248 566 1282 computationem.
586 1247 695 1274 Etenim
709 1255 797 1283 neque
810 1248 883 1275 hunc
898 1247 1028 1280 Ecclesia,

240 1298 327 1325 neque
344 1295 422 1318 vetus
441 1290 552 1318 traditio
565 1290 624 1318 dies
640 1290 701 1319 illos
715 1298 841 1319 servasse
857 1291 993 1318 videntur.

588 1336 679 1365 CXVI.

241 1384 366 1411 Auctoris
381 1383 474 1410 incerti
497 1382 530 1410 de
546 1391 622 1411 sacro
644 1382 756 1411 Pascha:
770 1383 836 1417 festo
852 1383 970 1411 uolumen
987 1391 1028 1411 Ill.

276 1474 375 1502 Lectus
401 1481 512 1510 quoque
541 1473 610 1502 liber
639 1477 693 1506 est,
725 1473 771 1509 qui
802 1473 943 1508 scriptoris
975 1480 1030 1501 non

241 1528 370 1555 expresso
380 1521 489 1548 nomine
501 1520 675 1548 inscribitur:
685 1520 725 1548 De
735 1528 811 1548 sacro
830 1520 943 1548 Pascha!
963 1520 1031 1555 festo

241 1569 361 1596 volumen
377 1569 483 1596 tertium
500 1568 575 1595 libris
589 1572 660 1596 octo.

280 1614 404 1650 Simplici
418 1613 550 1647 dictione,
567 1613 692 1649 styloque
705 1613 878 1648 apertissimo
901 1612 1032 1648 scriptum

243 1668 322 1695 opus,
342 1660 428 1688 multa
450 1668 516 1687 sane
539 1665 622 1695 atque
640 1660 769 1695 praeclara
793 1667 876 1688 sensa
900 1660 1032 1687 continet.

243 1708 367 1742 Scriptor
396 1707 440 1734 hic
466 1706 538 1734 libro
563 1711 662 1741 quarto
685 1705 869 1733 Metrodorum
890 1712 963 1740 saepe
989 1712 1033 1732 re-

243 1753 397 1788 prehendit,
408 1760 440 1780 ac
449 1752 513 1780 dum
528 1753 616 1780 sacris
629 1759 689 1779 sese
703 1751 854 1786 Scriptura:
869 1751 1034 1778 testimoniis

243 1799 404 1832 communit,
423 1806 477 1826 non
499 1805 596 1834 pauca,
614 1797 800 1834 explanatoris
820 1797 877 1825 fere
895 1798 1032 1829 methodo,

243 1845 315 1881 91b
336 1845 363 1873 in
380 1852 429 1873 sex
447 1845 552 1872 dierum
582 1852 651 1880 opus
668 1843 744 1871 utilia
761 1844 836 1872 hisce
855 1844 889 1871 de
902 1843 1035 1871 Paschate

244 1892 320 1919 libris
334 1891 461 1919 intexuit.
476 1891 586 1918 Dedicat
601 1898 668 1919 vero
681 1890 835 1924 Theodoro,
860 1897 942 1925 quem
965 1890 1034 1918 dile-

244 1943 317 1964 cttun
329 1938 496 1973 fratremque
508 1937 636 1972 appellat.
649 1936 764 1972 Scripsit
775 1937 869 1964 eadem
881 1938 915 1965 de
925 1944 955 1965 re
966 1938 1033 1964 alios

245 1990 355 2017 quinque
369 1983 466 2015 libros,
480 1990 573 2010 verum
592 1983 635 2010 hic
651 1982 762 2011 uberior
774 1987 817 2010 est
827 1987 909 2018 atque
923 1980 1032 2017 utilior;

249 2034 278 2054 ut
295 2029 341 2063 qui
354 2028 380 2056 in
393 2036 422 2056 re
436 2029 509 2055 tenui
528 2028 603 2055 utilia
615 2036 732 2063 quaeque
749 2029 782 2056 ad
801 2036 858 2056 rem
872 2029 1033 2063 pertinentia

249 2073 357 2100 afferat.
381 2072 448 2100 Nam
468 2074 501 2100 de
523 2073 644 2101 bissexto
659 2093 667 2108 ,
690 2078 719 2101 et
749 2081 844 2102 mense
867 2074 1033 2108 intercalari,

245 2119 365 2153 solisque
397 2127 430 2146 ac
449 2119 519 2147 lunae
542 2119 657 2154 epactis,
678 2124 706 2147 et
729 2120 1031 2148 etmeacazdeeaeteridi-

246 2166 296 2193 bus
308 2165 377 2201 (79),
389 2171 417 2193 et
429 2166 462 2194 de
479 2167 585 2193 ratione
600 2173 631 2194 ac
643 2166 686 2193 via
697 2166 755 2194 haec
771 2167 961 2202 investigandi,
977 2167 1035 2194 sin-

1081 936 1131 972 τὴν
1140 937 1365 972 ἀνακυκλουμένη
1375 937 1440 973 περὶ
1451 936 1501 972 τῆς
1509 937 1556 964 τοῦ
1568 938 1645 971 ἁγίου
1656 937 1753 973 Πάσχα
1761 939 1873 974 ἑορτῆς.

1082 980 1167 1016 Οὗτος
1183 984 1196 1011 6
1209 983 1392 1020 Μητρόδωρος
1402 1004 1410 1016 ,
1426 984 1500 1016 ὅστις
1520 985 1585 1010 ποτε
1601 985 1658 1011 ἐστι
1674 985 1722 1019 (οὺ
1737 985 1791 1020 γὰρ
1807 986 1874 1013 ἄλλο

1081 1039 1107 1056 τι
1129 1029 1214 1064 ἔγνων
1229 1030 1315 1057 εἰπεῖν
1335 1031 1398 1065 περὶ
1410 1029 1493 1056 αὐτοῦ
1503 1029 1512 1065 )
1524 1050 1531 1062 ,
1546 1029 1601 1056 ἀπὸ
1613 1030 1804 1065 Διοκλητιανοῦ
1822 1032 1874 1068 ἀρ-

1083 1077 1197 1112 ξάμενος
1222 1077 1283 1111 φλγ¹
1309 1076 1377 1104 ἐτῶν
1401 1077 1538 1113 συνήγαγε
1560 1078 1630 1104 κατά
1652 1078 1702 1114 τὴν
1722 1078 1873 1113 λεγομένην

1082 1122 1185 1158 ἀκριϐῆ
1198 1122 1246 1156 τῆς
1261 1123 1562 1159 τεσσαρεσκαιδεκάτης
1577 1123 1751 1160 ψηφοφορίαν
1761 1125 1784 1140 ³⁷
1803 1124 1874 1160 ἠμέ-

1085 1175 1133 1202 ρας
1143 1187 1150 1199 ,
1166 1167 1216 1194 ὅσα
1231 1166 1269 1201 τῷ
1285 1167 1372 1193 δοκεῖν
1384 1188 1391 1201 ,
1407 1168 1470 1204 ὲορ-
1491 1168 1586 1200 στικάς
1598 1177 1605 1183 ·
1618 1170 1665 1196 καὶ
1678 1169 1732 1206 γὰρ
1746 1169 1809 1196 οὒτε
1823 1170 1873 1197 νῦν

1085 1213 1099 1240 ἡ
1122 1212 1270 1240 Ἐκκλησία
1283 1211 1344 1239 οὕτε
1359 1213 1376 1240 ἠ
1395 1177 1501 1240 “alio.
1515 1215 1663 1240 παράδοσις
1679 1215 1792 1240 ταύταις
1807 1216 1872 1240 mal-

1082 1213 1100 1247 ἡ
1122 1212 1270 1247 Ἐκκλησία
1283 1211 1344 1239 οὕτε
1359 1213 1377 1249 ὴ
1395 1211 1501 1241 παλαιὰ
1515 1215 1663 1250 παράδοσις
1679 1215 1792 1248 ταύταις
1807 1216 1872 1251 φαί-

1082 1267 1158 1285 νεται
1170 1258 1339 1293 κεχρημένη.

1437 1347 1521 1381 Ριςν.

1083 1393 1259 1428 Ἀνωνύμου
1281 1393 1348 1428 περὶ
1365 1392 1430 1456 ττῙῖι
1432 1394 1537 1465 (ραν-[αὲ
1537 1395 1604 1422 ’τοῦ
1628 1396 1737 1430 Πάσχα
1767 1396 1873 1432 ἑορτῆς

1449 1437 1497 1464 τοι
1539 1450 1546 1457 .

1124 1474 1295 1510 ’Λνεγνώσθη
1310 1474 1411 1510 βιϐλίον
1423 1495 1431 1507 ,
1445 1476 1508 1502 ὅσον
1522 1476 1569 1503 ἐπὶ
1579 1476 1619 1512 τῷ
1628 1476 1740 1514 ὀνόματι
1753 1477 1801 1505 τοῦ
1813 1487 1876 1506 συνη

1083 1521 1242 1556 τεταχότος,
1268 1521 1473 1556 ιέινεπίγραφον⁸
1492 1521 1541 1548 ἐπὶ
1556 1523 1589 1558 τῇ
1616 1531 1647 1557 γε
1675 1523 1758 1559 βίϐλῳ
1779 1524 1878 1558 ἐπεγέ-

1043 1567 1066 1598 (ι
1082 1574 1188 1601 γραπτο
1199 1573 1207 1582 ·
1227 1575 1236 1592 ι
1247 1566 1316 1602 Περὶ
1330 1565 1380 1602 τῆς
1400 1567 1481 1601 ἁγίας
1505 1566 1552 1594 τοῦ
1568 1567 1664 1604 Πάσχα
1678 1569 1774 1604 ἑορτῆς
1797 1569 1877 1604 λόγος

1083 1611 1176 1647 τρίτος
1187 1632 1194 1644 ,
1211 1612 1241 1638 ὲν
1259 1612 1353 1647 τόμοις
1366 1612 1448 1640 ὀκτώ.
1463 1622 1473 1638 ι
1497 1612 1572 1649 Αὕτη
1594 1614 1611 1649 ἡ
1629 1614 1719 1649 βίϐλος
1734 1615 1807 1651 ἁπλῇ
1827 1616 1878 1651 μὲν

1084 1659 1132 1685 καὶ
1145 1658 1300 1694 σαφεστάτῃ
1318 1659 1526 1694 συγγέγραπται
1549 1660 1649 1696 φράσει
1662 1681 1670 1694 ,
1690 1661 1775 1688 πολλὰ
1787 1662 1817 1689 δὲ
1829 1662 1878 1689 καὶ

1084 1705 1156 1732 καλὰ
1166 1705 1289 1741 νοήματα
1301 1706 1424 1742 περιέχει
1435 1706 1468 1734 ⁸⁸.
1479 1704 1563 1739 Οὗτος
1573 1709 1587 1734 ὁ
1604 1709 1782 1744 συγγραφεὺς
1794 1710 1824 1737 ὲν
1834 1710 1877 1745 τῷ

1083 1751 1207 1787 τετάρτῳ
1212 1751 1242 1778 τό
1245 1760 1287 1787 μῳ
1294 1753 1341 1778 καὶ
1347 1753 1553 1789 κατὰΜητροδώ
1557 1762 1603 1788 ρου
1612 1755 1727 1781 ποιεῖται
1734 1754 1878 1791 ἐλέγχους,

1085 1797 1132 1824 καὶ
1141 1798 1202 1829 ταῖς
1216 1797 1369 1833 Γραφικαῐς
1381 1799 1409 1826 δὲ
1417 1800 1581 1836 μαρτυρίαις
1594 1800 1749 1836 ὠχύρωται,
1757 1802 1805 1828 καὶ
1813 1802 1880 1828 πολ-

1084 1843 1119 1871 λὰ
1126 1843 1180 1870 τῶν
1191 1845 1230 1877 εὶς
1246 1845 1471 1882 τὴνἙξαήμερον
1480 1847 1634 1882 χρησίμων,
1642 1847 1680 1879 ὡς
1689 1848 1717 1874 ὲν
1726 1847 1879 1882 ἑρμηνείας

1085 1890 1163 1927 τύπῳ
1172 1911 1180 1924 ,
1191 1891 1262 1918 κατὰ
1275 1891 1370 1918 τούσδε
1383 1893 1446 1924 τοὺς
1458 1893 1522 1928 περὶ
1535 1892 1583 1920 τοῦ
1595 1894 1691 1929 Πάσχα
1705 1893 1804 1928 λόγους
1815 1903 1878 1921 συν-

1086 1937 1204 1973 υφαίνει.
1220 1939 1379 1974 Προσφωνεῖ
1398 1939 1426 1966 δὲ
1440 1939 1572 1975 Θεοδώρῳ
1587 1939 1633 1966 τὸν
1645 1940 1724 1975 λόγον
1735 1961 1743 1974 ,
1761 1940 1790 1967 όν
1805 1941 1878 1974 ἁγα-

1086 1984 1172 2020 πητόν
1193 1992 1223 2011 τε
1237 1984 1284 2011 καὶ
1296 1984 1409 2019 ἀδελφὺν
1425 1985 1603 2020 ὑπαγορεύει.
1620 1986 1760 2022 Πεποίηκε
1785 1986 1815 2013 δὲ
1827 1988 1877 2012 καὶ

1087 2032 1184 2068 ἑτέρας
1200 2032 1266 2067 περὶ
1286 2032 1335 2067 τῆς
1359 2032 1446 2068 αὐτῆς
1470 2033 1625 2065 ὑποθέσεως
1643 2034 1776 2069 πρότερον
1791 2034 1815 2050 ¹⁹
1833 2034 1877 2069 βί-

1088 2076 1168 2108 ϐλους
1178 2083 1187 2091 ·
1202 2076 1260 2103 ἀλλ’
1277 2075 1346 2112 αὕτη
1362 2077 1520 2114 πλατυτέρα
1541 2086 1571 2104 τε
1592 2079 1640 2106 καὶ
1657 2080 1854 2115 χρησιμωτάτη
1868 2101 1876 2111 ,

1086 2121 1124 2153 ὡς
1139 2121 1185 2148 ἐπὶ
1196 2121 1206 2157 [
1217 2121 1268 2149 158
1283 2121 1336 2158 Η.]
1350 2122 1441 2159 λεπτῷ
1456 2123 1545 2151 πάντα
1558 2123 1591 2151 τὰ
1607 2124 1675 2158 πρὸς
1686 2124 1736 2160 τὴν
1748 2125 1877 2152 ὑπόθεσιν

1087 2167 1210 2202 χρήσιμα
1222 2167 1367 2200 διεξιοῦσα.
1382 2169 1449 2205 Περί
1463 2178 1493 2196 τε
1515 2170 1570 2206 γὰρ
1588 2170 1710 2206 βισέξτου
1720 2170 1743 2187 ⁴⁰
1760 2171 1809 2198 καὶ
1826 2172 1879 2207 ἐμ-

246 2211 307 2246 gula
321 2211 485 2239 excutiendo
495 2212 611 2239 dilucide
621 2212 711 2239 tradit.
723 2212 759 2238 De
768 2212 907 2239 mensibus
918 2212 994 2244 item,
1009 2217 1028 2239 et

1089 2213 1202 2249 ϐολίμου
1215 2214 1299 2250 μηνὸς
1311 2215 1359 2242 καὶ
1371 2216 1498 2243 ὲπακτῶν
1512 2216 1589 2251 ἡλίου
1602 2217 1650 2244 καὶ
1660 2217 1787 2244 ἐπακτῶν
1799 2218 1879 2253 σελή-

247 2258 400 2291 neomenia,
410 2263 438 2285 et
451 2257 631 2291 hebdomade,
642 2258 756 2294 ejusque
770 2258 876 2290 diebus,
888 2259 1028 2293 etquinam

1087 2267 1136 2293 νης
1151 2246 1199 2286 καὶ
1215 2246 1541 2298 ἐννεακαιδεκαετηρίδων
1563 2263 1610 2290 καὶ
1627 2263 1740 2298 μεθόδου
1752 2263 1804 2298 τῆς
1829 2246 1878 2290 εὑ.-

246 2311 406 2332 eommuues
421 2304 484 2332 anni
500 2305 684 2339 appellantur,
697 2305 798 2339 quique
811 2304 943 2338 interiecti
957 2305 1031 2332 anni.

248 2349 286 2377 De
302 2350 441 2377 curriculo
463 2355 595 2384 prasterea
612 2350 679 2378 solis
697 2355 760 2378 octo
777 2357 805 2378 et
829 2350 923 2385 viginti
949 2358 1034 2378 anno-

246 2403 317 2428 rum,
334 2400 361 2423 et
377 2396 562 2424 novemdecim
580 2404 712 2424 annorum
731 2396 811 2430 hune,
825 2403 856 2424 ac
869 2402 968 2431 quarto
987 2399 1033 2424 de-

246 2442 317 2471 cinto
329 2443 450 2477 ejusdem
466 2442 522 2470 die.
537 2441 657 2471 Rursum
674 2443 708 2471 de
729 2443 868 2471 tnensibus
894 2443 1033 2471 lunaribus

1089 2304 1190 2340 ρέσεως
1202 2306 1291 2333 αὐτῶν
1304 2307 1480 2343 λεπτομερῶς
1498 2310 1545 2336 καὶ
1568 2309 1661 2344 σαφῶς
1679 2309 1876 2344 διαλαμϐάνει,

1086 2353 1209 2388 καὶπερὶ
1221 2354 1314 2389 μηνῶν
1329 2355 1376 2381 καὶ
1387 2355 1533 2391 νεομηνίας
1546 2356 1594 2383 καί¹
1605 2356 1750 2392 ἑϐδομάδος
1762 2356 1811 2383 καὶ
1821 2356 1878 2383 τῶν

1086 2398 1115 2425 ὲν
1135 2399 1204 2434 αὐτῇ
1228 2400 1342 2436 ἡμερῶν
1353 2420 1362 2432 ,
1375 2401 1449 2434 τίνες
1460 2410 1490 2428 τε
1505 2402 1633 2429 κύκλοι⁸ι
1657 2403 1775 2429 ἐνιαυτοὶ
1791 2411 1879 2438 προσ-

1085 2447 1263 2483 αγορεύονται
1277 2449 1323 2476 καὶ
1339 2449 1410 2482 τινες
1426 2450 1569 2487 ἐμϐόλιμοι
1585 2452 1718 2485 ἐνιαυτοὶ,
1733 2451 1798 2487 περί
1808 2459 1841 2478 τε
1852 2450 1878 2467 ⁸⁸

892 2522 1009 2551 νΑΙιυΕ
1025 2524 1225 2555 LECTIONES.

295 2582 316 2597 ³⁸
333 2581 502 2620 σύντονοςμς.
525 2583 564 2620 _f'
580 2582 652 2620 ἆπερ
667 2583 769 2618 ἔφαγεν
783 2583 896 2620 add.A.

947 2584 969 2600 ³7

295 2584 316 2597 ³⁸
333 2584 457 2615 σύντονος
471 2591 502 2616 ς.
541 2584 564 2598 ¹⁶
580 2584 652 2620 ἆπερ
667 2584 769 2618 ἔφαγεν
783 2584 844 2611 add.
863 2584 896 2611 Α.
947 2584 969 2600 ³⁷
984 2584 1163 2622 ψηφηφορίαν
1181 2595 1210 2618 ς.
1259 2587 1281 2602 ³³
1293 2588 1416 2623 περιέχει
1438 2588 1562 2623 νοήματα
1584 2596 1615 2620 ς’.

246 2624 309 2644 mox
327 2626 356 2644 τε
374 2618 436 2645 add.
451 2618 485 2645 Α.
524 2617 547 2634 ⁸⁸
564 2619 692 2654 βισέκτου
707 2622 740 2646 Α.
784 2619 806 2634 ⁸³
823 2619 930 2646 κύκλιοι
948 2619 1122 2656 llotbuntag.,
1141 2621 1226 2649 κοινοί
1259 2621 1389 2657 Scaliger.
1427 2623 1449 2639 "
1466 2631 1497 2649 τε
1516 2624 1578 2650 add.
1593 2623 1625 2650 Δ.

1655 2587 1678 2603 ³⁹
1693 2589 1828 2626 πρότερον
1851 2595 1879 2617 οι

1001 2688 1118 2718 NOTAE.

282 2742 339 2778 (77)
358 2742 548 2776 Montanistas,
557 2743 732 2778 Novatianos,
744 2744 862 2773 Blasium
875 2749 902 2773 et
915 2746 1028 2774 similes.

283 2778 686 2815 ὶ78)ΑΤεσσαρεσκαιδεκατιτας
696 2789 703 2808 :
713 2781 757 2815 qui
767 2788 819 2808 non
827 2781 895 2808 lunae
909 2789 1027 2814 cursum,

246 2813 460 2848 more‘Judaico',
480 2815 527 2842 sed
544 2815 610 2842 solis
624 2813 816 2849 sequebantur,
833 2821 903 2844 texte
915 2813 1025 2844 Sozom.

246 2849 294 2876 lib.
310 2856 359 2886 vn,
386 2858 445 2885 cap.
467 2850 568 2886 18,19,
590 2856 617 2877 et
631 2858 647 2878 ο
669 2849 777 2879 Victore
805 2851 878 2886 Papa
908 2852 1027 2879 damnati

245 2889 318 2913 sunt.
334 2884 475 2921 Legendus
490 2885 522 2915 D.
539 2885 638 2915 Baron.
664 2891 729 2916 tom.
754 2886 787 2921 ll,
823 2884 855 2916 ad
884 2895 947 2915 ann.
962 2887 1027 2915 Chr.

1084 2747 1146 2786 198,
1165 2751 1192 2775 et
1209 2747 1375 2786 Theodoret.
1391 2754 1474 2786 atque
1491 2750 1640 2786 Epiphan.,
1656 2749 1874 2786 Euseb.quoque

1083 2782 1131 2810 lib.
1144 2790 1171 2815 v,
1185 2785 1235 2810 sub
1251 2783 1298 2812 lin.

1118 2817 1180 2857 (η).
1198 2818 1534 2857 Ἐννεακαιδεκαετερίδων
1557 2831 1564 2857 ι
1589 2829 1703 2854 quantm
1730 2825 1869 2848 auctorem

1083 2851 1241 2893 Eusebium.
1255 2854 1320 2893 facit
1347 2855 1375 2883 S.
1389 2851 1545 2893 Hieronym.
1557 2856 1583 2884 in
1598 2851 1750 2891 Hippolyto,
1770 2857 1821 2893 lib.
1837 2856 1872 2883 De

1081 2889 1172 2923 script.
1187 2889 1343 2926 ecclesiam,
1358 2897 1386 2920 et
1402 2889 1537 2927 Beda,'De
1555 2889 1745 2927 teiitpore,c;tp.
1763 2891 1806 2918 43.
