1938 3091
231 151 285 182 395

232 214 285 241 que
311 212 400 233 meras
425 212 486 232 esse
496 204 664 237 .calumnias,
689 211 721 231 ex
753 203 893 239 ipsiusmet
912 203 1022 238 scriptis
1037 207 1060 234 Α

232 252 321 278 allatis
334 251 513 286 argumentis,
532 250 601 278 libro
618 255 716 285 quarto
733 250 872 277 convincit
889 258 896 276 :
914 250 947 276 ad
962 257 1022 283 (tua:

233 298 295 323 item
312 296 458 324 refellenda
479 296 523 323 ubi
539 297 572 324 ad
588 297 712 331 quintum
726 296 798 322 venit
816 295 925 325 librtnn.
940 301 1022 322 mete-

233 350 322 368 rorum
341 349 448 376 quoque
464 349 512 376 pro
525 342 585 377 ipso
605 342 682 368 all'ert
701 341 866 369 testimonia.
883 341 940 376 Ipsa
956 349 1022 368 vero

232 388 320 422 capita
337 388 394 414 haec
412 393 491 415 sant:
506 389 578 415 aiunt
591 388 664 414 illmn
680 388 776 415 docere
790 396 797 414 :
810 388 836 414 I.
851 388 949 415 Filiqu
968 395 1020 414 non

232 441 293 460 esse
313 433 506 460 invocandum.
532 433 560 460 Ξ.
582 433 675 467 Neque
700 441 760 460 esse
784 433 872 467 ipsum
899 433 1022 460 absolute

232 479 343 506 hontnn.
376 480 404 506 5.
422 478 514 512 Neque
532 478 638 506 Patrem
653 486 827 513 cognoscere.
840 484 869 505 ut
888 480 1019 513 seipsum.

231 524 259 552 4.
275 524 432 551 Rationales
444 529 553 551 naturas
570 524 596 551 in
613 524 755 552 brutornm
773 532 887 559 corpora
905 525 1020 558 ingredi.

232 571 259 598 5.
276 571 342 597 Esse
355 569 382 596 in
397 569 518 597 diversas
531 577 673 604 corporum
695 571 799 604 species
813 571 1017 605 migrationem.

232 616 259 644 6.
278 615 378 643 Christi
409 615 561 643 Servatoris
593 616 712 643 animam
745 624 796 643 non
828 617 908 643 aliam
939 625 1021 653 quam

233 663 377 695 ipsiusmet
402 661 498 688 Adami
517 660 608 689 fuisse.
633 662 659 688 7.
681 661 738 689 Non
755 669 814 688 esse
833 670 941 697 pmnum
957 663 1023 689 deli-

233 712 339 733 ctorum
359 706 564 740 sempiternam.
578 706 604 733 8.
621 706 712 740 Neque
730 706 822 733 carnis
843 707 1024 734 resurrectio-

231 752 451 779 nem.9.Adba:c
461 751 578 783 magiam
597 752 693 778 malum
711 759 764 778 non
782 760 851 779 esse.
867 752 911 781 10,
928 752 1024 779 Astro-

234 797 351 823 nomiam
381 804 474 823 eorum
500 804 559 830 quae
586 797 653 823 Iiunt
674 804 783 824 causam
801 805 870 824 esse.
901 798 944 824 II.
963 796 1024 825 Uni-

237 843 358 877 genitum
384 848 516 877 prmlerea
551 850 663 877 regnum
691 844 793 870 nullum
819 844 953 871 obtinere.
979 844 1022 871 I2.

234 889 350 917 Sanctos
373 889 506 925 [angelos]
532 889 655 923 delapsos
688 889 714 916 in
742 889 870 916 mumlum
907 890 1023 923 venisse,
1041 886 1062 913 Β

233 942 285 961 non
304 934 336 961 ad
354 935 469 961 aliorum
488 935 660 968 obsequium.
678 935 720 962 I5.
736 935 818 962 Deum
835 934 941 962 Patrem
958 944 992 963 ne
1007 943 1022 962 a

234 981 303 1008 Filio
319 982 427 1015 quidem
444 981 532 1008 videri
556 989 645 1015 posse.
664 981 707 1008 I4.
724 981 871 1008 Cherubim
886 981 946 1008 Filii
963 989 1024 1010 esse

233 1028 354 1061 cognita.
377 1027 570 1060 15.1Iursum,
594 1026 666 1060 quod
692 1026 737 1053 Dei
761 1027 861 1061 imago.
885 1027 968 1054 relata
990 1027 1023 1054 ad

234 1073 307 1099 illutn
324 1072 403 1107 cujus
420 1077 462 1099 est.
479 1073 577 1107 imago,
595 1077 730 1107 quatenus
748 1078 790 1100 est
808 1073 908 1107 imago,
924 1074 1023 1100 veritas

235 1126 287 1146 non
306 1124 357 1146 est.
371 1119 433 1146 Ilaec
451 1119 507 1146 fere
528 1119 649 1154 depellit,
668 1118 706 1146 uti
722 1119 851 1152 diximus,
867 1120 944 1153 quasi
957 1119 1026 1147 l‘also

232 1164 344 1199 Origt‘ni
368 1165 486 1200 objecta,
512 1165 643 1199 onmique
662 1172 712 1199 ope
736 1164 950 1192 ccclesiasdcum
965 1172 1026 1192 esse

233 1210 322 1236 virum
348 1214 376 1236 et
407 1210 590 1236 orthodoxnm
612 1211 756 1237 ostendere
781 1210 886 1237 nititur.
908 1211 943 1237 At
960 1217 1026 1242 non,

234 1256 304 1283 bone
318 1256 369 1288 vir,
381 1255 474 1290 siquis
490 1261 619 1282 ostensus
635 1261 677 1283 est
692 1256 762 1282 haud
774 1256 901 1283 omnibus
915 1256 1026 1283 omnino

235 1301 324 1328 modis
345 1301 446 1335 impius
459 1308 531 1332 esse,
544 1309 605 1327 mox
623 1301 705 1328 etiant
719 1301 746 1328 in
761 1301 860 1336 quibus
876 1299 1027 1328 manifesta:

234 1347 410 1381 blasphemizc
427 1351 545 1380 tenetur,
562 1353 670 1381 pmuam
687 1345 805 1383 ell'ngiet.

572 1390 688 1419 CXVIII.

253 1439 388 1475 Pamphili
399 1438 534 1475 martyris,
548 1437 627 1475 simul
639 1441 667 1475 et
680 1437 798 1475 Eusebii,
812 1436 946 1472 Apologia:
962 1443 1009 1467 pro

512 1473 625 1508 Origene
639 1473 700 1498 libri
711 1480 749 1500 tv.

270 1521 344 1549 Lecti
367 1525 431 1548 sunt.
449 1519 581 1554 Pamphili
608 1519 746 1553 martyris,
771 1522 798 1545 et
823 1517 894 1553 92b
920 1517 1027 1544 Eusebii

235 1577 282 1603 pro
298 1568 408 1603 Origene
419 1567 481 1594 libri
496 1573 542 1593 sex
555 1574 563 1592 :
579 1573 694 1600 quorum
708 1565 826 1600 quinque
840 1569 903 1591 sunt
916 1572 931 1590 a
948 1563 1027 1590 Pam-
1041 1556 1064 1587 C

236 1615 310 1650 philo
330 1615 356 1641 in
377 1620 487 1640 carcere
506 1612 572 1647 (83).
590 1616 723 1647 praesente
733 1611 814 1638 etiam
831 1610 958 1643 Eusebio,
973 1609 1028 1637 ela-

237 1660 342 1688 borati:
359 1664 452 1687 sextus
468 1666 543 1691 vero,
563 1663 707 1692 postquam
734 1658 791 1692 jam
815 1662 920 1692 martyr
954 1657 1028 1684 l'erro

236 1706 358 1742 privatus
376 1705 440 1737 vita,
465 1705 497 1731 ad
519 1705 600 1731 unice
621 1703 806 1730 desideratum
824 1702 908 1729 Deum
927 1702 1028 1737 migra-

237 1759 288 1787 rat,
310 1754 343 1781 ab
355 1753 473 1781 Eusebio
497 1757 539 1780 est
559 1751 709 1779 absolutus.
728 1751 887 1784 Quanquam
901 1749 946 1776 alii
960 1755 1030 1783 quo-

236 1810 289 1836 que
312 1800 423 1836 plurimi
448 1807 480 1826 eo
504 1799 562 1833 ipso
586 1804 706 1833 tempore
731 1798 820 1832 magni
846 1796 963 1823 nominis
978 1794 1028 1822 viri

238 1847 370 1882 apologiis
419 1845 564 1880 Origenem
607 1843 803 1871 delendendum
841 1847 1028 1876 suseeperunt.

236 1893 320 1919 Aiunt
347 1891 430 1927 igitur
446 1890 590 1926 Origeuem
618 1890 712 1918 Severi
737 1890 910 1924 imperatoris
938 1895 1030 1922 perse-

236 1941 345 1968 cntioue
371 1939 500 1967 Leonida:
525 1939 595 1973 patri
623 1939 755 1972 scriptmn
781 1937 900 1969 misisse,
927 1943 980 1970 quo
995 1935 1029 1963 ad

236 1986 359 2021 martyrii
388 1984 552 2012 curriculum
578 1991 640 2011 eum
663 1987 809 2010 exacueret
825 1991 832 2010 :
848 1987 875 2008 et
891 1989 957 2009 sane
973 1985 1030 2008 sta-

235 2033 309 2058 dium
333 2032 438 2059 fortiter
458 2031 605 2058 decurrens
626 2030 671 2057 ille
692 2029 814 2056 bravium
838 2029 943 2062 accepit
960 2027 1028 2062 (84).

236 2078 347 2104 Addunt
373 2078 517 2112 ipsummet
551 2076 694 2111 Urigenem
718 2083 825 2102 summo
843 2075 934 2101 studio
958 2073 1028 2100 idem

237 2129 374 2150 certamen
399 2123 537 2156 suscipere
564 2125 691 2148 conatum
710 2120 793 2148 fuisse
818 2120 888 2156 (85),
903 2119 950 2147 sed
973 2126 1030 2146 ma—

237 2174 305 2196 trem
332 2169 462 2203 impetum
485 2167 525 2195 vel
553 2169 610 2202 ipso
640 2166 725 2194 invito
752 2166 903 2193 refrenasse
925 2174 932 2192 :
958 2165 1029 2199 quod

237 2215 324 2250 ipsum
342 2215 406 2242 item
424 2214 537 2249 epistola
562 2213 678 2248 quadam
695 2219 744 2239 sua
762 2216 889 2239 testatura:
906 2210 1027 2244 reliquit.

237 2262 306 2296 Quin
324 2261 481 2295 Pamphilus
507 2265 620 2295 martyr,
648 2264 675 2286 et
699 2258 745 2286 alii
769 2266 829 2285 cum
854 2265 887 2285 eo
906 2257 1027 2292 plurimi,

237 2317 282 2336 res
301 2307 427 2343 Origenis
444 2315 477 2335 ex
500 2307 552 2334 illis
570 2307 646 2340 ipsis,
668 2306 713 2340 qui
738 2305 875 2332 hominem
889 2304 1027 2335 viderant,

237 2355 391 2382 accuratius
412 2354 585 2390 perscrutati,
610 2357 734 2384 narrant,
760 2359 820 2378 eum
836 2351 935 2378 celebri
954 2358 1027 2377 mar-

238 2401 308 2437 tyrio
330 2405 386 2427 tqu
412 2401 466 2427 vita
490 2399 652 2431 decessisse,
677 2406 737 2425 cum
769 2397 902 2424 Caesareae
929 2397 1027 2423 Decius

237 2455 313 2474 suam
341 2448 366 2474 in
391 2446 562 2474 Christianos
580 2443 769 2472 crudelitatem
784 2443 934 2470 elfunderet
949 2441 1026 2478 (85').

236 2494 289 2521 Alii
304 2499 394 2520 tamen
412 2493 505 2520 volunt
520 2493 553 2519 ad
570 2491 638 2519 Galli
654 2497 686 2517 ac
705 2488 846 2516 Volusiani
862 2495 949 2523 usque
962 2493 1029 2514 tem-

238 2548 302 2574 pora
327 2539 502 2574 perdurasse,
528 2542 556 2564 et
590 2536 791 2571 sexagesimum
815 2541 914 2562 nonum
941 2533 1029 2560 altatis

816 148 950 178 PHOTII
969 147 1224 178 PATRIARCH/E
1243 146 1298 176 (ΣΡ.

1816 146 1871 178 396

1074 203 1128 229 τῶν
1151 201 1234 229 αὑτοῦ
1253 201 1357 228 ἐκείνου
1381 199 1609 235 συγγραμμάτων
1624 199 1785 236 ποιούμενος
1803 203 1870 233 τοὺς

1073 249 1203 284 ἐλέγχους
1217 250 1246 274 ἐν
1261 247 1300 283 τῷ
1313 247 1436 282 τετάρτῳ
1452 247 1545 282 τόμῳ,
1558 246 1629 273 κατὰ
1644 246 1671 272 δὲ
1683 246 1730 272 τὸν
1741 247 1870 281 πέμπτον

1073 295 1221 330 γενόμενος
1238 295 1285 321 καὶ
1300 294 1402 330 ἑτέρων
1417 293 1487 328 ὑπὲρ
1501 292 1584 319 αὑτοῦ
1601 293 1765 328 μαρτυρίαις
1780 294 1871 328 ἀπορ-

1074 342 1200 378 ραπίζων
1214 342 1313 369 ταῦτα.
1330 342 1370 368 Τὰ
1385 341 1413 367 δὲ
1434 339 1570 374 κεφάλαιά
1583 340 1641 366 ἐστι
1661 340 1748 365 ταῦτα
1763 348 1769 355 ·
1784 340 1871 365 Φασὶ-δ

1072 389 1154 416 αὐτὸν
1170 388 1373 424 παραγγέλλειν
1386 388 1424 423 μὴ
1439 386 1641 422 προσεύχεσθαι
1650 385 1671 401 ⁸⁸
1683 386 1723 420 τῷ
1736 386 1794 420 Υίῷ
1804 406 1810 415 ,
1821 386 1872 412 καὶ

1075 435 1112 471 μὴ
1124 434 1193 461 εἶναι
1203 434 1285 460 αὐτὸν
1301 432 1513 467 ἁπλῶς-ἀγαθὸν
1524 454 1531 465 ,
1544 431 1592 458 καὶ
1609 432 1646 466 μὴ
1667 430 1812 465 γινώσκειν
1822 430 1873 456 τὸν

1073 481 1184 516 Πατέρα
1200 480 1238 512 ὡς
1264 480 1345 506 αὑτὸν
1361 479 1475 511 ἑαυτὸν,
1491 479 1538 504 ’καὶ
1562 478 1612 509 τὰς
1636 476 1750 510 λογικὰς
1773 476 1872 511 φύσεις

1073 529 1113 559 εἷς
1131 527 1236 561 ἀλόγων
1253 525 1439 560 εἰσκρίνεσθαι
1466 524 1595 558 σώματα,
1613 524 1661 550 καὶ
1676 520 1748 549 εἶναι
1775 531 1873 556 μετεν-

1074 573 1251 608 σωμάτωσιν,
1262 573 1309 599 καὶ
1316 573 1357 598 ὅτι
1369 572 1385 606 ἡ
1399 571 1446 598 τοῦ
1459 571 1585 605 Σωτῆρος
1600 570 1674 605 ψυχὴ
1684 571 1701 604 ἡ
1715 569 1763 596 τοῦ
1780 569 1871 603 Ἀδὰμ.

1072 618 1123 655 ἦν,
1141 620 1187 646 καὶ
1202 620 1243 646 ὅτι
1266 619 1316 646 οὐκ
1343 619 1415 645 ἔστιν
1434 617 1543 648 αἰώνιος
1563 617 1674 647 κόλασις
1689 616 1750 642 οὐδὲ
1767 614 1872 650 σαρκὸς

1073 666 1242 698 ἀνάστασις,
1269 665 1317 692 καὶ
1332 665 1373 691 ὅτι
1395 665 1426 691 οὐ
1453 663 1538 690 κακὸν
1556 664 1572 698 ἡ
1592 661 1739 697 μαγεία⁵’,
1756 662 1803 687 καὶ
1827 662 1871 687 ὅτι

1074 713 1206 748 ποιητικὴ
1234 712 1289 738 τῶν
1306 712 1504 746 πραττομένων
1519 711 1536 743 ἡ
1560 709 1744 744 ἀστρονομία,
1766 707 1813 733 καὶ
1827 707 1872 733 ὅτι

1075 758 1195 785 παύεται
1208 759 1222 784 ὁ
1233 756 1391 791 Μονογενὴς
1406 756 1455 790 τῆς
1470 753 1675 790 βασιλείας,καὶ
1689 753 1729 778 ὅτι
1740 753 1771 778 ἐκ
1785 760 1873 778 καττι-

1075 803 1206 834 πτώσεως
1231 799 1314 837 ἦλθον
1329 801 1354 827 οἱ
1370 800 1444 834 ἅγιοι
1459 800 1499 833 εἰς
1513 799 1558 825 τὸν
1581 798 1695 832 κόσμον.
1714 796 1771 823 ἀλλ’
1791 796 1820 822 οὐ
1835 795 1872 822 δι’

1075 850 1177 884 ἐτέρων
1194 847 1346 882 θεραπείαν
1359 866 1366 878 ,
1383 846 1431 873 καὶ
1445 846 1485 871 ὅτι
1500 845 1513 871 ὀ
1528 843 1623 878 Πατὴρ
1638 843 1687 868 καὶ
1698 842 1737 876 τῷ
1752 840 1811 875 Υἱῷ
1823 840 1874 868 ἀό-

1078 903 1158 930 ρατος
1168 913 1175 926 ,
1188 893 1238 920 καὶ
1253 894 1294 920 ὅτι
1310 893 1344 918 τὰ
1359 890 1499 926 Χερουϐὶμ
1515 889 1633 916 ἐπίνοιαι
1646 887 1693 914 τοῦ
1709 885 1775 913 Υἱοῦ
1789 886 1872 916 εἰσιν,

1075 941 1123 967 καὶ
1140 941 1181 967 ὅτι
1197 940 1213 975 ἡ
1233 938 1314 965 εἰκὼν
1326 938 1373 964 τοῦ
1388 937 1456 964 Θεοῦ
1473 937 1511 967 ὡς
1535 936 1604 970 πρὸς
1626 936 1730 961 ἐκεῖνον
1745 930 1776 961 οὗ
1795 934 1874 959 ἐστιν

1075 986 1156 1013 εἰκὼν
1167 1007 1174 1018 ,
1191 985 1252 1012 καθ’
1269 985 1283 1011 ὃ
1294 984 1393 1014 εἰκὼν,
1413 984 1464 1010 οὐκ
1478 983 1551 1009 ἔστιν
1569 982 1690 1017 ἀλήθεια.
1709 981 1802 1007 Ταῦτα
1818 981 1875 1006 ἁπ-

1076 1032 1195 1067 ελὲγχει,
1211 1031 1249 1063 ὡς
1260 1031 1422 1066 προείρηται
1432 1049 1438 1061 ,
1450 1028 1557 1063 ψευδῶς
1571 1027 1699 1063 εἰρῆσθαι
1714 1028 1785 1053 κατὰ
1800 1025 1873 1060 Ὤρι-

1076 1078 1171 1113 γένους
1181 1098 1188 1110 ,
1201 1078 1248 1105 καὶ
1262 1077 1293 1104 τό
1307 1086 1339 1111 γε
1353 1076 1400 1103 ἐπὶ
1411 1077 1443 1111 τῇ
1459 1075 1542 1102 αὑτοῦ
1559 1074 1662 1109 σπουδῇ
1676 1073 1870 1108 ἐκκλησιαστι-

1076 1125 1124 1153 κδν
1135 1125 1183 1152 καὶ
1198 1125 1253 1152 τῶν
1270 1124 1422 1160 ὁρθοδόξων
1437 1123 1619 1158 ἀποφαίνεται
1630 1122 1676 1148 τὸν
1688 1121 1782 1156 ἄνδρα.
1797 1120 1871 1146 Ἀλλ’

1076 1173 1126 1199 οὐκ
1152 1172 1179 1198 εῐ
1192 1179 1235 1202 τις
1248 1192 1256 1204 ,
1280 1167 1303 1197 ὣ
1330 1170 1470 1205 βέλτιστε,
1485 1169 1523 1204 μὴ
1550 1167 1656 1198 πάντας
1670 1167 1732 1197 τοὺς
1750 1166 1871 1201 τρόπους

1077 1218 1185 1253 ἐδείχθη
1195 1216 1336 1244 δυσσεὸὦν
1345 1236 1353 1249 ,
1364 1215 1419 1242 οὐδ’
1436 1217 1465 1241 ἐν
1476 1215 1499 1230 ³⁸
1507 1211 1547 1246 οἷς
1556 1213 1704 1249 προφανῶς
1714 1211 1875 1248 βλασφημεῖ

1077 1266 1128 1300 τὴν
1143 1265 1221 1300 δίκην
1238 1262 1436 1299 διαδιδράσκων
1450 1261 1611 1297 ὀφθήσεται.

1431 1395 1508 1421 PIH’.

1078 1442 1239 1477 Παμφίλου
1251 1441 1305 1469 τοῦ
1317 1440 1470 1477 μάρτυρος
1484 1441 1532 1468 καὶ
1551 1440 1700 1468 Εὐσεϐιου
1708 1439 1784 1475 ὑπὲρ
1797 1440 1876 1475 Ὠρι-

1345 1476 1454 1511 τένους
1465 1478 1550 1510 τόμοι
1567 1479 1604 1508 ς’.

1122 1523 1294 1558 Ἀνεγνώσθη
1308 1522 1453 1558 Παμφίλου
1465 1522 1512 1549 τοῦ
1527 1522 1666 1558 μάρτυρος
1675 1521 1723 1549 καὶ
1738 1522 1875 1549 Εῠσεὸίου

1081 1571 1157 1605 ὑπὲρ
1170 1570 1349 1605 Ὠριτὲνους.
1364 1569 1448 1604 Τόμοι
1462 1569 1491 1595 δέ
1502 1569 1534 1596 τὸ
1549 1569 1652 1604 βιϐλίον
1664 1573 1701 1602 ς’,
1715 1566 1752 1596 ὧν
1771 1570 1797 1596 οἱ
1823 1570 1876 1605 μὲν

1079 1621 1101 1644 ε’
1127 1616 1262 1652 Παμφίλῳ
1276 1615 1307 1643 τὸ
1328 1615 1517 1650 δεσμωτήριον
1539 1615 1659 1642 οἰκοῦντι
1683 1616 1876 1651 συμπαρόντος

1080 1662 1242 1690 Εὐσεῦίοωδ
1252 1661 1455 1697 ἐξεπονήθησαν
1466 1682 1473 1693 ,
1485 1661 1500 1686 ὁ
1515 1661 1542 1687 δὲ
1556 1661 1636 1693 ἕκτος
1645 1682 1652 1693 ,
1664 1662 1726 1688 ἐπεὶ
1740 1662 1754 1688 ὁ
1767 1661 1877 1697 μάρτυς

1080 1709 1186 1743 ξίφει⁶⁵
1214 1707 1261 1734 τοῦ
1278 1708 1327 1743 ζῇν
1344 1707 1480 1742 ἀπαχθεὶς
1504 1706 1618 1733 ἀνέλυσε
1640 1706 1708 1742 πρὸς
1732 1707 1763 1733 ὃν
1779 1707 1877 1733 ἐπόθει

1079 1754 1146 1781 Θεὸν
1158 1774 1165 1786 ,
1189 1753 1312 1788 Εὑσεὸίῳ
1327 1752 1420 1779 λοιπὸν
1437 1753 1630 1787 ἀπαρτίζεται.
1653 1752 1723 1789 [297
1739 1753 1793 1789 Κ]
1820 1755 1878 1781 Καὶ

1080 1801 1156 1829 ἄλλοι
1171 1800 1199 1827 δὲ
1215 1799 1336 1827 πλεῖστοι
1361 1800 1421 1826 κατ’
1444 1799 1532 1826 ἐκεῖνο
1547 1798 1644 1834 καιροῦ
1659 1798 1707 1825 καὶ
1724 1799 1878 1834 ἀξιολογὼ-

1081 1855 1158 1874 τατοι
1179 1845 1327 1880 ἀπολογίας
1350 1846 1420 1882 ὑπὲρ
1443 1844 1526 1872 αὑτοῦ
1542 1845 1731 1878 συνετάξαντο.
1752 1846 1822 1872 Φασὶ
1847 1847 1878 1874 δὲ

1080 1893 1126 1920 τὴν
1145 1893 1287 1928 Ὠριγένην
1298 1893 1326 1918 ἐν
1337 1893 1392 1923 τοῖς
1407 1891 1479 1918 κατὰ
1491 1891 1611 1926 Σεὸἦρον
1624 1891 1753 1927 διωγμοῖς
1769 1892 1877 1927 γράψαι

1084 1939 1207 1975 Λεωνίδῃ
1222 1939 1262 1974 τῷ
1268 1939 1291 1955 ⁵⁸
1304 1938 1389 1973 πατρὶ
1402 1938 1584 1972 ὲπαλείφοντα
1600 1938 1667 1973 πρὸς
1679 1938 1726 1964 τὸν
1738 1938 1785 1964 τοῦ
1804 1947 1878 1975 μαρ-

1079 1984 1174 2019 τυρίου
1192 1984 1308 2019 δρόμον,
1320 1983 1349 2010 ὃν
1364 1983 1411 2010 καὶ
1424 1982 1515 2014 καλῶς
1524 1983 1655 2018 δραμόντι
1669 1982 1724 2009 τῶν
1738 1983 1879 2018 βραδείων

1081 2031 1172 2066 τυχεῖν
1183 2029 1324 2064 ἐξεγένετο
1334 2050 1342 2063 ,
1355 2029 1403 2056 καὶ
1415 2029 1496 2056 αὑτὸν
1507 2029 1535 2055 δὲ
1550 2029 1735 2056 ἀποδύσασθαι
1748 2030 1878 2057 σπεύδειν

1081 2076 1150 2112 πρὸς
1175 2076 1205 2102 τὸ
1227 2076 1282 2102 τῶν
1298 2076 1498 2111 ἀγωνισμάτων
1518 2075 1641 2106 στάδιον,
1656 2075 1746 2111 τὴνδέ
1768 2076 1878 2111 μητέρα

1081 2122 1129 2148 καὶ
1140 2122 1241 2148 ἄκοντα
1255 2121 1403 2156 δυνηθῆναι
1414 2122 1462 2154 τῆς
1475 2121 1563 2156 ὁρμῆς
1580 2121 1704 2155 ἐπισχεῖν
1717 2129 1723 2136 ·
1735 2122 1783 2147 καὶ
1796 2122 1879 2148 τοῦτο

1082 2167 1129 2194 καὶ
1145 2167 1227 2199 αὐτὸς
1242 2168 1271 2193 ἐν
1287 2167 1415 2202 ἐπιστολῇ
1429 2167 1517 2202 οἰκείᾳ
1531 2167 1754 2202 ἐπισημαίνεται.
1768 2167 1838 2194 Φασὶ
1847 2168 1878 2195 δὲ

1081 2213 1163 2240 αὐτὸν
1173 2213 1187 2240 ὅ
1198 2221 1228 2239 τε
1244 2213 1386 2248 Πάμφιλος
1405 2213 1509 2248 μάρτυς
1524 2213 1570 2239 καὶ
1584 2212 1671 2248 ἕτεροι
1686 2212 1825 2246 πλεῖστοι,
1836 2214 1879 2240 οἴ-

1080 2270 1154 2292 τινες
1168 2260 1216 2288 ἀπ’
1233 2260 1324 2287 αὐτῶν
1344 2260 1399 2287 τῶν
1413 2261 1575 2296 ἑωρακότων
1591 2261 1733 2297 Ὠριγένην
1753 2262 1787 2289 τὰ
1810 2263 1878 2298 περὶ

1079 2307 1127 2334 τοῦ
1145 2307 1243 2342 ἀνδρὸς
1260 2306 1470 2342 ὴκριὸώσαντο,
1495 2306 1630 2342 διαϐοήτῳ
1658 2308 1801 2344 μαρτυρὶῳ
1829 2309 1877 2335 τοῦ

1082 2353 1140 2389 βίου
1155 2352 1343 2388 ἐξεληλυθέναι
1357 2352 1400 2378 ἐπ’
1418 2353 1504 2387 αὐτῆς
1520 2354 1569 2388 τῆς
1587 2353 1757 2389 Καισαρείας
1779 2354 1877 2382 Δεκίου

1081 2400 1129 2435 τὴν
1144 2400 1216 2426 κατὰ
1229 2399 1283 2425 τῶν
1298 2399 1470 2435 Χριστιανῶν
1485 2399 1614 2434 ὠμότητα
1639 2400 1777 2431 πνέοντος.
1804 2401 1879 2428 υἰδέ

1082 2455 1164 2481 φασιν
1177 2446 1258 2472 αὐτὸν
1267 2445 1319 2476 ἕως
1328 2446 1429 2472 Γάλλου
1441 2446 1488 2472 καὶ
1497 2445 1676 2472 Βολουσιανοῦ
1689 2446 1788 2482 διαρκέ
1792 2455 1880 2474 σαντα

1084 2493 1131 2519 καὶ
1148 2492 1293 2528 ἑξηκοστὸν
1310 2492 1403 2518 ἔνατον
1420 2492 1479 2524 ἔτος
1490 2493 1511 2509 ⁸⁷
1526 2493 1576 2527 τῆς
1590 2493 1698 2528 ἡλικίας
1714 2494 1816 2527 ἄγοντα
1828 2515 1835 2525 ,
1849 2495 1881 2522 ἐν

1085 2536 1167 2570 Τύρῳ
1189 2536 1236 2562 καὶ
1253 2535 1415 2571 τελευτῆσαι
1438 2536 1486 2562 καὶ
1498 2538 1570 2573 ταςρῇ
1585 2537 1782 2573 παραδοθῆναι.
1799 2539 1880 2566 Ἐστι

892 2612 1012 2641 VARIAS
1030 2611 1222 2640 LECTIONES

270 2677 291 2692 ¹¹
309 2675 437 2711 εὔχεσθαι
451 2685 482 2708 ς,
520 2676 543 2692 ⁸¹
559 2676 647 2711 μαγία
663 2684 693 2707 ς.
732 2675 755 2691 ⁸³
771 2675 800 2701 ἐν
812 2675 873 2702 add.
890 2674 922 2700 A.
960 2673 984 2690 ⁵⁸
999 2681 1086 2708 συμπ.
1107 2671 1154 2698 καὶ
1169 2671 1268 2698 Εὐσεΰ.
1286 2681 1316 2704 ς.
1352 2673 1376 2690 ⁸⁸
1390 2673 1462 2706 ξίφει
1474 2680 1529 2700 om.
1544 2681 1586 2708 pr.
1601 2673 1634 2699 Δ.
1673 2672 1696 2688 ⁵⁸
1709 2673 1749 2707 τῷ
1764 2673 1828 2699 add.
1846 2673 1878 2698 Α.

993 2742 1114 2770 NOTAE.

234 2712 256 2729 ⁸⁷
271 2712 329 2743 ἔτος
343 2720 397 2738 om.
415 2712 448 2737 Δ.

271 2804 333 2839 (85)
348 2803 490 2839 Communi
511 2810 593 2838 opera
615 2803 805 2839 elucubratan
827 2801 898 2839 hanc
924 2801 1026 2839 Apolo-

235 2836 304 2900 {i‘a‘m
322 2836 419 2866 asserit
435 2839 492 2872 ipse
504 2836 601 2865 Euseb.
614 2838 660 2865 Iih.
674 2846 697 2864 νι
716 2836 807 2864 Ecclus
827 2836 900 2879 Hist.
911 2836 1028 2878 cap-{‘20.

262 2875 303 2900 tde
319 2875 394 2900 card.
408 2874 507 2900 Baron.
525 2873 622 2900 Annal.
642 2879 661 2900 ι.
678 2873 708 2900 ll.
723 2874 755 2900 ad
772 2881 837 2900 ann.
851 2872 917 2900 Chr.
931 2872 995 2898 “150.

262 2875 303 2902 ide
319 2875 394 2902 card.
408 2874 507 2902 Baron.
525 2873 622 2901 Annal.
642 2879 661 2901 ι.
678 2873 708 2906 ll,
723 2874 755 2900 ad
772 2881 837 2900 ann.
851 2872 917 2900 Chr.
931 2872 995 2898 “156.

1117 2798 1173 2831 (84)
1193 2798 1286 2832 Capite
1301 2803 1453 2830 truncatus.
1463 2804 1491 2825 ut
1504 2798 1586 2827 refert
1600 2799 1698 2827 Euseb.
1715 2799 1806 2829 Iib.vr.
1818 2807 1842 2827 c.
1852 2799 1878 2827 Ι.

1118 2834 1176 2868 (85)
1191 2834 1256 2860 Ibid.
1276 2834 1375 2861 Euseb.
1396 2842 1456 2868 cap.
1475 2835 1491 2861 5

1121 2868 1188 2904 (85¹)
1204 2868 1234 2896 S.
1252 2869 1362 2897 lIieron.
1383 2870 1419 2898 De
1435 2870 1537 2904 Script.
1562 2870 1660 2898 eccles.
1682 2878 1744 2900 can.
1763 2871 1808 2898 54.
