1938 3091
589 152 599 162 ”
635 167 899 198 BIBLIOTHECA.
919 181 954 186 —
973 168 1054 199 COD.
1075 169 1207 199 CXVIII.

1666 175 1720 208 398

80 223 112 249 δὲ
130 222 233 257 μᾶλλον
243 217 321 253 οὗτος
334 222 348 247 ὁ
361 221 442 255 λόγος
459 221 577 257 ἀληθὴς,
593 221 620 248 εί
633 231 664 256 γε
680 223 708 249 αἱ
725 223 865 258 φερόμενα

929 232 1029 250 annum
1048 229 1172 260 agentem
1187 223 1250 259 Tyri
1274 230 1422 258 mortuum,
1444 227 1469 254 in
1485 228 1634 265 eademque
1650 234 1718 261 urbe

81 268 167 295 αὑτοῦ
177 268 247 303 μετὰ
256 268 303 293 τὸν
310 267 404 293 Δεκίου
416 267 536 303 διωγμὸν
543 268 566 283 ⁸⁸
575 268 718 294 ἐπιστολαὶ
727 268 777 294 οὐκ
786 268 876 303 ἔχουσι

65 308 113 340 ἲτὺ
129 312 260 339 πλαστόν.
278 312 380 344 Παντὸς
399 312 427 339 δὲ
453 312 614 347 μαθήματος
631 313 704 339 ἰδέαν
722 313 804 347 φασιν
828 313 877 339 αὺ-

80 356 218 385 τὸνπκαὶ
245 358 383 393 μετελθεῖν
394 359 417 374 ⁶⁰
431 359 478 384 καὶ
499 359 646 386 διδάσκειν.
662 359 763 386 Τοῦτον
785 360 876 386 τοίνυν

80 404 128 431 τὸν
159 405 318 440 Ὦριγένην,
337 404 366 430 ὃν
388 404 436 431 καὶ
459 405 635 440 Ἀδαμάντιον
657 405 875 439 ἐπονομάζεσθαί

79 459 165 484 φασιν
179 471 185 480 ,
199 450 240 476 ὃτι
254 449 446 484 ἀδαμαντίνοις
458 450 567 485 δεσμοῖς
583 450 704 485 ἐῴκεσαν
719 450 766 482 οὓς
781 451 814 477 ἂν
831 451 875 486 δή-

79 504 138 521 σειε
153 496 251 529 λόγους
260 516 268 527 ,
283 495 422 530 ἀκροατὴν
434 496 480 522 καὶ
493 495 614 531 διάδοχον
623 497 733 530 λέγουσι
746 497 873 529 γενέσθαι

77 542 240 578 Κλήμεντος
254 542 302 568 τοῦ
318 542 505 577 Στρωματέως
519 545 565 569 καὶ
581 542 630 569 τοῦ
647 543 716 570 κατὰ
733 542 805 578 [160
818 543 872 580 IL]

79 589 128 624 τὴν
160 589 367 624 Ἀλεξάνδρειαν
404 584 642 624 ὲκκλησιαστικοιῗ
666 590 871 617 διδασκαλείου·

78 635 229 668 Κλήμεντα
242 635 271 660 δὲ
285 635 436 661 Πανταίνου
449 635 577 668 γενέσθαι
588 635 697 668 λέγουσι
710 636 757 662 καὶ
769 635 874 670 ἀκροα-

77 681 128 716 τὴν
155 681 269 707 καὶτοῦ
292 680 480 707 διδασκαλείου
503 680 641 716 διάδοχον,
668 681 818 708 Πάνταινον
844 681 872 707 δὲ

77 727 133 753 τῶν
147 735 177 752 τε.
193 727 255 757 τοὺς
265 727 431 757 ἀποστόλους
448 727 609 762 ἑωρακότων
625 726 825 761 ἀκροάσασθαι,
839 727 869 752 οὺ

78 772 134 808 μὴν
148 772 218 799 ἀλλὰ
231 773 278 799 καί
289 781 371 799 τινων
387 773 477 799 αὐτῶν
489 772 603 799 ἐκείνων
615 772 767 799 διακοῦσαι.

929 270 1072 304 sepultum.
1091 269 1156 302 Quae
1179 271 1287 305 quidem
1316 272 1406 298 verior
1436 275 1559 302 narratio
1590 282 1632 304 est
1655 287 1662 304 :
1692 279 1716 306 si

929 316 1009 342 modo
1031 323 1166 349 germanae
1187 321 1262 348 siml,
1276 325 1335 350 qua:
1359 318 1493 351 feruntur,
1508 321 1629 354 epistola:
1645 324 1717 352 illius

928 366 988 394 post
1003 360 1074 388 Decii
1092 362 1305 395 persecutionem
1317 365 1488 399 conscriptae.
1507 366 1608 395 Omnes
1625 374 1716 397 autem

928 407 1039 434 omnino
1057 407 1215 441 disciplinas
1233 409 1319 442 ipsum
1342 414 1369 436 et
1392 412 1547 446 percepisse
1563 420 1589 440 ct
1606 416 1716 444 docuis-

927 460 957 480 se
982 453 1084 480 ferunt.
1123 453 1201 480 Hunc
1238 454 1302 482 item
1336 454 1480 490 Origenein
1512 460 1603 493 (quem
1634 463 1714 488 etiam

924 500 1114 527 Adamantium
1144 501 1364 535 cognominatum
1390 509 1423 529 ex
1453 511 1486 530 eo
1508 506 1627 538 tradunt,
1644 508 1714 540 quod

925 545 982 579 (86)
998 546 1126 577 rationes,
1142 553 1211 580 quas
1233 546 1383 581 colligaret.
1405 547 1589 577 adamantinis
1602 551 1716 584 quibus-

924 592 986 618 dam
997 592 1073 625 quasi
1090 591 1208 619 vinculis
1226 599 1279 618 non
1296 592 1437 620 absimiles
1451 594 1618 631 videremur)
1636 598 1715 624 audi-

924 641 1010 664 torem
1033 636 1116 664 fuisse
1131 637 1278 664 Clementis
1301 638 1361 672 ejus
1387 639 1431 673 qui
1449 639 1613 668 Stromateus
1626 642 1714 670 dictus

925 685 977 713 est,
993 681 1170 716 ejusdemque
1187 682 1213 708 in
1233 683 1398 710 catechetica
1417 685 1508 711 schola
1524 693 1582 720 qua:
1597 686 1715 714 Alexan-

926 727 991 754 dria:
1005 732 1074 758 erat,
1089 734 1287 755 successorem.
1305 728 1472 756 Clementem
1490 739 1571 764 porro
1593 731 1713 760 Paula-mi

923 769 1008 798 fuisse
1046 771 1206 806 discipulum
1245 773 1397 808 scholchue
1431 782 1616 804 successorem
1647 786 1655 805 :
1684 783 1715 806 et

76 817 236 843 Pantzuum
253 824 358 844 rursum
372 817 405 844 iis
424 825 502 845 usum
521 816 669 851 magistris,
686 817 731 850 qui
749 815 885 850 apostolos
900 816 1030 843 vidissent
1047 825 1054 842 :
1071 817 1135 850 quin
1151 822 1177 844 et
1194 817 1302 845 illorum
1322 820 1465 847 nonnullos
1477 822 1607 851 audiisse.

109 863 167 894 Τὰς
182 863 211 889 δὲ
225 863 296 889 κατὰ
314 863 468 898 Ὠριγένους
484 864 606 899 κινήσεις
622 863 728 890 ἐκεῖθεν
741 863 866 897 λέγουσιν

953 862 1087 890 Caeterum
1116 863 1180 891 hinc
1204 865 1231 891 in
1261 864 1406 900 Origenem
1433 868 1580 896 excitatam
1602 879 1712 900 omnem

76 911 220 945 ἐκρυῆναι·
242 910 397 944 Δημήτριος
419 909 623 946 Ἀλεξανδρείας
647 910 813 940 ἐπεσκόπει,
840 909 869 940 ὃς

82 957 226 992 Ὢριγένην
241 956 275 982 δι’
291 956 410 982 ἐπαίνων
430 953 488 991 εἶχε
505 957 552 983 καὶ
576 957 605 988 ἐς
631 956 696 988 τοὺς
723 956 869 990 φιλτάτους

76 1002 250 1030 συνέταττεν.
273 1003 343 1029 Ἀλλ’
372 1002 514 1038 Ὠριγένης
530 1003 634 1038 μέλλων
645 1002 668 1018 ⁸¹
684 1002 812 1037 ἀπαίρειν
828 1002 869 1033 είς

82 1050 212 1084 Ἀθήνας,
227 1050 311 1085 χωρὶς
325 1050 375 1084 τῆς
391 1049 438 1076 τοῦ
451 1050 551 1076 οἰκείου
567 1048 680 1084 γνώμης
705 1048 867 1080 ἐπισκόπου,

75 1097 116 1127 εὶς
132 1096 319 1130 πρεσϐύτερον
343 1097 372 1122 οὐ
394 1096 453 1123 δέον
462 1096 484 1112 δ’
499 1095 706 1127 ἀναϐιϐάζεται.
721 1095 868 1126 Θεότεκνος

74 1138 140 1175 δ’ἧν
154 1142 168 1166 ὁ
184 1141 255 1168 κατὰ
269 1141 438 1176 Καισάρειαν
449 1141 498 1176 τὴν
514 1142 544 1167 ὲν
556 1141 724 1177 Παλαιστίνῃ
737 1141 783 1167 τὸν
798 1141 867 1176 ἀρχ-

76 1188 214 1222 ιερατικὸν
237 1187 365 1222 χειρίζων
383 1187 465 1222 νόμον
490 1188 504 1214 ό
518 1187 567 1223 τῆς
585 1188 738 1223 Ὦριγένους
752 1187 868 1222 αὐτουρ-

75 1232 124 1266 γδς
135 1232 303 1267 χειροτονίας
314 1252 322 1263 .
338 1232 408 1267 ἔχων
431 1232 642 1259 συνευδοκοῦντα
657 1233 703 1259 καὶ
719 1233 764 1259 τὸν
786 1232 867 1266 Ἰερο-

75 1278 204 1312 σολύμων
220 1277 404 1313 Ἀλέξανδρον.
421 1278 559 1313 Τρέπεται
571 1278 615 1305 διὰ
630 1278 708 1305 τοῦτο
718 1278 867 1313 Δημητρίῳ

74 1323 114 1353 εἰς
132 1323 212 1357 μῖσος
227 1322 257 1349 τὸ
269 1323 379 1358 φίλτρον
390 1323 438 1350 καὶ
452 1323 477 1349 οἱ
487 1323 593 1350 ἔπαινοι
604 1324 671 1358 πρὸς
681 1323 743 1354 τοὺς
753 1322 866 1357 ψόγους,

73 1369 122 1395 καὶ
139 1368 250 1400 σύνοδος
265 1368 421 1404 ἁθροίζεται
431 1370 500 1395 κατὰ
515 1369 668 1405 Ὠριγένους
676 1370 697 1385 ⁸³
709 1370 866 1396 ἐπισκόπων

73 1413 121 1439 καί
133 1421 216 1439 τινων
232 1412 437 1448 πρεσϐυτέρων.
454 1414 488 1440 Ἦ
498 1413 525 1440 δὲ
538 1434 544 1446 ,
555 1415 592 1444 ὡς
607 1414 621 1440 ὁ
635 1414 777 1449 Πάμφιλός
788 1421 866 1449 φησι,

71 1455 226 1492 ψηφίζεται
252 1457 419 1492 μεταστῆναι
439 1458 488 1492 μὲν
513 1458 568 1484 ἀπὸ
586 1458 798 1493 Ἀλεξανδρείας
820 1457 867 1484 τὸν

79 1505 225 1539 Ὠριγένην
236 1524 243 1537 ,
260 1504 307 1531 καὶ
324 1505 392 1540 μήτε
411 1504 560 1540 διατρίϐειν
575 1505 603 1530 ὲν
621 1506 689 1540 αὐτῇ
708 1506 776 1539 μήτε
791 1505 864 1532 διδά-

924 913 1111 944 tempestatem
1131 917 1355 939 commemorant.
1373 912 1525 942 Demetrius
1540 916 1712 946 Alexandriae

922 955 1021 989 praesul
1042 954 1186 990 Origeneiu
1209 957 1324 983 multum
1348 957 1471 992 laudans,
1490 960 1516 986 iu
1534 963 1628 995 paucis
1642 965 1710 992 cha-

922 1001 1060 1028 rissimum
1086 1001 1212 1029 habebat.
1229 1002 1264 1028 At
1280 1010 1340 1030 cum
1367 1004 1409 1031 hic
1429 1005 1532 1040 absque
1557 1009 1624 1035 bona
1651 1011 1707 1045 epi-

922 1047 996 1081 scopi
1012 1047 1089 1074 venia
1106 1048 1227 1076 Athenas
1243 1049 1414 1083 profecturus
1438 1058 1522 1085 esset,
1539 1053 1710 1086 Theotecnus

922 1091 978 1127 (87)
996 1091 1126 1119 Caesarem
1145 1091 1297 1120 Palaestina:
1320 1098 1376 1122 tum
1407 1097 1648 1132 archiepiscopus,
1665 1109 1710 1128 se-

921 1145 970 1165 cus
984 1145 1045 1164 eum
1067 1146 1147 1173 quam
1172 1145 1321 1174 oporteret,
1350 1143 1538 1177 presbyterum
1558 1145 1707 1179 ordinavit,

921 1192 974 1212 non
990 1184 1161 1219 improbante
1187 1185 1286 1212 factum
1309 1186 1361 1214 hoc
1375 1187 1530 1216 Alexandro
1547 1189 1707 1227 Hierosoly-

920 1237 1026 1257 morum
1051 1231 1190 1265 episcopo.
1222 1231 1294 1266 93a
1323 1232 1392 1260 lliuc
1419 1234 1555 1263 Demetrio
1580 1244 1657 1264 amor
1680 1238 1707 1265 in

920 1277 1011 1303 odium
1035 1277 1127 1309 vertit,
1156 1277 1303 1313 laudesque
1330 1287 1391 1306 mox
1418 1287 1480 1307 cum
1509 1281 1708 1316 vituperatione

920 1328 1103 1351 commutatae.
1124 1323 1250 1359 Synodus
1272 1325 1381 1359 insuper
1404 1326 1592 1362 episcoporum
1612 1335 1707 1357 coacta

919 1372 948 1394 et
973 1368 1193 1403 presbyterorum
1220 1370 1399 1404 quorumdam
1422 1376 1515 1398 contra
1538 1371 1680 1408 Origeucm
1699 1383 1706 1402 :

919 1421 990 1448 quae.
1016 1419 1045 1442 ut
1064 1414 1223 1449 Pamphilus
1246 1416 1339 1448 refert,
1360 1417 1496 1445 decretum
1513 1419 1577 1446 fecit
1591 1420 1708 1448 Alexan—

919 1460 979 1487 dria
1002 1461 1110 1495 quidem
1140 1462 1293 1496 pellendum
1319 1462 1475 1498 Origenem.
1501 1473 1588 1500 neque
1620 1468 1646 1494 in
1675 1475 1707 1495 ea

919 1506 1024 1533 versari
1049 1511 1095 1534 aut
1117 1507 1216 1535 docere
1245 1509 1473 1543 permittendum;
1497 1511 1641 1538 sacerdotii
1665 1518 1707 1540 ta-

73 1557 168 1581 σκειν,
190 1548 242 1583 τῆς
259 1549 349 1583 μέντοι
362 1549 410 1576 τοῦ
426 1550 625 1585 πρεσϐυτερίου
644 1549 729 1584 τιμῆς
743 1550 867 1585 οὐδαμῶς

921 1560 981 1579 men
1006 1552 1139 1587 dignitate
1167 1561 1336 1588 nequaquam
1359 1555 1584 1585 submovendum.
1606 1557 1705 1584 Verum

72 1595 303 1630 ἁποκεκινῆσθαι.
325 1595 394 1622 Ἀλλ’
406 1597 420 1622 ὅ
437 1605 467 1630 γε
480 1598 636 1632 Δημήτριος
649 1596 707 1632 ἅμα
718 1598 789 1624 τισὶν
804 1599 866 1623 ἐπι-

73 1642 188 1673 σκόποις
216 1643 375 1676 Αἰγυπτίοις
388 1643 436 1670 καὶ
458 1644 508 1683 τῇς
521 1643 671 1678 ἱερωσύνης
689 1644 847 1680 ἀπεκήρυξε
857 1664 865 1676 ,

73 1691 345 1726 συνυπογραψάντων
361 1691 407 1717 καὶ
420 1691 452 1726 τῇ
470 1690 606 1725 ἀποφάσει
631 1690 686 1717 τῶν
712 1690 866 1725 συμψήφων

73 1737 148 1772 αὐτῷ
171 1736 376 1772 γεγενημένων.
398 1736 603 1771 Φυγαδευθέντα
616 1736 645 1763 δὲ
660 1737 710 1772 τῆς
740 1736 866 1768 Ἀλεξαν-

73 1783 168 1818 δρείας
195 1782 241 1809 τὸν
275 1783 451 1818 Ὠριγένηνθδ
474 1783 619 1814 Θεότεκνος
645 1783 659 1810 ὁ
683 1782 867 1818 Παλαιστίνης

73 1830 203 1865 ἀσμένως
215 1838 244 1856 τε
259 1829 363 1863 διάγειν
378 1831 407 1856 ὲν
423 1830 577 1865 Καισαρείᾳ
589 1829 750 1862 ὑπεδέξατο,
760 1831 807 1856 καὶ
818 1830 865 1856 τοῦ

71 1876 214 1902 διδάσκειν
229 1877 320 1902 πᾶσαν
346 1875 470 1907 ἐξουσίαν
491 1876 649 1910 ἐνεχείρισε.
667 1876 721 1902 Καὶ
744 1875 793 1907 τὰς
815 1876 865 1911 μὲν

74 1922 184 1954 αἰτίας,
200 1921 231 1954 ἐξ
254 1919 292 1948 ὧν
315 1922 413 1957 συνέϐη
435 1923 484 1954 τὰς
500 1921 627 1952 διαϐολὰς
651 1922 802 1958 ἐκραγῆναι
826 1922 865 1957 τῷ

80 1969 215 2004 Ὠριγένει
224 1988 232 2000 ,
256 1968 358 1999 ταύτας
378 1968 469 2002 φησίν.

108 2014 166 2048 Τὴν
179 2013 209 2039 δὲ
225 2014 295 2049 ὑπὲρ
316 2008 469 2048 Ὠριγένους
486 2013 642 2047 ἀπολογίαν,
658 2014 695 2046 ὼς
712 2013 828 2048 ἔφημεν,
850 2014 865 2039 ό

75 2059 219 2094 Πάμφιλος
234 2060 282 2086 σὺν
297 2059 419 2094 Εὐσεϐίῳ
445 2059 642 2094 καθειργμένος
671 2059 710 2094 τῷ
732 2060 864 2094 οἰκήματι

75 2105 276 2140 συνεγράψατο,
290 2106 338 2132 καὶ
354 2105 455 2140 ταύτην
471 2105 538 2139 πρὸς
549 2105 613 2137 τοὺς
631 2106 660 2131 ἐν
673 2105 813 2139 μετάλλοις
821 2105 864 2132 διὰ

74 2152 193 2188 Χριστὸν
206 2151 481 2187 ταλαιπωρουμένους
495 2151 559 2187 [500
574 2151 620 2187 IL]
632 2151 809 2186 διεπέμψατο,
825 2148 863 2179 ὦν

74 2197 108 2233 ἧν
121 2198 153 2224 τὺ
173 2198 328 2233 ἀκροθίνιον
347 2197 561 2233 Πατερμοὺθιος.
581 2199 595 2225 ὁ
619 2198 688 2233 μετὰ
714 2198 800 2234 βραχὺ
812 2198 862 2233 τῆς

917 1598 1070 1626 Demetrius
1086 1607 1137 1626 una
1154 1607 1215 1626 cum
1239 1599 1357 1635 Egyptii
1381 1601 1516 1636 episcopis
1531 1603 1645 1638 aliquot,
1661 1611 1707 1631 sa-

917 1645 1038 1672 cerdotio
1061 1652 1169 1680 quoque
1196 1646 1270 1672 illum
1295 1646 1441 1680 abjudicat,
1470 1649 1706 1677 subscribentibus

917 1690 997 1717 etiam
1026 1691 1116 1718 edicto
1145 1691 1217 1723 huic,
1244 1696 1377 1726 quotquot
1406 1697 1485 1720 antea
1516 1693 1653 1729 sull'ragati
1679 1695 1705 1722 ei

917 1736 1042 1764 fuissent.
1064 1735 1102 1762 lta
1121 1737 1202 1770 igitur
1223 1736 1386 1764 Alexandria
1412 1738 1438 1764 in
1457 1738 1581 1765 exsilium
1598 1739 1703 1774 pulsum

917 1781 1072 1816 Origeueiu,
1089 1782 1260 1809 Theotecnus
1283 1782 1434 1810 Paitnslime
1461 1784 1603 1818 episcopus
1618 1784 1705 1812 liben-

917 1832 958 1855 ter
972 1828 1103 1856 Csesarea:
1123 1833 1150 1855 et
1170 1830 1268 1863 degere
1282 1829 1375 1864 jussit,
1391 1835 1419 1857 et
1440 1831 1473 1857 de
1487 1831 1628 1866 superiore
1645 1831 1705 1859 loco

917 1873 1029 1900 docendi
1046 1878 1204 1908 potestatem
1223 1873 1296 1900 fecit.
1322 1873 1378 1901 Has
1393 1874 1438 1902 ille
1452 1882 1550 1903 causas
1570 1875 1658 1907 aﬂ‘ert.
1670 1884 1703 1904 ex

915 1919 1015 1954 quibus
1039 1927 1134 1947 omnes
1152 1919 1203 1947 illte
1218 1920 1361 1947 calumniae
1387 1920 1413 1946 in
1442 1920 1586 1956 Origenem
1606 1930 1704 1957 erupe-

916 1966 980 1992 rint.

950 2009 1016 2045 Ejus
1041 2018 1123 2046 porro
1146 2010 1317 2046 Apologiam,
1339 2016 1368 2039 ut
1393 2012 1520 2046 diximus,
1545 2014 1704 2048 Pamphilus

915 2064 968 2084 una
987 2064 1048 2084 cum
1073 2056 1201 2090 Eusebio,
1226 2058 1363 2084 communi
1379 2065 1490 2086 carcere
1516 2059 1622 2092 inclusi,
1638 2067 1703 2086 cou-

915 2102 1094 2136 scripserunt,
1110 2102 1260 2137 eademque
1277 2103 1309 2129 ad
1324 2111 1380 2136 eos.
1402 2104 1447 2138 qui
1466 2112 1513 2139 pro
1535 2105 1636 2133 Christi
1652 2114 1702 2133 no-

916 2149 988 2176 mine
1010 2148 1043 2176 ad
1066 2149 1173 2176 metalla
1198 2150 1317 2176 damnati
1345 2150 1550 2183 exercebantur,
1576 2152 1702 2180 consola-

917 2195 983 2222 tioni
1011 2195 1153 2228 miserunt,
1185 2202 1299 2229 quorum
1325 2196 1452 2230 princeps
1478 2201 1537 2224 erat
1561 2197 1703 2225 Paterinu-

76 2244 219 2279 Παμφίλου
232 2244 387 2275 ἀναλύσεως
402 2243 445 2270 διὰ
461 2244 546 2279 πυρὸς
563 2244 609 2270 καὶ
622 2244 703 2275 αὐτὸς
725 2244 773 2271 σὺν
805 2244 864 2271 ἐτέ-

921 2241 988 2268 lhius
1004 2240 1072 2276 (88),
1091 2241 1136 2275 qui
1155 2245 1214 2275 post
1231 2240 1365 2275 Pamphili
1387 2250 1435 2276 per
1458 2243 1616 2279 martyrium
1635 2244 1703 2271 emi-

77 2299 132 2326 ροις
145 2291 192 2316 τὸν
211 2290 267 2324 βίον
280 2289 445 2321 τελειωθείς.
461 2287 516 2316 Ἦν
530 2290 558 2316 δὲ
576 2289 720 2324 Παμφίλου
733 2289 863 2317 διδάσκα-

75 2337 118 2368 λος
134 2337 149 2362 ὁ
164 2336 282 2370 Πιέριος,
297 2335 343 2362 τοῦ
373 2337 402 2362 ὲν
422 2335 611 2371 Ἀλεξανδρείᾳ
626 2335 673 2362 καὶ
686 2335 767 2367 αὐτὸς
796 2344 863 2370 προ-

913 2286 1075 2320 gratiouem,
1101 2285 1176 2313 brevi
1202 2285 1343 2320 interjecto
1370 2291 1500 2320 tempore,
1528 2288 1644 2316 [laminis
1675 2293 1703 2317 et

914 2332 972 2364 ipse
987 2339 1047 2358 cum
1064 2331 1124 2359 aliis
1141 2331 1196 2357 vita
1224 2331 1320 2365 pulsus
1334 2336 1385 2359 est.
1401 2331 1534 2367 Pamphili
1551 2339 1703 2369 praeceptor

76 2382 197 2417 εστηκὼς
206 2381 393 2408 διδασκαλείου
403 2390 412 2396 ·
430 2382 535 2416 μάρτυς
549 2381 578 2407 δὲ
593 2381 640 2408 καὶ
655 2381 669 2407 ὁ
684 2381 793 2416 Πιέριος
805 2381 864 2416 ἅμα

921 2377 1018 2404 9ierius
1033 2377 1091 2409 fuit,
1110 2378 1165 2411 ipse
1187 2385 1295 2412 quoque
1317 2377 1417 2405 schola:
1440 2379 1629 2407 Alexandrinae
1645 2388 1702 2407 nia-

77 2429 113 2463 τῷ
139 2428 248 2462 ἀδελφῷ
276 2427 404 2463 Ἰσιδώρῳ
438 2427 493 2453 τῶν
524 2426 678 2461 ἀθλητικῶν
705 2426 864 2459 ἀξιωθέντες

921 2424 1007 2458 gistcr,
1034 2428 1190 2458 martyrque
1212 2424 1294 2456 idem,
1317 2432 1369 2451 una
1397 2432 1459 2452 cum
1483 2425 1570 2453 fratre
1600 2426 1702 2454 Isidoro

77 2475 228 2510 στεφάνων,
243 2471 295 2505 οἷς,
318 2473 355 2505 ὣς
373 2481 449 2508 φασι,
484 2473 531 2500 καὶ
557 2472 625 2504 νεὼς
648 2472 695 2499 καὶ
718 2470 787 2499 οἶκοι
811 2473 864 2499 ὑπὸ

921 2469 1073 2496 certaminis
1099 2477 1226 2497 coronam
1254 2470 1369 2505 adeptus
1397 2476 1466 2498 est;
1497 2472 1594 2506 quibus
1619 2473 1701 2500 etiam

749 2551 870 2580 νΔΙὶΙιΕ
890 2550 1097 2579 LECTIONES.

766 2609 788 2624 ‘°
804 2609 851 2635 xui.
867 2614 929 2636 ante
941 2608 1080 2643 μετελθεῖν
1092 2615 1146 2635 οιιι.
1166 2616 1205 2642 pr.
1218 2610 1250 2634 Δ.
1298 2608 1319 2624 ⁸⁸
1333 2607 1438 2642 μέλλων
1452 2608 1514 2635 add.
1532 2609 1564 2634 A.
1602 2609 1624 2624 “
1641 2613 1700 2642 post

471 2611 494 2627 ⁵⁸
509 2609 590 2636 αὐτόν
606 2618 672 2644 φασι
686 2618 716 2642 ς.
766 2609 788 2624 ⁸⁰
804 2609 851 2635 κα)⁵
867 2614 929 2636 ante
941 2609 1080 2643 μετελθεῖν
1092 2615 1146 2635 οιιι.
1166 2616 1205 2642 pr.
1218 2610 1250 2634 Δ.
1298 2609 1319 2624 ⁸⁸
1333 2609 1438 2642 μέλλων
1452 2609 1514 2635 add.
1532 2609 1564 2634 A.

478 2646 548 2672 κατὰ
571 2646 723 2678 Ὠριγένους
737 2649 798 2678 post
815 2643 1009 2678 πρεσϐυτέρων
1024 2644 1100 2678 ponit
1114 2651 1144 2675 ς.
1183 2643 1205 2658 ⁸⁵
1221 2644 1267 2670 τὸν
1288 2643 1374 2678 Ὠριγ.
1392 2644 1441 2678 τῆς
1461 2643 1547 2676 Ἀλεξ.
1562 2653 1593 2675 ς.

109 2612 131 2628 ⁵⁸
144 2612 266 2647 διωγμὸν
282 2610 376 2638 Δεκίου
393 2620 423 2643 ς.
471 2611 494 2627 ⁵⁸
509 2610 590 2636 αὐτόν
606 2618 672 2644 φασι
686 2618 716 2642 ς.
766 2610 788 2624 ⁶⁰
804 2610 851 2635 κα)⁵
867 2614 929 2636 ante
941 2610 1080 2643 μετελθεῖν
1092 2615 1144 2635 οιιι.

109 2657 131 2675 av
143 2655 205 2676 cum
218 2649 240 2674 A
256 2648 334 2674 omisi
350 2646 388 2673 ὃν.
442 2645 464 2661 ⁸³
478 2646 548 2672 κατὰ
571 2646 723 2680 Ὠριγένους
737 2649 798 2679 post
815 2643 1009 2680 πρεσϐυτέρων
1024 2644 1100 2678 ponit
1114 2651 1144 2675 ς.

76 2648 131 2675 δέον
143 2655 205 2676 cum
217 2646 240 2674 Α
256 2648 334 2674 omisi
350 2646 388 2673 ὖν.

824 2734 943 2762 NOTAE.

951 2793 1009 2828 (88)
1031 2792 1165 2828 Alius-hie
1183 2792 1302 2820 videtur.
1320 2792 1522 2828 Patermuthius
1544 2794 1577 2820 ab
1594 2800 1637 2824 eo,
1652 2793 1698 2828 qui

914 2829 940 2856 in
955 2829 1112 2863 Grecorum
1131 2827 1279 2862 Menologio
1304 2833 1332 2856 et
1355 2827 1430 2855 Rom.
1462 2827 1653 2863 Martyrologio
1680 2828 1698 2856 9

911 2863 974 2892 Julii
989 2864 1039 2891 sub
1055 2862 1163 2892 Juliano
1178 2864 1308 2898 Apostata
1327 2871 1424 2898 passus
1438 2863 1546 2891 dicitur.

111 2801 165 2836 (86)
182 2801 212 2837 S.
230 2799 362 2834 Epiphan.
381 2803 407 2826 et
420 2798 492 2837 alii._
718 2830 737 2837 _
814 2831 820 2837 _

110 2830 164 2872 (ετ)
180 2830 377 2872 ’ῐιιειίοιῖειιιιιι
385 2839 464 2872 vocat
522 2832 631 2872 Hieron.
649 2830 698 2872 lib.
713 2830 752 2872 De
767 2831 860 2872 scrip_t.

78 2866 166 2899 γέλοι’.
182 2878 244 2906 cap.
254 2869 303 2900 54:
319 2874 345 2897 et
359 2869 459 2896 Euseb.
475 2869 520 2896 lib.
540 2876 577 2900 νι,
595 2866 666 2894 Hist.
683 2866 775 2894 eccles.
790 2874 815 2894 c.
833 2866 859 2892 7.
