1938 3091
216 125 269 156 407

801 124 935 155 ΡΗΟΤΙῙ
955 124 1210 155 PATRIARCH/E
1230 125 1284 154 (ΖΡ.

1801 124 1858 155 408

218 179 372 209 Corinthios
385 179 676 214 continebanturﬂS).
694 178 815 211 Quarum
833 178 918 212 prima
934 178 1008 213 ipsos

1068 178 1110 205 lui
1125 179 1200 212 πρὸς
1219 177 1395 212 Κορινθίους
1408 176 1430 212 β’
1443 177 1613 212 ἑνεφέροντο,
1624 174 1661 204 ὤν
1678 178 1693 213 ἡ
1710 178 1808 214 πρώτη
1823 181 1858 206 δι’

217 232 339 259 accusat,
372 227 445 261 qttod
473 226 673 258 seditionibus,
700 225 787 252 tttrbis
823 232 855 252 ac
880 224 1010 252 schisma-

217 273 252 301 tis
282 272 417 304 violarint,
441 279 522 305 quam
549 272 620 298 inter
645 279 693 298 eos
714 270 816 298 servari
840 274 1008 304 oportuerat,

218 326 311 353 pacem
329 317 559 351 concordiamque
579 326 586 343 :
604 317 785 350 hortaturque
807 317 842 344 ab
868 318 920 344 hoc
939 317 1010 344 malo

218 370 380 398 temperare.
392 363 512 398 Simplex
526 363 585 397 ejus
600 364 689 390 oratio
707 368 749 390 est
766 371 798 390 ac
810 364 963 398 perspicua,
976 364 1009 390 ad

217 410 430 438 ecclesiasticam
467 416 494 437 et
518 409 713 437 inelaboratant
743 410 878 438 accedens
901 410 1009 438 dicendi

216 457 348 484 fortnam.
374 457 566 491 lleprehendat
594 463 660 483 vero
673 456 724 483 ltoc
749 456 776 483 in
794 456 847 483 illis
862 456 1007 490 quispiam,

216 503 289 537 quod
311 509 388 530 extra
416 503 556 531 Oceanum
589 504 708 530 mundos
747 503 854 537 aliquos
880 502 1008 530 collocet.

216 546 320 575 Deinde
337 548 408 575 forte
425 553 451 575 et
467 547 549 580 illud,
574 548 644 582 quod
670 548 822 582 plnt‘nicem
850 556 929 576 avent
950 549 1010 576 tini-

216 601 276 620 cam
287 599 415 628 t-anqttatn
428 601 476 628 pro
486 594 629 620 verissitno
644 593 757 620 adhibet
769 599 930 628 argumento
940 593 1008 629 (Ml.

217 641 322 672 Tertio,
349 641 422 675 quod
447 648 584 667 stnnmum
610 640 781 667 sacerdotem
808 640 1010 675 praesidemque

216 688 362 716 Dominum
379 693 503 715 nostrum
520 685 612 714 Jesnm
631 686 770 713 Christum
789 686 947 721 appellans,
976 694 1010 714 ne

217 735 281 762 illas
304 734 413 768 quidem
433 734 486 760 Deo
512 733 706 760 convenientes
733 737 761 759 et
782 732 955 760 sublitniores
976 733 1010 760 de

216 788 250 807 eo
264 788 344 807 voces
366 780 534 814 pronuntiet,
556 780 667 806 tametsi
686 786 736 806 nec
749 783 844 813 aperte
864 779 953 813 ipsum
969 778 1010 806 ul-

217 825 265 853 lilii
282 826 308 853 in
325 825 366 852 his
379 825 559 860 blasphemet.
584 823 675 851 Altera
691 831 755 851 vero
772 823 888 858 epistola
909 829 937 851 et
951 825 1007 858 ipsa

219 872 419 900 institutionem
445 870 711 904 admonitionemque
732 870 794 897 vitae
808 870 930 896 continet
950 878 1002 897 me-

217 915 295 943 lioris
308 926 315 944 :
333 920 416 950 atque
433 915 492 949 ipso
515 923 576 941 mox
591 915 669 942 ittitio
683 915 822 942 Christum
845 915 929 942 Deum
943 922 1011 950 pra:-

218 962 302 993 dicat,
317 961 369 988 ctsi
382 963 455 988 dicta
483 962 605 995 qtucdam
632 961 774 995 peregrina
803 961 879 988 velut
901 968 916 987 e
934 968 1012 988 sacra

219 1008 361 1042 Scriptura
388 1007 563 1040 subinducit,
592 1007 693 1041 quibus
725 1014 758 1034 ne
789 1007 876 1041 prima
900 1007 1012 1042 quidem

218 1053 334 1087 epistola
359 1053 471 1079 omnino
496 1057 586 1080 vacat.
613 1052 857 1086 Interpretationes
880 1057 1013 1086 praeterea

218 1099 340 1126 locorum
348 1098 529 1133 quorumdam
538 1098 683 1126 alieniores
696 1098 809 1133 profert.
817 1099 943 1134 Alioquin
956 1100 1015 1134 ipsa

219 1153 280 1180 quas
297 1145 324 1172 in
342 1146 384 1173 his
400 1145 523 1180 epistolis
538 1145 631 1172 insunt
647 1152 738 1177 sensa,
755 1145 876 1172 nonnihil
898 1145 1015 1180 abjecta,

219 1191 409 1219 continentem
429 1199 538 1226 Quoque
555 1191 654 1218 seriem
669 1197 701 1217 ac
718 1192 945 1226 consequentiam
961 1199 1016 1219 non

221 1242 340 1265 servant.

258 1283 411 1318 Legebatnr
434 1288 524 1310 anteut
542 1283 568 1310 in
593 1284 688 1310 eodetn
715 1283 807 1311 libello
832 1287 860 1311 et
889 1284 1018 1319 Polycar—

224 1331 252 1366 pi
267 1330 325 1365 (15)
341 1330 462 1365 Epistola
477 1330 510 1357 ad
526 1330 727 1364 Philippenses,
747 1330 842 1357 multis
854 1330 953 1358 referta
968 1332 1017 1358 ad-

224 1376 431 1408 monitionibus,
454 1384 515 1403 cum
546 1376 741 1411 perspicuitate
765 1383 797 1403 ac
820 1375 1016 1410 simplicitate,

224 1422 408 1450 ecclesiastici
434 1429 509 1449 more
521 1421 688 1456 interpretis.
701 1421 795 1448 Refert
815 1429 923 1456 quoque
945 1421 1017 1456 95b

226 1469 312 1496 divini
325 1468 420 1504 lgnatii
431 1468 585 1501 litteraslad
597 1468 658 1495 illos
672 1476 701 1495 se
711 1468 830 1501 misisse,
845 1469 1018 1503 postulatque

1061 223 1151 256 αιτῖας
1180 225 1280 255 αὐτοὺς
1305 224 1396 257 ’ἄγει,
1429 224 1542 251 στάσεσι
1569 225 1616 250 καὶ
1647 226 1782 260 ταραχαῖς
1808 228 1859 253 καὶ

1062 271 1194 304 σχίσμασι
1221 270 1271 304 τὴν
1286 270 1448 304 πρέπουσαν
1464 270 1558 300 αὐτοῖς
1581 270 1695 305 εἰρήνην
1716 271 1764 297 καὶ
1787 273 1840 306 ὖμό
1853 288 1859 292 ο

1061 323 1136 341 νοιαν
1151 314 1379 349 ἐμπολιτεύεσθα;
1400 313 1553 346 λύσαντας,
1571 316 1620 342 καὶ
1637 318 1767 350 παραινεῖ
1784 317 1858 343 παύ-

1062 361 1160 388 σασθαι
1173 361 1220 388 τοῦ
1234 361 1331 388 κακοῦ.
1353 360 1469 392 Ἀπλοῦς
1483 361 1511 387 δὲ
1529 361 1601 388 κατὰ
1614 361 1665 396 τὴν
1685 363 1786 397 φράσιν
1807 365 1858 390 καὶ

1062 407 1152 440 σαφής
1169 407 1284 433 ἐστικαὶ
1300 407 1384 441 ἐγγὺς
1404 406 1452 433 τοῦ
1471 406 1701 441 ἐκκλησιαστικοῦ
1719 408 1767 434 καὶ
1784 409 1859 435 ἀπε-

1062 453 1173 488 ριέργου
1199 453 1384 488 χαρακτῆρος.
1407 453 1562 479 Αἰτιάσοιτο
1581 454 1604 479 δ’
1617 453 1650 480 ἄν
1664 462 1707 485 τις
1722 454 1805 481 αὑτὸν
1827 457 1859 481 ὲν

1060 500 1174 532 ταύταις
1190 501 1232 527 ὄτι
1248 509 1278 526 τε
1290 501 1337 527 τοῦ
1357 500 1486 527 Ὠκεανοῦ
1498 500 1549 532 ἔξω
1562 501 1682 535 κόσμους
1695 501 1772 534 τινὰς
1787 502 1859 528 ὑπο-

1060 546 1165 573 τίθεται
1188 544 1270 578 εἶναι,
1291 547 1337 573 καὶ
1359 545 1487 582 δεύτερον
1503 547 1570 578 ἴσως
1592 547 1633 573 ὅτι
1647 547 1684 574 ὡς
1701 548 1861 583 παναληθε-

1061 593 1152 628 oti-rip
1165 593 1203 628 τῷ
1218 593 1288 620 κατὰ
1301 592 1348 619 τὸν
1372 593 1482 627 φοίνικα
1502 593 1532 619 τὸ
1559 593 1653 628 δρνεον
1674 594 1860 629 ὑποδείγματι

1061 639 1217 674 κέχρηται,
1235 640 1282 666 καὶ
1299 639 1390 675 τρίτον
1415 640 1456 666 ὅτι
1476 639 1609 675 ἀρχιερέα
1629 641 1676 666 καὶ
1699 641 1861 675 προστάτην

1059 686 1106 712 τῖιν
1122 686 1224 722 Κύριον
1239 685 1317 721 ἡμῶν
1335 685 1439 720 Ὶησοῦν
1454 685 1572 722 Χριστὸν
1585 685 1771 721 ἐξονομάζων,
1795 687 1861 713 οὐδὲ

1060 732 1111 763 τὰς
1129 732 1293 767 θεοπρεπεῖς
1309 732 1356 758 καὶ
1383 732 1553 767 ὑψηλοτέρας
1576 732 1666 767 ἀφῆκε
1683 733 1747 768 περὶ
1772 732 1861 759 αὑτοῦ

1061 779 1153 813 φωνάς
1164 787 1171 794 ·
1186 779 1216 805 οὗ
1232 779 1285 814 μὴν
1299 779 1354 805 οὐδ’
1370 778 1615 813 ἀπαρακαλύπτως
1643 778 1724 805 αὐτὸν
1750 778 1861 813 οὖδαμῆ

1062 826 1091 851 ὲν
1106 825 1212 856 τούτοις
1229 825 1393 860 βλασφημεῖ.
1413 825 1447 851 Ἡ
1461 825 1490 851 δὲ
1512 824 1627 860 δευτέρα
1643 825 1690 851 καὶ
1704 824 1773 859 αὐτὴ
1795 832 1862 850 νου-

1063 870 1157 896 θεσίαν
1167 871 1215 896 καὶ
1228 869 1392 905 παραίνεσιν
1405 869 1560 905 κρείττονος
1572 869 1677 904 εἰσάγει
1688 869 1815 903 βιου,καὶ
1831 869 1864 895 ὲν

1062 917 1133 956 ᾁρχῇ
1151 916 1217 942 Θεὸν
1231 916 1278 942 τὸν
1293 916 1411 950 Χριστὸν
1421 917 1442 931 ⁹¹
1459 915 1594 950 κηρύσσει
1609 936 1617 947 ,
1634 915 1703 951 πλὴν
1720 916 1762 942 ὅτι
1786 915 1865 951 ῥητά

1063 971 1123 989 τινα
1137 963 1174 994 ὡς
1187 962 1241 989 ἀπὸ
1251 963 1301 998 τῆς
1314 962 1389 994 θείας
1400 963 1511 998 Γραφῆς
1525 962 1666 995 ξενίζοντα
1681 963 1861 997 παρεισάγει·

1064 1006 1101 1036 ὦν
1124 1009 1179 1035 οὐδ’
1195 1010 1211 1045 ἡ
1236 1009 1333 1044 πρώτη
1356 1009 1517 1043 ἀπήλλακτο
1532 1009 1683 1040 παντελῶς.
1698 1009 1755 1035 Καὶ
1774 1009 1866 1044 ἑρμη-

1065 1055 1140 1086 νείας
1154 1055 1183 1081 δὲ
1199 1055 1290 1090 ῥητῶν
1303 1063 1384 1082 τινων
1396 1055 1559 1086 ἀλλοκότους
1573 1055 1641 1089 ἔχει.
1659 1055 1765 1086 "anu;
1786 1063 1817 1080 τε
1834 1054 1865 1080 δὲ

1067 1101 1114 1127 καὶ
1137 1100 1172 1126 τὰ.
1192 1101 1222 1127 ὲν
1235 1100 1330 1132 αὐταῖς
1355 1101 1479 1135 νοήματα
1503 1100 1660 1136 ὲρριμμένα
1682 1109 1742 1132 πως
1765 1100 1816 1127 καὶ
1831 1100 1864 1125 οὐ

1068 1146 1168 1181 συνεχῆ
1181 1146 1231 1182 τὴν
1243 1146 1408 1173 ἀκολουθίαν
1422 1147 1531 1182 ὑπῆρχε
1547 1146 1726 1181 φυλάττοντα.

1110 1291 1155 1318 Ἐν
1170 1290 1209 1325 τῷ
1228 1289 1302 1325 αὐτῷ
1316 1289 1344 1316 δὲ
1362 1289 1522 1325 βιϐλιδαρίῳ
1538 1288 1697 1323 ἀνεγνώσθη
1712 1287 1759 1313 καὶ
1774 1286 1867 1313 Πολυ-

1068 1338 1175 1374 κάρπου
1184 1335 1328 1371 Ἐπιστολὴ
1341 1336 1410 1371 πρὸς
1424 1335 1624 1370 Φιλιππησιους
1636 1354 1643 1366 ,
1662 1333 1786 1367 γέμουσα
1798 1332 1867 1358 πολ-

1067 1384 1117 1419 λῆς
1131 1383 1272 1415 νουθεσίας
1297 1383 1366 1418 μετὰ
1396 1382 1546 1417 σαφηνείας
1563 1381 1611 1407 καὶ
1625 1380 1777 1413 ἁπλότητος
1792 1381 1868 1405 κατὰ

1068 1431 1114 1457 τὸν
1140 1428 1371 1465 ἐκκλησιαστικὸν
1387 1428 1438 1462 τῆς
1456 1427 1605 1463 ἑρμηνείας
1626 1426 1721 1453 τύπον.
1746 1426 1867 1459 Λέγει⁹¹

1069 1477 1097 1503 δὲ
1112 1477 1159 1503 καὶ
1175 1476 1224 1508 τὰς
1247 1475 1392 1506 ἐπιστολὰς
1407 1475 1500 1506 αὐτοῖς
1521 1472 1653 1507 Ἶγνατίου
1666 1472 1712 1499 τοῦ
1731 1472 1867 1506 Osos-694w

226 1515 327 1542 certior
338 1514 460 1542 vicissim
479 1514 538 1540 ﬁeri
551 1534 559 1546 ,
584 1513 607 1541 si
625 1514 689 1548 quid
706 1513 776 1541 forte
792 1515 825 1540 de
846 1521 879 1541 eo
895 1514 1012 1542 inaudie-

1070 1521 1290 1552 ἀπεσταλκέναι,
1308 1521 1356 1547 καὶ
1369 1521 1487 1547 αἰτεῖται
1506 1518 1716 1554 ἀναδιδαχθῆναι
1732 1517 1797 1552 παρ’
1816 1517 1870 1542 αὖ·

227 1561 294 1588 rint.

559 1604 687 1633 CXXVII.

246 1653 356 1681 Eusebii
374 1652 508 1687 Pamphili
522 1651 562 1679 De
581 1653 635 1680 vita
655 1652 823 1680 Constantini
835 1652 875 1681 Μ.
888 1653 950 1680 libri
966 1662 1003 1682 tv.

265 1732 405 1768 Leguntur
426 1732 536 1760 Eusebii
555 1731 688 1766 Pamphili
711 1730 751 1758 De
772 1732 825 1758 vita
852 1731 1021 1761 Constantini

229 1779 322 1815 Magni
334 1781 448 1815 August.
467 1779 613 1807 laudatorii
641 1780 702 1807 libri
731 1785 858 1815 quatuor.
874 1781 1022 1809 Continent

228 1832 320 1854 autem
336 1827 418 1862 hujus
434 1827 485 1854 viri
509 1833 571 1854 cum
598 1832 724 1854 cameram
749 1828 855 1855 vivendi
881 1829 1018 1862 fortnam,

1071 1567 1126 1594 τῶν
1140 1567 1166 1593 εἴ
1181 1575 1208 1594 τι
1225 1566 1291 1602 περὶ
1309 1566 1415 1593 ἐκείνου
1430 1566 1616 1592 διακούσαιεν.

1426 1613 1513 1639 PKZ’.

1100 1659 1249 1688 Εὐσεσίου
1268 1659 1321 1686 τοῦ
1335 1659 1495 1693 Παμφίλου
1511 1659 1531 1692 ἡ
1547 1659 1591 1691 εὶς
1608 1656 1842 1685 Κωνσταντῑνον

1201 1695 1256 1721 τὸν
1270 1694 1367 1729 μέγαν
1381 1694 1516 1726 βασιλέα
1531 1693 1730 1728 τετράϐιϐλος.

1112 1739 1285 1774 Ἀνεγνὼσθη
1300 1739 1431 1765 Εὺςεὸίου
1454 1738 1500 1765 τοῦ
1518 1738 1662 1773 Παμφίλου
1677 1739 1693 1772 ἡ
1712 1738 1766 1770 Εἰς
1782 1738 1870 1763 Κων-

1068 1785 1231 1812 σταντῖνον
1242 1785 1298 1812 τὸν
1308 1785 1405 1820 μέγαν
1417 1785 1552 1817 βασιλέα
1575 1784 1641 1820 [508
1655 1783 1702 1819 8.]
1723 1785 1864 1817 ἐγκωμια-

1075 1832 1154 1867 στικὴ
1172 1831 1400 1867 τετράϐιῦλος,ὲν
1447 1832 1607 1868 περιέχεται
1623 1831 1642 1867 ἦ
1660 1839 1691 1858 τε
1707 1829 1754 1857 τοῦ
1769 1830 1870 1866 ἀνδρὸς

875 1899 993 1930 νΑΒΙέΕ
1013 1903 1222 1933 LECTIONES.

993 1970 1110 2000 NOTAE.

264 1933 286 1949 "
303 1932 420 1967 Χριστὸν
431 1933 476 1960 τὸν
493 1934 560 1960 Θεόν
573 1943 604 1967 ς,
640 1934 663 1950 ⁹¹
678 1934 787 1968 λέγεται
806 1935 839 1962 Α.

266 2014 321 2050 ([3)
331 2014 369 2041 De
383 2014 483 2048 quibus
496 2022 556 2050 sup.
574 2022 683 2050 quoque
695 2015 819 2042 Photius.
831 2022 893 2050 cap.
913 2015 975 2047 H3,
986 2022 1014 2043 et

231 2051 262 2078 Β.
272 2049 390 2076 Hieron.
406 2057 466 2083 cap.
485 2049 530 2077 Ην.

268 2084 324 2120 (14)
340 2084 477 2120 Adhibenl
499 2091 590 2120 Ellllt‘ll
618 2092 668 2120 pro
697 2086 788 2120 carnis
814 2087 1020 2113 resurrectione

231 2121 342 2148 Patrum
359 2119 466 2154 plurimi
479 2129 485 2145 :
498 2119 673 2147 Tertttll.rlili.
692 2119 729 2145 De
743 2126 882 2146 resurrect.
897 2128 957 2153 cap.
975 2121 1020 2154 i5,

231 2157 276 2183 tthi
291 2155 373 2181 etiam
386 2154 451 2181 illud
463 2154 533 2191 Psal.
553 2155 724 2191 xct,‘6izatog
740 2154 777 2186 ὡς
790 2155 880 2191 Φοῖνιξ
896 2156 1021 2191 ἀνθήσει,

234 2191 347 2217 reddere
357 2198 438 2216 ausus
447 2195 498 2222 est,
514 2189 589 2216 Velut
602 2188 715 2216 Phoenix
726 2191 841 2221 ﬂarebit.
852 2188 1022 2223 BAAmb'rns.

235 2227 280 2254 lib.
296 2233 323 2252 Vl
339 2225 366 2252 itt
383 2220 614 2266 li_exqeiiier.£:ip:
632 2225 679 2257 ‘23,
695 2220 847 2266 iterumque
918 2225 956 2266 De
972 2226 1024 2266 [ille
1041 2220 1062 2247 Ῑ)

234 2266 374 2288 resurrect.
396 2260 426 2287 ὃ.
444 2260 526 2294 Greg.
547 2260 677 2287 Nazianz.
697 2259 788 2288 Carm.
804 2259 974 2295 ’udKVirgin.
993 2262 1023 2288 S.

235 2297 368 2331 Epiphan.
398 2296 536 2322 Ancm-ato
566 2300 679 2331 :Aatqne
704 2303 738 2322 ex
752 2296 852 2331 iipsius
880 2296 911 2322 B.
936 2296 1024 2324 Clem.

235 2329 349 2359 Cintstit.
367 2331 416 2358 lib.
432 2338 459 2362 ν,
482 2338 506 2356 c.
525 2331 559 2363 6;
577 2329 607 2357 Β.
627 2330 721 2366 Cyrill.
743 2330 880 2366 (Σαισεῄεεὶ
895 2331 939 2364 18,
970 2339 1026 2358 tne-

236 2367 368 2400 minitque
384 2366 463 2400 hujus
477 2365 535 2392 avis
552 2365 656 2393 Euseb.
666 2366 712 2393 lib.
722 2374 748 2393 tv
762 2365 800 2393 De
811 2365 947 2394 Consistit.
960 2367 1026 2399 vita;

236 2401 279 2428 t-ni
293 2402 361 2428 adde
383 2401 504 2432 gentium
524 2403 685 2435 scriptorum
712 2401 820 2428 turbam
840 2410 848 2428 :
866 2400 979 2429 Lttcian.
999 2402 1024 2428 in

237 2437 333 2468 Sectis,
361 2436 429 2462 Plin.
445 2435 492 2462 lib.
509 2443 535 2468 Χ,
554 2443 615 2467 cap.
633 2437 681 2467 ii;
709 2436 842 2467 Tacitum,
869 2437 966 2464 Annal.
986 2444 1024 2470 v;

235 2471 328 2498 Aurel.
336 2471 438 2498 Victor.
453 2470 553 2498 Ιέἱειον.
562 2471 680 2505 Augusta
688 2480 697 2502 ;
705 2471 914 2506 Potnp.Melant,
925 2472 971 2501 lib.
982 2480 1025 2504 ttt,

236 2516 296 2539 cap.
313 2507 344 2539 9;
367 2505 451 2533 Solin.
471 2507 591 2540 t-ap.56;
605 2505 787 2534 Claudianiet
799 2507 878 2534 Auct.
892 2507 982 2536 Carm.
995 2509 1027 2534 de

237 2542 371 2574 l‘ltmnice,
389 2542 459 2577 apud
473 2540 598 2569 Lactant.
611 2550 619 2574 ;
634 2548 661 2569 et
678 2542 711 2568 de
726 2542 828 2569 Graecis
845 2541 976 2577 Xiphilin.
1000 2543 1025 2568 in

241 2577 366 2609 Tiberio;
392 2576 520 2612 iit-rodot.
539 2577 585 2604 lib.
603 2584 640 2610 tt;
670 2577 797 2612 llorapol.
813 2578 858 2604 lib.
875 2576 894 2610 ί,
916 2586 976 2612 cap.
993 2577 1028 2605 55

239 2618 266 2638 et
281 2612 362 2643 alibi;
385 2611 486 2639 Elian.
509 2612 547 2639 De
560 2612 673 2639 animal.
697 2611 753 2639 nat.
776 2613 823 2639 lilt.
842 2620 880 2644 Vt,
897 2611 959 2646 Cap.
979 2613 1026 2640 58.

239 2647 298 2674 Etsi
314 2654 378 2674 ante
393 2647 518 2673 Pltotium
531 2647 681 2675 dubitando
690 2649 722 2674 de
734 2648 785 2674 hac
799 2655 850 2675 ave
864 2648 944 2675 locuti
961 2649 1026 2680 sint,

240 2682 270 2709 B.
284 2682 371 2710 Clem.
389 2690 480 2715 supra,
507 2690 567 2709 cunt
582 2682 612 2710 Β.
629 2683 708 2717 Greg.
728 2682 795 2710 Νη.
818 2689 888 2710 orat.
909 2685 942 2710 de
964 2684 1026 2717 Spi-

242 2719 295 2744 ritu
312 2724 408 2754 sancto
420 2725 480 2754 qua:
500 2718 604 2748 05137;
627 2717 656 2744 Β.
676 2725 739 2744 vero
768 2717 902 2754 Maximus
924 2726 1028 2754 martyr

240 2754 321 2780 etiam
339 2752 424 2788 logica
439 2753 628 2780 dissertatione
643 2753 766 2780 eamdem
795 2753 951 2788 planissime
980 2752 1028 2781 ne-

241 2789 332 2823 gavit,
350 2787 384 2815 ibi
402 2790 435 2815 ad
451 2787 561 2815 Petrum
581 2788 713 2815 illustrem
733 2787 827 2815 contra
852 2789 944 2816 Severi
979 2790 1028 2816 do-

241 2829 343 2857 gmata,
357 2831 436 2858 quem
452 2823 539 2858 ipsum
557 2824 600 2851 hic
617 2823 664 2851 tibi
680 2823 768 2850 locum
783 2833 798 2851 e
813 2823 890 2852 Notis
904 2824 1007 2852 Grrc'cis
1019 2844 1028 2855 .

242 2860 289 2888 sed
298 2858 407 2893 Latine,
419 2859 573 2895 appendere
585 2858 695 2894 placuit.
708 2860 785 2893 Quod
800 2860 833 2894 si,
849 2860 897 2890 ait.
913 2861 971 2890 avis
985 2864 1027 2889 est

1071 2017 1193 2052 phcenix,
1203 2018 1284 2044 etiam
1296 2017 1398 2044 animal
1414 2017 1460 2047 sit.
1474 2017 1585 2044 omnino
1599 2025 1711 2045 necesse
1726 2024 1778 2046 est.
1791 2018 1871 2052 Quod

1069 2053 1090 2079 si
1109 2053 1212 2079 animal
1226 2060 1286 2080 eam
1301 2059 1361 2079 esse
1375 2053 1502 2079 concedis
1513 2072 1521 2084 ,
1540 2053 1668 2086 primum,
1684 2061 1737 2080 non
1753 2055 1871 2082 omnino

1071 2091 1160 2122 potest
1177 2087 1241 2114 illud
1256 2095 1316 2114 esse
1329 2087 1485 2121 singulare,
1500 2094 1633 2121 quantum
1650 2089 1747 2116 saltent
1763 2091 1871 2117 animal

1071 2129 1124 2155 est,
1141 2123 1242 2149 nullum
1256 2123 1329 2149 enim
1345 2122 1432 2148 solum
1447 2123 1558 2149 animal.
1584 2123 1697 2157 Deinde,
1717 2124 1739 2150 si
1764 2125 1870 2151 animal

1073 2163 1125 2190 est,
1141 2159 1236 2193 utique
1251 2165 1359 2191 corpus,
1376 2158 1525 2184 animatum
1545 2159 1626 2185 simul
1640 2164 1667 2186 et.
1694 2167 1776 2186 sensu
1797 2169 1871 2193 pra:—

1075 2193 1173 2229 ditum.
1190 2192 1248 2220 Jam
1268 2193 1289 2219 si
1310 2200 1409 2229 corpus
1425 2198 1468 2219 est
1484 2193 1633 2220 animatum
1651 2199 1679 2221 et
1695 2202 1775 2221 sensu
1798 2192 1871 2229 pne-

1078 2227 1177 2264 ditutn,
1200 2232 1275 2255 certe
1289 2228 1371 2264 etiam
1398 2228 1565 2262 generationi
1592 2234 1672 2262 :ttqne
1695 2227 1870 2264 corrupitnni

1077 2263 1224 2290 obnoxium
1234 2263 1296 2290 erit.
1311 2263 1395 2297 Ipsos,
1409 2263 1430 2289 si
1446 2263 1520 2296 libet,
1537 2265 1675 2298 sapientes
1688 2263 1811 2298 consule,
1829 2274 1873 2292 re-

1079 2306 1137 2325 rum
1153 2306 1212 2332 qua:
1229 2299 1363 2325 exsistunt
1379 2298 1559 2334 inspectores
1570 2318 1577 2330 ,
1600 2300 1695 2326 lit-rint:
1713 2301 1809 2334 possit,
1842 2307 1873 2327 ut

1078 2334 1244 2368 generationi
1271 2334 1343 2368 qttod
1360 2333 1509 2360 obnoxium
1523 2339 1564 2361 est
1595 2340 1677 2368 atque
1700 2333 1872 2369 corruptioni

1078 2376 1188 2404 corpus,
1205 2369 1355 2396 animatum
1375 2369 1439 2395 itettt
1456 2376 1487 2395 ac
1501 2377 1582 2396 settsu
1597 2370 1753 2404 praeditum,
1776 2371 1874 2403 singu-

1077 2403 1143 2430 laris
1158 2411 1218 2431 esse
1230 2410 1335 2431 natura!
1347 2403 1390 2438 (ad
1403 2404 1590 2430 exsistentiatn
1602 2406 1674 2438 quod
1686 2405 1796 2438 attinet)
1808 2414 1874 2438 pos-

1078 2439 1114 2465 sit
1131 2447 1138 2464 :
1156 2447 1216 2466 cum
1246 2439 1361 2465 aliortttn
1389 2439 1416 2465 in
1436 2439 1478 2465 his
1500 2446 1533 2465 ex
1558 2439 1619 2467 aliis
1637 2440 1775 2467 succeSsio
1790 2460 1797 2470 .
1813 2443 1874 2467 evi-

1077 2474 1269 2501 dentissimum
1283 2475 1317 2501 sit
1329 2473 1478 2500 exsistentli
1491 2474 1633 2507 ittdiciunt,
1642 2475 1874 2507 certistimus-iuo

1079 2510 1221 2536 terminus.
1251 2509 1486 2544 Quemadmodum
1505 2510 1531 2535 itt
1552 2508 1694 2544 Scriptura
1712 2510 1770 2542 ipsa
1791 2519 1873 2537 sacra

1080 2549 1195 2571 testatur
1207 2545 1281 2579 justo
1297 2545 1334 2571 illi
1350 2543 1452 2570 Noetno
1465 2544 1545 2579 hujus
1562 2545 1599 2570 rei
1616 2543 1811 2572 certitudinetn
1824 2554 1875 2572 ex-

1078 2579 1186 2612 hibens,
1198 2578 1242 2606 tibi
1260 2579 1330 2606 Gen.
1341 2586 1390 2611 vn,
1403 2580 1441 2605 ait
1453 2587 1461 2604 :
1473 2578 1616 2612 Ingredere
1629 2584 1658 2606 tu
1669 2586 1693 2606 et
1708 2581 1805 2611 omnis.
1817 2588 1873 2607 etc.

1078 2615 1201 2649 Itemque
1226 2623 1258 2642 ea;
1278 2615 1398 2641 omnibus
1424 2613 1588 2646 volatilibus,
1599 2621 1667 2648 etc.,
1682 2615 1709 2642 in
1731 2616 1833 2648 quibus
1850 2617 1872 2642 si

1079 2650 1203 2685 phoenix,
1226 2653 1298 2684 quod
1314 2649 1417 2676 alatum
1434 2649 1479 2676 ille
1494 2650 1530 2676 sit
1544 2650 1656 2680 animal.
1685 2652 1874 2678 numerandus

1078 2691 1130 2717 est,
1159 2693 1226 2712 sane
1242 2685 1400 2720 singularis,
1429 2685 1518 2718 quoad
1535 2685 1744 2718 exsistentiam,
1769 2692 1873 2713 natura:

1079 2728 1132 2747 tton
1146 2727 1200 2749 est.
1217 2725 1245 2746 nt
1262 2721 1333 2747 Deus
1351 2721 1408 2754 ipse
1422 2720 1621 2753 pronuntiavit.

1114 2756 1170 2791 (15)
1187 2754 1281 2782 Exstat
1309 2763 1340 2782 ea
1356 2755 1447 2787 hodie,
1464 2755 1507 2791 vel
1524 2763 1563 2791 ex?
1576 2755 1765 2791 lticrindicatis
1787 2755 1874 2791 signis

1079 2790 1186 2822 ltOltliis,
1204 2791 1301 2817 Latine
1323 2799 1384 2818 cum
1400 2790 1532 2825 operibus
1556 2790 1587 2817 Β.
1614 2790 1764 2819 Clementis
1790 2790 1870 2819 Rom.

1077 2827 1198 2855 Colonire
1214 2833 1325 2854 excusa.
