1938 3091
60 129 116 162 409

593 136 859 167 BIBLIOTHECA.
878 149 914 153 —
933 136 1015 167 COD.
1035 137 1178 170 CXXVII.

1647 142 1700 175 410

56 188 126 222 άλλη
143 189 269 216 πολιτεία
291 189 321 222 ἐξ
341 190 427 226 αὐτῆς
444 191 557 228 πρώτης
579 192 688 226 ἡλικίας
702 193 852 228 ἀρχομένη,

909 191 957 224 iam
978 194 1039 221 inde
1065 203 1080 221 a
1113 196 1228 229 pueritia
1258 197 1420 232 inchoando,
1447 205 1505 228 tum
1531 209 1701 238 quamunque

56 233 104 259 καὶ
114 234 178 260 ὅσαι
195 234 265 270 πρὸς
278 236 329 270 τὴν
343 236 577 272 ὲκκλησιαστικὴν
589 237 653 274 [164
668 237 716 274 11.]
733 239 854 274 ἱστορίαν

57 280 220 307 συντελοῦσι
237 282 352 316 πράξεις
366 302 374 314 ,
402 283 502 318 μέχρις
518 281 549 310 οὗ
562 284 608 310 τὸν
627 285 685 320 βίον
706 285 853 318 ἀπέλιπεν,

56 327 96 356 είς
124 326 277 361 ἑξηκοστὸν
303 327 351 354 καὶ
372 328 506 364 τέταρτον
530 330 725 365 παραταοέντα
745 330 853 364 χρόνον.

59 373 138 398 Ἔστι
154 373 205 408 μὲν
222 373 270 400 οὖν
285 374 426 401 κάνταῦθα
448 375 498 410 τὴν
521 376 622 411 φράσιν
644 377 736 411 ὅμοιος
752 376 853 411 ἐαυτῷ,

58 419 129 453 πλὴν
159 419 261 454 μικρόν
283 428 313 446 τε
328 421 398 456 πρὸς
419 421 449 447 τὺ
468 421 662 458 λαμπρότερον
676 421 854 449 ἑκϐεϐίασται

59 464 133 498 αὑτῷ
147 466 162 491 ὁ
173 465 265 499 λόγος,
278 466 326 493 καὶ
340 466 427 499 λέξεις
440 468 479 499 εἰς
494 468 525 494 τὸ
539 468 722 504 ἀνθηρότερον
743 467 853 503 ἐνιαχοῦ

59 508 291 543 συνελήφθησαν·
327 511 376 545 τῆς
407 511 498 546 μέντοι
526 513 597 539 κατά
626 512 675 548 τὴν
704 513 854 548 ἑρμηνείαν

59 553 158 588 ἡᾱνῆμς
175 555 223 582 καὶ
236 555 347 590 χάριτος
363 556 440 583 οὐδὲν
459 557 531 592 μέγα
543 577 551 589 ,
564 557 660 593 ὥσπερ
677 558 738 584 οὐδὲ
754 559 783 584 ὲν
795 560 854 590 τοῖς

58 600 163 633 ἄλλοις,
179 602 353 636 ἐμφαίνεται.
369 603 600 638 Καταστρώννυσι
614 604 642 631 δὲ
657 605 686 631 ὲν
701 604 788 640 ταύτῃ
805 605 855 631 αὑ-

58 646 106 672 τοῦ
128 647 164 681 τῇ
182 648 356 684 τετραείὸλῳ
379 649 527 684 πάμπολλα
550 650 638 686 χωρία
661 650 691 682 ἐξ
705 650 854 686 ὁλοκλήρου

57 692 109 727 τῆς
128 691 409 729 Ἑκκλησιαστικῆς
425 696 508 722 αὑτοῦ
521 696 668 731 δεκσᾴόγου
685 697 830 731 ἱστορίας.

93 738 180 772 Λέγει
195 740 246 774 μὲν
259 739 306 766 οὖν
321 741 367 768 καὶ
384 741 466 773 αὐτὸς
480 743 510 768 ὲν
522 742 694 778 Νικομηδεία
705 743 750 769 τὸν
767 743 855 778 μέγαν

58 785 271 813 Κωνσταντῖνον
298 787 496 822 βαπτίσασθαι,
522 789 604 825 μέχρι
621 790 682 816 τότε
698 789 728 816 τὸ
741 790 855 825 λουτρὸν

58 831 294 867 ἀναϐαλλόμενον,
310 833 358 860 ἆτε
379 835 411 870 δὴ
427 836 456 861 ἐν
470 835 604 872 ἐπιθυμίᾳ
620 836 782 871 ποιούμενον
799 837 855 867 τοῖς

65 878 201 914 Ἰορδάνου
226 880 256 906 τὸ
275 880 387 916 λουτρὸν
402 882 599 914 ὑποδέξασθαι·
618 882 660 914 τίς
672 884 701 910 δὲ
718 884 732 910 ὁ
758 883 855 918 βαπτί-

60 932 121 956 σας,
145 925 224 952 οὐδὲν
247 925 384 960 διασαφεῖ.
402 928 472 963 Περὶ
489 928 582 963 μέντοι
595 937 627 962 γε
643 928 694 962 τῆς
712 929 855 964 Ἀρειανῆς

60 971 195 1007 αἱρέσεως
210 973 289 1000 οὐδὲν
305 974 387 1007 σαφὲς
405 974 589 1009 ἀπαγγέλλει,
601 975 656 1002 οὐδ’
669 975 694 1001 εί
712 975 762 1010 τῆς
776 975 855 1010 δόξης

60 1017 172 1053 ἐκείνης
185 1018 286 1052 εἴχετο,
303 1020 359 1046 οὐδ’
373 1020 412 1047 ὅτι
433 1021 637 1056 μεταὸἐὸληται
649 1041 657 1053 ,
673 1021 731 1048 ἀλλ’
745 1021 799 1048 οὐδ’
814 1023 855 1048 ὅτι

60 1064 173 1097 φαύλως
186 1065 202 1099 ἢ
218 1065 307 1100 ὀρθῶς
327 1066 452 1099 ἐδόξαζεν
466 1067 584 1102 Ἀρειος,
615 1067 717 1103 καίπερ
732 1068 855 1103 ἀνάγκην

59 1110 131 1145 ἔχων
147 1111 178 1136 ὲν
192 1112 289 1148 μνήμῃ
312 1111 398 1139 ταῦτα
413 1113 590 1149 ποιήσασθαι,
607 1113 654 1140 ἆτε
669 1114 702 1149 δὴ
721 1114 792 1149 μέγα
809 1114 856 1149 μέ-

63 1165 109 1189 ρος
134 1157 291 1193 ἐπεχούσης
307 1158 355 1192 τῆς
374 1160 484 1186 συνόδου
498 1159 552 1186 τῶν
568 1159 617 1186 τοῦ
643 1160 762 1195 μεγάλου
783 1161 855 1195 πρά-

61 1203 131 1234 ξεων
148 1203 358 1230 Κωνσταντίνου
373 1224 381 1236 ,
404 1204 536 1240 κάκείνης
558 1206 640 1233 πάλιν
655 1205 855 1242 ἐξαπαιτούσης

59 1249 112 1282 τήν
130 1250 196 1284 περὶ
211 1250 314 1276 τούτων
331 1249 593 1286 λεπτομερεστάτην
617 1253 749 1287 ίστορίαν.
776 1253 857 1280 Ἀλλὰ

62 1295 160 1322 στάσιν
183 1296 234 1332 μὲν
255 1297 388 1331 ἐμπεσεῖν
411 1298 515 1333 μεταξὺ
535 1299 640 1334 Ἀρείου
667 1299 715 1326 καὶ
733 1299 857 1333 Ἀλεξάν-

59 1342 138 1376 δρου,
152 1342 202 1377 τὴν
217 1343 324 1378 αἵρεσιν
340 1343 412 1370 οὕτω
421 1344 444 1360 ³³
468 1344 556 1378 λέγων
579 1345 627 1371 καὶ
645 1345 857 1380 ὑποκρυπτόμε-

60 1398 116 1420 ιος,
131 1389 326 1424 ἀποφαίνεται,
342 1390 389 1416 ἐπί
404 1399 435 1417 τε
445 1391 477 1426 τῇ
495 1390 589 1417 στάσει
602 1390 662 1417 λίαν
679 1391 797 1426 ἀλγῆσαι
811 1391 857 1418 τὸν

60 1435 176 1470 θεοφιλῆ
194 1435 319 1470 βασιλέα,
329 1436 376 1462 καὶ
389 1436 576 1470 ἀγωνίσασθαι
589 1437 635 1464 διά
648 1444 676 1463 τε
693 1437 856 1470 ἐπιστολῶν,

59 1481 106 1507 διά
123 1490 154 1508 τε
166 1481 215 1507 τοῦ
237 1482 340 1515 ’οσῐου,
357 1482 386 1514 ὃς
398 1483 557 1518 Κουδρόόης
574 1483 737 1515 ἐπεσκόπει,
754 1484 795 1515 είς
810 1492 856 1518 φι-

906 240 939 265 ad
957 239 1171 268 ecclesiasticam
1185 243 1362 276 ipertinentia
1379 245 1521 274 historiam
1542 248 1586 275 ille
1603 250 1699 283 gessit,

905 285 938 311 ad
952 291 1105 313 extremum
1119 295 1205 322 usque
1221 288 1311 321 liuent.
1323 290 1373 317 hoc
1384 297 1436 324 est,
1448 298 1565 327 quatuor
1578 300 1605 322 et
1618 303 1700 322 sexa-

905 332 981 366 ginta
999 340 1132 360 annorum
1147 334 1245 368 spatio.
1260 333 1309 361 Est
1322 343 1403 369 porro
1418 338 1501 364 etiam
1519 339 1545 365 in
1568 339 1619 366 hoc
1634 347 1699 374 ope-

908 385 937 404 re
949 378 989 404 sui
1005 378 1073 405 satis
1088 379 1113 406 in
1129 379 1246 407 dictione
1259 381 1367 413 similis,
1382 383 1431 410 nisi
1445 384 1516 417 quod
1531 385 1652 412 nonnihil
1666 386 1700 412 ad

906 424 1079 458 splendorem
1095 426 1180 461 magis
1196 428 1314 454 trahitur
1326 428 1426 460 oratio,
1443 437 1578 464 vocesque
1599 431 1631 458 ad
1650 431 1700 458 llo-

906 470 994 496 ridum
1010 471 1107 498 alicubi
1123 480 1208 506 genus
1239 474 1372 501 tendunt:
1389 475 1438 501 etsi
1458 474 1637 508 iucunditatis
1673 481 1701 504 et

906 517 1000 550 gratia:
1019 516 1046 542 in
1060 517 1222 550 explicando
1239 519 1375 546 modicum
1390 521 1531 553 adhibere.
1551 527 1582 548 ut
1597 523 1622 549 in
1638 523 1701 550 aliis

906 568 1014 595 quoque
1025 561 1113 594 libris,
1128 563 1244 590 videtur.
1270 564 1431 592 Afferuutur
1447 573 1515 593 vero
1535 567 1593 593 loca
1611 567 1698 600 pluri-

906 614 951 634 ma
976 608 1001 634 in
1024 608 1065 635 his
1078 613 1195 642 quatuor
1223 609 1300 637 libris
1322 619 1356 638 ex
1378 612 1504 640 universa
1527 613 1586 648 ejus
1608 614 1700 641 decem

906 653 1035 681 librorum
1049 653 1236 683 Ecclesiastica
1249 655 1381 685 Historia.

942 743 1036 770 Refert
1061 751 1126 779 ergo
1140 744 1182 771 hic
1195 744 1362 773 Nicomedia:
1381 746 1549 781 baptizatum
1570 755 1700 783 magnum

908 788 1119 816 Constantinum
1139 790 1207 825 (l6),
1237 791 1423 827 liactenusque
1445 793 1583 820 lavacrum
1611 794 1701 821 distu-

908 835 982 867 lisse,
997 835 1068 870 quod
1089 835 1116 862 iu
1132 837 1202 863 votis
1225 836 1340 864 haberet
1368 838 1394 865 in
1420 838 1542 866 .lordaue
1560 839 1699 875 baptismo

908 881 972 916 tingi
991 890 998 908 :
1016 882 1078 916 quis
1100 889 1164 909 vero
1187 883 1354 916 haptizarit.
1377 885 1488 912 silentio
1511 886 1642 920 prmleril.
1663 886 1702 914 De

905 927 999 954 Ariani
1015 927 1124 962 insuper
1135 928 1231 956 haeresi
1251 937 1364 964 prorsus
1376 930 1442 957 nihil
1456 931 1601 959 manifeste
1623 940 1701 959 com-

908 978 1056 1006 memorat,
1090 981 1178 1008 neque
1206 983 1240 1001 an
1267 974 1463 1004 ConSIantinus
1493 977 1529 1004 illi
1556 978 1702 1013 aliquando

907 1021 1066 1053 adlucserit,
1089 1028 1177 1055 neque
1191 1029 1224 1048 an
1240 1028 1300 1048 eam
1316 1022 1465 1056 abjecerit,
1496 1025 1542 1050 sed
1563 1031 1651 1058 neque
1666 1032 1700 1051 an

907 1072 991 1098 recte,
1006 1072 1053 1093 aut
1067 1073 1147 1094 secus
1161 1066 1282 1094 senserit
1300 1067 1383 1094 Arius
1399 1077 1405 1094 :
1423 1069 1530 1096 tametsi
1551 1069 1701 1096 necessitas

907 1120 968 1139 eum
980 1112 1155 1146 compelleret
1167 1113 1265 1139 horum
1279 1114 1449 1146 meminisse,
1469 1115 1577 1148 quando
1598 1120 1625 1142 et
1648 1124 1702 1142 ma-

907 1167 959 1192 gna
986 1167 1047 1193 pars
1073 1158 1122 1186 fuit
1151 1159 1270 1194 synodus
1294 1167 1384 1186 rerum
1406 1168 1420 1187 ιι
1449 1169 1546 1195 magno
1564 1161 1700 1189 Conslan-

909 1205 965 1232 tino
979 1210 1128 1240 gestarant,
1148 1210 1175 1231 et
1188 1204 1307 1239 alioquin
1333 1205 1376 1232 illa
1395 1205 1451 1239 ipsa
1471 1206 1592 1233 vicissim
1608 1212 1702 1240 postu-

908 1250 977 1277 laret
998 1249 1202 1276 exactissimam
1222 1250 1264 1276 his
1279 1249 1313 1276 de
1331 1250 1411 1276 rehus
1428 1250 1579 1277 historiam.
1609 1251 1702 1286 Itaque

907 1296 1106 1324 dissensionem
1122 1295 1230 1330 quidem
1255 1301 1344 1323 ortam
1358 1297 1451 1323 Arium
1465 1296 1536 1324 inter
1547 1301 1574 1323 et
1584 1296 1701 1324 Alexan-

908 1343 986 1369 drutu
1015 1347 1211 1369 conunemorat
1236 1342 1295 1378 (sic
1317 1343 1444 1370 nimirum
1467 1342 1592 1370 haeresim
1611 1344 1701 1378 appel-

909 1389 966 1416 lare
983 1396 1015 1415 ac
1031 1394 1120 1423 tegere
1132 1389 1259 1424 videtur),
1272 1396 1303 1416 ac
1316 1389 1422 1415 dissidii
1435 1388 1515 1422 hujus
1527 1390 1614 1424 gratia
1625 1389 1702 1417 valde

909 1435 1074 1462 iudolentem
1089 1427 1293 1468 pienlissimum
1315 1435 1507 1468 imperatorem
1525 1435 1700 1467 allahorasse,

911 1489 972 1508 cum
990 1488 1039 1515 per
1064 1481 1222 1514 epistolam,
1243 1485 1299 1507 tum
1323 1488 1372 1515 per
1395 1481 1702 1510 llosiumCorduhensis

61 1528 122 1554 λίαν
137 1527 186 1554 καὶ
201 1527 330 1562 ὁμόνοιαν
347 1528 476 1561 συζεῦξαι
503 1528 534 1555 τὸ
559 1529 705 1561 στασιάζον
721 1529 770 1564 τῆς
788 1529 856 1565 πρὸς

911 1527 1037 1556 Ecclesiae
1049 1528 1218 1562 episcopum,
1232 1533 1272 1560 nt,
1295 1528 1378 1555 missa
1391 1529 1566 1556 contentione
1583 1529 1626 1556 illa
1644 1537 1702 1555 mu-

60 1573 197 1608 ἀλλήλους
220 1573 309 1609 ἔριδος
331 1574 484 1608 ἀφεμένους
501 1574 550 1601 καὶ
564 1574 618 1600 τῶν
630 1573 760 1601 τοιούτων
775 1574 856 1610 ζητή-

911 1580 967 1606 tua,
984 1579 1010 1600 et
1022 1574 1175 1609 hujustnodi
1191 1574 1399 1609 qumslionibus,
1425 1575 1457 1600 ad
1471 1575 1619 1602 amicitiam
1634 1583 1701 1602 con-

62 1628 144 1646 σεων·
161 1620 200 1650 ὡς
216 1620 239 1646 δ’
253 1620 304 1646 οὐκ
318 1619 422 1653 ἔπειθε,
440 1620 550 1647 σύνοδον
573 1620 743 1656 πανταχόθεν
766 1620 859 1655 ἀθροῖ-

63 1675 109 1693 σαι
127 1667 177 1694 καὶ
191 1667 240 1701 τὴν
273 1666 448 1701 ἐμπεσοῦσαν
466 1666 526 1702 ἔριν
547 1667 587 1698 είς
602 1667 714 1702 εἰρήνην
730 1666 859 1692 διαλύσα-

64 1713 126 1740 σθαι
137 1720 144 1727 ·
164 1713 195 1739 οὺ
215 1713 270 1747 μὴν
287 1714 327 1744 εἰς
342 1712 373 1739 τὺ
389 1712 504 1748 ἀκριϐὲς
516 1713 563 1739 καὶ
589 1712 716 1748 ἐπίδηλον
736 1713 860 1747 ἀναγρά-

63 1768 157 1793 esset.
171 1756 256 1790 Οὗτος
270 1756 317 1785 οὖν
331 1759 426 1793 ὥσπερ
439 1758 628 1793 αἰσχυνομένῳ
643 1757 741 1789 ἐοικὼς
757 1758 806 1784 καὶ
820 1758 858 1793 μὴ

64 1804 223 1840 βουλομένῳ
235 1804 408 1839 δημοσιεύειν
418 1805 528 1840 Ἀρειον
536 1804 570 1820 ⁸⁸⁸
578 1804 629 1840 τήν
640 1813 670 1830 τε
681 1804 732 1839 τῆς
747 1804 858 1830 συνόδου

63 1850 284 1885 ἑξενηνεγμένην
300 1849 361 1876 κατ’
374 1849 456 1876 αὑτοῦ
472 1849 564 1884 ψῆφον
580 1849 628 1876 κα)⁸
642 1848 697 1875 τῶν
711 1849 860 1884 συνασεὸη-

64 1896 173 1922 σάντων
198 1895 274 1929 αὐτῷ
293 1894 340 1921 καὶ
357 1893 580 1926 συνεξωσοέντων
595 1893 644 1929 τὴν
675 1893 783 1920 δικαίαν
801 1894 855 1920 εῐσο

63 1942 178 1977 πραξιν,
200 1941 230 1967 οὐ
257 1940 312 1975 μὴν
328 1940 385 1967 ἀλλ’
402 1940 458 1966 οὐδ’
471 1940 504 1975 ἦν
519 1940 613 1967 θεόθεν
634 1941 689 1972 πᾶς
719 1940 859 1976 ὀφθαλμὸς

65 1985 136 2013 εἶδεν
163 1986 268 2012 ἔνδικον
289 1985 395 2020 Ἀρείου
420 1985 626 2020 καταστροιρὴν,
653 1985 731 2012 οὐδὲν
756 1985 860 2012 τούτων

63 2032 139 2065 ἄγων
158 2032 199 2062 εἰς
214 2030 284 2065 φῶς,
299 2031 348 2066 τήν
359 2038 390 2056 τε
404 2031 470 2065 περὶ
490 2030 540 2066 τῆς
555 2031 666 2057 συνόδου
693 2030 742 2057 καὶ
757 2031 813 2057 τῶν
831 2031 860 2058 ἐν

63 2078 133 2112 αὐτῇ
153 2076 335 2112 πραχθέντων
350 2077 397 2103 καὶ
421 2077 485 2112 περὶ
498 2077 585 2112 αὐτὴν
596 2076 622 2093 ³⁸
647 2077 769 2112 ἱστορίαν
789 2085 861 2113 παρ-

65 2124 182 2158 έδραμε.
198 2123 245 2148 Διὸ
258 2123 307 2149 καὶ
328 2123 455 2158 περὶτοῦ
486 2122 631 2149 θεσπεσίου
649 2123 800 2150 Εὺσταϐίου
820 2123 860 2150 δι-

63 2169 196 2204 ηγεῖσθαι
222 2168 360 2204 μέλλων⁹³
381 2168 443 2195 οὔτε
468 2169 516 2195 τοῦ
544 2169 677 2204 ὀνόματος
708 2170 859 2204 μέμνηται,

909 1620 1086 1654 cordiamque
1114 1620 1279 1647 dissidentes
1297 1620 1419 1655 adigeret
1443 1630 1450 1647 :
1477 1625 1559 1654 atque
1575 1620 1619 1646 ubi
1648 1629 1700 1647 non

909 1666 1046 1701 persuasit
1067 1666 1202 1700 synodum
1231 1666 1351 1700 undique
1378 1673 1546 1692 convocasse
1567 1671 1594 1692 et
1610 1670 1700 1692 natum

909 1712 1113 1739 contentionem
1138 1719 1204 1746 pace
1218 1716 1401 1746 permutasse.
1425 1711 1490 1744 Qua:
1505 1717 1593 1737 tamen
1615 1718 1702 1745 neque

909 1763 1038 1785 accurate
1054 1765 1140 1792 neque
1152 1758 1295 1792 perspicue
1327 1758 1362 1785 ab
1382 1765 1416 1785 eo
1438 1756 1703 1789 scribuntur.Qnare

909 1812 966 1840 pra:
978 1804 1082 1839 pudore
1094 1804 1201 1831 videtur
1217 1804 1260 1831 hic
1274 1804 1381 1835 Arium,
1394 1809 1422 1832 et
1440 1812 1454 1830 a
1470 1804 1577 1838 synodo
1597 1802 1698 1830 factum

910 1855 1005 1877 contra
1021 1849 1095 1876 illutn
1115 1850 1267 1882 decretum,
1289 1850 1429 1884 publicare
1442 1858 1496 1876 non
1518 1849 1654 1879 voluisse,
1675 1853 1704 1875 ut

910 1902 963 1922 nec
991 1895 1049 1928 ejus
1081 1895 1182 1922 erroris
1205 1895 1312 1927 socios,
1346 1900 1392 1921 aut
1424 1895 1505 1922 simul
1528 1895 1704 1929 expulsorum

907 1942 1009 1976 justam
1024 1941 1164 1973 ultionem,
1178 1942 1243 1976 quin
1259 1941 1446 1976 nequeillam,
1465 1941 1538 1977 96a
1562 1949 1641 1976 quam
1660 1941 1702 1967 di-

911 1988 1012 2014 vinitus
1024 1992 1158 2022 sumptam
1169 1987 1260 2014 omnis
1272 1987 1368 2014 oculus
1380 1987 1455 2020 vidit,
1466 1987 1568 2022 justam
1578 1987 1634 2013 Arii
1645 1986 1705 2013 vin-

911 2034 1011 2060 dictam
1025 2033 1082 2068 (17)
1102 2042 1110 2060 :
1131 2033 1240 2067 quando
1265 2033 1360 2060 horum
1390 2033 1456 2059 nihil
1486 2033 1512 2059 in
1535 2032 1621 2060 lucem
1643 2040 1706 2066 pro-

911 2080 1022 2112 ferens,
1051 2079 1147 2115 synodi
1173 2079 1259 2113 ipsius
1286 2087 1432 2113 rerumque
1455 2078 1483 2106 in
1513 2086 1544 2105 ea
1568 2082 1708 2113 gestarum

910 2125 1053 2153 historiam
1071 2126 1159 2153 obiter
1180 2130 1283 2152 tantum
1308 2126 1445 2160 percurrit
1466 2125 1526 2157 Quo
1546 2125 1628 2151 etiam
1655 2124 1683 2150 llt
1696 2143 1708 2156 ,

911 2176 941 2198 ut
970 2172 1004 2198 de
1026 2171 1119 2199 divino
1147 2170 1291 2198 Eustathio
1314 2170 1371 2206 (18)
1397 2175 1578 2201 narraturus,
1601 2178 1634 2196 ne
1658 2178 1707 2196 no-

63 2216 119 2242 οῠό⁸
134 2216 189 2242 ὅσα
202 2215 268 2250 περ).
283 2214 365 2241 αὐτὸν
380 2214 518 2250 ἐτολμήθη
540 2215 589 2241 καὶ
609 2216 649 2246 εἰς
663 2215 745 2250 ἔργον
759 2215 856 2242 ἀποδέ-

913 2217 993 2244 minis
1009 2217 1117 2252 quidem
1135 2217 1308 2250 meminerit;
1333 2222 1437 2244 tantum
1450 2217 1528 2244 abest
1543 2222 1572 2244 ut
1595 2224 1655 2252 qua:
1679 2217 1709 2243 in

65 2263 169 2298 Εηκενο
196 2261 255 2288 ἀλλ’
279 2263 323 2292 εἰς
344 2262 439 2288 στάσιν
464 2262 511 2288 καὶ
532 2261 656 2297 ταραχὴν
679 2262 790 2296 ἀνάγων
815 2263 856 2289 κα)

912 2263 1000 2297 ipsum
1015 2263 1197 2290 audacissime
1217 2264 1366 2290 machinati
1381 2268 1445 2290 sunt
1458 2264 1527 2298 (19),
1551 2271 1634 2297 reque
1649 2262 1708 2296 ipsa

64 2308 167 2340 ταῦτα,
183 2307 317 2342 γαληνίας
345 2307 391 2333 καὶ
424 2307 505 2333 πάλιν
531 2307 667 2340 ἐπιλέγει,
702 2307 856 2334 ἐπισκόπων

912 2309 1108 2343 βτίεειὶιετυηι,
1126 2310 1304 2336 recensuerit.
1334 2309 1418 2344 Igitur
1443 2309 1476 2336 ad
1504 2309 1706 2336 dissensionem

67 2353 139 2379 κατὰ
162 2353 215 2387 τὴν
232 2351 399 2386 Ἀντιόχειαν
415 2351 678 2387 συνδεδραμηκότων
692 2352 795 2387 σπουδῇ
813 2351 864 2387 βα-

67 2400 168 2431 σιλέως
184 2399 232 2425 καὶ
248 2399 388 2434 συνεργίᾳ,
403 2399 494 2426 καὶτὸ
510 2399 656 2430 στασιάζον
668 2399 715 2426 καὶ
730 2399 864 2434 ταραττό-

69 2454 151 2479 μενον
168 2446 210 2476 είς
223 2445 255 2472 τὸ
271 2446 410 2480 εἰρηναῖόν
428 2446 684 2482 μεταὸεϐληκότων.
706 2446 822 2481 Ὁμοίως
836 2446 864 2473 δὲ

914 2356 1051 2383 duntaxat
1074 2359 1157 2390 atque
1187 2355 1332 2382 tumultum
1352 2362 1385 2382 ea
1401 2354 1538 2387 referens,
1556 2354 1708 2389 tranquilli-

915 2404 1002 2427 tatem
1029 2407 1137 2426 rursum
1162 2403 1360 2426 commemorat
1387 2400 1577 2432 episcoporum
1602 2406 1708 2430 eorum,

915 2446 962 2481 qui
978 2453 1039 2473 cum
1057 2445 1229 2473 Antiochiam
1249 2445 1424 2479 imperatoris
1439 2445 1531 2472 studio
1546 2450 1626 2479 atque
1643 2452 1709 2480 ope-

68 2492 115 2517 καὶ
135 2493 166 2518 ἐν
180 2489 222 2524 οἷς
234 2493 248 2518 ὁ
262 2491 413 2523 πολύαθλος
427 2491 606 2527 ὲσκευωρήθη
628 2491 789 2523 ’Δθανάσιος
801 2511 810 2524 ,
825 2491 865 2522 είς

68 2537 156 2565 ταῦτα
170 2538 222 2574 τὴν
237 2539 358 2574 ἱστορίαν
372 2539 498 2575 ὁρμήσας
511 2539 667 2572 ἐπαφεῖναι,
681 2539 801 2569 στάσεως
814 2538 864 2573 μὲν

917 2499 947 2518 ra
962 2491 1169 2522 convenissent,
1184 2491 1348 2518 seditionem
1367 2491 1531 2525 turbamque
1546 2498 1612 2525 pace
1627 2497 1706 2517 cont-

918 2542 1069 2564 mutarunt.
1091 2537 1224 2564 Similiter
1253 2536 1299 2564 ubi
1325 2536 1514 2564 narrationem
1531 2536 1651 2563 instituit
1675 2535 1708 2563 de

707 2618 822 2646 VARI/1?.
845 2618 1049 2646 LECTIONES.

107 2674 133 2692 ”
147 2676 222 2703 οὕτω
239 2677 262 2704 Δ
279 2686 287 2704 :
303 2676 324 2703 δ’
342 2677 460 2709 οὕτως.
498 2677 531 2692 ’δ’
551 2677 656 2712 Ἀρείου
671 2677 705 2704 Δ.
744 2676 767 2693 ⁸⁸
786 2677 834 2704 καὶ
849 2677 914 2713 περὶ
927 2677 1012 2713 αὐτήν
1029 2677 1090 2705 add.
1104 2678 1135 2705 Δ.
1173 2677 1197 2694 ’⁸
1211 2676 1316 2712 μέλλων
1326 2654 1480 2712 διηγεϊσοαι
1500 2683 1531 2707 ς.

832 2748 950 2777 NOTAE.

913 2795 947 2823 111
961 2797 995 2823 ad
1007 2803 1072 2824 ann.
1087 2796 1154 2824 Chr.
1174 2795 1238 2823 510.
1721 2824 1723 2826 .

951 2831 1217 2894 ίίθλιτίιευιίοι-ειυε
1245 2839 1276 2860 ea
1299 2830 1383 2859 refert
1404 2829 1452 2858 lib.
1481 2837 1490 2857 ι
1509 2827 1583 2856 ΠΜ.
1600 2826 1705 2858 εςίιωη

916 2875 979 2903 cap.
994 2887 1008 2894 -
1030 2885 1038 2894 .

106 2795 166 2831 (16)
185 2794 266 2831 supr.
283 2795 344 2822 cod.
361 2795 405 2825 88.
421 2801 449 2822 et
467 2795 502 2822 ibi
521 2795 648 2823 Scholion
666 2796 692 2823 in
708 2796 772 2823 line.

107 2831 165 2864 (Π)
187 2830 252 2857 Eant
272 2832 345 2865 legas
359 2839 434 2865 supr.
450 2831 511 2857 cod.
527 2831 573 2862 88,
590 2832 663 2858 circa
683 2833 812 2859 medium.

108 2867 165 2899 (ιδ)
182 2866 354 2895 Autiocheno
367 2867 453 2903 episc.
470 2874 524 2902 quo
535 2868 568 2895 de
584 2865 682 2894 Baron.
695 2868 773 2895 card.
793 2872 860 2894 tom.
