1938 3091
254 137 311 170 415

798 140 932 171 PHOTII
951 139 1210 172 PATRIARCH/E
1229 143 1284 174 CP.

1840 144 1904 177 416

257 201 321 222 ante
333 194 421 230 ipsum
436 193 470 221 de
482 193 636 221 Alexandro
657 194 835 227 scripserunt.
856 195 942 223 Tenui
964 200 1049 230 atque

1112 199 1166 233 rapi.
1183 199 1276 230 αὐτοῦ,
1294 199 1380 234 ἀτόνῳ
1407 195 1440 226 δὲ’
1454 200 1501 227 καὶ
1523 200 1629 236 ἐκλύτῳ
1645 202 1802 238 χαρακτῆρι
1827 202 1905 237 χρῆ-

257 239 358 267 elumbi
374 246 440 266 usus
451 243 493 266 est
507 239 612 265 dicendi
630 246 739 273 genere.
766 239 821 266 Etsi
839 245 929 267 autem
945 241 1052 276 perspi-

260 287 361 315 cuitate
372 295 425 314 non
438 293 521 318 caret,
537 287 652 322 plurima
667 293 756 315 tamen
771 289 924 316 necessaria
937 295 1051 324 prater-

258 333 349 360 miltil.
733 331 739 339 “

293 378 409 414 Scripsit
440 379 523 411 idem,
565 387 625 407 cum
656 380 724 407 alios
753 388 805 407 non
831 380 911 408 unius
942 381 1052 415 generis

257 425 355 456 libros,
390 431 445 452 tum
475 426 541 452 vita:
565 427 681 453 invicem
709 431 902 461 comparatas;
931 432 959 454 ut
991 426 1053 454 Dio-

257 471 326 505 nysii
355 477 382 498 et
401 471 558 505 Domitiani,
588 473 665 500 libris
693 474 822 506 duobus;
848 473 963 508 Philippi
982 481 1050 508 quo-

257 525 311 551 que
335 517 512 545 Macedonum
537 519 607 554 regis
627 524 655 545 et
671 519 795 554 Augusti,
828 520 905 546 libris
930 520 1052 548 totidem.

257 563 356 590 Fertur
369 565 490 597 ejusdem
508 566 576 592 etde
601 564 779 600 Olympiadis,
793 565 942 594 Alexandri
957 567 1052 594 matris

264 609 325 636 Vim
340 610 410 637 liber
426 610 530 646 singula
536 611 582 637 ris.

529 656 795 685 CXXXII-CXXXV.

343 699 474 734 Palladii,
488 701 640 735 Aplillionii,
663 702 780 736 Eusebii,
799 709 824 731 el
845 703 956 731 Maximi

542 737 764 765 Declamationes.

295 781 386 810 Lecta:
408 788 472 809 sunt
485 781 596 810 Palladii
612 783 667 819 (26)
686 785 822 820 Sophislze
840 785 1053 813 Declamationu

259 830 352 861 marite,
374 829 523 863 Aphthonii
536 850 540 855 .
553 830 608 865 (27)
626 838 732 865 quoque
758 836 785 858 et
805 830 910 858 EUSebii
929 831 985 867 (28)
1003 833 1053 860 So-

261 875 410 908 phistarum
422 895 430 908 ,

261 918 361 947 Verum
397 925 510 947 ueteres
529 921 666 948 Palladius
692 922 767 949 otuni
797 922 905 950 dicendi
935 923 1052 951 artiﬁcio

260 967 352 994 multis
364 967 486 1001 partibus
501 968 650 1002 superavit.

586 1013 730 1041 CXXXVI.

517 1060 611 1096 Cyrilli
636 1061 772 1088 Thesauri.

296 1105 435 1140 Leguntur
448 1107 541 1142 Cyrilli
556 1107 696 1134 Thesauri.
715 1107 928 1142 Epicherematis
936 1108 1052 1136 refertus

259 1157 301 1180 est
316 1153 392 1184 liber,
417 1159 572 1188 pugnantque
591 1154 676 1181 valide
707 1162 738 1181 ac
762 1155 837 1182 varie
859 1163 920 1182 cum
935 1155 993 1182 Arii
1024 1159 1053 1182 et

260 1198 386 1226 Eunomii
399 1199 544 1226 furibunda
562 1200 646 1227 rabie.
677 1200 782 1227 Etenim
814 1206 842 1227 et
857 1201 949 1235 logicis
970 1208 1052 1235 argn-

260 1246 358 1271 mentis
373 1246 511 1280 sapienter
526 1245 633 1273 illorum
649 1247 762 1274 destruit
779 1247 936 1279 amentiam,
954 1247 1052 1280 quibus

260 1289 323 1316 dum
335 1297 419 1316 sacra
431 1290 577 1324 Scriptura;
591 1291 711 1318 annectit
724 1292 873 1325 attexitque
887 1291 1050 1324 testimonia,

259 1343 341 1370 quam
357 1336 393 1362 sit
410 1335 452 1362 illa
465 1336 584 1363 doctrina
605 1336 686 1364 futilis
701 1338 774 1364 oumi
786 1342 905 1371 exparte
920 1338 1049 1372 divulgat.

259 1381 377 1408 Adhibet
404 1381 474 1408 idem
499 1382 569 1408 nulla
586 1390 694 1417 quoque
707 1390 791 1410 sacra:
809 1382 958 1418 Scriptura:
975 1385 1052 1411 testi-

261 1427 362 1458 monia,
382 1432 411 1455 ut
425 1435 477 1461 quo
493 1435 523 1455 se
539 1427 652 1455 fastuosi
668 1433 784 1461 vertant,
805 1429 909 1463 obsepti
933 1429 1052 1464 undique

261 1478 344 1508 atque
356 1475 488 1505 conclusi,
502 1482 555 1501 non
572 1475 700 1502 habeant.
708 1474 756 1502 Est
768 1481 859 1503 autent
876 1476 946 1503 inter
961 1476 1051 1504 omnia

260 1520 321 1555 ejus
337 1520 438 1554 scripta
452 1520 520 1547 liber
530 1520 574 1548 hic
591 1521 708 1548 maxime
725 1522 895 1556 perspicuus,
923 1522 957 1549 iis
969 1523 1052 1556 potis-

261 1567 372 1598 simum,
382 1566 428 1601 qui
437 1566 584 1602 logicorum
593 1571 818 1601 argumentorum
830 1575 938 1595 sensum
955 1575 1052 1602 capere

260 1616 385 1648 possunt.

581 1659 734 1687 CXXXVII.

467 1703 591 1732 Eunomii
604 1705 720 1732 Itwrelici
733 1705 848 1733 libellus.

299 1748 362 1784 Legi
378 1749 499 1778 libellum
524 1751 648 1778 Eunomii
665 1750 734 1786 (29),
749 1758 802 1786 quo
817 1750 888 1787 97b
903 1759 979 1779 suam
995 1751 1053 1787 ipse

262 1795 353 1829 prodit
378 1796 556 1830 impietatem,
572 1796 649 1830 cujus
665 1797 711 1824 hic
733 1797 826 1824 titulus
921 1796 1052 1825 Libellum

263 1841 348 1874 hunc,
368 1842 439 1876 quod
464 1841 640 1869 Eunomianis
665 1842 694 1869 in
718 1842 898 1869 admiratione
916 1848 998 1875 esset,
1019 1842 1053 1870 de

263 1887 407 1921 industria,
429 1895 463 1915 ne
489 1888 522 1915 ad
544 1888 611 1916 alios
635 1888 800 1922 perveniret,
819 1888 984 1916 occultatum
1008 1889 1052 1916 vix

264 1933 372 1962 tandem
398 1940 494 1963 nactus
516 1935 632 1962 Basilius
648 1943 774 1971 magnus,
797 1935 906 1964 fortiter
925 1944 987 1964 emn
1022 1944 1053 1964 ac

263 1980 413 2014 splendide,
425 1989 588 2016 omnemque
600 1983 668 2009 adeo
682 1982 796 2010 dicendo
811 1983 863 2009 vim
887 1990 920 2009 ac
939 1982 1053 2010 faculta-

264 2030 318 2052 tem
341 2028 503 2062 pervadens,
530 2028 628 2055 evertit
656 2036 688 2056 ac
704 2028 850 2063 jugulavit.
868 2028 978 2056 Diceres
991 2037 1051 2055 cum

264 2071 456 2108 Babylonicum
485 2074 616 2102 infantem
645 2074 679 2102 ad
714 2075 820 2102 Iirmam
849 2074 910 2102 ﬁdei
948 2079 1052 2109 petram

264 2119 400 2147 allidendo
414 2121 582 2152 contudisse,
592 2128 622 2147 ac
636 2121 720 2155 putidi
741 2121 881 2148 cadaveris
900 2121 984 2147 instar
997 2120 1052 2147 risu

264 2165 373 2200 dignum
398 2167 559 2200 ostendisse,
575 2168 647 2201 quod
665 2171 766 2194 tantam
784 2171 863 2194 antea
877 2167 918 2194 sui
933 2166 1052 2194 admira-

264 2211 363 2239 tionem
378 2212 539 2240 concitarat.

573 2258 740 2287 CXXXVIII.

263 2302 390 2338 Ejusdcm
407 2303 534 2344 Eunomii
550 2305 724 2344 Refulationis
788 2306 884 2344 Bgsjlt'i
906 2309 995 2344 magni
1015 2308 1051 2336 Ii-

470 2341 510 2366 lm‘
522 2349 564 2369 III.
579 2340 648 2368 Item
665 2341 791 2376 Epistolw
805 2342 862 2370 XL.

299 2413 409 2442 Lectum
433 2415 554 2450 ejusdem
574 2417 648 2451 impii
675 2418 792 2445 hominis
810 2423 865 2446 tres
884 2418 969 2447 libros
986 2427 1052 2448 con-

264 2460 353 2488 tinens
380 2462 515 2495 volumen,
535 2465 606 2498 quod
622 2464 694 2491 velut
715 2464 863 2493 confutatio
886 2471 929 2494 est
950 2466 1054 2494 illarum

265 2507 446 2542 ineptiarum,
475 2517 542 2544 quas
569 2510 596 2537 in
624 2511 708 2546 ipsius
734 2512 848 2546 reperiri
879 2513 1057 2548 blasphemiis

265 2559 376 2583 sanctus
390 2555 506 2584 Basilius
520 2557 728 2587 demonstrarat.
749 2557 807 2587 Hoc
825 2559 851 2586 in
866 2567 948 2595 opere
962 2564 1055 2594 partu-

1106 252 1153 270 ται
1167 244 1189 270 ⁵.
1218 244 1272 271 Τοῦ
1290 245 1381 280 μέντοι
1400 246 1503 280 σαφοῦς
1532 246 1562 273 οὺ
1589 246 1740 280 διαπίπτει,
1766 247 1855 274 πολλὰ
1873 247 1905 274 δὲ

1106 291 1162 317 τῶν
1177 291 1337 325 ἀναγκαίων
1357 292 1576 328 παραλιμπάνει.
1603 321 1611 327 ,

1149 381 1178 408 '0
1191 382 1272 412 αὐτὸς
1286 381 1314 408 δὲ
1325 382 1372 408 καὶ
1383 382 1494 418 ἐτέρους
1508 382 1603 416 λόγους
1619 381 1722 417 ἔγραψε
1738 383 1903 417 διαφόρους,

1107 427 1155 454 καὶ
1169 428 1387 462 παραλλήλους
1403 428 1534 463 συνέθηκε
1543 429 1643 461 βίους.
1653 429 1747 464 ὥσπερ
1759 430 1905 455 Διονυσίου

1107 474 1156 501 καὶ
1170 474 1329 509 Δομιτιανοῦ
1342 475 1352 490 ⁸
1372 475 1401 500 ἐν
1416 475 1478 501 δυσὶ
1492 475 1592 508 λόγοις,
1607 475 1741 501 Φιλίππου
1753 483 1783 501 τε
1800 476 1904 501 Μακε-

1105 519 1190 546 δόνων
1204 520 1251 546 καὶ
1274 519 1430 553 Αὐγούστου
1457 520 1486 546 ὲν
1503 520 1607 555 ἑτέροις
1623 520 1709 547 δυσίν.
1727 521 1789 546 Ἔτι
1809 520 1838 546 δὲ
1854 522 1906 546 καὶ

1107 568 1178 601 Περὶ
1195 566 1394 601 Ὀλυμπιάδος
1422 568 1472 602 τῆς
1494 567 1672 602 Ἀλεξάνδρου
1690 567 1794 602 μητρὸς
1818 567 1906 600 λόγον

1108 611 1229 647 ἔγραψεν

1406 658 1580 685 PAB’-PAE'.

1106 703 1282 730 Παλλαδίου
1296 703 1458 738 σοφιστοῦ,
1483 704 1653 738 Ἀφθογίου,
1673 704 1834 736 Εὐσεσίου,
1853 705 1907 730 καὶ

1354 739 1491 773 Μαξίμου
1512 739 1650 766 Μελέται.

1142 784 1366 820 ’Δνεγνώσθησαν
1385 785 1532 812 Παλλαδίου
1546 785 1673 821 σοφιστοῦ
1689 785 1819 812 Μολέται
1835 785 1908 812 διὰ-

1106 833 1262 867 φοροι,καὶ
1284 832 1425 866 Ἀφθονίου
1455 833 1503 859 καὶ
1529 833 1660 859 Εὐσεϐίου
1695 833 1824 867 σοφιστοῦ
1857 833 1908 859 καὶ

471 875 533 902 item
563 875 674 902 Maximi
703 876 831 911 sophistae
863 877 1051 904 Alexandrini.

1112 879 1233 913 Μαξίμου
1251 878 1381 912 σοφιστοῦ
1407 879 1615 914 Ἀλεξανδρέως.
1631 878 1712 905 Ἀλλά
1729 878 1784 904 τῶν
1811 878 1909 905 ἄλλων

1103 926 1116 951 ό
1131 924 1279 956 Ιιαλλάδιος
1306 924 1378 951 κατά
1392 925 1482 951 πᾶσαν
1508 924 1609 960 ἀρετὴν
1623 924 1673 960 τὴν
1689 925 1719 950 ὲν
1745 924 1839 958 λόγοις
1857 925 1908 951 ἐπὶ

1103 968 1228 996 πλεῖστον
1242 969 1409 1004 διενήνοχεν.

1457 1015 1550 1048 PAq'.

1312 1060 1466 1094 Κυρίλλου
1480 1061 1507 1086 οὶ
1521 1059 1683 1094 Θησαυροι.

1137 1105 1360 1142 ’Δνεγνώσθησαν
1375 1106 1510 1141 Κυρίλλου
1526 1107 1551 1132 οἱ
1568 1106 1726 1139 θησαυροί.
1742 1105 1908 1140 Ἐπιχειρη-

1104 1153 1218 1187 ματικόν
1242 1153 1300 1179 ἐστι
1317 1153 1326 1168 ⁷
1342 1153 1372 1178 τὸ
1387 1152 1500 1187 βιϐλίον,
1525 1153 1573 1178 καὶ
1597 1151 1663 1187 [515
1678 1151 1725 1187 Β.)
1752 1152 1826 1178 κατὰ
1854 1152 1907 1186 τῆς

1109 1199 1214 1234 Ἀρείου
1229 1198 1276 1224 καὶ
1290 1198 1424 1233 Εὐνομίου
1437 1197 1541 1232 λύσσης
1561 1196 1693 1230 γενναίως
1705 1197 1752 1223 καὶ
1767 1196 1907 1232 πολυτρό-

1103 1253 1161 1275 πως
1188 1243 1407 1279 ἀγωνιζόμενον·
1433 1243 1481 1270 καὶ
1503 1243 1557 1278 γὰρ
1587 1243 1634 1269 καὶ
1649 1243 1771 1277 λογικαῖς
1788 1243 1903 1276 ἐφόδοις

1103 1289 1295 1324 ἐπιστημόνως
1310 1289 1400 1316 αὐτῶν
1412 1289 1558 1324 ἀπελέγχει
1572 1288 1621 1323 τὴν
1636 1288 1741 1318 ἄνοιαν,
1766 1288 1816 1315 καὶ
1830 1289 1906 1323 Γρα-

1102 1335 1187 1369 φικὰς
1214 1334 1310 1365 αὑταῖς
1327 1334 1494 1368 συμπλέκων
1511 1334 1558 1359 καὶ
1586 1333 1756 1367 συνυφαίνων
1784 1333 1906 1368 χρήσεις

1102 1379 1272 1415 πανταχόθεν
1289 1381 1321 1406 τὸ
1338 1379 1438 1414 σαθρὸν
1454 1379 1543 1405 αὐτῶν
1561 1378 1714 1413 στηλιτεὺει
1732 1378 1778 1404 τοῦ
1795 1379 1907 1413 δὰγμα-

1101 1435 1157 1459 τος.
1173 1426 1273 1462 Τίθησι
1287 1425 1315 1452 δὲ
1330 1426 1377 1452 καὶ
1393 1426 1549 1461 μαρτυρίας
1563 1425 1657 1457 ἁπλῶς
1673 1425 1723 1460 τῆς
1748 1425 1866 1459 Γραφῆς
1891 1425 1906 1450 6

1103 1472 1244 1504 θεσπέσιος
1260 1471 1404 1507 Κύριλλος,
1421 1472 1461 1503 εἰς
1487 1471 1644 1506 ἀμηχανίαν
1661 1470 1752 1496 αὐτῶν
1769 1470 1816 1496 διὰ
1833 1470 1906 1497 πάν-

1102 1528 1156 1546 των
1174 1508 1325 1553 συγκλείων
1350 1518 1379 1544 τὸ
1395 1518 1542 1553 φρύαγμα.
1569 1517 1648 1543 Ἐστι
1677 1516 1705 1542 δὲ
1725 1516 1779 1542 τῶν
1797 1516 1904 1542 ἑαυτοῦ

1105 1566 1192 1600 λόγων
1208 1565 1337 1597 ἐνταῦθα,
1364 1565 1412 1591 καὶ
1428 1564 1551 1599 μάλιστα
1581 1564 1638 1594 τοῖς
1660 1562 1764 1589 ἔννοιαν
1785 1561 1904 1588 λαϐοῦσι

1105 1613 1160 1639 τῶν
1173 1612 1290 1645 λογικῶν
1303 1611 1417 1646 ἐφόδων,
1433 1610 1615 1645 σαφέστατος.

1461 1659 1503 1685 ΡΛ
1509 1658 1545 1685 Ζ’.

1195 1705 1346 1738 Εὐνομίου
1361 1704 1414 1732 τοῦ
1428 1705 1601 1736 δυσσεϐοῦς
1610 1703 1812 1739 βιᾶἶιόάριον.

1141 1750 1204 1787 [I67
1218 1750 1263 1786 IL]
1276 1750 1447 1786 ’Δνεγνώσοη
1462 1750 1627 1786 βιϐλιδὰριον
1643 1751 1786 1786 Εὑνομίου,
1803 1750 1856 1786 τῆς
1872 1750 1907 1777 οἱ·

1106 1797 1183 1829 κείας
1212 1797 1373 1828 δυσσεϐείας
1401 1797 1521 1830 ἔκθεσις,
1551 1793 1582 1822 οὗ
1606 1797 1623 1831 ἡ
1637 1797 1780 1832 ἐπιγραφὴ
1793 1797 1806 1812 ⁸
1818 1818 1825 1824 .
1837 1817 1843 1822 .
1858 1817 1867 1824 .
1879 1817 1886 1824 .
1897 1817 1904 1824 .

1107 1842 1194 1869 Τοῦτο
1207 1842 1237 1869 τὸ
1262 1842 1428 1878 βιϐλιδάριον
1447 1842 1510 1868 ἐπεὶ
1524 1843 1582 1874 τοῖς
1600 1843 1826 1877 συναιρεσιώταις
1851 1843 1907 1869 Εὐ-

1107 1888 1200 1924 νομίου
1229 1888 1272 1915 διὰ
1299 1888 1438 1923 θαύματος
1466 1888 1516 1923 μὲν
1541 1889 1633 1923 ἤγετο,
1667 1889 1783 1924 κρύφιον
1809 1889 1838 1915 δὲ
1857 1890 1906 1916 καὶ

1106 1936 1256 1970 ἀνέχφορον
1268 1936 1324 1966 τοῖς
1341 1934 1432 1965 ἀλλοις
1443 1932 1513 1961 εἶναι
1524 1935 1728 1966 διεσπούδαστο,
1745 1935 1825 1969 μόλις
1836 1936 1904 1961 ποτὲ

1106 1983 1120 2008 ὁ
1130 1981 1216 2016 μέγας
1229 1980 1369 2012 Βασίλειος
1383 1981 1430 2006 ἐπὶ
1443 1981 1536 2015 χεῖρας
1552 1979 1644 2007 λαϐεῖν
1669 1981 1808 2015 δυνηθεὶς,
1837 1990 1903 2015 γεν-

1106 2029 1190 2059 ναίως
1206 2035 1236 2053 τε
1247 2026 1295 2053 καὶ
1307 2026 1452 2062 λαμπρῶς,
1469 2026 1518 2054 καὶ
1533 2027 1560 2053 εἴ
1579 2035 1621 2058 τις
1640 2027 1726 2062 ἁρετὴ
1738 2027 1829 2061 λογων
1856 2029 1904 2054 καὶ

1108 2073 1195 2108 ίσχὺς.
1212 2072 1255 2099 διὰ
1270 2071 1366 2099 πασῶν
1381 2071 1477 2104 ἐλθὼν,
1493 2072 1627 2107 ἀνέτρεψέ
1644 2081 1674 2099 τε
1690 2073 1736 2100 καὶ
1748 2074 1903 2101 ἀνεσκεύα-

1108 2128 1164 2149 σεν,
1181 2118 1298 2153 ὣσπερ⁹
1311 2126 1336 2144 τι
1358 2118 1454 2153 νήπιον
1479 2118 1651 2145 Βαϐυλώνιον
1671 2120 1704 2154 τῇ
1730 2120 1837 2155 στερῤςῖ
1852 2121 1903 2155 τῆς

1106 2165 1236 2201 ἀληθείας
1256 2165 1279 2181 ¹⁰
1295 2165 1474 2200 προσαράξας
1495 2165 1594 2200 πέτρᾳ,
1616 2167 1664 2192 καὶ
1675 2165 1840 2201 θνησιμαίον
1855 2168 1904 2193 καὶ

1070 2232 1092 2259 D
1107 2211 1212 2246 γέλωτα
1225 2211 1315 2245 δείξας
1330 2212 1360 2238 τό
1377 2220 1443 2238 ποτε
1463 2210 1683 2247 θαυμαζόμενον.

1450 2258 1540 2284 ΡΔΗ¹.

1107 2303 1164 2332 Τοῦ
1173 2302 1266 2332 αὐτοῦ
1279 2303 1353 2338 scan}
1367 2302 1423 2337 τῆς
1439 2303 1642 2338 πραγματείας
1663 2303 1717 2329 τοῦ
1739 2302 1831 2337 ἁγίου
1846 2305 1903 2330 Βα-

1141 2339 1270 2369 σιλείου,
1284 2338 1320 2365 ἐν
1331 2335 1351 2373 ᾖ
1362 2335 1512 2372 δυσσεϐἑξ
1521 2335 1618 2366 ἀὑτοῦ
1630 2335 1778 2372 ἀνέτρεπὲ
1792 2338 1900 2369 δότ-μα-

1140 2374 1191 2401 zeal
1212 2373 1389 2401 Ἐπιστολαὶ
1399 2376 1441 2407 μ’.

1140 2418 1311 2454 Ἀνεγνώσοη
1320 2419 1367 2446 τοῦ
1379 2419 1460 2446 αὐτοῦ
1472 2419 1618 2450 δυσσεϐοῦς
1633 2419 1766 2454 Εὐνομίου
1784 2419 1900 2454 βιϐλίον,

1104 2466 1134 2492 ἐν
1144 2466 1235 2500 λόγοις
1245 2466 1346 2501 τρισὶν,
1361 2465 1400 2497 ὼς
1415 2465 1496 2500 δῆθεν
1512 2465 1567 2492 τῶν
1579 2465 1816 2500 ἀποδεδειγμένων
1829 2467 1902 2492 κατὰ

1105 2513 1154 2547 τῆς
1170 2511 1346 2547 βλασφημίας
1375 2511 1458 2538 αὺτοῦ
1475 2511 1516 2546 τῷ
1545 2511 1610 2547 Θείῳ
1637 2511 1773 2545 Βασιλείῳ
1789 2512 1901 2538 ἀτόπων

1106 2558 1225 2593 ἐλεγχος.
1240 2557 1350 2593 Ταύτην
1365 2559 1415 2593 τὴν
1439 2558 1530 2593 βίϐλον
1545 2558 1674 2586 ὠδίνοντα
1698 2558 1802 2589 πολλὰς
1816 2567 1901 2592 φασιν

893 2629 1011 2657 νΑιιιιΕ
1031 2623 1238 2657 LECTIONES.

301 2673 311 2689 '
324 2673 427 2710 xpﬁtat
441 2673 483 2700 AC
496 2684 502 2701 ε
518 2674 649 2709 κέχρηται
663 2683 694 2706 ς.
747 2676 758 2692 ⁸
772 2676 935 2710 Δομετιανοῦ
953 2686 983 2709 ς,

1035 2677 1044 2692 ⁷
1060 2677 1118 2702 ἐστι
1133 2675 1155 2702 Δ
1170 2685 1177 2702 :
1195 2675 1224 2701 δέ
1236 2675 1295 2701 ἐστι
1309 2683 1340 2706 ς.

1393 2674 1478 2710 {post
1491 2674 1632 2710 ἐπιγραφὴ
1650 2674 1745 2702 lacuna
1762 2675 1788 2702 iu
1805 2675 1828 2702 Δ
1844 2682 1901 2701 ver-

265 2715 343 2735 suum
359 2710 376 2735 2
393 2708 454 2744 ῌίὲ,
468 2711 492 2736 in
507 2711 527 2737 (ὲ
544 2708 695 2737 litterarum
706 2711 739 2738 I3
756 2711 797 2738 vel
809 2708 857 2739 Π.
893 2713 904 2728 ⁹
919 2708 1026 2748 ὥσπερ]
1045 2711 1090 2738 Ps.
1105 2718 1226 2742 cumt,
1244 2710 1272 2737 9.
1311 2710 1333 2726 ¹⁹
1349 2709 1479 2746 ἀληθείας
1492 2710 1515 2736 Δ
1530 2717 1537 2736 :
1553 2708 1671 2742 πίστεως
1687 2718 1707 2742 ς

1009 2766 1126 2795 ΝΟΤᾸΕ.

304 2802 360 2838 (26)
378 2803 476 2830 Suidas
491 2802 683 2838 mspiciepdns.

303 2838 359 2874 (‘27)
376 2838 459 2874 Cujus
472 2842 579 2865 exstant
592 2838 770 2874 Progymnas.
782 2844 809 2866 ct
821 2839 931 2867 Fabula:
943 2839 1053 2867 (intro-

268 2875 317 2900 (at.
332 2873 359 2904 in
369 2873 504 2902 Germana
518 2873 582 2901 edit.
598 2873 642 2901 ubi
652 2874 738 2908 plura.

1143 2801 1198 2837 (28)
1220 2802 1260 2828 An
1282 2801 1325 2828 hic
1344 2801 1388 2829 ille
1404 2802 1486 2828 Arab.
1513 2810 1592 2836 queui
1608 2802 1838 2831 ἀντισοκεσεῡσαι
1857 2804 1896 2830 nl-

1110 2838 1175 2865 timo
1194 2837 1306 2868 legimus
1318 2838 1388 2871 apud
1405 2837 1516 2865 Suidam
1531 2838 1543 2864 2

1145 2872 1201 2909 (so)
1217 2871 1282 2899 Vide
1291 2872 1367 2899 Suid.
