1938 3091
47 153 101 185 417

469 154 732 186 BIBLIOTHECA.
747 167 783 173 -
799 155 907 187 CODD.
924 157 1264 193 CXXXII-CXXXVIII.

1632 164 1686 198 418

47 212 132 239 αὐτὸν
161 210 232 237 ἑτῶν
251 209 438 245 Ὀλυμπιάδας
466 211 644 246 κατατρῖψαι,
676 212 705 237 ὲν
728 210 843 245 οἰκίσκῳ

896 213 1001 246 riendo,
1026 215 1124 242 multas
1143 223 1204 244 eum
1228 225 1360 246 annorum
1376 219 1552 255 Olympiadas
1565 221 1687 251 :edicnlaa

47 257 147 284 ἑαυτὸν
160 255 369 291 καθειργνύντα,
394 255 442 281 καὶ
455 254 599 288 λαθραίαις
616 256 704 290 μίξεσι
716 256 746 281 τὸ
760 264 844 290 πονη-

47 303 95 337 ρὸν
106 303 198 327 ἐκεῖνο
215 301 299 336 τέρας
314 300 414 327 κύοντα
430 299 506 335 μόλις
522 301 563 332 εἰς
581 301 638 334 φῶς
658 300 693 327 δι’
704 301 774 327 ἐτῶν
788 302 842 336 ἁμ-

46 348 210 382 6λωθρίδιον
228 346 376 382 ἐκτρῶσαι,
397 346 509 373 θάλπειν
523 354 552 372 τε
567 346 685 379 ἐκεῖθεν,
703 347 750 373 καὶ
766 347 842 382 μόλις

46 395 94 420 καὶ
110 394 206 424 αὐτοῖς
221 394 278 424 τοῖς
295 392 469 428 συμμύσταις
486 393 669 420 ἐπιδεικνύναι
683 393 714 420 τὸ
735 393 840 429 κύημα,

46 440 153 466 δεδιότα
171 440 289 474 μάλιστα
312 439 350 475 μή
365 448 423 470 πως
451 439 498 466 καὶ
514 439 581 466 αὐτὸ
607 441 668 472 ταῖς
699 440 840 466 Βασιλείου

47 486 125 521 χερσὶ
143 486 294 521 περιπεσὺν
311 486 332 500 ¹¹
348 486 412 520 πρὶν
435 486 452 521 ἢ
474 486 555 520 πῆξιν
579 486 673 513 λαϐεῖν
686 486 840 522 διασπασθῇ

48 531 166 566 καὶ,πρὸ
191 530 239 557 τοῦ
263 530 380 563 ἀνθῆσαι
407 530 527 566 ξηρανθῆ
556 530 645 566 ἄωρον
667 531 838 566 ἀποφθαρέν.

46 577 148 612 Διὸπερ
164 576 304 611 ἐπιμελῶς
319 577 366 602 καὶ
378 576 473 612 ὥσπερ
489 577 503 603 ὁ
517 576 566 603 τοῦ
591 577 696 612 Κρόνου
713 577 797 612 μῦθος
810 577 841 603 τὸ

46 624 173 658 γέννημα
205 623 354 650 καταπιὼν
385 623 504 658 ἔκρυπτέ
530 632 559 650 τε
579 625 625 650 καὶ
643 624 839 656 συνεκάλυπτε,

47 673 146 706 μέχρις
166 671 200 698 ἂν
215 672 232 706 ἡ
247 670 390 698 Βασιλείου
406 670 463 706 ζωὴ
476 670 516 706 τῷ
532 671 659 706 ὲπικήρῳ
676 679 839 706 παρατεινο-

47 718 115 752 uim
141 717 192 752 βίῳ
207 717 253 743 τὸν
273 717 354 751 φόϐον
366 717 502 744 ἐπέσειεν.
517 717 594 744 Ἐπεὶ
606 718 634 744 δὲ
645 719 659 744 ὁ
678 718 749 749 θεῖος
768 718 840 745 ἐκεῖ-

46 771 89 794 νος
104 763 177 798 ἀνὴρ
186 763 236 798 τὴν
251 763 398 798 παροικίαν
421 762 509 789 λιπὼν
531 764 571 794 εἰς
596 763 641 790 τὸν
671 765 771 790 οἰκεῖον
793 764 840 791 καὶ

45 809 177 843 οὐράνιον
190 808 292 844 κλῆρον
307 808 454 844 ἀνέδραμε.
463 808 510 834 τοῦ
520 807 619 835 πολλοῦ
630 808 756 840 λυθέντος
764 809 839 841 δέους

46 853 93 888 ὀψὲ
109 855 132 869 ¹¹
145 853 194 880 τοῦ
222 853 331 888 καιροῦ,
355 854 528 888 δημοσιεύειν
547 854 568 870 ¹³
587 855 647 882 οὐδὲ
662 855 722 881 τότε
744 856 837 888 πᾶσιν,

897 259 1031 287 inclusum
1055 268 1111 288 suae
1129 263 1312 296 absumpsisse
1329 263 1417 292 ferunt
1431 274 1437 297 ;
1453 274 1486 293 ac
1508 267 1552 294 vix
1576 269 1684 295 tandem

895 311 957 340 post
980 306 1128 333 multorum
1155 315 1286 336 annorum
1310 309 1500 344 intervallum,
1524 313 1686 341 abortiendo

896 352 1049 386 improbttm
1062 352 1137 379 illtun
1154 361 1184 379 ac
1200 354 1395 389 prodigiosum.
1409 364 1488 391 quem
1504 358 1685 386 furtiviscon-

896 399 1034 433 gressibus
1057 405 1241 432 conceperat,
1275 400 1358 428 {etum
1387 402 1414 429 in
1444 402 1530 430 lucem
1557 403 1683 437 eiecisse.

895 445 963 478 Quin
991 451 1054 473 tunc
1074 445 1158 474 etiam
1182 446 1310 474 miserum
1332 447 1388 475 illic
1408 447 1524 476 fovendo
1555 455 1682 484 partum,

895 493 961 527 ipsis
973 500 1080 528 qttoque
1101 498 1184 521 secta:
1206 494 1317 521 asscclis
1332 502 1385 520 non
1405 499 1506 522 temere
1516 496 1684 530 exhibuisse,

894 539 1008 566 veritum
1024 539 1151 567 nimirum
1171 540 1302 572 maxime,
1321 541 1464 574 nequando
1486 546 1513 567 et
1534 541 1586 569 hoc
1614 550 1682 577 opus

895 585 921 613 in
936 585 1027 612 Basilii
1047 594 1144 614 manus
1166 586 1242 621 prius
1260 587 1380 618 veniens,
1401 594 1482 621 quam
1505 587 1682 620 coalesceret,

894 635 1073 670 dissiparetnr
1093 654 1101 668 ,
1129 640 1157 662 et
1188 641 1333 669 antequam
1361 635 1491 668 ﬂoreret,
1521 641 1683 671 praemature

894 685 1050 715 corruptum
1076 686 1267 708 marcesceret.
1288 680 1371 716 [gitur
1387 681 1519 714 studiose,
1532 681 1684 709 velutaltet'

894 726 920 753 in
938 726 1034 754 rabulis
1056 726 1201 759 Saturnus,
1223 732 1315 754 natum
1339 727 1494 754 devorando
1515 727 1581 754 texit
1602 732 1683 762 atque

894 772 1047 804 abscondit,
1074 773 1192 808 quandiu
1223 773 1331 807 quidem
1360 772 1476 799 Basilius
1499 773 1525 799 in
1541 772 1610 800 lluxa
1630 773 1682 800 ista

894 817 948 843 vita
969 817 1069 852 degens
1086 821 1186 844 metum
1209 818 1353 845 incuteret.
1376 818 1521 852 Postquam
1551 826 1613 845 vero
1642 819 1684 845 vir

894 862 938 889 ille
954 861 1073 894 divinus,
1090 863 1230 897 peregrina
1245 862 1411 890 habitatione
1429 863 1534 894 relicta,
1554 863 1580 890 in
1591 871 1682 895 suam,

46 900 113 927 ἀλλὰ
131 901 189 931 τοῖς
197 899 284 933 φίλοις
296 899 460 934 ἐθαρρηεεν.
479 897 515 935 ⁷ῼ
529 901 721 936 περιτυχόντες
737 901 840 928 Θεόδω-

900 909 951 936 Ιιοο
965 913 1017 941 est,
1036 909 1062 935 in
1079 909 1215 936 rtelestem
1236 910 1426 944 commigravit
1443 910 1638 945 hmreditatetn,
1653 914 1683 937 et

47 955 93 983 ρος
106 946 157 973 καὶ
172 946 322 981 Γρηγόριος
336 946 447 981 Νύσσης
461 946 508 972 καὶ
524 946 688 981 Σωερρόνιος.
702 943 739 974 ὧν
754 948 840 983 ἐμνή-

46 994 152 1028 σθημεν
167 992 282 1024 ἄνωθεν,
297 993 408 1024 πολλαῖς
425 993 527 1025 αἰκίαις
539 994 626 1028 λόγων
651 994 840 1030 λωϐησάμενοι

44 1041 121 1066 οὐδὲν
136 1037 219 1075 ἦττον
233 1039 280 1066 τοῦ
299 1039 433 1075 προτέρου
451 1041 548 1076 νεκρὸν
564 1041 612 1068 καὶ
635 1040 724 1076 πάσης
739 1041 839 1073 ἁπόζον

44 1087 218 1123 ἀκαθαρσίας
243 1087 284 1122 τῷ
312 1088 493 1122 γεγεννηκότι
526 1088 692 1124 ἀπέρριψαν.
722 1088 762 1116 Τὰ
789 1089 839 1124 μὲν

44 1132 97 1160 οὖν’
102 1134 153 1168 τῆς
173 1132 301 1164 ἀσεϐείας
314 1132 400 1164 οὕτως
410 1133 495 1160 ἔδωκε
509 1133 598 1169 δίκην,
614 1135 628 1161 ὁ
638 1134 667 1160 δὲ
690 1133 737 1160 τοῦ
759 1133 838 1169 λόγου

45 1179 191 1215 χαρακτὴρ
207 1180 318 1214 χάριτος
345 1179 394 1213 μὲν
411 1180 459 1206 καὶ
472 1180 568 1214 ἡδονῆς
580 1180 634 1206 οὐδ’
646 1180 674 1206 εἴ
695 1190 737 1212 τις
764 1180 838 1208 ἐστιν

44 1226 98 1253 οὐδ’
115 1226 139 1241 ιδ
157 1226 241 1260 ἐγγὺς
257 1225 352 1260 γέγονε
371 1226 418 1252 τοῦ
432 1226 542 1257 ειδέναι,
553 1226 659 1261 κόμπον
678 1226 706 1253 δέ
722 1235 782 1253 τινα
792 1235 837 1252 τε-

45 1271 156 1307 ρατώδη
169 1272 217 1298 καὶ
243 1271 360 1306 δύσηχον
375 1269 443 1307 ἦχον
462 1272 645 1307 φιλοτιμεῖται
669 1273 765 1308 ψοφεῖν
781 1274 836 1301 τῶν

43 1326 73 1344 τε
87 1317 244 1352 συμςώνων
255 1318 288 1352 τῇ
303 1317 455 1354 ὲπαλληλίᾳ
473 1317 537 1354 [516
549 1317 595 1354 R.)
615 1319 661 1346 καὶ
672 1320 726 1346 τῶν
737 1319 836 1352 λέξεων

43 1367 103 1398 ταῖς
111 1365 331 1400 δυσεκφράστοις
342 1366 389 1392 καὶ
400 1366 625 1401 πολυσυμφώνοις
637 1367 685 1393 καὶ
699 1367 746 1394 τοῦ
759 1376 839 1403 ποιη-

42 1410 121 1437 τικοῦ
152 1409 250 1441 τύπου,
281 1410 298 1445 ἢ
319 1410 419 1445 μᾶλλον
442 1411 639 1446 ἀκριὸἑστερον
667 1412 765 1445 εἰπεῖν,
790 1413 837 1439 τοῦ

42 1456 245 1491 διθυραμϐικοῦ
259 1456 346 1487 εἴδους
360 1456 571 1491 τυγχανούσαις.
588 1457 712 1492 Συνθήκη
723 1467 753 1484 τε
764 1458 838 1494 αὐτῷ

42 1503 248 1538 ἐκεεσιασμὲνη
264 1503 311 1529 καὶ
326 1503 554 1538 συμπεπιεσμόνη
568 1504 615 1530 καὶ
639 1504 779 1539 ἐκκροτος,
799 1505 838 1536 ὡς

43 1549 170 1583 ἀνάγκην
193 1546 264 1574 εἶναι
275 1548 315 1582 τῷ
324 1547 539 1581 ἀναγινώσκοντι
551 1549 587 1575 τὰ
602 1549 708 1576 ἐκείνου
725 1550 836 1577 τύπτειν

45 1595 172 1630 σᾳοόρῶς
202 1594 247 1620 τὸν
270 1594 339 1629 ἀέρα
355 1596 410 1626 τοῖς
424 1594 552 1629 χείλεσιν,
572 1596 596 1621 εἰ
628 1595 720 1630 μέλλοι
736 1597 841 1631 τρανῶς

45 1632 233 1675 ἁπιγῆνέλλειν
247 1640 265 1667 ἃ.
281 1640 489 1676 περιτραχύνων
506 1641 526 1658 ¹⁸
538 1641 585 1668 καὶ
603 1641 764 1677 συστρέςων
777 1651 840 1669 συν-

46 1687 147 1714 θλίὸων
180 1695 211 1713 τε
243 1687 291 1713 καὶ
315 1687 517 1722 παρεμᾶίλλων
543 1688 591 1714 καὶ
619 1689 837 1723 ἁκρωτηριάζων

47 1734 151 1764 ἐκεῖνος
171 1732 248 1767 μόλις
261 1732 416 1759 συνέταττε.
433 1733 546 1768 Μακραί
571 1741 601 1760 τε
618 1734 704 1760 ἐνίοτε
719 1735 760 1766 εἰς
772 1735 842 1770 ἀμε-

47 1779 123 1812 τρίαν
151 1777 272 1812 περίοδοι
296 1778 496 1813 ὲκτεινόμεναι,
527 1780 575 1806 καὶ
600 1779 631 1806 τὸ
658 1781 794 1807 σκοτεινόν
812 1789 843 1808 τε

47 1825 94 1851 καὶ
107 1824 208 1859 ἄδηλον
235 1824 268 1850 δι’
281 1824 343 1851 ὅλου
372 1825 524 1860 κεχυμένον
541 1825 588 1852 τοῦ
615 1827 841 1862 συγγράμματος,

47 1871 90 1898 ἵνα
105 1871 173 1906 δοκῇ
188 1879 220 1896 τε
235 1871 294 1903 τοῖς
313 1871 423 1902 πολλοῖς
448 1871 564 1907 δυνάμει
577 1872 728 1907 δεινότητος
742 1873 842 1907 ἐκφεύ-

47 1925 104 1950 γειν
123 1917 216 1943 αὐτῶν
240 1917 290 1952 τὴν
310 1916 474 1952 κατάληψιν,
507 1918 555 1944 καὶ
571 1918 633 1944 ὅσον
659 1918 770 1949 ἀσθενὲς
788 1919 842 1945 τῶν

47 1963 199 1998 magna».
214 1963 272 1997 (καὶ
290 1964 345 1998 γάρ
373 1964 432 1990 ἐστι
451 1963 528 1998 πολὺ)
542 1963 580 1998 τῷ
600 1965 701 1998 ἀσαφεῖ
720 1965 766 1991 καὶ
781 1965 842 1991 δυσ-

47 2010 217 2045 καταλήπτῳ
247 2009 422 2041 ἐπισκιάζειν
437 2009 490 2045 ἔχῃ
507 2008 572 2045 [168
586 2008 632 2045 Η.]
649 2009 695 2035 καὶ
711 2010 843 2044 κρύπτειν

46 2056 93 2089 τῆς
107 2055 229 2086 διανοίας
240 2055 275 2081 τὰ
288 2055 506 2090 ἀρρωστήματα.
532 2055 612 2081 Δοκεῖ
625 2055 652 2081 δὲ
665 2057 712 2081 καὶ
724 2056 783 2082 ταῖς
797 2055 842 2081 λος

46 2102 139 2135 γικαίς
163 2100 355 2134 έπερεὶδεσθαι
377 2100 510 2135 μεθόδοις,
531 2099 628 2132 ἄλλους
648 2109 678 2127 τε
705 2101 842 2137 διασύρων

46 2148 91 2174 ἐπὶ
105 2146 206 2182 τούτῳ,
220 2147 269 2173 καὶ
283 2146 364 2178 αὐτὸς
379 2145 608 2181 προθυμούμενος
624 2147 674 2181 μὲν
687 2148 843 2183 ἀποκεχρῆ-

47 2194 108 2220 σθαι
123 2193 232 2224 τούτοις
243 2193 284 2219 ὅτι
302 2193 431 2228 μάλιστα,
460 2192 597 2227 ὀψιμαθὴς
626 2192 654 2218 δὲ
671 2193 723 2219 κάν
737 2193 843 2233 το⁶ύτοις

893 953 995 987 ingenti
1008 953 1053 980 illo
1069 959 1142 981 metu
1158 954 1290 986 discusso,
1307 956 1350 981 Vix
1367 956 1475 982 tandem
1499 963 1561 982 sero
1584 956 1681 983 edendi

894 999 1004 1027 advenit
1020 1000 1139 1032 occasio,
1153 1007 1186 1026 ne
1202 1005 1266 1027 tunc
1277 1000 1386 1035 quidem
1401 1001 1537 1033 omnibus,
1553 1002 1600 1028 sed
1611 1001 1682 1029 ami-

893 1046 933 1074 cis
947 1047 1079 1073 duntaxat
1091 1045 1240 1082 [evulgare]
1256 1055 1337 1073 ausus
1354 1051 1405 1074 est.
1422 1046 1449 1073 In
1468 1055 1547 1082 quem
1562 1048 1682 1075 int-ideo-

892 1098 935 1120 tes
956 1093 1115 1120 Theodorus
1134 1092 1191 1128 (50)
1214 1097 1242 1119 et
1266 1092 1413 1127 Gregorius
1435 1092 1582 1128 Nyssenus,
1600 1098 1683 1128 atque

893 1139 1064 1174 Sophronias
1092 1140 1218 1174 (quorum
1247 1147 1327 1174 supra
1355 1139 1411 1174 (51)
1429 1144 1471 1167 est
1489 1147 1504 1166 ιι
1524 1148 1567 1167 me
1589 1140 1681 1168 habita

893 1185 1017 1220 mentio),
1036 1184 1129 1212 multis
1148 1186 1292 1212 verborum
1311 1185 1408 1220 plagis,
1432 1193 1486 1212 non
1508 1192 1586 1213 secus
1599 1193 1679 1220 quam

897 1232 1015 1266 prioretn
1037 1230 1123 1266 [illum
1142 1231 1261 1264 ejusdem
1281 1230 1413 1266 libellum]
1430 1231 1567 1264 Basilius,
1596 1232 1682 1259 conli-

893 1277 1165 1312 cientes,jugulatum
1181 1277 1236 1310 jam
1259 1282 1286 1305 et
1310 1285 1366 1312 prae
1390 1277 1546 1312 impuritale
1568 1278 1681 1311 olidum,

893 1324 919 1352 in
935 1329 1073 1351 auctorem
1089 1331 1167 1351 suum
1184 1323 1369 1357 conjecerunt.
1384 1323 1540 1359 Hasitaque
1558 1329 1613 1352 tum
1628 1325 1681 1352 im-

892 1371 980 1406 pietas
991 1377 1088 1405 poenas
1104 1370 1188 1397 dedit.
1211 1370 1252 1396 Ad
1270 1369 1368 1405 stylmn
1395 1371 1467 1404 quod
1497 1371 1604 1402 attinet,
1619 1375 1682 1398 tan-

892 1421 950 1443 tum
966 1416 990 1443 is
1015 1416 1049 1442 ab
1071 1415 1146 1442 omni
1164 1421 1190 1441 et
1205 1415 1291 1450 gratia
1316 1420 1343 1442 et
1365 1414 1535 1449 jucunditate
1561 1420 1685 1444 remotus

891 1467 943 1494 est,
959 1466 988 1489 ιιι
1002 1470 1036 1489 ne
1050 1462 1212 1496 cognovlsse
1231 1462 1352 1496 quidem,
1376 1469 1410 1488 an
1432 1462 1484 1488 tale
1511 1463 1575 1496 quiti
1589 1467 1682 1490 exsta-

892 1514 944 1541 ret,
970 1509 1103 1536 videatur.
1132 1507 1294 1536 Jactantiam
1322 1508 1508 1536 tantummodo
1538 1509 1683 1543 quamdam

893 1555 1045 1589 prodigiose
1068 1559 1198 1585 ostentat,
1220 1561 1370 1588 sonumque
1388 1553 1527 1581 dissonum
1542 1555 1686 1582 stridendo

893 1601 975 1628 edere
987 1600 1107 1633 affectat,
1123 1604 1179 1627 tum
1194 1600 1404 1627 consonantium
1423 1600 1525 1627 alterna
1541 1601 1683 1628 vicissitu-

893 1646 966 1677 dine,
984 1651 1039 1673 ttnn
1063 1645 1177 1673 vocibus
1199 1646 1373 1680 pronttntiatu
1395 1645 1558 1678 dillicilibus,
1578 1651 1606 1673 et
1622 1654 1684 1681 qua:

893 1691 986 1719 nmltis
1020 1691 1159 1718 abundent
1194 1690 1433 1723 consonantibus;
1465 1690 1546 1724 idque
1576 1692 1683 1725 poetico

893 1745 979 1770 more,
997 1738 1050 1769 vel,
1076 1742 1105 1764 ut
1132 1737 1226 1764 verius
1242 1737 1349 1769 dicam,
1371 1736 1571 1772 dithyrambico
1592 1737 1683 1770 potius

893 1784 958 1810 ritu.
971 1783 1138 1816 Compositio
1164 1782 1248 1816 ipsius
1259 1787 1352 1809 coacta
1368 1786 1421 1814 est,
1434 1786 1460 1808 el.
1473 1782 1496 1808 vi
1513 1789 1683 1816 compressa,

891 1829 964 1864 98a
987 1832 1070 1863 atque
1089 1833 1195 1861 extusa,
1211 1832 1241 1854 ut
1260 1835 1373 1855 necesse
1389 1828 1566 1855 habeatillius
1580 1828 1682 1862 scripta

893 1875 995 1909 legens.
1011 1881 1100 1901 aerem
1116 1874 1291 1900 vehementer
1307 1873 1386 1900 labiis
1403 1873 1557 1905 verberare,
1567 1873 1588 1899 si
1602 1873 1683 1900 modo

893 1924 984 1955 aperte
997 1918 1174 1954 pronuntiare
1186 1918 1260 1951 velit,
1271 1926 1330 1952 quae
1343 1918 1411 1945 forte
1425 1918 1584 1945 nanciscens
1601 1922 1683 1952 atque

893 1972 1089 2000 contorquens,
1108 1969 1154 1992 aut
1168 1965 1300 1993 collidens
1315 1965 1409 1997 etiam,
1427 1972 1459 1991 ac
1475 1969 1576 1991 temere
1596 1965 1682 1991 inter-

892 2013 1000 2047 jiciens,
1014 2013 1069 2039 imo
1081 2015 1107 2037 et
1126 2016 1266 2044 truncans,
1281 2011 1326 2038 vix
1343 2011 1449 2038 laudent
1465 2010 1508 2036 ille
1529 2009 1681 2043 conjunxit.

893 2058 999 2092 Longas
1019 2064 1128 2091 quoque
1150 2056 1285 2083 interdum
1318 2059 1345 2083 et
1365 2054 1509 2082 immodice
1538 2054 1684 2088 productas

892 2104 1017 2139 periodos
1032 2102 1096 2130 facit
1113 2101 1329 2130 :obscuritatem
1353 2101 1465 2134 insuper
1486 2105 1568 2135 atque
1591 2100 1685 2126 incer-

894 2151 1035 2177 titudinem
1059 2156 1108 2182 per
1131 2156 1213 2175 omne
1231 2155 1296 2181 opus
1318 2147 1544 2179 oli‘uodens,cum
1563 2145 1685 2180 utvulgo

893 2195 1019 2222 videatur
1034 2193 1091 2228 ipsa
1107 2200 1163 2220 suae
1178 2192 1339 2227 eloquentiae
1361 2192 1385 2219 vi
1401 2200 1495 2219 eorum
1520 2192 1599 2225 longe
1632 2198 1681 2218 ca-

46 2240 92 2264 καὶ
109 2238 167 2265 οὐδ’
181 2239 222 2269 εἰς
238 2238 269 2264 τὸ
285 2236 366 2272 iuba;
387 2237 479 2264 αὐτῶν
501 2236 586 2263 ἐλθὼν
607 2238 636 2263 ὲν
657 2237 764 2269 πολλοῖς
776 2238 841 2265 πολ-

894 2245 969 2274 ptum
985 2238 1133 2271 excedere;
1150 2243 1204 2265 tum
1220 2243 1260 2270 ut,
1282 2238 1353 2271 quod
1380 2238 1405 2264 in
1429 2237 1485 2271 ejus
1501 2237 1588 2264 sensis
1599 2241 1682 2271 atque

46 2283 124 2315 ὶὰκις
137 2283 330 2318 ἐλεγχόμενος.

892 2285 1017 2320 cogitatis
1030 2283 1193 2311 imbecillum
1215 2288 1256 2309 est
1270 2284 1310 2317 (ιιι
1323 2287 1364 2309 est
1379 2290 1444 2310 sane
1460 2282 1617 2316 plurimum)
1631 2283 1681 2309 hac

48 2332 103 2367 ipsa
120 2331 301 2363 obscuritate,
311 2336 339 2358 et
350 2330 679 2366 intelligendidiﬂicultate
692 2331 829 2367 obtegere,
855 2333 1050 2367 sententiaeque
1077 2332 1167 2359 celare
1194 2331 1291 2357 vitiutn
1321 2329 1419 2364 possit.
1442 2328 1553 2356 Videtur
1572 2335 1637 2356 vero
1655 2333 1682 2356 et

49 2378 145 2413 logicis
157 2376 236 2404 inniti
253 2376 430 2410 argumentis,
446 2375 509 2402 dum
523 2377 621 2410 partim
638 2376 705 2403 alios
719 2377 771 2404 hoc
789 2379 899 2405 nomine
913 2378 1075 2409 insectatur,
1106 2376 1202 2412 partitn
1232 2376 1290 2410 ipse
1316 2375 1494 2402 libentissime
1519 2375 1551 2402 iis
1585 2375 1682 2406 utitur,

48 2423 155 2451 tametsi
172 2423 330 2457 frequenter
348 2427 425 2457 (cum
441 2429 503 2449 sero
516 2423 567 2450 hoc
601 2423 720 2450 studium
749 2424 904 2458 arripuerit.
935 2432 1024 2459 neque
1051 2424 1083 2450 ad
1105 2422 1163 2457 ejus
1176 2422 1271 2449 intima
1286 2421 1446 2458 penetrarit)
1460 2423 1488 2449 in
1504 2422 1597 2449 multis
1610 2429 1684 2457 sape

48 2470 147 2497 merito
165 2469 269 2495 erroris
282 2473 401 2496 notatur.

80 2515 310 2550 ’Ᾱνεγνώσθησαν
333 2515 361 2542 δὲ
386 2515 434 2542 καὶ
456 2515 633 2543 Ἐπιστολαὶ
655 2514 739 2542 αὑτοῦ
766 2515 842 2549 πρὸς

47 2561 223 2596 διαφόρους,
233 2561 622 2596 μέχριζτεσσαράκοντα.’ᾼλλὰ
631 2562 677 2588 καὶ
687 2562 715 2586 ἐν
730 2561 841 2592 ταύταις

46 2608 76 2633 τὺ
87 2607 154 2634 αὐτὸ
167 2607 223 2633 τῶν
237 2606 326 2641 λόγων
348 2604 417 2639 εἶδος
430 2607 617 2643 λεπτουργῶν,
645 2607 783 2638 παντελῶς
794 2606 841 2633 τοῦ

47 2653 101 2680 τῶν
118 2652 271 2680 ἐπιστολῶν
281 2654 455 2689 χαρακτῆρος
479 2654 540 2680 οὐδὲ
559 2654 622 2685 τοὺς
638 2654 736 2688 νόμους
757 2652 841 2680 ἁκού-

930 2513 1058 2548 ΕῘιιεᾶειιι
1070 2520 1179 2548 quoque
1193 2511 1321 2546 Epistola:
1331 2513 1366 2538 ad
1378 2512 1465 2539 varios
1480 2513 1557 2540 lecta:
1569 2521 1684 2540 numero

895 2559 1085 2594 quadraginta.
1102 2558 1136 2585 At
1152 2559 1214 2585 dum
1229 2559 1254 2584 in
1280 2558 1321 2585 his
1347 2558 1409 2585 item
1429 2559 1551 2586 eamdem
1574 2558 1683 2586 dicendi

896 2606 1010 2633 formam
1025 2604 1160 2631 subtiliter
1169 2603 1289 2636 all'ectat,
1299 2604 1343 2637 qui
1356 2604 1468 2632 omnino
1482 2604 1630 2639 epistolicaa
1641 2604 1682 2630 di-

894 2652 993 2680 ctionis
1008 2659 1058 2679 nec
1071 2651 1144 2686 leges
1159 2651 1299 2678 audiverat
1313 2659 1444 2686 unquam,
1463 2659 1515 2679 nec
1538 2652 1565 2679 in
1587 2651 1684 2679 iisdem

692 2721 810 2749 VARIIE
822 2719 1023 2749 LECTIONES.

82 2767 104 2783 "
120 2766 242 2802 ἐμπεσόν
257 2776 286 2800 ς.
327 2768 349 2783 ¹²
363 2767 411 2803 ὀψέ
425 2767 447 2794 Α
460 2775 468 2794 :
484 2767 528 2794 ὅτε
544 2776 575 2800 ς.
614 2767 636 2784 ⁸³
650 2767 823 2803 δημοσιεύειν
837 2767 858 2794 Α
873 2776 879 2795 :
897 2766 927 2793 τὸ
945 2765 1118 2801 δημοσιεύειν
1133 2766 1256 2801 ὑπῆρχεν
1271 2773 1302 2798 ς.
1340 2766 1363 2782 ¹⁸
1376 2765 1489 2794 alterunt
1504 2764 1559 2792 οὐδ’
1575 2764 1636 2792 add.
1648 2764 1682 2792 Α.

788 2836 906 2867 NOTAE.

48 2803 69 2819 "
87 2803 298 2837 περιτυγχάνων
313 2811 345 2834 ς.

84 2873 143 2908 (30)
160 2873 350 2902 Antiochenus
364 2872 491 2908 idemque
506 2872 676 2908 Mopsuestia:
691 2872 776 2907 cpisc.

923 2872 979 2907 (δι)
993 2871 1060 2899 Cod.
1075 2871 1104 2905 4,
1120 2871 1147 2906 5,
1165 2872 1191 2899 ο.
