1938 3091
243 139 296 171 423

576 197 702 226 CXLVII.

495 243 608 271 Lexicon
623 246 710 280 gravis
727 245 799 279 styli.

280 289 345 324 Legi
360 289 427 317 idea:
444 292 574 324 grauioris
597 290 723 322 Lexicon.
738 293 808 326 quod
826 293 912 327 ipsum
931 301 1040 328 quoque

246 335 272 362 in
290 336 453 364 immensum
479 337 580 370 crevit,
598 342 626 364 ut
651 337 803 372 legentibus
818 339 908 372 aptius
926 339 983 366 fore
994 347 1039 366 ar-

245 382 342 415 bitrer,
359 383 381 410 si
399 385 426 410 in
441 385 507 411 duos
520 391 589 418 opus
612 383 675 410 illud
695 390 741 413 aut
767 390 823 412 tres
840 391 928 413 tomos
946 386 1040 414 distri-

245 428 352 455 bustur.
381 429 521 464 Digestum
541 429 606 457 item
630 434 672 458 est
689 431 840 458 litterarum
860 432 968 466 ordine,
991 440 1040 467 pa-

246 478 336 508 tetque
352 475 417 502 utile
436 483 497 502 esse
515 475 549 502 iis
564 475 610 510 qui
629 476 737 503 sublimi
757 477 912 512 tumidoque
932 477 1038 505 dicendi

246 530 345 557 genere
355 523 491 551 excellere
507 525 599 552 studio
616 525 728 552 habent.

574 601 713 629 CXLVIII.

438 645 553 674 Lexicon
574 649 702 674 sermonis
723 647 833 682 politici.

283 694 409 722 Vidimus
425 693 541 721 Lezicon
557 695 643 722 civilis
671 695 799 722 sermonis
813 695 940 729 seorsim,
954 695 1040 724 tribus

246 740 439 773 voluminibus,
459 741 552 775 ingens
568 741 647 775 plane
669 749 737 776 opus
762 749 794 768 ac
811 747 929 768 vastum.
946 741 1040 769 Utilis-

246 784 344 811 simum
355 803 362 816 ,
379 784 401 810 si
417 786 488 818 quod
501 785 585 816 aliud,
601 785 633 812 ad
650 785 780 820 prmclare
793 793 849 812 rem
865 793 942 813 suam
959 794 1040 821 agen-

246 831 320 863 dum,
338 836 365 858 et
395 838 428 858 ex
454 840 508 867 quo
538 832 667 860 facillime
693 833 863 868 ubjectioues
883 838 1037 868 suppetant.

790 144 925 175 PHOTII
957 145 1210 179 PATRIARCHA!
1229 149 1284 180 ΕΡ.

1827 150 1880 184 424

1447 206 1537 234 ΡΜΖ’.

1300 251 1430 284 Λεξικὸν
1446 252 1563 287 σεμνῆς
1580 252 1671 286 ιδέιις.

1131 296 1301 332 Ἀνεγνὼσθη
1317 297 1445 329 Λεξικὸν
1457 297 1575 332 σεμνῆς
1587 297 1679 330 ἰδέας.
1694 297 1741 329 Εἰς
1766 298 1880 333 μέγεθος

1089 343 1237 375 ἐξετείνετο
1257 343 1288 369 τὸ
1308 342 1413 378 τεῦχος,
1433 343 1470 375 ὡς
1493 344 1605 377 ἄμεινον
1620 341 1690 370 εἶναι
1707 343 1766 370 δυσὶ
1781 344 1882 379 μᾶλλον

1088 390 1213 425 τεύχεσιν
1232 390 1248 425 ἢ
1265 390 1338 425 τρισὶ
1354 391 1409 420 τοῖς
1426 389 1640 423 ἀναγινώσκουσι
1660 389 1692 416 τὸ
1707 390 1882 426 φιλοπόνημα

1091 436 1276 471 περιέχεσθαι.
1297 436 1375 463 Κατὰ
1391 437 1521 471 στοιχεῖον
1543 435 1572 462 δὲ
1586 437 1603 470 ή
1624 437 1811 471 πραγματεία,
1835 437 1882 463 καὶ

1089 482 1169 517 δῆλον
1188 483 1225 514 ὡς
1241 482 1363 517 χρησίμη
1380 484 1434 514 τοῖς
1443 483 1491 514 -εῑς
1508 481 1622 518 μέγεθος
1637 483 1684 509 καὶ
1697 482 1778 515 ὁγκον
1799 484 1882 510 ἐπαί-

1091 535 1149 562 ρειν
1175 527 1239 559 τοὺς
1254 527 1349 562 λόγους
1373 527 1464 555 αὐτῶν
1488 529 1517 554 ὲν
1536 527 1576 561 τῷ
1592 528 1760 563 συγγράφειν
1774 528 1883 555 €09.09-

1092 581 1143 601 σιν.

1443 610 1538 637 PMH’.

1244 657 1372 689 Λεξικὸν
1381 655 1436 684 τοῦ
1451 657 1608 684 πολιτικοῦ
1622 658 1726 692 λόγου.

1133 702 1305 738 ’Λνεγνώσθη
1324 703 1452 734 Λεεικὸν
1469 703 1542 735 ἰδίως
1555 704 1648 738 λόγου
1663 703 1836 736 πολιτικοῦ,
1854 704 1884 730 ὲν

1089 750 1164 785 τρισὶ
1193 750 1302 785 τεύχεσι
1331 750 1515 785 πολυστίχοις.
1554 750 1629 785 Αὕτη
1658 751 1675 786 ἡ
1704 751 1885 786 πραγματεία

1093 796 1191 831 πλήθει
1218 796 1268 830 μέν
1283 797 1340 822 ἐστι
1361 796 1455 832 πολλὴ,
1472 797 1679 832 κατορθωθῆναι
1694 797 1722 823 δὲ
1738 805 1886 833 χρησιμω-

1093 841 1172 876 τάτη,
1189 842 1237 868 καὶ
1251 842 1338 878 ῥᾴστη
1358 842 1387 869 δὲ
1411 844 1452 874 είς
1473 842 1625 878 ἀντίληψιν,
1643 844 1668 870 εἰ
1680 852 1723 874 τις
1739 843 1808 878 ἄλλη
1822 851 1829 858 ·
1851 844 1884 870 οὺ

246 876 304 904 Non
319 878 390 904 enim
406 885 479 905 nunc
500 879 635 910 ediscere,
654 880 701 906 sed
717 880 849 906 adnotare
866 885 968 906 tantum
996 879 1040 907 hic

1100 887 1146 923 γὰρ
1172 888 1220 914 νῦν
1251 876 1488 922 μανθάνειν,ἀλλὰ
1504 876 1585 924 μόνον
1616 876 1884 925 ἀποσημειώσασθαι

246 930 338 955 voces,
355 923 454 957 quibus
471 924 608 960 indigeat,
626 924 759 960 legentem
774 930 881 959 oportet
896 934 903 952 :
916 926 961 960 qui
978 926 1038 961 qui-

246 969 306 996 dem
329 977 381 996 non
400 971 510 998 omnino
532 971 559 998 in
583 971 704 1006 antiquis
717 971 896 1005 scriptoribus
918 973 1038 1006 legendis

247 1015 345 1050 hospes
362 1016 406 1043 sit.
420 1016 562 1052 Alpbabeti
583 1018 678 1044 Ordine
695 1017 747 1044 hoc
762 1017 826 1045 item
844 1024 913 1052 opus
927 1023 1039 1045 contex-

247 1067 302 1088 tum
318 1066 370 1089 est.

584 1097 701 1126 CXLIX.

506 1144 638 1172 Pollionis
648 1144 772 1173 Lexicon.

281 1193 411 1228 Legimus
431 1196 458 1220 et
477 1191 608 1219 Pollionis
623 1192 680 1228 (57)
694 1191 811 1219 [ιεπὶεοη
825 1192 1036 1228 alphabeticum.

246 1239 380 1267 Plurimus
394 1239 502 1274 quidem
522 1246 602 1265 voces
620 1239 742 1272 poeticas
756 1239 876 1266 continet
895 1248 902 1266 :
925 1240 1037 1275 paucio~

248 1292 291 1311 res
314 1289 404 1311 tamen
419 1291 501 1318 quam
530 1283 727 1317 Diogenianus,
750 1281 827 1316 cujus
852 1282 933 1317 duplo
951 1283 1039 1319 majus

247 1337 326 1364 opus.

613 1373 668 1401 CL.

246 1421 363 1453 Iuliani,
381 1419 540 1448 Philostrati
563 1420 646 1456 Tyrii,
665 1425 689 1447 et
703 1421 814 1448 Diodori
826 1421 941 1449 Lezicon
961 1431 975 1450 e
993 1423 1040 1450 de-

523 1464 578 1483 cem
597 1457 758 1484 oratoribus.

1092 933 1141 965 τὰς
1157 934 1186 960 ἐν
1201 934 1269 969 αὐτῇ
1285 934 1372 967 λέξεις
1386 935 1432 961 τὸν
1446 935 1668 969 ἀναγινώσκοντα
1683 935 1785 970 δεήσει,
1803 936 1885 970 εἰπερ

1094 980 1132 1015 μὴ
1147 980 1320 1006 παντάπασίν
1338 981 1412 1008 ἐστιν
1427 982 1543 1016 ἀνήκοος
1560 981 1683 1008 παλαιῶν
1697 982 1885 1018 ἀναγνωσμὰ-

1092 1033 1155 1052 των.
1166 1025 1246 1052 Κατά
1257 1027 1388 1061 στοιχεῖον
1397 1026 1426 1054 δὲ
1441 1028 1488 1053 καὶ
1501 1027 1516 1054 ὸ
1530 1027 1611 1059 πόνος
1625 1024 1715 1059 οὗτος.

1446 1104 1535 1133 ΡΜΘ’.

1321 1152 1450 1184 Λεξικὸν
1464 1153 1648 1186 Πολλίωνος.

1133 1197 1304 1234 Ἀνεγνὼσθη
1319 1199 1470 1230 Πολλίωνος
1479 1199 1502 1215 ⁸⁸
1515 1200 1645 1232 Λεξικὸν
1655 1200 1725 1227 κατὰ
1737 1202 1885 1236 στοιχεῖον.

1094 1246 1171 1282 Ἔχει
1192 1246 1319 1277 πλείστας
1356 1246 1404 1281 μὲν
1419 1246 1443 1262 ³⁵
1468 1247 1612 1282 ποιητικὰς
1628 1246 1726 1280 λέξεις,
1755 1246 1839 1284 ἧττον
1856 1248 1885 1274 δὲ

1092 1292 1265 1326 Διογενιανοῦ
1279 1301 1287 1308 ο
1313 1293 1354 1324 είς
1379 1292 1409 1319 τδ
1433 1292 1574 1320 διπλάσιον
1593 1293 1622 1320 δὲ
1648 1293 1722 1328 αὐτῷ
1745 1294 1797 1328 τῆς
1815 1295 1887 1322 ὲκεί-

1092 1347 1138 1365 νου
1154 1339 1346 1374 πραγματείας
1361 1339 1391 1365 τὺ
1407 1339 1580 1375 φιλοπόνημα
1595 1341 1804 1375 παρατείνεται.

1465 1385 1529 1412 PN’.

1092 1432 1220 1465 Λεξικὸν
1231 1431 1292 1459 τῶν
1303 1432 1383 1466 παρὰ
1391 1432 1452 1465 τοῖς
1461 1432 1534 1459 δέκα
1541 1431 1668 1466 ῥήτορσι
1679 1434 1887 1468 κεχρημένων,

1128 1468 1180 1495 τοῦ
1199 1468 1377 1500 Ἰουλιανοὴ
1396 1469 1445 1495 καὶ
1462 1467 1666 1500 Φιλοστράτου
1689 1467 1808 1503 Τυρίου.
1834 1471 1885 1497 καὶ

1126 1503 1286 1538 Διοδώρου.

283 1546 347 1581 Legi
371 1546 469 1573 Juliant
492 1545 616 1578 Lezicon,
651 1553 746 1573 vocum
768 1553 783 1574 e
805 1547 897 1574 decem
925 1547 1037 1576 Graecia:

1129 1549 1199 1586 [I70
1231 1549 1286 1585 11.]
1321 1549 1490 1584 ’Δνεγνώσθη
1519 1549 1630 1582 λεξικὺν
1652 1549 1800 1577 Ἰουλιανοῦ
1828 1551 1887 1577 τῶν

247 1594 402 1620 oratoribus
426 1592 562 1627 alphabeti
583 1593 657 1620 serie
677 1593 865 1620 collectarum.
889 1594 1039 1622 Immensus

249 1645 313 1665 vero
327 1638 372 1665 hic
387 1640 451 1665 item
475 1638 554 1670 liber,
578 1638 625 1672 qui
648 1646 711 1665 cum
738 1646 821 1666 voces
831 1639 964 1673 omnium,
981 1647 1042 1674 quae

250 1685 319 1719 apud
339 1684 520 1711 Athenienses
543 1684 601 1719 (58)
627 1683 703 1720 99b
731 1689 806 1712 certa
830 1690 911 1719 atque
938 1685 1042 1712 consti-

251 1736 308 1757 tnta
325 1730 509 1762 habebantur,
528 1730 658 1764 explicat,
683 1735 739 1758 tum
754 1731 886 1766 quidquid
901 1731 934 1758 ad
952 1731 1041 1766 priva-

250 1782 305 1803 tam
322 1777 440 1811 ipsorum
456 1776 598 1804 historiam
620 1778 760 1811 pertinens
777 1778 901 1804 rhetores
921 1778 949 1804 hi
965 1777 1042 1804 adbi-

251 1821 381 1854 huernnt,
407 1822 465 1849 sive
480 1823 567 1857 patrio
581 1823 673 1857 aliquo
687 1830 762 1850 more
780 1829 955 1857 usurparunt.
974 1822 1042 1850 Illud

250 1872 325 1895 certe
340 1868 526 1902 manufestum,
549 1870 583 1896 ad
598 1870 733 1897 oratorias
747 1870 896 1898 conciones
913 1870 1042 1906 legendas

251 1913 302 1940 hoc
315 1921 383 1948 opus
399 1914 544 1949 plurinmm
562 1914 688 1942 conferre
700 1922 791 1948 posse.

290 1959 437 1987 Ineidimus
464 1965 573 1992 autem,
602 1965 630 1986 et.
656 1960 682 1987 in
700 1959 858 1988 Philostrati
887 1959 961 1996 Tyrii
984 1960 1041 1996 (59)

250 2007 369 2041 ejusdem
382 2006 533 2041 argumenti
551 2014 603 2033 non
615 2007 733 2041 ignobile
743 2015 811 2042 opus
823 2015 832 2034 :
845 2008 897 2035 etsi
910 2012 1043 2042 praestan-

251 2054 304 2080 tior
319 2057 409 2079 tamen
433 2052 477 2079 hic
491 2052 590 2079 Iuliani
608 2053 694 2080 labor.

286 2098 395 2126 Juliano
408 2102 539 2132 praeterea
556 2099 582 2125 in
610 2099 683 2126 tmllo
700 2098 813 2126 inferior
829 2099 961 2127 Diodorus
975 2107 1043 2135 quo-

250 2152 303 2180 que
329 2145 399 2172 idem
428 2149 618 2179 argumentum
644 2146 783 2178 tractavit,
803 2146 856 2173 nisi
879 2147 950 2181 quod
967 2146 1043 2174 testi-

252 2192 343 2219 monia
364 2192 521 2226 plertnnque
531 2191 654 2218 Julianus
667 2193 792 2220 advocat.
812 2192 881 2220 Uter
894 2201 960 2220 vero
973 2199 1042 2220 tem-

1095 1595 1172 1630 παρὰ
1184 1595 1240 1625 τοῖς
1260 1594 1326 1620 δέκα,
1343 1595 1455 1629 ῥήτορσι
1472 1593 1572 1625 λέξεων
1589 1593 1659 1620 κατὰ
1673 1595 1815 1629 στοιχεῖον.
1831 1595 1886 1621 [lo-

1092 1642 1217 1676 λὺστιχον
1235 1641 1264 1667 δὲ
1281 1640 1329 1668 καὶ
1351 1640 1431 1666 τοῦτο
1447 1639 1478 1666 τὺ
1491 1639 1605 1674 βιῆλίον,
1621 1639 1735 1666 καὶτῶν
1756 1648 1788 1666 τε
1816 1640 1887 1676 παρ’

1093 1687 1247 1722 ’ΔΘηναίοις
1258 1686 1341 1713 δικῶν
1360 1686 1382 1703 ³⁸
1398 1685 1550 1721 ὲρμηνεύον
1563 1684 1597 1711 τὰ
1608 1686 1738 1720 ὀνόματα,
1755 1686 1803 1712 καὶ
1819 1687 1847 1712 εἰ
1859 1695 1886 1713 τι

1092 1733 1152 1761 καθ’
1170 1734 1291 1768 ἱστορίαν
1306 1732 1462 1765 ἰδιάζουσαν
1474 1732 1567 1764 αὐτοῖς
1576 1732 1601 1758 οι
1621 1733 1736 1767 ῥήτορες
1749 1733 1888 1768 παρειλή-

1092 1789 1175 1815 φασιν
1188 1780 1206 1816 ἢ
1227 1779 1300 1807 κατά.
1314 1788 1342 1806 τι
1365 1779 1480 1814 πάτριον
1496 1779 1557 1811 ἔθος
1576 1779 1775 1814 ὲπεχρήσαντο.
1798 1780 1889 1814 Δῆλον

1091 1826 1113 1853 δ’
1128 1827 1169 1853 ὅτι
1188 1826 1226 1857 εἰς
1241 1827 1289 1856 τὰς
1304 1824 1359 1851 τῶν
1382 1824 1537 1860 ῥητορικῶν
1556 1824 1643 1857 λόγων
1666 1825 1888 1857 συναναγνώσεις

1091 1873 1126 1899 τὰ
1143 1872 1261 1908 μέγιστα
1271 1872 1288 1907 ἡ
1302 1871 1479 1907 πραγματεία
1491 1870 1668 1906 συμϐάλλοιτ’
1679 1870 1724 1897 ἄν.

1133 1959 1314 1995 *Ενετύχομεν
1328 1959 1357 1986 δὲ
1373 1959 1421 1986 καὶ
1444 1958 1626 1994 Φιλοστράτου
1649 1958 1749 1994 Τυρίου
1767 1960 1809 1991 εἰς
1834 1961 1888 1995 τὴν

1092 2007 1178 2043 αὐτὴν
1205 2006 1334 2033 ὑπόθεσιν
1360 2006 1411 2032 οὐκ
1437 2004 1574 2040 εὐδοχιμῳ
1589 2004 1780 2040 σπουδάσματι
1795 2014 1805 2022 ·
1824 2007 1889 2034 ἀλλ’

1092 2055 1203 2091 ἄμεινον
1214 2055 1228 2080 ὸ
1249 2053 1392 2083 Ἰουλιανὸς
1407 2051 1577 2086 διεπόνησεν.

1130 2100 1212 2128 Οὐδὲν
1236 2099 1265 2126 δὲ
1284 2097 1367 2136 ἧττον
1382 2098 1528 2125 Ἰουλιανοῦ
1553 2098 1602 2125 καὶ
1617 2098 1750 2134 Διόδωρος
1777 2100 1818 2130 είς
1837 2099 1890 2135 τὴν

1093 2147 1179 2183 αὐτὴν
1191 2146 1319 2173 ὑπόθεσιν
1332 2144 1606 2180 διεπραγματεύσατο
1615 2153 1622 2161 ·
1635 2145 1705 2180 πλὴν
1714 2145 1855 2181 Ἰουλιανῷ
1871 2148 1889 2182 ἡ

1093 2193 1149 2220 τῶν
1187 2191 1344 2228 μαρτυριῶν
1373 2192 1471 2226 χρῆσις
1504 2190 1551 2216 ἐπὶ
1577 2191 1658 2217 πλέον
1690 2192 1888 2226 παρατίθεται,

249 2245 315 2274 pore
340 2238 413 2272 prior
435 2238 469 2264 sit
486 2237 567 2273 (alter
587 2238 658 2264 enim
675 2238 791 2265 alterum
808 2239 995 2273 descripsisse.
1014 2243 1040 2266 et

1100 2239 1190 2270 Ὀστις
1205 2238 1233 2264 δὲ
1260 2237 1349 2272 χρόνῳ
1373 2237 1428 2263 τῶν
1444 2235 1489 2262 δύο
1516 2236 1703 2271 πρεσϐύτερος
1727 2237 1814 2269 (δοκεῖ
1831 2240 1890 2274 γὰρ

249 2293 305 2312 non
321 2285 354 2311 ab
369 2290 487 2318 utroque
497 2284 653 2318 zseparatim
669 2284 814 2311 collectum
827 2292 896 2317 opus
909 2284 1038 2319 videtur),

251 2335 322 2362 nter,
347 2330 469 2364 inquam,
490 2329 526 2355 ab
555 2328 643 2356 altero
658 2334 798 2364 mquatus
817 2329 854 2356 sit
873 2336 926 2356 non
954 2329 1041 2356 habeo

250 2377 352 2405 dicere.

611 2421 677 2449 CLI.

356 2468 449 2495 Timazi
465 2467 580 2494 Lericon
598 2475 689 2494 vocum
707 2467 917 2495 Platonicorum.

286 2515 395 2542 Lectum
424 2519 466 2542 est
489 2514 582 2541 Tim-.ei
611 2515 645 2541 ad
674 2514 837 2541 Gentianum
864 2514 904 2541 De
933 2514 1038 2541 vocibm

1092 2285 1186 2320 ὤσπερ
1221 2283 1386 2319 μεταγραφὴ
1422 2282 1530 2317 οατέρῳ
1561 2281 1592 2308 τὸ
1613 2283 1788 2318 σπούδασμα,
1828 2285 1890 2312 ἀλλ’

1092 2327 1153 2363 οὐχὶ¹
1167 2327 1219 2361 ίδίᾳ
1236 2328 1359 2362 ἐκατέρῳ
1369 2326 1458 2352 αὐτῶν
1470 2325 1492 2341 ³⁷
1508 2325 1701 2361 συνειλέχθαι),
1712 2327 1783 2355 ἀλλὰ
1799 2330 1843 2362 τίς
1859 2331 1890 2363 ἐξ

1091 2374 1174 2402 ἄλλου
1190 2372 1356 2408 μετέγραφε,
1373 2373 1443 2403 τέως
1459 2372 1510 2398 οὐκ
1522 2372 1577 2406 ἔχω
1593 2372 1692 2406 λέγειν.

1445 2417 1533 2445 PNA'.

1094 2465 1217 2500 Τιμαίου
1230 2464 1358 2496 Λεξικὸν
1368 2465 1435 2499 περὶ
1450 2465 1509 2492 τῶν
1519 2466 1599 2500 παρὰ
1612 2465 1748 2493 Πλάτωνι
1756 2466 1887 2498 λέξεων.

1128 2511 1188 2546 [321
1208 2509 1252 2544 IL]
1272 2509 1443 2544 ’Δνεγνώσοη
1472 2510 1589 2545 Τιμαίου
1617 2510 1685 2545 πρὸς
1702 2511 1850 2538 Γαιτιανὸν
1865 2512 1888 2527 ³³

884 2581 1004 2609 VARLE
1020 2580 1224 2610 LECTIONES.

286 2632 308 2647 "
324 2631 458 2663 Πολίωνος
475 2629 530 2662 AC,
558 2630 593 2663 Δ,
617 2630 725 2664 quidem
755 2634 818 2656 ante
843 2629 967 2656 lacunam
997 2631 1148 2658 litterarum
1165 2629 1198 2656 12
1217 2628 1414 2664 Ἀλεξανδρέως
1443 2627 1538 2655 inserit
1563 2625 1751 2654 Hoeschelius.
1792 2626 1818 2643 ³⁸
1836 2627 1888 2662 μὲν

248 2675 304 2695 om.
319 2667 351 2694 Α.
391 2667 413 2683 ³⁸
426 2666 545 2702 Sonitng
558 2675 565 2682 ·
580 2666 669 2702 ῥητῶν
683 2674 714 2697 ς.
753 2665 774 2680 ³⁷
790 2665 879 2691 αὐτῶν
892 2666 954 2692 add.
967 2666 1000 2692 Α.
1039 2666 1062 2683 ³⁸
1076 2665 1228 2692 Γεντιανόν.

283 2775 340 2811 (57)
358 2773 534 2811 Alexandrini
552 2772 624 2800 illius
648 2769 814 2811 philosophi,
826 2770 916 2811 _eu_jus
932 2723 1350 2811 ntentii10T§uidas_t-ttnten_1'ci
1365 2767 1520 2811 ζητούμενα
1532 2765 1610 2802 παρὰ
1621 2767 1678 2797 τοῖς
1688 2766 1807 2802 ῥήτορσι
1823 2765 1886 2793 Phi-

247 2806 442 2848 apinl'stt_id_am
454 2817 503 2848 suo
521 2809 590 2848 loco,
606 2811 634 2848 et
650 2809 676 2833 in
696 2806 946 2848 Ιξὶοέοντοιγιιιξξτίοἵ

282 2847 339 2881 (58)
353 2845 437 2879 Hujus
448 2846 529 2872 etiam
540 2842 681 2871 historiam
696 2842 729 2868 de
743 2841 801 2868 Vita
813 2841 946 2882 npoIIOnii
961 2841 1034 2904 Tita-

284 2882 292 2904 ἱ
311 2882 394 2904 unum
417 2887 492 2904 sunr.
507 2879 569 2904 cod.
588 2878 632 2904 Μ.
643 2883 670 2904 et
680 2877 881 2904 excerntatnlr.
891 2877 979 2904 eod.2
1003 2879 1011 2904 I
1027 2886 1034 2904 ι

248 2877 292 2910 uei
311 2877 400 2909 babes
417 2887 492 2915 supr.
507 2879 569 2906 cod.
588 2878 632 2910 4-5,
643 2883 670 2905 et
680 2877 881 2911 excerptainl’r.
891 2877 1011 2905 eod.2.ll
1027 2886 1034 2910 ;

260 2980 275 2996 tt

1089 2877 1224 2904 videndus

1087 2805 1193 2834 lostrati
1210 2804 1322 2832 Lemnio
1341 2804 1445 2831 tribuit.

1125 2841 1182 2876 (59)
1194 2840 1381 2902 Cognomento
1387 2838 1521 2870 Valerius,
1536 2836 1667 2865 Pollionis
1677 2836 1724 2870 F.,
1734 2837 1769 2865 de
1783 2838 1884 2872 quibus

1125 2877 1224 2903 lendus
1258 2875 1345 2903 oidas.

1258 2882 1345 2902 uiuas.
