1938 3091
195 134 251 166 ιοε

777 135 910 168 PHOTII
930 137 1187 170 PATRIARCH/E
1206 139 1261 171 (ΣΡ.

1785 139 1840 174 436

196 194 288 218 tiones
301 197 382 218 unam
396 193 424 219 et
443 190 537 228 viginti
559 190 673 226 legimus
700 190 768 227 (59).
783 191 842 218 Jam
866 199 881 220 c
899 201 995 220 novem

1060 204 1100 222 ιεν
1121 196 1295 231 Ἰσοκράτους
1303 196 1326 213 τ’
1349 195 1457 230 λόγους,
1480 195 1530 223 ἕνα
1553 196 1602 223 και)⁸
1623 197 1728 224 εἴκοσιν
1741 197 1835 230 ὄντας.

198 237 284 272 ipsius
300 236 432 271 epistolis.
448 244 500 264 una
514 242 557 264 est
571 238 604 264 ad
619 237 775 273 Dionysium
791 238 890 265 Sicilite.
903 243 995 274 tyran-

199 291 276 317 num,
297 283 382 310 altera
406 283 438 310 ad
462 283 669 316 Archidamum,
695 285 754 311 dua!
770 284 804 310 ad
828 284 994 319 Philippum,

200 337 252 356 una
277 329 310 356 ad
327 330 523 364 Alexandrum,
547 330 598 357 alia
616 331 649 357 ad
675 330 859 365 Antipatrum.
881 331 949 364 Quin
967 335 996 358 et

201 376 235 403 ad
266 376 457 410 Timotheum,
476 382 503 405 et
524 378 559 405 ad
578 377 792 413 Mitylenaeorum
819 377 995 413 magistratus

201 430 283 450 nona.

237 513 371 541 Cmterum
397 519 490 541 orator
513 514 564 542 iste
582 514 726 543 rhetorica:
748 516 816 543 artis
834 517 995 551 praeceptio-

201 567 250 586 nes
281 559 376 594 1026
394 559 536 594 discipulis
557 561 665 588 tradere
685 561 790 594 maluit,
806 569 888 596 quam
905 565 933 588 ut
949 569 996 588 re-

201 605 268 641 liqui
293 613 388 633 novent
403 605 515 633 Graeciaa
528 610 663 639 oratores.
682 615 751 642 quos
764 608 836 635 inter
848 612 876 635 et
893 607 994 635 Demo-

201 652 324 683 sthenes,
347 651 540 686 rempublicam
555 660 671 687 gerere:
687 654 795 681 tametsi
816 659 845 681 ut
861 658 925 681 ante
949 653 998 681 ho-

203 705 262 724 rum
280 702 400 732 tempora
419 698 525 725 dicendi
541 698 619 726 lat'tde
637 699 767 731 clarebal,
784 700 820 726 ita
834 707 886 727 nec
902 706 996 726 eorum

204 744 373 780 temporibus
396 745 442 772 ulli
463 745 548 781 gloria
571 747 691 773 cederet.
712 745 827 773 Maxima
845 751 886 774 cst
903 747 930 774 in
952 754 997 779 eo.

205 794 236 816 ut
247 789 334 817 cuivis
356 789 454 825 legenti
470 791 562 817 statim
588 795 682 825 patet,
704 792 836 819 orati0nis
860 792 998 820 distinctio

203 842 238 862 ac
255 836 378 870 paritas;
403 841 560 870 tantamque
581 837 607 864 in
622 838 717 864 eadem
736 838 901 865 elaboranda
916 846 998 865 accu~

205 883 338 910 rationem
353 883 461 917 praefert
478 883 546 918 (60),
557 889 585 910 ιιι
599 884 625 910 in
642 891 876 918 supervacaneum
889 892 998 919 quoque
1014 871 1036 899 Β

206 928 308 956 incidat
335 934 459 956 ornatum
499 930 732 965 diligentiamque.
767 930 836 963 Quin
865 938 999 965 operosus

207 973 288 1000 nimis
303 974 346 1001 hic
358 974 419 1008 ejus
433 981 557 1008 conatus,
572 983 624 1002 non
641 980 694 1002 tam
718 977 885 1010 argumentis
902 976 998 1004 l'ecun-

207 1019 282 1052 dum,
295 1027 377 1055 quam
398 1021 503 1048 decoris
522 1022 647 1049 servandi
663 1029 758 1056 parum
770 1022 921 1050 studiosum
936 1030 998 1050 eum

207 1067 336 1094 declarat.
364 1066 422 1094 Jam
447 1075 537 1102 neque
560 1068 647 1096 lenior
666 1069 763 1096 saltem
789 1068 902 1097 allectus
916 1069 998 1102 ullus,

205 1119 296 1148 neque
313 1113 489 1141 simulatione
508 1122 605 1142 carens
618 1114 773 1149 sinceritas,
791 1123 879 1150 neque
902 1115 1001 1142 incita-

208 1159 262 1187 tior
291 1160 371 1194 paulo
394 1160 501 1188 dicendi
527 1161 581 1188 ulla
608 1161 649 1189 vis
672 1162 699 1189 in
725 1169 758 1188 eo
779 1162 1001 1196 deprehenditur.

207 1204 378 1234 Granditatis
403 1207 535 1234 duntaxat
562 1212 679 1239 tantum,
698 1212 831 1242 quantum
847 1208 880 1234 ad
895 1207 1001 1234 civilem

208 1251 360 1280 orationem
385 1252 453 1280 satis
478 1257 530 1285 est,
553 1261 605 1280 non
634 1253 716 1285 male,
739 1258 767 1281 et
787 1253 844 1287 pari
871 1253 928 1280 lere
942 1260 1003 1280 cum

209 1297 405 1333 perspicuitate
421 1298 456 1325 ab
479 1305 512 1325 eo
535 1298 690 1326 adhibetur.
712 1299 770 1326 Etsi
796 1299 868 1334 justo
897 1299 1005 1334 langui-

211 1343 271 1370 dior
287 1343 348 1378 ejus
372 1343 408 1371 sit
430 1344 531 1376 oratio,
552 1352 602 1372 nec
626 1352 722 1379 parum
748 1344 793 1372 illa
818 1345 1004 1372 membrorum

210 1389 356 1424 aequalium
372 1390 405 1417 ad
422 1389 562 1418 fastidium
585 1398 671 1426 usque
685 1391 775 1426 copia,
797 1391 928 1418 minutam
946 1391 1005 1424 ejus

212 1435 376 1471 anxiamque
398 1436 567 1472 diligentiam
587 1442 695 1472 arguat.
711 1437 813 1465 Verum
834 1437 891 1465 haec
907 1437 1004 1465 adver-

212 1488 260 1509 sus
274 1464 340 1516 ejus.
357 1483 383 1509 in
405 1464 520 1510 dicendo
544 1464 730 1517 prmslitntiam
748 1484 819 1512 dicta
834 1485 901 1516 sint,
922 1484 956 1511 ad
971 1490 1004 1511 ea
1017 1464 1040 1494 Ο

1052 241 1111 268 Τῶν
1127 242 1238 269 δ’ὲννὲσι
1252 242 1403 269 ἐπιστολῶν
1425 243 1510 270 αὑτοῦ
1540 243 1589 279 μία
1618 243 1668 279 μέν
1696 244 1756 270 ἐστι
1770 245 1841 279 πρὸς

1048 286 1188 314 Διονύσιον
1207 287 1252 314 τὸν
1281 287 1409 319 Σικελίας
1445 287 1592 324 τύραννον,
1617 288 1699 324 ἑτέρα
1721 288 1751 315 δὲ
1771 289 1842 324 πρὸς

1053 332 1230 368 Ἀρχίδαμον,
1252 332 1300 359 καὶ
1323 333 1392 369 πρὸς
1417 333 1551 360 Φίλιππον
1577 333 1635 364 δύο.
1662 333 1713 368 μία
1729 333 1758 360 δὲ
1773 334 1842 368 πρὸς

1054 379 1240 414 Ἀλέξανδρον,
1251 379 1376 415 καὶπρὸς
1396 379 1577 416 Ἀντίπατρον
1591 379 1669 415 ἄλλη,
1686 379 1734 406 καὶ
1747 379 1780 413 δὴ
1794 379 1842 406 καὶ

1047 425 1118 460 προς
1136 424 1281 461 Τιμόθεον,
1302 425 1350 452 καὶ
1368 425 1437 461 πρὸς
1455 424 1520 458 τοὺς
1535 424 1729 461 Μιτυληναίων
1743 423 1844 460 ἄρχον-

1047 479 1098 502 τας
1111 471 1128 506 ἡ
1140 470 1234 505 ἐνάτη.

1086 513 1170 549 Οὗτος
1187 517 1237 554 μὲν
1251 517 1298 545 οὖν
1308 518 1322 545 ό
1341 518 1434 554 ῥήτωρ
1443 517 1615 553 σοφιστεύειν
1631 516 1760 553 μᾶλλονῆ
1786 516 1845 544 τῶν

1047 563 1148 590 κοινῶν
1165 564 1355 600 προστάττειν,
1377 563 1471 600 ὥσπερ
1483 564 1508 591 οἱ
1520 563 1595 592 ἄλλοι
1610 563 1691 591 ἐννέα
1716 564 1844 599 ῥήτορες.

1049 605 1087 635 ὧν
1101 609 1147 635 καὶ
1160 609 1336 645 Δημοσθένης
1351 607 1396 645 ἦν,
1415 610 1513 643 εἵλετο,
1530 609 1620 637 καίτοι
1641 609 1688 636 καὶ
1697 608 1750 645 πρὸ
1770 608 1846 636 ὲκεί-

1049 664 1103 682 νων
1118 656 1175 687 τοῖς
1189 656 1240 691 τῆς
1258 656 1407 692 ῥητορικῆς
1423 656 1558 691 ἀκμάζων
1590 655 1691 690 λόγοις,
1719 655 1766 682 καὶ
1781 655 1846 682 κατ’

1049 700 1171 733 ἐκείνους
1193 701 1244 736 τὴν
1267 701 1312 728 ἐπ’
1342 702 1435 734 αὐτοῖς
1459 702 1538 735 δόξαν
1560 701 1611 728 οὐκ
1636 700 1845 736 ἐλαττούμενος.

1050 746 1192 781 Κέχρηται
1204 745 1233 772 δὲ
1249 746 1369 781 μάλιστα
1382 746 1442 781 μὲν,
1458 746 1496 778 ὠς
1513 746 1612 772 αὐτίκα
1632 746 1690 777 τοῖς
1707 743 1844 779 ἀναγινώ-

1051 800 1145 818 σκουσι
1163 791 1252 827 δῆλον.
1276 792 1418 827 εὐκρινείᾳ
1433 793 1480 819 καὶ
1495 792 1674 828 καθαρότητι,
1694 791 1797 826 πολλὴν
1814 799 1846 816 τε

1051 837 1211 872 ἐπιμέλειαν
1233 839 1297 873 περὶ
1321 839 1371 872 τὴν
1399 838 1531 873 ἐργασίαν
1553 837 1607 864 τῶν
1633 837 1720 872 λόγων
1744 835 1850 863 ἐπιδεί-

1052 891 1158 914 κνυται,
1183 882 1254 909 ὥστε
1271 882 1318 909 καὶ
1345 883 1385 915 είς
1401 883 1531 918 περιττὸν
1548 881 1654 917 αὑτῷθο
1676 880 1849 908 διεκπίπτειν

1051 929 1097 956 τὺν
1116 929 1220 964 κόσμον
1247 929 1296 955 καὶ
1312 929 1343 955 τὸ
1364 929 1506 965 ἐπιμελές.
1523 929 1579 955 Καὶ
1603 927 1668 955 αὐτὸ
1692 926 1721 953 δὲ
1749 925 1780 952 τὸ
1796 925 1850 959 τῆς

1052 974 1185 1010 ἐργασίας
1200 974 1347 1007 πλεονάζον
1359 975 1424 1010 παρ’
1437 974 1513 1010 αὐτῷ
1524 974 1555 1001 οὐ
1574 973 1605 1000 τδ
1621 973 1732 1008 γάνιμον
1745 970 1849 1006 μᾶλλον

1053 1021 1108 1047 τῶν
1130 1021 1356 1057 ἐπιχειρημάτων
1381 1021 1397 1056 ἢ
1430 1021 1460 1047 τὸ
1489 1020 1674 1055 ἀπειρόκαλον
1712 1019 1848 1055 παριστᾷ.

1053 1065 1139 1099 Ἶίθος
1151 1067 1179 1093 δὲ
1199 1067 1246 1094 καὶ
1267 1066 1380 1102 ἀλήθεια
1397 1067 1445 1093 καὶ
1471 1066 1607 1102 γοργότης
1634 1065 1695 1092 οὐδὲ
1722 1065 1851 1100 μέτεστιν

1055 1114 1171 1149 αὐτῷ⁸¹,
1194 1113 1328 1149 μεγέθους
1353 1113 1382 1140 δὲ
1395 1113 1470 1149 αὐτῷ
1495 1113 1557 1140 ὅσον
1577 1113 1617 1144 είς
1644 1112 1688 1138 τὸν
1709 1111 1851 1138 πολιτικὴν

1055 1159 1205 1196 ὲναρμόζει
1220 1160 1311 1194 λόγον,
1326 1160 1426 1195 ἄριστα
1439 1160 1486 1187 καὶ
1500 1158 1702 1195 παραπλησίως
1712 1158 1850 1192 κέκραται

1056 1208 1089 1242 τῇ
1106 1206 1252 1242 σαφηνείᾳ.
1265 1207 1378 1238 Ἀτονος
1394 1206 1422 1233 δὲ
1432 1205 1515 1232 πλέον
1529 1205 1577 1232 τοῦ
1606 1205 1712 1235 δέοντος
1722 1205 1736 1231 δ
1754 1203 1846 1237 λόγος.

1058 1253 1113 1288 Οὐχ
1129 1253 1231 1289 ἥκιστα
1246 1253 1276 1280 δὲ
1293 1252 1376 1279 αὑτοῦ
1396 1251 1592 1288 σμικρολογίαν
1609 1251 1657 1278 καὶ
1681 1250 1712 1277 τὸ
1726 1257 1849 1286 προσκοο

1056 1299 1104 1335 ρὲς
1117 1299 1172 1326 τῶν
1189 1298 1371 1336 παρισώσεων
1386 1300 1516 1326 αἰτιᾶται.
1542 1298 1623 1326 Ἀλλὰ
1651 1297 1738 1324 ταῦτά
1758 1304 1851 1331 φαμεν

1056 1345 1124 1381 πρὸς
1138 1345 1188 1381 τὴν
1203 1345 1232 1372 ὲν
1243 1345 1336 1379 λόγοις
1352 1344 1436 1372 αὑτοῦ
1449 1345 1548 1381 ἀρετὴν
1557 1345 1588 1371 τὸ
1600 1345 1732 1371 ἐκπῖπτον
1743 1343 1766 1359 ⁸⁸
1780 1342 1853 1369 ὲκεί-

1054 1400 1103 1427 νης
1119 1391 1165 1418 καὶ
1179 1391 1306 1427 ἀνόμοιον
1322 1391 1536 1427 ἐνδεικνύμενοι,
1553 1391 1614 1418 ἐπεὶ
1629 1390 1699 1425 πρός
1712 1397 1745 1424 γε
1761 1387 1852 1419 ἐνίους

1055 1437 1108 1464 τῶν
1121 1437 1145 1453 ⁸³
1161 1437 1279 1472 γράφειν
1293 1436 1390 1471 λόγους
1416 1437 1607 1473 ἐπαιρομένων
1628 1436 1726 1473 ἀρεταὶ
1749 1435 1783 1463 ἂν
1806 1435 1853 1462 δό-

1056 1482 1122 1516 ξωσι
1133 1482 1180 1509 καὶ
1191 1482 1227 1509 τὰ
1240 1482 1346 1509 ἐκείνου
1357 1482 1548 1519 ἐλαττώματα.

212 1530 400 1557 tantummodo
425 1529 582 1562 indicanda.
610 1531 637 1558 itt
667 1531 764 1566 quibus
787 1531 875 1566 lapsa,
902 1531 1009 1566 sibique
1020 1529 1162 1558 dissimilis
1190 1529 1249 1564 ejus
1269 1531 1357 1558 virtus
1386 1530 1447 1558 fuit.
1473 1530 1540 1558 Nam
1581 1537 1643 1558 cum
1690 1528 1853 1565 quibusdam

213 1580 300 1609 certe,
335 1576 382 1612 qui
411 1577 550 1605 orationes
575 1579 698 1606 scribere
730 1578 887 1612 instituunt,
921 1583 1106 1614 comparatus,
1134 1579 1216 1606 etiam
1251 1578 1315 1605 vitia
1349 1578 1434 1614 ipsius
1465 1578 1492 1605 in
1527 1577 1674 1606 virtutibus
1715 1576 1856 1605 numerari

214 1629 326 1660 queant.

250 1669 340 1698 Habes
363 1671 497 1706 syllabam
520 1673 652 1700 [socratis
671 1672 844 1706 Gratianum,
855 1678 880 1701 et
897 1672 1092 1708 Epistolarum.
1137 1671 1312 1699 Intercidisse
1349 1676 1440 1698 autem
1465 1671 1604 1706 qua'dam,
1635 1671 1742 1698 idoneos
1778 1672 1857 1697 ιριιει

215 1718 309 1747 habeo.
327 1718 466 1747 Orationes
489 1721 558 1747 enim
592 1728 707 1755 quatuor
738 1721 872 1748 desiderat
907 1721 1049 1755 Dionysius
1065 1719 1299 1751 Halicarnasseus,
1314 1717 1439 1746 Caecilius
1459 1718 1596 1746 Romanus
1606 1723 1714 1752 septem.
1734 1718 1858 1744 undecim

217 1767 327 1796 Suidas.
352 1767 531 1801 Epistularum
550 1777 609 1795 vero
630 1769 759 1795 unamatl
783 1768 953 1803 Antipatrum
971 1768 1030 1803 legit
1064 1767 1186 1800 Photius,
1218 1775 1265 1794 nos
1289 1767 1445 1801 quaerimus.
1484 1765 1557 1793 Nam
1588 1766 1623 1792 ad
1650 1765 1858 1798 Archidamum,

216 1822 275 1850 qum
289 1814 415 1842 hactenus
428 1814 504 1842 latuit
517 1824 530 1842 ε
550 1815 617 1842 Cod.
634 1815 696 1842 Ful.
714 1814 808 1842 Ursini
827 1815 904 1843 Rom.
922 1815 1035 1842 hominis
1073 1814 1220 1842 doctissimi
1258 1814 1431 1848 descriptam.
1465 1817 1490 1840 et
1514 1813 1574 1848 jam
1601 1811 1695 1839 Latine
1717 1818 1860 1848 utcumque

218 1863 377 1896 loquentem,
395 1862 505 1889 volentes
524 1864 630 1890 damus.
659 1862 732 1889 Duas
751 1869 838 1890 autem
858 1864 893 1890 ad
909 1861 1074 1897 Philippum,
1100 1866 1125 1888 et
1156 1861 1191 1888 ad
1217 1860 1326 1889 Iasonis
1350 1860 1448 1888 liberos
1470 1859 1597 1892 alterunt,
1622 1858 1720 1886 invisas
1749 1857 1859 1891 Pltotio,

216 1908 337 1944 vulgata:
351 1911 468 1936 observo.

270 1955 401 1983 Isocrates
419 1955 580 1983 Archidamo
600 1955 861 1984 Laccdwmoniorum
893 1956 957 1991 regi.

254 2003 382 2039 Cognito,
405 2002 582 2036 Archidamo,
598 2011 678 2038 quam
701 2003 777 2030 mttlti
794 2009 831 2036 te,
859 2008 1010 2038 parentem-

220 2057 274 2086 que
296 2055 371 2078 tutttn
395 2049 463 2085 (6|).
478 2057 540 2077 cum
565 2054 658 2077 vestro
686 2057 786 2084 genere
805 2049 934 2076 universo
952 2048 1009 2084 (62)

220 2097 348 2125 laudibus
362 2104 462 2124 ornare
479 2096 600 2131 aggressi
617 2100 709 2123 essent
721 2114 729 2127 ,
747 2103 807 2122 eam
824 2095 891 2130 ipsis
904 2095 1010 2122 dicendi

222 2142 377 2175 materiam,
391 2149 454 2170 cum
486 2140 575 2169 facilis
593 2141 749 2176 jadmodum
775 2145 849 2168 esset
872 2145 899 2168 et
921 2141 1013 2174 obvia,

223 2189 428 2225 relinquendam
445 2188 550 2223 putavi.
563 2187 632 2214 illud
647 2187 718 2214 enini
731 2187 797 2214 mihi
811 2187 838 2214 in
858 2187 950 2214 animo
960 2191 1013 2220 est,

224 2236 328 2264 hortari
345 2240 381 2267 te,
399 2243 451 2262 non
467 2234 500 2262 ad
523 2233 656 2269 ejusmodi
681 2233 882 2267 expeditionem
896 2232 1014 2268 aliquam

225 2283 321 2319 quales
345 2282 397 2310 hoc
421 2286 542 2315 tempore
563 2279 768 2314 suscipiuntur:
791 2279 838 2306 sed
863 2278 896 2306 ad
917 2286 960 2311 ca,
982 2286 1015 2306 ex

226 2329 325 2365 quibus
341 2328 445 2356 civitati
460 2335 513 2354 non
531 2326 621 2354 minus
636 2331 699 2357 tuae,
715 2333 796 2360 quam
811 2324 923 2353 (inscite
938 2324 1017 2359 plane

228 2376 363 2403 universa!
376 2373 581 2402 commodorum
599 2372 778 2400 maximorum
802 2375 897 2398 auctor
913 2371 1018 2398 iuturus

228 2423 276 2451 sis.
294 2421 386 2456 Neque
401 2428 465 2447 vero
482 2419 553 2447 istud
568 2418 703 2447 scribendi
715 2421 905 2452 argumentum
919 2415 1017 2448 delegi,

229 2467 302 2504 quod
327 2467 473 2498 nescirem,
496 2465 625 2500 qttiduatu
648 2468 720 2492 esset
738 2463 771 2490 ad
795 2462 1016 2498 pertractandum

230 2513 356 2541 lucilius:
386 2512 433 2540 sed
460 2520 493 2539 ex
519 2519 552 2538 eo
580 2511 680 2545 potius,
695 2511 773 2545 'quod
807 2513 882 2537 certo
908 2508 1018 2540 scirem,

229 2567 312 2595 quant
328 2559 442 2586 arduum
470 2558 540 2585 foret
564 2564 714 2592 parumque
729 2555 838 2583 obvium
862 2554 1021 2582 adinvenire

232 2605 293 2639 tibi,
319 2613 388 2640 quas
414 2611 493 2641 geras
525 2602 749 2639 res,pr:eclaras,
779 2608 902 2637 magnas,
929 2600 1022 2633 utiles,

1063 1953 1234 1988 Ἰσοκράτης
1252 1951 1437 1987 Ἀρχιδάμῳ,
1455 1949 1698 1985 Λακεδαιμονίων
1720 1948 1860 1981 βασιλεῖ.

1100 2000 1194 2033 Εἰδὼς,
1211 1996 1234 2026 ὦ
1250 1998 1408 2034 Ἀρχίδαμε,
1433 1996 1547 2028 πολλοὺς
1565 1994 1749 2031 ὡρμημένους
1763 1995 1857 2028 ὲγκω-

1066 2047 1173 2082 μιάζειν
1186 2055 1226 2078 σε,
1242 2046 1290 2073 καὶ
1304 2045 1350 2072 τὸν
1365 2043 1483 2079 πατέρα,
1497 2041 1545 2069 καὶ
1561 2041 1592 2068 τὸ
1608 2041 1687 2076 γένος
1704 2039 1783 2075 ὑμῶν
1799 2048 1808 2055 ·
1823 2039 1865 2065 εί-

1064 2094 1152 2129 λόμην
1169 2092 1265 2120 τοῦτον
1291 2091 1340 2127 μὲν
1357 2090 1403 2117 τὸν
1418 2089 1508 2124 λόγον,
1522 2088 1617 2122 ἐπειδὴ
1633 2087 1693 2113 λίαν
1705 2085 1797 2122 ῥᾴδιος
1815 2082 1862 2120 ἦν,

1069 2140 1185 2171 ἐκείνοις
1201 2138 1368 2174 παραλιπεῖν
1385 2144 1393 2152 ⁸
1409 2135 1491 2167 αὐτὸς
1503 2135 1532 2162 δέ
1546 2143 1576 2161 σε
1590 2132 1752 2168 διανοοῦμαι
1769 2139 1863 2166 παρα-

1069 2186 1161 2214 καλεῖν
1183 2184 1230 2211 ἐπὶ
1255 2182 1421 2219 στρατηγίας
1445 2181 1493 2208 καὶ
1516 2179 1660 2215 στρατείας
1676 2177 1754 2205 οὐδὲν
1767 2177 1866 2212 ὁμοίας

1068 2233 1129 2264 ταῖς
1143 2230 1191 2258 νῦν
1220 2229 1423 2265 ὲνεστηκυίαιςο
1450 2227 1508 2256 ἀλλ’
1526 2227 1557 2259 ἐξ
1576 2222 1614 2253 ὧν
1639 2225 1766 2261 μεγάλων
1794 2224 1866 2258 ἀγα-

1071 2277 1125 2304 Θῶν
1139 2277 1225 2308 αἴτιος
1243 2276 1346 2311 γενήσῃ
1361 2275 1408 2301 καὶ
1423 2275 1456 2309 τῇ
1481 2273 1600 2308 πόλειτῇ
1613 2271 1723 2303 σαυτοῦ,
1737 2271 1785 2297 καὶ
1809 2271 1867 2302 τοῖς

1071 2323 1181 2358 ’ἐλλησιν
1200 2322 1296 2348 ἅπασι·
1312 2320 1416 2355 ταύτην
1432 2319 1462 2346 δὲ
1484 2318 1658 2353 ἐποιησάμην
1673 2316 1722 2352 τὴν
1747 2316 1867 2352 αἵρεσιν,

1073 2369 1124 2396 οὐκ
1154 2367 1260 2402 ἀγνοῶν
1288 2367 1334 2393 τὸν
1360 2366 1440 2400 λόγον
1463 2365 1511 2392 τὸν
1534 2362 1843 2400 εὐμεταχειριστύτερον
1858 2370 1867 2377 ·

1075 2415 1133 2442 ἀλλ’
1150 2413 1272 2449 ἀκριϐῶς
1293 2411 1382 2444 εἰδὼς,
1405 2412 1446 2438 ὅτι
1461 2410 1576 2446 πράξεις
1595 2409 1644 2441 μὲν
1670 2409 1764 2445 εὑρεῖν
1781 2407 1870 2439 καλὰς

1074 2461 1121 2488 καὶ
1142 2459 1264 2496 μεγάλας
1279 2457 1326 2485 καὶ
1343 2456 1536 2492 συμφερούσας
1553 2454 1670 2490 χαλεπὸν
1683 2453 1730 2480 καὶ
1753 2452 1870 2480 σπάνιόν

1074 2507 1167 2542 ὲστινξι
1180 2504 1321 2532 ἐπαινέσαι
1337 2503 1422 2534 δὲτὰς
1439 2503 1538 2539 ἀρετὰς
1551 2502 1601 2534 τὰς
1618 2501 1754 2536 ὑμετέρας
1771 2499 1871 2535 ῥᾳδίως

1076 2551 1132 2584 οἷος
1154 2553 1177 2578 τ’
1193 2551 1227 2578 ἂν
1250 2550 1396 2584 ἐγενόμην.
1414 2549 1452 2576 Οὐ
1474 2550 1528 2584 γὰρ
1543 2549 1597 2575 ἔδει
1613 2557 1647 2583 με
1663 2547 1729 2583 παρ’
1747 2545 1871 2582 ἐμαυτοῦ

1079 2598 1239 2633 πορίζεσθαι
1251 2597 1286 2623 τὰ
1301 2596 1490 2630 λεχθησόμενα
1509 2595 1575 2630 περὶ
1588 2593 1754 2626 αὑτῶν,ἁλλ’
1767 2594 1801 2620 ἐκ
1818 2593 1873 2619 τῶν

882 2667 999 2696 VARUS
1015 2666 1206 2695 LECTIONES

269 2723 450 2759 ⁷⁹Ίσοκράτου
465 2722 498 2750 Α.
537 2721 561 2737 ’θ
572 2719 646 2756 αὺτῷ
657 2720 678 2747 Α
695 2729 702 2748 :
718 2719 757 2755 τῷ
775 2728 806 2751 ς.
843 2718 865 2734 ⁸¹
885 2726 948 2753 μετ,
960 2717 1025 2752 παρ’
1052 2715 1128 2751 αὐτῷ
1140 2724 1171 2747 ς.
1209 2715 1233 2731 ⁸⁸
1246 2714 1384 2748 ἐμπίπτον
1401 2722 1421 2745 ς
1436 2732 1445 2740 .

1495 2710 1608 2741 ⁸³ὲνίους
1619 2707 1674 2735 τῶν
1686 2707 1708 2735 Δ
1722 2713 1730 2733 :
1743 2706 1826 2734 ὲνίων
1845 2714 1875 2738 ς.

995 2763 1111 2792 ΝΟΤᾸΕ.

271 2818 329 2853 (59)
364 2817 423 2845 Una
446 2822 536 2843 tamen
560 2816 603 2853 hi_c
622 2817 680 2853 siye
700 2814 805 2841 auctori
826 2813 893 2853 sive
916 2811 1027 2853 librario

236 2847 354 2887 excedit,
363 2854 431 2888 Περὶ
441 2853 566 2888 ζεύγους,
582 2851 619 2878 De
629 2851 708 2888 bigis,
725 2855 814 2888 c_t__una
826 2847 1026 2888 itemepis‘toia.

274 2881 605 2926 (60)'1n'ca'ntpositione
628 2881 692 2913 adeo
717 2885 840 2920 diligens,
862 2884 898 2912 ait
913 2881 1026 2917 Quintil.

1082 2811 1128 2837 lib.
1147 2817 1175 2838 κ.
1191 2813 1220 2834 ut
1240 2815 1304 2835 cura
1322 2806 1380 2840 ejus
1393 2803 1617 2840 reprehendatur.

1118 2833 1175 2879 (till
1191 2833 1345 2879 Agesilaum
1356 2843 1390 2868 de
1407 2833 1485 2876 cujus
1500 2840 1556 2868 vita
1570 2836 1696 2872 Xenoph.
1710 2840 1739 2864 et
1750 2833 1878 2863 Plutatc.

1120 2877 1176 2916 (62)
1190 2877 1404 2907 llcraolidarum.
