1938 3091
88 124 138 156 437

644 128 907 159 BIBLIOTHECA.
926 140 962 145 -
980 129 1064 160 COD.
1096 130 1193 160 CLIX.

1667 126 1731 159 138'

87 181 151 215 ὑμῖν
163 181 369 215 πεπραγμένων
388 181 524 214 τοσαύτας
538 182 571 210 ἂν
583 184 632 210 καλ¹
645 184 773 216 τοιαύτας
787 185 872 220 ἀφορ-

938 193 986 211 :um
1007 189 1098 212 tamen
1114 186 1227 213 virtutes
1244 190 1349 212 vestras
1370 185 1481 212 laudare
1497 193 1550 212 non
1567 186 1604 214 ita
1619 193 1717 220 magna

89 225 142 261 μῖὰς
156 226 263 256 ἔλαϐον.
279 227 351 254 ὥστε
363 227 413 259 τὰς
427 230 556 264 περὶτῶν
571 230 659 257 ἄλλων
671 231 797 266 εὐλογίας
812 233 881 268 μηδὲ

87 273 159 299 κατὰ
175 273 274 308 μικρὸν
287 273 450 308 ἐναμίλλους
469 275 599 309 γενέσθαι
611 277 644 312 τῇ
657 277 721 310 περὶ
738 278 810 312 ὑμᾶς
833 279 882 314 ρη-

87 318 177 354 θείοῃ.
190 319 253 350 Πῶς
264 319 319 355 γὰρ
330 319 363 345 ἄν
376 328 419 351 τις
434 320 451 355 ἦ
464 320 515 356 τὴν
526 321 666 355 εὐγένειαν
681 323 881 359 ὑπερεϐάλλετο

87 363 143 390 τῶν
162 365 316 398 γεγονότων
332 365 380 400 ἀφ’
399 366 568 401 ’Ἡρακλέους
585 368 633 394 καὶ
649 368 720 402 Διὸς,
731 369 765 404 ἣν
781 370 881 402 πάντες

89 409 164 436 ἴσασι
177 409 269 445 μόνοις
281 411 346 446 ὑμῖν
358 411 583 448 ὁμολογουμένως
596 413 773 449 ὑπάρχουσαν
782 424 789 430 ·
801 415 817 451 ἦ
829 416 881 452 τὴν

87 456 192 491 ἀρετὴν
205 456 260 482 τῶν
276 457 305 483 ὲν
321 457 502 494 Πελοπονήσῳ
519 458 569 490 τὰς
580 458 700 494 δωρικὰς
713 460 805 492 πόλεις
821 469 880 488 κτι-

88 501 205 534 σάντων,
239 501 287 528 καὶ
317 502 368 537 τὴν
405 502 498 539 χώραν
527 503 630 538 ταύτην
662 505 853 541 κατασχόντων
870 513 878 521 ”

86 545 104 581 ἢ
137 547 170 573 τὺ
203 546 307 582 πλῆθος
341 548 394 574 τῶν
426 549 558 576 κινδύνων
584 551 705 578 καὶτῶν
729 552 879 587 τροπαίων.

84 591 144 617 τῶν
192 592 237 619 διὰ
278 593 328 629 τὴν
363 593 501 629 ὑμετέραν
536 595 688 630 ἡγεμονίαν
717 597 767 624 καὶ
800 597 878 633 βασι-

86 638 164 665 λείαν
188 640 340 668 σταθέντων
354 650 361 674 ;
381 642 423 674 τις
435 643 458 669 δ’
473 643 508 670 ἂν
531 643 656 679 ἠπόρησε
671 643 800 676 διεξιέναι
817 644 879 679 βου-

86 684 184 720 ληθεὶς
195 685 246 721 τὴν
260 686 388 723 ἀνδρείαν
405 688 471 724 ὃλην
487 688 537 722 τῆς
552 689 656 721 πόλεως
672 690 721 716 καὶ
736 690 880 726 σωφροσύ-

86 739 139 765 νην
153 731 201 758 καὶ
215 731 353 760 πολιτείαν
366 733 416 769 τὴν
439 734 492 761 ὑπὸ
507 735 648 770 προγόνων
662 735 718 762 τῶν
740 735 880 771 ὑμετέρων

87 776 308 811 συνταχθεῖσαν;
324 778 393 814 πρὸς
406 778 447 811 οἷς
461 779 484 806 δ’
500 779 533 806 ἃν
545 780 636 814 λόγοις
652 780 792 814 ἐξεγένετο
807 781 877 816 χρή-

87 822 189 849 σασθαι
209 824 273 859 περὶ
288 824 338 860 τὴν
355 825 485 860 φρόνησιν
501 825 549 853 τοῦ
566 826 613 853 σοῦ
631 826 744 862 πατρὸς,
758 828 806 854 καὶ
828 827 878 862 τὴν

932 238 993 258 eum
1010 231 1167 258 difIicultate
1188 232 1345 265 potuissem.
1360 230 1454 265 Neque
1468 231 1540 258 enim
1562 232 1593 258 de
1609 238 1669 258 meo
1684 231 1719 258 af-

932 276 1014 308 ferre,
1031 285 1091 311 quae
1104 277 1137 304 de
1153 277 1194 304 his
1210 277 1376 310 diceremur,
1395 283 1463 312 opus
1479 277 1596 303 fuisset:
1611 277 1720 311 quando

932 331 965 350 ex
984 323 1050 357 ipsis
1070 330 1116 358 per
1136 330 1183 349 vos
1200 323 1284 357 gestis
1301 323 1394 355 rebus,
1423 323 1484 349 talis
1503 323 1568 349 mihi
1589 330 1621 350 ac
1644 327 1721 350 tanta

932 369 1047 397 dabatur
1065 369 1192 396 laudandi
1215 369 1341 401 facultas,
1366 374 1395 396 ut
1414 376 1473 403 qua:
1494 369 1528 395 de
1549 369 1610 396 aliis
1622 369 1721 403 praedi-

932 419 1030 442 cantur
1057 415 1163 446 laudes,
1189 423 1223 441 ne
1249 415 1289 442 vel
1315 415 1447 441 tantillum
1471 422 1531 441 cum
1554 423 1585 441 ea
1602 414 1720 442 conferri

931 461 1048 496 possint,
1060 468 1113 494 qua
1127 467 1174 487 vos
1187 460 1317 487 eelebratl
1340 461 1417 488 estis.
1434 461 1564 494 Quisnam
1579 461 1651 488 enim
1668 460 1719 486 ali-

931 505 1042 540 quando
1057 505 1099 532 vel
1117 505 1152 532 ab
1168 504 1285 532 Hercule
1303 504 1424 540 Joveque
1448 505 1505 539 ipso
1520 512 1603 539 genus
1619 506 1720 532 ducen-

931 551 999 578 tium
1019 549 1188 578 nobilitatem
1206 555 1325 584 superet,
1348 557 1429 584 quam
1446 557 1542 577 omnes
1566 557 1641 584 aeque
1655 558 1722 576 ron-

930 596 1053 623 senliunt
1067 595 1094 622 in
1119 595 1198 623 vobis
1220 596 1287 623 solis
1302 596 1418 623 inveniri
1433 604 1441 623 :
1466 596 1508 623 vel
1531 595 1658 622 virtutem
1672 603 1720 622 eo-

930 649 1003 673 rum,
1017 641 1065 676 qui
1081 641 1192 669 Doricas
1205 641 1233 668 in
1248 641 1416 676 Peloponeso
1434 641 1516 668 urbes
1529 641 1719 673 condideram,

930 691 1013 721 atque
1037 687 1108 713 hanc
1132 687 1269 720 regionem
1306 685 1461 713 universam
1489 689 1659 712 tenuerunt:
1679 685 1722 712 vel

930 733 1003 760 illam
1020 731 1174 766 praeliorum
1189 736 1407 766 tropzeorumque
1438 730 1650 762 multitudinem,
1663 738 1723 766 quae

929 783 1020 805 vestro
1037 779 1117 805 ductu
1133 782 1214 812 atque
1228 777 1357 812 auspiciis
1373 776 1445 804 facta
1460 781 1619 812 statutaque
1631 782 1695 804 sunt
1710 777 1722 803 ?

929 824 1045 858 Quinam
1060 824 1143 851 etiam
1166 823 1273 851 dicendi
1301 823 1414 851 materia
1440 824 1538 851 deesse
1565 823 1651 857 possit
1683 823 1720 854 ei,

87 868 118 893 ὲν
134 870 196 899 ταῖς
212 871 367 904 συμφοραῖς
386 871 531 906 διοίκησιν,
547 872 595 899 καὶ
608 872 657 907 τὴν
673 872 764 907 μάχην
781 872 830 908 τὴν
849 873 880 899 ὲν

938 868 977 904 lui
998 867 1062 895 velit
1076 875 1136 895 cum
1153 867 1338 895 fortitudinem
1356 875 1388 895 ac
1408 868 1614 902 temperantiam
1638 868 1722 894 totius

86 914 121 949 τῇ
141 914 220 940 πόλει
236 916 400 951 γενομένην;
415 913 468 948 Ἦς
487 917 534 944 καὶ
557 917 668 952 ἡγεμὼν
683 918 715 944 σὺ
731 918 879 951 καταστὰς,

86 959 138 986 καὶ
155 960 216 994 μετ’
233 961 331 995 ὀλίγων
345 962 413 997 πρὸς
429 962 543 994 πολλοὺς
562 962 749 995 κινδυνεύσας,
759 964 807 990 καὶ
818 964 883 990 πάν-

85 1013 146 1032 των
169 1006 327 1041 διενεγκὼν,
347 1008 434 1040 αἴτιος
457 1009 552 1043 ἐγένου
572 1011 604 1045 τῇ
626 1009 702 1036 πόλει
723 1010 772 1043 τῆς
792 1018 881 1045 σωτη-

88 1051 165 1087 ρίας,
187 1049 218 1079 οὗ
242 1053 353 1081 κάλλιον
376 1055 456 1090 ἔργον
469 1055 557 1086 οὐδεὶς
572 1054 605 1081 ἂν
628 1055 796 1087 ἐπιδείξειεν.
813 1054 883 1081 Οΰτε

85 1097 144 1133 γὰρ
162 1098 256 1131 πόλεις
263 1099 343 1132 ἑλεῖν,
354 1099 415 1126 οὔτε
429 1100 544 1133 πολλοὺς
559 1100 783 1127 ἀποκτεῖναιτῶν
801 1100 881 1126 πολε-

86 1145 246 1179 μίων,οὖτω
262 1147 333 1181 μέγα
347 1147 395 1173 καὶ
407 1147 505 1182 σεμνόν
516 1148 602 1180 ἐστιν,
617 1146 654 1179 ὡς
665 1146 719 1181 εἴη,
733 1147 787 1173 τῶν
795 1146 882 1173 τοιού-

85 1198 142 1216 των
157 1190 290 1216 κινδύνων
313 1192 400 1218 σῶσαι
416 1192 465 1227 τὴν
478 1192 595 1227 πατρίδα
610 1192 647 1227 μὴ
670 1191 720 1227 τὴν
732 1191 880 1226 τυχοῦσαν,

84 1237 157 1263 ἀλλὰ
172 1236 222 1272 τὴν
236 1237 365 1264 τοσοῦτον
382 1239 425 1265 ἐπ’
439 1239 522 1274 ἀρετῇ
539 1238 743 1272 διενεγκοῦσαν.
760 1238 828 1273 Περὶ
843 1234 880 1264 ὧν

85 1282 126 1318 μὴ
156 1283 282 1318 κομψῶς,
311 1284 370 1310 ἀλλ’
396 1284 489 1316 ἁπλῶς
514 1283 625 1310 διελθών
640 1292 648 1300 ·
667 1283 735 1319 μηδὲ
756 1285 790 1318 τῇ
811 1282 883 1315 λέξει

84 1329 232 1363 κοσμήσας
245 1329 336 1364 μόνον,
349 1329 406 1356 ἀλλ’
423 1330 609 1365 ἐξαριθμήσας
621 1331 668 1357 καὶ
680 1330 762 1365 χύδην
776 1328 862 1356 εἰπὼν
874 1348 882 1361 ,

83 1375 177 1406 οὐδεὶς
207 1375 284 1406 ὅστις
311 1376 361 1402 οὐκ
391 1375 424 1403 ἂν
448 1377 668 1411 εὐδοκιμήσειεν.

930 915 1059 947 civitatis,
1073 918 1130 941 tum
1147 922 1162 941 a
1175 914 1274 941 vestris
1285 913 1434 948 majoribus
1456 914 1611 941 institutum
1629 913 1723 947 reipu-

931 961 1008 989 blicae
1020 965 1121 988 statum
1142 959 1323 994 percensere?
1339 959 1424 992 Quam
1441 959 1504 986 item
1526 967 1578 986 non
1599 959 1723 987 licuisset

932 1006 1063 1033 adhibere
1084 1005 1237 1032 orationem
1263 1005 1297 1031 ad
1313 1004 1502 1038 explicandam
1527 1012 1587 1031 cum
1604 1004 1724 1039 parentis

934 1052 972 1079 lui
999 1052 1183 1087 prudentiam,
1203 1055 1257 1077 tum
1273 1051 1333 1085 ejus
1351 1051 1377 1077 in
1405 1050 1527 1077 adversis
1544 1050 1583 1077 rei
1600 1051 1725 1084 gerenda:

935 1097 1082 1130 rationem,
1098 1101 1155 1123 tum
1173 1095 1250 1128 illud,
1264 1096 1336 1130 quod
1351 1102 1384 1122 eo
1401 1099 1532 1128 regnante
1550 1094 1576 1121 iu
1590 1095 1646 1128 ipsa
1657 1095 1725 1121 urbe

934 1143 1111 1171 commissum
1132 1145 1173 1169 est
1190 1141 1335 1176 proelium?
1348 1141 1375 1168 In
1388 1148 1441 1175 quo
1456 1145 1519 1167 tunc
1532 1140 1640 1174 quidem
1654 1147 1726 1174 prce-

935 1189 982 1222 lio,
998 1193 1139 1223 postquam
1157 1187 1209 1214 dux
1232 1193 1258 1213 tu
1283 1187 1341 1221 ipse
1365 1191 1474 1214 creatus
1491 1193 1552 1212 cum
1568 1185 1660 1220 paucis
1679 1185 1726 1212 ad-

934 1242 1030 1262 versus
1049 1234 1148 1261 multos
1166 1233 1309 1268 pugnando
1332 1233 1459 1259 omnibus
1470 1230 1663 1264 antecelluisti,
1679 1238 1727 1257 ur-

935 1282 995 1309 bem
1015 1280 1093 1307 simul
1114 1280 1200 1314 ipsam
1220 1279 1344 1306 servasti.
1359 1278 1418 1312 Quo
1436 1278 1499 1312 quid
1520 1277 1677 1312 praet-larius
1693 1277 1727 1304 ab

935 1327 991 1355 ullo
1009 1326 1098 1353 afferri
1124 1325 1234 1360 possit?
1257 1325 1350 1359 Neque
1376 1325 1448 1351 enim
1469 1324 1511 1351 vel
1536 1324 1617 1351 urbes
1641 1330 1727 1357 expu-

936 1379 1031 1408 gnare,
1049 1371 1091 1398 vel
1119 1370 1236 1398 hostium
1260 1377 1388 1404 magnum
1412 1376 1553 1397 numerum
1572 1368 1727 1395 interimere

84 1429 218 1457 magnum
232 1423 300 1450 adeo
311 1429 364 1456 est,
383 1428 430 1450 aut
444 1423 635 1455 honorificum,
651 1426 680 1449 ut
699 1421 750 1448 fuit
774 1428 790 1448 e
809 1419 890 1447 tantis
919 1418 1048 1453 periculis
1076 1417 1192 1444 liberare
1218 1415 1344 1451 patriam,
1361 1423 1413 1443 non
1431 1415 1503 1443 illam
1526 1414 1664 1449 vulgarem
1679 1412 1728 1440 ali-

82 1477 184 1506 quam,
208 1469 256 1496 sed
272 1476 332 1503 qua:
348 1474 489 1504 tantopere
502 1468 611 1495 virtutis
638 1475 719 1495 causa
741 1467 884 1494 emineret.
907 1464 946 1492 De
970 1463 1069 1499 quibus
1093 1470 1173 1490 nemo
1195 1470 1246 1489 non
1280 1462 1341 1489 dico
1374 1469 1436 1489 eum
1462 1460 1653 1490 ostentatione.
1681 1463 1727 1489 sed

82 1515 169 1550 plene
195 1515 333 1542 narrando
361 1514 531 1548 disseruerit,
559 1521 610 1541 nec
642 1521 703 1541 cum
737 1513 881 1540 verborum
909 1515 1017 1541 ornatu,
1051 1509 1097 1536 sed
1121 1508 1309 1535 enumerando
1339 1507 1482 1539 duntaxat,
1499 1513 1526 1533 et
1545 1507 1604 1533 sine
1631 1506 1730 1533 discri-

83 1562 161 1590 mine
179 1561 288 1596 quidvis
316 1560 477 1588 eﬁundcndo
504 1560 622 1592 dixerit,
651 1559 697 1594 qui
719 1566 772 1586 non
796 1565 828 1584 ex
843 1564 875 1584 eo
889 1563 1016 1590 magnam
1032 1555 1082 1582 sibi
1097 1554 1204 1580 laudem
1218 1553 1364 1587 paraverit.

132 1607 196 1640 Εγὼ
210 1606 300 1633 τοίνυν
311 1606 435 1642 δυνηθεὶς
448 1606 481 1632 ἂν
490 1604 612 1641 καὶπερὶ
624 1604 727 1631 τούτων
735 1603 881 1639 ἐξαρκούν-

976 1600 1032 1635 Ego
1047 1600 1149 1634 itaque,
1170 1600 1217 1634 qui
1237 1599 1278 1626 vel
1294 1599 1327 1626 de
1352 1598 1394 1625 his
1416 1603 1536 1633 poteram
1562 1599 1629 1626 satis
1645 1600 1729 1626 multa

83 1662 143 1684 τως
162 1652 348 1688 διαλεχθῆναι,
363 1653 474 1679 κάκεῖνο
491 1651 617 1686 γινώσκω
627 1659 635 1666 ·
651 1650 758 1686 πρῶτον
774 1650 834 1685 μὲν,
845 1650 885 1676 ὅτι

85 1700 156 1736 ῥᾷόν
167 1700 294 1735 έστιπερὶ
309 1698 365 1726 τῶν
379 1698 571 1733 γεγενημένων
583 1697 707 1733 εὐπόρως
714 1697 884 1732 ἐπιδραμεῖν,

85 1747 105 1782 ἢ
123 1746 189 1782 περὶ
203 1746 258 1772 τῶν
272 1745 424 1781 μελλόντων
436 1743 646 1779 νουνεχούντως,
661 1742 885 1774 εἱπείν.”Επειθ¹,

85 1793 131 1820 ὅτι
149 1793 251 1824 πάντες
269 1791 408 1827 ἄνθρωποι
429 1791 514 1817 πλείω
539 1791 620 1826 χάριν
635 1789 725 1826 έχουσι
738 1790 794 1821 τοῖς
806 1790 886 1815 ἐπαι-

85 1839 195 1871 νοῦσιν,
215 1839 232 1874 ἢ
249 1840 307 1870 τοϊς
334 1837 561 1873 συμϐουλεύουσι.
587 1836 658 1868 Τοὺς
688 1836 738 1872 μὲν
766 1835 822 1870 γὰρ
847 1835 885 1867 ὡς

86 1885 188 1916 εὓνους
219 1884 396 1920 ἀποδέχονται
410 1893 417 1899 ·
446 1885 510 1915 τοὺς
531 1883 553 1910 δ’
576 1883 609 1910 ἂν
638 1881 676 1919 μὴ
694 1881 887 1914 κελευσθέντες

89 1931 277 1968 παραινῶσιν,
297 1931 415 1966 ἐνοχλεῖν
429 1930 594 1966 νομίζουσιν.

137 1977 210 2004 Ἀλλ’
220 1978 294 2012 ὅμως
309 1976 417 2004 ἅπαντα
431 1977 518 2003 ταῦτα
533 1975 676 2012 προειδὼς,
685 1975 739 2003 τῶν
756 1975 806 2011 μὲν
817 1975 887 2010 πρὸς

89 2024 174 2059 χάριν
189 2023 222 2050 ἂν
235 2023 429 2058 ῥηθησομένων
454 2022 626 2058 ἀπεσχόμην·
642 2022 706 2057 περὶ
716 2021 746 2048 δὲ
756 2021 887 2048 τοιούτων

92 2068 188 2103 μέλλω
217 2067 318 2102 λέγειν,
331 2067 395 2102 περὶ
417 2063 454 2094 ὧν
475 2067 561 2099 οὐδεὶς
570 2067 603 2094 ἂν
620 2067 698 2099 ἄλλος
714 2067 885 2103 τολμήσειεν·

91 2113 246 2150 ἡγούμενος
268 2113 322 2140 δεῖν
342 2114 404 2145 τοὺς
428 2113 529 2150 [περὶ]
551 2113 702 2146 ἐπιεικείας
717 2114 766 2140 καὶ
786 2113 888 2149 φρονή-

93 2168 166 2192 σεως
179 2159 429 2194 ἀμφισϐητοῦντας,
440 2160 478 2195 μὴ
492 2160 556 2192 τοὺς
565 2160 682 2196 ρᾴστους
697 2159 888 2195 προαιρεῖσθαι

93 2205 150 2231 τῶν
170 2205 268 2239 λόγων,
289 2205 356 2232 ἀλλὰ
370 2207 432 2237 τοὺς
448 2206 668 2242 ὲργωδεστόιτους
681 2215 688 2222 ·
710 2206 778 2242 μηδὲ
795 2207 858 2238 τοὺς
871 2207 888 2242 ἡ

92 2253 202 2284 δίστους
216 2254 273 2285 τοῖς
301 2253 455 2286 ἀκούουσιν,
468 2254 526 2282 ἀλλ’
548 2254 578 2286 ἐξ
595 2251 632 2281 ὧν
650 2254 822 2290 ὠφελήσουσι
840 2255 889 2282 καὶ

93 2299 146 2331 τὰς
163 2299 256 2331 πόλεις
280 2299 331 2331 τὰς
363 2300 463 2333 αὐτῶν,
481 2300 529 2327 καὶ
554 2301 618 2332 τοὺς
641 2301 738 2333 ἄλλους
762 2300 889 2336 sum“,

95 2344 141 2380 ἐφ’
153 2342 252 2381 οἷσπερ
264 2345 321 2380 ἐγὼ
338 2345 466 2381 τυγχάνω
476 2345 525 2373 νῦν
553 2346 723 2382 ἐφεστηκὼς.

131 2466 273 2502 Θαυμάζω
296 2467 325 2494 δὲ
349 2467 397 2494 καὶ
419 2467 474 2495 τῶν
508 2467 596 2495 ἄλλων
628 2468 683 2495 τῶν
712 2468 842 2504 πράττειν
869 2469 886 2504 ἢ

95 2513 189 2547 λέγειν
221 2513 396 2548 δυναμένων,
426 2514 451 2540 ει
481 2514 550 2549 μηδὲ
584 2514 691 2541 πώποτ’
716 2515 808 2546 αὐτοῖς
841 2515 890 2541 έπ-

96 2559 180 2594 ῆλθεν
196 2558 392 2594 ἐνθυμηθῆναι,
414 2559 480 2595 περὶ
503 2560 558 2586 τῶν
584 2560 683 2587 κοινῶν
703 2562 888 2596 πραγμάτων,

98 2606 163 2642 μηδ’
185 2605 295 2641 ἐλεῆσαι
320 2607 369 2638 τὰς
393 2606 445 2641 τῆς
469 2607 579 2639 έλλάδος
604 2607 774 2642 δυσπραξίας
803 2607 890 2639 οὓτως

97 2651 220 2687 αἰσχρῶς
231 2651 278 2678 καὶ
298 2651 393 2684 δεινῶς
411 2652 614 2689 διατιθεμένης.
628 2651 684 2685 Ἧς
695 2653 784 2685 οὐδεὶς
799 2662 889 2688 παρα-

98 2696 239 2724 λέλειπται
254 2697 347 2730 τόπος,
367 2697 396 2730 ὃς
416 2698 447 2725 οὐ
465 2698 546 2734 γέμει
559 2698 607 2726 καὶ
626 2700 725 2734 μεστός
738 2699 797 2726 ἐστι
810 2699 891 2726 πολέ-

100 2752 152 2778 μου
166 2743 215 2770 καὶ
227 2744 350 2772 στάσεων
365 2746 414 2772 καὶ
432 2745 545 2780 σφαγῶν
567 2746 616 2773 καὶ
630 2745 724 2773 κακῶν
736 2745 892 2781 ἀναριθμή-

100 2797 165 2817 των.
179 2785 231 2816 Ἷῗν
243 2790 370 2818 πλεῖστον
384 2791 468 2827 μέρος
480 2791 680 2828 μετειλήφασιν
692 2792 717 2818 οἱ
728 2791 777 2827 τῆς
799 2791 890 2824 Ἀσίας

101 2835 152 2870 τὴν
181 2835 320 2870 παραλίαν
346 2837 495 2870 οἰκοῦντες.
521 2837 575 2870 Οὓς
601 2838 631 2866 ὲν
654 2839 715 2870 ταῖς
747 2838 894 2873 συνθήκαις

939 1647 1043 1674 dicere.
1059 1646 1124 1672 illud
1140 1652 1248 1679 quoque
1273 1644 1373 1676 sentio,
1400 1643 1506 1671 facilius
1520 1644 1546 1670 in
1562 1645 1656 1678 primis
1669 1652 1730 1672 esse

939 1693 972 1720 de
994 1692 1139 1727 praeteritis
1163 1691 1272 1725 copiose
1300 1691 1444 1722 disserere,
1469 1698 1549 1724 quam
1570 1691 1603 1717 de
1632 1690 1730 1718 futuris

939 1738 1122 1771 admonendo,
1142 1738 1224 1765 verba
1245 1737 1348 1764 facere.
1368 1735 1469 1764 Omnes
1492 1736 1589 1764 deinde
1605 1737 1730 1764 homines

940 1785 1071 1818 majorem
1087 1783 1188 1811 habere
1208 1783 1325 1818 gratiam
1344 1784 1401 1810 suis
1425 1783 1623 1815 laudatoribus,
1648 1790 1729 1817 quam

940 1829 1052 1858 consilia
1077 1829 1295 1864 suggerentibus,
1324 1828 1433 1863 quando
1469 1828 1529 1855 illos
1554 1833 1584 1855 ut
1602 1828 1644 1855 sui
1672 1834 1731 1856 stu-

940 1876 1032 1904 diosos
1048 1874 1164 1902 libenter
1179 1874 1328 1909 excipiunt,
1344 1875 1394 1902 hos
1412 1881 1486 1906 vero,
1503 1874 1525 1902 si
1546 1874 1616 1902 forte
1635 1874 1730 1910 injusai

940 1919 1098 1955 admonent,
1111 1928 1160 1956 pro
1176 1920 1362 1948 turbatoribus
1381 1920 1493 1948 habent.

975 1968 1041 2000 Quae
1059 1966 1111 1994 etsi
1128 1966 1219 1993 omnia
1245 1966 1313 1992 satis
1338 1965 1441 2000 providi
1465 1970 1555 1997 antea,
1578 1964 1664 1992 nihilo
1692 1970 1731 1994 ta-

941 2020 1003 2041 men
1023 2013 1112 2040 secius
1133 2011 1167 2039 ab
1184 2011 1239 2044 his,
1261 2019 1321 2046 qua:
1343 2011 1376 2038 ad
1394 2011 1509 2046 gratiam
1525 2012 1671 2038 ineundam
1688 2011 1731 2038 di-

941 2059 1024 2087 cenda
1046 2062 1150 2091 essent,
1176 2057 1313 2084 abstinere
1329 2057 1402 2084 volui
1416 2065 1423 2090 ;
1436 2057 1469 2085 de
1488 2058 1520 2085 iis
1544 2058 1730 2085 tantummodo

941 2106 1074 2137 dicturus,
1090 2112 1150 2140 quae
1168 2112 1246 2132 nemo
1274 2104 1341 2131 alius
1359 2104 1447 2131 ausit:
1465 2109 1539 2131 ratus
1559 2104 1656 2131 decere
1673 2112 1730 2136 eos.

941 2153 988 2188 qui
1014 2153 1047 2179 de
1067 2152 1196 2186 aequitate
1224 2156 1306 2186 atque
1326 2150 1470 2185 prudentia
1493 2158 1555 2178 cum
1583 2150 1732 2185 aequalibus

942 2202 1057 2231 certant,
1074 2205 1244 2232 nequaquam
1267 2197 1311 2224 illa
1327 2197 1378 2224 sibi
1394 2197 1524 2231 deligere,
1549 2204 1608 2231 qua:
1623 2197 1673 2231 ipsi
1690 2197 1731 2222 fa-

942 2244 1042 2272 cillime
1056 2244 1180 2271 oratione
1202 2243 1328 2278 persequi
1347 2243 1462 2278 pOSsint,
1484 2242 1533 2271 sed
1546 2250 1605 2278 quae
1620 2242 1732 2270 diflicili-

942 2299 986 2319 me
1010 2290 1168 2326 persuaderi
1188 2294 1306 2324 queant:
1324 2297 1413 2323 neque
1436 2298 1543 2317 rursum
1562 2297 1594 2317 ea
1609 2297 1670 2324 quae
1683 2297 1732 2316 au-

940 2338 998 2365 ditu
1020 2337 1076 2364 sint
1095 2336 1306 2370 iucundissima,
1331 2336 1380 2363 sed
1391 2343 1424 2363 ex
1441 2335 1540 2370 quibus
1554 2335 1731 2363 emolumenti

941 2383 1086 2418 plurimum
1099 2381 1224 2415 afferant,
1232 2389 1294 2409 cum
1311 2381 1469 2409 civitatibus
1483 2382 1551 2414 suis,
1563 2387 1618 2409 tum
1631 2381 1733 2409 Grazcis

941 2428 1080 2462 omnibus,
1102 2434 1219 2462 quorum
1234 2433 1284 2462 ego
1299 2427 1379 2454 modo
1399 2434 1481 2454 causa
1499 2427 1533 2454 ad
1559 2432 1586 2454 te
1614 2428 1731 2454 accessi.

977 2473 1101 2508 Magnam
1117 2477 1206 2500 autem
1224 2473 1269 2499 liie
1287 2472 1351 2499 mihi
1369 2472 1575 2499 admirationem
1594 2472 1732 2499 concitant

943 2520 1045 2552 caeteri,
1071 2519 1170 2553 quibus
1195 2518 1236 2545 vel
1261 2518 1358 2553 agendi
1381 2521 1434 2549 est.
1459 2518 1501 2545 vel
1518 2518 1626 2545 dicendi
1642 2518 1732 2552 aliqua

945 2564 1070 2597 facultas,
1084 2564 1155 2598 quod
1172 2564 1242 2590 nulla
1261 2571 1380 2597 unquam
1404 2564 1436 2590 de
1446 2564 1637 2590 communibus
1653 2563 1733 2590 rebus

943 2611 1050 2639 illorum
1078 2612 1183 2638 animos
1209 2610 1339 2645 cogitatio
1363 2611 1470 2642 subeat,
1497 2617 1584 2644 neque
1615 2609 1733 2636 infelicis

943 2656 1055 2685 Graeciae
1071 2655 1309 2683 couuniseratiuue
1333 2655 1476 2686 ducantur,
1504 2654 1582 2688 cujus
1595 2652 1650 2686 jam
1676 2658 1732 2678 sla-

949 2708 992 2729 tus
1004 2701 1191 2729 miserandum
1214 2701 1240 2727 in
1257 2700 1365 2727 modum
1382 2700 1450 2727 adeo
1466 2699 1632 2726 deformatus
1648 2701 1690 2724 est
1705 2701 1733 2723 ut

943 2746 1059 2781 angulus
1075 2747 1102 2774 in
1117 2754 1149 2775 ea
1165 2745 1254 2773 nullus
1274 2745 1436 2779 reperiatur,
1450 2744 1496 2779 qui
1521 2751 1573 2771 non
1589 2743 1732 2775 bellorum,

942 2793 1120 2826 seditionum,
1145 2793 1270 2823 ca'dium.
1285 2795 1313 2819 et
1334 2791 1501 2818 infiuilorum
1526 2790 1659 2817 tnalorum
1677 2789 1733 2823 ple-

942 2847 992 2867 nus
1017 2839 1060 2866 sit.
1077 2837 1197 2872 Quorum
1218 2838 1327 2873 quidem
1353 2842 1457 2872 partem
1481 2836 1559 2871 longe
1586 2835 1733 2862 maximam

971 2884 982 2895 ι
