1938 3091
181 113 243 148 ιω.

781 115 915 148 ΡΗΟΤΙΙ
933 116 1186 148 PATRIARCH/E
1204 116 1259 147 CP.

1776 114 1832 146 M0

186 170 328 198 sustinent
338 170 355 198 ii
370 170 415 206 qui
431 171 502 199 Asiae
521 171 659 199 maritima
685 171 818 204 incolunt,
832 177 860 200 et
873 180 887 198 a
904 171 983 199 nobis

1041 170 1154 202 ὶπαντες
1168 169 1366 205 ἑκδεδῶκειμεν
1377 170 1408 196 οὐ
1422 169 1503 205 μόνον
1512 169 1569 201 τοῖς
1583 168 1742 204 βαράρϐοις,
1759 168 1831 196 ἀλλὰ

185 216 313 244 omnibus
327 216 477 245 foederibus
498 217 613 250 exclusi,
641 224 696 245 uon
719 217 843 247 barbaris
860 222 981 245 tantum—

186 264 269 289 modo
295 262 419 298 gentibus
440 263 566 298 permissi
580 267 653 296 sunt,
671 263 717 291 sed
739 263 772 291 iis
785 264 850 291 item
867 263 986 295 Grtecis,

185 308 230 343 qui
246 309 297 336 etsi
316 308 403 344 lingua
412 309 556 337 nobiscum
571 313 684 337 utantur
703 310 811 342 eadem,
830 318 845 336 a
859 310 981 337 moribus

186 359 260 382 certe
276 354 457 383 Barbarorum
482 356 551 383 nihil
573 356 741 391 discrepant.
755 355 830 389 Quos
843 357 980 391 equidem.

185 401 208 428 si
236 401 384 437 quidquam
410 402 436 429 in
460 402 538 429 nobis
555 408 630 430 esset
646 402 745 430 mentis
767 402 914 437 reliquum,
930 410 986 430 ηε-ι

186 455 321 482 quaquam
343 448 497 475 sineremus
518 455 567 483 per
583 453 685 475 tantam
700 452 820 475 nostram
838 448 980 483 negligen-

186 492 251 520 tiam
278 493 366 525 coire,
395 493 567 527 aquibusvis
598 493 625 520 in
660 493 861 528 expeditionem
890 493 980 526 educi,

187 537 344 573 majoraqne
357 543 384 566 et
399 539 529 566 validiora
541 539 631 575 colligi
645 539 753 575 agmina
766 547 782 567 e
796 540 882 575 vagis,
898 547 986 575 quam

186 584 308 620 legitimo
335 585 451 620 imperio
476 586 635 620 gubernatis
663 586 833 614 hominibus.
849 587 978 619 Quicum

185 631 310 665 exiguam
329 631 473 659 admodum
494 633 615 667 regionis
634 632 692 667 ejus
714 637 831 667 partem,
848 640 909 668 qua:
925 632 980 667 regi

189 681 276 712 paret,
305 678 403 705 damno
432 677 560 710 alliciant,
590 677 702 706 Graecas
727 679 828 713 potius,
849 679 881 706 ad
899 686 982 713 quas-

187 732 296 758 cunque
318 725 486 752 accesserint
515 724 654 757 civitates,
684 725 839 757 devastant,
868 727 932 753 dum
955 726 981 753 in

189 770 237 798 his.
253 771 321 798 alios
353 771 534 804 interficiunt,
559 771 628 798 alios
651 771 708 798 suis
732 771 841 799 sedibus
868 771 981 806 pellunt,

189 817 258 848 alios
274 816 352 844 bonis
372 822 484 843 exuunt.
504 815 596 844 Taceo
616 824 762 852 puerorum
785 825 817 844 ac
835 818 980 845 mulierum

1033 216 1082 243 καὶ
1096 215 1151 242 τῶν
1172 215 1294 251 ἑλλήνων
1309 216 1366 246 τοῖς
1380 215 1429 249 τῆς
1442 214 1492 250 μὲν
1512 215 1605 249 φωνῆς
1617 215 1668 249 τῆς
1689 213 1832 248 ἡμετέρας

1034 261 1206 294 κοινωνοῦσι,
1221 261 1261 296 τῷ
1276 261 1305 288 δὲ
1321 261 1417 296 τρόπῳ
1431 260 1472 296 τῷ
1483 260 1539 286 τῶν
1553 260 1699 295 βαρϐάρων
1720 259 1833 294 χρωμέ-

1035 317 1102 341 νοις.
1119 308 1184 341 Οὓς,
1198 308 1222 334 εί
1233 307 1297 334 νοῦν
1308 307 1429 343 εἴχομεν,
1440 307 1491 333 οὐκ
1506 307 1539 333 ἂν
1550 306 1723 341 περιορῶμεν
1734 305 1831 340 ἁθροι-

1036 356 1178 390 ζομένους,
1196 355 1251 382 οὐδ’
1273 355 1326 382 ὑπὸ
1342 355 1397 382 τῶν
1411 355 1548 390 τυχόντων
1561 355 1831 389 στρατηγουμένους,

1033 401 1094 428 οὐδὲ
1119 402 1228 437 μείζους
1250 402 1297 428 καὶ
1311 401 1454 437 κρείττους
1471 400 1613 432 συντάξεις
1639 400 1832 435 στρατοπέδων

1032 448 1201 483 γιγνομένας
1210 449 1242 474 ὲκ
1253 448 1308 474 τῶν
1324 447 1510 482 πλανωμένων
1525 447 1541 482 ἢ
1557 446 1785 481 πολιτευομένων.
1798 445 1832 472 0?

1032 493 1083 529 τῆς
1102 494 1152 529 μὲν
1170 493 1304 529 βασιλέως
1319 492 1412 529 χώρας
1426 493 1524 528 μικρὺν
1542 492 1624 528 μέρος
1639 492 1831 526 λυμαίνονται,

1035 540 1084 571 τὰς
1107 540 1136 567 δὲ
1161 540 1252 571 πόλεις
1274 540 1323 571 τὰς
1340 539 1482 574 ὲλληνίδας
1498 540 1540 571 είς
1552 539 1585 574 ἢν
1606 539 1639 566 ἂν
1660 539 1832 571 εἰσέλθωσιν,

1033 587 1201 619 ἀναστάτους
1215 588 1354 619 ποιοῦσιν,
1372 588 1437 620 τοὺς
1455 588 1504 623 μὲν
1526 586 1745 617 ἀποκτείνοντες,
1766 586 1833 617 τοὺς

1033 634 1062 660 δὲ
1080 633 1291 668 φυγαδεύοντες,
1312 633 1367 661 τῶν
1384 634 1412 660 δὲ
1433 634 1482 665 τὰς
1507 633 1602 665 οὐσίας
1623 633 1830 668 διαρπάζοντες.

1036 678 1098 707 Ἔτι
1118 680 1147 706 δὲ
1162 679 1262 711 παῖδας
1285 679 1333 707 καὶ
1356 680 1491 714 γυναῖκας
1513 678 1671 714 ὑϐρίζοντες
1689 686 1697 693 ⁸
1719 679 1766 705 καὶ
1781 680 1832 710 τὰς

1037 726 1087 761 μὲν
1102 725 1330 761 εὐπρεπεστάτας
1341 725 1580 761 καταισχύνοντες,
1598 725 1653 751 τῶν
1666 724 1689 750 δ’
1701 724 1801 757 ἄλλων,
1814 723 1833 751 ἃ.

1035 771 1099 807 περὶ
1121 773 1178 803 τοῖς
1201 771 1330 807 σώμασιν
1349 771 1442 807 ἔχουσι
1467 770 1667 807 περισπῶντες,
1694 770 1774 803 ὥστε,
1797 770 1832 802 ἃς

1035 818 1170 854 πρότερον
1186 818 1248 844 οὐδὲ
1260 818 1472 853 κεκοσμημένας
1482 815 1515 853 ἧν
1533 817 1596 844 [δεῖν
1609 818 1665 848 τοῖς
1680 816 1833 852 ἀλλοτρίοις

188 863 305 898 iniurias
317 871 325 896 ;
338 867 366 890 et
380 863 466 890 forma
477 864 503 890 in
518 863 559 892 bis
570 864 688 891 maxime
700 868 862 899 praestantes
874 864 979 897 violari,

1041 864 1137 895 ταύτας
1150 863 1203 890 ὑπὸ
1217 863 1321 890 πολλῶν
1333 863 1448 899 ὁρᾶσθαι
1469 863 1575 898 γυμνάς
1586 872 1592 878 ·
1609 863 1681 894 ἐνίας
1695 862 1718 889 δ’
1740 861 1833 888 αὐτῶν

188 915 303 938 caeteras
316 910 401 938 etiam
415 910 450 938 iis
474 911 575 945 quibus
594 917 709 946 corpora
724 918 773 938 sua
791 915 895 946 tegunt,
907 911 980 944 exui,

189 960 220 984 ut.
235 956 313 984 unde
321 956 377 990 jam
394 964 409 984 a
435 956 527 984 multis
542 957 761 992 conspiciantur,
779 965 846 992 quas
861 957 888 984 in
902 965 982 992 pere-

189 1002 271 1038 grina
297 1007 375 1030 veste
399 1007 479 1030 antea
507 1010 646 1038 nunquam
680 1010 715 1030 ne
739 1008 853 1031 ornatus
873 1003 982 1038 quidem

191 1049 276 1085 gratia
292 1049 421 1083 vidisses,
439 1054 622 1084 prmterquam
638 1049 710 1084 quod
733 1049 831 1083 aliqme
847 1049 872 1076 in
885 1049 985 1076 vilibus

190 1100 247 1130 [itte
270 1095 360 1131 inopia
386 1096 485 1131 parmis
521 1101 667 1130 pereuntes
697 1095 808 1122 obeant.
831 1094 897 1128 Qum
922 1103 984 1122 cum

191 1145 268 1169 tanto
280 1141 412 1169 hactenus
433 1145 555 1176 tempore
576 1140 647 1168 mala
669 1141 785 1173 durent;
803 1140 876 1168 nulla
893 1144 984 1168 tamen

191 1188 249 1215 lraec
262 1187 303 1214 vel
318 1188 415 1215 civitas
441 1194 474 1214 ex
488 1188 522 1214 iis
548 1194 609 1222 qua:
629 1186 740 1215 Graecos
760 1187 831 1214 inter
846 1186 984 1221 principa-

191 1239 248 1262 tnm
261 1234 376 1266 obtinet,
392 1233 434 1261 vel
451 1233 494 1261 vir
510 1233 543 1260 de
559 1233 728 1268 priucipilms
737 1233 835 1268 aliquis
846 1233 987 1261 molestius

191 1280 253 1307 tulit
269 1289 276 1307 :
291 1288 377 1307 unum
398 1279 506 1314 excipio
533 1284 674 1313 parentem
695 1284 781 1305 lllllm.
811 1277 891 1305 Solus
914 1279 986 1305 enim

192 1326 352 1360 Agesilaus,
381 1325 455 1360 quod
485 1325 659 1356 noverimus,
691 1325 717 1351 iu
748 1331 846 1359 magno
880 1331 990 1358 semper

194 1372 262 1398 vixit
275 1371 420 1403 desiderio,
442 1375 498 1396 tum
527 1369 636 1397 Graecos
663 1370 688 1396 in
717 1369 868 1396 libertatem
899 1368 989 1396 vindi-

193 1415 286 1447 candi,
304 1419 360 1442 tum
383 1415 446 1441 belli
472 1414 602 1441 Barbarie
627 1413 772 1440 inferendi.
795 1413 844 1446 Qui
861 1418 951 1439 tamen
963 1417 991 1440 et

195 1461 254 1494 ipsa
273 1466 325 1487 una
350 1460 445 1488 saltem
468 1460 557 1488 adhuc
574 1460 601 1487 in
618 1467 651 1487 re
669 1459 813 1486 aberrasse
838 1459 913 1486 visus
935 1464 987 1486 est.

195 1506 290 1542 Neque
308 1507 416 1534 mireris
431 1506 523 1539 velim,
536 1506 559 1534 si
573 1511 663 1533 tecutn
680 1513 730 1540 ego
745 1505 895 1538 disserens,
912 1513 988 1532 men-

196 1554 297 1581 tionem
313 1553 411 1581 faciam
423 1561 529 1585 eorum,
546 1561 607 1588 quae
628 1553 718 1580 minus
734 1553 779 1580 ille
795 1557 870 1580 recte
889 1553 984 1580 sensit.

1034 911 1064 937 ὲν
1073 910 1170 944 ῥάκεσι
1178 909 1439 945 περιφθειρομένας,
1449 910 1482 936 δι’
1492 910 1594 936 ἔνδειαν
1601 908 1832 942 τῶνάναγκαίων.

1040 955 1126 990 ’Υπὲρ
1141 950 1179 982 ὥν
1199 955 1284 982 πολὺν
1305 954 1364 989 ἥδηξ
1378 955 1472 990 χρόνον
1490 953 1741 988 γιγνομένωνόῡτε
1755 953 1834 985 πόλις

1034 1001 1148 1038 οὐδεμία
1169 1001 1224 1028 τῶν
1239 1001 1390 1037 προστῆναι
1402 1001 1457 1028 τῶν
1476 1001 1595 1036 ὲλλήνων
1611 999 1744 1034 ἀξιουσῶν
1764 1001 1833 1033 ἢγαο

1035 1048 1170 1084 νάκτησεν
1184 1056 1192 1065 ·
1216 1047 1273 1075 οὔτ’
1288 1048 1358 1084 ἀνὴρ
1381 1048 1436 1075 τῶν
1458 1046 1654 1083 πρωτευόντων
1677 1047 1764 1078 οὐδεὶς
1781 1045 1832 1081 βα-

1036 1095 1107 1131 ρέως
1119 1095 1234 1130 ἧνεγκε.
1255 1094 1330 1130 Πλὴν
1347 1096 1361 1121 ὁ
1384 1094 1430 1126 σδς
1448 1095 1550 1130 πατήρ.
1568 1094 1657 1125 Μόνος
1673 1093 1728 1128 γὰρ
1747 1093 1830 1127 Ἀγη-

1038 1141 1142 1175 σίλαος,
1154 1138 1191 1169 ὧν
1205 1143 1287 1177 ἡμεῖς
1298 1141 1389 1177 ἴσμεν,
1403 1141 1546 1176 ἐπιθυμῶν
1562 1140 1670 1168 ἅπαντα
1681 1139 1726 1166 τὸν
1737 1140 1834 1175 χρόνον

1037 1187 1173 1214 διετέλεσε
1195 1188 1261 1219 τοὺς
1281 1187 1331 1223 μὲν
1353 1188 1467 1223 ἓλληνας
1489 1186 1691 1221 ἐλευθερῶσαι,
1713 1185 1782 1221 πρὸς
1804 1185 1835 1211 δὲ

1036 1233 1100 1265 τοὺς
1119 1232 1276 1268 βαρῦάρους
1305 1233 1422 1267 πόλεμον
1449 1231 1622 1266 ἐξενεγκεῖν·
1643 1231 1674 1256 οὐ
1699 1233 1753 1265 μὴν
1765 1229 1836 1256 ἀλλὰ

1038 1281 1167 1312 κάκεῖνος
1178 1280 1236 1312 ἐνὸς
1252 1279 1416 1316 πράγματος
1431 1279 1565 1314 διήμαρτε
1582 1285 1590 1294 ·
1611 1278 1659 1304 καὶ
1675 1276 1712 1312 μὴ
1727 1275 1836 1310 θαυμά-

1040 1333 1127 1358 σειας,
1150 1325 1174 1352 εἰ
1200 1325 1268 1361 πρός
1293 1334 1323 1352 σε
1344 1325 1535 1360 διαλεγόμενος
1563 1323 1757 1358 μνησθήσομαι
1781 1321 1838 1348 τῶν

1039 1372 1090 1398 οὒκ
1104 1371 1192 1407 ὀρθῶς
1211 1371 1257 1397 ὑπ’
1272 1371 1355 1398 αὐτοῦ
1370 1371 1547 1405 γνωσθέντων
1559 1377 1567 1385 ο
1587 1367 1709 1403 εἴθισμαι
1731 1375 1762 1393 τε
1782 1366 1837 1400 γὰρ

1042 1416 1111 1452 μετὰ
1125 1416 1284 1451 παρρησίας
1298 1417 1343 1443 ἀεὶ
1361 1416 1497 1443 ποιεῖσθαι
1512 1415 1576 1445 τοὺς
1589 1414 1696 1447 λόγους.
1717 1412 1772 1439 Καὶ
1786 1411 1838 1437 δε-

1040 1462 1142 1497 ξαίμην
1154 1462 1187 1490 ἂν
1199 1462 1313 1494 δικαίως
1327 1462 1496 1497 ἐπιτιμήσας
1509 1459 1680 1495 ἀπέχθεσθαι
1695 1458 1806 1493 μᾶλλον,
1818 1457 1837 1492 ἢ

1040 1508 1118 1543 παρὰ
1128 1509 1159 1535 τὺ
1171 1509 1312 1545 προσῆκον
1324 1509 1471 1540 ἐπαινέσας
1484 1506 1660 1543 χαρίσασθαι.
1674 1505 1711 1532 Τδ
1725 1504 1776 1540 μὲν
1791 1502 1842 1530 οὖν

1042 1555 1109 1590 ὲμὺν
1132 1555 1219 1587 οὕτως
1238 1555 1299 1591 ἔχον
1322 1556 1406 1582 ἐστίν.

195 1599 264 1626 Nam
286 1604 314 1627 et
341 1599 425 1626 libere
446 1606 554 1634 semper
582 1598 664 1626 animi
694 1606 772 1626 sensa
802 1599 926 1631 proferre
950 1600 1044 1633 soleo,
1070 1605 1099 1629 et
1126 1602 1218 1629 malim
1251 1603 1287 1630 ob
1309 1602 1410 1637 justam
1440 1602 1681 1636 reprehensiOnem
1705 1597 1839 1626 invidiam

196 1646 342 1679 sustinere,
357 1652 437 1680 quam
453 1652 500 1680 per
522 1645 687 1673 immeritam
705 1645 812 1672 laudem
824 1645 984 1680 gratificari.
1002 1646 1043 1674 Me
1060 1647 1142 1682 igitur
1157 1656 1217 1683 qua
1235 1649 1382 1683 attingunt,
1396 1649 1445 1675 hoc
1458 1655 1519 1676 sese
1531 1649 1612 1675 modo
1629 1647 1739 1675 habent.

232 1693 335 1721 Verum
356 1693 414 1724 ille,
432 1693 478 1728 qui
497 1692 524 1720 in
540 1693 647 1720 caeteris
673 1692 740 1720 alios
760 1693 906 1727 superabat
926 1700 984 1719 om-
998 1696 1020 1724 c

196 1748 254 1774 nes,
273 1745 335 1767 eum
349 1742 424 1767 esset
438 1739 556 1766 maxime
573 1743 738 1773 temperans,
755 1738 880 1773 idemque
892 1738 986 1773 justis-

196 1788 294 1818 simus.
310 1792 342 1814 ac
360 1785 515 1820 reipublicae.
536 1784 763 1817 studiosissimus,
779 1784 913 1819 duplicem
932 1792 986 1818 pra:

197 1841 227 1861 se
240 1833 299 1861 tulit
313 1832 499 1868 cupiditatem,
512 1831 669 1866 praeclaram
681 1830 753 1857 illam
764 1831 871 1865 quidem
886 1835 986 1857 utraut-

197 1888 250 1915 que
264 1886 311 1915 per
326 1884 366 1911 se,
386 1883 418 1905 ttl‘
432 1878 595 1913 apparebat;
609 1876 654 1904 sed
671 1877 707 1903 ita
722 1876 838 1903 invicem
854 1876 989 1903 dissiden-

198 1931 250 1958 tcs,
268 1933 404 1960 nunquam
421 1930 451 1951 ut
467 1924 546 1952 simul
573 1924 659 1950 amba:
679 1923 774 1951 confici
797 1928 917 1958 possent.
935 1922 990 1950 Cn-

199 1973 289 2007 piebat
308 1971 399 2005 itaque
419 1976 446 1998 et
461 1976 522 1998 cum
545 1978 609 2005 rege
632 1969 800 2006 [Persarum]
824 1969 923 1997 belltnn
944 1977 990 2004 ge-

197 2025 270 2050 rere,
287 2022 313 2045 et
325 2018 440 2050 amicos,
456 2017 501 2051 qui
518 2016 551 2044 ad
565 2024 595 2044 se
612 2016 809 2050 confugissent,
823 2016 849 2043 in
866 2016 989 2043 civitates

199 2072 263 2092 suas
274 2064 415 2096 reducere,
433 2070 465 2091 ac
479 2063 594 2098 negotiis
609 2063 646 2090 ibi
673 2063 789 2097 publicis
802 2070 908 2090 summa
928 2069 989 2089 cum

200 2114 333 2146 potestate
345 2109 492 2144 praeficere.
515 2108 587 2143 Ergo
607 2109 673 2136 illud
696 2108 758 2135 inde
771 2109 946 2142 sequebatur,
963 2112 993 2134 nt

201 2161 228 2184 et
240 2156 275 2183 ob
290 2156 409 2183 studium
425 2162 488 2190 erga
505 2155 586 2186 alios,
604 2155 631 2181 in
655 2154 731 2182 bellis
744 2162 776 2182 ac
791 2155 992 2182 calamitatibus

201 2201 288 2229 δηιιοὶ
305 2204 492 2233 versarentur,
513 2204 541 2227 et
555 2205 666 2234 propter
684 2206 806 2228 exortam
824 2201 885 2228 inde
901 2208 991 2228 rerum

203 2247 446 2282 perturbationem,
466 2254 555 2280 neque
572 2247 620 2273 otii
646 2247 723 2279 satis,
740 2254 827 2281 neque
842 2247 940 2274 virium
960 2247 993 2273 ad

204 2294 375 2322 lacessendos
398 2294 468 2321 bello
492 2292 629 2320 Barbaros
659 2293 820 2320 invenirent.
843 2293 932 2326 Quare
952 2293 993 2321 νεΙ

204 2348 236 2369 ex
263 2341 295 2369 iis
321 2349 380 2376 qua:
403 2344 466 2367 tunc
496 2339 628 2375 temporis
659 2339 840 2375 contigerunt,
874 2348 926 2367 non
953 2345 994 2367 est

205 2386 312 2416 diﬂicile
328 2386 488 2420 intelligere,
505 2392 558 2412 non
578 2385 705 2419 expedire
721 2385 730 2420 (
746 2386 790 2412 ubi
809 2390 882 2413 recta
899 2386 993 2413 saltem

204 2434 347 2461 n‘b‘tineant
364 2431 495 2466 consilia)
515 2431 613 2458 bellum
628 2430 728 2458 inferre
741 2432 798 2467 regi
814 2432 896 2466 prius.
913 2440 993 2466 quam

205 2479 316 2507 Grmros
337 2479 471 2514 quispiam
492 2477 561 2505 inter
586 2485 615 2505 se
633 2477 795 2506 conciliatos
812 2479 845 2505 ab
862 2479 913 2506 hoc
927 2487 994 2506 con-

208 2525 335 2553 tendendi
352 2527 442 2552 lurore
458 2524 615 2552 abduxerit.
632 2524 690 2557 Qua
707 2524 740 2551 de
756 2532 795 2558 re,
813 2530 842 2551 ut
853 2525 922 2552 alias
938 2526 994 2553 dis-

207 2575 291 2605 s‘crui.
325 2573 360 2600 ita
402 2579 490 2606 neque
523 2570 603 2598 modo
641 2571 835 2605 supersedebo.
876 2571 995 2599 Tametsi

207 2621 325 2648 maxime
344 2618 453 2654 quidam
482 2626 515 2646 ex
540 2618 573 2645 iis
590 2619 634 2653 qui
661 2617 728 2644 alios
753 2618 852 2645 docere
867 2625 896 2645 se
919 2625 997 2653 posse

207 2666 378 2702 pollicentur,
393 2672 453 2693 cum
466 2665 521 2692 sint
543 2665 593 2698 ipsi
609 2665 739 2691 doctrina:
756 2664 845 2691 omnis
861 2670 997 2698 expertes,

207 2718 235 2739 et
252 2719 309 2739 mea
334 2719 446 2746 carpere
466 2710 577 2742 audent,
596 2718 655 2745 qum
672 2714 760 2737 tamen
777 2711 877 2738 imitari
892 2711 999 2738 deside-

209 2762 280 2789 rant.
296 2758 411 2785 amentis
425 2757 537 2784 forsitan
554 2763 614 2784 esse
628 2757 730 2788 dicant,
747 2757 819 2791 quod
833 2756 944 2783 Gracia:
958 2763 1000 2784 me

210 2803 392 2830 calamitatum
419 2810 483 2830 cura
512 2806 606 2837 tangat
629 2802 730 2836 aliqua,
753 2802 829 2836 quasi
849 2809 909 2828 mea
937 2809 999 2829 ora-

210 2850 283 2877 tione
298 2849 391 2877 meims
408 2857 469 2876 cum
493 2849 537 2877 illa
555 2848 597 2883 agi
622 2848 749 2883 deinceps
768 2849 912 2883 pomitaut
926 2849 999 2878 dato-

1078 1695 1196 1727 Ἐκεῖνος
1208 1695 1230 1722 δ’
1239 1695 1268 1722 ὲν
1279 1695 1366 1722 ἆπασι
1379 1697 1436 1726 τοῖς
1450 1695 1541 1727 ἄλλοις
1559 1694 1718 1728 διενεγκὼν,
1733 1693 1782 1721 καὶ
1794 1701 1842 1727 γε-

1040 1741 1153 1776 νόμενος
1164 1742 1391 1777 ἐγκρατέστατος,
1405 1742 1452 1768 καὶ
1465 1742 1644 1773 δικαιότατος,
1655 1741 1703 1768 καὶ
1717 1740 1817 1774 πολεμι
1826 1754 1840 1758 -

1039 1786 1170 1818 κώτατος,
1184 1787 1275 1817 διττὰς
1292 1786 1371 1822 ἔσχεν
1382 1786 1541 1821 ἐπιθυμίας.
1566 1787 1659 1821 Χωρὶς
1674 1785 1724 1820 μὲν
1740 1784 1840 1811 ἑκατέ-

1039 1839 1090 1868 ραν
1100 1831 1184 1866 καλὴν
1192 1829 1260 1859 εἶναι
1271 1832 1411 1862 δοκοῦσαν,
1419 1833 1449 1858 οὐ
1460 1841 1491 1858 συ
1496 1831 1606 1867 μῳωνού
1611 1840 1658 1862 σας
1665 1831 1688 1857 δ’
1695 1830 1841 1865 ἀλλήλαις,

1039 1878 1093 1905 οὐδ’
1101 1877 1160 1913 ἅμα
1169 1879 1337 1914 πράττεσθαι
1346 1878 1499 1913 δυναμένας
1509 1887 1516 1893 ·
1530 1877 1660 1913 ἡῦούλετο
1672 1877 1726 1911 γὰρ
1734 1875 1840 1911 βασιλεῖ

1040 1933 1071 1951 τε
1090 1924 1231 1960 πολεμεῖν,
1248 1925 1297 1951 καὶ
1312 1924 1366 1950 τῶν
1381 1925 1467 1959 φίλων
1483 1924 1547 1956 τοὺς
1565 1923 1716 1959 φεύγοντας
1731 1923 1772 1954 εἰς
1790 1922 1842 1953 τὰς

1041 1968 1135 2002 πόλεις
1163 1971 1342 2004 καταγαγεῖν,
1369 1970 1418 1996 καὶ
1441 1970 1555 2005 κυρίους
1585 1968 1756 2003 καταστῆσαι
1783 1966 1840 1993 τῶν

1042 2016 1225 2052 πραγμάτων.
1251 2016 1412 2043 Συνὲἦαινεν
1434 2013 1480 2042 οὖν
1506 2016 1538 2042 ὲκ
1565 2015 1615 2050 μὲν
1636 2015 1686 2049 τῆς
1710 2022 1844 2049 πραγμα-

1042 2062 1128 2095 τείας,
1146 2063 1196 2098 τῆς
1213 2062 1284 2098 ὑπὲρ
1295 2062 1349 2089 τῶν
1360 2062 1473 2098 ἑτέρων,
1489 2063 1518 2088 ἐν
1532 2063 1628 2093 κακοῖς
1642 2061 1688 2088 καὶ
1700 2060 1843 2092 κινδύνοις

1044 2107 1115 2135 εἶναι
1134 2109 1197 2140 τοὺς
1212 2108 1326 2144 ἒλληνας
1336 2116 1343 2124 ο
1366 2108 1410 2135 διὰ
1426 2108 1454 2135 δὲ
1468 2109 1518 2144 τὴν
1532 2107 1666 2143 ταραχὴν,
1681 2106 1731 2142 τὴν
1744 2106 1842 2133 ἐνθάδε

1043 2155 1219 2190 γιγνομένην,
1237 2155 1274 2190 μὴ
1294 2155 1392 2190 σχολὴν
1405 2154 1483 2188 ἄγειν
1494 2174 1501 2184 ,
1528 2153 1596 2189 μηδὲ
1610 2152 1742 2180 δύνασθαι
1758 2153 1842 2179 πολε-

1046 2200 1110 2235 μεῖν
1120 2201 1176 2231 τοῖς
1193 2199 1352 2235 βαρϐάροις.
1374 2200 1450 2226 Ὢστ¹
1467 2200 1499 2226 ἐκ
1519 2199 1574 2224 τῶν
1595 2197 1655 2224 κατ’
1669 2198 1775 2224 ἐκεῖνον
1795 2197 1842 2223 τὸν

1045 2246 1143 2282 χρόνον
1157 2247 1248 2282 ῥᾴδιον
1273 2245 1453 2281 καταμαθεῖν,
1478 2246 1518 2272 ὅτι
1536 2245 1578 2271 δεῖ
1590 2245 1653 2276 τοὺς
1669 2244 1759 2280 ὀρθῶς
1779 2243 1843 2280 βου-

1045 2292 1210 2326 λευομένους
1234 2293 1270 2328 μὴ
1290 2293 1423 2328 πρότερον
1437 2291 1564 2327 ὲκερέρειν
1577 2291 1645 2327 πρὸς
1659 2290 1774 2326 βασιλέα
1791 2291 1845 2317 πό-

1045 2339 1139 2374 λεμον,
1153 2339 1218 2373 πρὶν
1230 2338 1263 2365 ἂν
1277 2338 1405 2375 διαλλάξῃ
1417 2346 1459 2369 τις
1472 2339 1534 2369 τοὺς
1549 2337 1672 2372 ἕλληνας.
1691 2337 1738 2363 καὶ
1748 2336 1844 2373 παύσῃ

1048 2385 1097 2421 τῆς
1114 2385 1211 2419 μανίας
1229 2385 1277 2412 καὶ
1294 2385 1344 2419 τῆς
1357 2384 1538 2419 φιλονεικείας
1550 2384 1635 2418 ἡμᾶς.
1653 2383 1720 2418 Περὶ
1735 2380 1770 2418 ἧς
1786 2382 1845 2416 ἐγὼ

1049 2433 1245 2468 καὶπρότερον
1274 2432 1383 2468 εἴρηκα,
1407 2431 1455 2458 καὶ
1477 2431 1525 2458 νῦν
1541 2431 1692 2465 ποιήσομαι
1714 2429 1779 2460 τοὺς
1799 2428 1845 2455 λό-

1049 2487 1124 2512 γους.
1156 2478 1210 2505 Καί
1233 2478 1275 2504 τοί
1303 2485 1375 2508 τινες
1403 2477 1457 2503 τῶν
1486 2477 1619 2512 μηδεμιᾶς
1652 2475 1703 2511 μὲν
1716 2474 1846 2506 παιδείας

1050 2523 1269 2559 μετεσχηκότων,
1295 2522 1425 2550 δύνασθαι
1450 2523 1478 2549 δὲ
1500 2521 1641 2550 παιδεύειν
1660 2520 1724 2552 τοὺς
1745 2520 1846 2552 ἄλλους

1051 2569 1289 2604 ὑπισχνουμένων,
1310 2569 1354 2595 λαὶ
1368 2568 1462 2603 ψέγειν
1483 2568 1532 2603 μὲν
1547 2569 1582 2595 τὰ
1592 2567 1647 2602 ἐμὰ
1663 2565 1845 2601 τολμώντων,

1053 2615 1195 2652 μιμεῖσθαι
1217 2615 1246 2642 δὲ
1271 2615 1440 2651 γλιχομὲνων
1457 2623 1464 2629 ·
1490 2615 1561 2649 τάχα
1595 2613 1628 2641 ἂν
1653 2613 1754 2648 μανίαν
1773 2610 1847 2638 εἶναι.

1051 2663 1167 2698 φήσαιεν
1184 2662 1214 2689 τὸ
1231 2661 1324 2698 μέλειν
1341 2662 1403 2697 ἐμοὶ
1415 2661 1471 2688 τῶν
1486 2661 1535 2696 τῆς
1556 2661 1665 2690 meae;
1682 2659 1845 2694 συμφορῶν,

1051 2709 1145 2746 ὥσπερ
1158 2709 1235 2745 παρὰ
1248 2709 1311 2742 τοὺς
1341 2709 1425 2743 ἐμοὺς
1439 2708 1536 2742 λόγους
1564 2708 1581 2743 ἢ
1599 2707 1702 2741 βέλτιον
1719 2706 1736 2740 ἢ
1754 2707 1848 2740 χεῖρον

1051 2756 1136 2791 αὐτὴν
1155 2755 1311 2792 πράξουσαν
1326 2763 1333 2770 ⁵
1356 2751 1394 2781 ὧν
1417 2755 1529 2786 δικαίως
1550 2754 1582 2781 ἂν
1601 2754 1719 2784 ἅπαντες
1743 2751 1848 2786 πολλὴν

1053 2803 1198 2838 ἀνανδρίαν
1219 2802 1269 2834 ,καὶ
1292 2801 1478 2837 μικροψυχίαν
1505 2801 1666 2834 καταγνοῖεν
1690 2799 1731 2824 ὅτι
1759 2806 1847 2832 προσ-

1057 2849 1212 2885 ποιούμενοι
1235 2849 1406 2883 ιξιλοσοφεῖν,
1422 2847 1499 2874 αὐτοὶ
1512 2847 1561 2883 μὲν
1577 2847 1623 2872 ἐπὶ
1645 2846 1754 2881 μικροῖς
1768 2843 1845 2878 φιλο-
