1938 3091
71 105 123 139 αι

644 105 905 138 BIBLIOTHECA.
923 119 961 126 -
978 108 1062 140 COD.
1078 110 1162 140 CLX-

1656 82 1710 139 te

71 163 219 199 τιμοῦνται
235 171 243 179 ·
258 161 324 194 τοὺς
335 161 372 188 ⁴δὲ
393 160 558 197 δυναμένους
574 163 639 198 περὶ
657 162 710 190 τῶν
727 164 861 198 μεγίστων

923 163 985 191 rius.
1013 164 1087 197 Quos
1116 163 1215 192 merito
1241 171 1309 192 sane
1329 163 1418 199 pusilli
1445 163 1538 197 nlmls,
1558 170 1590 191 ac
1614 171 1707 198 parum

72 206 269 244 συμϐουλεύειν
288 205 449 241 φθονοῦντες
463 205 642 233 διατελοῦσιν.
661 203 740 234 Οὗτοι
754 207 802 241 μὲν
815 205 862 234 οὖν

73 252 235 288 βοηθοῦντες
261 253 322 283 ταῖς
343 250 432 278 αὐτῶν
453 250 617 283 ἀσθενείαις,
642 251 689 278 καὶ
713 251 867 287 ῥᾳθυμίαις·

72 299 138 329 ῐσως
156 296 261 324 τοιαῦτ’
287 296 406 332 ἐροῦσιν.
430 295 502 330 Ἐγὼ
523 295 552 322 δὲ
573 295 660 325 οὕτως
687 297 731 323 ἐπ’
750 297 863 332 ἐμαυτῷ

74 345 146 380 μέγα
166 343 268 379 φρονῶ,
287 343 388 379 καίπερ
407 343 454 378 ἔτη
471 342 590 377 γεγονὼς
610 343 790 378 ὀγδοήκοντα,
816 344 863 370 καὶ

71 390 248 417 παντάπασιν
271 388 451 424 ἀπειρηκὼς,
491 387 562 414 ὥστε
593 385 670 422 οἶμαι
701 389 748 414 καὶ
775 388 863 422 λέγειν

71 435 134 470 ἐμοὶ
160 434 310 469 προσήκειν
334 433 452 468 μάλιστα
479 433 544 468 περὶ
569 433 682 465 τούτων,
704 433 750 459 καὶ
773 433 864 465 καλῶς

72 480 269 517 βεϐουλεῦσθαι
287 481 355 516 πρὸς
371 480 402 506 σὲ
418 479 578 514 ποιούμενον
601 479 665 509 τοὺς
679 479 774 513 λόγους
788 488 795 495 ·
817 480 864 506 καὶ

70 528 154 563 τυχδν
169 527 215 554 ὑπ’
229 527 320 554 αὐτῶν
331 525 496 561 γενήσεσθαι
509 533 535 552 τι
546 525 600 554 τῶν
617 525 740 553 δεόντων.
768 525 865 559 Ἡγοῦ-

72 582 123 607 μαι
142 572 171 599 δὲ
186 573 233 599 καὶ
247 573 311 604 τοὺς
325 571 423 602 ἄλλους
437 571 563 605 ἐλληνας,
586 571 609 597 εἰ
626 570 746 605 δεήσειεν
766 571 865 602 αὐτοὺς

70 619 101 652 ἐξ
125 619 255 646 ἁπάντων
284 617 444 650 ἐκλέξασθαι
463 617 510 643 τόν
533 625 563 643 τε
585 617 623 652 τῷ
640 616 711 652 λόγῳ
733 616 865 644 κάλλιστα

69 665 222 700 δυνηθέντα
244 664 436 699 παρακαλέσαι
452 662 516 694 τοὺς
540 662 656 698 ’ἐλληνας
677 663 723 689 ἐπὶ
746 662 795 698 τὴν
810 663 866 689 τῶν

71 710 221 747 βαρϐάρων
241 709 398 745 στρατείαν,
421 708 524 735 καὶτὸν
541 709 656 743 τάχιστα
672 708 803 743 μέλλοντα
816 707 866 740 τὰς

71 757 190 791 πράξεις
219 755 356 782 ἐπιτελεῖν
391 754 441 786 τὰς
474 755 626 789 συμφέρειν
652 753 767 787 δοξάσας
783 773 790 785 ,
815 753 866 780 οὐκ

70 805 104 831 ἂν
117 804 218 835 ἄλλους
232 803 291 830 ἀνθ’
310 802 388 837 ἡμῶν
402 801 595 838 προκριθῆναι.
612 801 667 828 Καί
683 809 724 828 τοι
745 800 804 832 πῶς
816 800 866 827 οὐκ

914 209 1002 236 virilis
1018 209 1105 236 animi
1125 217 1220 237 omnes
1242 217 1319 245 mque
1339 215 1487 243 censeant;
1513 211 1585 244 quod
1599 217 1629 237 se
1644 210 1705 244 phi-

914 254 1041 290 losophos
1053 255 1221 289 iactitantes,
1240 263 1292 283 non
1308 256 1395 283 solum
1424 257 1472 291 ipsi
1488 255 1578 290 parvis
1595 263 1610 282 e
1627 254 1707 282 rebus

914 300 1054 335 gloriolam
1071 301 1189 336 aliquam
1207 306 1352 334 vertentur,
1368 302 1415 328 sed
1441 302 1502 329 aliis
1522 309 1641 336 quoque,
1661 301 1707 335 qui

913 346 948 374 de
973 346 1120 381 majoribus
1133 348 1247 374 consilia
1266 355 1413 382 suggerere
1427 348 1541 382 possint,
1559 355 1612 374 non
1630 347 1706 374 desi-

914 397 980 420 nant
1002 393 1132 421 invidere.
1156 393 1244 428 Atque
1266 393 1304 420 illi
1329 394 1448 428 quidem,
1473 393 1650 421 imbecillitati
1680 398 1708 420 et

916 439 1031 474 ignavia:
1044 440 1227 473 obsequentes
1240 446 1295 467 sua:
1319 439 1384 466 talia
1402 439 1495 466 forsan
1511 439 1608 466 dicturi
1625 443 1706 466 sunt:

914 492 964 519 ego
982 492 1057 518 vero,
1081 492 1237 519 quanquam
1262 485 1458 519 octogesimum
1481 485 1536 519 jam
1565 488 1644 512 natus
1659 492 1709 511 an-

915 538 979 557 num
1001 530 1109 565 penitus
1133 530 1229 563 deieci,
1250 530 1393 565 magniﬁce
1419 535 1508 557 tamen
1529 529 1597 556 adeo
1613 530 1646 556 de
1661 537 1704 557 tne

914 574 1003 600 adhuc
1016 574 1114 605 sentin,
1129 578 1157 600 ut
1172 578 1264 608 putem
1278 581 1332 600 non
1352 578 1457 600 tantum
1483 573 1535 600 mei
1552 573 1594 600 vel
1609 573 1636 599 in
1651 573 1708 607 pri-

916 621 967 648 mis
983 620 1067 648 l'uisse
1087 621 1210 647 ruuueris
1224 621 1257 647 de
1275 620 1317 647 his
1333 620 1435 650 dicere.
1450 621 1498 647 sed
1513 619 1594 647 etiam
1616 623 1706 646 tecum

916 665 1019 701 agendo
1042 665 1172 700 praeclara
1196 665 1364 700 suggessisse
1390 664 1516 694 consilia.
1542 672 1574 692 ac
1592 663 1708 691 fortasse

915 718 965 745 per
980 712 1036 738 haec
1049 711 1140 746 aliqua
1158 716 1231 739 recte
1244 719 1305 739 esse
1323 711 1452 746 gerenda.
1472 710 1541 743 Quin
1555 715 1580 737 et
1593 716 1709 737 caeteros

916 763 966 790 ego
978 755 1088 783 Grtecos
1110 756 1247 788 existimo,
1270 756 1293 783 si
1320 763 1351 783 ex
1376 756 1449 782 omni
1465 763 1577 782 suorum
1594 762 1709 782 numero

917 801 1049 836 deligendi
1063 802 1130 837 ipsis
1145 807 1311 834 essent,cum
1322 802 1368 836 qui
1380 801 1489 829 Graecos
1503 805 1594 836 posset
1607 801 1710 836 optime

70 851 105 876 ἃν
131 849 248 884 αἰσχρὸν
267 849 442 884 ποιήσαιμεν,
469 846 555 879 οὕτως
576 846 695 882 ἐντίμων
715 846 811 877 ὄντων.
829 842 868 873 ὧν

923 847 1043 874 oratione
1054 854 1102 874 sua
1120 847 1235 875 incitare
1247 847 1280 874 ad
1297 848 1462 875 invadendos
1473 847 1543 874 bello
1559 846 1708 880 Barbaros,

70 896 193 927 ἅπαντες
208 895 241 922 ἂν
257 895 331 929 ἡμᾶς
341 893 502 927 ἀξιώσειαν;
521 894 552 920 τὸ
573 892 623 928 μὲν
646 891 694 920 οὖν
711 893 776 928 ὲμδν
790 893 869 919 ἔλατ-

69 942 117 969 τόν
133 944 212 969 ἐστιν
225 949 233 956 ³
252 940 444 976 ἀποφήνασθαι
457 939 512 975 γὰρ
525 939 545 967 ἃ.
558 940 689 974 γινώσκει
704 948 758 972 τις,
772 939 803 966 οὺ
816 939 871 967 πά-

71 996 102 1013 νυ
122 987 180 1013 τῶν
203 976 331 1021 χαὶξεπῶν
357 985 474 1019 πέφυκε.
496 984 544 1011 Σοὶ
562 984 591 1011 δὲ
622 985 758 1019 προσήκει
782 993 868 1019 προσ-

69 1032 162 1068 έχοντι
172 1031 219 1058 τὸν
230 1030 293 1057 νοῦν
302 1031 358 1061 τοῖς
370 1029 491 1064 ὑπ’ὲμοῦ
503 1029 661 1064 λεγομένοις
672 1029 869 1064 βουλεύσασθαι

68 1077 191 1112 ⁴ιιότερον
215 1073 399 1110 ὀλιγωρητέον
420 1073 480 1100 ἐστὶ
500 1072 556 1100 τῶν
571 1072 721 1107 έλληνικῶν
738 1073 870 1108 πραγμά-

70 1132 137 1153 των,
155 1121 282 1156 γεγονότι
301 1120 352 1155 μὲν
367 1120 461 1154 ὥσπερ
477 1119 561 1154 ὀλίγῳ
578 1119 711 1155 πρότερον
729 1118 784 1153 ἐγὼ
795 1119 870 1154 διῆλ-

70 1170 117 1196 θον
133 1177 141 1185 ·
169 1167 285 1203 ἡγεμόνι
305 1166 334 1193 δὲ
359 1165 576 1200 λακεδαιμονίων
601 1165 660 1191 δντι
679 1171 686 1179 ⁸
714 1164 819 1199 βασιλεῖ
841 1163 871 1190 δὲ

72 1213 341 1250 προσαγορευομένῳ
358 1220 366 1228 ·
388 1211 521 1246 μεγίστην
537 1211 566 1238 δὲ
581 1210 636 1237 τῶν
649 1211 768 1246 έλλήνων
781 1210 870 1245 ἔχοντι

72 1261 151 1293 δόξαν
167 1267 175 1275 ’
202 1260 220 1296 ἢ
239 1259 294 1286 τῶν
311 1258 361 1294 μὲν
390 1256 548 1284 ἐνεστώτων
588 1257 761 1292 πραγμάτων
786 1257 872 1292 ὑπερ-

73 1307 181 1337 οπτέον,
201 1305 309 1340 μείζοσι
324 1304 346 1330 ὃ·
361 1303 561 1340 ἐπιχειρητέον.
577 1302 648 1336 Ἐγὼ
669 1301 718 1337 μὲν
732 1302 787 1336 γάρ
799 1310 871 1336 φημι

73 1349 175 1385 χρῆναί
190 1357 221 1375 σε
235 1349 344 1375 πάντων
359 1348 496 1383 ἀφέμενον
509 1346 564 1373 τῶν
575 1347 673 1379 ἄλλων,
684 1347 757 1372 δυοῖν
766 1346 872 1373 τούτοιν

73 1396 222 1431 προσέχειν
235 1395 281 1421 τὸν
303 1394 365 1421 νοῦν
384 1402 391 1409 ·
407 1394 481 1425 ὅπως
499 1394 563 1425 τοὺς
587 1392 638 1427 μὲν
653 1392 769 1428 ἓλληνας
785 1392 872 1419 ἀπαλ-

72 1441 158 1476 λάξῃς
189 1441 244 1468 τῶν
274 1440 411 1475 πολέμων,
434 1439 484 1466 καὶ
502 1439 557 1465 τῶν
577 1439 665 1466 ἄλλων
687 1438 793 1469 κακῶν.
818 1438 873 1465 τῶν

73 1488 122 1514 νῦν
137 1488 233 1518 αὐτοῖς
263 1487 406 1522 παρόντων
420 1494 428 1502 ·
451 1486 516 1517 τοὺς
537 1485 565 1512 δὲ
588 1485 742 1521 βαρϐάρους
764 1485 872 1520 παύσῃς

73 1533 250 1569 ὑϐρίζοντας,
273 1533 362 1559 πλείω
376 1531 563 1566 κεκτημένους
589 1530 680 1564 ἀγαθὰ
710 1529 758 1556 τοῦ
787 1538 872 1565 προσ-

73 1581 201 1615 ήκοντος.
226 1579 271 1611 Ὠς
283 1579 306 1605 δ’
324 1578 382 1605 ἐστὶ
400 1578 488 1604 ταῦτα
505 1577 615 1609 δυνατὰ,
628 1577 694 1612 ἐμὸν
707 1576 787 1613 ἔργον
801 1576 872 1604 διδά-

74 1625 121 1657 ξαι
134 1625 200 1660 περὶ
214 1624 306 1652 αὐτῶν
320 1624 405 1651 ἐστίν.

74 1671 166 1712 bellis,
193 1679 226 1699 ac
252 1671 382 1702 miseriis.
404 1671 564 1705 quibuscum
589 1670 669 1698 bodte
690 1670 893 1702 conﬂictantur,

919 897 975 919 tum
1005 893 1051 926 qui
1081 893 1224 921 celerrime
1264 893 1399 921 conﬁcere
1420 898 1528 928 posset,
1559 900 1619 928 qua:
1659 894 1710 919 uti—

917 937 981 965 liter
995 940 1112 974 gerenda
1124 939 1290 973 viderentur,
1315 939 1403 967 nullos
1418 939 1530 967 omnino
1547 939 1615 966 alios
1632 938 1709 966 nobis

917 985 1121 1020 pmposituros.
1140 985 1174 1013 Et
1195 993 1261 1013 vero
1279 986 1414 1021 quomodo
1430 993 1483 1013 non
1515 985 1617 1020 alioqui
1637 987 1709 1011 ‘tur-

918 1038 979 1066 pem
993 1038 1106 1065 prorsus
1123 1038 1179 1059 rem
1200 1032 1442 1063 committeremus,
1472 1038 1534 1058 cum
1559 1029 1709 1057 honoriﬁca

920 1077 1011 1106 forent
1027 1078 1094 1105 adeo
1110 1078 1166 1110 illa,
1194 1078 1294 1113 quibus
1314 1085 1364 1105 nos
1376 1078 1496 1105 omnium
1508 1077 1612 1111 judicio
1627 1083 1710 1103 orna-

919 1124 1033 1150 remur?
1056 1123 1112 1150 Etsi
1137 1132 1152 1150 a
1174 1131 1217 1151 me
1236 1124 1307 1158 quod
1325 1124 1460 1158 prolicisci
1479 1128 1579 1158 potest,
1596 1121 1711 1150 minoris

920 1168 947 1196 id
961 1177 1027 1197 sane
1039 1170 1168 1197 momenti
1189 1175 1243 1203 est;
1262 1178 1323 1197 cum
1341 1178 1399 1197 non
1415 1170 1451 1196 ita
1466 1170 1551 1197 soleat
1575 1176 1636 1196 esse
1665 1176 1712 1195 ar-

920 1215 1013 1247 duum,
1029 1222 1105 1242 suam
1133 1215 1166 1242 de
1191 1222 1220 1243 re
1244 1215 1370 1250 quapiam
1392 1215 1556 1242 sententiam
1578 1214 1710 1249 proferre.

920 1259 988 1287 Cum
1011 1265 1086 1286 tuum
1104 1260 1139 1287 sit
1165 1261 1199 1287 ad
1217 1267 1247 1288 ea
1258 1262 1388 1293 animum,
1402 1268 1461 1295 quae
1476 1260 1555 1287 modo
1583 1259 1714 1286 iudicavi-

921 1312 992 1336 mns,
1025 1306 1210 1333 advertentem
1245 1305 1387 1340 dispicere,
1413 1305 1560 1333 Grmciaene
1593 1311 1639 1331 res
1665 1310 1714 1330 ue-

922 1350 1052 1385 gligenda:
1075 1351 1122 1378 tibi
1144 1352 1209 1383 sint,
1220 1359 1253 1378 eo
1274 1353 1345 1386 quod
1368 1351 1447 1386 paulo
1459 1355 1522 1378 ante
1544 1350 1598 1378 dixi
1615 1355 1716 1384 genere

924 1402 999 1429 uato,
1012 1396 1277 1424 Lacedaemoniorum
1289 1397 1361 1429 duci,
1377 1398 1432 1433 regi
1447 1404 1553 1432 quoque
1567 1395 1717 1427 declarato,

922 1446 950 1468 et
975 1442 1123 1469 maximum
1150 1443 1221 1470 inter
1245 1442 1354 1470 Grmcos
1370 1450 1467 1470 nomen
1496 1440 1652 1472 sustinenti,
1683 1447 1717 1466 an

926 1487 1015 1521 potius
1041 1489 1184 1521 prmsentia
1211 1488 1266 1515 sint
1289 1488 1439 1515 omittenda
1464 1487 1654 1521 negotia,quo
1671 1485 1716 1512 bis

928 1532 1032 1566 majora
1043 1533 1189 1568 suspicias.
1206 1532 1246 1560 De
1260 1533 1360 1568 quibus
1371 1540 1438 1560 sane
1451 1540 1502 1568 ego
1515 1532 1580 1559 illud
1615 1531 1714 1561 sentio.

927 1577 953 1604 in
967 1578 1024 1605 haec
1039 1578 1094 1606 duo
1108 1579 1289 1613 potissimum,
1301 1579 1407 1607 caeteris
1414 1579 1541 1606 omnibus
1551 1577 1719 1613 przetermis-

927 1624 975 1656 sis,
1012 1631 1072 1652 esse
1098 1625 1147 1652 tibi
1188 1625 1411 1659 incnmbendum,
1440 1630 1470 1652 ut
1501 1624 1609 1652 Grarcos
1643 1622 1721 1650 ltisce

922 1670 1021 1698 liberes
1039 1680 1048 1699 :
1069 1676 1151 1704 utque
1167 1672 1345 1699 barbarorum
1376 1678 1504 1699 coerceas
1536 1669 1720 1700 insolentiam,

75 1719 121 1752 qui
138 1719 194 1753 jam
223 1717 358 1753 pluribus,
381 1725 463 1752 quam
485 1724 532 1751 par
554 1717 600 1750 sit,
622 1716 702 1744 bonis
721 1715 869 1744 abundant.
885 1715 913 1744 ld
929 1723 1021 1745 autem
1036 1717 1148 1745 conﬁeri
1168 1725 1258 1753 posse,
1275 1725 1351 1746 meas
1375 1722 1467 1753 partes
1480 1716 1546 1744 duxi
1563 1721 1721 1744 commone-

75 1765 178 1794 facere.

434 1809 496 1837 ΡΞ¹.

75 1859 220 1892 Χορικιου
233 1856 384 1892 Σοφιστοῦ
392 1857 477 1891 λόγοι
487 1855 636 1890 διάφοροι,
647 1855 697 1892 καὶ
708 1856 880 1892 "parentat;

115 1890 389 1927 σοφιστοῦνΓάζης
409 1892 525 1926 στίχων
544 1890 706 1926 Ὁμηρικῶν
725 1891 881 1926 Μεταφρά-

114 1937 194 1960 σεις.

113 1974 181 2011 [536
198 1973 425 2010 Ιί.]“Ανεγνὼσθη
435 1973 564 2010 Χορικίου
578 1972 705 2008 σοφιστοῦ
716 1972 806 2007 Γάζης
819 1974 876 2000 Ms-

78 2022 165 2048 λέται
177 2020 227 2047 καὶ
238 2020 402 2053 Συντάξεις
411 2020 512 2055 λόγων·
525 2019 672 2054 διάφοροι,
689 2016 773 2051 Οὗτος
789 2019 880 2054 χαίρει

82 2067 135 2101 μὲν
146 2066 290 2101 εὐκρινείᾳ
312 2067 359 2093 καὶ
376 2065 555 2102 καθαρότητι,
574 2068 613 2098 είς
635 2065 666 2092 τὸ
691 2066 829 2101 χρήσιμον
851 2065 880 2091 δὲ

82 2113 131 2139 καὶ
153 2113 188 2147 τῇ
212 2111 344 2147 περιϐολῇ
367 2112 537 2148 κεχρημένος
558 2111 598 2148 τῷ
629 2120 658 2138 τε
689 2112 812 2146 εὐκαίρῳ
832 2111 880 2137 καὶ

1290 1807 1370 1836 CLX.

930 1853 1046 1890 Cboricii
1062 1853 1193 1890 Sept-istm
1211 1853 1416 1880 declamationes
1439 1853 1530 1890 erigite,
1556 1857 1582 1890 et
1601 1851 1724 1885 Procopii

1002 1889 1022 1917 C
1026 1890 1091 1917 ιιιωὶ
1099 1886 1131 1916 Ἠ
1136 1890 1309 1917 omericorum
1325 1897 1447 1915 versuum
1460 1886 1567 1922 Metaph
1571 1896 1652 1914 roses.

965 1968 1055 1997 Lectae
1066 1972 1132 1996 sunt
1148 1967 1269 1995 Cboricii
1287 1966 1424 2002 Sopltistae
1437 1966 1528 1994 Gazazl
1544 1965 1725 1994 Declamatio-

934 2025 978 2043 tres
1009 2015 1214 2048 Orationumque
1239 2013 1336 2041 claues
1365 2014 1448 2040 variis
1471 2012 1538 2048 (65).
1563 2012 1668 2040 Gattdet
1682 2013 1726 2040 hic

934 2065 1062 2089 accurata
1074 2060 1247 2088 distinctione
1269 2063 1350 2095 atque
1370 2059 1491 2094 puritate
1507 2067 1514 2085 :
1531 2066 1563 2085 ac
1580 2059 1601 2085 si
1617 2058 1726 2092 quando

936 2107 1061 2135 utilitatis
1080 2106 1194 2141 alicujus
1217 2105 1303 2140 gratia
1317 2105 1399 2132 etiam
1419 2104 1657 2131 circtnnductioue
1674 2103 1727 2130 uti-

82 2158 122 2194 τῷ
132 2158 158 2173 ⁸⁵
176 2157 214 2193 μὴ
228 2159 269 2189 εἰς
281 2158 369 2193 μῆκος
385 2158 510 2194 περιόδου
528 2158 631 2192 ταύτην
645 2157 823 2193 παρατείνειν
836 2157 866 2183 οὺ

937 2159 988 2187 tur,
1030 2158 1084 2179 tam
1116 2160 1176 2179 eam
1216 2156 1368 2186 opportune
1404 2149 1526 2183 adhibet,
1557 2149 1584 2176 in
1620 2149 1726 2184 periodi

82 2205 127 2231 δὲν
153 2206 187 2240 τῇ
206 2204 342 2240 σαφηνείᾳ.
369 2204 541 2239 λυμαίνεται,
562 2204 622 2239 ἤθει
646 2212 675 2230 τε
698 2203 746 2230 καὶ
769 2202 871 2237 ἀληθείς

936 2199 1132 2234 longitudinem
1151 2205 1323 2232 nequaquam
1338 2195 1518 2227 excurrendo,
1533 2195 1601 2222 nihil
1617 2200 1647 2222 ut
1663 2202 1725 2229 per-

84 2251 293 2287 συγκὲκραται,
316 2250 376 2276 οὐδὲ
406 2250 456 2284 τῆς
485 2249 693 2285 γνωμολογικῆς
716 2247 739 2265 ⁸⁵
765 2247 871 2282 σπουδῆι

933 2244 1104 2280 spicuitatctn
1123 2243 1211 2270 laedat.
1228 2242 1318 2269 Mitior
1333 2242 1396 2269 item
1423 2241 1537 2268 alTectus
1551 2241 1622 2276 apttd
1640 2242 1726 2274 ipsum

84 2297 263 2332 ἁποχῶνρἮ
278 2296 308 2323 δέ
322 2305 355 2329 γε
371 2296 442 2329 λέξις
456 2295 531 2330 αὐτῷ
547 2295 602 2321 τῶν
619 2294 739 2328 λογάδων
751 2293 818 2329 [175
834 2293 866 2320 H.

934 2291 1044 2325 egregio
1065 2291 1185 2318 candore
1210 2293 1388 2323 temperatur,
1407 2295 1494 2322 neque
1520 2292 1609 2314 tamen
1626 2287 1686 2313 ideo
1711 2295 1726 2313 a

84 2342 155 2369 οὖσα
172 2343 201 2369 έν
221 2341 330 2373 πολλοῖς
344 2342 394 2367 οὐκ
407 2341 451 2367 ἀεὶ
467 2341 497 2367 τὸ
510 2340 621 2376 γνήσιον
632 2339 726 2366 διώκει
743 2347 751 2354 ·
764 2339 821 2365 ἐσθ’
836 2338 871 2365 ὅτι

935 2338 1014 2364 docta
1033 2336 1135 2363 recedit
1150 2335 1303 2369 diligentia.
1328 2333 1443 2361 Selectis
1462 2334 1547 2359 utitur
1570 2332 1729 2367 plerumque

86 2389 141 2425 γὰρ
156 2389 201 2416 διὰ
224 2387 275 2423 τὴν
297 2388 418 2422 ἄκρατον
433 2386 483 2421 τῆς
504 2386 610 2422 τροπῆς
632 2386 655 2402 ⁸⁸
681 2384 819 2420 ἐκτροπὴν
841 2385 866 2411 εί

938 2382 1060 2415 vocibus,
1073 2381 1126 2409 ctsi
1148 2389 1201 2407 non
1217 2387 1325 2414 semper
1339 2378 1486 2414 genuinum
1509 2377 1561 2405 illae
1576 2385 1654 2404 suum
1672 2385 1732 2404 scr—

85 2434 272 2471 ψυχρολογίαν
283 2434 422 2461 ἐκπίπτει.
438 2433 492 2459 Καὶ
506 2432 574 2468 πρὸς
586 2432 617 2458 τὸ
629 2431 844 2466 ποιητικώτερον
858 2430 886 2456 δὲ

88 2482 164 2508 ἔστιν
187 2477 219 2507 οὗ
248 2479 452 2515 παρασύρεται.
478 2479 623 2514 Χρήσιμος
648 2477 677 2504 δέ
702 2478 778 2503 ἐστιν
804 2476 889 2508 αὐτὸς

89 2526 188 2554 ἑαυτοῦ
211 2527 312 2561 μᾶλλον
341 2525 491 2560 ἐκφράσεις
515 2524 563 2550 καὶ
590 2523 717 2559 ἐγκώμια
743 2521 887 2557 διερχόμε-

939 2434 1002 2455 vent
1026 2436 1114 2455 usum.
1141 2426 1277 2454 Interdum
1296 2426 1367 2452 enim
1393 2425 1428 2453 ob
1458 2425 1556 2451 nudum
1584 2423 1733 2458 ﬁgurarum

939 2474 1116 2502 deﬂexinncm
1139 2474 1165 2500 iu
1192 2472 1318 2504 frigidam
1342 2471 1436 2498 incidit
1460 2470 1624 2497 dictionem:
1651 2474 1735 2497 etest

941 2521 987 2548 ubi
1012 2521 1059 2548 ad.
1075 2519 1211 2554 poeticum
1234 2518 1324 2552 potius
1345 2517 1446 2552 stylqu
1472 2516 1619 2544 delabitur.
1644 2514 1733 2542 Vincit

941 2571 1031 2593 autem
1049 2565 1180 2599 seipsum,
1198 2563 1422 2599 prastautiorque
1439 2568 1493 2595 est,
1507 2564 1570 2589 dum
1591 2563 1616 2589 iu
1631 2562 1732 2589 descri~

945 2612 1085 2647 ptiouibus
1100 2620 1133 2639 ac
1147 2610 1349 2638 laudationibus
1358 2615 1492 2638 versatur.
1505 2609 1654 2644 Religionis
1669 2608 1732 2638 item

90 2583 135 2606 νος
148 2575 184 2601 ³⁷.
203 2574 280 2600 Ἐστι
293 2573 322 2599 δὲ
334 2573 381 2600 καὶ
393 2573 443 2607 τῆς
457 2571 600 2602 εὐσεῦεἱας
617 2570 748 2606 ἐραστὴς,
769 2570 803 2595 τὰ
818 2569 889 2603 Χρι-

91 2619 210 2647 στιανῶν
237 2619 321 2655 ὀργια
349 2619 397 2646 καὶ
422 2618 526 2653 τεμένη
549 2616 638 2653 τιμῶν
654 2624 661 2632 ·
687 2615 758 2650 πλὴν
776 2615 825 2642 οὐκ
840 2611 888 2640 οἷδ’

756 2684 875 2714 νΛῐὶΙΔΕ
895 2683 1096 2712 LEGTIONES.

126 2736 153 2755 ⁸⁸
167 2736 207 2773 τῷ
222 2741 282 2771 post
293 2736 342 2762 καὶ
355 2743 411 2764 om.
422 2737 454 2763 Δ.
493 2735 516 2751 ⁸⁵
531 2731 704 2770 γνωμωικῆς
716 2732 736 2760 G
748 2740 780 2764 ς.
816 2730 839 2747 ⁸⁵
851 2729 1008 2765 προτροπῆς
1021 2736 1051 2761 ς.
1090 2727 1112 2745 ⁸⁷
1128 2726 1330 2763 διεξερχόμενος
1348 2735 1379 2759 ς.

840 2785 957 2814 NOTAE.

131 2840 189 2876 (63)
217 2839 362 2872 Συντάξεις
376 2840 468 2876 quales
486 2847 546 2866 mox
563 2840 682 2873 quinque
697 2839 885 2864 numerantur.
