1938 3091
85 111 141 144 H5

640 119 903 155 BIBLIOTHECA.
918 136 954 142 —
969 124 1052 157 COD.
1071 126 1171 159 CLXI.

1671 130 1724 165 446

84 166 216 203 δευτέρου
230 167 312 202 λόγου
321 167 376 196 τῶν
386 169 409 186 ’⁷
424 170 494 204 Περὶ
512 172 660 207 γραφικῆς
675 174 755 205 Ἰόϐα.
769 175 818 202 καὶ
830 176 879 212 μὴν

936 186 1000 207 vero
1016 181 1098 208 etiam
1119 189 1151 209 ex
1167 181 1290 211 Athenaei
1307 182 1472 213 Naucratitte
1484 185 1532 213 lilii
1549 186 1725 223 Dipnocoplti-

86 214 135 240 καὶ
150 213 174 229 ³⁸
190 214 224 240 ἐκ
237 214 295 241 τῶν
314 215 460 252 Ἀθηναίου
483 217 531 244 τοῦ
549 218 742 256 Ναυκρατίτου
764 223 885 250 Δειπνο-

88 260 259 294 σοφιστῶγ.
273 261 330 288 Καὶ
340 263 354 288 ό
371 262 420 298 μὲν
431 262 540 299 πρῶτος
550 263 630 299 λόγος
639 266 671 293 ὲκ
680 266 783 295 τούτων
791 269 885 305 ἡθροί-

87 306 139 342 σθη
154 307 203 333 καὶ
220 307 285 334 τάδε
300 309 512 345 περιλαμϐάνει.

130 352 160 379 ’0
188 353 218 380 δὲ
240 353 366 390 δεύτερος
393 355 425 382 ἐκ
451 365 481 383 τε
503 356 558 384 τῶν
573 357 715 394 Σωτηρίδα
735 360 884 397 Παμφίλης

91 398 262 434 Ἐπιτομῶν
277 400 387 436 πρώτου
412 401 492 437 λόγου
520 405 568 431 καὶ
593 405 712 441 καθεξῆς
728 407 809 442 μέχρι
835 407 883 434 τοῦ

84 444 215 478 δεκάτου,
224 446 272 473 καὶ
281 445 306 482 [1
312 446 346 474 '16
357 446 393 483 ll]
406 448 439 475 ικ
452 448 508 476 τῶν
520 449 692 486 ’Δρτίμωνος
702 451 750 478 τοῦ
768 452 884 489 Μάγνη-

84 498 133 523 τος
153 490 217 518 Τῶν
228 491 293 519 κατ’
307 492 420 527 ἀρετὴν
434 495 554 529 γυναιξὶ
569 498 883 533 πεπρωτματευμένων

84 536 289 572 διηγημάτων,
301 538 342 565 ἔτι
351 538 380 566 δὲ
395 539 444 567 καὶ
460 540 493 568 lx
505 540 560 568 τῶν
572 543 715 577 Διογένους
729 542 776 571 τοῦ
796 544 882 572 κυνι-

84 582 138 610 κοῦ
158 583 420 619 Ἀποφθσγμάτων,
437 586 486 615 καὶ
506 586 560 622 μὴν
576 587 625 616 καὶ
641 587 671 622 ἑξ
685 588 774 616 ἄλλων
785 589 883 625 διαφό-

87 638 154 664 ρων,
171 629 240 657 ἀλλά
253 638 286 664 γε
302 631 350 658 καὶ
360 631 415 659 ἀπὸ
426 632 519 667 ὀγδόου
529 633 611 668 λόγου
627 635 651 651 ⁸⁵
666 635 717 670 τῆς
731 635 861 670 Σαπφοῦς
871 643 881 653 “

85 676 115 702 ὲν
129 673 170 708 οἷς
184 676 234 703 καὶ
246 677 263 712 ή
284 676 401 713 δευτέρα
416 677 509 713 βίϐλος
523 679 578 707 τῶν
592 679 740 715 συλλόγων.

127 767 159 794 ’0
174 767 204 795 δὲ
220 768 313 805 τρίτος
331 769 411 803 λόγος
429 770 588 805 συλλέγεται
610 772 685 808 αὐτῷ
700 774 732 800 ἐκ
756 773 805 809 τῆς
826 774 880 800 Φα-

84 813 204 849 ϐωρίνου
220 815 419 851 Παντοδαπῆς
430 817 521 850 Ὕλης
535 817 555 850 ί,
572 817 606 845 ἐκ
621 827 651 845 τε
668 819 715 846 τοῦ
728 829 742 846 ν
758 820 805 847 καὶ
813 820 860 847 τοῦ
869 822 880 837 ³

85 860 162 892 Erat
191 861 318 896 καθεξῆς.
335 862 404 898 πλὴν
428 863 476 890 τοῦ
491 873 517 896 τ,
543 864 625 901 μέχρι
656 865 703 892 τοῦ
722 875 754 900 ω,
781 867 810 894 ἐν
836 865 877 900 οἷς

83 906 211 941 διάφοροι
226 907 343 942 ἱστορίαι
357 909 406 936 καὶ
422 910 477 936 τῶν
493 911 564 938 κατὰ
581 912 616 938 τὰ
639 912 760 947 ὀνόματα
778 913 881 942 θέσεων

84 951 248 986 αἰτιολογίαι
266 954 314 980 καὶ
338 954 452 982 τοιαῦτα
475 955 558 992 ἕτερα
570 965 578 973 ·
599 958 640 989 είς
655 958 673 986 ἃ.
686 959 733 986 καὶ
752 960 767 985 ό
787 960 881 996 τρίτος

83 997 159 1032 αὐτῷ
173 999 389 1034 συμπεραίνεται
405 1001 493 1036 λόγος.

123 1042 158 1069 '0
171 1043 200 1070 δὲ
215 1043 347 1080 τέταρτος
361 1046 436 1082 αὑτῷ
449 1047 528 1081 λόγος
544 1048 576 1075 ἐκ
590 1057 620 1075 τε
631 1049 820 1085 ἀνεπιγράφου
833 1051 882 1079 αὑ-

82 1090 122 1125 τῷ
138 1089 245 1125 βιϐλίου
259 1092 441 1129 συνηθροίσθη
457 1095 632 1129 (Θαυμάτων
649 1096 679 1123 δὲ
706 1097 788 1132 μόνον
817 1099 880 1125 επι-

83 1137 222 1172 γράφεται
235 1139 399 1174 Σιινιιγωγὴ
407 1139 437 1166 τὸ
452 1139 517 1176 [540
532 1141 580 1177 R.]
596 1142 710 1178 βιϐλίον)
722 1144 769 1170 καὶ
779 1145 811 1171 ἐκ
827 1145 882 1172 τῶν

81 1182 129 1209 τοῦ
154 1184 342 1218 Ἀριστοξένου
368 1187 546 1221 Συμμίκτων
575 1189 881 1224 ὑπομνημάτων,οὐκ

83 1230 115 1256 ὲκ
132 1230 246 1257 πάντων
265 1231 305 1264 δὲ,
325 1232 383 1259 ἀλλ’
398 1233 430 1260 ἐκ
454 1242 486 1268 γε
509 1234 557 1261 τοῦ
583 1235 781 1263 ἐκκαιδεκάτου
801 1237 880 1271 λόγου

84 1276 180 1310 μόνου,
195 1277 244 1304 καὶ
258 1278 291 1304 ὲκ
306 1278 353 1305 τοῦ
367 1279 461 1314 ὀγδόου
474 1280 555 1315 λόγου
571 1282 621 1317 τῆς
638 1282 649 1298 ³
671 1283 788 1318 Ῥούφου
804 1286 877 1318 Δρα-

81 1323 214 1358 ματικῆς
243 1326 397 1360 ἱστορίας·
414 1324 455 1358 οἷς
479 1327 620 1363 παράδοξά
643 1337 673 1356 τε
690 1331 738 1357 καὶ
760 1331 882 1359 ἀπίθανα

83 1369 204 1402 μάλιστα
217 1370 321 1397 ἔνεστιν
332 1371 343 1387 ⁸
356 1371 458 1407 εὑρεῖν,
473 1372 520 1399 καὶ
542 1374 691 1409 τραγῳδῶν
708 1375 755 1402 καὶ
777 1384 879 1411 κωμῳ-

82 1414 135 1442 δῶν
161 1416 331 1452 διαφόρους⁵
358 1418 472 1454 πράξεις
503 1427 533 1446 τε
559 1420 607 1447 καὶ
622 1420 718 1454 λόγους
735 1422 787 1448 καὶ
817 1423 882 1449 ἑπι-

82 1461 254 1497 τηδιύματα,
268 1463 315 1490 καὶ
340 1464 444 1491 τοιαῦθ’
457 1465 552 1501 ἕτερα.
576 1465 646 1493 Ἀλλ’
663 1467 692 1493 ὲν
707 1467 814 1500 τούτοις
831 1468 882 1504 μὲν

82 1508 130 1535 καὶ
159 1508 174 1534 ό
194 1508 337 1544 τέταρτος.

126 1553 156 1580 '0
175 1554 205 1580 δὲ
231 1554 358 1589 πέμπτος
380 1555 526 1589 σύγκειται
539 1556 616 1593 αὐτῷ
632 1557 665 1584 ἐκ
682 1566 713 1584 τε
728 1558 778 1593 τῆς
799 1557 878 1585 Ῥού-

83 1607 135 1633 φου
151 1599 311 1634 Μουσικῆς
337 1600 486 1635 Ἱστορίας
506 1602 618 1637 πρώτου
632 1604 680 1630 καὶ
692 1603 818 1639 δευτέρου
829 1604 879 1632 καὶ

82 1645 178 1680 τρίτου
195 1645 300 1680 βιϐλίου
310 1643 332 1680 ᾧ
346 1648 487 1682 τραγικῶν
503 1657 535 1675 τε
547 1650 594 1676 καὶ
605 1650 737 1685 κωμικῶν
749 1651 878 1687 ποικίλην

83 1690 207 1725 ἱστορίαν
220 1691 347 1726 εὑρήσεις
356 1700 363 1706 ·
376 1692 407 1719 οὐ
423 1693 504 1728 μόνον
516 1694 526 1709 ⁸
539 1694 578 1726 δὲ,
595 1694 663 1721 ἀλλὰ
677 1697 724 1722 καὶ
745 1695 880 1732 διθυραμ-

82 1735 206 1762 ϐοποιῶν
229 1745 258 1763 τε
278 1737 326 1764 καὶ
349 1738 473 1773 αὐλητῶν
491 1740 540 1767 καὶ
551 1741 712 1777 κιθαρῳδῶν
724 1763 731 1775 ,
745 1743 878 1771 ἐπιθαλα-

84 1782 155 1817 μίων
180 1791 210 1809 τε
229 1782 307 1818 ᾠδῶν
319 1784 368 1810 καὶ
382 1784 521 1820 ὑμεναίων
536 1787 584 1813 καὶ
600 1788 802 1823 ὕποχρημάτων
823 1791 878 1825 ὰφ-

81 1827 196 1862 ήγησιν,
209 1827 275 1863 περί
289 1837 319 1854 τε
332 1830 472 1865 ὀρχηστῶν
484 1832 531 1858 καὶ
541 1832 595 1859 τῶν
610 1833 698 1861 ἄλλων
710 1834 765 1862 τῶν
778 1836 807 1862 ἐν
822 1837 878 1868 τοῖς

87 1873 260 1909 Ἑλληνικοῖς
280 1875 408 1911 θεάτροις
436 1877 658 1913 ἀγωνιζομένων,
685 1881 748 1907 ὅθεν
778 1889 809 1908 τε
829 1881 878 1909 καὶ

82 1920 158 1951 ὅπως
179 1921 205 1947 οἱ
233 1921 337 1948 τούτων
354 1922 401 1949 ἐπὶ
427 1923 501 1957 μέγα
529 1924 608 1956 κλέος
623 1926 690 1961 παρ’
704 1927 798 1958 αὐτοῖς
813 1927 878 1954 ἀνα-

81 1965 236 2000 δραμόντες
257 1967 414 2001 γεγόνασιν,
426 1969 482 1995 εἴτε
498 1968 613 2005 ἄρρενες
626 1970 683 1997 εἴτε
694 1972 742 1998 καὶ
756 1973 806 2008 τὴν
830 1973 878 2009 θή-

81 2011 158 2038 λειαν
172 2011 256 2045 φύσιν
284 2012 524 2048 διεκληρώσαντο·
556 2016 629 2048 τίνες
654 2026 684 2044 τε
717 2018 797 2046 τίνων
817 2021 878 2047 ἐπι-

80 2056 263 2092 τηδευμάτων
276 2058 348 2093 ἀρχὴ
366 2059 581 2096 διεγνὼσθησαν,
600 2061 647 2088 καὶ
661 2062 765 2090 τούτων
777 2063 806 2091 δὲ
833 2065 876 2091 τί-

81 2110 126 2133 νες
140 2102 280 2137 τυράννων
295 2103 311 2138 ἢ
327 2103 460 2138 βασιλέων
475 2106 589 2141 ἐρασταὶ
605 2108 652 2134 καὶ
672 2108 745 2143 φίλοι
759 2110 876 2144 γεγόνα-

82 2153 126 2172 σιν
143 2153 151 2161 ·
171 2146 202 2172 οὖ
220 2147 274 2182 μὴν
288 2147 357 2174 ἀλλὰ
372 2149 421 2175 καὶ
445 2150 519 2183 τίνες
533 2160 565 2178 τε
575 2153 599 2178 οἱ
612 2153 718 2187 ἀγῶνες
735 2154 783 2181 καὶ
797 2155 874 2188 ὅθεν,

934 227 992 253 stis.
1014 226 1049 254 Et
1069 235 1102 254 ex
1121 228 1163 256 his
1187 229 1296 264 quidem
1325 231 1430 264 primus
1454 232 1522 260 liber
1545 234 1724 268 compositus,

935 273 1159 308 tantumdemque
1175 276 1389 311 comprehendit.

968 364 1055 392 Aliter
1068 365 1166 394 deinde
1182 365 1252 394 liber
1268 375 1283 395 e
1300 367 1453 404 Pamphiles
1464 369 1519 406 (τι)
1530 370 1662 400 Soteridze
1676 372 1723 402 lilii

934 409 1119 446 Epitamarum
1131 412 1203 440 libro
1224 413 1324 448 primo,
1340 422 1372 442 ac
1383 415 1513 450 deinceps
1534 417 1568 444 ad
1588 418 1723 447 decimum

933 464 1029 493 usque,
1039 463 1067 486 et
1078 467 1111 487 ex
1125 459 1280 487 Artemonis
1305 461 1439 495 Magnetis
1454 462 1500 490 lilii
1516 462 1722 493 Narrationiblts

933 503 966 531 da
981 509 1050 532 recte
1067 504 1147 538 factis
1165 505 1316 534 mulierum.
1332 508 1372 535 Ad
1394 508 1451 535 hac
1468 509 1549 536 etiam
1566 517 1581 538 e
1598 509 1723 545 Diogenis

932 550 1028 586 Cynici
1044 551 1414 589 Apophthegmatis,aliisqtte
1428 554 1552 583 diversis.
1563 556 1633 590 Quin
1647 561 1675 585 et
1689 564 1724 584 ex

932 602 1029 625 octavo
1040 597 1110 627 libro
1121 597 1257 634 Sapphus.
1269 600 1334 634 Qua:
1348 601 1459 629 secundi
1471 595 1537 630 libri
1558 602 1723 632 collectanea

970 777 1064 813 103!)
1084 777 1193 806 Tertius
1218 783 1273 806 tum
1299 778 1368 807 liher
1401 779 1501 814 legitur
1525 788 1559 808 ex
1574 780 1721 817 Omnigemt

933 823 1058 851 Favorini
1076 823 1150 851 Silva
1169 824 1237 860 (75),
1254 831 1287 852 ex
1308 826 1376 860 ejus.
1393 826 1514 860 inquam,
1529 826 1562 859 Ν,
1577 826 1607 859 Ξ.
1629 833 1656 855 et
1677 836 1722 855 or-

932 869 994 897 dine
1020 871 1214 904 sequentibus,
1243 878 1297 898 uno
1321 877 1435 907 excepto
1462 872 1495 905 Τ,
1520 880 1606 908 usque
1632 873 1664 901 ad
1689 874 1721 900 Ω.

932 916 1019 944 Variae
1040 918 1083 945 hic
1097 917 1246 945 atteruntur
1269 919 1400 951 historias,
1421 924 1448 946 et
1467 920 1656 954 impositorum
1673 929 1723 948 no-

932 964 1035 991 miuum
1056 964 1186 997 rationes,
1205 970 1287 1000 atque
1307 965 1333 993 id
1356 974 1439 1000 genus
1461 967 1524 1001 alia,
1540 967 1565 994 iu
1581 975 1642 1002 qum
1659 971 1722 994 ter-

933 1011 986 1038 tius
1000 1010 1102 1039 desiuit
1118 1012 1195 1039 liber.

967 1057 1087 1090 Quartus
1103 1063 1193 1084 autent
1215 1065 1249 1085 ex
1265 1057 1360 1084 incerti
1388 1058 1507 1085 auctoris
1526 1057 1595 1085 libro
1612 1058 1721 1086 concin-

931 1108 1022 1136 natus,
1036 1103 1113 1137 cujus
1126 1103 1220 1130 titulus
1233 1108 1274 1130 est
1287 1112 1294 1130 :
1307 1103 1531 1130 Admiraudorum
1543 1104 1720 1138 Collectanea,

931 1155 958 1178 et
971 1157 1004 1178 ex
1019 1150 1176 1178 Aristoxeni
1195 1149 1251 1185 (76)
1268 1149 1497 1177 Miscelluneorum
1513 1149 1720 1183 commentariis,

931 1203 964 1223 ac
993 1204 1026 1224 ne
1052 1196 1086 1224 iis
1115 1196 1225 1231 quidem
1254 1196 1390 1228 omnibus,
1412 1197 1458 1224 sed
1483 1204 1498 1224 a
1521 1197 1625 1224 decimo
1642 1203 1720 1225 sexto

931 1243 1063 1270 duntaxat
1087 1242 1167 1275 libro,
1189 1246 1271 1276 atque
1295 1249 1328 1269 ex
1354 1247 1449 1270 octavo
1473 1242 1542 1270 libro
1560 1242 1632 1275 Ruti,
1651 1242 1720 1270 Dra-

930 1289 1035 1316 maticte
1056 1288 1196 1316 Historiae.
1220 1287 1270 1315 Hic
1292 1288 1460 1316 incredibilia
1480 1293 1561 1323 atque
1581 1289 1718 1324 inopinata

931 1334 1049 1360 maxime
1069 1330 1200 1368 reperias,
1217 1338 1314 1361 etcum
1335 1334 1530 1368 tragmdorum,
1546 1339 1601 1361 tum
1619 1341 1720 1362 coma:-

931 1379 1027 1406 dorum
1047 1379 1121 1407 varia
1139 1384 1227 1414 gesta,
1243 1386 1394 1412 sermones,
1411 1380 1528 1415 vitaaque
1545 1380 1677 1412 instituta,
1693 1385 1721 1408 et

930 1423 1040 1458 similia,
1058 1432 1091 1453 ex
1108 1424 1208 1460 quibus
1224 1429 1340 1460 quartus
1356 1425 1424 1453 liber
1441 1425 1595 1454 conﬁcitur.

966 1557 1083 1591 Quintus
1104 1563 1170 1584 vero
1191 1556 1324 1585 collectus
1344 1564 1360 1584 e
1384 1556 1446 1584 Rufi
1469 1555 1582 1585 Muticw
1604 1557 1721 1585 historiae

929 1603 1007 1631 libris
1034 1602 1132 1638 primo,
1157 1602 1289 1635 secundo,
1310 1606 1339 1630 et
1360 1603 1450 1636 tertio,
1475 1602 1519 1630 ubi
1544 1604 1720 1638 tragicorum,

929 1657 960 1676 ac
974 1650 1143 1677 comicorum
1168 1650 1270 1677 variam
1292 1649 1412 1677 invenies
1433 1648 1585 1677 historiam.
1603 1649 1672 1683 Quin
1693 1654 1721 1677 et

928 1696 1117 1732 dithyrambos
1132 1696 1310 1724 scribentium
1322 1717 1330 1730 ,
1346 1701 1373 1724 et
1392 1696 1563 1724 aulaedorum
1583 1704 1615 1724 ac
1632 1697 1720 1724 cilltu-

928 1744 1078 1777 rt'etlortun,
1096 1742 1388 1778 epithalamiorumque
1403 1743 1566 1776 carminum,
1580 1748 1608 1771 et
1627 1743 1720 1779 hyme-

928 1797 1061 1822 umorum,
1079 1794 1160 1824 atque
1183 1789 1381 1817 cantilenarum
1405 1789 1432 1816 in
1451 1789 1550 1816 chorea
1573 1796 1718 1816 enumera-

927 1835 1039 1862 tionem.
1056 1834 1120 1862 ltem
1137 1835 1170 1862 de
1184 1834 1370 1866 saltatoribus,
1386 1834 1502 1870 aliisque
1520 1835 1545 1862 in
1560 1833 1718 1862 Gra'corum

929 1882 1045 1909 theatris
1065 1882 1174 1909 usitatis
1191 1880 1399 1909 certaminibus.
1420 1881 1496 1909 Unde
1515 1881 1590 1914 item,
1613 1885 1641 1908 et
1665 1888 1719 1915 quo

928 1935 1028 1962 genere
1040 1928 1095 1955 nati
1109 1927 1221 1960 fuerint,
1232 1927 1277 1961 qui
1294 1927 1364 1962 apud
1379 1927 1452 1962 ipsos
1463 1926 1513 1953 viri
1526 1926 1583 1954 sive
1599 1926 1717 1959 retnlum,

926 1975 959 2002 ad
969 1981 1107 2002 summum
1123 1974 1150 2001 in
1167 1974 1209 2001 his
1220 1974 1302 2002 decus
1313 1972 1625 2009 pervenerunt.Quinam
1636 1973 1716 2000 etiam

926 2020 1095 2055 singulorum
1119 2023 1247 2048 auctores
1266 2026 1298 2047 ac
1316 2020 1454 2055 principes
1471 2019 1621 2047 studiorum
1633 2019 1728 2053 exstiti

926 2066 1010 2094 terint
1026 2073 1034 2094 :
1052 2070 1078 2094 et
1100 2065 1146 2100 qui
1164 2066 1261 2093 horum
1279 2065 1388 2101 regibus
1402 2069 1449 2092 aut
1464 2065 1672 2100 imperatoribus
1687 2065 1715 2092 in

926 2112 1041 2144 deliciis,
1057 2117 1085 2139 et
1100 2111 1181 2139 amici
1199 2111 1311 2140 fuerint.
1327 2111 1384 2139 lloc
1405 2111 1530 2146 amplius,
1545 2112 1590 2146 qui
1608 2111 1673 2143 ludl,
1686 2116 1714 2138 et

928 2157 1012 2190 unde,
1031 2156 1057 2183 in
1075 2157 1173 2191 quibus
1190 2160 1276 2184 artem
1297 2157 1413 2192 quisque
1431 2164 1508 2184 suam
1528 2157 1656 2184 ostendit.
1681 2156 1717 2184 De

80 2191 110 2238 εν
124 2188 167 2223 οἷς
181 2191 299 2225 ἕκαστος
310 2193 345 2220 τὰ
359 2194 410 2229 τῆς
426 2196 526 2232 τέχνης
538 2198 722 2226 ἐπεδείκνυτο.
737 2201 793 2227 Καὶ
807 2202 873 2237 περὶ

934 2188 1008 2231 testis
1021 2188 1130 2238 quoque
1141 2203 1249 2234 diebus,
1265 2188 1314 2238 qui
1334 2211 1349 2229 a
1370 2188 1428 2230 toto
1443 2203 1600 2229 Atheniensi
1618 2202 1716 2236 popqu

79 2237 186 2272 ἑορτῶν
196 2238 236 2272 δὲ,
248 2239 310 2266 ὅσαι
321 2241 458 2278 πάνδημοι
479 2245 535 2276 τοῖς
555 2244 717 2280 Ἀθηναίοις.
736 2247 828 2274 Ταῦτα
841 2249 873 2284 δὴ

80 2283 184 2316 πάντα,
200 2284 247 2311 καὶ
272 2284 299 2311 at
316 2295 342 2313 τι
360 2287 463 2322 ὅμοιον,
478 2290 493 2315 ὁ
506 2289 631 2326 πέμπτος
655 2283 874 2328 ἁναγινώσκοντί

78 2337 122 2356 σοι
133 2330 308 2366 παραστήσει
317 2331 407 2366 λόγος.

120 2375 152 2402 '0
166 2375 197 2402 δὲ
214 2375 294 2409 ἕκτος
316 2378 392 2414 αὐτῷ
423 2380 556 2417 συνελέγη
571 2382 650 2417 λόγος
662 2383 695 2411 ἐκ
717 2393 748 2412 τε
765 2386 850 2421 αὐτῆς
861 2387 873 2404 ⁷

82 2419 203 2457 Ῥούφου
218 2424 378 2460 Μουσικῆς
391 2426 505 2459 βίϐλου
521 2429 651 2466 πέμπτης
663 2431 711 2458 καὶ
727 2419 874 2468 τετάρτης,

77 2467 206 2503 αὐλητῶν
219 2469 248 2496 δὲ
264 2471 311 2497 καὶ
334 2472 502 2508 αὐλημάτων
526 2474 668 2511 ἀφήγησιν
697 2477 764 2513 ἔχει,
778 2467 875 2514 ἄνδρες

77 2522 107 2541 τε
121 2515 175 2542 ὅσα
190 2515 314 2553 ηὔλησαν
332 2519 379 2546 καὶ
397 2519 430 2556 δὴ
445 2521 493 2548 καὶ
516 2523 655 2556 γυναῖκες.
672 2523 729 2550 Καὶ
747 2524 873 2560 Ὄμηρος

927 2250 1113 2277 celebrantur.
1133 2249 1196 2277 Haec
1217 2249 1298 2284 igitur
1310 2249 1412 2281 omnia,
1427 2254 1454 2276 et
1469 2249 1492 2276 si
1509 2249 1574 2284 quid
1591 2249 1634 2276 his
1648 2249 1716 2277 forte

926 2296 1026 2331 simile,
1040 2296 1192 2332 legentibus
1208 2297 1319 2332 quintus
1334 2296 1412 2328 liber,
1437 2296 1556 2324 exhibet.

961 2387 1062 2415 Sextus
1082 2387 1116 2414 ab
1134 2386 1184 2416 illo
1199 2387 1330 2415 collectus
1350 2387 1431 2421 liber,
1447 2395 1482 2416 ex
1505 2387 1626 2423 ejusdem
1653 2388 1715 2416 Ruﬁ

925 2433 1038 2461 Musicre
1055 2434 1174 2461 historia
1191 2433 1261 2461 libro
1276 2439 1385 2468 quarto,
1399 2437 1427 2461 et
1440 2433 1546 2469 quinto.
1563 2433 1715 2461 Tibicinum

924 2486 1000 2511 vero.
1018 2483 1046 2506 et
1057 2479 1221 2512 carminum,
1236 2487 1297 2514 quae,
1313 2478 1355 2506 vel
1371 2486 1386 2506 a
1407 2479 1486 2512 viris,
1504 2479 1546 2506 vel
1569 2486 1584 2507 a
1607 2478 1716 2508 feminis

924 2525 958 2553 ad
975 2524 1068 2553 tibiam
1083 2529 1192 2553 cantata
1209 2525 1296 2558 luere,
1309 2524 1430 2553 narratio
1444 2524 1607 2554 ittstituitur.
1621 2525 1715 2554 Home-

724 2591 843 2619 VARUE
862 2591 1055 2620 LECTIONES
1077 2611 1085 2620 .

129 2629 154 2666 ?’
170 2629 238 2666 τῶν]
252 2630 300 2657 τοῦ
316 2631 348 2659 Α.

78 2664 89 2681 ³
104 2664 156 2698 τῆ;
171 2664 284 2694 toﬁ—'9.
298 2676 328 2699 ς.

76 2699 162 2727 αὑτοῦ
175 2700 209 2729 Δ.

398 2633 422 2649 ⁸⁸
440 2634 487 2672 καὶ
502 2636 614 2672 antedéx
636 2644 692 2664 orn.
707 2638 740 2665 Α.
781 2639 803 2655 ’⁵
819 2638 899 2672 λόγου
916 2639 961 2665 AG
978 2648 984 2665 :

387 2667 397 2684 ‘
414 2669 534 2704 μάλιστα
567 2670 672 2698 ἔνεστιν
686 2674 707 2699 Α
727 2682 734 2700 :
750 2672 827 2700 ἔστιν
841 2667 874 2706 ξ.
910 2674 921 2690 ⁸
935 2667 1080 2710 διαφόρους
1095 2667 1157 2702 add.
1175 2672 1210 2701 Δ.

1029 2639 1101 2665 ίϐλου
1118 2646 1148 2670 ς.
1184 2637 1201 2674 _'
1220 2637 1307 2674 πύλης
1317 2637 1351 2674 νϐ.
1392 2638 1407 2674 γ’
1421 2638 1469 2666 τοῦ
1490 2643 1554 2668 ante
1571 2638 1585 2674 ξ
1602 2642 1666 2668 add.
1684 2643 1703 2668 Λ

1261 2674 1272 2690 ⁶
1285 2669 1369 2710 ’μόνον
1383 2673 1407 2702 Α
1423 2684 1431 2703 :
1449 2674 1504 2712 μὴν
1520 2675 1552 2704 ti.
1574 2669 1603 2692 Ὗ
1619 2669 1716 2712 comi

845 2766 962 2796 NOTAE.

113 2804 171 2841 (74)
190 2805 227 2832 De
243 2814 297 2841 quo
314 2807 395 2834 etiam
414 2807 476 2836 inl'r.
495 2809 555 2837 cod.
572 2809 614 2840 75,
632 2815 658 2838 et
679 2810 754 2838 Suid.

114 2839 173 2876 (75)
195 2839 332 2870 Vidéndus
355 2843 389 2871 de
413 2844 464 2872 hoc
484 2844 593 2878 Suidas,
610 2839 639 2873 et
666 2846 791 2882 frequens
812 2848 870 2884 ejus

923 2815 993 2850 apud
1011 2815 1086 2850 Agel.
1104 2816 1215 2844 mentio.

960 2850 1017 2886 (76)
1034 2852 1120 2884 Quem
1135 2853 1176 2880 vel
1191 2859 1226 2881 ex
1241 2852 1323 2881 Suida
1340 2852 1460 2881 noveris.
