1938 3091
201 149 250 183 451

768 146 900 178 PHOTII
918 146 1175 179 PATRIARCHE
1196 148 1252 178 (ΖΡ.

1789 147 1844 181 452

238 205 361 240 Magnam
385 211 451 233 sane
467 204 610 232 utilitatem
628 203 686 232 haec
700 202 853 238 legentibus
870 203 995 231 lucubra-

1082 204 1187 240 Πολλὴν
1200 204 1229 232 δὲ
1239 205 1289 240 τὴν
1299 202 1395 239 χρείαν
1408 203 1490 230 τοῦτο
1503 202 1536 239 δὴ
1547 202 1578 230 τὺ
1595 202 1771 240 φιλοπόνημα
1782 206 1840 237 soi;

202 254 241 280 tio
261 252 351 280 atIert.
365 251 421 279 Etsi
436 251 507 278 enim
525 249 625 277 fabulis
635 270 643 282 .
660 249 791 285 prodigiis
802 269 810 281 .
825 250 974 278 mendaciis
986 270 994 282 ,

198 289 287 334 'arqne
298 297 500 325 incredibilibus
515 315 523 329 ,
538 300 568 323 ut
579 295 677 330 saepius
692 304 706 322 τι
729 303 773 323 me
794 296 913 329 dictum,
942 303 995 323 non

201 348 286 375 caret,
305 350 339 370 ex
364 342 406 370 his
422 342 486 377 ipsis
497 346 586 369 tamen
599 361 607 374 ,
622 339 691 376 'qua:
706 341 739 369 ad
760 341 862 368 variam
878 341 960 369 veluti
981 349 997 369 e

201 398 271 425 penu
283 389 374 425 aliquo
402 389 577 423 premendam
595 388 745 416 doctrinam
773 388 895 421 faciunt,
913 388 994 415 etiam

202 436 235 462 ad
249 436 376 462 virtutem
393 440 473 468 atque
489 434 660 461 honestatem
689 432 817 460 facientia
850 433 995 469 decerpere

200 488 280 514 quam
291 479 403 516 plurima
415 480 487 507 licet.
497 480 537 506 Ad
550 481 618 507 bene
632 480 738 508 dicendi
753 488 817 507 vero
826 479 994 513 facultatem,

201 531 231 554 ut
246 527 361 562 ipsemet
379 527 412 554 ad
429 527 532 553 amicos
553 526 695 559 praefatur,
719 534 772 553 non
789 527 924 554 modicum
949 534 994 554 ea-

201 574 263 601 dem
291 572 408 600 aﬂ'erunt
433 573 664 606 emolumentum,
680 573 869 607 insignemque
892 573 994 600 utilita-

202 625 256 647 tem
274 619 373 654 legenti
386 618 505 653 pariunl.
521 618 608 645 Dictio
620 618 678 653 ejus
698 618 772 645 varia
786 637 794 650 ,
808 625 895 653 neque
912 618 992 644 unius

202 666 314 697 fomite,
331 664 436 691 tametsi
452 664 673 699 perspicuitatem
687 663 713 690 in
729 663 854 690 ontnibus
865 663 992 691 servarit.

569 720 672 749 CLXII.

201 768 308 796 Eusebii
335 768 447 803 episcopi
467 768 477 804 (
493 768 707 802 Theasolouiczc)

467 806 607 839 quemdam
625 804 686 830 libri
704 812 730 831 κ.

731 775 824 796 contra
854 767 991 796 Andream

237 862 311 891 Lecti
337 867 398 890 sunt
413 861 522 889 Eusebii
546 861 702 896 cujusdam,
730 865 760 888 ut
786 860 916 896 dignitate
932 859 991 895 epi-
1008 875 1032 906 Β

200 909 273 943 scopi
286 908 353 944 (86),
364 908 404 935 sic
414 913 441 935 et
451 907 503 934 ﬁde
517 907 672 940 orthodoxi,
683 907 775 933 decem
793 905 854 933 libri
865 906 994 932 adversus

200 957 335 984 Andream
349 955 492 990 quemdam
525 953 726 989 inclusum(87)
739 974 747 986 ,
776 954 821 988 qui
846 953 941 980 horum
958 952 995 979 illi
1014 974 1017 976 .

200 1002 403 1030 scribendorum
427 1008 538 1029 causam
561 1000 646 1028 dedit.
665 999 818 1034 Scripserat
848 1000 919 1026 enim
952 998 996 1026 hic

200 1050 234 1077 ad
253 1049 395 1076 Eusebium
431 1047 592 1083 epistolam,
621 1054 700 1081 quam
735 1045 997 1081 παραναγνωστικδν

201 1095 354 1122 nominarat
369 1092 443 1128 (88),
474 1091 654 1128 jurejurando
680 1093 767 1128 ipsum
802 1093 835 1120 ad
866 1100 926 1120 eam
957 1091 996 1118 le-

200 1141 313 1174 [tendam
342 1139 465 1174 ndigens.
493 1138 552 1172 Qua
583 1139 674 1171 lecta,
712 1139 846 1166 Eusebius
879 1139 996 1173 primum

200 1186 307 1220 quidem
322 1185 458 1213 hominem
481 1185 622 1220 increpat.
649 1185 809 1219 imperitiam
834 1184 909 1211 iuxta
938 1184 998 1219 ejus

200 1232 275 1267 (89),
301 1238 383 1267 atque
417 1231 558 1258 audaciam
586 1231 799 1266 reprehendens,
830 1231 998 1258 ostendendo

198 1273 227 1305 in
241 1278 307 1311 ipsis
319 1279 400 1306 etiam
410 1277 519 1311 syllabis
531 1277 635 1312 lapsum
647 1285 655 1310 ;
667 1281 695 1304 et
705 1285 765 1304 cum
772 1284 880 1304 versum
893 1277 997 1304 nullum

201 1324 386 1359 potueritsine
395 1322 548 1351 solmcismo
558 1322 701 1355 facere,'ad
718 1322 890 1350 scribendum
906 1327 997 1350 tamen

200 1378 260 1398 sese
272 1370 402 1398 extulisse
412 1389 420 1402 ,
436 1367 552 1396 instituti
565 1368 618 1400 sui,
631 1367 746 1395 simulet
760 1368 860 1403 quietis
873 1368 996 1396 oblitum.

202 1416 361 1444 llaereticam
390 1415 452 1442 dein
476 1414 548 1442 illius
582 1414 744 1442 sententiam
771 1414 892 1450 pluribus
916 1415 998 1442 refel-

201 1464 256 1491 lere
271 1463 437 1498 aggreditur.
458 1461 526 1488 Erat
536 1461 608 1488 enitn
633 1461 677 1488 ille
693 1468 727 1488 ex
749 1468 843 1488 eorum
866 1469 996 1495 numero,

199 1511 243 1546 qui
257 1509 291 1537 ab
304 1509 424 1543 improba
434 1515 514 1542 quam
532 1507 658 1534 tenebant
667 1507 795 1541 opinione
805 1527 812 1539 ,
835 1507 999 1542 Apliumrto.

1046 249 1266 284 ἀναγινώσκουσι
1284 249 1453 284 παρέχεται·
1478 249 1503 276 ει
1522 249 1578 285 γὰρ
1601 249 1650 276 καὶ
1675 249 1769 284 μύθων
1794 250 1844 277 καὶ

1046 297 1170 332 τεράτων
1185 296 1293 332 ψευδῶν
1306 304 1336 323 τε
1352 295 1400 323 καὶ
1419 295 1571 328 ἀπιθάνων,
1591 294 1631 328 ὥς
1647 304 1693 331 μοι
1709 296 1842 328 πολλάκις

1045 342 1208 378 εἶρηται,οὐ
1225 342 1385 377 καθαρεύει,
1407 341 1466 369 ἀλλ’
1480 340 1527 368 οὖν
1544 343 1573 368 ὲν
1587 341 1629 373 οἷς
1647 351 1678 368 τε
1701 343 1742 374 εις
1756 341 1844 369 πολυ-

1048 389 1164 424 μάθειαν
1178 389 1211 417 ἑκ
1234 389 1281 416 τοῦ
1301 389 1411 424 ἑτοίμου
1437 389 1570 421 συντελεῖ,
1587 390 1634 416 καὶ
1651 390 1721 425 πρδς
1735 390 1840 425 ἀρετὴν

1046 436 1095 462 καὶ
1117 435 1323 469 καλοκάγαθίαν
1339 435 1455 462 πλεῖστα
1475 435 1549 462 ἔστιν
1570 436 1662 462 αὐτῶν
1686 436 1843 463 ἀπανθίσα-

1047 481 1131 513 σθαι,
1147 481 1217 517 πρός
1239 489 1270 508 τε
1289 481 1321 508 τὸ
1345 482 1506 518 ῥητορεύειν
1523 482 1569 509 καὶ
1594 482 1765 516 σοφιστεύειν
1791 483 1842 518 (ὡς

1045 528 1093 555 καὶ
1106 528 1189 559 αὐτὸς
1200 528 1257 559 τοῖς
1270 528 1421 563 ἐταίροις¹Ι
1430 528 1544 563 γράςρων
1558 528 1778 564 προοιμιάζεται)
1790 529 1843 556 οὐκ

1045 575 1191 611 ἐλαχίστην
1215 575 1294 610 φέρει
1323 575 1451 611 ροπὴνη,
1471 576 1563 602 ἱκανὸν
1593 577 1634 607 εις
1655 576 1752 612 χρείαν
1774 577 1842 604 καθ-

1046 622 1172 658 έστηκεν.
1187 622 1221 648 Ἠ
1238 621 1264 648 δὲ
1281 622 1382 656 φράσις
1400 621 1475 657 αὐτῷ
1492 622 1602 657 ποικίλη
1621 624 1668 649 καὶ
1681 622 1712 649 οὐ
1729 622 1778 658 μία
1788 623 1841 659 τὴν

1047 669 1132 702 ίδέαν,
1147 669 1170 695 ει
1182 668 1230 695 καὶ
1246 668 1291 695 διὰ
1308 668 1399 703 πάσης
1414 668 1446 695 τὸ
1463 669 1549 702 σαφὲς
1564 668 1677 696 ὥδευεν.

1400 724 1487 762 pan;

1045 773 1194 800 Εὐσεσίου
1218 771 1386 799 ἐπισκόπου
1402 771 1478 798 κατὰ
1508 770 1648 806 Ἀνδρέου
1677 771 1760 805 τινὸς
1782 771 1839 800 λό-

1391 816 1437 842 τοι
1456 810 1483 834 ι’.

1087 863 1311 900 Ἀνεγνώσθησαν
1326 863 1456 890 Εὐσεϐἱου
1471 863 1544 896 τινὸς
1554 863 1714 899 (ἐπίσκοπος
1727 861 1762 900 ἦν
1773 864 1797 880 ”
1807 864 1841 892 τὸ

1046 911 1156 946 ἀξίωμα
1180 911 1229 937 καὶ
1255 910 1305 946 ¹τὴν
1330 910 1421 937 πίστιν
1446 910 1610 946 ὀρθόδοξος)·
1624 911 1711 947 τούτῳ
1729 911 1806 946 λόγοι
1823 913 1840 938 ι’

1046 959 1118 985 κατά
1137 957 1261 993 ’Δνδρέου
1277 956 1351 988 τινὸς
1378 956 1537 991 ἐγκλειστοῦ
1552 957 1772 992 συνεγράφησαν.
1786 957 1839 993 τὴν

1047 1003 1139 1031 αἰτίαν
1156 1002 1285 1033 λαϐόντες
1301 1002 1333 1028 ἐκ
1345 1001 1393 1028 τοῦ
1410 1002 1556 1037 εἰρημένου
1569 1002 1740 1037 ὲγκλειστοῢ.
1751 999 1840 1035 Οὗτος

1047 1049 1102 1084 γὰρ
1118 1048 1239 1084 ἔγραψεν
1254 1047 1400 1083 ἐπιστολὴν
1415 1047 1539 1083 Εὑσεὸίῳ
1562 1049 1838 1084 (παραναγνωστικδν

1046 1095 1076 1122 δὲ
1093 1094 1171 1122 καλεῖ
1180 1094 1230 1130 τὴν
1246 1093 1404 1130 ἐπιστολὴν)
1415 1114 1422 1125 ,
1440 1094 1534 1130 ὅρκοις
1548 1094 1630 1122 αὐτὸν
1647 1095 1687 1127 είς
1702 1095 1752 1131 τὴν
1769 1095 1837 1122 ταύ-

1046 1150 1096 1177 της
1114 1141 1268 1176 ἀνάγνωσιν
1282 1139 1485 1176 ἐκκαλούμενος
1494 1148 1502 1156 ‘
1516 1140 1550 1176 ἢν
1562 1140 1692 1172 Εὐσέϐιος
1703 1141 1839 1175 ἀναγνοὺς

1047 1188 1156 1224 πρῶτον
1174 1188 1223 1223 μὲν
1243 1188 1289 1214 τὸν
1314 1187 1457 1224 ἄνθρωπον
1479 1188 1613 1222 ἐπιτιμᾷ,
1634 1186 1757 1222 ἀμαθίαν
1777 1187 1838 1222 ἃμα

1048 1235 1095 1261 καὶ
1119 1233 1218 1268 θράσος
1234 1232 1382 1265 ἐπικαλῶν,
1409 1232 1457 1259 καὶ
1473 1231 1582 1263 δεικνὺς
1601 1230 1651 1258 καὶ
1667 1230 1732 1266 περὶ
1750 1231 1839 1262 αὐτὰς

1048 1280 1180 1307 πταίοντα
1200 1279 1249 1310 τὰς
1265 1277 1412 1310 συλλαϐὰς,
1431 1278 1480 1304 καὶ
1494 1277 1536 1305 ὅτι
1550 1276 1652 1313 μηδένα
1669 1277 1759 1312 στίχον
1771 1277 1839 1304 ἀσό-

1047 1327 1139 1354 λοικον
1153 1327 1241 1352 εἰπεῖν
1255 1324 1447 1360 δεδυνημένος,
1461 1325 1476 1351 ό
1490 1324 1519 1351 δὲ
1533 1323 1581 1351 καὶ
1598 1323 1645 1349 ἐπὶ
1659 1322 1689 1349 τὸ
1715 1323 1840 1358 συγγρά-

1047 1381 1108 1408 φειν
1125 1371 1208 1408 ἤρθη,
1225 1370 1273 1397 τοῦ
1297 1369 1507 1404 ἐπαγγέλματος
1531 1368 1643 1403 καὶτῆς
1668 1368 1698 1394 ἐν
1719 1368 1839 1402 ἀσκήσει

1048 1418 1165 1455 ἡσυχίας
1187 1416 1422 1451 ἐπιλελησμένοςο
1453 1413 1513 1442 εἶτα
1536 1414 1567 1441 τὸ
1591 1413 1730 1450 αἱρετικὸν
1753 1413 1840 1441 αὐτοῦ

1049 1465 1179 1500 φρόνημα
1192 1464 1236 1490 διά
1250 1462 1357 1489 πολλῶν
1371 1461 1532 1497 ἀπελέγχει.
1544 1458 1599 1488 Ἦν
1614 1461 1643 1487 δὲ
1658 1460 1712 1496 ἄρα
1727 1460 1783 1487 τῶν
1795 1459 1841 1487 λε-

1047 1511 1173 1546 γομένων
1188 1509 1242 1538 ἀπὸ
1252 1510 1302 1544 τῆς
1317 1509 1424 1544 φαύλης
1433 1508 1512 1544 δόξης
1525 1508 1579 1534 τῶν
1593 1507 1843 1544 ὲχόντωνἊςρθαρ-

198 1558 297 1584 docete:
308 1555 371 1590 (90)
389 1558 454 1582 sunt
479 1553 554 1581 dicti.
582 1553 702 1580 Primum
719 1553 811 1587 itaque
824 1554 943 1581 ostendit
957 1552 994 1580 illi

1047 1556 1227 1591 τοδοκητῶν.
1235 1557 1289 1583 Καὶ
1301 1555 1409 1591 πρῶτον
1422 1555 1472 1591 μὲν
1483 1555 1618 1582 δείκνυσιν
1629 1554 1712 1581 αὑτὸν
1723 1553 1842 1585 εὐθύνας

198 1603 332 1631 rationem
344 1608 404 1629 ese
420 1600 583 1628 reddendam
597 1621 605 1634 ,
632 1607 681 1627 cur
703 1599 730 1626 in
749 1607 801 1626 una
818 1600 949 1627 duntaxat
960 1600 996 1627 si-

198 1649 375 1684 gniﬁcatione
388 1647 565 1682 corruptionis
584 1645 715 1673 vocabulo
739 1650 868 1680 accepto,
885 1645 919 1672 de
937 1646 996 1673 solo

200 1697 226 1723 id
247 1699 359 1731 peccato
382 1693 435 1721 dici
451 1693 601 1720 arbitretur
628 1701 635 1720 :
652 1699 713 1719 cum
731 1699 781 1719 suo
799 1692 994 1719 vocabulorum

199 1750 248 1769 usu
263 1741 347 1769 sancti
360 1739 455 1767 Patres
470 1738 647 1770 tradiderint,
661 1738 695 1765 ad
711 1739 800 1765 varias
827 1739 938 1765 omnino
951 1746 996 1766 res

199 1789 269 1816 hanc
280 1795 372 1815 vocem
383 1786 502 1814 extendi.
519 1784 655 1817 Secundo,
675 1784 747 1819 quod
779 1785 949 1817 immortale,
968 1788 996 1812 et

200 1834 362 1870 impatihile.
378 1837 405 1860 et
420 1831 625 1866 incorruptibile
639 1838 671 1858 ex
683 1831 741 1864 ipsa
754 1831 878 1859 unitioue
895 1838 996 1865 corpus

198 1879 299 1908 Christi
316 1878 421 1907 Domini
439 1877 556 1909 dixerit,
572 1877 800 1912 quemadmodum
827 1881 852 1904 et
872 1876 995 1905 Julianus

200 1933 282 1953 ausus
292 1926 348 1962 (9t)
359 1929 543 1955 estasserere,
551 1930 613 1953 cum
621 1927 709 1950 tamen
718 1924 743 1950 in
754 1924 847 1951 eadem
861 1924 911 1950 hac
921 1923 995 1950 amr-

201 1978 256 2000 met
268 1971 382 2007 epistola
396 1976 491 1998 contra
512 1970 642 1998 Severum
654 1969 822 1997 etlulianum
834 1990 842 2002 ,
854 1970 925 1996 hunc
935 1977 949 1997 a
965 1977 995 1998 se

200 2021 355 2051 susceptum
373 2022 435 2043 esse
461 2014 599 2047 laborem,
622 2019 652 2041 ut
666 2014 710 2048 qui
727 2014 794 2041 duas
811 2019 921 2041 naturas
932 2035 940 2048 ,
952 2014 995 2042 vel

199 2062 367 2091 substantias
391 2062 458 2088 duas
471 2061 498 2087 in
512 2060 620 2088 Christo
642 2061 734 2088 dicere
759 2068 810 2087 non
827 2061 993 2094 sustineant,

199 2116 287 2144 neque
309 2109 376 2136 duas
398 2109 588 2144 proprietates.
598 2114 685 2142 neque
701 2107 822 2134 actiones
837 2105 995 2134 duae.Ter—

201 2158 238 2183 tio
252 2156 322 2192 quod
333 2156 428 2183 Adami
443 2162 542 2191 corpus
566 2158 671 2182 asserat
686 2158 749 2181 ante
767 2153 871 2188 lapsum
884 2173 893 2186 ,
907 2159 995 2188 neque

201 2203 302 2239 1051)
318 2201 435 2230 mortale
444 2209 505 2229 esse
517 2201 667 2233 conditum,
683 2207 770 2235 neque
786 2204 881 2235 suapte
897 2203 993 2226 natura

199 2249 393 2285 corruptibile,
408 2254 439 2277 ut
458 2247 585 2276 nimirum
599 2254 632 2275 es
649 2247 711 2279 hoc.
722 2253 772 2282 pro
788 2246 874 2281 ipsius
886 2245 991 2280 opinio—

199 2302 255 2328 ne,
271 2294 336 2322 illud
352 2294 415 2321 item
432 2297 611 2328 sequeretur,
637 2291 776 2319 Clu-istum
791 2291 932 2319 Dominum
956 2298 990 2318 ex

200 2342 258 2376 ipsa
271 2341 464 2378 conjunctione
480 2338 687 2375 incorruptibile
704 2345 804 2373 corpus
815 2357 824 2372 ,
842 2343 924 2372 atque
939 2337 990 2365 im-

1047 1604 1182 1639 ὑπέχοντα
1194 1623 1202 1636 ,
1219 1603 1260 1629 ὅτι
1281 1602 1380 1638 μονοσή
1387 1609 1487 1637 μαντον
1503 1601 1534 1627 τὸ
1549 1601 1601 1636 τῆς
1618 1599 1722 1635 φθορᾶς
1734 1599 1843 1634 ἐξειλη-

1047 1650 1104 1686 ιρὼς
1125 1649 1211 1685 ὄνομα
1235 1649 1282 1675 ἐπὶ
1308 1649 1392 1684 μόνης
1407 1647 1546 1683 ἁμαρτίας
1571 1648 1657 1674 οἴεται
1680 1646 1840 1677 τάττεσθαι,

1045 1695 1100 1721 τῶν
1116 1695 1201 1729 ἁγίων
1214 1694 1345 1729 Πατέρων
1358 1693 1447 1729 ἡμῶν,
1472 1693 1506 1720 δι’
1525 1690 1564 1720 ὧν
1586 1694 1648 1725 ταῖς
1663 1694 1768 1727 φωναῖς
1784 1693 1840 1719 ἁπ-

1046 1741 1211 1776 εχρήσαντο,
1240 1739 1312 1766 κατά
1338 1739 1477 1775 διαφόρων
1505 1739 1677 1774 πραγμάτων
1703 1738 1768 1775 [H9
1790 1738 1839 1774 IL]

1045 1787 1125 1814 τοῦτο
1146 1787 1177 1813 τὸ
1200 1786 1287 1822 ὄνομα
1302 1786 1436 1822 φέρεσθαι
1462 1786 1708 1822 παραδεδωκότων.
1722 1786 1750 1811 B'
1764 1786 1841 1812 ἴνιιι⁸

1046 1832 1182 1859 ἀθάνατον
1197 1833 1246 1859 καὶ
1259 1833 1364 1864 ἀπαθὲς
1390 1833 1438 1859 καὶ
1460 1832 1599 1868 ἄφθαρτον
1621 1832 1652 1866 ὲξ
1683 1831 1771 1866 αὐτῆς
1796 1832 1842 1858 ὲν-

1045 1879 1140 1910 ώσεως
1155 1878 1186 1904 τὸ
1206 1878 1286 1914 σῶμα
1302 1878 1348 1905 τοῦ
1364 1878 1484 1914 Κυρίου,
1498 1879 1624 1913 ὦσπερ¹⁹
1647 1879 1662 1904 ὁ
1683 1877 1840 1911 Ἰουλιανὸς,

1045 1924 1196 1959 ἐτόλμησεν
1222 1923 1427 1959 ἀποφήνασθαι,
1449 1924 1539 1951 καίτοι
1548 1923 1570 1939 ³⁰
1590 1923 1793 1957 διατεινόμενος
1809 1923 1841 1948 ὲν

1045 1970 1121 2005 αὺτῷ
1143 1970 1182 2006 τῷ
1198 1971 1343 2005 γράμματι
1358 1970 1428 1997 κατὰ
1446 1969 1568 2005 Σεὸἠρου
1575 1969 1597 1985 ³⁸
1623 1969 1671 1995 καὶ
1691 1967 1840 1995 Ἰουλιανοῦ

1045 2016 1092 2043 τὸν
1111 2015 1232 2042 τοιοῦτον
1262 2015 1336 2050 αὐτῷ
1362 2014 1580 2049 διαπεπονῆσθαι
1602 2014 1693 2046 πόνον,
1719 2014 1768 2040 ἀτε
1791 2013 1841 2040 δύο

1046 2062 1168 2098 φύσειςῆ
1184 2062 1232 2089 δύο
1248 2061 1343 2093 οὐσίας
1358 2062 1406 2088 ἐπὶ
1419 2060 1539 2095 Χριστοῦ
1555 2061 1643 2088 εἰπεῖν
1659 2060 1774 2087 ἐκείνων
1789 2060 1841 2087 οὐκ

1045 2107 1229 2143 ἀνεχομένων,
1245 2107 1306 2134 οὐδὲ
1321 2107 1368 2134 δύο
1385 2106 1533 2141 ἰδιότητας,
1547 2106 1608 2133 οὐδὲ
1623 2105 1671 2133 δύο
1687 2105 1840 2141 ἐνεργείας.

1045 2153 1073 2180 I"
1085 2153 1127 2180 ὅτι
1140 2153 1195 2189 πρὸ
1207 2153 1256 2188 τῆς
1271 2152 1457 2188 παραϐάσεως
1471 2152 1502 2179 τδ
1513 2151 1561 2179 τοῦ
1576 2152 1664 2187 Ἀδὰμ.
1679 2151 1761 2186 σῶμα
1778 2151 1841 2178 οὔτε

1045 2199 1142 2235 θνητὸν
1156 2199 1233 2233 λέγει
1258 2198 1460 2226 διαπεπλάοθαι
1474 2198 1538 2225 οὔτε
1555 2198 1675 2234 φθαρτὸν
1689 2197 1783 2234 φύσει,
1805 2197 1842 2225 ἶν’

1045 2246 1079 2273 ἐκ
1094 2245 1191 2273 τούτου
1213 2245 1275 2273 καθ’
1288 2245 1349 2272 ὁδὸν
1363 2245 1468 2281 αὑτῷ¹²
1484 2245 1599 2282 χωρήσῃ
1613 2245 1644 2272 τὸ
1657 2245 1763 2272 καὶτὸν
1776 2245 1842 2281 Χρι-

1046 2290 1109 2318 στόν
1126 2291 1156 2323 ἐξ
1168 2291 1256 2326 αὐτῆς
1273 2290 1398 2323 ινὼσεως
1414 2283 1495 2326 σῶμα
1509 2290 1651 2326 ἄφθαρτον
1664 2290 1843 2327 ἀνειληφέναι

1044 2337 1092 2364 καὶ
1115 2337 1233 2370 ἀπαθὲς,
1259 2337 1320 2365 δέον
1346 2338 1394 2365 καὶ
1422 2339 1494 2365 νοεῖν
1516 2338 1565 2365 καὶ
1581 2337 1672 2373 λέγειν
1691 2337 1730 2370 ὡς
1743 2337 1777 2365 τὸ
1792 2337 1843 2365 τοῦ

843 2417 963 2446 ΥΑΒΙΕ
988 2417 1192 2448 LECTIONES.

235 2481 257 2497 II
272 2478 377 2515 ἑτέροις
391 2487 423 2515 ς,
462 2474 588 2515 ιξ-ροπὴν
601 2474 650 2515 καὶ
665 2474 757 2502 ικανδν
770 2483 809 2515 g_._
840 2472 913 2515 "ﬁt;
931 2475 977 2515 At
987 2471 1064 2515 οῆτος
1077 2473 1154 2515 ᾖν-ς.
1172 2511 1178 2515 _
1193 2475 1216 2492 ³⁸
1227 2475 1281 2511 ὅτι]
1297 2474 1447 2515 cf:_Stt_ida_s
1457 2483 1484 2504 v.
1500 2475 1646 2508 Ἰουλιανὸς
1661 2475 1843 2511 Ἀλικαρνασ⁹

200 2515 273 2547 σεύς.
319 2510 346 2530 ’¹⁹
359 2510 455 2549 κυρίου
473 2510 582 2544 ἐξεῖπεν
597 2510 692 2546 ὥσπερ
705 2519 736 2544 ς.

787 2510 810 2526 ³⁸
824 2510 914 2537 καίτοι
927 2511 990 2538 add.
1004 2511 1039 2538 Α.
1076 2512 1097 2528 ⁸³
1112 2511 1233 2548 Σευήρου
1254 2510 1286 2544 ςί.
1324 2511 1347 2526 ³¹
1360 2511 1443 2538 αὑτοῦ
1457 2520 1489 2544 ς.

947 2578 1069 2607 NOTAE.

236 2639 512 2686 (86).]:Iieslsalgnicte
521 2658 530 2672 ,
543 2642 574 2667 ut
587 2643 614 2666 te
625 2637 734 2666 docebit
746 2637 778 2664 B.
794 2637 908 2672 Gregor.
918 2635 990 2672 Mag.

199 2676 279 2717 epist.
290 2676 332 2705 ’69
343 2697 351 2709 ,
363 2677 410 2703 lib.
425 2676 452 2704 9.
897 2707 903 2713 '
925 2707 932 2714 Ι

236 2712 471 2750 (37)lllonachum
483 2709 527 2738 ad.
541 2709 571 2738 S.
581 2709 693 2737 Paulum
720 2707 872 2742 Romte,ut
897 2708 932 2735 ὼι
959 2706 990 2734 Β.

199 2752 291 2821 οΐῗξέ)
306 2782 471 2821 Qitasijttsta
480 2780 621 2816 legendum
632 2781 761 2821 scriptum
773 2779 861 2821 dicas,
871 2778 946 2821 ρειοᾲ
957 2785 990 2805 ex

199 2814 307 2849 diverso
317 2814 356 2846 “et
375 2814 538 2845 altrinsecus
551 2824 610 2843 cum
625 2816 738 2843 aliorum
751 2814 862 2849 SCl‘ipliS
871 2814 987 2848 legatur,

199 2861 230 2884 ιιι
245 2864 275 2883 ea
290 2857 359 2882 inter
377 2861 409 2880 68
421 2858 628 2889 componantur.
739 2885 755 2889 η
778 2884 783 2889 _
843 2884 858 2889 Π
896 2883 901 2889 .

237 2891 313 2928 (89)
333 2884 491 2924 lutperituui
505 2888 653 2917 litterarum
664 2907 672 2921 ,
687 2890 714 2915 et
731 2884 829 2914 divinae
842 2884 991 2920 Scriptura:

1045 2636 1166 2664 nescium
1183 2636 1301 2671 appellat
1311 2637 1342 2663 Β.
1360 2637 1442 2671 Grex.
1461 2645 1519 2672 sup.

1082 2674 1091 2703 (
1102 2672 1137 2701 90
1153 2673 1161 2707 )
1185 2673 1266 2706 Quasi
1282 2672 1358 2699 dicas
1374 2673 1579 2707 incurruptionis
1607 2676 1762 2700 assertorem.
1799 2671 1840 2700 De

1044 2707 1281 2742 qnibuslegendns
1294 2707 1408 2742 Niceph.
1423 2707 1473 2734 lib.
1487 2715 1542 2735 XVII
1555 2728 1562 2742 ,
1572 2715 1634 2742 cap.
1649 2707 1695 2734 29.

1080 2742 1128 2775 (9i
1147 2743 1155 2776 )
1181 2741 1271 2777 Episc.
1297 2741 1563 2776 Halicarnassensis,
1581 2741 1626 2778 qui
1647 2750 1708 2769 cum
1734 2741 1839 2770 Severo

1042 2777 1263 2805 Chalcedonense
1279 2779 1422 2807 concilium
1439 2777 1742 2812 praedicare'abnucns,
1754 2785 1769 2804 a
1789 2778 1838 2804 .lu-

1042 2813 1160 2840 stiniano
1178 2814 1240 2847 imp.
1261 2815 1324 2841 sede
1342 2813 1434 2847 pulsus
1461 2817 1520 2847 est,
1535 2818 1564 2841 ut
1593 2812 1631 2841 ait
1642 2812 1785 2841 Liberatus
1810 2813 1837 2840 iu

1042 2847 1196 2884 Breviario,
1222 2856 1282 2884 cap.
1298 2849 1342 2877 t9.
