1938 3091
82 133 135 165 453

648 123 909 156 BIBLIOTHECA.
929 122 1012 153 COD.
1037 120 1153 152 CLXII.

1661 117 1714 149 45L

90 186 177 221 Ἀδὲμ
191 184 273 220 σῶμα
289 181 385 218 θνητδν
397 178 433 217 ἦν
451 181 532 216 φύσει
548 179 597 207 καὶ
618 179 752 215 παθητὸν,
769 178 831 214 Θείᾳ
845 178 873 204 δὲ
889 198 893 209 λ

948 175 1038 204 utibile
1054 174 1243 210 assumpsisse.
1260 173 1312 202 Ubi
1346 172 1517 202 sentiendum
1535 172 1586 208 ipsi
1610 173 1714 200 fuerat.

84 233 176 267 χάριτι
192 230 327 258 ἀθάνατον
352 227 544 262 διεφυλάττετο
568 225 616 252 καὶ
641 224 759 257 ἀπαθὲς,
777 224 873 259 μέχρις

85 279 118 305 ἂν
131 277 200 305 αὐτὸ
215 277 233 311 ἡ
258 274 416 310 παράϐασις
438 273 488 308 τῆς
512 271 638 307 φυλακῆς
657 269 872 304 ἀπεγύμνωσεν·

86 324 156 350 οὕτω
187 323 244 357 γὰρ
275 321 324 348 καὶ
349 321 364 346 ὁ
384 319 439 346 τῶν
463 318 550 352 ἁγίων
577 317 657 352 χορὸς
681 316 873 350 ἀποφαίνεται.

80 353 113 396 1Δ’
126 371 168 397 ὃτι
181 353 234 396 τὸν.
242 367 365 401 παρόντα
379 366 482 400 κόσμον
497 364 634 399 ἄφθαρτον
658 362 706 389 καὶ
722 361 876 396 ἀνώλεθρον

87 417 172 450 λέγει,
186 415 248 442 δέον
263 414 365 440 ειδέναι
387 412 427 438 ὅτι
447 410 567 446 φθαρτός
585 410 644 436 ἐστι
661 409 708 435 καὶ
721 407 875 438 ἀλλοιωτός.

88 463 144 490 Καὶ
155 461 180 477 ³³
208 460 289 494 ἕτερα
305 458 334 484 δὲ
360 457 409 484 σὺν
436 456 541 486 τούτοις
564 454 701 488 κεφάλαια
727 453 798 479 κατὰ
826 451 877 486 τὴν

88 507 203 544 πρώτην
216 503 388 539 ἀντιγραφὴν
402 503 415 529 ὁ
429 502 589 532 ἐπίσκοπος,
600 500 634 526 τὰ
645 499 694 534 μὲν
708 497 831 544 ἁσαφᾶιςὶ
844 495 879 522 τὰ

87 542 117 580 δέ
133 553 158 569 ³³
183 550 353 587 βλασφήμως
380 546 535 580 ἀπελέγξας
563 545 672 580 ἔχοντα,
697 542 878 579 διορθωθῆναι

90 597 309 633 παρηγγυήσατο
318 594 341 610 ³³
357 593 403 620 τδν
422 591 562 628 Ἀνδρέαν.

128 726 196 763 [545
212 724 259 760 Β.]
281 723 310 751 Ὀ
324 723 353 750 δὲ
379 721 526 756 δεξάμενος
542 719 592 755 τὴν
614 719 661 746 ἐπὶ
685 719 717 754 τῇ
740 716 882 753 διορθώσει

92 772 258 807 παραίνεσιν
283 769 330 795 ἐπὶ
355 768 386 794 τὸ
411 768 502 802 χεῖρον
527 765 656 793 ἀπέκλινε
671 784 678 796 ,
705 763 753 790 καὶ
780 763 883 798 βιδλίον

92 819 220 854 δεύτερον
244 814 406 847 συνέταξεν,
429 814 459 840 ὲν
475 809 497 847 ᾧ
516 812 565 839 καὶ
587 812 622 838 τὰ
647 810 883 846 προγεγραμμένα

93 865 172 901 αὒτῷ
180 865 203 880 ³⁸
215 862 384 897 πλατύτερον
397 860 444 887 καὶ
460 859 508 895 (ὡς
525 857 621 892 οἴεται)
636 858 670 884 δι’
685 856 851 889 ἀποδείξεων
863 855 884 870 ⁸⁷

94 911 254 947 συγκροτεῖ.
266 908 335 936 Καθ’
353 905 384 934 οὒ
396 906 429 942 δὴ
443 906 492 933 καὶ
503 905 552 941 τὴν
569 905 630 939 είρη
636 903 720 938 μένην
737 902 884 936 δεκὰλογον

93 960 108 984 ό
124 956 242 992 εὐσεϐὴς
256 953 385 983 Εὑσέὸιος
402 952 555 984 συντάττει,
578 951 612 977 δι’
628 947 662 986 ἧς
677 949 784 984 ἐλέγχει
796 949 818 965 ³³
834 948 884 983 μὲν

94 1003 180 1030 αὑτὸν
195 1001 232 1032 ὡς
247 1000 285 1036 μὴ
300 998 450 1034 ἀρεσθέντα
465 1000 505 1033 τῷ
521 997 571 1032 τῆς
592 996 711 1028 πίστεως
727 996 793 1031 ὅρῳ,
808 994 838 1021 ὃν
857 994 886 1021 αἱ

94 1049 175 1083 ἅγιαι
205 1046 329 1079 ἐξέθεντο
353 1044 475 1077 σύνοδοι,
502 1042 571 1070 ίδίαν
594 1042 623 1068 δέ
651 1050 712 1068 τινα
742 1039 888 1076 τολμηρῶς

96 1093 303 1128 συνταξάμενον
330 1090 438 1118 ἔκθεσιν
463 1089 600 1120 πίστεωςο
629 1086 689 1114 εἶτα
714 1088 743 1115 δὲ
771 1087 819 1114 καὶ
846 1087 888 1113 ὅτι

96 1141 186 1168 πολλὰ
200 1140 256 1166 τῶν
278 1138 364 1173 ἁγίων
374 1138 396 1154 ⁸⁵
421 1135 620 1172 ἀποσπαράξας
638 1134 709 1170 ῥητὰ
734 1134 782 1161 καὶ
798 1141 888 1168 παρα-

96 1184 286 1220 ποιησάμενος
307 1182 347 1214 είς
368 1181 419 1217 τὴν
446 1181 514 1208 ἰδίαν
536 1179 671 1215 ὑπόληψιν
686 1179 846 1211 ὲξεϐιάσατο
854 1179 888 1211 ⁸⁸,

96 1232 148 1257 καὶ
162 1231 205 1257 ὅτι
222 1228 393 1256 ἐναντιοῦται
415 1228 448 1262 τῇ
464 1235 494 1254 τε
513 1225 561 1262 νέᾳ
580 1227 627 1252 καὶ
641 1224 775 1261 παλαιᾷ⁸¹
793 1225 889 1260 Γραφῇ

98 1276 149 1303 καὶ
163 1276 222 1305 τοῖς
245 1274 334 1308 ἁγίοις
350 1273 429 1308 ἡμῶν
454 1271 594 1306 Πατράσιν
615 1271 754 1306 ἄφθαρτον
771 1271 817 1296 καὶ
844 1270 892 1297 ἀν-

98 1322 221 1356 ώλεθρον
235 1320 283 1346 τὸν
300 1319 402 1354 κόσμον
415 1316 612 1350 δοξάζων.”Ετι
623 1316 651 1342 δὲ
665 1316 713 1342 καὶ
727 1316 768 1342 ὅτι
781 1315 831 1350 τὴν
842 1314 891 1341 ἀλο

98 1367 212 1394 λοίωσιν
227 1365 275 1392 καὶ
289 1364 530 1399 μεταστοιχείωσιν
556 1362 604 1389 καὶ
619 1361 711 1397 ρεὖσιν
729 1360 893 1395 εὐδιάϐλητα

101 1410 174 1439 εἶναι
187 1410 264 1445 λέγει
281 1409 376 1443 ὥσπερ
392 1408 427 1435 τὰ
441 1408 495 1435 ἀπὸ
514 1407 613 1438 κακίας
628 1406 701 1442 πάθη
713 1426 720 1438 ,
737 1406 784 1433 καὶ
798 1405 832 1441 δὴ
846 1405 894 1432 καὶ

101 1459 149 1485 διὰ
170 1457 251 1484 τοῦτο
266 1455 313 1483 τὸν
322 1456 344 1471 ⁸¹
362 1454 467 1490 Κύριον
493 1453 573 1489 ἡμῶν
592 1452 697 1488 Ἰησοῦν
711 1451 830 1486 Χριστὸν
845 1451 895 1477 ἀν-

102 1503 251 1531 αλλοίωτον
266 1501 316 1529 καὶ
335 1500 440 1531 ἀπαθὲς
456 1500 504 1526 καὶ
529 1498 667 1533 ἄφθαρτον
681 1497 728 1524 καὶ
745 1497 896 1533 ἄρῤευστον

103 1528 252 1576 Ξζᾲλᾷὸειν
268 1547 359 1582 σῶμα.
369 1528 520 1572 Καὶ-πάλιν
535 1528 647 1571 εἰπόντα
663 1528 797 1577 διελέγέέι
812 1541 898 1569 ὰῖδιον
910 1528 933 1560 c

103 1596 156 1623 καὶ
171 1595 312 1629 ἄφοαρτον
337 1592 386 1619 καὶ
412 1591 546 1627 ἀγένητον
562 1591 608 1617 τὸν
623 1590 735 1625 κόσμον,
749 1589 799 1623 τὴν
812 1588 839 1615 δὲ
854 1589 898 1614 λε-

104 1642 230 1677 γομένην
247 1639 316 1674 πρὸς
331 1638 362 1664 τὺ
376 1638 462 1664 ἀΐδιον
486 1636 569 1664 αὑτοῦ
594 1634 836 1672 μεταστοιχείωσιν
861 1634 898 1669 μὴ

107 1685 335 1722 παραδεχόμενον
347 1703 354 1716 ,
376 1683 425 1709 ἅτε
440 1682 488 1709 καὶ
509 1682 596 1716 αὐτῆς
612 1681 668 1708 τῶν
683 1679 866 1714 εὐδιαϐλήτων
876 1679 900 1695 ⁵³

109 1733 208 1760 παθῶν
219 1732 284 1767 παρ’
296 1730 371 1765 αὖτῷ
384 1728 626 1764 δογματιζομένης.
636 1727 692 1754 Καὶ
706 1727 747 1753 ὅτι
760 1725 807 1753 τοῦ
815 1725 901 1760 Ἀδὰμ

110 1779 254 1813 ἄφθαρτον
282 1777 330 1804 καὶ.
356 1775 491 1802 ἀθάνατον
514 1773 585 1801 κατὰ
607 1773 689 1808 φύσιν
719 1772 767 1799 καὶ
796 1771 902 1803 ἀπαθὲς

108 1823 313 1858 διαπλασθῆναι
333 1821 408 1855 λέγει
423 1820 454 1847 τὸ
478 1819 570 1855 σῶμα,
596 1819 644 1846 καὶ
667 1818 697 1845 οὗ
715 1817 794 1844 τοῦτο
810 1817 900 1852 μόνον,

110 1871 172 1899 ἀλλ’
197 1871 239 1897 ὅτι
260 1869 308 1896 καὶ
334 1868 415 1900 αὐτὸς
438 1868 453 1894 ὁ
475 1866 540 1902 χοῦς
564 1865 703 1901 ἄφθαρτος
717 1862 762 1900 ἦν,
780 1864 809 1898 ἐξ
828 1860 858 1891 οὗ
872 1863 902 1890 τὸ

112 1917 197 1952 σῶμα
212 1913 374 1949 διεπλάσθη.
390 1913 476 1940 Πάλιν
491 1911 598 1946 ἐλέγχει
622 1910 704 1937 αὐτὸν
729 1910 903 1945 μονοσήμανι-

111 1972 161 1990 τον
177 1962 210 1988 τὸ
217 1960 273 1995 ’ἑῆς
291 1958 404 1994 φθορᾶς
416 1959 502 1993 ονομα
516 1956 688 1991 ὲξειληφότα,
700 1956 730 1982 ὲν
745 1952 767 1990 ᾧ
784 1956 830 1982 καὶ
848 1955 903 1982 δεί-

112 2016 214 2036 κνυσιν
229 2007 271 2034 ὅτι
281 2005 344 2033 οὒτε
365 2004 470 2039 φθορᾶς
483 2003 546 2030 οὒτε
559 2002 675 2029 θανάτου
691 2001 753 2028 οὗτε
766 2000 813 2027 τοῦ
832 2000 903 2027 κατὰ

113 2054 215 2082 κακίαν
238 2051 343 2082 πάθους
355 2069 363 2084 ,
386 2049 445 2077 ἀλλ’
466 2049 527 2076 οὐδὲ
541 2048 596 2075 τῶν
609 2045 808 2083 ἁμαρτητικῶν
825 2046 904 2079 λογι-

114 2100 196 2136 σμῶν
217 2097 325 2129 οὐδενὸς
348 2096 452 2123 τούτων
469 2093 636 2130 δημιουργὸς
665 2092 784 2127 ὑπάρχει
800 2091 904 2136 οΘεδς,

115 2135 143 2171 εί
159 2142 274 2171 καὶτῶν
291 2139 421 2176 φθαρτῶν
444 2139 492 2166 καὶ
503 2138 558 2165 τῶν
566 2137 590 2153 ⁵⁸
605 2136 711 2172 θνητῶν
727 2135 826 2163 οὐσιῶν
839 2135 906 2162 καο-

116 2191 220 2225 έστηκε
240 2185 424 2223 δημιουργός”
448 2184 541 2211 ἰκεῑνα
555 2183 611 2218 γὰρ
631 2181 696 2219 [180
719 2181 766 2218 IL]
782 2181 838 2208 τῶν
860 2181 907 2208 ἀν-

116 2219 299 2270 υπάρκτωνί⁸
390 2230 440 2258 καὶ
454 2228 515 2257 καθ’
537 2228 624 2256 ἑαυτὰ
643 2228 681 2263 μὴ
705 2228 822 2263 ἑχόντων
841 2226 909 2254 ὑπό·
921 2219 949 2249 Ῑ)

119 2287 228 2307 οτασιν.
243 2277 305 2304 Ἔτι
325 2276 356 2303 δι
369 2275 502 2310 διελέγχει
518 2274 601 2301 αὑτὸν
624 2273 656 2300 τὸ
681 2271 815 2308 κυριακὸν
829 2272 909 2308 σῶμα

119 2326 152 2358 ἐξ
166 2324 255 2359 αὐτῆς
277 2322 401 2353 ἑνώσεως
428 2321 534 2352 ἀπαθὲς
551 2320 599 2346 καὶ
616 2318 756 2354 ἄφθαρτον
769 2318 817 2345 καὶ
830 2318 911 2346 ἀναλ-

119 2371 233 2398 λοίωτον
247 2368 484 2403 ἀποφαινόμενον
499 2366 568 2400 ὅπερ
588 2365 633 2391 ἵνα
646 2364 779 2401 συστήσῃ,
799 2364 837 2396 ὡς
854 2363 910 2390 ἑνό-

123 2425 197 2452 μισε,
220 2415 358 2442 δείκνυσιν
379 2413 459 2439 αὐτὸν
475 2412 523 2439 καὶ
541 2411 591 2447 τὴν
609 2409 694 2446 ἄλλην
713 2409 830 2440 ἀτοπίαν
845 2409 910 2445 περί

121 2470 151 2489 τε
165 2460 215 2487 τοῦ
233 2459 338 2494 κόσμου
363 2457 411 2484 καὶ
425 2457 472 2484 τοῦ
491 2456 578 2490 ’Δδὰμ
594 2454 833 2489 ἀποφθέγξασθαι.
854 2454 913 2481 Asi-

122 2514 204 2534 κνυσι
218 2506 247 2532 δὲ
262 2506 292 2531 ἐν
304 2503 397 2539 ταύτῷ
409 2504 424 2531 ὁ
436 2501 564 2534 Εὐσέϐιος
578 2501 626 2530 καὶ
644 2500 675 2527 τὸ
687 2500 736 2535 τῆς
749 2499 852 2537 φθορᾶς
867 2500 914 2527 καὶ

927 227 1009 256 atquc
1034 221 1178 248 dicendum
1200 220 1296 248 Adami
1313 227 1411 254 corpus
1420 219 1533 247 mortale
1548 218 1656 254 quidem
1665 225 1716 245 na-

916 272 988 294 .tura
1009 274 1058 294 sua
1076 266 1178 299 fuisse,
1196 273 1229 293 ac
1253 265 1382 300 patibile,
1397 272 1491 293 verum
1513 264 1604 292 divina
1629 263 1718 299 gratia

927 312 1080 341 immortale
1097 317 1179 346 atque
1193 311 1227 338 im
1235 311 1344 346 patibile
1359 311 1533 343 custoditum,
1550 311 1637 337 donec
1655 315 1717 336 eum

928 358 1115 394 praevaricatio
1126 357 1248 385 custodia
1264 357 1310 384 illa
1330 355 1456 392 privavit.
1471 356 1535 384 llaec
1562 355 1634 382 enim
1651 362 1718 382 con-

929 411 991 430 curs
1009 409 1051 431 est
1061 408 1217 431 sanctorum
1234 402 1343 429 Patrum
1353 402 1496 429 sententia.
1511 402 1629 435 Quarto,
1646 400 1718 435 quod

930 450 1002 477 hunc
1017 450 1145 476 mundum
1166 448 1409 484 incorruptibilem,
1426 447 1605 481 interitusque
1619 453 1718 481 exper-

931 500 985 523 tem
1003 499 1125 528 asserat,
1146 503 1207 522 cum
1226 494 1373 522 tenendum
1391 494 1427 521 sit
1443 492 1646 527 corruptibilem
1656 499 1718 518 eum
1758 514 1761 517 ι

932 549 1004 574 esse,
1028 547 1109 576 atque
1134 541 1300 569 mutabilem.
1317 539 1396 567 Plura
1410 539 1435 566 id
1451 546 1536 574 genus
1548 538 1600 565 alia
1615 538 1720 572 capita,

933 589 1022 622 prima
1038 588 1088 615 hac
1101 587 1278 621 responsione
1292 586 1449 620 episcopus,
1467 584 1564 620 partim
1588 583 1702 611 obscure
1712 603 1720 616 ,

935 634 1031 668 partim
1046 633 1202 667 blaspheme
1216 632 1292 666 dictal
1298 631 1512 666 reprehendens,
1521 631 1657 665 corrigere
1666 630 1722 656 luet:

935 679 1029 706 cadent
1045 678 1180 705 Andream
1201 678 1356 705 cohortatus
1371 681 1424 704 est.

974 722 1070 750 Verum
1091 723 1144 754 ille,
1160 727 1269 757 accepta
1286 722 1318 749 de
1338 719 1514 748 emendandis
1527 719 1584 747 suis
1598 719 1723 746 admoni—

936 769 1019 800 tione,
1038 769 1063 795 in
1091 768 1229 795 sinistram
1246 767 1395 799 inclinavit,
1411 772 1438 793 et
1459 766 1593 792 deteriora
1610 764 1725 797 arripuit

937 815 1002 850 (92).
1016 815 1137 842 Alterum
1150 814 1220 840 enim
1235 821 1295 840 mox
1313 813 1410 840 librum
1423 812 1542 847 scripsit,
1553 819 1606 846 quo
1620 810 1726 845 planius

903 859 923 887 Β
938 869 969 890 ea
994 868 1055 895 ιιιιω
1070 861 1145 895 prius
1163 863 1325 892 asseruerat,
1339 863 1366 886 et
1385 862 1425 890 (ut
1439 857 1597 892 arbitratur)
1616 857 1727 884 demon-

935 908 1067 936 stratione
1092 907 1208 941 quadam
1232 907 1340 934 astruit.
1357 907 1385 934 lu
1410 914 1489 940 quem
1516 905 1613 932 librum
1633 905 1726 932 decem

936 955 999 986 hos,
1028 954 1066 980 uti
1088 953 1220 986 diximus,
1248 954 1309 988 pius
1330 953 1375 980 ille
1388 951 1520 979 Eusebius
1542 951 1726 985 conscripsit:

936 1000 1035 1035 quibus
1059 999 1155 1034 probat
1170 999 1257 1034 ipsum
1284 1006 1335 1025 non
1352 1001 1507 1024 contentum
1525 997 1578 1024 illis
1596 996 1656 1023 ﬁdei
1673 1001 1728 1023 ter-

938 1046 1029 1076 minis.
1046 1053 1114 1080 quos
1137 1053 1215 1072 sacra
1237 1045 1352 1072 concilia
1374 1044 1542 1076 statuissent,
1565 1043 1728 1078 peculiarem

939 1091 1081 1126 quamdam
1095 1090 1156 1117 ﬁdei
1175 1090 1371 1125 expositionem
1385 1090 1513 1117 audacter
1526 1089 1727 1123 composuisse:

940 1136 1022 1163 multa
1049 1143 1156 1171 quoque
1187 1141 1344 1164 sanctorum
1372 1135 1483 1163 Patrum
1509 1135 1579 1162 dicta
1605 1135 1731 1169 decerpta

941 1186 1022 1216 atque
1039 1182 1200 1214 adulterata,
1220 1182 1245 1208 vi
1266 1182 1292 1209 in
1310 1189 1385 1209 suam
1399 1181 1544 1209 detorsisse
1559 1181 1731 1209 sertlentiam.

942 1225 1032 1254 Veteri
1045 1227 1078 1253 ad
1089 1226 1155 1259 hanc,
1165 1233 1192 1254 et
1204 1226 1278 1254 Novo
1292 1225 1476 1259 Testamento,
1488 1227 1591 1253 sanctis
1603 1225 1730 1252 Patribus

942 1279 1004 1299 eum
1027 1272 1175 1304 adversari,
1203 1273 1265 1299 dum
1282 1272 1514 1307 incorruptibilent
1541 1277 1570 1299 et
1594 1275 1733 1307 expertem

943 1317 1068 1346 interitus
1096 1318 1224 1345 mundum
1258 1318 1365 1345 asserit.
1393 1317 1570 1345 Mutationem
1604 1322 1732 1352 praetcrea

943 1363 1031 1395 illum,
1047 1364 1323 1397 transformationem,
1339 1371 1371 1392 ac
1387 1363 1499 1395 ﬂuxum,
1515 1364 1734 1399 reprehendenda

944 1416 1005 1437 esse
1019 1409 1118 1442 dicere,
1132 1417 1184 1436 non
1201 1409 1291 1437 minus
1303 1417 1384 1445 quam
1400 1410 1451 1436 illa:
1466 1417 1526 1444 quae
1539 1416 1573 1437 ex
1589 1409 1736 1436 vitiositato

946 1459 1035 1481 ortum
1049 1455 1149 1482 habent
1166 1455 1352 1489 perpessiones
1369 1463 1420 1488 ;ac
1439 1455 1576 1483 Christum
1595 1459 1737 1490 propterea

950 1499 1091 1526 Dominum
1108 1504 1229 1527 nostrum
1258 1499 1425 1527 immutabile
1451 1508 1558 1535 corpus,
1582 1505 1663 1535 atque
1685 1500 1738 1527 im-

950 1545 1069 1580 patihile.
1085 1551 1112 1572 et
1126 1545 1324 1580 incorruptum,
1343 1546 1507 1581 minimeque
1519 1546 1617 1573 [luxum
1631 1553 1737 1573 assum-

952 1591 1048 1626 psisse.
1067 1591 1185 1619 Rursum
1201 1597 1291 1619 autem
1312 1599 1373 1619 eum
1388 1593 1570 1626 reprehendit.
1589 1594 1651 1620 dum
1667 1592 1740 1620 allio-

953 1640 1010 1663 mat
1025 1637 1152 1663 mundum
1169 1636 1240 1663 ltunc
1253 1642 1383 1664 aeternum
1404 1645 1472 1670 esse,
1486 1643 1514 1665 et
1529 1638 1738 1673 ingenerabilem

953 1687 1036 1717 atque
1060 1682 1291 1717 incorruptibilem
1312 1691 1320 1716 ;
1336 1690 1424 1718 neque
1441 1688 1528 1712 tamen
1545 1684 1739 1712 elementorum

955 1728 1026 1756 illam
1042 1729 1293 1756 transmutationem
1312 1729 1418 1765 recipit,
1434 1738 1493 1764 qua:
1514 1731 1548 1758 ad
1563 1730 1741 1758 aeternitatem

955 1774 1027 1801 illius
1038 1774 1255 1801 constituendam
1267 1775 1388 1808 all‘ertur,
1402 1781 1492 1810 utpote
1502 1778 1574 1811 quod
1586 1777 1643 1804 haec
1659 1777 1740 1804 etiant

955 1819 1026 1847 inter
1045 1819 1104 1847 illas
1131 1821 1270 1854 passiones
1282 1821 1334 1854 sit,
1348 1829 1415 1856 quas
1439 1822 1665 1857 reprehensibiles
1691 1823 1741 1851 illan

955 1873 1016 1894 esse
1028 1871 1102 1894 certo
1119 1867 1205 1894 docet.
1225 1867 1326 1895 Deinde
1342 1869 1413 1904 quod
1432 1869 1564 1896 Adannun
1586 1870 1743 1904 incorrupto

956 1916 983 1939 et
1002 1911 1149 1939 immortali
1176 1917 1271 1947 suapte
1293 1914 1328 1945 vi,
1345 1918 1373 1941 et
1389 1914 1528 1948 impatibili
1550 1922 1668 1950 corpore
1687 1916 1743 1943 elli-

956 1962 1029 1984 ctum
1056 1957 1154 1985 dicat:
1181 1957 1231 1984 hoc
1256 1959 1372 1992 amplius
1395 1959 1504 1993 addito,
1528 1960 1616 1995 ipsum
1637 1968 1744 1996 quoque

958 2006 1037 2029 terra:
1050 2001 1147 2035 lutum,
1166 2011 1200 2030 ex
1216 2010 1269 2037 quo
1285 2003 1427 2031 formatum
1449 2013 1548 2040 corpus
1563 2010 1631 2040 erat,
1648 2015 1744 2035 corru-

957 2047 1058 2081 ptionis
1076 2055 1173 2082 expers
1195 2048 1289 2077 fuisse.
1305 2048 1489 2084 Reprehendit
1507 2052 1631 2079 eumdem
1646 2053 1744 2080 iterum

958 2091 1029 2126 quod
1047 2092 1225 2126 corruptionis
1252 2094 1393 2128 vocabulo,
1408 2095 1514 2122 unicam
1532 2096 1664 2125 duntaxat
1681 2098 1747 2125 sub-

958 2144 1019 2166 esse
1045 2139 1182 2166 notionem
1199 2141 1357 2168 asseruerit.
1374 2140 1425 2169 Ubi
1450 2142 1532 2169 etiam
1550 2142 1614 2170 illud
1634 2143 1747 2172 demun-

959 2186 1040 2216 strat,
1067 2190 1155 2218 neque
1182 2184 1375 2220 corruptionis,
1402 2186 1482 2222 106
1504 2194 1521 2213 ιι
1543 2194 1630 2221 neque
1652 2189 1748 2216 mortis

963 2236 1051 2263 neque
1063 2229 1167 2257 vitiosa:
1179 2229 1294 2263 alicujus
1310 2231 1453 2265 passionis,
1470 2232 1517 2259 sed
1535 2239 1624 2268 neque
1635 2233 1747 2268 Culpan-

962 2273 1058 2302 darum
1085 2275 1193 2310 quidem
1213 2276 1404 2310 cogitationum
1417 2283 1554 2306 auctorem
1576 2286 1637 2307 esse
1653 2279 1749 2314 Deum,

963 2321 1069 2347 tametsi
1089 2320 1303 2355 corruptibilium
1322 2329 1353 2349 ae
1370 2323 1522 2351 mortalium
1534 2325 1750 2354 substantiarum

963 2369 1058 2392 auctor
1071 2366 1185 2393 exsistat
1199 2375 1206 2394 :
1231 2367 1302 2402 qttod
1317 2367 1360 2395 illa
1381 2368 1414 2396 de
1429 2376 1481 2396 non
1495 2370 1681 2399 exsistentinm
1697 2380 1749 2399 nu-

963 2417 1038 2437 mero
1057 2410 1123 2444 sint,
1140 2416 1167 2438 et
1181 2419 1230 2446 per
1244 2419 1273 2439 se
1289 2412 1344 2446 ipsa
1360 2413 1565 2442 subsistentiam
1585 2416 1685 2443 nullam
1699 2416 1749 2444 ha-

962 2454 1053 2482 beant.
1071 2454 1165 2490 Carpit
1182 2457 1245 2484 item
1264 2457 1417 2490 Andream,
1439 2460 1509 2493 quod
1526 2460 1627 2488 Christi
1645 2460 1750 2489 Domini

965 2508 1063 2536 corpus
1083 2509 1117 2528 ex
1135 2502 1191 2537 ipsa
1211 2502 1290 2530 Verbi
1311 2504 1432 2532 unitioue
1454 2506 1612 2541 imputibile,
1626 2507 1751 2535 incorru-

797 2578 921 2607 VARIE
945 2578 1151 2608 LECTIONES.’

160 2631 182 2646 ³³
193 2630 242 2656 καὶ
255 2636 311 2655 om.
324 2627 357 2655 A.
394 2627 417 2643 ³⁸
431 2626 473 2659 δὲῖ
485 2626 513 2653 δὲ
527 2627 576 2654 καὶ
587 2636 617 2659 ς,

126 2674 169 2700 χει
183 2666 205 2692 A
225 2674 231 2692 :
247 2665 325 2700 λέγει
339 2672 369 2700 ς,
389 2663 443 2700 __“

670 2626 693 2642 ³³
709 2626 924 2660 παρεγγυήσατο
937 2625 970 2652 Α.

1022 2626 1044 2642 ³⁸
1058 2625 1133 2667 αὑτῷ
1149 2633 1203 2667 orn.
1216 2635 1258 2667 pr.
1323 2662 1329 2667 _
1355 2628 1378 2644 ³⁷
1390 2628 1550 2667 ἀποδείξεως
1559 2641 1588 2664 ς.
1635 2633 1657 2649 ³⁸
1675 2633 1751 2667 ἐλέγ-

477 2654 601 2703 γίωνμλξ
618 2661 691 2703 [δίων
709 2670 739 2703 ς.
751 2654 757 2660 ’
769 2654 1004 2703 ,δῖ’πέρεριάσατο
1021 2669 1052 2703 ς.
1087 2654 1231 2703 ’παλαιᾷ
1243 2663 1290 2703 καὶ
1302 2662 1349 2703 νέᾳ.
1364 2654 1634 2703 ς.’””ιξ’έίὲῖᾶὦ.ὴτα
1652 2654 1753 2696 c;§;,‘,_

127 2695 213 2728 bonus
227 2709 234 2727 :
248 2695 311 2726 libri
327 2697 496 2732 ὲνδιάϐ).ητα.
537 2697 559 2712 ⁸³
572 2695 628 2732 τὸν]
644 2697 691 2723 καὶ
704 2696 750 2722 τὸν
761 2695 795 2723 Α.
834 2695 857 2711 ⁸⁸
869 2695 893 2722 τί

948 2695 998 2722 ιάιί.
1014 2697 1047 2722 Δ.
1086 2695 1108 2713 ⁸⁸
1120 2704 1165 2724 an.
1176 2695 1245 2725 forte
1259 2695 1456 2734 ἐνυπάρκτωντ

894 2749 1013 2779 NOTIE.

127 2838 162 2864 lin

137 2836 143 2843 ἱ
163 2801 218 2837 (92)
243 2801 333 2835 Quare
349 2806 398 2828 nec
422 2800 505 2829 multo
520 2805 581 2836 post
600 2801 741 2829 damnatas
763 2799 790 2827 in
807 2798 904 2828 concil.
924 2799 1014 2831 lto:n.,
1035 2804 1064 2828 ut
1082 2799 1165 2829 refert
1180 2801 1260 2832 card.
1277 2801 1378 2831 Baron.
1402 2803 1435 2831 ad
1451 2811 1513 2831 anu.
1540 2803 1604 2832 Chr.
1623 2803 1684 2838 601,
1703 2804 1752 2832 sub
