1938 3091
259 156 312 187 451)

844 148 977 180 PHOTll
996 145 1249 177 PATRIARCHE
1268 145 1321 176 (ΣΡ.

1838 137 1891 168 460

260 216 316 237 tum
335 209 425 236 videre
438 207 524 243 potui,
533 205 722 241 prodiderunt,
735 211 823 238 neque
836 203 862 230 in
879 203 971 230 multis
982 203 1051 229 adeo

1109 211 1180 237 τιμα.
1196 202 1252 229 Καὶ
1267 202 1293 228 οἱ
1308 200 1384 228 ἄλλοι
1399 199 1428 226 δὲ
1443 199 1497 226 τῶν
1513 198 1563 229 τὰς
1585 195 1742 232 γεωργικὰς
1758 203 1891 230 πραγμα-

260 256 433 284 dissentiunt.
454 254 558 287 Quibus
572 257 660 280 autem
676 251 749 278 inter
763 259 792 278 se
805 250 948 280 dissident.
963 249 988 276 in
1007 248 1050 276 his

261 303 360 331 Leonis
374 300 561 336 experimenta
575 298 682 326 caeteris
694 301 896 331 anteponuntur
911 295 1047 323 omnibus.

601 434 714 462 CLXIV.

435 483 550 510 Galenus
564 481 602 509 De
617 481 692 508 sectis
708 479 878 506 medicorum.

298 532 426 568 Legimus
449 529 543 557 Galeni
560 528 658 554 librttm
677 525 714 553 De
729 525 815 552 sectis.
830 523 945 551 Disscrit
959 526 1049 549 autem

261 581 293 607 de
307 579 389 607 sectis
402 583 464 612 qum
478 576 504 603 in
521 578 584 601 arte
597 573 700 600 medica
722 572 791 598 inter
802 578 831 598 se
845 569 1049 603 cortspirarunt.

258 627 312 653 Eas
327 629 381 652 tres
394 624 431 650 ait
447 629 507 650 esse
523 619 689 655 potissimas.
716 617 803 645 Unam
823 616 935 650 logiram
952 613 1043 649 appel-

259 672 353 701 latam,
371 675 452 704 quam
471 671 498 693 et
513 665 690 700 dogmaticam
713 662 880 696 agnotniual,
906 665 934 687 et
957 659 1051 686 analo-

260 717 392 752 gisticam.
423 713 542 741 Alteram
572 718 637 738 vero
653 708 805 743 empiricam
829 707 952 734 dictam:
981 705 1051 732 hanc

205 791 209 797 ,
261 762 459 790 observatricem
489 764 598 794 quoque
637 764 669 783 ac
694 754 872 782 memorialem
903 753 1049 780 nominat.

260 809 381 837 Tertiam
403 806 520 840 dettique
534 802 718 831 methodicam.
735 799 866 827 Diﬂ‘erunt
878 803 967 825 autem
981 797 1051 824 inter

261 865 290 882 se.
305 862 366 882 cum
385 852 446 880 aliis
462 851 553 882 rebus,
570 854 626 876 tum
640 846 806 875 inventionis
828 846 918 872 modo.
932 843 1049 878 Dogma-

261 903 330 929 ticus
345 899 417 928 enim
431 897 564 927 medicus,
585 903 618 922 ex
641 901 675 922 eo
701 893 772 927 quod
799 890 986 919 ratiocinuudu
1001 896 1048 916 cu-
1067 893 1086 919 ιι

262 946 338 974 randi
369 943 510 972 ntethodos
536 940 665 975 reperiat,
683 943 770 966 artem
794 945 870 966 suam
893 935 1049 964 constituit.

262 991 414 1026 Enipiricus
422 996 485 1016 vero
495 995 546 1015 non
559 985 779 1017 ratiocinatione,
792 983 839 1010 sed
863 982 1051 1017 experimento

262 1044 344 1073 atque
356 1034 547 1064 observatione
563 1036 650 1059 artem
664 1029 778 1064 colligit.
796 1028 855 1056 Jam
869 1027 1049 1058 methodicus,

262 1086 307 1121 qui
324 1091 351 1113 et
366 1083 472 1111 ratione
496 1087 575 1108 usum
590 1086 632 1110 se.
645 1082 673 1105 et
685 1076 873 1112 experimento
896 1074 1051 1109 proﬁtetur,

262 1118 312 1159 etsi
328 1131 424 1158 horum
450 1132 547 1155 neutro
562 1125 630 1153 satis
655 1126 783 1150 accurate
801 1124 902 1153 utatur,
922 1119 955 1146 ab
971 1118 1052 1145 utris-

262 1186 315 1214 que
331 1177 385 1204 illis
401 1175 498 1201 tnerito
513 1172 657 1200 distinctus
672 1168 838 1196 censebitur.

300 1224 382 1251 Liber
394 1221 438 1248 hic
453 1225 508 1247 tres
525 1219 549 1245 in
568 1221 660 1252 partes
675 1219 783 1243 secatur
802 1223 809 1241 :
825 1219 939 1247 quarum
954 1212 980 1238 in
997 1215 1053 1246 pri-

263 1277 306 1296 ma
322 1268 429 1302 quidem
444 1264 603 1298 empirieam
619 1267 701 1296 atque
724 1259 905 1294 dogmaticam
923 1256 1052 1292 graphice

265 1315 396 1343 describit
413 1321 419 1339 :
438 1312 483 1338 ubi
507 1310 602 1340 etiam,
624 1307 713 1343 qualis
733 1306 876 1338 utriusque
892 1308 988 1330 natura
1005 1302 1049 1334 sit,

264 1359 392 1387 ostendit.
409 1357 501 1384 Altera
531 1361 595 1382 vero
622 1357 699 1387 parte
726 1352 793 1378 duas
824 1349 938 1376 invicem
964 1352 1052 1375 sectas

264 1407 343 1433 valde
357 1403 562 1431 contendentes.
579 1404 606 1427 et
619 1399 652 1426 de
661 1396 813 1433 principatu
825 1399 964 1422 certantes
979 1401 1053 1419 com—

265 1453 350 1488 ponit.
369 1449 461 1476 Tertia
479 1447 595 1481 denique
612 1443 792 1471 methodicant
808 1440 941 1476 producit.
958 1443 984 1467 et
998 1438 1054 1474 qui-

266 1500 326 1526 dem
343 1504 404 1524 cum
431 1494 492 1522 aliis
516 1490 710 1527 suprascriptis
737 1488 840 1516 duabus
868 1490 1053 1522 pugnantem,

266 1545 387 1581 qualibet
399 1550 414 1570 e
428 1542 513 1569 tribus
525 1539 609 1568 sectis
626 1545 674 1566 sua
690 1537 750 1572 jura
769 1534 935 1570 proferente,
951 1537 979 1560 et
993 1532 1056 1560 reli-

266 1563 334 1628 iiuus
358 1591 469 1618 vincere
485 1591 634 1622 satagente.
649 1584 739 1618 Atque
757 1582 800 1609 hic
816 1581 888 1609 tertii
906 1579 967 1608 libri
994 1579 1056 1606 ﬁnis
1069 1563 1090 1592 ϐ

267 1626 319 1666 ost.
333 1637 398 1664 Illud
419 1635 533 1665 clarum,
550 1639 617 1666 opus
632 1631 684 1658 hoc
707 1630 779 1656 inter
794 1633 892 1656 caetera
913 1626 980 1653 artis
1001 1632 1057 1652 me-

267 1684 334 1711 dica:
349 1682 448 1716 scripta
466 1679 593 1706 omnibus
609 1674 732 1711 μηθίεηί
758 1679 895 1708 oportere.
918 1671 1056 1706 Siquidem

268 1731 374 1757 discere
385 1725 522 1756 convenit.
537 1731 597 1759 quae
611 1725 684 1749 secta
701 1721 773 1748 inter
788 1726 883 1746 omnes
896 1718 996 1752 optima
1010 1717 1056 1749 sit,

268 1781 297 1802 ut
311 1782 371 1802 eam
384 1771 481 1800 deinde
497 1770 620 1798 secteris.
638 1768 752 1796 Videtur
768 1771 859 1793 autem
877 1772 931 1791 non
949 1763 1058 1798 proprie

270 1821 390 1848 medicus
400 1817 541 1845 habendus
553 1815 621 1842 liber
631 1814 685 1846 hic,
699 1812 744 1839 sed
760 1809 883 1846 prooemii
894 1809 978 1836 vicem
989 1816 1058 1842 pne-

241 1863 243 1866 ’
267 1868 334 1894 here
349 1886 356 1897 ,
388 1869 468 1898 atque
492 1862 525 1888 ad
550 1858 750 1895 philosophiam
787 1857 876 1892 potius
909 1855 1055 1890 pertinere.

271 1912 365 1948 10711
385 1910 495 1937 Certum
513 1908 577 1934 item
599 1905 676 1937 illud,
692 1904 725 1931 ad
748 1903 895 1931 dictionem
904 1901 980 1936 quod
996 1899 1058 1926 atti-

270 1965 324 1991 net,
348 1962 432 1990 atque
456 1952 692 1988 compositionem,
721 1957 818 1986 purum
837 1956 898 1975 eum
927 1954 999 1978 esse,
1027 1952 1058 1972 ac

268 2008 424 2031 venustum.
443 2001 543 2028 Harum
559 1999 631 2027 enim
647 1997 747 2032 ubique
758 1995 907 2022 formarum
919 1993 1057 2020 studiosus

271 2049 404 2084 imprimis
429 2047 548 2075 Galenus
576 2044 692 2076 exstitit,
716 2040 823 2069 tametsi
861 2039 887 2066 in
921 2038 1058 2072 plerisque

270 2083 381 2129 scriptis
395 2090 593 2125 intempestivis
607 2089 664 2117 suis
676 2086 846 2115 sermonibus
865 2092 897 2112 ac
909 2083 1057 2119 digressio-

271 2141 360 2174 nibus,
378 2138 576 2175 prmlougisquc
595 2135 713 2170 periodis
737 2141 791 2160 nou
807 2132 868 2160 sine
883 2130 1006 2157 molestia
1024 2129 1058 2156 li-

271 2189 334 2216 bros
357 2186 545 2216 commiscent,
576 2183 711 2210 dictorum
725 2186 835 2206 sensum
868 2177 1005 2208 obseuret,
1031 2180 1059 2202 et

1102 250 1179 281 τείας
1197 247 1435 284 συγγραψαμένων
1451 245 1543 281 σχεδόν
1565 253 1591 271 τι
1614 244 1647 270 τὰ
1662 243 1733 270 αὐτὰ
1754 243 1820 277 περὶ
1839 241 1893 268 τῶν

1102 296 1202 327 αὐτῶν,
1218 296 1270 322 ὅσα
1285 295 1335 330 ἐμὲ
1349 294 1457 322 εἰδέναι.
1475 291 1682 326 ἀποφαίνονται,
1699 289 1750 316 οὐκ
1765 288 1812 315 ἐπὶ
1829 288 1894 314 πο).-

1104 343 1159 373 λοῖς
1176 342 1204 369 δὲ
1220 338 1414 376 διαφωνοῦσιν.
1440 340 1483 366 Ἐν
1498 336 1538 369 οἷς
1552 338 1580 364 δὲ
1601 335 1856 371 διαπεφωνήκασιν,
1875 334 1893 368 ἡ

1102 389 1148 416 τοῦ
1164 388 1278 419 Λέοντος
1293 387 1347 414 τῶν
1365 386 1452 413 ἄλλων
1466 384 1643 420 προκρίνεται
1659 383 1752 418 πεῖρα.

1440 429 1517 458 ΡΞΔ’.

1296 478 1440 512 Γαληνοῦ
1457 477 1524 511 περὶ
1541 476 1697 511 αἱρέσεων.
1725 502 1733 510 ,

1144 526 1313 561 Ἀνεγνώσθη
1339 524 1460 560 Γαληνοῦ
1477 523 1548 558 Περὶ
1569 522 1725 557 αΙρέσε-ων.
1739 521 1808 556 Περὶ
1821 521 1895 555 αῑρέ-

1104 583 1172 600 σεων
1187 573 1214 600 δὲ
1230 573 1285 599 τῶν
1298 571 1369 598 κατὰ.
1385 570 1434 606 τὴν
1453 569 1579 605 ἰατρικὴν
1593 569 1643 604 τὴν
1662 567 1795 594 σύστασιν
1812 568 1894 601 ἐσχη-

1103 619 1188 647 κιιιῶν
1197 619 1388 654 διαλαμϐάνει,
1400 617 1446 643 καί
1457 616 1606 651 φησιτρεῖς
1616 614 1677 641 κατ’
1690 613 1819 649 ἰατρικὴν
1831 613 1895 639 καθ-

1102 666 1195 696 ολικὰς
1201 664 1321 700 αἱρέσεις
1328 663 1469 697 συστῆναι,
1476 662 1525 696 τήν
1533 669 1561 687 τε
1572 660 1744 695 καλουμένην
1753 658 1895 693 λογικὴν,

1102 714 1134 749 ἣν
1147 713 1192 739 καὶ
1202 710 1386 747 δογματικὴν
1395 709 1569 744 ἐπονομάζει,
1580 709 1619 735 ἔτι
1642 708 1669 734 δὲ
1693 707 1739 734 καὶ
1753 707 1895 740 ἀναλογι-

1102 759 1221 793 στικήν·
1239 758 1369 793 δευτέραν
1396 757 1425 784 δὲ
1446 757 1495 792 τὴν
1519 755 1690 790 καλουμένην
1704 752 1895 789 ἐμπειρικὴν,

1101 807 1162 841 ἥτις
1179 805 1226 832 καὶ
1242 804 1385 838 τηρητικὴ
1402 803 1450 830 καὶ
1466 801 1691 837 μγημονευτικὴ
1710 801 1895 827 ἐπικαλεῖται·

1102 851 1196 886 τρίτην
1207 849 1271 886 [I82
1280 849 1326 885 H.]
1335 849 1363 875 δέ
1379 848 1428 884 τὴν
1441 847 1617 883 μεθοδικὴν.
1629 846 1792 881 Διαφέρουσι
1808 845 1837 872 δὲ
1849 845 1897 871 ἀλ-

1102 898 1189 933 λήλων
1207 894 1288 924 αὗται
1303 896 1394 927 ἄλλοις
1404 903 1434 921 τε
1451 895 1499 921 καὶ
1513 893 1551 929 τῷ
1567 893 1663 929 τρόπῳ
1672 892 1722 926 τῆς
1737 892 1895 926 εὑρέσεως-

1101 945 1116 971 ὁ
1132 943 1181 978 μὲν
1191 943 1246 977 γὰρ
1253 941 1416 976 δογματικδς
1427 940 1499 975 λόγῳ
1515 938 1684 974 κεχρημένος
1695 937 1743 964 καὶ
1761 936 1812 968 τὰς
1827 936 1896 970 μεθ-

1102 989 1177 1021 όδους
1205 988 1255 1023 τῆς
1279 987 1402 1022 ἰατρείας
1421 986 1554 1022 εὑρίσκων
1577 984 1625 1020 τὴν
1650 985 1748 1018 τέχνην
1766 982 1896 1017 συνίστη.

1104 1043 1155 1066 σιν,
1170 1034 1184 1060 ὸ
1195 1034 1223 1061 δὲ
1241 1032 1401 1069 ἐμπειρικὸς
1414 1032 1505 1059 οὐκέτι
1520 1030 1559 1066 τῷ
1582 1030 1665 1064 λόγῳ,
1684 1029 1751 1056 ἀλλὰ
1763 1029 1796 1063 τῇ
1811 1028 1899 1063 πείρᾳ.

1103 1081 1150 1108 καὶ
1162 1082 1196 1116 τῇ
1212 1080 1328 1115 τηρήσει
1338 1087 1344 1094 ·
1361 1079 1376 1106 ὁ
1389 1079 1416 1106 δὲ
1431 1077 1569 1114 μεθοδικδς
1594 1075 1833 1111 ἐπαγγελλόμενος
1847 1075 1897 1101 καὶ

1103 1127 1175 1162 λόγῳ
1189 1127 1237 1153 καὶ
1261 1127 1343 1161 πείρᾳ
1367 1124 1528 1160 κεχρῆσθαι,
1552 1122 1674 1157 ἀκριϐῶς
1698 1121 1727 1148 δὲ
1753 1119 1898 1156 μηδετέρῳ

1103 1173 1256 1208 χρώμενος.
1271 1171 1384 1202 εἰκότως
1400 1171 1500 1205 ἀμφοῖν
1513 1169 1621 1196 διοίσει.

1140 1219 1186 1250 Et;
1198 1221 1221 1253 γ’
1231 1218 1258 1244 δὲ
1270 1218 1402 1252 τμήματα
1414 1217 1559 1252 διαιρεῖται
1570 1216 1600 1242 τὺ
1614 1215 1701 1251 παρὸν
1714 1215 1828 1250 βιϐλίον.
1839 1215 1895 1241 Καὶ

1106 1266 1135 1292 ἐν
1159 1264 1208 1299 μὲν
1221 1264 1259 1299 τῷ
1281 1263 1381 1299 πρώτῳ
1396 1263 1445 1297 τὴν
1459 1263 1588 1288 σύστασιν
1602 1262 1652 1296 τῆς
1665 1262 1831 1296 ὲμπειρικῆς
1847 1260 1898 1286 καὶ

1106 1310 1274 1346 δογματικῆς
1305 1309 1468 1344 ἀναγράφει,
1489 1309 1519 1334 ἐν
1539 1304 1561 1341 ᾧ
1577 1308 1625 1334 καὶ
1638 1308 1749 1342 ὀποίαή
1775 1307 1899 1341 ἑκάστης

1107 1356 1330 1383 οὺσίαδιδάσκει·
1346 1356 1375 1382 ἐν
1389 1355 1417 1381 δέ
1433 1354 1473 1390 τῷ
1495 1354 1616 1389 δευτέρῳ
1647 1353 1752 1387 εἰσάγει
1777 1353 1828 1384 τὰς
1850 1353 1900 1379 δίο

1107 1401 1357 1436 διαφιλονεικούσας
1374 1400 1496 1437 αἱρέσεις
1511 1400 1640 1436 ἀλλήλαις
1655 1399 1766 1426 καὶτῶν
1782 1398 1803 1414 ⁶¹
1820 1407 1901 1434 πρω-

1107 1448 1186 1474 τείων
1201 1447 1442 1483 ἀμφισϐητούσας·
1455 1447 1484 1474 ἐν
1497 1447 1525 1474 δὲ
1539 1447 1579 1483 τῷ
1591 1450 1615 1481 γ’
1638 1447 1762 1481 τμήματι
1777 1447 1830 1482 τὴν
1845 1455 1899 1473 κι-

1107 1492 1242 1527 λουμένην
1280 1492 1387 1527 εἰσάγει
1417 1491 1564 1527 μεθοδικὴν
1592 1493 1653 1524 ταῖς
1683 1492 1898 1528 προειρημέναις

1108 1538 1169 1565 δυσὶ
1186 1538 1355 1574 μαχομένην,
1370 1539 1501 1569 κάκείνας
1516 1539 1538 1555 ⁶¹
1556 1539 1624 1574 πρὸς
1636 1538 1749 1573 ταύτην,
1777 1540 1900 1573 ἑκάστης

1107 1584 1161 1612 τῶν
1174 1585 1256 1620 τριῶν
1271 1586 1305 1613 τὰ
1316 1586 1403 1612 οἰκεῖα
1414 1585 1638 1621 προϐαλλομένης
1650 1585 1742 1612 δίκαια
1754 1586 1801 1612 καὶ
1815 1594 1903 1612 σπευ-

1107 1631 1204 1666 δούσης
1226 1633 1266 1664 εἰς
1281 1632 1331 1668 τὴν
1346 1633 1417 1659 κατὰ
1432 1633 1487 1659 τῶν
1509 1633 1664 1659 ὑπολοίπων
1683 1632 1774 1668 νίκην.
1797 1633 1843 1658 Ἐν
1859 1630 1902 1658 οῗε

1107 1678 1199 1704 καὶτὸ
1213 1679 1304 1714 τρίτον
1326 1678 1509 1714 ἀπαρτίζεται
1534 1679 1643 1713 τμῆμα.
1662 1678 1746 1713 Δῆλον
1774 1678 1796 1704 δ’
1811 1678 1853 1704 ὅτι
1872 1679 1903 1704 :3

1109 1724 1210 1759 βιϐλίον
1235 1724 1315 1751 τοῦτο
1330 1724 1384 1752 τῶν
1403 1725 1473 1751 κατὰ
1488 1725 1538 1760 τὴν
1568 1724 1695 1759 ἰατρικὴν
1718 1724 1902 1758 ἀναγνωτμά-

1107 1779 1162 1797 των
1177 1771 1286 1798 πάντων
1305 1771 1506 1806 προτάττεσθαι
1523 1771 1637 1805 ὀφείλει,
1653 1771 1733 1806 εῐπερ
1750 1771 1791 1797 δεῖ
1803 1771 1904 1805 μαθεῖν

1110 1817 1172 1843 ποία
1193 1817 1288 1844 πασῶν
1303 1817 1402 1853 ἀρίστη
1431 1817 1548 1852 αἵρεσις,
1567 1817 1617 1843 εἶθ’
1648 1817 1720 1843 οὓτω
1749 1817 1838 1853 ταύτῃ
1852 1826 1902 1843 κε-

1109 1862 1238 1897 χρῆσθαι.
1258 1863 1306 1898 Εῐη
1323 1863 1346 1889 δ“
1361 1862 1394 1889 ἂν
1409 1863 1469 1889 οὐδὲ
1483 1863 1585 1898 κυρίως
1606 1863 1728 1898 ἰατρικὸν
1741 1863 1771 1889 τὴ
1784 1863 1901 1898 gratum

1107 1909 1176 1935 ἀλλὰ
1197 1909 1342 1945 προοιμίου
1356 1910 1438 1936 τόπον
1462 1910 1559 1944 ἐπέχον
1573 1909 1620 1936 καὶ
1635 1909 1780 1945 φιλοσοφίᾳ
1799 1910 1902 1942 μᾶλλον

1108 1955 1299 1990 ἀνακείμενον.
1323 1955 1407 1990 Δῆλον
1424 1955 1451 1982 δὲ
1473 1955 1525 1986 ὅτι,
1538 1955 1588 1982 ὅσα
1612 1964 1643 1989 γε
1657 1956 1703 1982 ἐπί
1719 1964 1749 1982 τε
1761 1955 1835 1988 λέξει
1856 1957 1903 1982 καὶ

1110 2001 1247 2034 συντάξει.
1271 2002 1390 2037 καθαρόν
1410 2002 1469 2029 ἐστι
1488 2002 1533 2029 καὶ
1555 2002 1699 2036 εὖκρινές·
1724 2001 1831 2028 τούτων
1848 2003 1903 2036 γάρ

1109 2048 1182 2073 ἐστιν
1195 2049 1223 2074 ὲν
1239 2048 1321 2074 πᾶσιν
1332 2049 1345 2074 ὁ
1357 2048 1476 2083 Γαληνὸς
1496 2048 1671 2083 φροντιστὴς.
1689 2048 1714 2073 εί
1731 2048 1777 2074 καὶ
1791 2048 1820 2073 ἐν
1836 2048 1900 2074 πολ-

1109 2092 1164 2124 λοῖς
1191 2092 1273 2119 αὐτοῦ
1295 2093 1349 2119 τῶν
1376 2094 1601 2128 συγγραμμάτων
1619 2092 1827 2128 ἀκαιρολογίαις
1855 2092 1902 2118 καὶ

1111 2139 1320 2174 παρεκτροπαῖς
1332 2138 1395 2175 [552
1412 2138 1459 2175 R.]
1475 2139 1522 2165 καὶ
1538 2138 1578 2174 τῷ
1594 2138 1648 2165 τῶν
1664 2138 1799 2173 περιόδων
1829 2146 1902 2173 σχοι-

1110 2185 1213 2211 νοτενεί
1223 2185 1359 2220 φορτίζων
1372 2185 1395 2200 ⁸³
1411 2185 1445 2212 τὰ
1471 2185 1560 2220 βιϐλία
1574 2185 1670 2219 συγχεῖ
1683 2184 1730 2211 καὶ
1744 2185 1838 2210 σκοτοῖ
1850 2185 1902 2210 τῶν

270 2233 401 2262 orationis
418 2232 516 2259 seriem
532 2225 731 2263 quodammodo
755 2226 910 2258 abrumpat,
925 2222 1053 2250 lectorem

1111 2230 1312 2266 γεγραμμένων
1325 2230 1370 2256 τὸν
1381 2230 1457 2262 νοῦν,
1472 2231 1523 2265 τήν
1535 2239 1561 2257 τε
1575 2231 1734 2266 σύμφρασιν
1751 2231 1835 2256 οἱονεὶ
1850 2230 1902 2256 διει-

271 2281 354 2308 ctium
371 2279 458 2313 ipsum
480 2274 646 2310 longioribus
659 2272 735 2300 hisee
755 2269 940 2298 deliramentis
965 2268 993 2295 in
1010 2274 1057 2294 ne-

271 2325 426 2361 gligentiam
450 2321 588 2349 abducens
605 2329 612 2348 :
628 2319 728 2354 quibus
757 2317 853 2346 saltem
878 2315 951 2342 vitiis
982 2317 1060 2341 vacat

272 2372 323 2399 hoc
340 2371 374 2398 de
393 2368 477 2397 sectis
498 2375 576 2402 opus.

615 2411 719 2440 CLXV.

412 2459 526 2487 "interit"
549 2458 673 2492 top/time
694 2455 917 2484 Declamationes.

307 2506 398 2533 Lecta:
409 2509 471 2532 sunt
485 2502 596 2530 Himerii
609 2502 647 2537 (2)
657 2501 784 2536 sophista:
799 2499 1008 2526 Declamationes
1023 2497 1062 2533 (5)

272 2561 319 2581 seu
331 2553 469 2579 Orationes
485 2550 577 2578 varice.
593 2548 729 2577 Suasoria:
744 2548 819 2578 dum,
832 2545 974 2581 iudiciales
988 2550 1060 2572 tres:

273 2606 388 2634 quarum
411 2598 492 2624 etiam
509 2596 566 2623 edit
591 2598 749 2630 argumenta
763 2591 814 2628 (4).
831 2591 864 2619 Et
875 2591 1058 2619 suasoriarum

1110 2274 1228 2306 κόπτων,
1244 2274 1291 2301 καὶ
1300 2275 1339 2306 εἰς
1350 2275 1466 2310 ἀκηδίαν
1479 2275 1554 2310 ἄγων
1571 2275 1615 2302 διὰ
1632 2274 1678 2301 τοῦ
1697 2274 1806 2310 μακροῦ
1817 2274 1901 2309 λήρου

1109 2320 1155 2346 τὸν
1175 2321 1328 2357 ἀκροατήν·
1356 2318 1394 2348 ὦν
1409 2321 1478 2353 τέως
1493 2322 1522 2348 τὸ
1540 2321 1626 2357 παρδν
1653 2320 1758 2356 βιϐλίον
1779 2321 1904 2356 ἀπήλλα-

1111 2375 1183 2393 κται,

1427 2412 1508 2440 ΡΞΕ¹.

1227 2457 1353 2492 Ἰμερίου
1366 2457 1525 2492 σοφιστοῦ,
1536 2459 1625 2493 Λόγοι
1639 2458 1790 2494 διάφοροι.

1157 2502 1379 2537 ’Λνεγνώσθησαν
1411 2502 1527 2538 Ὶμερίου
1560 2502 1689 2537 σοφιστοῦ
1705 2502 1906 2535 Μελέται,καὶ

1115 2547 1203 2580 ἄλλως
1229 2548 1316 2584 Λόγοι
1341 2548 1486 2582 διάφοροι,
1501 2546 1539 2576 ὧν
1558 2549 1582 2565 ⁸⁸
1598 2548 1832 2584 συμὸουλευτικαὶ
1860 2549 1907 2584 μὲν

1114 2593 1171 2625 δύο,
1182 2593 1320 2622 δικανικαὶ
1330 2594 1358 2621 δὲ
1372 2595 1484 2630 μελέται
1495 2597 1585 2632 τρεϊςα
1605 2595 1708 2622 τούτων
1725 2595 1754 2622 δὲ
1771 2595 1823 2622 καὶ
1840 2604 1906 2632 πρη-

916 2649 1034 2677 νΔΙίΙιΕ
1054 2651 1256 2682 LECTIONES.

307 2703 327 2718 "
346 2703 393 2729 καὶ
406 2702 459 2729 τῶν
471 2694 518 2728 ΑΟ
530 2710 536 2728 :
548 2699 670 2733 καὶπερὶ
683 2699 737 2725 τῶν
753 2707 783 2730 ς.
836 2698 858 2712 ¹¹
870 2697 999 2733 κάκείνην
1014 2706 1044 2729 ς.

1093 2699 1116 2714 ⁸⁸
1133 2699 1283 2735 φροντίζων
1300 2710 1330 2733 ς.

1381 2701 1404 2718 ⁸⁸
1417 2699 1456 2729 ὧν
1488 2702 1552 2729 add.
1572 2703 1604 2728 Λ.

1032 2756 1149 2786 ΝΟΤᾸ).

313 2809 349 2843 (2)
366 2808 432 2835 Vide
451 2806 573 2834 Sttitlattt.

273 2839 348 2906 uti»)
367 2844 466 2870 Earum
489 2845 616 2875 excerpta
641 2839 765 2874 quaedam
791 2839 838 2867 inf.
864 2839 986 2874 reperies
1001 2839 1062 2866 cod.

310 2886 337 2906 ο.

1120 2806 1400 2870 ὧὲέηιῖῑροθεωρίας,
1420 2807 1498 2843 quasi
1525 2807 1698 2843 prafationes
1722 2808 1755 2835 ad
1783 2817 1817 2837 ea
1850 2815 1905 2843 qu:
