1938 3091
69 125 119 160 461

533 127 796 159 BIBLIOTHECA.
805 141 839 146 --
857 127 965 158 CODD.
978 128 1102 166 CLXIV,
1115 129 1221 159 CLXV.

1649 128 1703 160 462

70 183 186 218 θεωρίας
207 183 355 210 ἐκτίθεται.
383 183 440 210 Καὶ
468 183 524 210 τῶν
547 183 787 219 ωμὸουλευτικῶν
815 182 865 218 μὲν

929 182 1025 216 ιιιίἀεηι
1044 182 1161 217 primam
1178 181 1306 217 Hyperidi
1324 181 1427 217 aliingit
1438 202 1446 213 .
1460 183 1536 218 quasi
1554 190 1635 218 super
1651 185 1704 211 De-

71 231 119 265 τὴν
136 230 252 265 πρώτην
273 230 314 261 εἰς
335 229 483 265 Ὑπερίδην
509 230 634 256 διατυποῖ
645 231 667 246 ⁵⁵
691 229 772 265 δῆθεν
793 230 863 265 ὑπὲρ

72 276 260 311 Δημοσθένους
275 275 525 310 συμϐουλεύουσαν,
538 275 588 311 τὴν
613 276 641 302 δὲ
671 276 711 308 εἰς
723 276 863 311 Δημοσθέ-

72 331 121 357 νην
138 322 220 348 αὑτὸν
237 321 309 357 ὑπὲρ
332 321 460 356 Αἰσχίνου
475 321 525 357 τὴν
554 317 708 358 συμϐουλὴν
731 322 864 357 σχηματί-

74 368 164 399 ζοντα.
187 367 219 393 Ol
245 366 274 393 δὲ
290 367 378 393 λοιποὶ
403 368 488 402 τρεῖς,
504 368 519 393 ό
541 367 591 402 μὲν
614 368 676 394 κατ’
699 366 863 402 Ἑπικούρου

73 413 269 440 διαπλάττεται
297 408 546 449 ἀσεϐείαςγραφὴν
569 413 670 440 ὡσανεὶ⁸
681 413 839 447 φεύγοντος,
851 414 865 439 ὁ

73 458 100 485 δὲ
115 459 187 485 κατὰ
206 459 347 492 πλουσίου,
374 460 492 496 πένητος
517 454 614 494 ἀνδρδς
629 460 718 486 οἰκίαν
729 460 794 494 ὅλην
813 468 866 494 μυ-

74 505 168 539 σαροῖς
184 499 354 537 κενιῖισαντος
382 505 515 540 δράμασι,
540 505 589 531 καὶ
602 504 683 531 αὑτὸν
699 505 804 538 εἰσάγει
821 505 866 531 τὸν

73 553 180 585 πένητα
202 547 446 586 διαγωνιζόμενον·
471 552 485 577 ὸ
508 551 536 578 δὲ
563 551 655 586 τρίτος
681 551 867 585 Θεμιστοκλέα

73 597 196 632 παράγει
209 597 317 631 βασιλεῖ
332 597 445 632 Περσῶν
465 597 651 632 ἀντιλέγοντα,
679 598 790 624 ἐπειδὰν
802 598 869 624 ὑπο-

75 644 184 678 σχέσεις
197 643 302 674 ὲκείνος
317 638 479 679 προύτεινεν
495 644 517 659 ⁸⁸
531 644 602 679 ὑπὲρ
622 643 673 678 τῆς
683 640 732 670 τοῦ
749 643 868 679 πολέμου

75 688 262 720 καταλύσεως.
598 722 600 726 π

112 732 193 761 Οὗτοι
209 735 242 770 δὴ
270 734 345 769 αὐτῷ
367 735 392 761 oi
407 734 482 769 λόγοι
502 735 553 770 τήν
579 743 609 761 τε
621 736 650 762 ὲν
663 735 753 769 λόγοις
769 735 870 771 ἀρετὴν

75 781 161 807 αὑτοῦ
183 781 231 808 καὶ
248 780 303 808 τῶν
331 782 477 817 νοημάτων
499 781 529 808 τὸ
546 781 665 816 ἀνθηρὸν
685 781 733 808 καὶ
747 779 815 817 ἦκον
831 781 871 812 εἰς

915 228 1057 255 mosthene
1087 228 1247 256 deliberatio
1272 229 1317 255 sil.
1342 229 1463 256 Alteram
1493 236 1558 256 vero
1575 230 1625 264 ipsi
1653 229 1705 257 De-

917 274 1074 306 mostheni.
1105 274 1330 302 consultationem
1356 283 1438 309 super
1466 275 1596 304 Eschine
1623 276 1705 304 οσον-

917 321 1012 348 manti.
1025 320 1117 348 Trium
1136 320 1301 355 reliquarum
1324 321 1412 355 prima
1429 328 1522 349 contra
1547 321 1704 357 Epicurum.

918 367 993 394 velut
1009 367 1155 400 impietatis
1173 373 1248 393 reum
1272 367 1434 395 instituitur.
1455 367 1548 395 Altera
1575 368 1706 396 adversus

917 413 1041 444 divitem,
1072 413 1118 447 qui
1145 413 1272 447 pauperis
1301 414 1433 449 integram
1455 414 1564 441 domum
1583 415 1707 442 scelestis

919 460 977 486 suis
993 458 1158 486 facinoribus
1170 459 1344 491 exhauserat,
1360 460 1502 494 ipsumque
1522 461 1591 488 adeo
1606 469 1707 495 paupe-

921 513 978 532 rem
997 505 1101 532 inducit
1116 512 1225 532 causam
1240 506 1309 532 hanc
1328 511 1511 540 perorantem.
1528 506 1618 533 Tertia
1636 507 1707 533 The-

920 552 1070 579 mistoclem
1085 552 1148 579 facit
1156 552 1285 579 adversus
1294 552 1374 579 l’erSa
1380 561 1436 578 rmn
1447 560 1537 587 regem
1546 553 1707 580 sententiam

920 598 1065 630 dicentem,
1081 598 1190 632 quando
1204 597 1248 625 hic
1269 598 1302 625 ad
1319 597 1502 625 amoliendum
1525 598 1624 625 bellum
1645 606 1709 633 pro-

921 643 1003 671 missa
1020 644 1095 677 pacis
1111 643 1252 670 aﬂ‘erebat.

960 735 1008 762 Hie
1039 738 1128 762 autem
1151 734 1186 762 ab
1200 741 1233 762 eo
1254 739 1318 761 sunt
1341 734 1480 762 orationes
1494 735 1664 769 conscriptae.
1681 741 1711 762 ut

922 782 949 809 in
967 782 999 809 iis
1022 781 1233 816 quodammodo.
1249 781 1310 815 plus
1324 789 1405 816 quam
1429 781 1455 807 in
1471 782 1587 812 caeteris.
1602 782 1710 809 dicendi

73 824 192 861 δύναμιν
216 827 318 862 μᾶλλον
334 826 389 853 τῶν
415 825 504 854 ἀλλων
532 826 667 854 δεικνύειν
684 835 744 858 πως
771 827 870 862 ἐμελε-

929 829 976 854 vim
989 836 1078 859 suam,
1091 828 1344 862 sententiarumque
1364 828 1456 854 liorem
1477 835 1526 862 pro
1544 828 1648 856 viribus
1663 837 1712 856 ex-

74 873 217 908 τήθησαν·
244 873 401 908 περιϐολαῖς
414 882 443 900 τε
460 873 515 909 γὰρ
537 873 608 900 κατὰ
627 873 709 908 ζῆλον
732 873 870 908 Δημοσθὲ-

929 874 1036 901 liberet.
1051 873 1091 900 Ad
1110 874 1288 900 imitationem
1305 874 1375 902 enim
1394 874 1584 902 Demosthenis
1592 875 1712 902 circum-

74 928 140 950 νους
157 919 314 952 πλεονάζει,
331 920 377 946 καὶ
393 919 433 954 τῷ
460 920 709 956 πολυσχηματίστῳ
732 920 870 947 ποικίλλε-

73 974 134 998 ται,
155 966 202 992 καὶ
216 966 276 996 ταῖς
299 965 384 997 ἰδέαις
398 965 490 998 καλῶς
505 966 570 997 τοὺς
593 966 690 1001 λόγους
710 967 869 1001 κεράννυσι,

73 1013 115 1048 τῷ
133 1013 246 1048 μεγάλῳ
263 1013 286 1029 ⁸⁷
301 1012 400 1048 μᾶλλον
414 1012 580 1048 ὑψούμενος·
608 1014 655 1039 καὶ
668 1012 740 1045 λέξει
757 1013 785 1039 δὲ
800 1012 870 1048 χρῆ-

73 1064 134 1090 ται,
151 1059 215 1085 ὅσον
232 1058 282 1093 μὲν
296 1059 336 1090 είς
347 1057 433 1085 τύπον
448 1058 515 1094 [185
529 1058 577 1094 IL]
586 1059 634 1086 καὶ
646 1060 679 1094 τῇ
698 1059 759 1085 καθ’
771 1058 871 1094 ἑαυτὴν

76 1104 204 1140 σημασιᾳ
219 1105 267 1131 καὶ
281 1105 410 1140 ἐμφάσει,
425 1105 501 1132 οὐδὲν
513 1105 536 1120 ⁸⁸
549 1104 597 1131 τοῦ
614 1104 717 1139 σαφοῦς
746 1104 872 1139 λειπομέ-

74 1159 126 1187 νῃε
144 1150 176 1177 τὸ
190 1150 218 1176 δὲ
231 1150 324 1182 λύσεις
338 1150 424 1182 αὐτὰς
439 1150 580 1185 ὀνομάτων
594 1150 631 1181 ὼς
646 1150 693 1176 ἐπὶ
705 1149 736 1176 τὺ
748 1150 872 1176 πλεῖστον

76 1195 150 1223 εἶναι
165 1196 264 1228 ξενίζει
278 1196 327 1231 μὲν
346 1196 416 1226 μετὰ
439 1196 488 1223 τοῦ
500 1196 577 1232 ἡδέος
590 1196 640 1231 τὴν
652 1196 747 1231 ἀκοὴν,
759 1197 790 1222 οὺ
808 1196 873 1231 μέν·

76 1248 121 1267 τοι
146 1241 203 1272 τοῖς
221 1240 330 1272 πολλοῖς
345 1241 389 1266 ἐπ’
406 1240 467 1276 ῐσης
484 1241 634 1276 παρέχεται
645 1241 695 1277 τὴν
708 1241 870 1277 κατάληψιν.

75 1286 176 1322 Σαφὴς
193 1286 224 1314 δὲ
238 1286 286 1313 καὶ
297 1288 353 1319 τοῖς
367 1286 416 1323 τῆς
429 1288 585 1323 εὐκρινείας
603 1287 742 1323 ἰδιώμασι.
758 1288 875 1323 Χρώμε-

76 1338 125 1364 νος
156 1332 192 1364 δ“,
204 1332 241 1363 ὡς
253 1333 332 1367 ἔφην,
349 1332 479 1368 περιϐολῇ
490 1334 523 1368 τῇ
537 1341 567 1359 τε
577 1333 636 1359 κατ’
650 1333 816 1367 αἰτιολογίαν
828 1333 876 1360 καὶ⁸

76 1379 170 1410 ἄλλως
204 1378 388 1415 [κεχρημένος
409 1378 443 1416 ⁸⁸]
474 1380 621 1414 φαίνεται·
651 1381 762 1414 γοργοῖς
783 1379 876 1415 μέντοι

76 1428 138 1459 τοῖς
166 1427 307 1461 σχήμασιν
330 1427 474 1458 ἀποδιδοὺς
488 1426 537 1462 τὴν
554 1426 578 1442 "°
596 1425 722 1453 ὲντεῦθεν
741 1427 877 1458 ἀσάφειαν

77 1474 255 1508 ἐκκαθαίρει.
272 1471 327 1500 Καὶ
345 1471 491 1509 ὗπρόατῷ
509 1473 537 1499 δὲ
551 1473 598 1499 καὶ
615 1474 715 1509 τροπῇ,
732 1473 757 1499 εἰ
769 1473 814 1499 καὶ
825 1473 876 1507 τῆς

77 1517 233 1554 περιϐολῆς
246 1518 290 1544 ἐπ’
305 1516 426 1551 ἔλαττον,
443 1518 519 1554 ὅμως
536 1518 653 1545 ἐνταῦθα
670 1518 755 1553 πολλῇ
773 1519 820 1545 καὶ
833 1519 878 1545 εὑ-

78 1565 160 1598 (puti);
178 1565 290 1599 χρῆται.
308 1565 363 1591 Καὶ
383 1564 510 1596 σύντονος
532 1565 562 1591 ὲν
578 1564 684 1596 τούτοις
699 1566 746 1591 καὶ
766 1565 876 1600 γοργὸς,

77 1611 150 1636 ὅπου
166 1609 270 1645 δεήσοι.
287 1606 359 1636 Ἂλλ⁹
371 1608 400 1636 ὲν
417 1607 467 1645 μὲν
479 1611 535 1641 τοῖς
548 1609 704 1646 εἰρημένοις
718 1610 808 1645 λόγοις
824 1620 878 1638 τοι-

78 1665 173 1687 ουτος.

921 921 1137 956 ductionibus(5)
1149 921 1279 953 abundat,
1289 929 1320 948 ac
1335 921 1426 948 multis
1440 922 1623 950 schematibus
1637 923 1712 950 varie

922 966 1106 1001 distinguitur.
1118 966 1186 993 ldeis
1204 967 1268 993 item
1285 967 1398 1001 pulchre
1410 967 1550 994 orationes
1565 972 1711 1001 temperat.

922 1012 1030 1040 sublimi
1048 1019 1078 1039 se
1098 1012 1204 1039 dicendi
1234 1019 1334 1047 genere
1351 1013 1437 1046 magis
1462 1012 1588 1040 ell'erens.
1616 1011 1713 1040 Verbis

923 1059 955 1085 ad
970 1059 1026 1086 hmc
1042 1059 1137 1091 utitur,
1157 1065 1218 1092 quae
1238 1058 1283 1094 (ad
1308 1058 1421 1086 formam
1440 1059 1535 1086 saltem
1560 1059 1632 1093 quod
1648 1059 1712 1085 atti-

924 1105 981 1140 net)
1001 1112 1089 1140 neque
1104 1105 1139 1132 ob
1154 1104 1293 1140 propriam
1308 1112 1384 1132 suam
1404 1105 1553 1137 notionem,
1575 1112 1664 1136 neque
1678 1105 1714 1131 ob

924 1150 1075 1185 emphasim
1105 1157 1119 1176 a
1148 1151 1343 1185 perspicuitate
1374 1150 1531 1178 recedunt:
1550 1151 1622 1183 etsi,
1648 1151 1713 1185 quia

926 1197 1063 1223 nominum
1102 1196 1295 1224 dissolutiones
1322 1196 1360 1231 (6)
1397 1202 1426 1223 ιιι
1457 1196 1603 1231 plurimum
1636 1201 1710 1227 sunt.

926 1248 1006 1268 aures
1042 1242 1151 1275 quidem
1188 1248 1249 1268 cum
1275 1241 1448 1276 iucunditate
1484 1241 1628 1275 peregrino
1665 1248 1715 1268 suo

926 1295 994 1315 sono
1017 1287 1116 1315 feriunt
1145 1296 1154 1315 :
1183 1289 1231 1315 sed
1265 1295 1318 1314 non
1347 1295 1424 1322 mque
1454 1295 1469 1314 a
1515 1288 1595 1322 vulgo
1617 1287 1715 1315 inteili-

927 1338 1035 1369 guntur.
1067 1333 1164 1361 Clarus
1205 1341 1312 1368 quoque
1337 1338 1379 1362 est
1412 1342 1505 1361 earum
1541 1342 1632 1362 rerum
1667 1334 1718 1362 ob-

927 1380 1094 1412 servatione,
1111 1387 1171 1414 quae
1197 1379 1232 1406 ad
1256 1380 1412 1407 distinctam
1437 1381 1586 1407 orationem
1608 1380 1718 1415 proprie

928 1426 1075 1460 pertinent.
1094 1425 1186 1453 Utitur
1204 1427 1312 1457 etiam,.
1328 1430 1357 1452 ιιι
1381 1425 1511 1458 diximus,
1529 1426 1719 1461 complexione

929 1478 990 1498 cum
1005 1470 1080 1502 alibi,
1099 1474 1155 1497 tum
1183 1469 1228 1496 ubi
1253 1470 1292 1496 rei
1322 1469 1438 1503 alicujus
1464 1470 1596 1496 rationem
1620 1469 1717 1496 reddit.

930 1515 998 1543 Dum
1029 1523 1094 1543 vero
1131 1515 1253 1543 incitatis
1278 1515 1463 1542 schematibus
1484 1522 1561 1542 suam
1587 1514 1719 1542 redditio-

930 1571 991 1590 nem
1008 1562 1130 1596 apponit.
1142 1562 1224 1590 simul
1235 1563 1316 1589 etiam
1330 1568 1450 1594 omnem,
1464 1568 1524 1595 qua:
1537 1568 1570 1588 ex
1592 1560 1645 1588 illis
1658 1565 1718 1588 orta
1772 1564 1776 1570 '

931 1608 1030 1642 fuerat,
1049 1608 1242 1636 obscuritatem
1264 1607 1343 1634 tollit.
1368 1607 1552 1643 Hyperbatum
1576 1612 1719 1641 prmterea,

932 1664 964 1684 ac
977 1661 1094 1691 tropum.
1111 1655 1213 1690 108a
1234 1655 1284 1682 etsi
1301 1655 1388 1682 rarius
1399 1663 1479 1689 quam
1492 1654 1719 1690 complexionem,

82 1705 245 1739 frequenter
264 1709 353 1732 tamen
369 1703 415 1731 hic
434 1707 462 1731 et
488 1703 557 1731 scite
585 1704 708 1736 adhibet,
740 1711 792 1732 non
819 1703 877 1730 sine
897 1703 1072 1731 contentione
1085 1707 1167 1738 atque
1181 1702 1336 1734 velocitate,
1362 1710 1425 1730 cum
1442 1702 1551 1737 quidem
1584 1702 1621 1729 ita
1651 1709 1720 1737 opus

85 1756 137 1777 est.
158 1749 253 1776 Talem
272 1750 354 1784 igitur
368 1757 397 1776 se
412 1749 438 1776 in
454 1748 496 1781 iis.
512 1757 581 1784 quas
603 1749 772 1782 enumeravi,
794 1750 965 1776 orationibus
979 1749 1100 1776 exhibet.

126 1796 246 1830 Ὲφεξῆς
272 1795 300 1822 δὲ
313 1795 415 1822 τούτων
443 1794 536 1822 τάττει
560 1795 606 1821 τὸν
619 1794 837 1830 Πολεμαρχικὺν,
853 1793 883 1826 ὃς

87 1842 228 1878 ἒγκὼμιόν
245 1843 304 1869 ἐστι
320 1842 373 1869 τῶν
391 1841 461 1877 ὑπὲρ
477 1840 634 1876 ἐλευθερίας
649 1842 717 1877 πρὸς
729 1841 837 1876 Πέρσας
855 1842 883 1867 ὲν

88 1891 165 1925 μάχη
183 1886 323 1915 πεσόντων
341 1888 388 1914 καὶ
407 1885 526 1923 πολέμου
543 1887 666 1918 ἔπαινος.
682 1887 751 1914 Μεθ’
764 1888 793 1913 ὅν
809 1888 884 1913 ἐστιν

88 1935 103 1961 ὁ
121 1933 349 1969 Ἀρεοπαγιτικὸς
365 1933 381 1968 ἢ
394 1933 440 1959 καὶ
452 1930 666 1967 ἐλευθερωτικὸς
685 1928 826 1965 Ῥουφίνου
835 1929 883 1956 τοῦ

87 1981 192 2008 οἰκείου
209 1978 279 2006 υἱοῦ.
292 1976 376 2010 Οὗτος
389 1978 419 2005 οὐ
431 1978 454 1994 ⁷¹
466 1977 667 2013 πλασματικὺς,
679 1977 733 2003 οὐδ’
746 1977 760 2002 ό
771 1977 882 2012 ἑφεξῆς,

87 2028 105 2062 ἡ
121 2027 163 2058 εἰς
186 2026 235 2052 τὸν
252 2025 334 2052 αὐτὸν
357 2025 414 2051 υἱὸν
438 2023 640 2059 τελευτήσαντα
667 2019 795 2058 μονῳδία.
814 2019 883 2049 Εἶτα

87 2072 273 2107 ὲπιθαλάμιος
282 2073 322 2103 εἰς
332 2070 439 2106 ἑταῖρον
451 2068 586 2105 Σεῦῆρον·
604 2069 657 2096 οὐδ’
673 2067 695 2086 ⁷*
704 2067 780 2100 οὗτος
793 2069 821 2095 δὲ
835 2070 883 2103 δη-

87 2118 180 2144 λονότι
203 2117 258 2144 τῶν
275 2115 299 2133 ⁷³
313 2115 524 2151 πλασματικῶν,
550 2115 652 2142 Τούτου
673 2114 701 2142 δὲ
725 2115 806 2141 πάλιν
837 2115 884 2142 καὶ

89 2164 212 2199 θεωρίαν
240 2162 467 2198 προχαθίστησιν.
489 2161 546 2196 Ἐφ’
562 2159 602 2194 οἷς
632 2162 761 2197 Διογένης
779 2161 796 2197 ἢ
815 2170 883 2196 προ-

89 2211 249 2246 πεμπτικός
261 2219 268 2225 ”
285 2209 448 2245 σεμνύνεται
464 2209 492 2236 δὲ
508 2209 554 2236 καὶ
564 2205 641 2240 οὗτος
656 2209 821 2244 προθεωρίᾳ,
838 2208 885 2234 καί

970 1793 1087 1828 Subjicit
1103 1794 1135 1821 iis
1150 1793 1385 1821 Polemarchicum
1402 1793 1444 1829 [ut
1460 1793 1548 1830 vocat]
1566 1803 1573 1822 :
1590 1801 1650 1828 quae
1660 1795 1721 1830 qui-

932 1841 992 1867 dem
1005 1841 1091 1867 oratio
1107 1847 1201 1867 eorum
1216 1840 1261 1874 qui
1276 1848 1324 1872 pro
1338 1840 1432 1874 patria:
1443 1840 1569 1868 libertate
1582 1848 1642 1868 cum
1657 1841 1722 1868 Per-

933 1887 971 1914 sis
987 1885 1094 1913 fortiter
1113 1886 1256 1921 pugnaudo
1277 1886 1444 1919 ceciderunt,
1472 1887 1593 1914 laudatio
1617 1892 1669 1921 est,
1694 1893 1722 1914 et

933 1932 995 1960 belli
1010 1931 1089 1959 simul
1116 1932 1226 1958 brevem
1253 1931 1359 1958 laudem
1375 1933 1509 1959 continet.
1528 1933 1603 1960 Hanc
1620 1934 1723 1971 excipit

936 1978 1138 2013 Areopagitica,
1157 1977 1216 2005 sive
1240 1985 1290 2013 pro
1311 1978 1437 2005 libertate
1461 1978 1550 2006 Rulini
1578 1980 1637 2011 lilii,
1663 1988 1723 2016 qme

937 2025 1030 2052 ﬁctilia
1045 2033 1098 2052 non
1115 2030 1166 2056 est.
1191 2029 1219 2051 ιιι
1245 2032 1333 2059 neque
1357 2033 1472 2059 sequens
1495 2027 1520 2053 in
1548 2027 1672 2054 eumdem
1693 2028 1724 2053 li-

938 2071 1003 2098 lium
1021 2078 1116 2098 recens
1129 2072 1182 2098 vita
1199 2070 1320 2098 functum
1340 2072 1475 2098 monodia.
1498 2072 1602 2099 Dehinc
1619 2073 1725 2106 epitha-

938 2119 1036 2146 lamius
1064 2126 1154 2146 sermo
1179 2119 1205 2145 in
1222 2118 1351 2146 Severum
1373 2119 1494 2150 socium,
1522 2119 1567 2153 qui
1599 2127 1648 2147 nec
1664 2119 1721 2154 ipse

940 2165 1051 2192 fictilius
1064 2171 1116 2196 est,
1128 2170 1156 2192 et
1165 2165 1262 2192 iterum
1278 2171 1465 2199 argumentum
1476 2165 1616 2200 prreﬁxum
1633 2165 1722 2193 habet.

941 2211 1071 2245 Deinceps
1087 2211 1229 2246 Diogenes,
1237 2219 1285 2238 seu
1297 2210 1502 2245 Propempticus
1512 2211 1562 2247 (7).
1579 2211 1640 2239 Haec
1656 2219 1724 2246 quo-

90 2265 123 2290 γε
140 2257 190 2283 καὶ
205 2257 244 2287 ὡς
259 2255 377 2290 διαλόγῳ
391 2255 523 2282 τυποῦται
534 2255 729 2290 πλαττόμενος.
744 2252 810 2281 Εἶτα
821 2254 872 2290 πρὸ

941 2263 992 2291 que
1012 2261 1174 2291 argumento
1189 2261 1305 2283 ornatur
1326 2264 1358 2283 ac
1371 2257 1538 2292 dialogorum
1558 2265 1635 2284 more
1656 2257 1726 2284 ﬁctis

90 2302 157 2333 τοὺς
166 2301 294 2336 ἑταίρους
306 2302 513 2337 συντακτήριος,
529 2301 574 2327 ὅτε
591 2300 665 2336 ἐξῄει
685 2302 725 2332 είς
741 2300 883 2336 Κόρινθον.

92 2347 180 2374 Πάλιν
204 2348 245 2378 εἰς
270 2345 420 2373 Φλαὸιανὸν
447 2346 687 2382 προπεμπτήριος,
714 2345 886 2380 προαχθέντα

939 2302 1064 2336 personis
1080 2302 1247 2330 conformata
1265 2307 1316 2330 est.
1336 2302 1403 2330 Hinc
1421 2303 1455 2329 ad
1476 2303 1571 2336 socios:
1585 2302 1727 2338 Syutacle-

940 2348 997 2375 rius
1016 2348 1066 2384 (8).
1085 2348 1195 2383 quando
1221 2348 1381 2376 Corinthum
1399 2348 1631 2383 proﬁciscebatur.
1657 2348 1726 2376 Pro-

749 2402 866 2430 νΑΒιιΕ
884 2402 1088 2431 LECTIONES.

125 2465 151 2482 ⁴⁸
168 2463 283 2490 ἑκτυποῖ
298 2471 328 2496 ς.
365 2461 388 2477 ⁸⁸
404 2460 569 2497 προτείνειεν
579 2468 613 2497 Δςςἶ
688 2459 869 2497 μεγαλμείῳᾉς.
908 2461 931 2476 ⁸⁸
944 2459 1006 2497 οὐδε
1018 2470 1046 2494 ς.
1078 2455 1104 2477 ⁶⁸’
1117 2461 1286 2497 κεχρημένος
1296 2469 1351 2490 οιη.
1368 2469 1410 2497 pr.
1421 2461 1452 2489 C.

94 2509 123 2528 τε
140 2509 174 2533 ς.
197 2494 370 2534 Stephanus:
386 2494 446 2523 libri
459 2497 484 2524 ὁ.
521 2496 544 2511 ⁷³
558 2494 613 2521 οὐδ’
623 2495 685 2522 add.
699 2494 732 2521 Α.
769 2495 792 2510 ⁷⁸
803 2495 857 2522 τῶν
869 2504 923 2523 οιιι.
941 2497 974 2523 Α.
997 2494 1006 2502 ’

1506 2462 1528 2478 ⁷⁸
1540 2461 1589 2498 τὴν
1611 2461 1652 2489 A:
1678 2462 1728 2498 τήν

869 2555 985 2585 ΝΟΤιΕ.

131 2605 173 2639 (5)
188 2603 356 2639 περιϐολαῖς.
384 2602 422 2630 De
461 2602 561 2637 quibus
590 2601 784 2638 Hermogenes,
811 2603 858 2631 lib.
882 2611 890 2631 ι

96 2640 233 2667 Idearum.

128 2675 169 2710 (6)
186 2675 287 2705 Λύσεις
301 2673 455 2710 όνομάτων,
483 2680 550 2710 quas
577 2672 729 2710 Demetrius
743 2673 891 2710 Pjialarrus

99 2706 287 2750 ﬁeri'scripsit
300 2706 427 2750 λυθέντος
444 2708 576 2750 ὀνόματος
591 2708 729 2750 cisio-{aii
742 2706 799 2750 οἷον
816 2710 890 2750 σίςιον

99 2746 215 2780 πομπὴ,
235 2742 240 2744 ’
256 2745 317 2771 ἀντὶ
361 2742 571 2779 σιτουπομζπίας.
612 2742 678 2770 Vide
714 2744 748 2771 ibi
778 2746 890 2772 doctiss.

100 2779 129 2807 Ρ.
141 2779 255 2806 Victorii
270 2777 418 2806 Comment.
436 2784 464 2805 et
480 2779 593 2805 Aristol.
611 2777 717 2806 thetar.
739 2779 785 2806 lib.
803 2787 845 2807 ιιι.

123 2799 255 2849 ’(ίιῖᾶἱϊ
269 2799 584 2842 Ειῖι’ὲὶἰ’””ἑὶιὶιίῖἶιε’ἔπηξε
608 2799 892 2843 ια”ιῖὀῖηῑὶιὲὶιϊέἱιοι

101 2850 224 2885 profectu
230 2858 289 2877 rum
305 2849 429 2877 habetur.

983 2605 1020 2640 (8)
1041 2603 1113 2632 Idem
1129 2603 1402 2640 (ιιιίῗάποτακτήριος,
1415 2607 1449 2640 ιιι
1458 2603 1537 2640 docet
1550 2602 1660 2640 doctius.
1674 2600 1730 2628 Bil-

946 2640 1000 2667 lius
1012 2638 1046 2667 ad
1060 2638 1169 2667 S..Ioan.
1181 2638 1340 2666 Damasceui
1352 2645 1422 2666 orat.
1433 2638 1469 2665 De
1492 2638 1592 2672 ﬁdeltb.
1609 2638 1727 2670 defunct.

946 2675 1030 2702 schol.
1045 2675 1091 2704 48.
1107 2681 1133 2702 et
1147 2675 1175 2702 S.
1188 2674 1269 2709 Grcg.
1286 2675 1397 2701 Nazian.
1415 2679 1486 2701 orat.
1501 2674 1535 2701 52
1549 2672 1727 2709 describitur:

951 2709 981 2736 '0
999 2712 1027 2736 ὲν
1048 2710 1149 2742 ἐξόδοις
1164 2710 1217 2736 τῶν
1233 2707 1339 2736 τεόλεων
1364 2710 1411 2736 ἐπὶ
1429 2709 1483 2735 τῶν
1499 2708 1636 2743 ἀρχόντων
1658 2707 1731 2743 circo-

947 2745 1134 2781 χαιρετισμός.
1147 2744 1216 2772 Vide
1227 2746 1266 2782 de
1278 2744 1468 2782 lioclaliisqne
1492 2742 1562 2778 apud
1580 2742 1728 2782 llimeriuin

947 2778 1102 2807 iiraiionuin
1130 2781 1296 2814 generibus,
1325 2778 1500 2808 Menandrum
1528 2778 1676 2812 sopliistam
1703 2778 1730 2802 in

947 2814 1118 2851 Epidicticis.
