1938 3091
216 169 275 201 ’463

770 167 904 197 PIIOTII
925 165 1182 196 PATRIARCHIE
1195 165 1250 196 CP.

1803 158 1857 190 464

222 224 387 259 ρι-ιιιιιιοι-ἰιις
423 227 490 249 alter
520 222 553 248 ad
583 221 743 248 Flavianum
773 221 845 247 Asia:
875 220 1014 247 consulem

1075 220 1114 256 τῆς
1128 220 1220 252 Ἀσίας
1237 219 1350 246 ὕπατον.
1368 216 1484 252 Ἑφεξῆς
1497 218 1537 249 είς
1559 217 1624 249 τοὺς
1650 216 1716 252 περὶ
1731 216 1857 243 Πείσωνα

225 274 337 299 factum.
355 269 455 296 Deinde
470 268 496 295 in
511 267 636 296 Pisonem
665 268 795 294 advenam
831 266 882 302 (9).
898 266 1016 293 Rursum

231 317 418 351 Protreptira,
444 322 505 350 quae
533 319 560 342 et
600 314 726 348 Diogenes
752 313 919 340 inscribitur.
949 311 1018 339 Hine

224 362 364 390 Scludt'um
378 360 451 396 (‘10),
461 359 496 387 ob
512 359 712 387 contentionem
728 359 755 385 in
776 357 870 385 schola
883 361 1016 384 exertam.

223 410 252 437 lu
269 409 417 445 Cyprorum
432 409 588 435 adventum.
606 405 633 433 In
651 406 766 441 primum
778 411 857 432 suum
871 412 887 431 e
912 404 1018 438 Cappa-

217 455 302 482 docia
330 454 492 481 auditorem.
518 453 586 479 Mox
616 451 717 487 ingenii
763 450 902 486 quoddam
931 449 1020 484 speci-

225 507 298 532 men,
318 499 428 535 quando
443 502 472 525 ut
483 498 588 525 diceret
611 501 723 530 rogatus
735 495 870 523 recusavit
883 495 1016 530 primum:

226 547 259 573 de
271 553 325 581 quo
344 549 432 571 tamen
450 544 508 578 ipso
521 549 613 577 postea
630 542 758 570 disseruit
774 561 781 574 ,
797 541 912 568 Pulchra
927 541 1018 568 omnia

226 593 308 618 etiam
327 597 388 617 esse
404 597 477 616 rara.
490 588 519 616 lu
535 588 688 616 Musoniqu
704 588 759 624 (Η)
777 587 890 615 Gracia;
905 594 1020 622 proeouo

227 637 329 668 sulem;
345 636 371 662 in
389 634 520 662 Severum
541 641 649 669 quoque
665 635 809 664 advenam.
832 631 1020 667 Symplegada:

226 681 396 717 praefectum.
425 680 493 707 Hinc
525 680 719 708 sermocinatio
735 679 807 716 (12);
834 680 860 706 in
877 678 1019 707 Ursacium

224 728 372 761 comitem;
390 728 417 754 iu
433 726 563 754 Severum
579 725 717 759 sodalem;
733 727 759 753 iu
777 726 930 762 Seylacium
945 724 1020 753 Gne-

228 775 277 801 eize
292 774 500 809 proconsulem;
513 773 540 799 in
553 772 684 807 Ephesios
707 772 840 807 hospites,
856 779 889 799 ac
915 771 1016 807 Mysos,

224 821 380 856 «Leonisque
391 820 479 853 cives;
502 820 529 846 in
547 818 654 846 sodales
666 826 682 846 e
696 819 800 854 patria;
818 818 844 845 in
862 818 1020 845 Atheunmm

227 867 373 899 comitem;
401 866 428 894 in
449 866 588 893 Privatum
626 864 799 896 Romanum.
832 864 879 899 qui
904 863 1019 898 Ampelii

1069 266 1209 300 νεήλυδας.
1239 265 1324 292 Πάλιν
1341 263 1550 300 προπεμπτικὸς
1563 263 1587 279 ⁷⁵
1600 263 1617 297 ἦ
1634 262 1787 297 Διογένης.
1802 261 1856 288 Καὶ

1069 313 1173 348 σχέδιον
1197 312 1296 348 ἑφεξῆς
1315 312 1362 339 ἐπὶ
1376 313 1409 346 τῇ
1433 310 1567 346 γενομένῃ
1580 310 1674 337 στάσει
1691 310 1720 335 ὲν
1735 309 1800 345 [353
1812 307 1860 344 [1.]

1067 360 1101 395 τῇ
1110 359 1246 395 διατριϐῇ,
1257 359 1298 390 εῐς
1312 367 1342 385 τε
1356 358 1405 393 τὴν
1420 357 1475 385 τῶν
1487 357 1619 392 Κυπρίων
1636 355 1797 391 ἐπιδημίαν.
1812 354 1860 381 καὶ

1069 407 1108 437 είς
1117 405 1162 431 τὸν
1175 405 1284 440 πρῶτον
1302 405 1334 431 ὲκ
1348 403 1546 435 Καππαδοκίας
1572 402 1655 430 αὑτοῦ
1680 401 1860 437 ἀκροασάμε-

1069 461 1123 479 νον.
1136 450 1202 478 Εἶτα
1214 451 1354 485 ἐπίδειξις,
1364 452 1424 478 ὅστε
1435 450 1655 485 ἀναδαλλόμενος
1669 449 1756 475 εἰπεῖν
1771 447 1861 480 ἀξιού-

1071 506 1150 533 μενος
1162 499 1201 530 εις
1210 498 1275 524 αὐτὸ
1289 498 1369 524 τοῦτο
1377 497 1534 528 διείλεκται,
1544 497 1585 524 ὃτι
1602 496 1708 523 Σπάνια
1719 495 1754 522 τὰ
1775 494 1860 522 κιλά.

1070 532 1126 572 και
1139 545 1179 576 εις
1201 544 1361 572 Μουσώνιον
1377 544 1406 571 δὲ
1426 544 1471 570 τὸν
1489 532 1643 570 ἀνθύπατον
1661 542 1798 574 Ἑλλάδος,
1816 542 1864 568 καὶ

1070 593 1108 623 εἰς
1125 592 1244 626 Σεὸῆρον
1261 591 1356 626 νέηλυν
1366 590 1516 617 ἐπιστάντα
1534 589 1719 624 συμπληγάδι.
1736 585 1804 615 Εἶτα
1816 586 1864 614 λαο

1070 638 1125 671 λιά,
1138 638 1185 665 κει)⁸
1202 639 1242 670 είς
1255 638 1301 664 τὸν
1316 637 1423 673 κόμητα
1441 636 1606 671 Οὐρσάκιον,
1624 636 1672 663 καὶ
1685 635 1726 667 εἱς
1740 634 1864 669 Σεὸἧρον

1070 684 1209 720 ἓτερονη.
1235 683 1283 710 καὶ
1309 684 1350 714 είς
1373 682 1523 710 Σκυλάκιον
1553 680 1706 708 ἀνθύπατον
1723 679 1863 713 Ἑλλάδος,

1071 731 1118 758 καὶ
1130 731 1170 762 είς
1179 728 1313 766 ’νεήλυδας
1333 729 1476 764 Ἐφεσίους
1496 729 1543 755 καὶ
1556 728 1667 760 Μυσοὺς
1681 727 1729 754 καὶ
1748 726 1866 758 πολίτας

1070 776 1117 803 τοῦ
1127 776 1251 806 Λέοντος,
1266 772 1333 801 Εἶτα
1345 775 1385 806 είς
1398 775 1462 806 τοὺς
1473 775 1506 801 ὲκ
1521 774 1652 808 πατρίδος
1664 773 1800 809 ἑταίρους,
1816 775 1866 800 καὶ

1072 822 1111 853 είς
1132 821 1274 857 ’Δθήναιον
1287 821 1406 856 κόμητα,
1426 820 1475 846 καὶ
1500 821 1541 851 είς
1571 820 1708 856 Πριδᾶτον
1727 819 1866 854 Ῥωμαῖον

1072 868 1235 894 παιδεύοντα
1262 866 1307 893 τδν
1325 866 1409 893 παῖδα
1437 866 1585 900 Ἀμπελίου
1617 866 1663 893 τοῦ
1693 865 1866 897 ἀνθυπάτου,

225 912 399 949 proconsulis
408 911 492 939 ﬁlium
503 911 677 944 instituebat;
693 911 719 937 in
733 910 848 938 reditum
874 909 1017 942 Corintho;

1075 913 1118 940 καὶ
1128 913 1160 948 δὴ
1177 912 1223 939 καὶ
1237 913 1277 944 εἰς
1287 912 1336 946 τὴν
1346 912 1400 939 ἀπὸ
1411 899 1546 947 Κορίνθου
1561 911 1702 943 ἐπάνοδον,
1713 912 1760 938 καὶ
1770 912 1812 943 είς
1820 911 1869 938 τὸν

229 962 255 988 iu
271 959 403 987 Phoebum
418 957 565 985 Alexandri
583 956 753 992 proconsulis
770 956 870 983 lilium:
889 955 915 982 in
936 955 1015 983 Arca-

223 1006 303 1034 dium
319 1005 456 1032 medicum
480 1009 508 1031 et
535 1004 674 1031 comitem.
705 1001 802 1030 Oratio
828 1010 937 1038 quoque
954 1010 1018 1037 prov

228 1053 364 1088 pemptica
388 1052 415 1080 iu
440 1051 555 1083 amicos.
578 1051 623 1086 qui
653 1058 739 1085 nuper
765 1054 911 1082 venerant;
935 1048 1019 1075 altera

226 1101 293 1127 item
310 1100 336 1127 in
352 1098 527 1131 Flavianum;
546 1096 763 1132 Epithalamium
783 1102 893 1130 quoque
919 1095 1020 1122 dictum

228 1147 256 1174 in
274 1145 498 1173 P‘anathemeutn.
514 1143 583 1170 Hinc
606 1142 798 1170 sermocinatio
813 1148 865 1168 una
878 1161 886 1173 ,
910 1145 938 1166 et
955 1141 1019 1166 item

228 1192 326 1220 altera.
353 1191 508 1226 Disputatio
537 1189 629 1216 habita
645 1188 787 1223 Philippis,
815 1196 875 1214 eum
891 1192 1021 1214 eVOCulttS

229 1247 246 1267 a
261 1239 370 1267 Juliano
382 1238 549 1272 imperatore
566 1235 619 1262 iter
634 1235 696 1262 illac
712 1235 835 1262 traheret.
855 1233 919 1260 Post
933 1233 1020 1260 oratio

230 1285 324 1313 habita
338 1284 365 1310 iu
387 1282 464 1315 urbe,
480 1281 507 1308 in
524 1281 611 1316 ipsius
629 1279 880 1313 Constantinopolis
902 1279 1020 1310 laudent,

231 1339 264 1359 ac
280 1329 381 1358 Juliaui
403 1328 528 1356 Caesaris.
561 1327 589 1354 ln
617 1325 782 1354 sacriﬁcium
808 1324 925 1360 Mythrx
951 1324 1018 1360 (l3).

231 1375 393 1405 Dissertatio
413 1374 439 1402 iu
458 1372 618 1400 Sallustium
636 1371 804 1407 praefectura,
829 1371 872 1398 cui
888 1375 916 1398 et
938 1378 1023 1404 argu-

232 1426 351 1450 nteutum
377 1426 532 1451 annexum;
553 1418 651 1445 iterum
669 1418 695 1444 in
723 1416 881 1444 Flavianum
903 1424 1022 1451 procon-

233 1470 336 1502 sulem;
350 1469 376 1496 in
391 1468 492 1496 sodalis
508 1467 550 1495 sui
574 1467 692 1494 natalem
717 1467 798 1494 diem.
826 1465 1023 1493 Sermoeiuatio

234 1520 342 1550 quoque
357 1513 382 1540 in
398 1513 543 1540 sanitatem
560 1512 644 1543 socii;
667 1511 694 1539 in
714 1510 895 1543 insidiantes;
918 1508 1022 1544 108b

1077 959 1253 994 Ἀλεξάνδρου
1279 958 1326 985 τοῦ
1343 958 1499 985 ἀνθυπάτου
1525 958 1609 985 παῖδα
1638 957 1744 990 Φοῖϐον,
1758 958 1807 984 καὶ
1826 959 1869 989 εἰς

1077 1005 1219 1041 ’Λρκάδιον
1233 1005 1279 1031 τὸν
1292 1004 1385 1040 ἰατρὸν
1403 1005 1451 1031 καὶ
1465 1004 1585 1040 κδμητα.
1604 1004 1660 1030 Καὶ
1676 1003 1869 1038 προπεμπτὴ-

1073 1061 1130 1089 pio;
1143 1052 1183 1083 είς
1193 1051 1256 1083 τοὺς
1281 1051 1482 1086 προσελθόντας
1501 1050 1638 1085 ἑταίρους,
1654 1051 1870 1085 προπεμπτικός

1069 1106 1101 1124 τε
1117 1097 1158 1129 είς
1173 1096 1333 1130 Φλαδιανὸν,
1346 1096 1590 1131 καὶὲπιθαλάμιος
1607 1095 1700 1132 ῥηθεὶς
1726 1096 1767 1127 εἰς
1784 1096 1869 1122 [Iuv-—

1071 1143 1212 1179 αθήναιον.
1230 1141 1296 1170 Εἶτα
1313 1143 1405 1174 λαλιὰ,
1436 1143 1518 1178 ἑτέρα
1536 1142 1683 1174 λαλιά,κα“ι
1699 1141 1819 1174 διάλεξις
1838 1142 1871 1168 ὲν

1071 1189 1226 1222 Φιλίπποις,
1239 1190 1282 1216 ὅτε
1292 1189 1376 1224 ἀπῄει
1392 1188 1469 1224 παρά
1492 1187 1638 1215 Ἰουλιανοῦ
1662 1187 1797 1223 βασιλέως
1817 1196 1870 1214 κα-

1071 1236 1212 1272 λούμενος,
1237 1234 1297 1263 εἷτα
1321 1236 1416 1271 ῥηθεὶς
1439 1236 1469 1262 ὲν
1482 1234 1772 1262 Κωνσταντινουπὸλει
1786 1233 1810 1250 ⁷⁸
1827 1235 1870 1266 εἰς

1072 1284 1158 1319 αὐτήν
1177 1292 1206 1310 τε
1218 1283 1268 1319 τὴν
1281 1283 1358 1310 πόλιν
1374 1283 1397 1299 ⁷⁷
1415 1282 1463 1309 καὶ
1479 1282 1504 1298 ⁷⁸
1519 1281 1663 1309 Ἰουλιανὸν
1680 1281 1725 1307 τὸν
1742 1280 1870 1314 βασιλέα,

1073 1329 1121 1356 κα).
1137 1329 1177 1360 είς
1191 1329 1242 1365 τὴν
1261 1328 1367 1364 Μίθρου
1377 1327 1501 1363 τελετήν.
1513 1327 1637 1360 Διάλεξις
1652 1327 1693 1359 εἰς
1704 1326 1872 1353 Σαλούστιον

1073 1374 1204 1411 ἔπαρχον,
1231 1373 1266 1411 ἧς
1280 1376 1338 1402 ἐστι
1360 1375 1409 1402 καὶ
1425 1374 1538 1410 θεωρία.
1552 1374 1599 1405 Et;
1617 1373 1770 1400 Φλαὸιανδν
1784 1373 1872 1401 πάλιν

1073 1421 1119 1448 τὸν
1132 1421 1297 1454 ἀνθύπατον,
1325 1420 1371 1447 καὶ
1384 1422 1424 1452 είς
1439 1421 1488 1456 τὴν
1516 1419 1655 1455 γενέθλιον
1679 1419 1727 1446 τοῦ
1746 1419 1872 1454 ἑταίρου.

1075 1469 1129 1495 Καὶ
1143 1468 1223 1495 λαλιά
1243 1468 1284 1500 είς
1298 1468 1328 1494 τὸ
1353 1468 1487 1502 ὑγιαίνειν
1513 1467 1560 1494 τὸν
1573 1467 1694 1502 ἑταῖρον.
1712 1467 1774 1493 Ἔτι
1787 1466 1817 1492 δὲ
1831 1467 1873 1498 εἰς

1075 1515 1139 1546 τοὺς
1151 1513 1388 1545 ἐπιϐουλεύοντας,
1405 1514 1454 1540 καὶ
1475 1514 1516 1545 είς
1539 1513 1585 1540 τδν
1608 1513 1762 1540 ἀνθύπατον
1788 1512 1873 1540 Βασί-

233 1561 262 1590 ἱη
283 1559 411 1587 Basilium
428 1557 634 1593 proconsulem;
655 1557 682 1583 in
705 1555 832 1583 eumdem
848 1562 975 1587 rursum;
997 1554 1022 1580 in

1079 1561 1160 1593 λειον,
1174 1562 1222 1588 καὶ
1233 1561 1315 1587 πάλιν
1330 1561 1370 1592 εἰς
1394 1560 1440 1587 τὸν
1452 1560 1534 1587 αὑτὸν
1553 1559 1706 1588 Βασίλειον.
1736 1559 1784 1591 El;
1807 1558 1873 1594 Ἑρ-

235 1607 432 1641 llennogeuem
460 1604 572 1639 pariter,
591 1603 637 1638 qui
668 1603 780 1630 Graecia:
803 1600 1023 1636 proconsulatu".

235 1653 345 1689 gerebat
357 1660 363 1685 ;
375 1651 402 1678 in
417 1650 571 1678 Plotianum
588 1649 680 1677 itidem
691 1647 900 1684 procansulem;
917 1647 1028 1672 iterum-

235 1707 288 1735 que
303 1699 329 1726 in
342 1697 492 1732 Ampelium
502 1695 558 1732 (14)
572 1695 779 1732 proconsulem;
799 1695 826 1721 in
842 1693 955 1721 Crteeia:
967 1699 1028 1726 pro-

236 1746 373 1774 consulem
388 1744 595 1775 Pmtexlalum,
612 1747 693 1778 atque
711 1742 831 1769 sodales.
846 1740 915 1768 Hinc
930 1739 963 1766 ad
980 1738 1027 1766 .lu-

236 1791 338 1818 Zianuut
367 1790 559 1824 imperatorem
577 1789 727 1815 discessum
744 1787 891 1814 adornans.
925 1785 1028 1813 Deinde

237 1836 403 1864 Nicomedia:
432 1835 524 1862 habita
553 1834 640 1862 oratio
664 1833 778 1860 hortatu
802 1833 926 1868 praetoris
949 1831 1029 1859 Pom-

237 1882 338 1918 peiani.
367 1880 427 1908 Mox
455 1880 482 1907 in
512 1880 649 1913 advenas;
678 1885 785 1906 rursum
815 1879 841 1905 in
877 1877 1027 1910 advenam;

239 1926 376 1954 deiudeiu
390 1925 528 1953 Zenonem
551 1925 709 1956 socium;et
738 1923 766 1950 in
781 1922 952 1957 Aphobiuum
982 1921 1028 1948 ad.

237 1979 354 2004 venam;
373 1971 400 1998 in
416 1977 478 1998 eum
496 1969 543 2005 qui
558 1977 573 1996 a
588 1967 705 2003 Neptuni
724 1968 836 1995 oraculo
861 1971 1028 1999 reverterat;

238 2015 266 2043 in
281 2022 328 2043 eos
345 2015 448 2049 pariter
479 2014 524 2047 qui
540 2020 572 2040 ex
590 2013 664 2040 lonia
682 2012 892 2045 adventasseut;
908 2012 934 2038 in
951 2010 1029 2038 Ionas

239 2061 370 2096 hospites.
393 2059 434 2087 Ex
450 2065 572 2093 tempore
588 2066 695 2093 quoque
720 2059 746 2084 in
769 2058 905 2085 sociorum
922 2057 1028 2084 laudem

237 2108 394 2135 recitatum.
410 2106 516 2138 Oratio,
527 2112 610 2140 quam
628 2104 718 2131 amico
727 2103 1030 2138 Constantinopolitano

240 2154 360 2182 tradidit.
384 2151 481 2179 Sermo
501 2158 609 2186 quoque
627 2150 700 2177 inter
712 2149 815 2177 amicos
837 2154 897 2183 post
914 2149 1028 2176 reditum

238 2208 255 2228 e
270 2200 369 2235 patria.
383 2198 420 2225 De
435 2205 485 2225 suo
501 2196 614 2224 docendi
632 2203 745 2223 munere
759 2195 954 2229 extemporalis
974 2195 1030 2221 dis-

1081 1606 1198 1642 μογένην
1225 1615 1256 1633 τε
1269 1607 1315 1633 τὸν
1341 1607 1391 1641 τῆς
1411 1606 1537 1638 Ἑλλάδος
1567 1606 1733 1638 ἀνθύπατον,
1759 1605 1806 1632 καὶ
1832 1606 1875 1638 εἰς

1081 1652 1228 1679 Πλοκιανον
1241 1652 1287 1679 τὸν
1306 1652 1472 1680 ἀνθύπατον.
1495 1651 1580 1679 Πάλιν
1599 1651 1639 1683 εἰς
1661 1650 1809 1685 ’Δμπέλιον
1827 1650 1875 1678 τδν

1079 1698 1244 1728 ἀνθύπατον.
1267 1697 1315 1724 καὶ
1347 1697 1386 1729 εις
1417 1697 1462 1723 τδν
1491 1696 1648 1723 ἀνθύπατον
1676 1696 1726 1730 τῆς
1747 1694 1877 1727 Ἑλλάδος

1080 1743 1144 1780 [184
1160 1742 1206 1779 Η.]
1221 1743 1440 1778 Πραιτεκστάτον
1457 1742 1505 1768 καὶ
1530 1741 1594 1774 τοὺς
1609 1741 1735 1776 εταίρους
1751 1741 1785 1768 7’.
1804 1738 1876 1767 Εἶτα

1079 1790 1147 1824 πρὸς
1162 1790 1208 1816 τὸν
1225 1789 1337 1824 βασιλέα
1360 1789 1505 1816 Ὶουλιανδν
1516 1787 1646 1824 ἀπαίρειν
1660 1788 1777 1823 μέλλων.
1807 1785 1877 1814 Εἶτα

1080 1837 1108 1862 ἐν
1119 1836 1301 1871 Νικομηδείᾳ,
1315 1835 1487 1871 προτραπεὶς
1506 1835 1559 1862 ὑπὸ
1570 1834 1617 1861 τοῦ
1636 1835 1726 1861 ἐκεῖσε
1741 1833 1877 1869 ἄρχοντος

1080 1881 1271 1918 Πομπηῖανοῦ.
1289 1882 1358 1909 Μεθ’
1377 1882 1406 1908 δν
1417 1882 1482 1914 δείς
1497 1881 1639 1917 νεήλυδας.
1655 1879 1721 1908 Εἶτα
1745 1881 1786 1913 είς
1809 1881 1878 1915 νέη-

1079 1928 1139 1955 λυν.
1159 1929 1222 1955 Ἐπὶ
1235 1927 1343 1961 τούτοις
1357 1928 1371 1955 δ
1380 1929 1421 1960 είς
1438 1929 1550 1963 Ζήνωνα
1563 1928 1609 1955 τδν
1621 1928 1739 1962 ἑταῖρον,
1754 1927 1802 1954 καὶ
1814 1927 1879 1961 μετ’

1080 1974 1161 2002 αὐτὸν
1174 1975 1196 1991 ⁸⁰
1212 1976 1252 2006 εἰς
1260 1975 1401 2009 Ἀφοδίνον
1412 1974 1522 2010 νέηλυν,
1532 1974 1581 2001 καὶ
1603 1974 1643 2006 είς
1653 1973 1698 2000 τὸν
1708 1974 1741 2000 ὲκ
1754 1973 1801 2000 τοῦ
1808 1982 1879 2009 χρη-

1081 2021 1150 2055 σμοῦ
1159 2021 1205 2048 τοῦ
1214 2021 1378 2052 Ποσειδῶνος
1387 2021 1564 2056 φοιτήσαντα,
1578 2019 1619 2052 εἷς
1629 2028 1659 2046 τε
1669 2020 1733 2051 τοὺς
1741 2019 1796 2045 ἀπὸ
1804 2019 1880 2045 Ἰων-

1081 2066 1359 2102 ίαςὲπιδημήσαντας,
1370 2067 1417 2092 καὶ
1431 2067 1470 2097 εἰς
1483 2066 1546 2097 τοὺς
1556 2066 1652 2096 Ἴωνας
1669 2064 1761 2097 ξένους
1770 2065 1803 2090 ⁸¹.
1819 2063 1879 2090 Καὶ

1081 2113 1121 2144 είς
1136 2113 1199 2144 τοὺς
1224 2113 1348 2148 εταίρους
1362 2113 1466 2147 σχέδιον
1490 2111 1583 2146 ῥηθέν.
1603 2111 1659 2138 Καὶ
1676 2111 1710 2146 ἢν
1742 2110 1879 2143 ἐξέδωκεν

1080 2158 1183 2193 ἑταίρῳ
1196 2157 1510 2193 Κωνσταντινουπολίτῃ.
1523 2156 1646 2189 Διάλεξίς
1653 2165 1682 2182 τε
1696 2156 1789 2184 ἐντοῖς
1801 2156 1879 2182 ἑταίο

1083 2211 1140 2238 ροις
1158 2202 1226 2237 μετὰ
1253 2202 1300 2237 τὴν
1317 2202 1371 2229 ἀπὸ
1394 2202 1444 2237 τῆς
1461 2202 1593 2238 πατρίδος
1616 2201 1759 2233 ἐπάνοδον,
1774 2201 1823 2227 καὶ
1837 2202 1878 2233 είς

240 2247 355 2282 Ρυιῧιίοο
371 2244 529 2280 οιθίυνῧεηίο
546 2251 640 2271 eorum
664 2242 710 2277 qui
733 2241 903 2277 υθὸίίῧθηιπ
928 2241 1029 2268 οτιηῖο·
1046 2245 1067 2272 ι)
1082 2248 1131 2284 τὴν
1148 2248 1231 2275 αὐτοῦ
1249 2248 1392 2284 διατριόὴν
1418 2247 1448 2280 ἐξ
1474 2247 1650 2283 αὐτοσχεδίου
1673 2246 1805 2279 διάλεξις.
1819 2246 1879 2273 Καὶ

239 2299 288 2320 nes
303 2291 439 2319 audirent.
466 2290 615 2318 Sehedium
643 2289 672 2316 in
691 2289 821 2323 quosdam
838 2288 871 2315 ad
889 2296 919 2315 se
945 2287 1034 2314 venti-

242 2339 330 2366 lantes
359 2336 516 2372 discipulos,
534 2338 579 2370 qui
608 2343 737 2371 respuere
754 2335 846 2362 frenos
862 2334 1033 2362 videbantur.

239 2385 267 2412 In
285 2384 431 2420 Cytiauutn
451 2391 513 2410 eum
536 2383 628 2414 sociis,
645 2382 690 2416 qui
717 2388 779 2408 cum
796 2380 946 2416 petulantia
970 2388 1034 2407 eutn

239 2430 393 2463 audierant,
411 2430 476 2458 dum
489 2429 632 2457 schedium
645 2436 724 2456 suum
743 2429 882 2455 recitaret.
895 2427 1034 2455 Adhorta-

1083 2295 1229 2331 ὲπίπληξις
1259 2297 1316 2328 τοῖς
1337 2296 1472 2332 ῥᾳθύμως
1499 2296 1686 2332 ἀκροωμένοις
1699 2294 1754 2322 τῶν
1776 2295 1878 2328 λόγων,

1084 2342 1131 2368 καὶ
1144 2342 1249 2377 σχέδιον
1261 2342 1301 2374 είς
1314 2351 1391 2374 τινας
1418 2342 1472 2369 τῶν
1485 2341 1640 2376 φοιτώντων
1653 2339 1785 2374 δόξαντας
1805 2341 1879 2375 ἀφη-

1083 2386 1197 2419 νιάζειν,
1214 2388 1262 2414 καὶ
1278 2389 1319 2419 εἰς
1333 2388 1397 2419 τοὺς
1411 2388 1476 2423 περὶ
1489 2386 1624 2414 Κυτιανδν
1644 2386 1772 2418 ἀτάκτως
1793 2386 1880 2413 ἀκού-

1086 2441 1199 2465 σαντας,
1215 2434 1259 2460 ὅτε
1275 2434 1306 2460 τὸ
1323 2433 1427 2469 σχέδιον
1441 2431 1513 2460 εἷπε.
1531 2434 1587 2460 Καὶ
1601 2433 1743 2469 προτροπὴ
1764 2432 1835 2467 πρὸς
1850 2432 1881 2458 τὸ

881 2507 1002 2535 ἾΑΒΙΑΞ
1024 2508 1226 2538 LECTIONES.

276 2568 301 2585 ⁷⁸
315 2567 515 2603 προτρεπτικὺς
531 2575 561 2603 ς.
614 2567 637 2603 7f
653 2567 760 2603 ἑταῖρον
775 2574 804 2603 ς.

240 2605 263 2620 ⁷⁸
276 2604 324 2630 τὸν
336 2600 398 2630 aute
419 2602 559 2629 Ίουλιανδν
575 2602 651 2636 ponit
666 2602 697 2628 Α.
715 2600 720 2602 ⁷
735 2601 757 2617 ⁷⁵
772 2600 883 2636 ἑτέρους
897 2609 928 2632 ς.

859 2565 882 2581 ⁷⁸
895 2565 1103 2604 Κωνσταντίνου
1122 2568 1145 2604 A_
1170 2577 1177 2594 :
1201 2567 1234 2604 τῄ
1263 2577 1294 2601 ς.

1345 2569 1368 2585 ⁷⁷
1381 2568 1457 2595 πόλιν
1479 2568 1498 2594 Α
1520 2576 1526 2595 :
1543 2566 1833 2594 Κωνσταντινούπολιν
1851 2573 1881 2596 ς.

981 2601 1005 2616 ⁸⁰
1018 2602 1088 2636 μετά
1101 2602 1195 2630 τοῦτον
1208 2601 1240 2636 ξ.
1277 2604 1299 2619 ⁸³¹
1317 2602 1410 2636 ξένους
1426 2604 1526 2634 Ἴωνας
1541 2612 1572 2635 ς.

1000 2658 1118 2686 NOTAE.

279 2708 318 2741 (9‘,
334 2707 396 2734 llaec
413 2706 457 2732 illa
483 2705 595 2732 lorsituu
609 2709 667 2741 est,
679 2712 739 2741 quae
753 2704 825 2730 inter
844 2709 983 2741 excerpta.
998 2704 1030 2731 In

241 2746 370 2772 advenam
385 2741 542 2776 /Egypn'um
558 2740 715 2776 inscribitur
731 2740 860 2776 indigni.
877 2740 940 2766 2&3.

279 2778 335 2812 (10)
354 2777 396 2805 Ea:
419 2774 534 2810 (inpare
555 2775 652 2801 dictum
671 2775 760 2801 reddit
785 2774 909 2802 Glossar.
931 2780 1008 2802 vetus
1028 2797 1034 2807 ,

243 2815 292 2842 iul.
310 2812 485 2847 αὐτοσχέδιον
502 2815 591 2838 vocat.

280 2849 342 2881 (Η)
359 2849 393 2874 De
411 2854 465 2880 quo
480 2847 596 2873 Suidas.

278 2879 338 2920 (l2)
349 2879 437 2915 λαλιά,
455 2882 488 2909 de
511 2890 562 2916 qua
584 2880 666 2908 multa
687 2881 761 2914 legas
776 2880 846 2914 apud
861 2879 1038 2907 Menandrum

1082 2707 1193 2740 Sophist
1217 2707 1244 2734 in
1266 2706 1434 2741 Epidicticis.
1701 2739 1711 2741 μ
1738 2715 1740 2717 ’

1121 2739 1177 2781 (17))
1199 2739 1298 2781 Quem;
1319 2741 1428 2781 Persae-
1449 2742 1534 2781 solent
1564 2745 1669 2776 putant.
1701 2739 1772 2781 Lege
1789 2739 1879 2781 Suith

1086 2776 1208 2818 Brisson.
1224 2783 1251 2805 et
1265 2777 1332 2805 alios
1351 2786 1358 2804 ε
1385 2777 1430 2812 qui
1452 2778 1521 2804 haue
1546 2784 1639 2804 vocem
1658 2783 1705 2810 per
1730 2776 1798 2802 ίῶτα
1827 2777 1880 2802 lue

1089 2817 1268 2845 scripserunt.

1125 2848 1183 2883 (14)
1200 2848 1386 2883 Propemptica
1403 2848 1437 2875 ad
1466 2847 1619 2882 Ampelituu
1635 2845 1682 2874 inf.
