1938 3091
221 150 272 182 467

766 145 899 178 PHOTII
917 143 1169 175 PATRIARCH/E
1183 145 1238 175 ΟΡ.

1794 145 1850 177 468

222 207 289 234 solis
302 205 415 234 orientis
432 210 523 240 partes
539 209 681 237 venerunt;
696 203 769 231 unde
796 203 900 231 circulo
925 203 1000 230 factor

1059 203 1106 229 καὶ
1119 203 1159 234 είς
1172 202 1216 228 τὸν
1233 200 1300 237 ἐῷον
1317 200 1483 236 ἐμϐαλόντες
1494 199 1542 227 καὶ
1557 199 1627 235 πρὸς
1638 201 1700 232 ταῖς
1709 200 1758 227 τοῦ
1771 201 1849 237 ἡλίου

221 253 343 282 exterius
359 260 433 281 mare
448 252 528 287 longo
550 256 683 286 tempore,
710 251 850 286 variisque
867 250 1008 278 erroribus

223 300 395 328 circumiere.
428 300 557 328 Errorum
582 299 647 327 socii
672 298 738 325 fiunt
763 297 921 328 Carmanes,
951 295 1009 323 Me-

222 346 312 373 niscus
337 351 363 373 et
376 345 485 373 Azulis:
513 350 593 379 atque
621 345 647 372 in
666 344 751 371 Thule
777 343 891 376 denique
922 341 1007 369 insula

221 393 364 418 stationem
398 391 506 418 interim
531 398 654 418 errorum
685 389 828 424 quamdam
854 388 1006 416 constitue-

221 442 292 463 runl.
316 437 343 465 ln
380 438 429 464 hac
458 438 515 471 ipsa
534 437 619 464 insula
642 444 701 463 cum
722 434 871 470 Dercyllide
890 433 1006 469 quadam

221 482 312 510 Dinias
339 483 561 510 consuetudinem
583 482 689 510 habuit:
715 489 774 515 qua:
792 488 889 515 genere
913 480 1005 516 Tyria,

219 533 246 554 et
258 529 337 556 claris
358 529 383 556 in
399 537 431 556 ea
457 529 523 556 urbe
537 529 671 556 natalibus
690 533 760 560 orta,
779 536 840 555 cum
856 525 1006 561 fratre(20)

220 573 349 601 Mantinia
365 574 417 601 hoc
435 574 460 601 in
479 574 538 601 loco
554 575 722 601 versabatur.
753 574 820 602 Cum
848 574 891 600 illa
926 573 1007 607 igitur

220 619 313 647 Dinias
324 628 513 652 consuescens,
523 621 581 656 ejus
592 621 666 648 audit
677 620 822 655 fratrisque
834 619 1005 655 jactationes,

219 670 246 694 et
273 671 373 700 quanta
404 667 472 694 mala
506 667 828 702 Paastius(‘2|)quidam,
860 665 1005 701 [Egyptius

218 713 397 746 sacrificulus,
424 713 553 741 intulerit.
579 714 627 741 llic
650 714 722 741 enim
740 721 801 740 cum
819 718 923 740 vastata
947 712 1006 747 ejus

219 759 317 793 patria,
346 758 445 795 Tyrum
470 760 626 795 migrasset,
647 764 675 787 et
698 759 815 794 hospitio
840 763 967 793 acceptus
989 766 1004 785 a

218 804 374 838 parentibus
401 805 496 832 horum
527 804 653 838 fratrum,
678 804 815 832 Mantiniac
839 809 921 839 atque
939 803 1005 831 Der-

218 850 336 885 cyllidis,
353 851 500 878 benevolus
513 851 629 886 primum
646 851 671 878 in
690 852 758 879 bene
775 851 808 878 de
822 859 852 879 se
879 852 1003 883 meritos,

1060 249 1201 280 ἀνατολαῖς
1219 248 1371 282 γεγονότες,
1396 247 1521 274 ἐντεῡθέν
1533 255 1563 273 τε
1582 247 1674 283 κύκλῳ
1698 246 1748 282 τὴν
1769 248 1850 280 ἐκτὸς

1060 295 1247 331 περιελθόντες
1275 294 1412 322 Θάλασσαν
1428 295 1456 321 ἐν
1470 294 1577 329 χρόνοις
1593 295 1708 330 μακροῖς
1725 294 1773 320 καὶ
1785 302 1849 320 ποι-

1058 342 1147 373 κίλαις
1172 341 1288 373 πλάναις
1307 350 1314 357 ·
1347 339 1388 372 οἷς
1416 341 1632 374 συνεφάπτονται
1660 339 1711 374 τῆς
1743 339 1849 374 πλάνης

1059 389 1211 423 Καρμάνης
1223 389 1268 414 καὶ
1280 388 1418 423 Μηνίσκος
1427 388 1474 414 καὶ
1484 386 1618 419 Ἀζουλις.
1627 387 1749 412 Γίνονται
1761 385 1790 412 δέ
1799 385 1848 412 καὶ

1058 435 1086 461 ἐν
1101 433 1188 469 Θούλῃ
1213 435 1245 469 τῇ
1268 435 1352 469 νήσῳ,
1381 433 1497 460 ἐνταῦθα
1526 433 1595 462 τέως
1615 431 1662 459 καὶ
1692 431 1812 466 σταθμὸν
1823 431 1847 446 ⁸⁸

1058 481 1152 516 ὥσπερ
1161 481 1211 516 τῆς
1231 481 1336 516 πλάνης
1365 480 1427 506 τινὰ
1454 479 1621 513 ποιούμενοι,
1649 478 1695 505 Ἑν
1708 477 1796 512 ταύτῃ
1811 478 1846 511 τῇ

1057 528 1144 563 Θούλῃ
1172 527 1278 558 Δεινίας
1298 527 1357 554 κατ’
1373 526 1473 562 ἔρωτος
1487 526 1569 561 νόμον
1584 524 1672 559 ὁμιλεί
1687 522 1847 558 Δερκυλλίδι

1056 575 1110 601 τινὶ
1130 574 1295 610 καλουμένῃ,
1319 575 1379 609 ἥτις
1404 573 1477 607 γένει
1496 572 1546 607 μὲν
1561 571 1667 606 ὑπῆρχε
1693 570 1781 606 Τυρία
1792 568 1848 596 τῶν

1058 620 1129 647 κατὰ
1144 621 1193 655 τὴν
1208 621 1285 647 πόλιν
1297 619 1478 655 εὐπατριδῶν,
1491 618 1599 653 ἀδελφῷ
1610 618 1631 633 ⁸⁷
1643 617 1671 644 δέ
1687 616 1771 651 συνῆν
1785 616 1847 642 ὄνος

1059 676 1097 703 μα
1121 667 1265 701 Μαντινίᾳ.
1298 665 1390 701 Ταύτῃ
1415 665 1520 695 Δεινίας
1543 663 1644 699 ὁμιλῶν
1660 662 1846 697 ἀναμανθάνει

1055 714 1106 749 τήν
1124 722 1154 740 τε
1171 713 1226 740 τῶν
1241 712 1364 747 ἀδελφῶν
1392 711 1506 746 πλάνην,
1521 711 1568 738 καὶ
1585 711 1635 738 ὅσα
1653 709 1791 740 Παάπιςιη
1804 717 1847 740 τις

1058 761 1146 794 ἱερεὺς
1161 759 1318 794 Αἰγύπτιος,
1330 759 1379 794 τῆς
1394 758 1521 793 πατρίδος
1539 756 1622 784 αὑτοῦ
1631 755 1847 792 λεηλατηθείοης

1056 807 1104 834 καὶ
1136 806 1304 840 παροικήσας
1332 804 1421 840 Τύρον
1450 804 1498 831 καὶ
1523 801 1706 837 φιλοξενηθεὶς
1721 801 1774 828 ὑπὸ
1789 801 1847 826 τῶν

1055 852 1189 879 τεκόντων
1212 851 1275 882 τοὺς
1289 850 1420 884 ἀδελφοὺς
1433 848 1598 884 Δερκυλλίδα
1617 848 1664 874 καὶ
1681 846 1846 877 Μαντινίαν,

218 896 400 931 familiamque
424 897 491 924 adeo
521 897 672 924 uiiiversam
700 904 761 924 esse
784 897 938 924 videretur:
964 896 1000 923 iu-

1056 899 1102 925 καὶ
1114 898 1192 930 δόξας
1205 897 1238 924 τὰ
1248 897 1343 932 πρῶτα
1357 896 1450 928 εὓνους
1464 893 1534 922 εἶναι
1547 896 1602 926 τοῖς
1619 893 1777 929 εὐεργέταις
1795 893 1845 919 καὶ

217 941 342 976 gentibus
370 947 463 977 postea
486 942 565 969 malis
580 943 699 975 domum,
724 943 828 977 hosque
854 947 881 970 et
907 950 1001 970 eorum

217 993 342 1022 parentes
364 988 466 1015 aﬂecit.
492 987 586 1016 Refert
609 989 705 1016 deinde
732 989 868 1023 quomodo
891 989 917 1017 in
929 989 1004 1016 Rho-

216 1036 291 1067 dum,
313 1040 373 1070 post
402 1041 490 1063 tantas
515 1036 623 1063 familia:
657 1035 837 1068 calamitates,
864 1044 924 1063 cum
949 1036 1004 1064 fra-

218 1087 259 1108 tre
271 1081 387 1109 abducta
399 1081 565 1116 sit,iudeque
579 1082 604 1109 in
616 1081 722 1109 Cretam
736 1090 829 1110 errore
843 1083 930 1110 delata
945 1084 1004 1110 fue-

216 1127 261 1160 rit,
287 1135 348 1154 mox
363 1127 396 1154 ad
419 1127 574 1163 Tyrrhenos
592 1132 620 1155 et
639 1135 746 1155 rursum
761 1128 824 1156 inde
838 1129 871 1156 ad
885 1129 1004 1156 Cimme-

217 1174 281 1205 rios,
318 1181 388 1208 quos
417 1175 574 1205 nominant,
604 1180 686 1208 utque
725 1175 794 1209 apud
822 1175 873 1202 hos
901 1176 1002 1203 inferos

216 1220 356 1252 spectarit,
371 1223 504 1246 eteorum
520 1220 613 1252 multaI
629 1228 690 1254 qua:
715 1221 813 1248 ibidem
841 1227 915 1255 sunt,
932 1223 1002 1249 didi-

214 1266 308 1293 cerit:
332 1265 420 1302 Myrto
445 1267 571 1301 magistra
597 1275 657 1299 usa,
692 1267 786 1302 109b
813 1275 859 1295 sua
885 1269 1001 1303 quadam

215 1313 371 1348 pedisequa,
403 1321 464 1348 quae
500 1313 564 1341 olim
596 1313 650 1341 vita
676 1314 791 1347 abierat,
818 1319 845 1341 et
869 1322 884 1341 a
914 1320 1002 1342 morte

215 1359 352 1386 dominam
369 1352 492 1386 docebat.

251 1402 315 1431 Haec
330 1404 421 1439 itaque
437 1413 550 1433 narrare
566 1405 659 1441 incipit
671 1405 763 1433 Dinias
777 1406 1000 1442 Cymbaecuidam

218 1449 337 1482 nomine,
352 1450 432 1477 domo
453 1452 578 1484 Arcadia,
605 1459 685 1487 quem
697 1460 840 1480 commune
862 1453 999 1481 Arcadum

215 1495 333 1536 legatum
357 1496 470 1523 miserat
488 1497 600 1532 Tyrum,
620 1497 725 1524 Diniam
748 1498 785 1525 ibi
808 1504 946 1533 rogantes,
971 1505 1000 1526 ut

213 1542 246 1572 ad
257 1542 329 1575 ipsos
346 1541 371 1568 iu
382 1543 497 1575 patriam
523 1551 599 1571 suam
625 1544 735 1572 rediret.
757 1545 793 1573 At
812 1546 939 1581 quoniam
957 1547 998 1581 ip-

213 1593 272 1616 sum
286 1585 342 1620 jam
355 1587 446 1624 gravis
459 1588 527 1617 senii
543 1594 609 1616 aetas
629 1590 799 1624 prohibebat,
826 1592 937 1627 fingitur
953 1593 997 1620 hic

215 1631 325 1664 referre,
341 1637 395 1659 tum
421 1641 451 1660 ea
469 1641 529 1668 qua:
544 1634 658 1668 ipsemet
672 1636 811 1664 erroribus
821 1637 939 1671 jactatus
951 1638 998 1665 vi-

211 1677 298 1710 derat,
315 1682 370 1705 tum
385 1685 445 1713 qua
461 1680 494 1707 ab
511 1679 572 1708 aliis
595 1687 739 1716 conspecta
753 1689 906 1717 acceperat,
923 1691 997 1717 quaa-

209 1731 263 1757 qne
277 1732 290 1750 a
307 1723 459 1760 Dercyllide
482 1725 508 1752 in
526 1725 613 1754 Thule
639 1732 747 1754 narrata
774 1728 905 1756 didicerat
923 1738 930 1756 :
949 1737 996 1756 su-

211 1770 373 1803 pradictum,
392 1771 513 1805 inquam,
526 1771 585 1806 ejus
597 1780 729 1804 errorem,
751 1779 833 1808 utque
846 1779 906 1809 post
915 1782 994 1802 suum

210 1815 254 1842 illa
264 1816 379 1843 reditum
398 1817 432 1844 ab
449 1817 554 1850 inferis,
575 1826 634 1846 cum
650 1818 756 1855 Ceryllo
767 1825 793 1847 et
809 1821 914 1848 Astraeo
929 1821 993 1857 (jam

209 1861 283 1888 enim
301 1869 316 1888 a
329 1862 413 1890 fratre
424 1870 563 1898 segregata
579 1864 648 1900 erat)
661 1867 694 1893 ad
712 1866 821 1894 Sirenes
835 1869 992 1896 veneritse-

209 1907 350 1941 pulcrum;
369 1913 396 1936 et
425 1917 485 1943 qua:
505 1918 610 1938 rursum
625 1911 680 1946 ipsa
699 1919 730 1939 ex
750 1913 847 1941 Δειτωί
869 1922 994 1942 sermone

208 1952 365 1985 cognoverit
378 1953 410 1980 de
424 1952 589 1988 Pythagora,
605 1959 633 1982 et
648 1955 807 1984 Mnesarcho
823 1967 830 1985 :
847 1958 939 1993 qualia
952 1960 992 1986 vi-

206 1995 300 2024 cissim
312 1995 435 2024 Astraeus
449 2005 481 2025 ex
502 1997 637 2027 Philotide
655 2001 791 2032 didicerit.
809 2008 838 2030 et
864 2005 889 2030 iu
908 2004 993 2032 oculis

207 2040 294 2074 ipsius
321 2048 469 2076 speclrum,
496 2046 636 2079 visumque
656 2047 733 2080 plane
763 2048 912 2076 fabulosmn
934 2059 942 2077 :
966 2055 993 2078 et

206 2094 384 2122 quascunque
400 2097 506 2117 rursum
525 2091 654 2126 Dercyllis
669 2093 702 2119 ad
717 2100 781 2121 suos
793 2102 899 2122 reversa
914 2103 993 2123 erro-

206 2138 250 2160 I'el
266 2133 367 2166 retulit,
390 2138 419 2161 ut
442 2135 468 2161 in
495 2135 635 2163 hominum
660 2137 799 2165 civitatem
823 2139 949 2167 inciderit
964 2140 991 2167 in

205 2177 304 2212 Iberia,
318 2181 363 2214 qui
375 2186 454 2208 noctu
466 2181 574 2215 quidem
589 2183 715 2211 viderent
731 2192 738 2210 :
753 2184 872 2212 interdiu
900 2191 989 2214 autem

1054 945 1107 980 ὅλῳ
1117 944 1156 979 τῷ
1169 944 1245 979 οἴκῳ,
1260 943 1329 978 μετὰ
1342 942 1427 970 ταῦτα
1441 942 1490 969 ὅσα
1504 940 1578 968 κακὰ.
1592 940 1637 966 τόν
1649 948 1677 966 τε
1695 936 1769 965 οἷκον
1795 939 1844 965 καὶ

1054 990 1152 1021 αὐτοὺς
1166 990 1213 1016 καὶ
1224 989 1320 1018 αὺτῶνῖ
1336 988 1433 1022 γονέας
1448 987 1612 1022 είργάσατο’
1630 985 1704 1016 ὅπως
1721 985 1762 1016 εὶς
1780 984 1844 1010 Ῥό-

1053 1037 1097 1064 δον
1112 1037 1165 1063 ἀπὸ
1175 1036 1224 1071 τῆς
1234 1035 1306 1062 κατά
1320 1035 1366 1061 τὸν
1384 1031 1460 1060 οἷκον
1484 1032 1627 1067 συμφορᾶς
1647 1031 1695 1058 σὺν
1710 1031 1749 1065 τῷ
1762 1030 1843 1057 ἀειλ-

1053 1085 1096 1119 φῷ
1111 1083 1231 1119 ἀπήχθη,
1265 1081 1390 1109 κάκεῖθεν
1414 1081 1454 1112 είς
1481 1079 1592 1115 Κρήτην
1617 1076 1843 1113 ἐπλανήθη,εϊτα

1052 1133 1091 1162 εἰς
1106 1130 1276 1167 Τυρρηνοὺς,
1303 1127 1449 1156 κάντεῦθεν
1465 1129 1504 1158 εἰς
1516 1126 1687 1161 Κιμμερίους
1700 1125 1771 1152 οὕτω
1786 1134 1842 1152 κα-

1051 1178 1198 1212 λουμένους
1208 1186 1215 1193 ·
1233 1177 1280 1204 καὶ
1292 1176 1329 1207 ὡς
1342 1175 1376 1202 τὰ
1386 1175 1415 1202 ἐν
1437 1174 1519 1210 ’ᾼδου
1543 1174 1608 1210 παρ’
1623 1174 1716 1205 αὐτοῖς
1729 1174 1778 1200 ἴδοι
1792 1173 1842 1199 καὶ

1052 1225 1137 1252 πολλὰ.
1155 1224 1208 1250 τῶν
1222 1225 1310 1251 ἐκεῖσε
1328 1222 1417 1257 μάθοι,
1430 1221 1582 1256 διδασκάλῳ
1605 1220 1733 1256 χρωμένη
1763 1219 1842 1253 Μύρη

1050 1272 1117 1306 sq)"
1144 1269 1315 1306 Θεραπαινίδι
1338 1269 1442 1304 οἰκείᾳ,
1469 1267 1553 1295 πάλαι
1579 1268 1626 1294 τὸν
1649 1267 1706 1302 βίον
1739 1267 1840 1293 ἀπολι-

1051 1318 1139 1353 πούσῃ
1160 1319 1208 1344 καὶ
1223 1316 1322 1343 ἐκτῶν
1351 1315 1456 1351 νεκρῶν
1485 1315 1533 1351 τὴν
1552 1313 1696 1341 δέσποιναν
1714 1313 1842 1341 ἀναδιδα-

1051 1364 1162 1399 σκούσῃ.

1086 1410 1148 1445 [557
1159 1409 1204 1446 R.]
1230 1408 1322 1436 Ταῦτα
1336 1408 1427 1436 τοίνυν
1445 1408 1599 1443 ἀπάρχεται
1614 1406 1721 1437 Δεινίας
1736 1406 1841 1440 διηγεῖ-

1051 1456 1112 1482 σθαι
1134 1456 1236 1490 Κύμδα
1250 1456 1304 1482 τινὶ
1316 1455 1428 1489 ὀνόματι
1444 1454 1472 1487 ἐξ
1487 1452 1633 1488 Ἀρκαδίας
1651 1451 1791 1487 πατρίδος,
1808 1451 1842 1477 ὃν

1050 1500 1161 1528 στείλειε
1174 1500 1205 1526 τὸ
1223 1500 1311 1526 κοινδν
1339 1499 1394 1526 τῶν
1413 1498 1552 1534 Ἀρκάδων
1568 1499 1597 1529 ἐς
1625 1497 1723 1531 Τύρον,
1746 1496 1841 1524 αἰτούιι

1051 1555 1127 1583 μενοι
1142 1547 1248 1573 Δεινίαν
1267 1546 1337 1579 πρὸς
1354 1545 1452 1576 αὐτούς
1467 1553 1497 1571 τε
1512 1544 1560 1571 καὶ
1587 1543 1704 1578 πατρίδα
1733 1543 1842 1570 ἐπανατ

1050 1593 1153 1626 ζεῦξαι.
1175 1592 1252 1618 Ἐπεὶ
1261 1591 1290 1618 δὲ
1305 1591 1385 1618 αὑτὸν
1400 1590 1430 1617 τὺ
1442 1591 1523 1627 βάρος
1535 1589 1583 1616 τοῦ
1596 1590 1690 1624 γήρως
1705 1589 1840 1624 ἐκώλυεν1

1048 1639 1188 1673 εἰσάγεται
1214 1638 1392 1674 διηγούμενος
1428 1638 1500 1673 ἅπερ
1520 1646 1549 1663 τι
1578 1636 1660 1668 αὐτὸς
1685 1635 1757 1662 κατά
1786 1635 1841 1671 τὴν

1047 1685 1153 1720 πλάνην
1173 1684 1327 1719 θεάσοιτοῆ
1347 1684 1395 1711 καὶ
1423 1683 1511 1711 ἄλλων
1523 1683 1699 1718 θεασαμένων
1720 1683 1838 1716 ἀκήκοε,

1047 1731 1094 1757 καὶ
1115 1730 1133 1757 ἃ
1160 1729 1336 1764 Δερκυλλίδος
1347 1729 1376 1756 ἐν
1391 1728 1481 1764 ϐούλῃ
1493 1727 1676 1763 διηγουμένης
1705 1725 1839 1761 ἀνέμαοε,

1045 1776 1116 1809 λέγω
1135 1776 1166 1812 δὴ
1184 1777 1233 1811 τήν
1248 1784 1278 1802 τε
1290 1775 1313 1791 ⁸⁸
1329 1774 1533 1810 προειρημένην
1549 1773 1655 1809 πλάνην
1668 1772 1764 1806 αὐτῆς,
1789 1772 1840 1799 καὶ

1048 1822 1123 1853 ὅπως
1141 1821 1211 1856 μετὰ
1226 1822 1276 1855 τὴν
1287 1821 1315 1853 ἐξ
1331 1821 1413 1857 ’ᾼδου
1425 1821 1508 1856 αὐτῆς
1525 1819 1698 1854 ἀναχώρησιν
1714 1818 1763 1844 σὺν
1777 1819 1839 1852 Κη-

1047 1868 1135 1903 ρύλλῳ
1164 1867 1211 1894 καὶ
1239 1867 1386 1902 Ἄστραίῳ,
1415 1866 1466 1903 ήδη
1479 1865 1557 1892 τοῦ*ι
1575 1864 1690 1898 ἀδελφοῦ
1715 1864 1838 1890 διασπα-

1045 1912 1150 1944 σθεῖσα,
1161 1913 1208 1939 ἐπὶ
1223 1912 1268 1939 τὴν
1285 1912 1420 1948 Σειρήνης
1433 1911 1592 1945 dolum-ro“
1607 1910 1692 1944 τάφον
1702 1917 1709 1924 ’
1726 1908 1774 1935 καὶ
1787 1909 1840 1935 ὅσα

1044 1959 1125 1985 πάλιν
1150 1958 1218 1993 αὐτὴ
1233 1957 1261 1991 ἐξ
1280 1957 1422 1992 Ἂστραίου
1451 1957 1573 1990 λέγοντος
1593 1955 1706 1990 ἢκουσε,
1722 1954 1788 1988 περί
1805 1961 1840 1980 τε

1044 2004 1203 2038 Πυθαγόρου
1228 2003 1300 2039 φημὶ
1318 2003 1365 2029 καὶ
1386 2002 1553 2037 Μνησάρχου
1565 2009 1572 2016 ·
1589 1998 1635 2027 οἷά
1648 2008 1677 2026 τε
1689 1999 1838 2030 Φιλώτιδος

1043 2050 1124 2082 αὐτὸς
1137 2050 1279 2084 Ἀστραῖος
1297 2048 1408 2084 ἤκουσε,
1436 2047 1484 2074 καὶ
1499 2047 1530 2074 ea
1542 2046 1614 2072 κατὰ
1638 2047 1702 2076 τοὺς
1729 2044 1837 2079 ὀφθαλ-

1044 2097 1111 2131 μοὺς
1121 2096 1144 2112 ³⁸
1160 2094 1243 2122 αὑτοῦ
1275 2094 1398 2130 μυθῶδες
1424 2093 1515 2128 θέαμα
1525 2101 1531 2107 ·
1545 2092 1592 2119 καὶ
1606 2092 1656 2118 ὅσα
1677 2089 1756 2122 αὖθις
1768 2092 1838 2127 Δερ-

1044 2141 1137 2172 κυλλὶς
1150 2141 1197 2168 ἐπὶ
1209 2141 1257 2176 τὴν
1274 2140 1378 2167 οἰκείαν
1397 2138 1547 2166 ἐπανιοῦσα
1565 2137 1671 2172 πλάνην
1691 2136 1838 2172 ἀπήγγελο

1043 2187 1101 2222 λεν,
1109 2187 1146 2219 ὡς
1155 2187 1296 2222 περιπέσοι
1309 2185 1460 2221 ἀνθρώπων
1473 2183 1628 2210 πόλεικατὰ
1642 2183 1692 2218 τὴν
1703 2183 1837 2218 Ἰϐηρίαν,

204 2225 324 2258 quotidie
339 2226 507 2255 caecutirent.
531 2226 596 2260 Qua:
624 2227 688 2255 item
714 2228 750 2256 ibi
774 2229 896 2258 Astraeus
921 2231 987 2259 tibia

1052 2233 1067 2259 ιῖ
1079 2232 1172 2268 ἐώρων
1185 2232 1234 2267 μὲν
1248 2233 1277 2259 ἐν
1289 2232 1377 2264 νυκτὶ,
1386 2231 1481 2266 τυφλοὶ
1492 2231 1520 2258 δὲ
1532 2230 1584 2257 ὑπὸ
1597 2230 1688 2265 ἡμέρᾳ
1699 2230 1803 2265 ἑκάστῃ
1811 2230 1840 2252 "-

203 2277 314 2303 canens,
344 2271 466 2300 hostibus
491 2280 584 2301 eorum
601 2272 708 2307 fecerit,
747 2279 831 2310 utque
865 2276 989 2304 benevoli

1052 2279 1204 2314 »τύγχανονε
1230 2278 1276 2304 καὶ
1287 2277 1338 2304 ὅσα
1362 2278 1423 2304 ἐκεῖ
1434 2278 1577 2313 Ἀστραῖος
1586 2276 1675 2303 αὐλῶν
1685 2277 1742 2308 τοῖς
1755 2275 1839 2302 πολε-

204 2315 267 2344 iude
279 2316 383 2349 dimissi
395 2317 421 2347 in
433 2317 523 2346 Celtas
540 2319 694 2352 inciderint,
723 2326 830 2354 gentem
843 2321 989 2350 immanem

1052 2324 1114 2356 ιίοις
1137 2324 1249 2350 ἐκείνων
1280 2323 1440 2359 εἰργάσατο.
1467 2323 1523 2350 Καὶ
1534 2323 1572 2355 ὡς
1591 2322 1738 2357 ἀφεθέντες
1753 2322 1839 2356 εὐμε-

203 2369 235 2388 ac
247 2361 384 2394 stolidam,
414 2370 482 2397 quos
496 2359 523 2390 in
534 2365 612 2399 equis
626 2365 676 2400 ipsi
697 2366 852 2401 effugerint,
876 2375 990 2403 quzeque

1052 2371 1093 2402 κῶς
1105 2370 1210 2397 ἐκεῖθεν
1235 2368 1466 2405 περιπεπτώκασι
1491 2370 1548 2401 τοῖς
1571 2369 1684 2400 Κελτοῖς
1695 2369 1731 2399 ’⁸,
1762 2368 1838 2394 ἔθνει

203 2406 229 2434 in
245 2412 347 2435 mutato
364 2416 495 2443 equorum
511 2410 601 2438 colore
622 2412 791 2440 acciderint:
808 2417 837 2441 ut
863 2413 927 2441 hinc
953 2414 988 2442 ad

1052 2416 1107 2452 5μῷ
1121 2417 1168 2443 καὶ
1178 2416 1285 2452 ἠλιθίῳ,
1298 2417 1391 2448 ἵπποις
1402 2425 1431 2442 τε
1445 2416 1544 2448 αὐτοὺς
1564 2415 1706 2456 ἐξέφυγον,
1723 2415 1770 2441 καὶ
1784 2415 1837 2441 ὅσοι

200 2455 353 2491 Aquitanos
365 2456 544 2489 penetrarint,
563 2462 733 2493 quantosque
749 2460 866 2487 honores
879 2460 916 2488 ibi
926 2461 987 2488 ade-

1052 2464 1135 2494 ιὺτοϊς
1148 2463 1213 2497 περὶ
1228 2463 1276 2497 τῆς
1293 2461 1364 2489 κατὰ
1382 2461 1431 2497 τὴν
1446 2462 1530 2497 χρόαν
1546 2461 1601 2487 τῶν
1617 2455 1708 2487 ἵππων
1719 2460 1837 2490 ὲναλλατ

201 2501 239 2541 pti
267 2501 322 2529 sint
335 2502 466 2538 Dercyllis
481 2508 562 2539 atque
578 2504 719 2541 Ceryllus;
746 2510 773 2533 et
797 2505 849 2534 hoc
873 2507 988 2542 amplius

1052 2509 1094 2543 {'71:
1122 2509 1253 2543 ἐγεγόνει.
1280 2508 1374 2539 Ὅπως
1385 2517 1414 2534 τε
1431 2508 1501 2534 κατά
1512 2507 1576 2539 τοὺς
1593 2507 1759 2539 ’Δκυτανους
1773 2507 1837 2541 ἐγέ-

199 2546 333 2580 Astrmus,
365 2549 436 2593 quod
459 2550 598 2586 oculorum
624 2559 735 2579 suorum
761 2552 930 2587 incremento
945 2558 986 2581 at-

1052 2562 1129 2585 ιοντο,
1161 2554 1208 2580 καὶ
1233 2553 1291 2585 οἵας
1320 2554 1380 2581 ἐκεῖ
1406 2553 1489 2589 τιμῆς
1516 2551 1642 2589 [1861].]
1671 2553 1839 2588 ἀπήλαυσαν

849 2621 967 2649 VARUS
987 2620 1189 2649 LECTIONES.

245 2675 271 2716 In
284 2676 333 2716 καὶ
352 2677 692 2716 σταθμὸν-τ--ποιούμενοι
704 2681 725 2707 Α
749 2690 756 2707 :
775 2681 905 2716 σταθμίον
924 2697 958 2702 -
974 2681 1125 2716 ποιούμενα
1138 2690 1167 2713 ς.
1230 2681 1253 2697 ⁸⁷
1269 2680 1369 2716 ἀδελφῇ
1385 2689 1416 2712 ς.

199 2711 332 2750 παάῠτιός
349 2720 380 2750 ς’.
417 2713 439 2728 ⁸⁸
455 2713 560 2748 Μύρθῳ
574 2723 593 2746 ς-
607 2711 621 2741 ί
634 2715 755 2750 Scaliger
775 2711 903 2750 Μυρξοῖί
928 2717 950 2735 ⁹⁰
963 2725 993 2743 τε
1008 2711 1069 2744 διιεῖ.
1085 2717 1117 2743 Α.
1142 2711 1176 2733 “’¹
1193 2716 1239 2742 τοῦ
1252 2724 1305 2742 orn.
1324 2711 1369 2742 A'."
1390 2711 1418 2732 θη
1431 2715 1560 2749 ἀφίκοντο
1571 2711 1756 2750 apdgraphum
1771 2714 1835 2742 Ste-

197 2746 280 2791 phani
295 2755 302 2774 :
316 2746 457 2782 ἀφίκοιντο
470 2746 509 2792 ςξ
538 2746 561 2765 ε’
576 2746 732 2787 ρφθαλμοὶῖς
744 2753 767 2778 Α
780 2760 786 2778 :
801 2746 931 2790 ἁδελφοίθς
946 2751 967 2779 C
980 2761 1010 2784 ς.
1048 2752 1071 2768 ⁸⁸
1087 2751 1194 2787 ἡμέραν
1210 2751 1327 2787 ἑκάστην
1340 2760 1371 2783 ς.
1409 2751 1431 2767 ⁸⁸
1448 2746 1550 2786 βελτοίς
1566 2746 1599 2777 Αζ

935 2809 1052 2838 NOTAE.

1077 2867 1133 2904 (2|)
1157 2867 1207 2902 Qui
1231 2869 1329 2905 Ραορίι
1352 2870 1480 2907 deinceps
1504 2875 1636 2907 perpetuo
1661 2869 1832 2903 nominatim

1467 2680 1489 2696 ⁸³
1504 2679 1623 2715 Παάπις]
1649 2678 1809 2715 ΠαάπιόςῗΑ
1825 2689 1832 2707 :

237 2862 293 2901 (ιο)
311 2864 419 2907 ἀδελφῷ
445 2865 587 2904 legendum
617 2866 715 2900 docent
735 2868 884 2903 sequentia.
