1938 3091
74 152 129 183 469

596 147 860 178 BIBLlOTHECA.
879 158 915 165 -
927 147 1009 178 COD.
1026 148 1148 180 CLXVI.

1657 147 1712 180 470

74 204 228 242 Aspxuni;
241 212 271 230 τε
279 203 328 230 καὶ
341 202 384 237 Κή
389 201 495 237 ρυλλος.
504 201 553 228 καὶ
562 201 602 228 ἔτι
612 202 713 237 μᾶλλον
727 201 871 236 Ἀστραῖος

924 209 976 235 que
996 203 1180 235 decremento,
1200 203 1270 232 lunae
1285 211 1392 240 quoque
1414 204 1569 239 designaret
1591 205 1711 232 alterna-

74 255 109 288 τῇ
127 252 194 286 περὶ
225 250 289 282 τοὺς
315 248 431 280 οἰκείους
450 247 608 282 ὀφθαλμοὺς
623 247 805 282 αὑξομειώσει
823 246 873 278 τὰς

77 296 243 332 σεληνιακὰς
259 290 400 330 σημαίνων
414 292 625 328 αὑξομειὼσεις,
641 293 689 319 καὶ
701 292 773 319 λύων
784 292 874 326 ἔριδος

76 344 139 374 τοὺς
165 343 257 368 ἐκεῖσε
275 340 339 374 περὶ
358 339 409 374 τῆς
435 338 523 375 ἀρχῆς
538 338 670 374 βασιλεῖς,
688 338 713 365 οἳ
733 338 779 365 δύο
796 338 873 370 ὄντες

77 389 148 416 κατά
163 388 198 414 τὰ
214 386 327 413 τοιαῦτα
338 386 387 420 τῆς
400 385 515 420 σελήνης
524 384 734 420 πάθηιάλλήλων
747 384 875 411 ἀντικαθ-

79 435 188 460 ίσταντο
204 433 340 467 διάδοχοι·
353 431 387 458 δι’
404 431 422 458 ἃ
436 431 484 458 καὶ
494 431 508 457 ὁ
524 431 616 457 ἐκεῖσε
632 430 718 467 δῆμος
729 431 787 462 τοῖς
807 430 874 465 περὶ

84 483 226 517 ’Δστραῖον
240 481 361 516 ἔχαιρον.

117 527 261 554 Ἐντεῦθεν
281 524 478 560 ὲπιμυοεὺεται
488 525 564 556 ὅπως
576 524 611 551 τά
625 533 656 550 τε
670 524 740 551 ἀλλα
750 523 872 559 Δερκυλ-

76 574 117 606 λὶς
126 572 182 600 εἶδέ
194 582 223 600 τε
236 573 282 600 καὶ
297 571 447 608 ὑπήνεγκε,
466 571 513 597 καὶ
525 570 563 602 ὡς
573 566 780 606 ὲν⁶Ἂρτά6ροις
789 570 873 606 ἤχθη,

76 618 107 648 οὗ
120 621 251 654 θμιναίκες
280 619 331 654 μὲν
358 617 534 652 πολεμοῦσιν,
558 617 655 653 ἄνδρες
669 616 698 643 δὲ
717 616 873 652 οἰκουροῦσι

76 667 124 693 καὶ
137 666 172 692 τὰ
183 665 320 700 γυναικῶν
331 663 536 698 ἐπιμελοῦνται.
550 663 613 690 Ἐπὶ
625 662 733 691 τούτοις
746 658 791 688 οἶα
800 661 874 688 κατά

75 712 139 743 τοὺς
155 711 237 738 Ἀστὺ
242 719 305 746 ρους
315 710 345 737 τδ
356 710 432 741 ἔθνος
444 709 512 744 αὐτῇ
531 716 561 735 τε
576 709 624 735 καὶ
638 707 774 744 Κηρύλλῳ
807 716 872 734 συν-

76 758 210 793 εκύρησε,
238 757 287 784 καὶ
313 756 352 783 ἔτι
372 756 422 783 ὅσα
443 755 516 786 ίδίως
539 755 675 790 Ἀστραίῳ
703 755 869 790 συνηνέχθη,

75 803 124 828 καὶ
139 802 178 834 ὡς
202 801 268 837 παρ’
300 801 412 832 ἐλπίδας
436 800 526 832 πάσας
551 800 615 831 τοὺς
627 799 808 835 ὲνἈστύροις
826 809 872 826 συ-

75 847 157 881 χνοὺς
168 846 309 878 κινδύνους
325 845 526 880 ἐκπεφευγότες
537 845 681 881 Κήρυλλος
692 846 740 871 σὺν
750 846 870 881 Δερκυλ-

75 874 126 919 {tat
140 874 191 928 τὴν
216 874 628 927 δίκηνόμωςίῆν’ἀδικήματος
645 874 760 918 παλαιοῦ
777 874 870 926 ωφλη-
887 874 908 903 Β

75 939 132 969 κὼς
160 937 320 972 ἐτύγχανεν,
341 938 391 964 οὐκ
410 938 567 971 ἀπέφυγεν,
580 936 649 964 ἀλλά
664 937 740 972 παρά
760 937 838 970 δόξαν
847 937 871 954 ⁸⁸

76 985 169 1010 πᾶσαν
184 983 323 1017 ὠςὲσὼθη
346 983 401 1010 τῶν
420 982 563 1016 κινδύνων,
581 982 652 1009 οὕτω
675 984 724 1010 καὶ
737 983 869 1018 ἑκρεουρ-

76 1029 160 1064 τήθη.
177 1029 256 1056 Μετά
287 1029 375 1055 ταῦτα
396 1026 441 1056 οἷα
455 1030 526 1055 κατά
541 1029 589 1064 τὴν
603 1028 718 1055 Ἰταλίαν
731 1029 778 1055 καὶ
791 1029 870 1055 Σικε-

75 1075 137 1102 λίαν
165 1075 330 1110 πλανωμένη
362 1074 505 1106 ὲθεάσατο,
531 1074 578 1101 καὶ
591 1073 629 1106 ὼς
654 1075 683 1101 ὲν
701 1074 801 1110 Ἔρυκι
825 1083 871 1108 γε-

76 1122 178 1156 νομένη
204 1121 280 1148 πόλει
312 1121 441 1152 Σικελίας
473 1121 694 1156 συλλαμὸάνεται
725 1121 773 1148 καὶ
803 1121 872 1157 πρὸς

75 1166 293 1202 Αίνησὶδημον⁹⁷
309 1167 462 1202 (ἐτυράννει
472 1166 500 1193 δὲ
515 1167 577 1193 τότε
600 1167 749 1193 Λεοντίνων
782 1163 871 1200 οὗτος)

76 1213 226 1245 ἀπάγεται.
256 1208 336 1246 Ἐνῷ
351 1213 433 1239 πάλιν
460 1212 580 1239 ῐιαάπιδι
605 1212 644 1248 τῷ
668 1212 870 1248 τρισαλιτηρίῳ

76 1258 239 1293 πριπίπτει
251 1257 290 1293 τῷ
300 1258 479 1294 τυραννοῦντι
507 1259 624 1290 συνόντι,
641 1259 688 1285 καὶ
699 1259 749 1293 τῆς
763 1260 869 1294 ἀπροσ-

75 1305 193 1339 δοκήτου
207 1305 349 1340 συμφορᾶς
364 1305 528 1331 ἀνέλπιστον
541 1305 664 1339 εὑρίσκει
691 1305 871 1341 παραμυθίαν

74 1351 121 1376 τὴν
144 1350 259 1384 ἀδελφὸν
283 1351 444 1382 Μαντινὶαν,
475 1351 505 1382 ὃς
525 1350 610 1378 πολλά
632 1351 792 1386 πλανηθεὶς,
825 1351 872 1378 καὶ¹

75 1395 184 1422 πολλῶν
209 1396 400 1423 ἀπιστοτάτων
428 1396 574 1431 θεαμάτων
589 1396 694 1431 περίτε
710 1396 872 1432 ἀνθρώπους

76 1441 125 1467 καὶ
137 1441 220 1476 ἕτερα
234 1440 292 1472 ζῶα
309 1442 374 1477 περί
390 1451 420 1468 τε
435 1442 516 1469 αὑτὸν
528 1442 605 1477 ἥλιον
620 1441 668 1468 καὶ
687 1442 803 1477 σελήνην
824 1442 872 1469 καὶ

76 1488 150 1522 φυτὰ
175 1488 223 1514 καὶ
234 1488 332 1522 νήσους
351 1487 470 1523 μάλιστα
483 1487 619 1523 ἐξηγητὴς
633 1488 701 1523 αὐτῇ
718 1489 868 1520 καταστὰς,

924 248 1024 280 tiones,
1038 250 1164 284 quodque
1172 251 1373 278 contentionem
1392 251 1541 284 dirimeret,
1561 251 1628 278 duos
1641 252 1710 278 inter

925 301 1002 329 reges
1027 295 1060 320 de
1079 295 1231 330 principatu
1248 296 1455 329 contendentes,
1479 295 1524 331 qui
1544 296 1620 332 juxta
1642 296 1710 323 tales

924 339 995 366 lunae
1008 340 1212 368 vicissitudines
1239 341 1355 369 invicem
1384 341 1569 369 succedebant
1583 342 1608 369 in
1625 342 1710 376 impe-

924 386 975 417 rio,
1001 390 1030 412 ut
1041 386 1076 413 ob
1090 386 1140 414 ista
1163 386 1245 414 etiam
1274 387 1374 423 populo
1405 388 1444 416 illi
1466 388 1586 416 Astraaus
1610 388 1710 415 charus

923 436 1105 467 acceptusque
1117 432 1208 460 fuerit.

959 521 1060 549 Narrat
1076 528 1175 557 prater
1199 524 1256 551 haec
1277 525 1380 558 Dinias,
1407 525 1557 562 Dercyllida
1578 535 1638 554 cum
1657 527 1708 554 alia

924 567 1026 596 vidisse
1055 573 1138 604 atque
1162 571 1317 604 pertulisse,
1344 575 1399 598 tum
1413 573 1486 599 utad
1508 573 1708 609 Artabros(2*2)

924 615 1090 648 pervenerit,
1112 615 1156 642 ubi
1173 615 1282 644 feminae
1308 617 1376 645 bella
1406 623 1515 653 gerunt,
1547 619 1598 646 viri
1619 625 1710 647 autem

923 659 1033 687 domum
1057 662 1224 697 custodiunt,
1253 670 1285 690 ac
1311 664 1452 691 muliebria
1482 668 1594 700 queque
1610 666 1711 694 obeunt

923 705 1031 732 officia:
1049 714 1108 740 qua:
1123 707 1186 734 item
1199 708 1268 743 apud
1280 708 1406 736 Asturum
1425 715 1532 745 gentem
1549 711 1598 746 ipsi
1614 711 1709 747 Ceryl-

923 751 1007 786 loque
1028 753 1204 788 contigerint,
1219 759 1245 782 et
1260 762 1320 789 quae
1333 756 1437 784 Astraeo
1451 765 1559 792 quoque
1582 758 1710 792 privatim

923 798 1075 826 acciderint
1089 807 1097 825 :
1114 805 1197 833 utque
1211 805 1309 834 praeter
1333 808 1440 829 onmem
1466 810 1541 837 spem
1558 803 1709 838 frequentia

923 844 992 878 apud
1003 844 1117 873 Asturos
1125 846 1245 880 pericula
1261 854 1321 874 cum
1339 847 1497 883 effugissent
1515 848 1638 883 Ceryllus
1646 857 1708 877 cum

924 889 1084 925 Dercyllide,
1113 897 1223 925 poenam
1239 893 1399 926 tamenille,
1428 895 1524 929 ιιοα
1549 902 1629 930 quam
1656 895 1709 922 im-

922 936 1065 971 probitatis
1078 937 1144 964 olim
1157 945 1253 980 causa.
1265 940 1441 968 commeritus
1467 945 1548 974 esset,
1578 948 1630 967 non
1646 940 1709 968 effu-

921 983 1010 1017 gerit,
1030 983 1077 1010 sed
1092 988 1120 1010 ut
1140 985 1281 1019 lnopinato
1292 985 1412 1020 pericula
1442 986 1500 1014 haec
1521 987 1649 1019 evaserit,
1671 987 1707 1014 ita

920 1028 1002 1055 etiam
1022 1029 1129 1057 tandem
1157 1031 1386 1065 excarnificatum}
1400 1031 1493 1060 fuisse.
1506 1031 1599 1060 Refert
1615 1038 1706 1068 postea

921 1079 1046 1107 quaenam
1062 1081 1110 1108 per
1126 1074 1231 1101 Italiam
1258 1074 1433 1110 Siciliamque
1454 1076 1584 1103 oberrans
1610 1077 1653 1103 illa
1670 1078 1707 1104 vi-

922 1118 1002 1146 derit.
1031 1117 1065 1146 Ut
1095 1119 1121 1146 in
1151 1119 1238 1155 Eryce
1254 1119 1354 1148 Siciliae
1365 1121 1475 1148 civitate
1501 1122 1706 1156 comprehensa,

921 1165 954 1191 ad
966 1165 1187 1198 Stenisidemum,
1216 1166 1262 1201 qui
1292 1172 1356 1194 tunc
1379 1166 1518 1195 Leontinis
1544 1167 1706 1202 imperabat,

921 1210 1038 1237 adducta
1055 1211 1136 1239 fuerit
1152 1221 1160 1239 :
1176 1212 1221 1240 ubi
1232 1213 1375 1239 rursumin
1387 1212 1543 1248 Paapidem,
1558 1213 1708 1241 sceleratis-

922 1256 1020 1283 simum
1037 1257 1111 1284 illum
1124 1258 1273 1290 hominem,
1301 1259 1370 1294 apud
1391 1266 1480 1294 regem
1493 1264 1616 1294 agentem
1642 1260 1708 1286 inci-

922 1302 973 1334 dit,
987 1303 1141 1338 reperitque
1153 1311 1202 1331 nec
1210 1305 1320 1339 opinato
1329 1304 1492 1332 calamitatis
1504 1305 1622 1340 ingentis
1634 1305 1707 1332 sola-

923 1346 1008 1380 tium,
1039 1347 1196 1375 Mantiniam
1227 1348 1360 1382 fratrem,
1385 1351 1430 1384 qui
1463 1350 1508 1377 diu
1539 1351 1709 1386 multumque

920 1391 1050 1426 jactatus,
1058 1393 1132 1420 varia
1143 1401 1251 1429 quoque
1258 1399 1284 1421 et
1293 1395 1472 1427 incredibilia,
1482 1403 1541 1429 qua;
1552 1403 1613 1423 cum
1625 1396 1650 1423 in
1664 1397 1710 1424 ho-

924 1438 1043 1467 minibus
1067 1447 1099 1467 ac
1126 1440 1234 1468 caeteris
1245 1441 1438 1474 animantibus,
1451 1447 1506 1468 tum
1521 1442 1595 1470 circa
1624 1443 1709 1470 solem

924 1484 1011 1518 ipsum
1029 1489 1056 1512 et
1081 1485 1181 1518 lunam,
1213 1487 1383 1521 plantasque,
1415 1493 1441 1514 et
1465 1488 1569 1516 insulas
1598 1489 1709 1523 potissi-

75 1534 145 1568 ὓλην
155 1533 273 1569 ἄφθονον
284 1533 407 1569 παρέσχε
423 1534 583 1569 μυθοποιίας
591 1534 773 1568 ἀπαγγέλλειν
789 1534 866 1561 ὓστε-

924 1540 997 1559 mum
1013 1537 1159 1566 spectarat,
1174 1534 1260 1561 sorori
1285 1535 1521 1567 commemoravit,
1544 1536 1711 1570 uberemquo

77 1590 125 1615 ρον
152 1581 193 1616 τῷ
217 1580 309 1616 Δεινίᾳ
327 1588 335 1596 ·
363 1580 436 1615 ἅπερ
463 1579 544 1612 αὐτὸς
576 1580 710 1616 συνείρων
730 1580 869 1615 εἰσάγεται

74 1627 256 1662 διηγούμενος
268 1627 308 1662 τῷ
325 1626 442 1662 Ἀρκάδι
460 1626 575 1662 Κύμϐᾳ.

114 1717 234 1743 Ἔπειτα
253 1715 290 1747 ὡς
316 1715 445 1746 λαϐόντες
477 1715 628 1747 Μαντινίας
651 1715 700 1742 καὶ
724 1714 872 1749 Δερκυλλὶς

76 1764 110 1790 ὲκ
125 1762 278 1789 Λεοντίνων
290 1762 312 1778 ’⁸
322 1762 352 1788 τὸ
372 1761 511 1793 Παάπιδος
529 1761 654 1797 πηρίδιον
683 1762 752 1797 μετά
774 1762 829 1788 τῶν
841 1763 870 1789 ὲν

77 1808 155 1844 αὺτῷ
174 1807 295 1844 βιϐλίων,
307 1807 419 1835 καὶτῶν
437 1807 556 1842 βοτανῶν
586 1807 650 1843 [360
675 1806 722 1844 8.]
746 1807 776 1834 τὸ
793 1808 873 1834 κιϐώ-

76 1864 146 1888 τιον,
162 1855 327 1890 ἀπαίρουσιν
347 1855 388 1886 εἰς
405 1854 514 1890 Ῥήγιον
526 1853 653 1880 κάκεῖθεν
672 1854 713 1885 εις
728 1854 873 1880 Μεταπόν-

78 1911 146 1935 τιον,
162 1898 228 1935 tu}:
242 1901 341 1932 αὐτοὺς
362 1901 506 1936 Ἀστρατος
538 1900 747 1928 ὲπικαταλαϐὼν
775 1901 873 1936 μηνύει

78 1948 150 1975 κατά
170 1948 255 1978 πόδας
270 1947 378 1974 διώκειν
394 1947 514 1973 Παάπιν.
534 1947 588 1973 Καὶ
605 1946 643 1978 ὡς
657 1947 873 1982 συναπαίρουσιν

76 1993 154 2028 dira?)
181 1992 228 2019 ἐπὶ
255 1993 364 2028 Θρᾷκας
377 1993 424 2019 καὶ
442 1992 625 2025 Μασσαγέτας
633 1992 667 2025 ",
684 1991 752 2027 πρὸς
769 1991 874 2026 Ζάμολ-

77 2040 120 2071 ξιν
137 2038 185 2065 τὸν
199 2039 307 2073 ἑταῖρον
326 2037 409 2064 αὐτοῦ
423 2038 540 2065 ἀπιόντι.
556 2037 627 2063 Ὅσα
643 2046 673 2064 τε
685 2037 755 2064 κατά
771 2037 873 2072 ταύτην

77 2085 127 2120 τὴν
151 2085 308 2120 ὁδοιπορίαν
335 2085 432 2111 ῐδοιεν¹
449 2085 497 2111 καὶ
521 2085 595 2115 ὅπως
609 2083 716 2120 ἐντύχοι
731 2085 872 2120 Ἀστραῖος

78 2130 224 2166 Ζαμόλξιδι
247 2130 323 2165 παρά
346 2131 443 2162 Γέταις
455 2138 462 2145 ·
476 2130 527 2166 ἤδη
551 2130 611 2163 Θεῷ
622 2130 795 2165 νομιζομένῳ
804 2138 811 2145 ο
825 2130 873 2156 καὶ

77 2178 129 2204 ὅσα
154 2177 244 2203 εἰπεῖν
267 2176 343 2212 αὐτῷ
368 2176 415 2204 καὶ
450 2176 580 2211 δεηθῆναι
607 2175 754 2212 Δερκυλλίς
772 2184 803 2202 τε
825 2175 873 2202 καὶ

78 2223 230 2255 Μαντινίας
246 2224 389 2258 Ἀστραῖον
415 2223 485 2258 ὑπὲρ
500 2222 589 2249 αὐτῶν
603 2222 723 2258 ἠξίωσαν
736 2230 742 2237 ’
765 2222 812 2249 καὶ
834 2223 872 2254 ὡς
890 2219 911 2246 D

78 2269 205 2304 χρησμος
227 2269 318 2300 αὐτοῖς
344 2268 449 2295 ἐκεῖθεν
464 2268 593 2300 ἐξέπεσεν
614 2268 661 2294 ἐπὶ
675 2267 781 2303 Θούλην
801 2266 870 2295 εἶναι

77 2313 261 2350 πεπρωμένον
288 2314 385 2346 ἐλθεῖν,
407 2314 454 2340 καὶ
470 2313 506 2345 ὡς
520 2314 549 2345 ἐς
564 2313 677 2349 ὕστερον
690 2314 737 2340 δια)⁵
753 2314 870 2349 πατρίδα.

78 2361 200 2394 θᾷονται,
230 2359 362 2396 πρότερον
385 2360 452 2387 ἄλλα
464 2368 494 2386 τε
511 2359 779 2395 ὲνταλαιπωροῦντες
792 2380 800 2392 ,
822 2361 869 2387 καὶ

77 2406 155 2441 δίκην
172 2405 222 2441 τῆς
236 2406 265 2438 ἐς
278 2407 340 2438 τοὺς
353 2406 449 2437 τοκέας
464 2406 636 2441 ἀνοσιότητος
648 2405 683 2440 (εί
696 2406 743 2432 καὶ
759 2405 871 2439 ἄκοντες

79 2453 214 2487 ἥμαρτον)
235 2451 373 2484 τιννύντες
385 2452 424 2487 τῷ
436 2452 482 2478 τὸν
497 2452 554 2487 βίον
568 2451 660 2483 αὐτοῖς
674 2452 713 2482 είς
733 2451 806 2486 ζωὴν
823 2453 870 2479 καὶ

79 2499 196 2525 Θάνατον
219 2499 440 2535 διαμερισθῆναι,
467 2499 516 2525 καὶ
534 2499 584 2534 ζῇν
610 2499 660 2533 μὲν
675 2499 705 2525 ὲν
717 2498 806 2532 νυκτὶ,
823 2508 869 2525 νε-

923 1578 1068 1605 admodum
1085 1578 1200 1612 praebuit
1218 1577 1368 1606 fabularum
1381 1580 1535 1614 materiam,
1568 1587 1637 1616 quas
1663 1581 1711 1609 Di-

923 1623 974 1650 πίω
991 1625 1160 1658 postmodum
1174 1624 1218 1652 illa
1232 1624 1357 1658 referret,
1385 1633 1444 1660 quae
1471 1627 1515 1654 hic
1541 1627 1631 1654 omnia
1654 1628 1710 1662 ipse

923 1670 1115 1703 connexuisse,
1129 1676 1156 1698 et
1173 1670 1284 1707 Cymba:
1300 1673 1398 1699 Arcadi
1412 1672 1538 1701 retulisse
1552 1673 1672 1708 ﬁngitur.

958 1716 1041 1744 Addit
1053 1716 1163 1749 dehinc,
1175 1723 1204 1746 ut
1216 1718 1360 1745 Mantinias
1376 1726 1438 1746 cum
1461 1717 1613 1755 Dercyllide
1630 1719 1710 1755 (Pna-

924 1762 994 1796 pidis
1004 1769 1066 1796 pera
1077 1770 1138 1790 cum
1160 1763 1245 1796 libris,
1259 1763 1459 1799 herbarumque
1484 1765 1574 1793 arcula
1591 1766 1710 1801 sublata)

924 1806 1057 1842 Rhegium
1071 1816 1088 1835 e
1103 1808 1243 1837 Leontinis
1259 1810 1424 1844 trajecerint,
1437 1811 1553 1847 indeque
1572 1811 1710 1847 Metapon-

925 1853 1003 1886 tium,
1022 1854 1066 1881 ubi
1079 1861 1127 1882 eos
1154 1855 1275 1882 Astraeus
1298 1863 1450 1889 assecutus,
1470 1857 1569 1893 Paapin
1596 1860 1709 1893 vestigia

923 1906 1018 1926 eorum
1038 1900 1165 1934 subsequi
1192 1900 1362 1935 significaril,
1379 1906 1462 1936 utque
1488 1904 1621 1931 Astraeum
1636 1904 1663 1930 hi
1680 1905 1707 1931 in

923 1944 1083 1979 Thraciam,
1095 1950 1121 1972 et
1137 1946 1300 1982 Massagetas
1315 1948 1347 1974 ad
1362 1947 1504 1976 Zamolxin
1531 1949 1588 1985 (25)
1607 1950 1710 1977 socimn

923 1990 1140 2023 proﬁciscentem
1169 1991 1253 2018 secuti
1270 1992 1335 2019 sint.
1358 1992 1428 2026 Quid
1458 1993 1522 2021 item
1553 1994 1597 2021 ille
1613 1995 1663 2022 hac
1684 1995 1711 2021 in

923 2036 1090 2069 profectione
1106 2037 1289 2072 conspexerit,
1308 2044 1339 2066 ac
1359 2040 1495 2073 quomodo
1511 2039 1537 2066 in
1554 2039 1710 2067 Zamvolxida

924 2082 1058 2114 inciderit,
1075 2083 1146 2118 apud
1172 2082 1255 2111 Getas
1271 2083 1332 2120 jam
1362 2089 1417 2112 tum
1432 2093 1481 2117 pro
1510 2085 1560 2113 deo
1586 2086 1709 2114 cultum:

923 2134 1038 2162 quaeque
1052 2129 1153 2162 dicere,
1174 2136 1206 2156 ac
1219 2129 1356 2162 postulare
1371 2137 1420 2164 pro
1434 2137 1464 2157 se
1479 2130 1613 2158 Astraeum
1624 2131 1712 2165 jusse-

924 2175 979 2202 rint
1001 2175 1132 2210 Dercyllis
1155 2181 1235 2210 atque
1262 2175 1430 2210 Mam-inin;
1462 2180 1490 2203 ut
1511 2176 1548 2204 ibi
1572 2177 1711 2204 oraculum

925 2220 978 2248 illis
1001 2221 1093 2249 datum
1128 2222 1175 2254 sit,
1196 2222 1224 2249 in
1247 2221 1351 2249 Thulen
1377 2222 1492 2249 insulam
1522 2222 1621 2250 deferri
1650 2223 1712 2250 fatis

925 2275 985 2295 esse
997 2267 1162 2296 destinatum
1180 2277 1186 2295 :
1206 2269 1314 2296 tandem
1331 2274 1419 2296 tamen
1448 2269 1474 2296 in
1499 2270 1614 2303 patriam
1638 2270 1712 2296 redi-

926 2319 1010 2346 turos,
1038 2314 1084 2341 sed
1111 2322 1172 2342 cum
1190 2314 1242 2341 alia
1257 2315 1333 2350 prius
1352 2316 1465 2342 adversa
1487 2322 1629 2350 passuros,
1654 2320 1710 2343 tmn

925 2360 1070 2395 impietatis
1095 2361 1121 2387 in
1151 2366 1277 2395 parentes
1291 2361 1411 2395 (tametsi
1430 2361 1610 2396 deliquissent
1623 2362 1712 2396 inviti)

924 2413 1019 2441 pmnas
1038 2407 1171 2434 daturos:
1188 2407 1270 2434 vitam
1300 2407 1427 2434 nimirum
1454 2407 1519 2442 ipsis
1542 2415 1604 2435 cum
1624 2414 1714 2436 morte

924 2453 1035 2480 alternis
1064 2453 1167 2481 vicibus
1180 2459 1375 2481 commutatum
1401 2454 1446 2486 iri,
1461 2458 1488 2482 et
1507 2459 1588 2482 noctu
1603 2455 1712 2489 quidem

923 2499 1041 2526 victuros
1059 2498 1128 2534 (25),
1150 2499 1267 2527 interdiu
1295 2507 1357 2527 vero
1385 2507 1496 2536 semper
1517 2506 1639 2528 mortuos
1666 2500 1712 2527 fu-

725 2554 842 2583 VARIIE
863 2555 1067 2584 LECTIONES.

122 2601 148 2640 "_
161 2601 226 2636 περὶ
240 2609 271 2633 ς’.
300 2601 528 2640 ’θ’*Λίνησίδᾲημον
549 2601 673 2629 Leichius
691 2609 717 2636 p.
733 2609 777 2629 Ix:
791 2602 962 2638 αἱνισίδημον
978 2604 999 2630 Α
1012 2613 1017 2631 ;
1034 2604 1221 2640 σαινισίδημον
1232 2603 1252 2632 C
1268 2613 1298 2637 ς.
1338 2605 1361 2621 ’³
1376 2605 1538 2633 Λεοντιόνων
1551 2614 1582 2638 ς.
1621 2607 1644 2622 ’⁹
1651 2607 1712 2634 Mx-

299 2637 413 2669 ιῖὀοις.

81 2637 201 2670 σαγέτας
215 2645 248 2669 ς,
299 2637 307 2652 ¹
321 2637 371 2664 ἴόοι
382 2646 413 2669 ς.
452 2637 462 2652 ⁸
477 2637 563 2669 Γέτας
580 2645 610 2670 ς.

806 2681 922 2711 NOTAE.

117 2727 274 2761 (QStHodie
291 2727 362 2756 Cabo
382 2730 415 2756 de
442 2728 588 2763 Finistera,
617 2733 770 2763 nautaran
790 2728 870 2760 vulgo

83 2765 151 2804 apud
171 2763 258 2804 Ortfl.
279 2764 305 2791 in
327 2763 473 2792 Thesauro.
488 2765 637 2793 Meminch
653 2764 735 2796 Plin.,
758 2762 868 2795 Strabo,

83 2798 149 2824 Ἄρις]
166 2804 193 2824 et
206 2798 263 2826 alii.

120 2833 177 2871 (ᾧ)
197 2833 329 2871 '{lurajle
344 2835 396 2862 hoc
411 2836 482 2871 apud
506 2836 595 2864 Strab.
616 2836 662 2863 lib.
689 2843 736 2870 vn,
756 2833 866 2862 Suitlan.

84 2872 110 2895 tl
129 2868 258 2897 Ilcrotlot.
275 2868 447 2904 Μιίιιοιηιηέ.

956 2731 1012 2762 (ει)
1031 2731 1068 2758 De
1079 2738 1130 2765 qua
1143 2738 1201 2764 seq.
1218 2738 1280 2765 pag.

961 2766 1019 2800 (‘15)
1035 2767 1091 2798 Qua
1105 2766 1210 2802 ratione
1222 2770 1316 2802 noctes
1330 2766 1431 2794 vixisse
1447 2766 1482 2794 60
1509 2775 1589 2802 supra
1605 2767 1712 2799 septin-

923 2801 1204 2837 gemassepulcrales
1225 2801 1362 2829 docebunt
1385 2803 1576 2837 inscriptiones
1610 2803 1658 2829 inf.
1679 2803 1715 2831 in

924 2838 976 2865 line
989 2835 1068 2871 hujus
1077 2836 1188 2864 codicis.
