1938 3091
62 141 114 172 473

576 140 837 171 BIBLIOTHECA.
854 155 890 160 -
908 142 989 172 COD.
1004 142 1128 173 CLXVI.

1639 141 1692 174 474

66 206 144 233 μονος
161 197 263 233 τέχνης
276 196 443 223 σπουδασταὶ
455 196 639 229 ὑποτίθενται,
653 195 710 224 οἷον
724 197 762 229 ὡς
777 198 850 225 ἔστιν

911 204 1036 226 Istrorum
1053 198 1167 226 studiosi
1186 199 1285 226 docere
1307 200 1404 226 solent.
1423 199 1517 233 Qualia
1541 205 1605 227 sunt
1615 201 1686 229 ista:

65 244 143 275 ἐνίοις
165 243 281 270 δυνατὸν
298 243 369 269 κατὰ
396 241 520 277 κορυφὴν
535 241 584 277 τὴν
595 242 696 277 ἄρκτον
709 240 789 275 εἶναι,
805 244 853 270 καὶ

65 290 114 325 τὴν
132 290 221 316 νύκτα
246 288 385 324 μηνιαίαν,
401 291 449 314 καὶ
465 287 575 314 ἔλαττον
587 287 615 314 δὲ
630 288 677 314 καὶ
698 288 790 321 πλέον,
806 288 854 316 καὶ

67 335 246 370 ὲξαμηνιαίαν
256 334 296 366 δὲ,
316 333 364 361 καὶ
376 334 407 360 τὸ
421 334 537 368 ἔσχατον
563 334 733 362 ὲνιαυσιαίαν
744 342 751 349 '
762 335 792 361 οὐ
804 334 853 370 p.6-

67 389 111 406 νον
123 381 152 407 δὲ
162 380 212 415 τὴν
228 380 313 406 νύκτα
336 379 382 406 ἐπὶ
405 379 533 406 τοσοῦτον
547 379 765 414 παρατείνεσθει,
783 380 853 407 ἀλλὰ

67 427 114 452 καὶ
126 425 177 460 τὴν
200 425 307 460 ἡμέραν
326 425 441 456 ταύταις
468 425 628 460 συμϐαίνειν
643 425 789 459 ἀνάλογον·
805 426 853 452 καὶ

67 472 146 507 ἔτερα
159 471 188 497 δὲ
201 471 366 504 ἀπαγγέλλει
385 472 448 497 iactv
465 471 557 505 ὃμοια.
581 470 644 506 [188
661 470 705 506 Η.]
727 471 782 498 Καὶ
806 472 854 498 ἀν-

67 516 193 550 θρώπους
207 516 236 542 δὲ
251 516 314 543 ἰδεῖν
328 517 375 543 καὶ
385 516 467 550 ἕτερά
480 525 541 542 τινα
557 515 745 550 τερατεύεται,
762 516 780 543 ἃ
801 525 854 552 μη-

65 563 120 594 δεὶς
149 564 220 598 μήτε
244 564 307 589 ἰδεῖν
327 563 378 597 ἐφη
393 563 462 598 μήτε
476 563 602 593 ἀκοῦσαι,
616 563 682 589 ἀλλὰ
697 563 764 598 μηδὲ
785 571 853 598 φαν-

66 609 177 641 τασίαις
200 609 405 636 ἁνετυητώσατο.
422 609 475 635 Καὶ
488 609 518 636 τὸ
528 609 639 636 πάντων
662 610 853 641 ἀπιστότατον,

65 656 107 682 ὅτι
120 656 302 691 πορευόμενοι
315 656 385 691 πρὸς
400 656 504 691 Βορρᾶν
528 656 575 682 ἐπὶ
601 656 725 691 σελήνην,
743 655 781 687 ὡς
807 655 853 682 ὲπί

65 709 127 727 τινα
142 701 196 735 γῆν
217 701 427 736 καθαρωτάτην,
448 701 561 734 πλησίον
586 701 710 735 ἐγένοντο
722 721 729 732 ,
750 701 809 727 ἐκεῖ
821 710 853 728 τε

65 747 210 781 γενόμενοι
222 747 303 774 τδοιεν
316 746 334 775 ἃ
347 747 420 778 εἰκὸς
435 744 468 781 ἦν
483 747 546 773 ἰδεῖν
559 747 606 773 τὸν
629 746 758 781 τοιαύτην
769 747 854 782 ὕπερ-

65 791 149 826 ὃολὴν
165 791 334 826 πλασμάτων
353 793 610 826 πρωναπλάσαντα.
630 791 697 819 Εἶτα
718 793 765 818 καὶ
781 792 819 824 ὡς
834 793 852 827 ὴ

65 837 182 864 Σίϐυλλα
196 837 246 872 τὴν
262 837 398 872 μαντικὴν
407 837 461 864 ἀπὸ
476 837 623 872 Καρμάνου
637 836 760 864 ἀνέλαϐε.
776 836 854 863 Μετὰ

64 883 93 910 δὲ
107 883 196 910 ταῦτα
217 883 258 911 ὅτι
279 883 364 918 εὐχὰς
384 883 453 915 ἰδίας
481 884 596 914 ἕκαστος
608 882 719 917 ηὔξατο,
738 883 852 913 καὶτοῖς

66 929 116 963 μὲν
131 929 225 960 ἄλλοις
241 929 348 964 ἑκάστῳ
365 929 513 956 συνέπεσεν
533 929 628 964 ὥσπερ
642 928 754 964 ηὔξατο,
771 928 853 955 αὑτὸν

64 975 93 1001 δέ
103 983 189 1010 φησιν
202 975 309 1001 ἐκεῖθεν
319 975 520 1008 ἁφυτινώσαντα
532 975 573 1006 εἰς
589 974 677 1010 Τύρον
691 974 732 1005 είς
745 973 791 1000 τὸν
805 973 852 1000 τοῦ

71 1020 220 1055 Ἡρακλέος
227 1019 295 1046 νεὼν
305 1021 461 1056 εὑρεθῆναι,
472 1020 578 1047 ἐκεῖθέν
588 1029 617 1046 τε
635 1020 790 1047 ἀναστάντα
803 1020 853 1054 τήν

63 1073 94 1091 τε
103 1066 271 1100 Δερκυλλίδα
283 1066 330 1093 καὶ
339 1067 386 1093 τὸν
400 1067 548 1095 Μαντινίαν
559 1068 684 1102 ἀνευρεῖν
697 1065 727 1094 εὖ
749 1076 857 1102 πεπρα-

65 1111 150 1147 χότας
164 1113 213 1138 καὶ
226 1112 290 1144 τούς
299 1121 329 1139 τε
341 1111 430 1146 γονεῖς
449 1113 496 1140 τοῦ
522 1113 628 1149 μακροῦ
648 1113 857 1145 ἁπαλλάξαντας

66 1157 164 1189 ὕπνου,
186 1158 286 1193 μᾶλλον
299 1158 328 1185 δὲ
341 1158 464 1194 ὀλέθρου,
485 1160 533 1187 καὶ
554 1157 641 1192 τᾶλλα
663 1159 857 1194 εὐδαιμονοῦν-

67 1211 126 1233 τας.

905 243 1027 270 habitare
1044 241 1175 278 quosdam
1184 250 1261 277 posse
1275 243 1325 270 sub
1340 243 1400 278 polo
1413 244 1526 275 aretico,
1545 248 1571 270 et
1585 249 1690 270 noctem

904 289 1020 316 inveniri
1048 289 1127 315 unius
1147 288 1259 320 mensis,
1286 288 1421 323 aliamque
1441 296 1494 322 qua
1527 290 1692 321 breviorem,

906 334 1003 368 111a
1014 341 1065 368 qua
1095 334 1254 369 longiorem,
1274 340 1302 361 ut
1331 342 1376 361 sex
1400 334 1480 362 etiam
1500 336 1644 366 mensium,
1666 341 1694 362 et

903 387 1039 407 snnnntnn
1057 380 1119 406 anni
1135 381 1214 406 unius
1240 381 1356 413 spatium
1387 385 1485 407 teneat.
1504 380 1597 415 Neque
1624 388 1689 407 vero

903 430 1009 453 noctem
1036 425 1122 453 solum
1138 432 1171 452 eo
1189 433 1273 460 nsque
1293 426 1413 460 produci,
1428 426 1475 453 sed
1505 427 1575 453 diem
1605 427 1690 453 etiam

904 471 992 506 ipsum
1004 472 1127 499 noctibus
1140 472 1181 499 his
1195 472 1365 506 proportione
1383 472 1548 506 respondere
1561 481 1568 499 :
1587 472 1692 506 aliaque

904 518 930 545 id
944 525 1027 552 genus
1041 525 1055 544 a
1071 526 1100 545 se
1111 518 1165 545 visa
1178 519 1292 544 nuntiat.
1309 518 1436 545 Homines
1448 519 1510 545 item
1521 519 1693 552 conspexisse

906 571 946 594 se,
979 568 1006 590 et
1023 564 1144 597 quaedam
1161 564 1213 590 alia
1244 564 1389 596 fabulatur,
1418 564 1507 599 qualia
1538 565 1691 596 mortalium

904 618 983 637 nemo
1009 610 1087 643 vidit,
1114 617 1162 637 nec
1189 610 1302 643 audivit,
1331 610 1379 637 sed
1406 618 1440 637 ne
1469 615 1558 637 mente
1583 611 1692 645 quidem

903 656 1015 684 eliinxit.
1032 656 1088 683 Hoc
1106 661 1194 683 autem
1208 658 1328 683 ontnium
1340 657 1457 684 maxime
1470 665 1577 684 otnnem
1587 658 1693 684 excedit

904 702 995 734 Iidem,
1021 703 1092 738 quod
1127 702 1238 729 Boream
1268 710 1362 730 versus
1398 702 1510 737 profecti
1541 703 1575 729 ad
1601 703 1692 730 lunam

905 748 1025 781 propius.
1057 753 1182 782 tanquam
1200 747 1232 774 ad
1247 747 1416 781 purissimam
1438 748 1583 782 quamdam
1608 747 1694 775 tellu-

905 800 961 819 rem
979 791 1046 827 (26),
1071 793 1245 823 accesserint,
1267 792 1440 826 indidcmqne
1466 799 1580 819 cernere
1592 797 1691 826 potue-

905 839 1002 865 rintea
1028 846 1087 872 quae
1103 838 1203 865 vidisse
1215 845 1265 872 par
1291 843 1332 864 est
1352 846 1413 865 eun:
1435 838 1479 872 qni
1498 845 1586 871 nugas
1600 837 1695 870 hujus-

905 884 976 911 modi
988 892 1067 918 supra
1083 884 1161 911 ﬁdem
1186 883 1356 910 conﬁnxerit.
1374 883 1414 910 Ad
1443 884 1499 910 haec
1519 889 1545 909 et
1562 882 1692 920 Sibyllam

905 932 1068 959 vaticinandi
1096 938 1183 959 artem
1209 941 1223 960 a
1241 931 1379 959 Carmana
1393 931 1523 959 didicisse
1549 931 1643 964 tradit,
1661 938 1693 958 ac

905 983 966 1005 vota
983 982 1043 1012 post
1061 978 1110 1004 ista
1137 985 1270 1013 quemque
1282 985 1331 1005 sna
1359 982 1387 1005 et
1409 985 1504 1012 preces
1524 977 1693 1012 concepisse,

906 1028 986 1058 atque
1002 1028 1030 1050 ut
1046 1028 1180 1057 optarant,
1194 1031 1238 1051 res
1250 1024 1311 1050 dein
1325 1023 1438 1058 singulis
1455 1023 1587 1050 cecidisse
1601 1031 1608 1050 :
1628 1022 1692 1049 hinc

909 1070 980 1096 enim
1007 1077 1022 1096 e
1048 1077 1144 1097 somno
1172 1069 1209 1096 ait
1232 1069 1379 1096 excitatum
1404 1076 1434 1095 se
1460 1067 1524 1104 Tyri
1545 1068 1571 1095 iu
1593 1067 1694 1102 templo

910 1114 1032 1142 llerculis
1061 1115 1118 1150 (27)
1137 1120 1296 1148 repertum:
1328 1114 1398 1141 unde
1422 1122 1482 1140 cum
1513 1115 1690 1146 surrexisset,

910 1161 995 1195 ipsam
1011 1168 1117 1195 quoque
1134 1160 1281 1195 Derc-yllida
1300 1165 1327 1187 et
1351 1160 1513 1186 Mantiniam
1544 1161 1693 1194 reperisse,

911 1213 970 1232 cmn
984 1211 1080 1233 caetera
1105 1206 1174 1233 belle
1198 1207 1327 1233 hactenus
1355 1207 1456 1240 egisse,
1487 1211 1541 1232 tum
1570 1211 1695 1241 parenles

67 1257 161 1276 snose
177 1250 258 1284 longo
273 1249 318 1276 illo
332 1249 389 1277 sive
414 1257 521 1283 somno,
535 1250 593 1279 sive
617 1251 730 1278 interitu
760 1251 862 1285 potius,
889 1251 1004 1279 feliciter
1028 1253 1163 1279 excitasse
1178 1251 1234 1287 (28)
1251 1252 1413 1287 beatamque
1440 1253 1518 1279 modo
1547 1251 1575 1278 in
1606 1253 1695 1278 onnn-

68 1296 119 1322 bns
133 1295 216 1322 vitam
227 1296 335 1324 dueere.

102 1340 199 1368 Ταῦτα
209 1340 309 1376 Κύμσᾳ
319 1341 423 1373 Δεινίας
434 1341 655 1378 διεμυθολόγησε,
665 1343 713 1370 καὶ
720 1351 858 1379 κυπαριτ-

944 1343 1005 1371 llzec
1021 1343 1129 1378 Cyntba:
1146 1343 1239 1370 Dinias
1261 1343 1386 1370 fabulose
1405 1342 1511 1372 retulit.
1531 1341 1697 1376 prolatisque

65 1387 147 1419 τίνας
175 1387 283 1419 δέλτους
316 1388 491 1423 προενεγκὼν
519 1389 659 1425 ἐγγράψαι
687 1388 787 1421 ταύτας
812 1389 858 1416 τὸν

911 1389 1074 1423 cupressinis
1102 1388 1214 1419 tabulis,
1235 1387 1383 1414 inscribere
1418 1395 1466 1414 eas
1495 1386 1573 1421 jubet
1603 1386 1696 1413 Erasi-

73 1433 220 1468 Ἀθηυαῐον
253 1433 423 1469 Ἐρασινίδην
442 1435 465 1451 ‘°
489 1436 670 1470 συνεπόμενον
691 1434 731 1470 τῷ
759 1434 858 1471 Κύμϐᾳ

911 1435 997 1463 nidem
1011 1435 1213 1466 Atheniensem,
1229 1433 1337 1469 Cymbm
1367 1433 1506 1464 comitem,
1545 1432 1699 1458 litterarum

68 1477 117 1514 (ἦν
131 1479 189 1514 γὰρ
206 1479 332 1514 τεχνίτης
351 1479 449 1514 λόγων)
472 1481 701 1514 παρεκελεύσατο.
719 1480 858 1513 Ὑπέδειξε

911 1489 963 1509 non
978 1481 1143 1516 imperitum.
1156 1479 1372 1508 Ostenditetiam
1387 1478 1453 1513 ipsis
1460 1478 1608 1513 Dercyllida
1626 1477 1699 1512 (haec

67 1526 99 1552 δὲ
123 1526 219 1556 αὐτοῖς
243 1526 291 1552 καὶ
308 1526 358 1561 τὴν
376 1527 557 1562 Δερκυλλίδα·
574 1526 644 1562 αὕτη
666 1527 722 1562 γὰρ
745 1527 792 1553 καὶ
812 1526 858 1558 τὰς

912 1526 984 1553 enim
999 1525 1171 1559 cupressinas
1187 1525 1247 1552 illas
1276 1523 1382 1551 tabulas
1409 1523 1510 1558 attulit)
1535 1522 1700 1557 Cymbteque

69 1570 275 1605 κυπαριττίνας
302 1571 413 1603 δέλτους
440 1572 549 1607 ἤνεγκε.
579 1572 736 1608 Προσέταξέ
765 1581 795 1598 τε
822 1572 862 1607 τῷ

69 1616 178 1652 Κὺμϐᾳ
194 1616 257 1651 δίχα
271 1616 357 1644 ταῦτα
370 1616 405 1644 τὰ
425 1617 690 1653 διαμυθολογηθέντα
704 1617 862 1654 ἀναγράψα-

69 1662 146 1694 σθαι,
162 1663 211 1688 καὶ
224 1662 340 1697 θατέραν
356 1663 406 1697 μὲν
420 1663 475 1689 τῶν
488 1663 588 1690 δέλτων
603 1664 684 1690 αὐτὸν
709 1663 791 1698 ἐχειν,
812 1663 862 1699 τὴν

69 1708 172 1743 ἑτέραν
187 1708 228 1739 δὲ,
243 1708 304 1734 καθ’
317 1708 346 1734 ὃν
361 1708 484 1744 ἁποϐιῴη
510 1709 615 1744 καιρδν,
631 1709 680 1744 τὴν
697 1709 862 1744 Δερκυλλίδα

70 1753 189 1787 πλησίον
202 1753 250 1780 τοῦ
262 1753 350 1787 τάφου
364 1754 485 1789 κιϐωτίῳ
500 1754 673 1789 ὲμὸαλοῦσαν
691 1754 860 1783 καταθεῖναι.

112 1799 144 1826 '0
157 1799 226 1833 γοῦν
239 1799 260 1815 ¹¹
270 1800 409 1836 Διογένης,
421 1801 435 1827 ὁ
448 1801 493 1827 καὶ
510 1801 662 1834 Ἀντώνιος,
673 1801 761 1828 ταῦτα
773 1802 862 1828 πάντα

71 1847 182 1873 Δεινίαν
205 1847 360 1881 εἰσαγαγὼν
382 1847 451 1882 πρὸς
473 1847 590 1883 Κύμὸαν
611 1848 862 1882 τερατευσάμενον,

73 1894 149 1927 ὅμως
163 1893 268 1928 γράφει
279 1893 417 1928 Φαυστίνῳ
430 1894 472 1920 ὃτι
485 1902 514 1920 τε
530 1893 673 1920 συντάττει
689 1895 712 1910 ¹²
730 1894 794 1929 περὶ
809 1894 864 1920 τῶν

74 1939 145 1974 ὑπὲρ
157 1939 265 1974 Bodl-qv
278 1939 412 1972 ἀπίστων,
435 1940 483 1966 καὶ
506 1940 593 1975 ὅτιτῇ
614 1939 715 1975 ἀδελφῇ
738 1939 863 1974 Ἰσιδώρᾳ

73 1986 236 2021 φιλομαθῶς
249 1986 349 2022 ἐχούσῃ
363 1987 397 2014 τὰ
415 1986 542 2022 δράματα
559 1987 724 2022 προσφωνεῖ.
739 1986 820 2019 Λέγει
835 1986 864 2012 δὲ

75 2032 172 2059 ἑαυτὴν
187 2032 229 2058 ὅτι
245 2033 361 2067 ποιητής
379 2033 439 2058 ἐστι
456 2032 600 2067 κωμῳδίας
620 2032 747 2064 παλαιᾶς,
762 2033 808 2057 καὶ
823 2031 864 2057 ὅτι

74 2079 99 2105 εἰ
112 2079 162 2105 καὶ
189 2078 292 2105 ἄπιστα
319 2078 464 2114 καὶψευδῆ
486 2078 611 2110 πλάττοι,
629 2078 684 2104 ἀλλ’
698 2076 744 2104 οὖν
768 2077 824 2112 ἔχει
842 2077 865 2092 ¹³

77 2126 141 2159 περὶ
154 2124 210 2151 τῶν
223 2124 357 2151 πλείστων
368 2123 442 2158 αὑτῷ
458 2123 697 2158 μυθολογηθέντων
713 2123 734 2139 ’⁸
751 2124 864 2158 ἀρχαιο-

76 2171 165 2205 τέρων
189 2170 353 2205 μαρτυρίας,
365 2169 396 2202 ἐξ
418 2166 455 2197 ὥν
480 2169 529 2196 σὺν
541 2170 658 2204 καμάτῳ
677 2169 763 2196 ταῦτα
780 2177 863 2195 συνα-

913 1572 1050 1607 negotium
1071 1571 1156 1605 dedit,
1173 1575 1202 1597 ut
1228 1571 1329 1605 duplici
1352 1569 1480 1604 exemplo
1505 1569 1545 1596 eis
1569 1569 1701 1596 hactenus

913 1622 1020 1646 narrata
1041 1617 1276 1644 inscriberentur:
1293 1621 1321 1643 et
1335 1615 1449 1643 alteram
1466 1614 1575 1650 quidem
1588 1614 1701 1641 tabella-

913 1671 972 1689 runt
989 1662 1034 1689 ille
1051 1669 1134 1696 penes
1148 1669 1177 1688 se
1199 1662 1309 1688 haberet
1324 1669 1331 1688 :
1357 1661 1472 1687 alteram
1492 1667 1556 1687 vero
1583 1659 1696 1695 Dercyl-

913 1708 965 1735 lida
985 1715 1046 1735 enm
1060 1714 1075 1735 e
1093 1707 1148 1734 vita
1176 1707 1348 1740 decessisset,
1364 1713 1413 1734 suo
1425 1706 1451 1733 in
1465 1706 1567 1733 tumulo
1583 1705 1702 1741 capsula:

914 1755 1066 1789 impositam
1087 1754 1293 1781 collocaturam.

949 1800 1082 1835 Diogenes
1103 1800 1198 1834 igitur,
1226 1800 1352 1833 idemque
1371 1798 1516 1830 Antonius,
1546 1799 1591 1833 qui
1618 1798 1703 1825 hasce

913 1853 1006 1873 omnes
1027 1846 1154 1880 prodigiis
1169 1845 1272 1873 similes
1282 1845 1387 1872 fabulas
1403 1845 1507 1872 Diniam
1519 1844 1704 1878 facitCymbze

914 1897 1081 1923 narrantem.
1101 1891 1230 1919 Faustino
1253 1896 1341 1918 tamen
1365 1891 1461 1918 scribit
1481 1900 1488 1918 :
1506 1890 1545 1917 De
1563 1891 1704 1917 incredibi-

914 1939 981 1965 libus
1000 1945 1039 1969 se.
1058 1945 1116 1970 mue
1129 1937 1201 1963 ultra
1218 1935 1319 1963 Thulen
1339 1941 1433 1969 essent,
1448 1937 1579 1967 scribere,
1601 1940 1629 1962 et
1654 1935 1704 1961 lsi-

914 1986 987 2012 done
1000 1983 1095 2014 sorori,
1114 1983 1211 2009 litteris
1241 1990 1302 2009 cum
1331 1982 1427 2017 primis
1442 1982 1550 2014 deditae,
1566 1981 1622 2008 haec
1647 1981 1703 2014 ipsa

914 2029 1049 2056 dedicare.
1079 2027 1183 2054 Veteris
1216 2032 1347 2060 praeterea
1370 2027 1510 2054 comoediae
1547 2030 1651 2060 poetam
1675 2032 1705 2051 se

915 2073 1074 2108 proﬁtetur:
1092 2079 1124 2098 ac
1133 2071 1194 2098 licet
1207 2071 1283 2105 falsa,
1295 2078 1381 2105 eaqne
1395 2070 1563 2098 incredibilia
1586 2069 1705 2102 ﬁnxerit,

916 2119 1015 2145 habere
1032 2122 1121 2145 tamen
1135 2118 1169 2144 de
1186 2118 1228 2144 bis
1248 2116 1315 2151 ipsis
1329 2116 1428 2143 fabulis
1449 2121 1531 2143 testes
1541 2115 1619 2149 longe
1635 2113 1704 2140 anti-

915 2165 1036 2198 quiores.
1054 2171 1069 2191 e
1087 2171 1200 2198 quorum
1213 2163 1321 2197 scriptis
1338 2169 1444 2189 summo
1456 2162 1513 2189 hac
1532 2161 1624 2187 labore
1639 2164 1724 2186 con-'

77 2216 197 2251 θροίσειε
209 2224 217 2231 ·
235 2217 380 2251 προτάττει
395 2216 425 2242 δὲ
434 2216 482 2244 καὶ
491 2216 607 2242 ἑκάστου
626 2215 728 2250 βιϐλίου
741 2216 804 2246 τοὺς
817 2215 858 2241 ἄν·

916 2211 1016 2238 tulerit.
1033 2210 1152 2246 Singulis
1171 2210 1268 2237 deinde
1287 2210 1364 2237 libris
1379 2214 1505 2236 auctores
1523 2207 1626 2238 laudat,
1653 2206 1701 2242 qui

78 2262 182 2297 δραςοῖ
200 2262 236 2288 τὰ
260 2261 373 2289 τοιαῦτα
400 2262 638 2297 προαπεφήναντο,
661 2261 698 2293 ὡς
723 2261 760 2297 μὴ
780 2261 868 2287 δοκεῖν

80 2307 236 2342 μαρτυρίας
247 2307 428 2342 χηρεύεινντὰ
444 2307 556 2335 ἄπιστα.
582 2306 740 2341 Ἐπιστολὴν
758 2306 807 2340 μὲν
821 2303 868 2332 οὖν

79 2355 140 2380 κατ’
157 2354 247 2389 ἀρχὰς
271 2353 319 2380 τοῦ
339 2353 442 2388 βιϐλίου
460 2354 561 2388 γράφει
585 2353 655 2388 πρὸς
677 2352 726 2388 τὴν
752 2351 869 2385 ἀδελφὴν

85 2400 237 2434 Ἰσιδὼραν,
251 2399 285 2426 δι’
296 2397 329 2435 ἧς
342 2400 364 2425 εὶ
379 2400 400 2415 ¹⁵
412 2400 458 2426 καὶ
471 2400 520 2435 τὴν
530 2398 724 2435 προσφώνησιν
736 2398 804 2432 αὐτῇ
814 2397 869 2423 τῶν

81 2445 309 2480 συγγραμμάτων
321 2445 458 2471 δείκνυται
473 2445 665 2480 πεποιημένος,
679 2443 736 2470 ἀλλ’
751 2440 798 2469 οὖν
811 2443 869 2468 εἰσ-

917 2257 1013 2284 eodem
1038 2261 1115 2284 antea
1139 2257 1165 2283 in
1181 2257 1286 2283 litteras
1304 2256 1437 2286 miserint,
1458 2262 1491 2281 ne
1514 2258 1582 2281 teste
1597 2253 1703 2279 scilicet

918 2302 1016 2330 idoneo
1049 2309 1142 2328 carere
1169 2302 1251 2329 etiam
1281 2300 1450 2328 incredibilia
1470 2299 1512 2325 illa
1537 2298 1705 2325 viderentur.

918 2348 979 2382 Ipso
996 2347 1078 2382 igitur
1108 2347 1198 2381 operis
1236 2347 1313 2373 initio
1337 2346 1478 2380 epistolam
1509 2345 1542 2371 ad
1574 2343 1705 2370 lsidoram

918 2401 1038 2421 sororem
1052 2394 1155 2426 scribit,
1171 2401 1223 2428 qua
1246 2393 1310 2420 licet
1328 2393 1379 2419 hoc
1395 2391 1492 2426 lllb
1525 2389 1562 2416 illi
1583 2390 1708 2416 volumen

918 2439 1078 2474 inscriptum
1098 2447 1159 2466 esse
1191 2439 1326 2472 ostendat,
1351 2437 1492 2471 Balagrum
1511 2436 1596 2463 nihilo
1619 2434 1709 2462 secius

754 2508 872 2537 VARIIE
887 2507 1091 2536 LECTIONES.

116 2559 138 2574 ¹⁶
155 2558 327 2594 Ἐρασινίδην
339 2558 466 2592 ἀθηναῖον
483 2559 527 2594 At
555 2558 576 2574 “
590 2556 666 2594 γοῦν]
676 2556 763 2594 γὰρᾼ
776 2555 884 2582 :maliut
897 2554 921 2584 δ’
936 2551 993 2580 οὖν.
1029 2555 1050 2570 ¹²
1064 2553 1202 2582 συντάττω
1218 2552 1252 2581 Α.
1289 2553 1312 2570 ¹³
1322 2551 1378 2588 ἔχοι
1391 2560 1421 2584 ς.
1460 2551 1483 2568 ιδ
1498 2547 1670 2586 μυθολ.αὺτῷ
1678 2556 1710 2580 ς.

83 2591 236 2621 addendum
252 2591 315 2621 ante
332 2591 478 2627 pronomen
493 2592 559 2620 τῶν.
598 2593 620 2609 ¹⁵
634 2591 726 2619 είόιιι.
741 2591 775 2619 A.

829 2645 945 2674 ΝΟΤΑΕ.

120 2699 178 2732 (26)
191 2698 314 2725 Habitari
328 2699 354 2724 in
371 2698 446 2729 luna,
461 2704 574 2731 eamque
588 2703 649 2723 esse
679 2699 779 2732 terram
797 2693 869 2720 mnl-

87 2729 174 2760 tarum
187 2734 295 2761 urbimn
322 2739 349 2760 et
364 2733 493 2760 montium
513 2729 580 2758 dixit
601 2732 663 2758 olim
679 2729 869 2764 Xenophanes,

87 2774 112 2796 ttt
130 2769 210 2795 refert
225 2768 296 2799 Cic..
314 2767 396 2794 Arad.
411 2767 524 2799 anst.,
539 2771 634 2799 qumst.
648 2766 675 2792 li.

89 2802 260 2871 "(anime
286 2798 409 2835 Arrium,
423 2798 516 2834 ιλιι-ι..
538 2798 630 2837 Grcg.,
653 2800 764 2835 Gyrald.
776 2799 809 2827 de
820 2798 871 2826 hoc

111 2847 212 2868 ercne.

111 2847 212 2868 arente.

961 2692 1017 2727 (9.8)
1033 2692 1130 2720 Herhis
1152 2692 1235 2719 etiam
1263 2691 1387 2718 homines
1403 2691 1436 2718 ad
1468 2690 1549 2727 vitam
1568 2692 1712 2727 revocatos

924 2723 1063 2763 [zabulatnr
1079 2727 1147 2754 Plin.
1173 2727 1299 2763 lib.__xxv,
1314 2734 1372 2763 cap.
1384 2727 1412 2757 ἢ,
1429 2730 1456 2763 et
1472 2724 1596 2758 Apollod.
1616 2723 1666 2763 .lib.
1681 2729 1711 2748 ιιι

927 2762 1055 2789 Biblioth.
1072 2763 1203 2790 Glaucum
1216 2761 1315 2792 Minois
1328 2761 1411 2793 lilium
1429 2761 1468 2788 sic
1481 2765 1590 2794 quoque
1598 2761 1659 2785 vitm
1669 2765 1712 2784 re-

926 2800 1050 2826 stitutum
1069 2798 1162 2826 rel‘ert.
