1938 3091
267 132 321 165 183

843 134 975 165 ΡΗΟΤΙῘ
990 132 1246 166 PATRIARCH/E
1260 132 1316 163 CP.

1847 129 1904 164 181

268 188 409 222 improbis,
425 195 511 223 neque
528 188 607 217 abiis
632 189 791 216 beneﬁcium
813 190 896 217 ullutn
922 190 1251 226 accipiendum.Dcnique
1273 189 1306 216 de
1322 188 1487 224 gratitudine
1512 188 1580 224 (55).
1601 187 1688 224 Atque
1715 188 1772 217 haec
1795 197 1903 218 summa

266 237 384 270 capitum
400 236 508 263 secundi
527 236 597 262 libri.

308 282 416 309 Tertius
433 281 531 308 dehinc
545 281 634 315 capita
653 281 775 307 continet
786 289 840 308 xi."
855 281 920 316 (5i).
935 280 1054 308 Primum
1071 283 1093 312 Α

267 329 302 356 de
316 329 428 355 virtute.
440 328 563 355 Alterum
579 328 612 354 de
625 327 701 362 vitio.
716 327 743 356 5.
759 325 798 354 De
812 329 964 361 prudentia.
978 328 1004 355 4.
1020 328 1057 355 De

266 373 459 408 imprudentia.
472 373 498 400 5.
511 373 549 400 De
561 373 781 406 temperantia.6.
791 373 828 400 De
838 373 1054 408 intemperantia.

265 420 291 446 7.
313 419 350 446 De
368 418 539 446 fortitudine.
559 417 585 444 8.
607 417 644 444 De
670 418 827 444 timiditate.
845 419 871 446 9.
892 417 1054 452 Dejustitia.

265 465 310 492 10.
327 465 363 492 De
388 464 505 492 habendi
531 464 680 497 cupiditate
706 468 788 498 atque
803 464 944 497 iniustitia.
960 465 1002 492 11.
1019 464 1055 492 De

263 513 390 539 veritate.
401 511 444 538 12.
457 511 494 538 De
506 510 656 537 mendacio.
672 510 715 537 15.
730 510 768 538 De
783 510 907 545 loquendi
919 511 1052 538 libertate.

264 559 306 586 M.
322 559 360 585 De
382 558 577 585 assentatione.
603 557 647 584 15.
666 558 704 584 De
726 557 926 591 prodigalitate.
954 557 995 585 16.
1017 558 1054 586 De

262 605 429 640 parcimonia
448 603 512 639 [seu
538 602 713 638 tenacitate].
731 603 774 630 17.
803 602 841 630 De
871 604 1051 631 continentia.

262 652 304 678 18.
321 651 359 678 De
371 650 578 677 incontinentia.
593 650 635 677 19.
653 650 688 676 De
702 650 831 684 patientia
845 649 904 686 [seti
920 650 1050 676 malorutn

261 695 428 731 tolerantia].
448 695 496 722 20.
519 695 556 722 De
579 695 729 722 iracundia.
743 696 788 722 2|.
807 695 844 722 De
865 695 1052 729 cognoscendo

259 744 389 776 seipsum.
415 742 460 769 22.
480 741 518 768 De
534 741 618 769 fastu.
651 742 698 769 25.
726 741 763 768 De
786 748 859 768 caaco
882 741 922 767 sui
947 745 1049 768 amore.

257 787 303 814 2t.
321 786 358 814 De
373 786 554 814 consoientia.
572 785 618 813 25.
638 786 675 813 De
694 786 834 812 memoria.
854 785 900 812 26.
920 786 955 812 De
980 785 1050 811 obli.

258 833 350 860 vione.
367 833 413 860 27.
429 831 467 860 De
480 832 670 866 jurejurando.
688 831 734 859 28.
758 832 793 858 De
807 832 939 865 periurio.
952 831 997 858 29.
1013 830 1050 858 De

258 878 359 905 laboris
391 878 492 905 studio.
523 877 568 905 50.
595 877 633 904 De
660 877 778 912 ignavia.
802 874 846 904 51.
869 877 905 903 Dc
933 877 1047 910 pudore.

258 924 304 951 32.
321 923 357 950 ne
379 923 562 956 impudentia.
579 922 624 949 55.
645 922 684 949 Dc
697 921 815 948 silentio.
833 919 933 948 EL'De
948 926 1048 954 tempe-

1149 281 1193 307 Ἐν
1218 279 1246 307 δὲ
1267 278 1305 315 τῷ
1327 279 1351 313 γ’
1367 279 1527 315 περιέχεται
1555 276 1692 313 κεφάλαια
1707 278 1775 313 ΜΒ¹,
1792 280 1904 314 πρῶτον

1108 327 1172 362 περὶ
1183 326 1292 360 ἀρετῆς,
1307 321 1366 352 εἶτα
1382 324 1445 360 περὶ
1459 325 1568 356 κακίας,
1582 325 1647 359 περὶ
1657 325 1824 361 φρονήσεως,
1837 329 1904 362 περῖ

1106 368 1274 405 ἀφροσύνης,
1290 370 1354 405 περὶ
1371 369 1558 405 σωφροσύνης,
1577 370 1641 405 περὶ
1660 370 1820 403 ἀκολασίας,
1836 374 1904 407 περῖ

1106 414 1227 451 ἀνδρίας,
1241 413 1306 450 περὶ
1320 413 1433 447 δειλίας,
1449 416 1514 449 περὶ
1524 415 1708 451 δικαιοσύνης,
1725 417 1789 452 περὶ
1803 417 1904 444 πλεον-

1105 460 1179 495 εξίας
1194 462 1241 488 καὶ
1255 460 1373 492 ἀδικίας,
1390 461 1454 496 περὶ
1469 461 1607 497 ἀληθείας,
1623 462 1687 494 περὶ
1697 461 1820 496 ψεύδους,
1835 466 1904 498 περῖ

1105 508 1280 543 παρρησίας,
1296 506 1360 542 περὶ
1385 506 1543 539 κολακείας,
1561 507 1626 542 περὶ
1651 508 1770 540 ἀσωτίας
1780 508 1812 541 ⁵ο,
1834 507 1904 544 περὶ

1104 551 1258 588 φειδωλίας,
1288 552 1352 587 περὶ
1378 552 1552 588 ἐγκρατείας,
1574 554 1638 589 περὶ
1662 553 1809 590 ἀκρασίας,
1833 556 1904 590 περὶ

1103 596 1289 631 ἀνεξικακίας,
1315 598 1380 634 περ)⁸
1403 598 1498 633 ὀργῆς,
1515 597 1580 634 περὶ
1605 598 1652 625 τοῦ
1678 599 1763 633 γνῶθι
1789 601 1902 628 σαυτὸν.

1102 645 1168 680 περὶ
1185 644 1346 680 ὑπεροψίας,
1364 645 1429 680 περὶ
1446 645 1600 679 φιλαυτίας,
1619 646 1683 681 περὶ
1706 646 1753 672 τοῦ
1777 647 1904 674 συνειδό-

1101 699 1157 724 τος,
1182 689 1247 726 napi.
1273 693 1394 725 μνήμης.
1418 691 1482 726 περὶ
1506 690 1602 726 λήθης,
1627 692 1690 727 περὶ
1715 692 1806 727 ὅρκου,
1830 694 1902 727 περὶ

1101 737 1255 772 ἐπιορκίας,
1273 737 1337 772 περὶ
1355 734 1522 771 φιλοπονίας,
1542 738 1607 773 περὶ
1629 738 1738 772 ἀργίας,
1762 739 1826 774 περὶ
1851 740 1902 765 αἱ·-

1100 783 1173 814 δοῦς,
1186 783 1250 818 περὶ
1265 780 1414 814 ἀναιδείας,
1432 782 1496 818 περὶ
1514 785 1603 818 σιγῆς,
1619 785 1684 819 περὶ
1695 784 1741 811 τοῦ
1758 785 1903 820 εὐκαίρως

1099 828 1200 863 λέγειν,
1230 830 1293 866 περὶ
1321 825 1513 865 βραχυλογίας,
1540 829 1604 865 περὶ
1629 829 1802 865 ἀδολεσχίας,
1829 831 1904 865 περὶ

1099 874 1295 912 χρηστότητος,
1335 876 1400 912 περὶ
1424 875 1538 910 φθόνου,
1564 876 1628 912 περὶ
1655 877 1802 912 πατρίδος,
1830 878 1904 912 περὶ

1101 921 1189 956 ξένης,
1207 921 1270 957 περὶ
1285 922 1460 958 ἀπορρήτων,
1474 923 1521 948 καὶ
1539 922 1582 957 μβ¹
1600 922 1665 958 περὶ
1680 923 1817 956 διαϐολῆς.

260 971 329 998 stiva
344 970 481 996 oratione.
494 968 539 996 3'5.
555 968 593 995 De
607 967 713 995 dicendi
730 967 873 995 brevitate.
890 965 938 994 '56.
955 966 992 994 De
1003 967 1163 1002 garrulitate
1182 966 1250 1003 (55).
1285 966 1332 995 57.
1357 968 1395 995 De
1423 969 1600 1003 benignitate.
1633 968 1678 996 58.
1716 969 1752 995 De
1783 969 1903 1002 invidia.

257 1020 304 1048 δ’).
323 1017 359 1044 Dc
375 1016 472 1051 patria.
486 1014 530 1042 40.
547 1014 584 1041 De
607 1013 747 1048 peregrina
775 1019 858 1040 terra.
877 1013 923 1041 M.
943 1013 982 1041 De
995 1013 1114 1046 arcanis,
1133 1017 1162 1040 et
1175 1012 1220 1041 ΔΞ.
1240 1013 1278 1040 De
1293 1013 1441 1041 calumnia.

291 1063 386 1097 Quarti
402 1062 519 1096 denique
534 1061 593 1088 libri
607 1060 696 1095 capita
722 1059 780 1087 haec
794 1065 867 1087 sunt.
879 1059 1000 1087 Primum
1019 1060 1046 1087 de

1138 1059 1179 1086 Τὰ
1191 1058 1220 1086 δὲ
1235 1059 1282 1086 τοῦ
1296 1060 1317 1086 δ’
1334 1060 1437 1095 βιϐλίου
1450 1059 1509 1086 ἐστὶ
1523 1059 1609 1088 ταῦτα
1619 1081 1626 1093 ,
1643 1061 1751 1097 πρῶτον
1765 1061 1830 1095 περὶ
1844 1071 1904 1088 πο-

255 1107 394 1143 repnblica
407 1106 600 1141 (56),:tlternm
612 1106 645 1132 de
668 1103 773 1139 legibus
796 1109 824 1131 et
838 1103 1042 1131 consuetudini-

255 1155 317 1181 bus.
332 1154 358 1180 3.
373 1153 409 1180 De
423 1152 500 1187 plebe
516 1151 586 1186 (57).
608 1151 635 1178 ι.
653 1149 690 1176 De
709 1149 864 1184 potentibus
881 1150 906 1177 in
923 1150 1043 1179 civitate.

256 1198 283 1226 5.
299 1198 337 1226 De
363 1198 536 1232 principatu;
557 1201 584 1223 et
611 1195 722 1228 Qualem
745 1202 808 1222 esse
833 1195 981 1230 principem
1012 1203 1045 1223 ac

257 1245 447 1280 magistratum
462 1243 567 1270 deceat.
583 1241 610 1268 6.
631 1240 770 1276 Optimum
783 1247 842 1268 esse
863 1241 944 1268 unius
960 1241 1045 1275 impe-

257 1291 339 1317 rium.
353 1289 380 1316 7.
398 1288 486 1324 Regni
505 1287 711 1315 administrandi
729 1287 934 1322 prmeeptiones.
955 1287 981 1314 8.
1002 1287 1045 1314 Vi-

257 1335 391 1370 tuperatio
401 1334 596 1370 tyrannidis.0.
608 1333 645 1360 De
659 1332 790 1360 bellu.10.
799 1332 836 1360 De
847 1333 959 1361 audacia
977 1333 1043 1368 (58).

256 1382 300 1409 11.
316 1383 353 1410 De
370 1381 512 1416 iuventute
526 1380 594 1416 (59).
613 1380 657 1407 1'2.
674 1379 713 1408 De
730 1380 792 1407 belli
811 1380 1041 1414 imperatoribus;

255 1434 293 1461 et,
308 1429 344 1455 De
356 1429 389 1456 iis
399 1436 457 1462 qua!
467 1428 570 1454 militiae
581 1427 641 1454 usui
651 1434 709 1453 esse
717 1427 823 1461 possint
832 1431 967 1460 praecepta
975 1426 1042 1461 (60).

255 1473 300 1500 15.
318 1473 355 1501 De
369 1481 443 1507 pace.
460 1473 503 1500 M.
523 1473 560 1500 De
579 1472 773 1506 agricultura‘.
795 1472 838 1499 15.
853 1471 890 1498 De
911 1471 1043 1505 tranquil-

255 1518 339 1545 litate.
360 1518 405 1545 iti.
436 1517 475 1545 De
501 1517 673 1552 navigatione
695 1518 734 1551 (et
755 1515 918 1551 naufragio).
941 1517 984 1543 17.
1007 1517 1044 1544 De

255 1564 385 1591 artibus'.
402 1563 446 1591 18.
465 1562 503 1590 De
524 1563 641 1590 dominis
664 1567 692 1590 et
714 1563 809 1590 servis.
827 1563 870 1589 19.
886 1563 922 1589 De
940 1562 1043 1590 Venere

253 1609 357 1644 vulgari
371 1609 441 1644 (qua:
455 1608 640 1643 generationis
661 1609 786 1635 humanae
804 1608 860 1643 (6i)
874 1615 986 1635 causam
1003 1608 1044 1635 fo-

254 1655 321 1689 vet).
338 1655 384 1682 20.
403 1655 440 1682 De
463 1662 556 1681 atnore
582 1653 749 1688 voluptatum
774 1655 897 1689 corporis
913 1653 980 1690 (6'2).
996 1655 1041 1682 2L

255 1700 294 1727 De
306 1699 538 1735 pulchritudine'.
556 1698 602 1726 22.
621 1699 658 1725 De
681 1698 792 1733 nuptiis,
815 1703 842 1726 et
864 1697 924 1733 ejus
947 1698 1042 1732 capitis

1095 1105 1207 1138 λιτείας,
1222 1106 1347 1141 δεύτερον
1363 1106 1427 1142 περὶ
1443 1107 1533 1142 νόμων
1550 1107 1598 1133 καὶ
1610 1106 1697 1138 ἐθῶν,
1715 1108 1779 1142 περὶ
1792 1107 1901 1142 δήμου,

1095 1152 1159 1188 περὶ
1172 1151 1227 1178 τῶν
1242 1153 1270 1178 ὲν
1285 1153 1345 1183 ταῖς
1362 1152 1456 1178 πόλεσι
1469 1152 1592 1179 δυνατῶν
1600 1153 1634 1185 Μ,
1652 1153 1716 1188 περὶ
1729 1153 1815 1189 ἀρχῆς
1826 1173 1834 1185 ,
1846 1154 1904 1180 καὶ

1095 1197 1160 1232 περὶ
1174 1195 1221 1223 τοῦ
1234 1197 1326 1223 ὁποῖον
1342 1196 1395 1232 χρὴ
1409 1194 1478 1224 εἶναι
1496 1197 1540 1224 τὸν
1553 1197 1681 1233 ἄρχοντα,
1693 1194 1734 1224 ὅτι
1750 1198 1904 1226 κάλλιστον

1096 1242 1112 1277 ἡ
1127 1242 1270 1277 μοναρχία,
1288 1241 1422 1276 ὑποθῆκαι
1440 1243 1506 1277 περὶ
1520 1242 1670 1277 βασιλείας,
1686 1240 1770 1278 ψόγος
1791 1248 1903 1278 τυραν-

1095 1287 1177 1319 νίδος,
1198 1287 1262 1322 περὶ
1281 1286 1401 1322 πολέμου
1412 1308 1419 1320 ,
1435 1287 1501 1324 περὶ
1516 1286 1620 1323 τόλμης
1633 1310 1640 1320 ,
1667 1288 1732 1323 περὶ
1755 1289 1903 1324 νεότητος,

1096 1333 1160 1369 περὶ
1177 1333 1348 1369 στρατηγῶν,
1366 1334 1412 1360 καὶ
1427 1333 1491 1369 περὶ
1504 1331 1559 1360 τῶν
1573 1334 1645 1360 κατὰ
1663 1334 1781 1370 πόλεμον
1794 1336 1904 1370 χρειῶν

1096 1379 1244 1414 ὑποθῆκαι,
1259 1380 1324 1416 περὶ
1348 1380 1469 1415 εἰρήνης,
1487 1380 1550 1416 περὶ
1573 1380 1720 1416 γεωργίας,
1735 1382 1800 1416 περὶ
1826 1381 1904 1416 ἡσυ-

1095 1427 1166 1461 χίας,
1184 1427 1248 1461 περὶ
1270 1426 1418 1458 ναυτιλίας,
1436 1427 1500 1462 περὶ
1524 1427 1638 1462 τεχνῶν,
1667 1427 1729 1463 περὶ
1754 1428 1904 1454 δεσποτῶν

1095 1473 1142 1498 καὶ
1165 1471 1276 1504 δούλων,
1295 1471 1359 1508 περὶ
1387 1473 1548 1507 Ἀφροδίτης
1573 1473 1715 1508 πανδήμου
1737 1474 1814 1500 xui."
1830 1474 1904 1510 περὶ

1094 1518 1196 1553 ἔρωτος
1218 1518 1272 1544 τῶν
1294 1518 1364 1544 κατὰ
1387 1518 1418 1544 τὸ
1441 1518 1520 1552 σῶμα
1545 1518 1657 1553 ἡδονῶν,
1677 1520 1740 1552 περὶ
1763 1519 1902 1552 κάλλους,

1095 1564 1159 1599 περὶ
1174 1564 1275 1598 γάμου,
1290 1564 1338 1590 καὶ
1352 1564 1386 1591 τὰ
1401 1564 1464 1599 ἑξῆς
1480 1564 1526 1591 τοῦ
1542 1565 1691 1599 κεφαλαίου
1709 1565 1815 1592 τούτου.
1834 1566 1897 1593 Γα-

1095 1609 1163 1645 μικὰ
1180 1607 1417 1649 παραγγέλματα,
1426 1610 1474 1637 καὶ
1490 1610 1555 1645 περὶ
1572 1611 1685 1643 παίδων,
1701 1613 1748 1638 καὶ
1771 1612 1806 1638 τὰ
1830 1613 1904 1646 ἑξῆς

1093 1655 1140 1682 τοῦ
1157 1655 1306 1690 κεφαλαίου
1326 1655 1433 1683 τούτου.
1458 1657 1512 1683 Καὶ
1534 1658 1575 1683 ὅτι
1591 1657 1645 1693 χρὴ
1661 1658 1725 1690 τοὺς
1739 1660 1904 1696 γονεῖς-τῆς

1094 1701 1271 1737 καθηκούσης
1285 1702 1369 1736 τιμῆς
1389 1701 1581 1734 καταξιοῦσθαι
1598 1703 1674 1738 παρὰ
1694 1704 1749 1730 τῶν
1769 1705 1881 1732 τέκνων
1893 1716 1902 1722 η

255 1752 351 1774 caetera
371 1746 437 1782 (63).
449 1745 494 1772 25.
506 1745 683 1772 Conuubialia
703 1750 846 1780 prater-pta.
859 1745 904 1772 24.
921 1745 956 1771 De
974 1744 1041 1771 libe—

1110 1746 1202 1779 ποίους
1220 1747 1272 1783 χρὴ
1295 1743 1363 1774 εἶναι
1383 1749 1446 1780 τοὺς
1463 1749 1585 1783 πατέρας
1601 1749 1666 1784 περὶ
1680 1750 1713 1776 τὰ
1728 1750 1904 1778 τέκνα.”οτι

255 1794 303 1825 ris.
318 1797 345 1820 et
364 1793 423 1827 ejus
438 1791 545 1827 generis
560 1791 664 1826 reliqua
679 1790 748 1827 (65).
764 1791 811 1819 25.
829 1791 924 1818 Debito
943 1799 1042 1824 paren-

216 1864 219 1865 ν
256 1844 297 1866 tes
318 1839 420 1866 honore
444 1845 458 1864 a
478 1837 572 1864 liberis
595 1844 656 1864 esse
681 1837 835 1864 alliciendos
861 1836 911 1872 [ει.
933 1836 975 1863 Αη
996 1844 1043 1871 per

254 1885 345 1911 omnia
369 1884 409 1910 eis
435 1883 547 1910 obedire
574 1882 743 1918 conveniat].
768 1882 814 1910 26.
835 1882 934 1916 Quales
949 1883 1043 1909 deceat

254 1938 315 1958 esse
331 1934 457 1964 parentes
478 1937 540 1965 erga
561 1930 661 1957 liberos
674 1929 741 1965 (64),
757 1928 796 1965 [et
818 1930 889 1964 quod
915 1929 1043 1962 utrinque

253 1977 370 2004 naturali
403 1978 521 2011 quadam
552 1977 717 2004 necessitate
746 1982 840 2003 mutuo
859 1974 1038 2011 adiciantur].

252 2023 297 2050 27.
321 2022 481 2050 Fraternum
504 2030 641 2056 amorem,
665 2027 692 2050 et
708 2023 790 2049 animi
813 2022 951 2054 aticcttnn,
976 2029 1039 2057 erga

253 2073 385 2104 cognatos
401 2076 462 2096 esse
487 2068 709 2097 honestissimum
734 2067 872 2104 [quodque
896 2068 922 2094 bi
947 2075 1040 2094 neces-

253 2117 317 2143 sarii
338 2115 414 2152 sinl.]
439 2115 486 2143 28.
505 2116 542 2143 De
568 2115 606 2142 rei
628 2114 769 2142 familiaris
793 2115 897 2142 tuendae
926 2115 1038 2142 ratione.

253 2162 297 2190 59.
315 2162 352 2189 De
365 2162 506 2189 nobilitate
521 2161 638 2197 [nobiles
656 2161 716 2188 illos
728 2168 802 2191 esse.
820 2161 865 2195 qui
881 2168 914 2187 ex
932 2160 1040 2187 virtutis

251 2209 408 2244 praescripto
425 2207 528 2242 vivant,
541 2209 651 2235 tametsi
667 2215 717 2235 nec
733 2207 813 2235 bonis
834 2207 953 2234 moribus
971 2214 1040 2241 prae-

250 2255 315 2282 ditis
330 2254 489 2289 parentibus
510 2253 563 2280 orti
586 2252 652 2288 sint]
671 2258 698 2280 et
722 2253 825 2280 relicua
849 2252 970 2287 ejusdem
993 2261 1038 2279 ar-

1092 1791 1236 1820 κάλλιστον
1252 1793 1268 1828 ή
1288 1794 1450 1828 φιλαδελφία
1472 1794 1520 1821 καὶ
1538 1795 1554 1830 ἡ
1572 1793 1637 1830 περὶ
1660 1796 1723 1827 τοὺς
1749 1800 1904 1831 συγγενεῖς

1091 1840 1222 1871 διάθεσις.
1240 1840 1428 1875 Οἰκονομικός.
1446 1841 1514 1875 Περὶ
1528 1841 1686 1875 εὐγενείας,
1710 1843 1757 1869 καὶ
1772 1844 1808 1869 τὰ
1827 1843 1904 1878 ἑξῆς

1091 1885 1138 1912 τοῦ
1154 1885 1302 1921 κεφαλαίου
1322 1886 1415 1913 τούτου
1427 1894 1434 1902 ·
1454 1887 1519 1922 περὶ
1533 1887 1700 1922 δυσγενείας.
1719 1889 1787 1924 Περὶ
1806 1890 1903 1917 πλού-

1091 1939 1149 1964 του,
1164 1931 1211 1958 καὶ
1223 1931 1257 1958 τὰ
1271 1931 1335 1967 ἑξῆς
1347 1930 1395 1959 τοῦ
1408 1933 1558 1967 κεφαλαίου
1570 1933 1665 1960 τούτου
1677 1941 1684 1949 ⁸
1699 1933 1762 1970 περὶ
1775 1936 1882 1968 πενίας
1894 1946 1902 1953 -

1095 1978 1239 2013 σύγκρισις
1256 1978 1352 2011 πενίας
1375 1980 1422 2006 καὶ
1443 1979 1637 2007 πλούτου.”οτι
1653 1981 1667 2007 ὁ
1683 1981 1739 2015 βίος
1760 1980 1828 2018 [195
1843 1983 1901 2020 IL]

1094 2024 1198 2061 βραχὺς
1213 2025 1260 2052 καὶ
1275 2022 1424 2061 φροντίδων
1437 2026 1600 2061 ἀνάμεστος.
1618 2026 1681 2063 [572
1696 2025 1743 2064 IL]
1759 2027 1829 2063 Περὶ
1845 2029 1903 2056 λῦ-

1093 2079 1158 2105 πης,
1175 2069 1216 2098 ὅτι
1239 2071 1301 2098 λίαν
1326 2071 1461 2107 μοχθηρά.
1485 2070 1552 2108 Περὶ
1574 2074 1652 2100 νόσου
1675 2075 1721 2100 καὶ
1746 2073 1849 2106 ίάσεως
1861 2077 1901 2108 ⁵³,

1093 2117 1159 2151 περὶ
1173 2117 1279 2151 ὑγιείας
1294 2118 1339 2143 καὶ
1351 2117 1481 2153 διαμονῆς
1499 2119 1596 2154 αὐτῆς,
1614 2120 1678 2155 περὶ
1695 2120 1806 2155 ἰατρῶν.
1822 2122 1901 2158 Περὶ

1092 2159 1277 2197 εὐδαιμονίας,
1292 2163 1355 2197 περὶ
1370 2164 1582 2199 κακοδαιμονίας
1592 2173 1598 2179 '
1615 2164 1655 2192 ὅτι
1667 2165 1796 2198 ἀϐέϐαιος
1807 2167 1825 2202 ἡ
1836 2169 1902 2195 τῶν

1093 2206 1246 2242 ἀνθρώπων
1258 2208 1408 2243 εὖπραξία³
1422 2209 1487 2244 περὶ
1501 2210 1557 2236 τῶν
1572 2210 1636 2245 παρ’
1649 2211 1728 2244 ἀξίαν
1739 2212 1901 2247 εὐτυχούν-

1092 2262 1163 2280 των-
1182 2255 1246 2289 περὶ
1273 2255 1328 2281 τῶν
1353 2255 1419 2291 παρ’
1434 2255 1513 2289 ἀξίαν
1535 2256 1756 2292 δυστυχούντων·
1782 2259 1826 2285 ὅτι
1855 2260 1902 2288 δεῖ

910 2319 1029 2347 VARle
1048 2319 1250 2348 LECTlONES;

283 2369 306 2386 ⁵ο
323 2367 456 2399 ἀσωτείας
470 2375 500 2399 ς.
538 2367 560 2383 ⁸¹
575 2366 697 2393 δυνατῶν
707 2365 752 2393 AC
765 2373 772 2392 :
786 2365 924 2393 δυναστῶν
937 2372 967 2398 ς.
1005 2366 1027 2382 ⁵¹
1044 2366 1091 2393 καὶ
1106 2366 1167 2394 add.
1185 2367 1219 2394 Α.
1257 2367 1280 2383 ³³
1296 2367 1395 2394 ίάσεων
1411 2376 1442 2399 ς.

1006 2424 1122 2453 NOTAE.

286 2472 343 2507 (55)
359 2473 450 2501 Unica
467 2474 494 2500 in
514 2472 629 2500 monade
651 2479 665 2499 a
684 2472 835 2507 superiore
847 2469 1046 2507 calculoraber-
1063 2472 1084 2499 D
1099 2469 1126 2497 in
1142 2470 1247 2507 laudem
1257 2478 1292 2507 ac
1305 2471 1531 2506 vituperationem
1545 2471 1706 2507 reperimus.

248 2509 381 2536 ravitnus.
398 2509 491 2541 Quem
517 2509 597 2535 facile
617 2515 741 2534 errorem
763 2506 894 2541 corriget.
917 2506 962 2540 qui
978 2506 1042 2533 olim

250 2544 322 2572 hunc
339 2544 439 2570 librant
455 2544 534 2571 nobis
546 2545 680 2577 integrum
693 2542 720 2568 iu
734 2541 819 2577 lucent
834 2541 918 2577 dabit.

290 2578 347 2611 (54)
363 2578 428 2611 Quae
445 2579 557 2605 totidem
574 2575 713 2605 etriisdem
734 2576 962 2610 inscriptionibus
979 2575 1045 2603 Ser-

254 2621 361 2641 monum
378 2614 500 2645 nomine.
518 2620 571 2640 una
593 2620 654 2640 cum
675 2617 774 2646 quarto
788 2612 857 2646 libro
871 2611 943 2638 edita
968 2612 1044 2638 fuere

259 2649 368 2682 sapius,
383 2648 478 2675 Grzet-e
491 2645 802 2679 Veneliis,Gra¥co-Lat.
816 2645 981 2682 Tigttriinon
997 2654 1042 2672 se-

249 2681 303 2711 Inel
329 2690 362 2710 ac
391 2684 508 2718 denique
532 2682 704 2711 Fraucol’urti
729 2689 790 2710 cum
821 2682 888 2709 Ant.
910 2681 1017 2709 Melissa
1032 2700 1039 2713 .

250 2718 374 2754 aliisque
386 2719 566 2754 gnotnoiogis.

290 2726 374 2779 tsgue
386 2726 566 2754 gnotnotogts.

287 2753 323 2788 (5.
338 2757 344 2786 )
365 2753 400 2780 De
413 2762 465 2787 qua
487 2753 624 2781 Plutarch.
639 2753 733 2779 etiam.

286 2789 342 2822 (5(6)
364 2788 450 2816 Hodie
468 2789 494 2815 in
508 2789 616 2819 Stobaeo
632 2790 739 2823 vulgato
758 2796 848 2815 sermo
863 2793 905 2815 est
918 2788 963 2815 45.

287 2824 345 2858 (57)
361 2824 411 2856 Qui
427 2832 516 2851 sermo
533 2825 560 2851 in
574 2824 652 2851 libris
670 2825 752 2851 editis
767 2833 818 2850 non
834 2830 934 2850 exstat.

1137 2505 1193 2547 (ξεν)
1207 2505 1235 2533 1η
1253 2505 1369 2534 Stobaeo’
1376 2511 1418 2534 est
1433 2507 1488 2539 hic.
1504 2507 1542 2534 De
1557 2506 1658 2534 Militia
1677 2513 1701 2534 et
1713 2507 1817 2536 viribus
1830 2518 1902 2538 car-

1093 2548 1189 2610 Ροίξθ)
1204 2575 1343 2612 Evulgatis
1358 2577 1434 2604 libris
1454 2576 1506 2604 hoc
1523 2576 1655 2604 additum.

1128 2611 1184 2646 (61)
1205 2612 1232 2638 in
1248 2612 1329 2639 editis
1342 2612 1438 2646 legitur
1454 2612 1616 2646 praecedenti
1631 2612 1721 2646 capite
1739 2617 1768 2639 et
1786 2614 1903 2642 suban-

1091 2645 1179 2679 ditur;
1196 2645 1499 2681 Vituperalio’Veneris,
1514 2653 1537 2674 et
1553 2649 1623 2682 quod
1638 2645 1723 2674 mula:
1741 2649 1775 2675 ait
1787 2658 1887 2682 antur.

1091 2689 1122 2708 ac
1136 2682 1277 2708 multorum
1289 2683 1420 2709 malorum
1432 2687 1534 2709 auctor.

1134 2716 1190 2752 (62)
1210 2717 1246 2742 Dc
1261 2718 1360 2750 quibus
1377 2725 1423 2744 sex
1438 2718 1537 2744 habent
1555 2718 1644 2752 capita
1664 2718 1727 2746 libri
1745 2719 1826 2746 editi.

1095 2751 1281 2814 exl]?|.’:gﬂ|Qua:
1301 2753 1362 2779 libri
1384 2753 1448 2780 editi
1476 2759 1523 2787 per
1548 2751 1599 2781 tria
1624 2754 1770 2781 distributa
1798 2761 1901 2790 cap:t.t

1131 2823 1188 2857 (εει)
1205 2821 1272 2849 Tres
1296 2822 1338 2850 hic
1366 2823 1484 2851 insertos
1509 2831 1651 2851 sermones
1674 2824 1720 2855 80,
1735 2823 1782 2854 81.
1799 2825 1849 2857 82,
1870 2827 1899 2853 in

288 2856 346 2895 (58)
364 2859 420 2886 lloc
434 2859 513 2894 signa
530 2860 694 2891 notavimus,
704 2867 764 2893 quae
781 2860 807 2886 in
821 2859 902 2886 editis
915 2858 1041 2886 distimta
1094 2856 1170 2884 libris
1184 2857 1292 2885 aliunde
1313 2858 1467 2893 irrepsisse,
1478 2859 1533 2893 jam
1552 2867 1612 2894 sup.
1629 2860 1825 2887 indicavimus.
