1923 3091
241 142 292 175 491

821 141 953 172 PHOTII
970 140 1222 172 PATRIARCHZE
1238 142 1292 172 (ΣΡ.

1815 146 1872 178 492

242 201 300 228 haec
311 198 407 227 eadem
420 197 539 233 collegit.
556 197 690 225 Caeterum
705 197 771 224 utile
793 197 844 224 hoc
859 204 938 232 opus,
964 204 1025 224 cum

1081 197 1211 232 βασιλέων
1221 199 1268 224 καὶ
1277 198 1447 233 στρατηγῶν,
1458 198 1559 230 ταύτας
1570 200 1740 235 συνήθροισε,
1748 203 1872 231 τοσαῦτα

241 247 284 278 iis,
300 245 346 280 qui
363 245 458 272 horum
477 243 578 278 scripta
604 250 739 278 operaque
756 243 881 278 legerunt
906 243 974 278 (TI),
999 248 1029 270 ut

240 299 334 320 eorum
345 297 396 326 per
408 291 466 318 haec
479 289 610 316 memoria
626 293 782 322 renovetur,
797 293 854 316 tum
876 289 910 316 iis
924 289 950 316 in
973 289 1030 323 pri—

240 337 302 370 mis,
321 336 366 371 qui
382 343 436 363 non
462 335 596 370 legerunt,
612 334 683 368 quod
711 333 820 361 assiduo
843 340 904 360 sese
931 333 958 360 in
987 333 1029 361 his

239 381 402 413 exercendo,
420 381 495 408 brevi
510 379 654 406 admodum
668 384 789 413 tempore
802 378 914 413 pulchra
941 379 1026 406 multa

239 433 266 455 et
283 427 367 458 varia,
380 425 537 453 summatim
554 424 761 458 comprehensa,
778 428 868 450 mente
878 423 1027 451 recondere

239 481 299 501 cum
315 472 407 500 fructu
423 475 534 505 queant.
550 469 709 497 Gommunis
722 474 813 496 autem
826 469 949 504 utrisque
967 469 1025 496 haec

239 518 342 545 utilitas
365 517 485 549 accedet,
514 515 585 550 quod
611 522 671 549 quae
698 514 900 548 investigabunt
925 514 1029 548 absque

238 563 340 594 labore,
353 567 379 589 et
394 561 480 593 brevi,
495 564 524 588 ut
539 564 659 594 apparet,
673 559 808 586 inventuri
819 558 885 591 sint,
901 558 946 593 qui
967 565 997 585 se
1012 566 1028 586 a

237 608 370 643 capitibus
392 607 435 634 his
451 606 484 632 ad
498 606 627 632 iusiorem
643 604 882 640 pertractationem
903 603 1027 630 conferre

238 654 338 682 volent.
354 653 411 680 lrno
429 650 457 679 οἳ
487 651 626 686 quibusvis
655 651 753 682 dicere,
770 654 798 677 et
806 649 925 677 scribere
936 649 1028 677 volen-

240 700 310 728 tibus
324 698 437 734 perutile
450 698 501 726 hoc
515 705 582 733 opus
615 697 734 725 futurum
744 697 779 723 sit
792 695 859 731 (78).

560 741 698 770 CLXV-HI.

284 790 366 817 Beati
381 788 478 817 Basilii
500 788 628 816 Seleucia:
642 788 754 822 episcopi
772 786 916 815 Orationes
928 795 972 815 xv.

274 870 363 897 Lecta:
377 873 440 896 sunt
458 867 545 896 sancti
560 867 654 895 Basilii
669 867 790 903 episcopi
803 867 935 896 Seleucia:
952 867 1023 894 Ora-

239 919 322 944 tiones
334 916 488 951 quindecim
504 914 572 950 (79).
588 913 678 941 Prima
696 913 723 941 in
740 913 806 941 illud
821 922 857 948 ;,‹
874 913 904 940 ln
922 913 1023 948 princi-

239 964 284 999 pio
306 962 370 990 fecit
386 961 457 989 Deus
479 961 577 989 coelum
592 963 620 988 et
645 965 757 988 terram.
775 969 786 986 ι
807 959 872 987 Post
899 960 969 987 hanc
996 959 1024 986 in

237 1010 350 1044 'Joseph,
366 1009 393 1036 in
409 1008 554 1040 Adamum,
572 1007 598 1034 in
613 1007 679 1034 Cain
691 1011 718 1034 et
742 1006 820 1040 Abel,
848 1007 876 1034 in
900 1006 1024 1034 Abraha-

240 1063 323 1088 mum,
348 1056 374 1082 in
400 1054 520 1090 Moysen,
554 1053 640 1080 Eliam
664 1053 760 1088 116a
776 1057 804 1080 et
826 1052 932 1080 Ionam.
959 1053 1024 1079 ltem

238 1109 310 1129 nona
328 1101 354 1128 in
373 1099 579 1128 Centurionem.
599 1098 708 1126 Decima
724 1100 751 1125 in
770 1098 835 1126 illud
852 1107 860 1126 :
879 1107 888 1123 ι
907 1097 1025 1133 Naviga-

241 1145 304 1170 bant
317 1142 441 1177 discipuli
470 1149 531 1170 cum
554 1140 618 1168 Jesu
630 1141 664 1171 ",
685 1149 695 1166 ι
727 1143 754 1167 et
778 1147 838 1175 quas.
862 1145 1025 1174 sequuntur.

241 1189 343 1216 Deinde
359 1189 385 1215 in
405 1187 469 1215 illud
483 1197 489 1214 :
509 1196 519 1213 ‹
538 1186 633 1214 Venite
650 1185 684 1213 ad
698 1192 752 1218 me,
768 1192 863 1213 omnes
879 1185 926 1220 qui
949 1185 1024 1212 labo-

242 1234 308 1261 ratis
333 1238 361 1261 et
372 1233 476 1261 onerati
495 1233 573 1264 estis,
588 1237 616 1259 et
635 1239 685 1267 ego
696 1231 816 1259 reﬁciam
830 1238 879 1258 vos
890 1230 923 1262 ",
945 1240 955 1256 ›
971 1235 1024 1257 etc.

241 1279 309 1306 Tum
335 1278 362 1305 in
385 1274 567 1304 Publicanum
592 1281 620 1303 et
643 1274 823 1303 Pharisaaum.
848 1272 970 1309 Itemque
998 1274 1024 1301 in

242 1324 306 1351 illud
319 1332 326 1350 :
339 1332 348 1349 ι
362 1323 410 1350 Dic
420 1327 448 1349 ut
459 1323 568 1350 sedeant
582 1322 608 1349 hi
624 1321 676 1348 duo
692 1321 738 1348 lilii
753 1321 816 1354 mei,
832 1328 901 1348 unus
912 1321 944 1347 ad
959 1320 1026 1348 dex-

242 1376 337 1402 teram,
349 1373 376 1396 et
384 1369 452 1396 alter
459 1369 492 1396 ad
500 1367 637 1395 sinistram
649 1366 682 1394 ¹⁸.
700 1376 710 1393 ι
726 1365 760 1394 Et
770 1367 797 1393 in
813 1364 876 1393 illud
890 1376 897 1393 :
915 1375 925 1392 ι
940 1366 1025 1399 Quem

241 1416 334 1443 dicunt
349 1415 472 1443 homines
483 1421 544 1441 esse
559 1412 658 1440 Filium
672 1412 789 1441 hominis
807 1411 830 1427 “
848 1411 859 1438 ‘.’
882 1421 891 1437 I
915 1411 1026 1438 Decima

249 1463 343 1497 quinta
359 1462 384 1489 in
402 1461 465 1488 illud
480 1469 487 1488 :
505 1468 515 1486 ι
534 1459 574 1488 Tu
591 1466 621 1488 es
634 1459 681 1495 qui
701 1463 828 1487 venturus
841 1465 880 1491 es,
897 1465 931 1485 an
943 1457 1026 1485 alium

241 1514 430 1544 exspeuamus
445 1507 487 1534 '5?
504 1516 514 1532 ι

279 1607 308 1634 1η
322 1607 419 1643 quibus
434 1605 544 1641 quidem
555 1604 614 1639 ejus
628 1603 797 1632 orationibus
814 1603 865 1631 hoc
880 1603 1026 1630 observare

241 1653 316 1686 licet,
333 1659 460 1688 magnum
474 1659 535 1679 eum
552 1657 623 1683 esse,
638 1650 660 1677 si
677 1650 739 1684 quis
751 1657 870 1684 unquam
881 1649 950 1676 alius
964 1648 1025 1680 fuit,

243 1700 364 1734 ﬁgurata:
376 1701 458 1732 atque
471 1696 591 1723 incitatae
603 1695 745 1728 orationis,
758 1694 918 1729 pariumqne
938 1693 1026 1720 artill-

243 1753 314 1773 oem.
334 1742 562 1778 Perspicuitatem
596 1741 772 1768 nihilominus
804 1747 836 1767 ac
865 1740 1026 1767 suavitatem

243 1790 353 1817 retinet.
379 1788 480 1816 Verum
494 1787 558 1822 quia
575 1786 676 1822 nimius
690 1786 716 1812 in
733 1786 820 1819 tropis
832 1791 859 1812 et
881 1785 1026 1812 schematis

245 1836 381 1868 incitatis,
404 1835 554 1862 satietatem
575 1833 658 1868 parit,
678 1832 736 1859 sive
759 1832 859 1866 potius,
880 1831 942 1866 quia
970 1837 1026 1858 tam

244 1881 368 1909 assiduus
379 1881 405 1907 in
420 1880 461 1907 his
475 1883 516 1906 est
526 1886 559 1905 ac
574 1883 656 1910 totus,
670 1877 736 1904 nihil
746 1881 775 1904 ut
791 1876 863 1904 aliud
880 1877 938 1904 sine
948 1877 1028 1904 modo

243 1930 380 1958 occurrat,
396 1924 674 1953 auditorMastidium
688 1928 714 1950 et
731 1922 910 1950 calumniandi
935 1930 1029 1950 ansam

245 1973 355 2008 praebet,
371 1977 452 2006 atque
474 1971 507 1998 ad
529 1970 672 2006 scriptoris
688 1969 774 2004 ipsius
798 1969 1024 2003 vituperationem

244 2019 351 2050 incitat,
370 2017 447 2052 quasi
462 2024 550 2051 neque
565 2020 690 2043 naturain
707 2020 765 2042 arte
780 2015 1026 2049 moderari,neqne

246 2064 349 2100 regula,
378 2063 451 2099 quod
476 2063 659 2090 inordinatum
688 2066 765 2093 erat,
790 2061 916 2095 digerere
942 2062 1029 2096 possit

1079 243 1126 269 καὶ
1137 244 1169 270 ὲκ
1184 243 1330 271 τοσούτων.
1341 244 1429 278 Χρήσι
1434 252 1483 278 μον
1496 243 1524 270 δὲ
1533 243 1563 270 τὺ
1572 243 1673 279 βιϐλίον
1683 246 1739 278 τοῖς
1752 246 1804 281 μὲν
1819 248 1870 274 ἀν-

1079 289 1228 322 εγνωκόσιν
1240 290 1251 305 ⁹
1262 290 1330 316 αὐτὰ
1338 290 1374 316 τὰ
1388 290 1565 324 συντάγματα
1578 289 1632 317 τῶν
1646 291 1751 326 ἀνδρῶν
1765 292 1787 308 ¹⁰
1799 294 1871 328 πρὸς

1078 334 1241 369 ἀνάμνησιν,
1260 336 1318 366 τοῖς
1333 335 1356 361 δ’
1374 335 1423 361 οὐκ
1434 335 1557 369 εἰληφόσι
1575 337 1673 372 πεῖραν
1691 338 1815 372 ἐκείνων,
1826 341 1870 366 ὃτι

1077 379 1121 406 διὰ
1129 379 1256 414 συνεχοῦς
1265 380 1355 406 αὐτῶν
1367 380 1481 416 μελέτης
1494 382 1545 408 οὐκ
1560 383 1589 408 ἐν
1601 382 1691 417 πολλῴ
1701 383 1789 419 χρόνῳ
1801 385 1870 411 πολ-

1077 425 1130 451 λῶν
1140 425 1188 452 καὶ
1198 425 1288 451 καλῶν
1299 427 1345 452 καὶ
1355 426 1484 453 ποικίλων
1494 427 1647 462 νοημάτων,
1656 428 1680 454 εί
1691 429 1737 454 καὶ
1747 429 1767 444 ¹¹
1778 436 1869 464 κεφα-

1077 469 1189 505 λαιώδη,
1212 470 1321 505 μνήμην
1333 470 1534 505 καρπώσονται,
1554 472 1650 499 Κοινὸν
1665 472 1688 499 δ’
1709 474 1729 488 ¹¹
1746 474 1871 509 ἀμφοτὲ-

1079 523 1135 550 ροις
1157 515 1174 549 ἡ
1195 514 1247 541 τῶν
1261 515 1445 550 ζητουμένων,
1460 515 1498 546 ὡς
1514 515 1597 548 εἰκὸς,
1613 516 1806 552 ἀταλαίπωρος
1820 519 1870 544 καὶ

1079 561 1211 594 σύντομος
1233 559 1353 595 εὕρεσις,
1379 560 1488 587 ἐπειδάν
1502 569 1544 592 τις
1561 561 1614 587 ἀπὸ
1628 560 1682 587 τῶν
1707 562 1869 596 κεφαλαίων

1077 604 1118 636 είς
1134 604 1202 631 αὐτὰ
1216 604 1249 630 τὰ
1267 604 1354 640 πλάτη
1374 605 1541 639 ἀναδραμεῖν
1569 604 1712 632 ἐθελέσειε.
1729 607 1784 633 Καὶ
1800 607 1872 641 πρὸς

1077 650 1145 677 ἄλλα
1158 650 1187 676 δὲ
1206 651 1263 682 τοῖς
1283 650 1440 685 ῥητορεύειν
1462 651 1509 678 καὶ
1532 651 1647 686 γράφειν
1668 653 1872 685 σπουδάζουσιν

1077 695 1127 722 οὐκ
1141 696 1278 731 ἄχρηστον
1293 697 1324 722 τὸ
1339 696 1451 731 βιϐλίον.

1428 743 1513 771 ΡΞΗ’.

1080 788 1136 815 Τοῦ
1147 791 1295 823 μακαρίου
1317 789 1478 850 Βασιῆἒίου
1500 790 1679 823 Σελευκείας
1697 790 1872 817 ἐπισκόπου

1437 833 1482 850 τοι
1504 828 1547 850 ιε’.

1437 833 1482 859 τοι
1504 828 1547 852 ιε’.

1117 868 1340 904 Ἀνεγνώσθησαν
1362 868 1410 895 τοῦ
1431 870 1567 906 μακαρίου
1591 871 1731 898 Βασιλείου
1755 871 1873 898 ἐπισκό-

1077 922 1129 940 που
1153 914 1313 945 Σελευκείας
1331 914 1403 949 λόγοι
1418 915 1457 948 ιε’,
1472 916 1580 952 πρῶτος
1596 917 1646 952 μὲν
1662 919 1701 949 εις
1719 918 1766 944 τό·
1788 927 1798 943 ε
1821 918 1872 944 Ἐν

1077 961 1146 996 ἀρχῇ
1170 961 1297 996 ἐποίησεν
1312 963 1325 988 ὁ
1341 961 1406 994 Θεὸς
1425 963 1471 989 τὸν
1486 963 1600 998 οὐρανὸν
1619 965 1666 990 καὶ
1680 964 1729 999 τὴν
1757 963 1809 998 γῆν
1824 972 1832 978 ·
1856 974 1867 989 ι

1077 1004 1135 1033 εἶτα
1147 1007 1186 1038 είς
1199 1007 1245 1033 τὸν
1266 1007 1376 1042 Ἰωσὴφ,
1391 1009 1430 1040 εἰς
1442 1008 1488 1035 τὸν
1510 1009 1606 1044 Ἀδὰμ,
1624 1010 1664 1041 είς
1678 1010 1724 1037 τὸν
1738 1010 1808 1037 Κάῖν
1819 1012 1873 1038 καὶ

1079 1052 1172 1084 Ἀδελ,
1198 1054 1238 1085 εἰς
1260 1054 1306 1080 τὸν
1337 1054 1473 1090 Ἀϐραὰμ,
1490 1056 1530 1086 είς
1545 1055 1591 1082 τὸν
1606 1055 1735 1090 Μωῡσῆν,
1756 1058 1796 1088 είς
1819 1058 1873 1084 τὸν

1084 1098 1186 1131 Ἠλίαν,
1212 1099 1253 1130 εἰς
1268 1099 1313 1125 τὸν
1337 1099 1429 1126 Ἰωνᾶν
1446 1108 1453 1114 ·
1472 1099 1580 1132 ἑννατος
1593 1101 1633 1132 είς
1643 1101 1689 1127 τὸν
1701 1102 1873 1138 ἑκατοντάρ-

1076 1152 1137 1179 χην,
1151 1144 1262 1177 δέκατος
1278 1145 1317 1176 είς
1331 1145 1379 1171 τό·
1402 1155 1411 1171 ι
1430 1145 1578 1172 Συνέπλεον
1596 1146 1617 1162 ¹³
1639 1147 1662 1173 οί
1681 1147 1800 1182 μαθηταὶ
1827 1149 1873 1184 τῷ

1082 1190 1169 1226 Ἰησοῦ
1188 1200 1198 1216 ι
1220 1191 1267 1217 καὶ
1290 1190 1372 1226 ὲξῆς’
1390 1191 1452 1227 [577
1475 1192 1508 1219 R.
1530 1192 1640 1228 196114
1664 1191 1724 1219 εἶτα
1752 1194 1792 1225 είς
1817 1194 1864 1227 τὸ,

1079 1246 1088 1262 ε
1103 1237 1184 1263 Δεῦτε
1202 1237 1223 1253 ¹⁵
1240 1238 1307 1272 πρός
1325 1246 1370 1271 με,
1385 1238 1485 1270 πάντες
1496 1239 1520 1265 οἱ
1535 1240 1684 1271 κοπιῶντες
1700 1239 1747 1266 καὶ
1763 1248 1872 1275 πεφορ-

1076 1283 1196 1318 τισμένοι
1217 1292 1226 1309 ›
1245 1283 1293 1310 καὶ
1313 1283 1377 1318 ἑξῆς
1388 1292 1401 1299 ·-
1414 1283 1532 1311 κᾶπειτα
1547 1286 1588 1314 εἰς
1601 1285 1647 1312 τὸν
1668 1285 1793 1319 Τελώνην
1818 1287 1873 1313 καὶ

1075 1330 1120 1357 τὸν
1132 1331 1287 1366 Φαρισαῖον,
1301 1332 1348 1358 καὶ
1369 1332 1407 1363 εις
1423 1332 1470 1358 τό·
1487 1342 1497 1358 ‹
1514 1332 1581 1359 Εἰπὲ
1594 1333 1615 1348 ³⁵
1631 1333 1675 1360 ἵνα
1697 1334 1721 1360 οἱ
1743 1333 1790 1360 δύο
1814 1342 1871 1369 μου

1079 1376 1133 1404 υίοὶ
1159 1376 1317 1408 καθίσωσιν,
1343 1374 1383 1408 εἷς
1409 1377 1440 1403 ὲκ
1468 1377 1562 1410 δεξιῶν
1586 1386 1632 1404 σου
1661 1377 1682 1393 ¹⁸
1704 1377 1751 1404 καὶ
1772 1375 1812 1409 εἷς
1837 1378 1873 1410 ἐξ

1077 1421 1235 1456 εὐωνύμων,
1255 1431 1264 1447 ι
1280 1422 1328 1448 καὶ
1342 1423 1381 1453 εἰς
1393 1422 1437 1448 τόο
1454 1431 1462 1448 t
1484 1422 1550 1448 Τίνα
1564 1422 1584 1437 ³⁷
1596 1430 1630 1457 με
1643 1422 1765 1456 λέγουσιν
1778 1423 1802 1448 oi
1818 1423 1871 1449 ἄν-

1077 1466 1181 1501 θρωποι
1213 1465 1282 1493 εἶναι
1306 1467 1353 1494 τὸν
1369 1466 1435 1493 Υίὸν
1451 1466 1497 1493 τοῦ
1520 1467 1684 1502 ἀνθρώπους
1718 1477 1729 1494 ι
1743 1468 1871 1494 ἑκκαιδέ-

1078 1521 1160 1544 κατος
1172 1513 1194 1529 ¹⁸
1217 1513 1246 1539 δὲ
1270 1513 1309 1545 εἰς
1322 1513 1369 1539 τό·
1388 1522 1397 1539 ι
1415 1513 1450 1540 Σὺ
1465 1511 1491 1540 εἷ
1513 1514 1527 1540 ὁ
1554 1513 1710 1549 ἐρχόμενος,
1730 1514 1746 1549 ἢ
1773 1513 1871 1548 ἕτερον

1042 1568 1064 1598 c
1081 1558 1276 1595 προσδοκῶμεν
1286 1568 1293 1592 ;
1311 1569 1321 1584 ι

1121 1604 1165 1630 Ἐν
1178 1603 1283 1636 τούτοις
1294 1601 1342 1631 οὖν
1356 1603 1439 1631 αὑτοῦ
1451 1605 1508 1636 τοῖς
1524 1603 1615 1638 λόγοις
1629 1605 1660 1631 τὺ
1676 1604 1725 1640 μὲν
1737 1605 1869 1639 τροπικὸν

1079 1649 1126 1676 καὶ
1141 1649 1239 1684 γοργὸν
1254 1650 1302 1676 καὶ
1315 1649 1431 1685 πάρισον
1445 1651 1478 1682 ¹⁹,
1492 1649 1572 1682 εἴπερ
1582 1651 1647 1677 ποτέ
1657 1659 1709 1677 τινι
1723 1651 1769 1677 καὶ
1783 1650 1868 1685 ἄλλῳ,

1079 1695 1153 1721 ἐστιν
1170 1695 1233 1721 ίδεῖν
1259 1695 1333 1730 αὐτῷ
1347 1695 1610 1731 δημιουργούμενον,
1628 1696 1676 1722 καὶ
1688 1696 1719 1722 τὸ
1729 1696 1814 1730 σαφὲς
1838 1696 1870 1722 δὲ

1079 1741 1126 1768 καὶ
1140 1741 1187 1776 ἠδὺ
1198 1741 1335 1776 διατρέχει
1353 1742 1375 1757 ’⁵
1390 1750 1397 1757 ·
1410 1741 1440 1768 τὸ
1453 1742 1481 1768 δὲ
1496 1742 1556 1769 λίαν
1571 1742 1721 1777 προσκορὲς
1740 1743 1789 1777 τῆς
1803 1751 1870 1778 τρο-

1079 1787 1134 1821 πῆς
1156 1787 1203 1813 καὶ
1218 1786 1273 1813 τῶν
1295 1788 1428 1823 γοργείων
1441 1788 1461 1803 ²¹
1475 1796 1482 1804 ·
1501 1787 1658 1823 σχημάτων,
1679 1787 1816 1822 μᾶλλονδὲ
1838 1788 1872 1814 τδ

1082 1832 1193 1867 συνεχὲς
1204 1833 1252 1859 καὶ
1267 1832 1385 1868 ἄκρατον
1398 1833 1446 1860 καὶ
1460 1833 1645 1861 ἁδιάπαυστον
1657 1834 1696 1865 είς
1711 1834 1807 1868 ἀηδίαν
1821 1835 1872 1860 καὶ

1081 1877 1208 1913 διαϐολὴν
1237 1878 1282 1905 τὸν
1298 1879 1435 1915 ἀκροατὴν
1459 1879 1597 1916 διεγείρει.
1624 1879 1669 1906 καὶ
1691 1879 1773 1914 ψόγον
1798 1882 1874 1907 κινεῖ

1083 1924 1129 1950 τοῦ
1153 1924 1332 1959 συγγραφέως
1357 1925 1408 1952 οὐκ
1431 1925 1549 1961 ἔχοντος,
1565 1925 1602 1957 ὠς
1622 1925 1704 1958 ἔοικε,
1717 1926 1799 1961 τέχνῃ
1819 1926 1872 1960 τὴν

1083 1969 1162 2004 φύσιν
1192 1970 1324 2005 ρυθμίσαι
1347 1970 1394 1997 καὶ
1418 1971 1510 1998 κανόνι
1533 1971 1565 1998 τὸ
1589 1971 1706 1998 ἄτακτον
1731 1971 1871 2003 διατάξαι.

1083 2016 1240 2048 Πλεονάζων
1252 2014 1276 2043 δί
1290 2017 1365 2052 ὅμως
1378 2017 1437 2048 ταῖς
1452 2017 1577 2052 τροπαῖς,
1598 2017 1646 2043 καὶ
1664 2016 1729 2043 αὐτὸ
1737 2017 1787 2051 τῆς
1805 2025 1874 2051 τρο-

1083 2061 1211 2095 πολογίας
1224 2061 1355 2096 πηγάζων
1368 2062 1399 2088 τδ
1419 2060 1500 2094 εῐδος,
1514 2061 1577 2089 οὔτε
1593 2063 1633 2094 εἰς
1647 2061 1822 2098 ψυχολογίαν,
1845 2064 1872 2089 εἰ

296 2130 318 2145 ²¹
333 2129 399 2156 Luc.
416 2135 475 2161 vni,
492 2127 538 2155 ‘25.
576 2127 599 2142 ¹¹
615 2125 710 2152 Matth.
737 2132 775 2156 xr,
791 2123 836 2151 28.
874 2124 898 2140 ¹¹³
911 2124 1011 2152 Matth.
1026 2131 1074 2158 xx,
1099 2126 1143 2153 21.
1182 2126 1205 2142 ’⁸
1217 2127 1311 2154 Matth.
1327 2134 1387 2159 xvt,
1401 2127 1444 2154 l5.
1484 2128 1507 2144 "
1522 2127 1618 2156 Matth.
1632 2137 1671 2162 xr,
1687 2129 1713 2156 5.

889 2193 1004 2221 ΥΑΒΙΛΕ
1021 2194 1224 2224 LECTIONES.

293 2246 303 2260 '
317 2243 551 2278 ἀναγινώσκουσιν
570 2250 600 2278 ςἶ

247 2317 268 2331 ³⁵
281 2313 352 2349 εἰπὲ]
376 2313 470 2340 Matth.
487 2320 534 2349 xx,
550 2311 568 2338 2

246 2351 278 2377 Δ.
291 2349 333 2384 οὐ]
345 2347 441 2376 Matth.
455 2355 494 2379 ιι,
507 2347 535 2374 ’5.

648 2242 668 2257 ¹⁰
681 2242 715 2267 τὰ
736 2240 946 2279 ςυῌγγρᾲμματε
956 2240 1010 2267 τῶν
1025 2241 1130 2279 ἀνδρῶν
1147 2243 1397 2279 καὶγῗσυντάγματα
1414 2254 1446 2278 ς.

249 2288 304 2307 om.
320 2281 353 2306 Α.
376 2275 413 2295 ἠ
426 2276 582 2337 συνέπλεονὶ
593 2276 658 2303 Luc.
674 2284 732 2307 vni,
742 2275 786 2302 25.
798 2275 844 2301 καὶ
857 2276 892 2301 τὰ
902 2275 963 2310 ἑξῆς
976 2284 1005 2307 ς.
1044 2277 1066 2292 ’⁵
1078 2275 1156 2303 δεῦτε

249 2317 268 2331 ιι
281 2313 351 2337 εἰπὲῖ
376 2313 470 2337 Μιιιιιι.
487 2320 534 2337 xx.
550 2311 568 2337 2
588 2331 595 2337 .
644 2311 666 2327 ¹⁶
680 2319 726 2336 σου
745 2310 806 2337 add.
829 2311 862 2336 A.
907 2309 928 2324 ¹⁷
943 2310 1014 2337 τίνα]
1030 2310 1124 2337 Matth.
1139 2321 1155 2337 Χ

1486 2245 1507 2261 ¹¹
1520 2252 1546 2272 ει
1561 2247 1607 2272 καί
1622 2246 1643 2271 Α
1660 2253 1667 2271 :
1685 2245 1725 2276 εἰς
1740 2253 1771 2276 ς.
1814 2246 1836 2261 ¹²
1847 2247 1872 2272 δ’

1159 2277 1168 2313 ]
1199 2278 1295 2316 Matth:
1311 2277 1355 2312 an,
1383 2277 1428 2307 28.
1451 2281 1519 2316 πρός
1545 2289 1579 2315 με
1594 2285 1622 2307 et
1637 2280 1726 2316 ὕειον
1753 2287 1808 2307 οιιι.
1837 2284 1870 2307 Δ.

588 2331 595 2338 ,
644 2311 666 2347 ιφ
680 2319 726 2347 σου
745 2310 806 2347 add.
829 2311 862 2336 Δ.
907 2309 1014 2347 ¹Ϊτίνα]
1030 2310 1124 2347 Matth.
1139 2309 1195 2341 xvi.
1208 2314 1253 2340 l5.
1266 2312 1335 2340 εἶναι
1349 2309 1405 2341 oni.
1422 2316 1454 2342 Δ.
1475 2309 1481 2316 ’
1494 2309 1517 2330 ¹⁶
1529 2309 1776 2347 τέεντεκαίδὲκατος
1790 2323 1867 2344 corr.

583 2347 604 2362 "
619 2346 667 2373 καὶ
683 2346 712 2372 τὸ
726 2345 840 2380 πάρισον
856 2353 886 2376 ς.
924 2344 947 2360 ³⁸
962 2344 1102 2381 διατρέφει
1117 2356 1146 2379 ς.
1185 2348 1206 2363 ¹¹
1219 2349 1340 2384 γοργίων
1352 2351 1385 2376 Λ.

973 2401 1104 2430 θΝΟΤΑΞ.

282 2452 338 2489 (Ἠ)
353 2451 458 2489 ξεηιιοιδ
469 2450 500 2489 τὺ
514 2448 691 2489 ἀνεγνωκόσι.
700 2483 707 2489 Ι

281 2484 337 2521 (78)
361 2484 490 2520 Praesagit
515 2485 623 2521 animus
651 2484 824 2521 (quidhenim
854 2488 928 2512 vetat
959 2485 1029 2521 omi-

245 2518 305 2550 nari
315 2518 346 2556 '!')
364 2521 423 2549 fore
437 2518 466 2548 ιιῖ
479 2528 530 2554 ope
546 2519 685 2546 Photiana'.
710 2518 890 2556 Bibliotltecte,
905 2527 965 2552 qua:
986 2519 1028 2545 la-

244 2562 315 2591 tent,
328 2554 458 2584 eruantur
475 2563 529 2582 non
545 2561 643 2591 pauca,
660 2554 1030 2591 et_quem_ad_modum_punc

242 2587 682 2623 exiveruntAdrianusﬁelasius,
692 2587 925 2623 Theophylaclus,
938 2587 1030 2615 Simo-

245 2632 328 2659 catta,
340 2634 373 2653 ac
388 2625 510 2661 quaedam
527 2626 608 2661 etiam
625 2623 735 2650 Diodori
751 2623 901 2661 Siculi,rsic
922 2631 1030 2658 quoque

245 2670 308 2697 spes
330 2667 381 2693 est,
398 2659 515 2697 ‘Stobaai
529 2659 643 2690 Eclogas
669 2660 884 2697 o_mlies,_capite
909 2663 1029 2697 truncas,

245 2693 309 2725 alibi
326 2698 449 2728 vitiosas,
465 2695 596 2726 turbatas,
609 2693 734 2728 mutilas.
753 2693 841 2727 primo
865 2694 982 2720 maxime
996 2698 1024 2720 et

247 2732 365 2760 secundo
393 2726 472 2764 libro,
500 2729 660 2764 philosophi
681 2726 906 2764 alicujusropera
942 2732 1025 2764 atque

245 2767 379 2803 philologi
395 2766 420 2793 in
434 2766 568 2803 integrum
598 2763 750 2803 restitutum
778 2763 822 2795 iri,
849 2769 877 2790 ut
900 2763 1026 2803 apto_illo

247 2798 398 2836 colligentis
411 2798 507 2828 ordine
522 2798 763 2836 serva_to.__majore
785 2805 845 2836 cum
873 2798 1028 2836 reipublicge

248 2833 391 2864 commodo
404 2839 569 2870 appareant.
586 2833 620 2860 Et
636 2833 694 2866 tibi,
724 2833 795 2870 quod
821 2833 941 2870 omnium
970 2834 1027 2870 pri-

250 2879 334 2905 murn,
348 2867 527 2900 tecou'ontiam
544 2869 684 2902 librorum,
701 2875 732 2895 ac
754 2867 921 2904 singulorum
938 2869 1029 2903 cujus-

1046 2451 1069 2480 D
1083 2458 1135 2486 que
1149 2452 1266 2485 capitum
1282 2453 1391 2484 seriem,
1407 2457 1434 2479 et
1455 2458 1645 2487 argumentum
1662 2452 1776 2481 Photius
1789 2461 1872 2482 accu-

1083 2491 1141 2524 rate
1158 2487 1298 2524 designet:
1316 2487 1379 2524 dein
1399 2488 1565 2524 Augustana:
1580 2488 1755 2524 bibliotheca
1774 2489 1866 2524 (cujus

1083 2521 1230 2555 multajani
1243 2527 1351 2549 exstant
1363 2522 1389 2548 in
1405 2530 1462 2550 rem
1485 2523 1646 2550 litterariam
1661 2521 1806 2556 beneﬁcia)
1820 2521 1872 2551 co-

1082 2556 1133 2582 de:
1146 2556 1250 2583 calamo
1268 2561 1405 2588 exaratus.
1433 2563 1461 2584 ut
1479 2562 1507 2585 et
1539 2562 1638 2585 nostrae
1660 2565 1747 2592 neque
1773 2566 1870 2592 pauca,

1082 2598 1179 2628 neque
1189 2592 1385 2628 contemnenda
1401 2591 1565 2626 fragments,
1583 2600 1643 2628 quae
1658 2599 1691 2619 ex
1705 2591 1784 2619 'Ant.
1809 2595 1867 2620 Au-

1082 2626 1180 2662 gustini
1199 2625 1231 2662 ν,
1250 2626 1281 2653 (1.
1297 2626 1365 2653 libro
1393 2625 1599 2660 descripsimus,
1627 2635 1721 2662 magna
1750 2635 1817 2654 sane
1838 2629 1870 2654 ad

1085 2661 1120 2693 id,
1138 2661 1209 2695 quod
1238 2662 1417 2695 snggerimus,
1441 2662 1556 2689 alIerent
1592 2661 1760 2696 adjnmenta.
1791 2662 1868 2689 Nunc

1078 2697 1206 2730 quoniam
1219 2696 1246 2722 in
1261 2696 1349 2723 medio
1367 2697 1455 2730 palma
1473 2702 1525 2730 est,
1543 2697 1595 2724 huc
1609 2696 1710 2725 Grteca:
1726 2705 1758 2724 ac
1774 2698 1863 2731 polqu

1079 2731 1258 2765 philosophia:
1269 2731 1406 2758 studiosos
1419 2732 1518 2759 invito.

1117 2765 1173 2800 (79)
1190 2765 1281 2799 Longe
1296 2765 1387 2800 plures
1400 2771 1510 2794 exstant
1525 2766 1606 2794 hodie
1630 2766 1724 2794 Graece
1742 2767 1769 2794 in
1801 2767 1867 2794 Ger-

1082 2801 1171 2836 mania
1183 2800 1318 2836 evulgata,
1334 2808 1403 2834 quas
1430 2808 1515 2836 nuper
1546 2801 1656 2830 Latinas
1686 2801 1752 2830 fecit
1778 2808 1867 2830 noster

1081 2835 1209 2863 Claudius
1225 2835 1403 2871 Dausqueius.
