1923 3091
182 108 232 142 471

746 110 877 141 PHOTII
910 112 1163 143 PATRIARCHIE
1183 114 1238 145 ΟΡ.

1757 111 1817 145 472

184 173 270 195 turos.
290 166 384 194 Refert
397 166 519 201 insuper,
533 171 564 193 ut
578 166 629 195 hoc
640 165 732 194 audito
746 166 885 199 vaticiuio,
903 166 968 194 inde
982 172 990 198 ι

1046 169 1102 200 δοὺς
1120 169 1149 195 δὲ
1169 170 1199 196 ὲν
1212 169 1313 205 ἑκάστῃ
1327 165 1397 196 εἶναι
1410 168 1517 204 ἡμέραν
1535 166 1595 194 εἶτα
1615 166 1654 199 ὥς
1673 165 1819 198 τοιούτους

185 213 371 245 discesserint,
397 213 502 240 Λευ-τεο
526 220 586 239 enm
602 211 760 240 Zamolxido
780 218 887 239 summa
900 213 971 246 apud

185 259 268 287 Getas
285 259 310 286 in
325 259 528 286 existimatione
556 259 675 287 relictis:
694 265 756 292 quae
782 258 846 285 item
869 258 902 285 ad
920 257 972 285 Bo—

185 313 259 334 ream
279 306 372 334 videre
397 306 556 334 admiranda
587 310 670 340 atque
695 305 791 333 audire
816 305 883 340 ipsis
905 312 972 332 con-

186 352 288 386 tigerit.

222 396 284 423 llrec
296 403 357 423 cum
373 396 466 423 omnia
486 395 579 423 Dinias
598 395 623 422 in
639 395 725 422 Thule
740 394 893 430 Dereyllide
909 403 974 422 nar-

187 446 264 469 rante
279 442 408 475 audisset,
424 443 517 469 eadem
544 450 615 470 mtuo
630 442 732 469 referre
758 443 846 477 pergit
865 442 974 478 Cymbas

186 488 295 515 Arcadi.
306 488 345 514 Ad
355 488 512 520 hmcetiam,
525 492 554 514 ut
568 488 674 522 Paapis,
688 487 848 523 Dercyllidis
862 489 974 522 vestigia

188 532 337 563 insecutus,
356 533 382 559 in
408 540 439 560 ea
457 533 554 568 ιιοό
580 532 668 560 insula
691 533 757 567 ipsis
774 533 974 567 supervenerit,

187 582 213 603 et
227 582 287 604 arte
301 585 348 604 sua
361 578 464 612 magica
484 578 535 605 hoc
555 577 686 610 eil‘ccerit.
699 582 728 604 ut
750 578 866 605 interdiu
885 585 975 604 moro-

188 627 293 654 rentur,
320 629 398 651 nocte
427 631 491 650 vero
520 624 667 651 accedente
697 624 901 656 reviviscerent,
924 623 976 650 hoc

190 673 292 695 tantum
307 669 358 696 ritu
377 669 410 696 ad
424 669 488 696 illud
506 669 673 697 elliciendum
690 677 765 701 usus,
780 670 851 704 quod
869 669 976 704 publice

189 715 215 741 in
232 715 340 742 illorum
358 715 454 742 faciem
485 721 658 750 conspueret.
688 716 877 743 Thrnscanum
910 715 975 742 item

189 761 344 795 quemdam,
375 760 462 789 Thule
493 762 650 794 oriundum,
689 762 848 797 Di-rcyllidis
883 768 977 789 amore

189 812 308 840 captum,
330 808 388 834 viso
406 813 522 835 aluatam
535 815 610 835 suam
625 808 750 842 Paapidis
767 808 845 835 malis
871 807 976 835 artibus

192 853 218 879 in
234 861 295 880 eum
313 853 437 883 morbum
466 854 605 887 incidisse,
634 855 770 889 ingentem
796 857 863 883 adeo
886 862 919 882 ex
944 861 977 881 eo
993 846 1014 874 Β

192 899 298 932 cepisse
308 899 440 931 dolorem,
460 905 490 927 ut
506 900 596 927 subito
610 901 727 935 Paapida
744 901 878 928 invadens
889 899 980 935 gladio

195 946 369 979 pct'Cusseril,
400 951 482 981 atque
504 947 682 975 interfecerit.
699 947 777 974 Hunc
802 947 847 974 vix
873 946 980 974 tandem

195 990 292 1026 Tyrios
311 992 441 1019 mulorum
455 993 587 1027 reperisse
602 993 714 1020 exitum.
735 992 924 1020 Thruscanum
943 996 984 1018 ta-

197 1044 258 1063 n:eu
278 1042 420 1072 postquam
440 1037 589 1072 Dercyllida
615 1042 730 1065 mortua:
756 1037 871 1065 similem
890 1037 983 1071 jacere

197 1083 348 1116 conspexit,
364 1088 477 1110 mortem
494 1083 544 1110 sibi
574 1091 682 1119 quoque
714 1084 891 1111 conscivisse.
922 1083 984 1110 Haec

198 1129 280 1164 igitur
291 1130 395 1163 onuiia,
410 1135 438 1157 et
458 1130 510 1157 alia
534 1129 559 1157 id
587 1138 672 1166 genus
689 1130 814 1165 plurima.
836 1136 867 1158 ut.
889 1137 984 1157 eorum

199 1175 375 1211 sepulturam,
390 1181 417 1202 et
429 1184 444 1203 ο
462 1175 564 1203 tumulo
579 1176 821 1210 reditum,amoros
838 1175 985 1208 Mantiniae,

199 1229 313 1255 quumque
333 1222 394 1248 hinc
412 1221 464 1258 illis
482 1221 650 1254 acciderunt,
664 1226 691 1249 et
704 1222 764 1255 ejus
791 1221 887 1248 farina:
901 1220 986 1247 multa

201 1274 262 1293 cum
281 1267 372 1293 Diuias
387 1267 413 1293 in
435 1266 521 1294 Thule
542 1267 642 1299 insula,
667 1266 819 1302 Dercyllide
837 1266 986 1298 referente.

202 1312 383 1346 cognovisset,
400 1311 539 1339 inducitur
567 1319 638 1340 nunc
657 1313 752 1339 eadem
765 1311 875 1347 Cymbaa
889 1311 988 1339 Arcadi

202 1364 429 1384 commemorans.
448 1357 536 1391 Atque
552 1357 597 1384 hic
615 1358 723 1385 tandem
755 1357 816 1384 linis
842 1361 883 1384 est
915 1356 988 1383 tertii

203 1402 361 1430 etvicesimi
374 1402 446 1436 libri,
467 1402 576 1430 Antonii
594 1403 721 1439 Diogenis
731 1402 935 1430 Incredibilia»:
958 1402 990 1428 de

206 1447 290 1475 Thule
302 1448 437 1482 inscripti,
449 1457 510 1476 cum
528 1449 593 1476 nihil
613 1456 693 1484 pene.
708 1456 740 1477 ac
760 1449 810 1476 nisi
826 1455 912 1483 pauca
930 1453 990 1474 tan-

205 1500 261 1522 tum
284 1495 318 1522 ab
338 1496 415 1523 initio
431 1495 509 1530 hujus
524 1498 614 1530 operis
635 1498 668 1524 de
682 1497 732 1524 hac
751 1497 839 1525 insula
851 1495 989 1523 memoria

205 1541 366 1576 prodiderit.

242 1589 361 1622 Quartus
376 1597 440 1616 vero
455 1594 482 1616 et
506 1589 651 1616 vicesimus
673 1588 743 1616 liber
769 1587 876 1615 inducit
895 1586 993 1614 Azulin

207 1640 375 1667 narrantem,
402 1641 483 1670 atque
508 1635 571 1664 inde
582 1636 664 1662 etiam
680 1634 785 1661 Diniam
811 1635 844 1661 ad
866 1641 899 1661 ea
934 1640 995 1667 qum

208 1686 286 1708 antea
299 1681 408 1717 Cymbala
421 1682 568 1713 retulisset,
582 1681 703 1708 Azulidis
714 1686 789 1715 gesta
800 1679 993 1708 cumulantem.

209 1727 349 1759 Quomodo
364 1727 491 1754 nimirqu
508 1727 706 1762 pnestigiarum
725 1726 831 1754 illarum
860 1726 994 1753 rationem

210 1773 429 1808 deprehenderit,
444 1773 543 1808 quibus
571 1771 669 1806 Paapis
697 1772 847 1807 Dercyllida
871 1777 899 1798 et
919 1770 996 1797 Maa-

211 1818 305 1845 liniam
321 1819 482 1851 ludiﬁcarat,
501 1823 581 1846 nocte
592 1819 701 1852 quidem
719 1821 748 1845 ut
774 1817 897 1844 viventes
912 1824 997 1850 appa-

212 1869 314 1896 rerent,
333 1864 452 1891 interdiu:
478 1872 544 1892 vero
561 1865 659 1892 mortui
675 1873 682 1891 :
698 1868 782 1898 utque
809 1863 909 1890 malum
931 1863 997 1889 illud

212 1910 356 1944 depulerit,
373 1918 434 1938 cum
456 1910 564 1937 modum
582 1917 614 1937 ac
637 1909 770 1937 rationem
790 1908 869 1943 hujus
893 1908 999 1934 crucia-

215 1962 268 1988 tus,
282 1957 394 1992 ejusque
407 1957 520 1984 curandi
535 1956 606 1983 viam
626 1955 764 1983 didicisset
780 1962 814 1982 ex
829 1954 921 1989 perula
935 1953 1001 1980 Paa-

216 2002 297 2037 pidis,
311 2010 391 2037 quam
411 2009 506 2029 secum
528 2001 673 2029 Maatinias
687 2006 767 2035 atque
783 1999 913 2035 Dercyllis
930 2004 1002 2026 attu-

214 2049 313 2076 lerant.
345 2048 439 2085 Neque
461 2048 512 2075 hoc
534 2048 632 2079 solum,
653 2047 701 2074 sed
724 2052 751 2074 et
779 2047 846 2073 illud
885 2045 1001 2080 reperit,

216 2095 353 2130 quomodo
368 2093 501 2129 Dereyllis
520 2097 549 2121 et
570 2092 712 2119 Mantinias
733 2097 860 2126 parentes
879 2090 1003 2124 iacentes

217 2141 319 2176 ingenti
349 2141 420 2167 male
439 2140 556 2167 liberare
581 2143 700 2174 possent.
726 2137 782 2165 llos
805 2137 878 2165 enim
909 2136 946 2163 illi
969 2143 1003 2163 ex

218 2187 343 2222 Paapidis
370 2186 540 2221 proscripto,
563 2185 641 2219 quasi
675 2185 726 2211 hoc
751 2183 802 2211 sibi
828 2181 1000 2217 profuturum
1019 2203 1040 2230 υ

218 2238 299 2266 esset,
312 2233 388 2269 gravi
414 2232 561 2264 alIeceraut
579 2230 764 2262 incommodo,
787 2236 848 2256 cum
862 2228 943 2261 longo
956 2235 1003 2255 eos

220 2284 342 2313 tempore
361 2282 529 2305 intortuorum
545 2277 630 2303 instar
636 2276 729 2309 jacere
741 2274 877 2302 fecissent.
895 2273 1008 2300 Accedit

221 2326 283 2358 huc,
300 2324 338 2351 uti
363 2323 504 2358 Dercyllis,
523 2327 551 2350 et
567 2322 711 2349 Mantinias
740 2320 766 2347 in
792 2319 909 2354 patriam
938 2326 1007 2353 pro-

221 2371 353 2407 perarint,
385 2369 542 2404 parentibus
569 2372 598 2396 ut
628 2367 711 2394 vitam
746 2366 917 2400 salutemque
943 2365 1006 2393 rod-

222 2418 327 2444 derent.

260 2462 352 2489 Diuias
371 2460 478 2489 interim
492 2467 543 2486 uua
562 2466 624 2486 cum
635 2458 768 2485 Carmane
778 2462 805 2484 et
817 2457 948 2490 Menisco,
962 2463 1008 2483 se-

223 2513 319 2542 parato
330 2509 364 2534 ab
377 2508 443 2542 ipsis
455 2506 578 2537 Azulide,
603 2504 672 2531 ultra
704 2504 787 2538 ipsam
804 2503 908 2530 Thulen
925 2503 1009 2530 etiam

224 2554 362 2582 oberravit
375 2562 382 2587 ;
398 2561 452 2588 quo
463 2553 572 2588 quidem
584 2552 610 2578 in
620 2557 712 2578 errore
726 2558 786 2585 qua:
810 2557 891 2585 supra
905 2549 1010 2576 Thulen

227 2601 395 2628 incredibilia
411 2599 519 2632 viderit,
533 2606 604 2626 nunc
618 2599 753 2626 inducitur
768 2596 868 2625 referre
880 2596 989 2632 Cymth
1003 2606 1009 2623 :

226 2654 258 2674 ea
275 2646 401 2675 nimirum
417 2653 432 2673 a
457 2654 487 2673 se
510 2649 655 2679 conspecta
680 2651 741 2672 esse
765 2643 870 2676 dicens,
900 2650 960 2677 quae
985 2647 1014 2670 et

1021 216 1163 251 χρησμοὺς
1176 215 1303 247 λαϐόντες
1316 216 1477 250 ἀπαίρουσιν
1485 213 1602 247 ἐκεῖθεν,
1611 213 1659 240 τδν
1670 213 1821 248 Ἀστραῑον

1021 261 1071 288 σὺν
1101 261 1219 297 Ζαμόλξι
1248 261 1410 293 λείποντες⁸
1437 261 1490 287 ὑπὸ
1507 260 1598 286 Γετῶν
1621 259 1821 293 δοξαζόμενον·

1021 306 1069 332 καὶ
1093 307 1144 333 ὅσα
1173 307 1238 341 περὶ
1267 307 1373 342 Βορῤεἷν
1392 305 1484 337 αὐτοῖς
1510 304 1641 340 τεράστια
1674 303 1738 329 ἰδεῖν
1767 303 1823 329 καὶ

1019 351 1137 378 ἀκοῦσαι
1152 351 1313 387 συνηνέχθη.

1055 397 1150 425 Ταῦτα
1163 398 1253 424 πάντα
1265 397 1372 429 Δεινίας
1388 395 1461 423 κατὰ
1471 395 1536 432 [18⁵1
1552 394 1600 430 Η.]
1613 394 1718 429 Θούλην
1731 393 1823 420 ἂ.κοὺ-

1025 454 1074 478 σας
1104 444 1286 480 διηγουμένης
1304 442 1480 479 Δερκυλλίδος
1502 440 1643 475 εἰσάγεται
1657 439 1705 466 νῦν
1720 440 1819 473 ἀπαγ-

1023 490 1126 525 γέλλων
1148 489 1187 525 τῷ
1214 488 1326 524 ’Δρκάδι
1350 486 1462 522 Κύμὸᾳ.
1487 486 1550 512 Ἐπὶ
1573 485 1679 516 τούτοις
1702 483 1749 510 καὶ
1778 483 1824 514 ὡς

1024 538 1134 567 Παάπις
1157 535 1261 562 διώκων
1294 533 1352 569 μετ’
1381 533 1453 567 ἴχνια
1479 532 1544 563 τοὺς
1570 531 1636 566 περὶ
1650 529 1824 565 Δερκυλλίδα

1024 583 1127 617 ἐπέστη
1151 581 1242 611 αὐτοῖς
1256 581 1284 606 ἑν
1307 581 1340 615 τῇ
1365 580 1458 614 νήσῳ,
1478 578 1526 604 καὶ
1549 577 1579 604 τὸ
1606 576 1692 608 πάθος
1713 577 1825 607 ἐκεῖνος

1025 630 1107 664 τέχνῃ
1126 628 1230 663 μαγικῇ
1252 626 1382 661 ἐπέθηκε,
1398 625 1525 660 θνήσκειν
1548 624 1596 658 μὲν
1613 623 1732 658 ἡμέρας,
1747 623 1826 649 ἀνα-

1025 675 1153 702 ϐιώσκειν
1181 673 1209 700 δὲ
1235 672 1331 704 νυκτδς
1355 670 1557 706 ἐπιγινομένης.
1590 669 1645 696 Καὶ
1674 668 1704 694 τὸ
1731 668 1826 698 πάθος

1026 720 1119 752 αὐτοῖς
1134 719 1263 755 ἐνέθηκεν
1286 717 1430 753 ὲμπτύσας
1450 716 1542 743 αὐτῶν
1569 715 1640 742 κατὰ
1651 714 1682 741 τὸ
1696 714 1826 748 ἐμφανὲς

1027 768 1084 794 τοῐν
1109 766 1265 802 προσώποιν
1274 764 1295 791 ⁵.
1313 764 1367 791 Καὶ
1380 763 1419 795 ὡς
1435 762 1608 798 Θρουσκανός
1620 770 1662 792 τις
1674 759 1824 794 Θουλίτης,

1028 813 1145 849 ἐραστὴς
1170 812 1302 846 διάπυρος
1326 809 1513 846 Δερκυλλίδας,
1547 808 1608 835 ιόὼν
1623 807 1761 834 πεσοῦσαν
1780 805 1827 840 τῷ

1032 861 1064 887 ὲκ
1076 859 1214 890 Παάπιδος
1231 858 1313 884 πάθει
1330 857 1379 891 τὴν
1393 854 1535 891 ἐρωμένην
1549 855 1596 881 καὶ
1608 853 1824 889 ὑπεραλγήσας,

1032 907 1130 942 ἀθρόον
1139 906 1189 932 τε⁸
1216 904 1341 936 ἐπιστὰς,
1373 902 1449 929 παίει
1469 902 1540 935 ξίφει
1565 902 1596 927 ἐκ
1615 900 1662 927 τοῦ
1682 898 1826 933 αίςρνιδίου

1031 952 1077 980 τὸν
1092 952 1201 979 Παάπιν
1217 951 1264 977 καὶ
1278 950 1394 984 ἀναιρεῖ,
1427 947 1507 974 τοῦτο
1531 947 1607 982 μόλις
1633 945 1688 972 τῶν
1713 944 1826 980 μυρίων

1032 998 1144 1026 κακῶν⁸
1168 997 1244 1028 τέλος
1268 995 1429 1030 εὑράμενον.
1445 994 1500 1021 Καὶ
1510 993 1547 1024 ὡς
1563 991 1745 1027 Θρουσκανὸς,
1758 989 1829 1016 ἐπεὶ

1032 1044 1180 1079 Δερκυλλὶς
1203 1043 1292 1069 ἔκειτο
1308 1041 1425 1069 δοκοῦσα
1451 1040 1546 1075 νεκρὰ,
1565 1039 1660 1065 ἑαυτὸν
1686 1038 1830 1064 ὲπικατα-

1034 1091 1158 1124 σφάττει.
1171 1089 1265 1116 Ταῦτα
1277 1088 1367 1115 πάντα
1381 1087 1429 1114 καὶ
1444 1086 1548 1113 τούτων
1563 1085 1648 1119 ἕτερα
1663 1083 1748 1110 πολλὰ
1767 1091 1830 1108 πα-

1036 1137 1183 1173 ραπλήσια,
1209 1135 1260 1170 τήν
1286 1143 1316 1160 τε
1342 1133 1429 1168 ταφὴν
1453 1131 1543 1159 αὐτῶν
1569 1131 1617 1157 καὶ
1642 1129 1692 1165 τὴν
1717 1128 1830 1156 ὶκεϊθεν

1035 1182 1247 1217 ὑπαναχωρησιν
1261 1180 1310 1206 καὶ
1318 1179 1382 1210 τοὺς
1399 1178 1503 1214 ἔρωτας
1519 1175 1698 1208 Μαντινξουτ,
1713 1175 1760 1201 καὶ
1772 1174 1831 1200 ὅσα

1036 1230 1079 1257 διὰ
1095 1229 1175 1256 τοῦτο
1189 1227 1298 1262 συνέϐη,
1312 1226 1358 1253 καὶ
1372 1225 1454 1260 ἔτερα
1471 1225 1553 1259 ὃμοια
1569 1222 1641 1250 κατὰ
1653 1221 1757 1255 Θούλην
1773 1221 1828 1254 τὴν

1037 1275 1119 1309 νῆσον
1142 1273 1247 1304 Δεινίας
1275 1270 1369 1307 μαθὼν
1412 1267 1616 1306 μυθολογούσης
1648 1265 1830 1303 Δερκυλλίδας

1036 1320 1176 1353 εἰσάγεται
1201 1319 1248 1345 νῦν
1273 1317 1444 1351 συνυφαίνων
1465 1317 1498 1350 τῇ
1514 1314 1625 1350 Ἀρκάδι
1645 1312 1762 1348 Κύμϐᾳ¹
1778 1319 1833 1339 και

1038 1365 1246 1401 συμπληροῦται
1268 1363 1405 1398 Ἀντωνίῳ
1427 1361 1546 1395 Διογένει
1580 1361 1594 1386 ὁ
1622 1358 1743 1390 εἰκοστὸς
1770 1357 1835 1393 τρί-

1037 1420 1084 1443 τος
1121 1411 1200 1445 λόγος
1231 1409 1292 1436 Τῶν
1328 1407 1404 1441 ὑπὲρ
1434 1407 1555 1439 Θούλην
1597 1403 1834 1439 ἐπιγραφομένων

1040 1457 1196 1487 Ἀπίστων-,
1217 1455 1307 1481 καίτοι
1323 1452 1433 1488 μηδὲνῆ
1451 1451 1554 1487 βραχέα
1576 1450 1636 1477 κατ’
1660 1449 1747 1485 ἀρχὰς
1765 1447 1837 1483 περὶ

1042 1503 1148 1538 Θούλης
1163 1502 1214 1537 τῆς
1225 1499 1388 1536 συγγραφῆς
1401 1496 1626 1533 ὺποδηλωσάσης.

1084 1592 1114 1619 ὐ
1124 1591 1151 1618 δὲ
1166 1590 1287 1621 είκοστὺς
1315 1588 1446 1623 τέταρτος
1475 1585 1553 1621 λόγος
1583 1584 1690 1618 εἰσάγει
1705 1582 1839 1614 ’Δζουλιν

1043 1638 1233 1673 διηγούμενον,
1250 1635 1377 1663 κάκεῖθεν
1390 1633 1498 1660 Δεινίαν
1510 1633 1568 1663 τοῖς
1585 1630 1741 1666 ἔμπροσθεν
1757 1629 1839 1663 αὖτῷ

1047 1683 1253 1720 μυθολογηθεῖσι
1277 1681 1346 1716 πρὸς
1373 1679 1490 1715 Κύμὸαν
1521 1677 1680 1712 συνείροντα
1696 1674 1840 1706 τὰ¹Αζούσ

1045 1730 1127 1763 λιδος,
1142 1729 1178 1760 ὡς
1191 1729 1353 1763 κατανοήσοι
1377 1727 1428 1762 τῆς
1443 1724 1570 1761 γοητείας
1581 1723 1626 1750 τὸν
1641 1722 1752 1758 τρόπον,
1773 1720 1840 1747 καθ’

1046 1777 1076 1804 ὃν
1086 1777 1194 1806 Παάπις
1210 1776 1356 1810 ὲγοήτευσε
1367 1772 1533 1806 Δερκυλλίόα
1546 1771 1593 1797 καὶ
1616 1767 1766 1796 Μαντινίαν
1791 1776 1842 1793 νυ-

1048 1825 1094 1849 κτὶ
1110 1822 1159 1857 μὲν
1179 1820 1284 1853 ζῶντας
1297 1820 1324 1846 ὲν
1335 1819 1430 1854 ἡμέρᾳ
1440 1818 1451 1834 ⁸
1466 1817 1495 1844 δὲ
1508 1816 1621 1851 νεκροὺς
1634 1813 1715 1845 εἶναι,
1736 1813 1783 1840 καὶ
1800 1812 1842 1843 ὡς

1050 1867 1207 1902 ἀπήλλαξεν
1219 1866 1317 1897 αὐτοὺς
1328 1864 1375 1891 τοῦ
1385 1863 1500 1894 πάθους,
1518 1862 1562 1888 τόν
1576 1869 1607 1887 τε
1620 1860 1721 1896 τρόπον
1737 1859 1786 1893 τῆς
1798 1866 1843 1884 τι-
1875 1868 1878 1870 ·

1051 1913 1156 1949 μωρίας
1167 1911 1269 1947 ταύτης
1277 1911 1325 1938 καὶ
1334 1911 1366 1945 δὴ
1377 1910 1477 1944 καὶτῆς
1488 1909 1587 1939 ἰάσεως
1600 1907 1633 1933 ἐκ
1643 1905 1691 1932 τοῦ
1712 1903 1841 1939 πηριδίου

1051 1958 1171 1994 ἀνευρὼν
1182 1958 1228 1985 τοῦ
1257 1956 1406 1989 Παάπιδος,
1420 1956 1434 1982 ὃ
1450 1953 1667 1989 συνεπεφέροντο
1689 1950 1844 1980 Μαντινίας

1051 2007 1099 2033 καὶ
1112 2005 1267 2040 Δερκυλλις.
1278 2004 1314 2030 Οὐ
1326 2002 1405 2038 μόνον
1417 2002 1456 2033 δὲ,
1465 2000 1524 2029 ἀλλ’
1533 1996 1596 2035 εὗρε
1604 1998 1652 2025 καὶ
1666 1997 1759 2028 ὃπως⁹
1775 1997 1845 2030 Δερ-

1052 2053 1144 2083 κυλλὶς
1159 2052 1205 2078 καὶ
1238 2049 1389 2080 Μαντινίας
1415 2047 1600 2080 ἀπαλλάξειαν
1617 2044 1735 2080 μεγάλου
1753 2042 1843 2069 κακοῦ

1052 2099 1115 2129 τοὺς
1143 2097 1239 2128 τοκέας
1257 2095 1416 2130 κειμένους,
1440 2093 1488 2125 οὒς
1511 2092 1664 2127 ὑποθήκαις
1691 2088 1844 2120 Παάπιδος,

1055 2143 1114 2179 [561
1132 2143 1177 2179 [L]
1189 2143 1227 2174 ὡς
1240 2142 1272 2169 ἂν
1295 2142 1342 2168 ἐπὶ
1360 2141 1399 2177 τῷ
1429 2139 1542 2166 ἐκείνων
1568 2137 1748 2173 συμφέροντι,
1765 2135 1846 2162 αὐτοὶ

1054 2189 1235 2224 ἐλυμήναντο,
1246 2189 1291 2215 ῐσα
1299 2187 1406 2214 κεῖσθαι
1421 2186 1527 2221 νεκροῖς
1541 2184 1646 2220 μακρὸν
1661 2182 1758 2218 χρόνον
1775 2189 1846 2208 κατ-

1054 2235 1246 2270 εργασάμενοι.
1260 2232 1327 2261 ETW.
1350 2233 1387 2264 ὼς
1401 2232 1506 2259 ἐκεῖθεν
1515 2230 1662 2266 Δερκυλλὶς
1684 2229 1744 2263 ἆμα
1766 2228 1847 2254 Μαν-

1054 2281 1127 2316 τινίᾳ
1142 2282 1188 2308 επὶ
1197 2281 1248 2316 τὴν
1261 2279 1379 2314 πατρίδα
1391 2277 1522 2304 ἔσπευδον
1536 2276 1585 2304 ἐπὶ
1595 2277 1628 2311 τῇ
1641 2274 1696 2301 τῶν
1709 2273 1848 2300 τεκόντων

1055 2326 1202 2354 suam“
1216 2327 1264 2353 καὶ
1287 2325 1420 2360 σωτηρίᾳ.

1092 2456 1198 2487 Δεινίας
1210 2455 1239 2482 δὲ
1253 2454 1311 2489 ἅμα
1324 2453 1459 2488 Καρμάνῃ
1480 2452 1528 2479 καὶ
1541 2451 1685 2486 Μηνίσκῳ,
1710 2450 1846 2483 ἀποχωρι-

1059 2503 1167 2533 σθέντος
1177 2502 1267 2532 αὐτοῖς
1280 2499 1441 2532 Ἀζούλιδος,
1458 2499 1526 2533 πρὸς
1540 2498 1574 2524 τὰ
1585 2497 1656 2532 ὑπὲρ
1680 2495 1730 2531 τὴν
1744 2495 1848 2530 Θούλην

1058 2549 1108 2584 τὴν
1135 2548 1238 2582 πλάνην
1254 2546 1386 2579 ὲξέτεινον
1396 2553 1403 2561 ·
1421 2544 1480 2572 καθ’
1492 2545 1526 2580 ἣν
1537 2543 1642 2577 πλάνην
1658 2542 1692 2569 τὰ
1703 2541 1773 2576 ὑπὲρ
1800 2541 1848 2573 τήν

1060 2593 1164 2629 Θούλην
1178 2593 1279 2620 ἄπιστα
1294 2591 1444 2618 θεάσασθαι
1461 2589 1510 2617 νῦν
1520 2588 1702 2623 ἀπαγγέλλων
1711 2587 1849 2620 εἰσάγεται

1062 2640 1174 2675 Κύμσᾳ,
1192 2640 1292 2674 Βἐκεῖνο.
1319 2638 1405 2672 λέγων
1422 2637 1486 2665 ἰδεῖν
1507 2635 1582 2663 ἃκαὶ
1596 2636 1621 2662 οι
1636 2635 1685 2670 τῆς
1698 2632 1848 2668 ἁστροθεά-

868 2720 986 2748 νΑῐὶΙιΕ
1006 2718 1210 2750 LECTIONES.

273 2784 284 2800 ³
295 2783 419 2814 λιπόντες
434 2782 466 2809 Δ.
480 2767 484 2771 ί
515 2781 526 2798 ⁸
539 2782 569 2808 τὸ
582 2781 728 2816 πρόσωπον
743 2788 772 2812 ς.
825 2779 836 2795 ⁸
850 2788 879 2806 τε
897 2779 959 2816 add.
980 2779 1013 2816 Δ.

230 2819 372 2854 ’ίῌαντίον
389 2826 419 2850 ς.
458 2817 468 2833 ⁸
482 2818 510 2844 ὲν
530 2814 621 2852 ἠμέρᾲ
635 2817 656 2843 Α
672 2825 678 2843 :
692 2816 796 2857 ἡμέρας
813 2823 841 2848 τ.
878 2817 888 2831 ⁵
904 2815 977 2846 ὅπως
993 2815 1014 2844 Δ
1030 2822 1036 2840 :
1050 2814 1108 2844 πῶς
1126 2821 1156 2845 ς.

1068 2779 1078 2794 ⁶
1092 2778 1194 2805 τούτων
1208 2777 1297 2813 μόνων
1312 2776 1365 2804 τῶν
1378 2775 1478 2812 τυρίων
1497 2774 1581 2803 κακὸν
1593 2790 1626 2795 -
1639 2773 1706 2809 εὕροι
1712 2771 1800 2810 μένων
1820 2780 1847 2810 ς.
