1923 3091
228 165 263 197 75

788 163 920 194 ΡΗΟΤΙΙ
933 158 1186 194 PATRIARCHIE
1202 163 1258 192 CP.

1803 159 1845 190 ’ῖῦ

208 220 352 256 quemdam
369 219 405 246 ibi
429 219 506 246 uxori
525 227 593 251 stlte.
617 219 700 246 Phila).
719 220 839 250 nomine.
853 219 988 254 Antipatri
1005 220 1013 247 Δ

1060 226 1103 251 γει
1118 217 1258 252 Βάλαγρον
1285 215 1350 253 [364
1366 214 1410 251 ιι]
1427 214 1494 250 πρὸς
1507 215 1556 250 τὴν
1579 214 1683 241 οἰκείαν
1705 216 1840 249 γυναῖκα,

210 267 281 298 ﬁliae,
311 265 476 292 scribentem
521 270 733 300 narrantemque
765 265 839 296 facit.
867 273 928 292 cum
963 266 997 292 ab

210 311 364 338 Alexandro
389 309 565 337 Macedonum
584 317 647 345 rege
669 309 757 345 Tyrus
788 316 942 344 caperetur,
969 315 998 337 et

211 358 282 392 ignis
304 357 419 391 plurima
435 358 599 390 devastaret,
621 358 727 384 venisse
756 359 787 384 ad
812 358 996 384 Alexandrum

211 404 335 435 militem,
353 403 398 437 qui
424 411 453 430 se
481 403 654 438 peregrinum
672 404 747 438 quid,
775 408 925 438 praeterque
942 403 1000 436 opi-

212 450 318 477 nionem
333 449 505 476 indicandunt
521 449 620 476 habere
640 448 752 476 diceret.
768 448 835 476 Esse
849 450 919 476 enim
935 449 998 482 quid

212 501 288 522 extra
318 496 446 529 oppidum
472 500 594 528 spectaui
625 494 746 529 dignum.
774 493 876 528 Regem
909 495 1001 529 ilaqtte

214 539 361 572 assumptis
378 547 429 566 una
453 547 544 566 secum
562 538 753 572 Hephazslione
779 544 806 567 et
822 539 1002 567 Parmenione

213 586 306 618 sociis,
326 585 438 612 militem
452 589 574 612 secutum
586 586 619 612 ad
639 585 779 613 tutnnlose
794 585 882 619 lapide
894 585 1002 612 subter-

214 638 311 658 raneos
326 631 457 665 quosdam
469 632 638 666 pervenisse,
654 638 769 666 quorum
787 631 856 658 alius
867 632 907 659 sic
931 637 1003 659 esset

215 676 379 710 inscriptus:
393 676 493 711 Lysilla
509 677 571 703 vixit
585 685 668 703 annos
686 684 769 703 xxxv.
784 676 859 703 Alter
870 684 933 704 vero
945 678 1002 705 sic:

217 720 328 747 Μηαδοη
346 721 481 748 Μαηιὶηἱαι
507 722 579 756 ﬁlius
606 722 669 747 vixit
685 730 767 748 annos
789 729 850 748 vat
864 721 1003 756 (29),pou

215 773 292 793 Lxxt.
311 766 386 793 Alius
398 774 463 794 vero
476 767 568 793 titulus
582 771 640 793 erat
664 775 670 794 :
690 767 806 793 Aristion
822 765 950 794 Philocli:
971 767 1005 800 ﬁ-

216 812 268 838 lius
280 813 343 839 vixit
362 821 444 839 anno:
463 818 613 846 x1.vn,past
628 820 665 839 ιιι
683 812 749 847 (29).
761 813 835 839 Alius
849 821 953 840 rursum
966 814 1005 840 sic

217 858 363 892 inscriptus
383 858 468 892 lapis:
490 857 635 885 Munditias
657 858 793 885 Mutuom":
824 859 898 893 ﬁlius
923 867 1006 885 annos

216 902 280 927 visit
298 909 363 934 χιιι,
379 906 516 937 noctesque
527 910 559 929 cx
576 908 599 930 et
613 910 683 930 tncc.
701 904 766 929 ltetn
784 903 871 931 alius:
900 903 1006 938 Dercyl-

218 946 250 973 Iis
264 946 401 974 Mnuwnis
412 948 470 982 ﬁlia
484 957 567 975 annos
586 948 650 975 vixit
668 956 749 975 xutx
766 954 904 983 noctesque
924 957 970 975 Lx.
982 954 1006 975 et

217 1000 285 1019 tocc.
311 991 410 1020 Sextus
438 1001 503 1020 vero
523 995 642 1021 tumulus
659 994 709 1021 hoc
730 994 924 1029 epigrammate
938 1004 947 1022 :
963 995 1008 1022 Di—

217 1039 276 1065 nias
291 1038 375 1065 Arcas
392 1039 458 1066 vixit
479 1047 562 1066 annos
589 1047 605 1067 c
621 1045 645 1066 et
669 1047 733 1068 xxv.
765 1039 813 1067 llis
843 1040 919 1068 lectis
944 1042 1006 1068 dum

217 1084 299 1110 animi
313 1084 430 1117 pendent
446 1084 637 1120 (praeterquam
651 1086 676 1112 in
689 1086 777 1120 primo
795 1087 909 1120 tumulo,
927 1087 1007 1121 cujus

217 1129 317 1156 clarior
330 1135 388 1156 erat
407 1130 523 1165 titulus),
535 1131 568 1157 ad
582 1131 712 1166 parietem
728 1132 914 1159 incideruutin
929 1140 1008 1159 arcu-

218 1175 271 1202 lam
281 1184 296 1203 e
309 1183 436 1211 cupresso
446 1176 616 1211 fabricatam,
624 1178 666 1204 cui
675 1179 714 1205 sic
723 1179 882 1213 inscriptum
893 1178 1008 1214 :Hospes

221 1222 339 1256 quisqui:
355 1229 390 1253 es,
404 1222 477 1255 operi
492 1226 522 1248 ut
535 1223 621 1249 discas
630 1231 688 1257 qua:
701 1223 855 1250 admiraris.

253 1268 355 1301 Aperto
367 1268 449 1302 igitur
462 1268 497 1295 ab
511 1268 658 1295 Alexandri
668 1270 750 1296 sociis
767 1269 907 1302 scriniolo,
924 1277 1009 1306 cypa-

220 1312 334 1339 rissinas
350 1313 490 1340 inveniunt
503 1314 626 1346 tabellas,
645 1321 724 1348 quas,
744 1318 773 1342 ut
794 1320 917 1349 apparet,
942 1316 1009 1343 Der-

219 1361 297 1397 cyllis
318 1360 352 1386 ibi
370 1359 455 1387 Dinize
467 1361 594 1387 mandato
608 1361 765 1388 collocarat.
785 1361 846 1389 Haec
864 1361 921 1389 fere
931 1364 1011 1390 uxori

219 1405 382 1432 scribemcm
399 1405 542 1439 Balagrum
561 1406 810 1440 inducit,-quodque
826 1407 1009 1442 cyparissinas

221 1452 286 1478 istas
308 1450 413 1477 tabulas
423 1451 622 1483 transcribens,
635 1452 723 1478 eidem
748 1453 856 1488 conjugi
876 1453 1007 1480 transmi-

221 1496 295 1523 serit.
312 1495 353 1521 Δί)
369 1495 419 1522 hac
444 1496 590 1523 occasione
608 1497 693 1523 l'erlur
717 1497 845 1531 deinceps
869 1497 958 1524 oratio
977 1498 1010 1525 ad

221 1541 440 1576 cupressinarum
471 1541 627 1574 lectionem,
658 1542 890 1578 scriptionemque
931 1545 1045 1582 tabu-c

222 1587 321 1618 larum.
338 1591 365 1613 et
381 1586 475 1614 Diuias
501 1594 609 1621 quoque
623 1587 701 1615 adest
725 1596 852 1622 narrans,
867 1597 927 1624 qua:
940 1597 1012 1624 prae-

223 1635 341 1662 diximus
357 1634 478 1670 Cymbaa.
497 1635 538 1662 Ad
562 1635 634 1662 hunc
649 1643 714 1672 ergo
731 1637 850 1669 modum,
872 1645 905 1664 ac
918 1638 952 1665 de
970 1638 1011 1665 his

224 1681 280 1709 fere
307 1682 386 1709 rebus
407 1681 538 1709 dramatis
554 1687 596 1709 est
612 1682 685 1709 ﬁctio
700 1683 733 1710 ab
748 1683 866 1711 Antonio
893 1683 1013 1718 Diogene

222 1728 380 1760 composita.

260 1771 371 1800 Videtur
385 1779 475 1801 autem
499 1774 556 1808 ipse
573 1779 694 1809 tempore
724 1775 798 1809 prior
815 1783 877 1803 esse
903 1776 936 1803 iis
965 1777 1013 1811 qui

224 1818 286 1845 talia
315 1819 435 1846 studiose
458 1821 649 1847 conlluxerunt
666 1820 734 1855 (50),
751 1825 780 1848 ut
806 1821 936 1854 Luciano,
955 1822 1009 1849 Lu-

224 1865 267 1892 cio
280 1865 356 1901 (3|),
375 1865 527 1894 Jamblicho
545 1866 613 1901 (52),
629 1867 733 1894 Achille
749 1867 827 1894 Tatio
839 1867 908 1902 (55),
923 1868 1014 1895 Helio-

225 1913 292 1939 doro
309 1912 378 1947 (54),
393 1917 475 1947 atque
489 1912 632 1939 Damascio
647 1912 716 1947 (55).
739 1912 807 1940 Nam
832 1918 860 1941 et
879 1913 1014 1941 Verarum

225 1957 335 1984 Luciani
352 1959 536 1987 narrationum
546 1964 568 1985 et
585 1959 853 1993 lrurtsformationum
868 1960 942 1987 Lucii
955 1961 1015 1988 fon-

227 2009 280 2030 tem
294 2004 366 2030 hunc
396 2010 424 2031 et
449 2005 567 2032 radicem
589 2005 701 2032 dixeris.
717 2005 786 2038 Quin
804 2010 938 2034 eteorum
955 2015 1015 2042 quae

225 2050 258 2076 de
275 2048 403 2077 Sinonitle
415 2057 447 2077 ac
460 2050 582 2083 Rodane,
595 2051 626 2078 de
640 2051 774 2087 Leucippe
790 2060 822 2080 ac
832 2053 1013 2088 Clitopltonte,

226 2095 259 2121 de
266 2094 409 2122 Chariclea
425 2103 458 2123 ac
473 2097 626 2132 Theagene,
641 2098 728 2132 deque
737 2098 807 2126 ﬁctis
819 2106 912 2126 eorum
923 2100 1014 2133 rebus,

225 2142 377 2174 erroribus,
393 2142 533 2173 amoribus
541 2151 650 2177 quoque
665 2148 693 2170 et
706 2149 784 2178 raptu
797 2147 878 2179 atque
889 2145 1015 2180 periculis

225 2189 376 2223 contposita
392 2194 466 2222 sunt,
481 2188 625 2225 Dercyllis,
636 2189 773 2226 Ceryllus,
783 2191 960 2219 Tltruscanus
982 2199 1015 2219 ac

228 2234 320 2262 Dinias
339 2234 492 2269 exemplum
508 2224 657 2269 praebuisse
668 2224 765 2262 merito
779 2236 888 2262 censeri
901 2240 1013 2270 queant.
1031 2224 1052 2251 Ῑ)

227 2280 285 2313 Qua
309 2280 546 2315 vet-oltempestate
562 2280 658 2316 112a
680 2280 832 2309 fabularum
852 2281 896 2308 hic
908 2287 1015 2315 auctor,

228 2325 359 2362 Diogenes
385 2327 430 2354 ille
454 2327 587 2354 Antonius
606 2327 714 2361 vixeritI
738 2334 790 2354 non
812 2328 899 2355 habeo
938 2333 1015 2356 certo

227 2372 371 2400 afﬁrmare.
390 2372 456 2399 Illud
469 2377 572 2399 tantum
590 2373 726 2406 conjicere
742 2373 834 2406 liceat,
850 2381 903 2401 non
917 2374 953 2401 ita
966 2375 1012 2402 diu

228 2424 288 2452 post.
305 2419 451 2446 Alexandri
473 2418 561 2453 Magni
587 2424 707 2454 tempora
727 2419 865 2450 ﬂoruisse.
890 2420 1016 2448 Meminit

228 2463 461 2499 itetnAntiphanis
476 2463 613 2498 cujusdam
626 2472 657 2491 se
679 2465 849 2499 antiquioris.
885 2473 965 2500 quem
990 2466 1015 2493 id

1048 263 1132 290 Φίλαν
1146 262 1277 298 τοῦνομα,
1295 263 1436 297 γράφοντα
1451 261 1586 296 (Θυγάτηρ
1600 261 1629 287 δὲ
1652 257 1686 296 ἦν
1711 261 1843 288 Ἀντιπά-

1048 318 1113 344 τρου
1133 308 1214 344 αὕτη)
1228 309 1269 336 ὅτι
1289 309 1340 343 τῆς
1353 308 1441 342 Τύρου
1459 307 1510 333 ὑπὸ
1532 306 1706 340 Ἀλεξάνδρου
1726 305 1772 333 τοῦ
1790 306 1844 341 βα-

1050 355 1146 385 σιλέως
1160 354 1323 382 Μακεδόνων
1338 354 1378 385 εἰς
1394 353 1494 380 ἅλωσιν
1514 353 1644 388 ἐλθούσης
1662 353 1710 379 καὶ
1725 353 1793 388 πυρὶ
1803 352 1845 379 τὰ

1050 401 1165 428 πλεῖστα
1176 400 1377 435 δαπανηθείσης
1390 400 1558 435 στρατιώτης
1569 396 1638 434 ἧκεν
1654 398 1692 430 ὡς
1704 399 1726 414 ¹⁶
1746 398 1845 431 Ἀλέξ-

1054 447 1166 482 ανδρον,
1192 447 1267 479 ξένον
1290 455 1317 474 τι
1348 446 1396 473 καὶ
1420 446 1572 480 παράδοξον
1598 444 1684 478 λέγων
1713 443 1845 479 μηνύειν,

1052 491 1120 519 εἶναι
1136 493 1164 519 δὲ
1181 493 1212 519 τὸ
1228 492 1317 527 θέαμα
1341 491 1390 526 τῆς
1410 491 1512 522 πόλεως
1525 491 1588 523 ἔξω.
1607 490 1637 517 '0
1661 489 1689 516 δέ
1714 489 1848 524 βασιλεὺς

1058 539 1244 574 Ἡφαιστίωνα
1271 539 1317 565 καὶ
1344 537 1526 573 Παρμενίωνα
1554 536 1776 572 συμπαραλαϐὼν
1803 535 1849 562 5!-

1054 593 1135 611 ποντο
1146 584 1183 619 τῷ
1195 584 1357 619 στρατιώτῃ,
1370 584 1417 610 καὶ
1430 582 1685 616 καταλαμϐάνουσιν
1697 581 1850 615 ὑπογείους

1053 631 1170 662 λιθίνους
1185 631 1204 646 ¹⁷
1220 631 1325 665 σοροὺς,
1340 627 1378 657 ὧν
1389 629 1472 664 ή”μέν
1488 629 1679 664 ἐπεγέγραπτο
1695 637 1704 653 ί
1720 627 1850 653 Λυσίλλα

1054 678 1119 703 ἐϐίω
1136 677 1183 711 ἐτη
1201 677 1282 703 πέντε
1304 676 1352 702 καὶ
1367 676 1513 711 τριήκοντα
1531 675 1563 707 ⁸⁸,
1582 684 1591 700 ι
1606 675 1622 709 ἠ
1646 674 1674 700 δὲ
1696 683 1705 699 ‹
1723 673 1852 699 Μνάσων

1055 723 1201 749 Μαντινίου
1211 722 1276 748 ἐϐίω
1283 722 1329 757 ἐτη
1343 725 1369 754 ς’
1383 722 1430 748 καὶ
1442 721 1461 753 ξ’
1474 720 1528 748 ἀπὸ
1539 721 1596 752 ἑνὸς
1609 720 1655 746 καὶ
1663 723 1711 752 θ’.»
1721 718 1783 754 [189
1795 717 1849 754 H.]

1056 770 1072 804 ὴ
1084 769 1112 795 δὲ
1127 778 1136 794 ι
1160 768 1302 803 Ἀριστίων
1312 767 1472 799 Φιλοκλέους
1485 767 1550 793 ἐϐίω
1560 767 1607 801 ἐτη
1624 766 1646 797 ζ’
1658 766 1704 792 καὶ
1718 764 1743 800 μ’
1755 765 1810 791 ἀπὸ
1822 762 1852 799 β’

1056 815 1103 841 καὶ
1116 817 1148 847 ν’,
1164 824 1173 839 ι
1189 814 1255 848 ἄλλη
1269 814 1296 840 δὲ
1313 823 1322 839 ι
1346 812 1494 844 Μαντινίας
1512 812 1660 842 Μνάσωνος
1679 810 1727 845 ἐτη
1740 810 1807 836 ἐϐίω
1823 809 1860 844 β’

1057 861 1104 886 καὶ
1118 864 1143 895 μ’
1159 859 1207 886 καὶ
1225 859 1325 890 νύκτας
1341 858 1361 891 ξ’
1375 859 1422 885 καὶ
1442 858 1480 892 ψ’·
1496 867 1505 883 ι
1527 857 1608 891 ἑτέρα
1629 856 1657 883 δὲ
1673 865 1682 882 ε
1697 854 1856 891 Δερκυλλὶς

1057 906 1205 936 Μνάσωνος
1213 905 1279 932 ἐϐίω
1295 905 1316 921 ¹⁹
1332 904 1380 939 ἐτη
1389 904 1412 930 θ’
1425 904 1473 930 καὶ
1487 903 1508 929 λ’
1521 903 1566 929 καὶ
1579 902 1679 933 νύκτας
1691 902 1711 935 ξ’
1727 901 1774 927 καὶ
1783 899 1824 934 ψ’,
1837 909 1850 925 ο

1057 953 1073 985 ἡ
1091 951 1118 977 δέ
1134 951 1200 985 ἓκτη
1216 951 1294 986 σορὸς
1311 959 1320 975 ‹
1339 951 1446 981 Δεινίας
1465 949 1564 984 Ἀρκὰς
1584 948 1651 974 ἐϐίω
1665 947 1711 982 ἐτη
1725 950 1744 972 ε’
1762 947 1810 972 καὶ
1822 949 1853 972 κ’

1058 997 1105 1024 καὶ
1121 1000 1152 1031 ρ’.
1168 1006 1177 1022 ι
1187 997 1296 1028 Τούτοις
1306 995 1499 1031 διαποροῦντες
1510 994 1635 1030 πλὴντῆς
1644 993 1755 1029 πρώτης
1765 991 1854 1027 σοροῦ

1059 1043 1156 1077 (σαφὲς
1171 1042 1225 1078 γὰρ
1248 1043 1278 1069 τὸ
1297 1042 1406 1076 ἐκείνης
1425 1041 1589 1075 ἐπίγραμμα
1603 1041 1637 1074 η)
1653 1039 1856 1073 ἐντυγχάνουσι

1058 1089 1133 1116 παρὰ
1148 1089 1228 1124 τοίχῳ
1244 1089 1266 1104 ³⁸
1283 1088 1403 1122 κιϐωτίῳ
1428 1087 1518 1122 μικρῷ
1539 1086 1705 1121 κυπαρίττου
1731 1093 1856 1118 πεποιη-

1059 1136 1142 1171 μένῳ.
1151 1132 1173 1169 ᾧ
1187 1135 1387 1170 ἐνεγέγραπτο·
1401 1133 1450 1161 «Ὦ
1459 1135 1527 1168 ξένε,
1543 1134 1617 1164 ὅστις
1630 1131 1787 1164 εἷ,άνοιξον,
1804 1131 1856 1157 ἶνα.

1060 1181 1147 1217 μάθῃς
1163 1181 1181 1208 ἃ.
1197 1181 1357 1215 θαυμάζεις.
1377 1189 1387 1206 ι

1101 1269 1268 1301 ’Δνοίξαντες
1283 1266 1330 1295 οὖν
1347 1268 1372 1295 οἰ
1383 1269 1447 1304 περὶ
1465 1267 1640 1303 Ἀλέξανδρον
1654 1267 1685 1293 τὸ
1709 1266 1855 1297 κιϐώτιον,

1061 1315 1216 1351 εὑρίσκουσι
1233 1314 1283 1346 τὰς
1297 1314 1493 1349 κυπαριττίνας
1508 1313 1626 1344 δέλτους,
1643 1313 1677 1344 ἃς
1698 1313 1746 1347 (ὡς
1763 1312 1858 1347 ἔοικε)

1060 1362 1194 1396 κατέοηκε
1203 1360 1350 1395 Δερκυλλὶς
1365 1360 1437 1386 κατὰ
1447 1359 1496 1390 τάς
1507 1359 1618 1390 ἐντολὰς
1630 1358 1743 1385 Δεινίου.
1755 1357 1857 1384 Ταῦτα.

1060 1408 1200 1443 Βάλαγρον
1214 1406 1319 1440 εἰσάγει
1334 1407 1367 1441 τῇ
1385 1406 1495 1440 γυναικὶ
1515 1405 1668 1439 γράφοντα,
1685 1404 1733 1430 καὶ
1746 1404 1786 1430 ὅτι
1799 1403 1859 1434 τὰς·

1060 1453 1271 1488 κυπαριττίνους
1292 1453 1401 1483 δέλτους
1427 1451 1672 1486 μεταγραψάμενος
1686 1449 1855 1484 διαπέμψειε

1061 1502 1094 1536 τῇ
1112 1499 1233 1534 γυναικί.
1247 1499 1302 1526 Καὶ
1315 1497 1409 1525 λοιπὸν
1423 1497 1559 1524 εἰσϐάλλει
1570 1498 1593 1513 ²²
1608 1496 1732 1523 ἐντεῦθεν
1745 1497 1759 1522 ὁ
1770 1495 1860 1529 λόγος

1061 1548 1100 1577 ei;
1112 1546 1161 1582 τὴν
1171 1546 1225 1573 τῶν
1237 1545 1438 1581 κυπαριττίνων
1451 1544 1549 1570 δέλτων
1562 1543 1716 1577 ἀνάγνωσιν
1727 1542 1773 1569 καὶ
1783 1550 1860 1576 γρα-

1063 1592 1127 1628 φὴν,
1142 1593 1188 1618 καὶ
1203 1592 1319 1627 πάρεστι
1333 1591 1440 1622 Δεινίας
1463 1589 1565 1625 Κύμϐα
1587 1589 1765 1624 διηγούμενος
1779 1588 1859 1622 ἅπερ

1063 1639 1236 1673 προείρηται.
1254 1637 1333 1665 Οὕτω
1360 1637 1410 1672 μὲν
1426 1634 1472 1663 οὖν
1495 1636 1543 1663 καὶ
1566 1636 1612 1662 ἐπὶ
1629 1635 1735 1666 τούτοις
1758 1635 1774 1669 ἡ
1797 1633 1862 1660 τῶν

1063 1684 1211 1719 δραμάτων
1235 1683 1333 1715 πλάσις
1358 1682 1396 1718 τῷ
1423 1681 1559 1717 Ἀντωνίῳ
1584 1683 1703 1715 Διογένει
1728 1680 1860 1715 ἐσχημά-

1063 1739 1165 1757 τισται.

1102 1776 1180 1802 Ἐστι
1192 1775 1227 1808 δ’,
1246 1775 1284 1807 ὡς
1298 1775 1397 1806 ἔοικεν.
1411 1772 1490 1806 οὗτος
1499 1774 1589 1810 χρόνῳ
1601 1773 1787 1809 πρεσϐύτερος
1799 1772 1863 1799 τῶν

1064 1824 1099 1848 τά
1114 1821 1226 1848 τοιαῦτα
1249 1821 1455 1848 ἐσπουδακότων
1478 1820 1637 1852 διαπλάσαι,
1655 1817 1711 1846 οἷον
1734 1820 1863 1845 Λουκια-

1064 1867 1123 1899 νοῦ,
1142 1868 1269 1897 Λουκίου.
1291 1867 1456 1902 Ἰαμϐλίχου⁷
1480 1866 1625 1901 ’Δχιλλὲως
1636 1865 1748 1897 Τατίου,
1764 1865 1864 1892 Ἠλιο-

1064 1914 1151 1950 δώρου
1171 1922 1201 1940 τε
1218 1915 1266 1940 καὶ
1280 1913 1439 1949 Δαμασκίου
1450 1921 1457 1929 ·
1474 1914 1522 1940 καὶ
1537 1914 1591 1948 γὰρ
1606 1912 1654 1939 τοῦ
1666 1912 1730 1947 περὶ
1744 1912 1864 1946 ἀληθῶν

1064 1960 1242 1996 διηγημάτων
1252 1959 1403 1987 Λουκιανοῦ
1416 1959 1464 1987 καὶ
1475 1960 1522 1986 τοῦ
1537 1960 1601 1995 περὶ
1614 1958 1867 1995 μεταμορφώσεων

1065 2007 1180 2033 Λουκίου
1196 2005 1272 2041 πηγὴ
1287 2006 1335 2033 καὶ
1347 2005 1410 2041 ῥίζα
1426 2005 1514 2032 ἔοικεν
1525 2003 1596 2032 εἶναι
1612 2004 1700 2031 τοῦτο.
1716 2004 1754 2031 Οὐ
1774 2003 1867 2039 μόνον

1065 2052 1093 2079 δὲ
1108 2051 1176 2078 ἀλλὰ
1191 2052 1239 2078 καὶ
1255 2051 1310 2079 τῶν
1327 2052 1391 2086 περὶ
1408 2051 1538 2078 Σινωνίδα
1556 2052 1603 2078 καὶ
1628 2050 1766 2085 Ῥοδάνην,
1783 2050 1864 2076 Λευ-

1065 2099 1171 2134 κίππην
1193 2107 1223 2126 τε
1249 2099 1297 2125 καὶ
1317 2098 1521 2133 Κλειτοφῶντα,
1545 2098 1594 2125 καὶ
1618 2097 1783 2133 Χαρίκλειαν
1809 2097 1867 2124 καὶ

1066 2146 1215 2180 Θεαγένην,
1235 2145 1289 2171 τῶν
1302 2153 1332 2172 τε
1347 2145 1411 2180 περὶ
1435 2145 1533 2176 αὐτοὺς
1554 2144 1721 2179 πλασμάτων
1744 2142 1865 2178 καὶτῆς

1067 2191 1171 2226 πλάνης
1195 2190 1304 2226 ἐρώτων
1328 2199 1357 2217 τε
1381 2191 1430 2217 καὶ
1456 2190 1584 2225 ἁρπαγῆς
1609 2189 1656 2216 καὶ
1680 2189 1823 2218 κινδύνων.
1840 2189 1863 2223 ἡ

1067 2236 1214 2273 Δερκυλλὶς
1227 2237 1273 2262 καὶ
1290 2235 1431 2271 Κήρυλλος
1442 2236 1490 2262 καὶ
1503 2234 1675 2270 Θρουσκανὸς
1692 2234 1739 2260 καὶ
1751 2232 1865 2264 Δεινίας

1068 2283 1174 2309 ἐοίκασι
1190 2281 1365 2316 παράδειγμα
1385 2280 1537 2315 γεγονέναι.
1555 2281 1607 2307 Τὸν
1625 2280 1720 2316 χρόνον
1734 2279 1774 2310 δέ,
1795 2278 1866 2305 καθ’

1066 2329 1096 2355 ὃν
1119 2330 1244 2364 ἦκμασεν
1268 2329 1282 2354 ὁ
1300 2327 1354 2354 τῶν
1379 2327 1548 2362 τηλικούτων
1573 2326 1740 2362 πλασμάτων
1766 2326 1865 2361 πατὴρ

1067 2374 1195 2409 Διογένης
1215 2374 1263 2400 ’⁸6
1282 2373 1433 2404 Ἀντώνιος,
1453 2372 1529 2399 οὖπω
1547 2381 1574 2399 τι
1595 2372 1679 2406 σαφὲς
1700 2372 1798 2406 ἔχομεν
1813 2371 1866 2398 λέ-

1069 2429 1138 2455 γειν,
1153 2420 1223 2455 πλὴν
1245 2419 1318 2446 ἐστιν
1342 2419 1564 2452 ὑπολογίσασϐαι,
1578 2418 1616 2450 ὡς
1637 2418 1668 2445 οὐ
1688 2418 1748 2444 λίαν
1764 2417 1866 2452 πόρρω

1069 2466 1123 2493 τῶν
1136 2466 1239 2501 χρόνων
1254 2467 1302 2492 τοῦ
1324 2465 1457 2500 βασιλέως
1480 2464 1664 2500 Ἀλεξάνδρου.
1684 2464 1867 2498 Μνημονεύει

890 2533 1007 2563 VABIIE
1024 2533 1173 2562 LECTIUN
1180 2534 1231 2561 ES.

271 2590 291 2604 "‘
307 2589 356 2625 ὡς]
373 2590 441 2625 πρὸς
456 2589 489 2617 Α.

229 2633 314 2656 σωιος
330 2623 360 2656 ςζ
395 2623 421 2640 ῖο
437 2625 544 2661 ἐκείνης
558 2623 592 2660 ἦν
608 2623 748 2661 ἐπίγρίςι
787 2626 808 2641 ²¹
824 2631 912 2662 τοῖχον
926 2636 956 2659 ς.

547 2590 572 2627 "_
582 2589 710 2627 λιθίνους]
729 2591 821 2627 quidni
836 2591 938 2622 λιθίνας
948 2591 960 2618 ?
971 2598 997 2618 et
1014 2592 1077 2619 inl'r.
1105 2591 1311 2627 κυπαριττίνας.

1366 2590 1387 2607 ¹³
1405 2592 1553 2627 τριάκοντα
1569 2601 1599 2624 ς.

1653 2593 1673 2609 ¹⁹
1691 2591 1755 2619 ἐϐίω
1783 2592 1868 2623 Μνά-

1005 2629 1026 2644 ²¹
1041 2628 1169 2663 ἐμϐάλλει
1189 2636 1219 2659 ς’.
1251 2628 1272 2643 ’³
1287 2629 1301 2653 ὁ
1313 2633 1376 2654 ante
1393 2629 1520 2663 Διογένης
1536 2629 1611 2662 ponit.
1628 2628 1661 2656 A.

984 2687 1100 2715 NOTAE.

267 2729 322 2764 (29)
336 2729 575 2768 Jacuerttnt__enim
590 2731 697 2768 mortui
707 2735 762 2758 toto
774 2739 807 2758 eo
822 2737 944 2767 tempore
964 2742 1018 2768 quo

229 2764 374 2792 Monunius
390 2771 470 2800 atque
484 2765 615 2800 Dercyllis
632 2767 657 2792 in
676 2766 781 2793 Thulen
808 2764 892 2802 usque
908 2764 1018 2795 uber-ra-

231 2805 305 2837 t'nttl,
321 2802 407 2827 donec
426 2807 485 2833 post
501 2803 535 2827 ad
551 2803 645 2830 horum
661 2803 776 2829 teditutu
798 2806 967 2837 revixerunt,
988 2808 1017 2830 ut

230 2836 364 2866 tubulatnr
379 2844 469 2868 supra.

266 2871 323 2906 (5U)
336 2870 373 2898 De
388 2871 485 2905 quibus
495 2879 585 2906 supra.

1104 2734 1159 2769 (δι)
1173 2734 1241 2761 eoi.
1258 2734 1322 2761 523.

1103 2770 1159 2802 (δε)
1176 2770 1241 2796 om.
1264 2770 1310 2796 9t.

1102 2805 1157 2837 (57))
1174 2805 1240 2830 Coti.
1254 2805 1298 2830 8'3.

1100 2840 1156 2871 (5h
1171 2840 1237 2866 (ἱρά.
1253 2839 1296 2866 73.

1103 2875 1158 2910 (ass)
1177 2875 1242 2902 Cod.
1268 2875 1325 2903 130.
