1923 3091
256 172 291 204 79
818 165 951 195 PHOTII
966 165 1061 195 PATR
1067 164 1217 195 IARCH/E
1235 166 1289 196 (ΣΡ.

1828 162 1900 195 480

238 229 352 256 loribus.
375 227 419 255 17,
445 227 484 255 De
508 225 640 253 mistione
670 229 696 251 et
724 227 951 257 temperamento.
980 222 990 248 Ι

1143 228 1223 253 σεως,
1243 221 1371 248 Είκοστδν
1393 220 1422 248 δὲ
1451 219 1516 255 περὶ
1535 219 1670 254 γενέσεως
1689 218 1738 245 xui
1756 219 1898 254 φθορᾶς,

242 275 279 300 lic
292 281 386 305 vacuo,
402 274 471 304 loco,
488 277 516 300 et
527 271 626 305 spatio.
641 270 686 297 l9.
705 269 741 297 De
757 274 841 295 motu.
856 267 903 295 20.
917 267 954 294 De
964 272 1027 294 ortu

244 325 326 354 atque
337 319 459 346 interitu.
471 319 517 346 21.
529 317 568 345 De
580 318 678 343 numdo
690 324 697 347 ;
709 315 936 346 et,Animatusne
949 313 987 340 sit
997 321 1028 341 ac

242 364 416 391 Providentia
431 357 551 398 regatur,
568 367 650 397 atque
661 361 705 388 ubi
722 360 901 395 principatum
917 359 1027 392 habeat,

242 416 268 438 et
290 412 362 438 unde
388 411 535 438 nutriatur.
552 409 598 436 2'2.
626 409 663 434 De
685 407 778 434 mundi
803 406 920 439 ordine;
938 410 966 432 et
988 405 1028 432 An

242 464 325 483 unum
348 457 384 483 sit
404 457 571 483 universum.
588 454 634 483 Ξῖ).
650 453 688 480 De
704 453 765 481 caeli
781 458 879 480 natura
905 459 937 479 ac
959 451 1029 479 divi-

241 503 328 529 sione.
352 502 398 529 οι.
417 501 455 528 De
471 501 590 528 siderqu
612 506 719 532 natura,
733 500 830 535 ﬁgura,
843 503 929 530 motu,
943 498 1030 533 signi-

241 549 378 575 ﬁcatione.
402 548 449 575 25.
477 548 516 574 De
549 547 615 575 solis
640 552 748 578 natura,
774 545 971 580 magnitudine,
999 543 1031 570 ﬁ-

242 603 320 628 gura,
348 594 582 625 conversionibus,
621 593 748 623 defectu.
775 592 861 627 signis
885 595 914 618 et
943 593 1028 618 motu.

241 640 287 666 $6.
316 640 353 666 De
380 639 449 667 lunae
468 645 575 672 natura,
593 639 787 675 magnitudine,
810 639 894 673 ﬁgura
916 643 943 665 et
968 637 1030 664 illu-

241 686 384 717 stratione,
419 686 505 720 deque
526 685 631 719 eclipsi,
652 685 772 719 ejusdem
806 684 947 712 intervallo
962 684 1029 719 (42),

244 739 276 758 ac
291 731 385 765 signis.
401 731 446 758 27.
461 732 498 758 De
512 730 596 758 lactea
619 732 671 758 via.
686 731 732 758 28.
749 730 785 757 De
800 731 924 762 cometis,
941 733 1031 757 trans-

240 777 398 804 volmrtibus
424 777 520 809 stellis,
545 784 577 804 ac
604 777 751 804 similibus.
770 776 816 803 29.
831 776 870 804 De
893 777 1030 810 touitruis,

243 823 404 856 fulguribus,
423 822 592 854 fulminibus,
611 823 697 857 igneis
712 823 877 855 turbinibus,
893 827 920 849 et
937 822 1032 857 typho-

242 867 404 903 nibus(l5).
419 868 464 895 50.
491 868 529 895 De
549 868 632 900 iride,
657 868 691 895 de
712 875 828 900 comna,
860 869 975 903 pareiio,
998 875 1031 896 ac

240 914 334 948 virgis.
353 914 397 941 51.
415 914 480 941 Item
505 915 538 941 de
557 914 685 946 nubibus,
699 915 807 947 nebula,
825 914 935 948 pluviis,
959 921 1029 947 rore,

241 960 318 993 nive,‘
339 960 445 994 pruina,
471 966 499 987 et
523 960 665 996 grandine.
689 960 735 987 52.
760 961 796 987 De
812 961 910 987 ventis.
934 960 977 987 53.
994 961 1031 987 De

240 1000 315 1032 terra
334 1013 342 1032 :
356 1006 428 1032 sitne
449 1013 513 1037 una,
528 1011 556 1033 et
573 1007 658 1033 ﬁnita.
674 1006 719 1033 54.
735 1006 848 1039 Quantae
864 1007 1030 1040 magnitudi—

241 1051 284 1078 nis
299 1056 371 1078 terra
382 1051 429 1082 sit,
450 1051 537 1085 deque
554 1052 613 1085 ejus
637 1052 702 1079 situ.
717 1052 764 1079 55.
790 1053 826 1079 De
843 1052 927 1087 ﬁgura
946 1052 1030 1086 ipsius

240 1103 331 1124 terrae.
345 1097 391 1124 56.
410 1097 513 1125 Fixane
524 1102 596 1125 terra
613 1098 650 1125 sit
673 1105 755 1132 atque
776 1097 899 1130 immota,
921 1106 954 1124 an
973 1106 1032 1124 mo-

243 1144 314 1171 bilis.
332 1145 378 1172 ⁸57.
396 1145 433 1172 De
454 1151 535 1172 terra:
559 1150 644 1173 motu.
670 1145 716 1173 58.
738 1146 776 1172 De
803 1146 886 1177 mari;
911 1152 1030 1178 quonam

243 1196 321 1223 pacto
341 1196 424 1218 aestus
437 1190 495 1225 ejus
507 1191 596 1218 “modo
613 1193 733 1224 recedat,
751 1192 830 1218 modo
848 1192 968 1218 accedat.
985 1190 1030 1217 39.

243 1238 280 1263 lle
293 1238 382 1272 aquis.
400 1238 447 1264 40.
469 1237 507 1264 De
526 1238 662 1265 universo.
678 1238 723 1265 Μ.
743 1238 779 1265 De
798 1243 909 1268 natura,
926 1237 1030 1264 causis.

242 1289 294 1315 que
310 1290 342 1309 ex
361 1290 392 1309 ea
411 1283 490 1309 ortis.
508 1283 551 1309 42.
574 1283 610 1310 De
629 1283 808 1310 animantium
835 1283 1023 1318 generatione.

242 1329 405 1362 cu'terisque
417 1327 484 1363 (44).
501 1328 547 1355 45.
562 1329 634 1361 Quot
650 1329 705 1355 sint
719 1328 895 1355 animantium
912 1335 1010 1362 genera
1023 1336 1029 1353 :

243 1379 281 1405 et,
298 1374 338 1400 An
358 1375 450 1400 omnia
471 1375 576 1401 ratione
608 1382 745 1408 sensuque
773 1373 903 1408 praedita?
926 1373 973 1400 44.
995 1373 1032 1400 De

244 1426 342 1445 somno
357 1424 384 1446 et
400 1425 498 1446 morte.
523 1419 569 1446 45.
590 1418 628 1446 De
640 1419 771 1453 stirpibus
785 1418 851 1454 (45).
865 1419 910 1446 46.
928 1420 963 1446 De
975 1419 1033 1445 ani-

245 1466 377 1491 mantium
401 1466 579 1497 nutrimento,
603 1465 757 1499 edendique
781 1465 913 1498 appetitu.
932 1465 976 1492 47.
994 1465 1032 1492 De

245 1516 340 1537 natura
359 1511 489 1538 hominis.
506 1511 551 1539 48.
571 1513 608 1538 De
625 1517 725 1538 mente.
741 1511 784 1539 49.
803 1511 840 1538 De
857 1512 947 1538 auium
963 1511 1030 1547 (46).

1078 268 1144 302 περὶ
1160 267 1274 302 κόσμου,
1288 266 1336 292 καὶ
1351 267 1376 292 ει
1389 265 1511 300 ἔμψυχος
1524 265 1572 291 xui.
1590 264 1704 300 προνοίᾳ
1720 265 1902 299 διοικούμε-

1079 320 1134 343 νος,
1147 313 1194 340 xui.
1211 311 1263 339 ποῢ
1286 311 1342 347 ἔχει
1363 312 1394 338 τὸ
1410 311 1583 346 ἡγεμονικὸν,
1597 311 1646 338 καὶ
1670 311 1752 337 πόθεν
1777 311 1901 346 τρέφε-

1078 365 1141 385 ταιο
1159 357 1224 394 περὶ
1248 357 1352 391 τάξεως
1372 357 1420 384 τοῦ
1435 358 1540 393 κόσμου
1551 366 1559 374 ο
1575 358 1600 384 εί
1614 357 1644 384 ἓν
1662 357 1692 384 τὺ
1716 357 1772 384 πᾶν
1784 366 1792 373 -
1811 358 1901 392 περὶ

1079 404 1130 439 τῆς
1145 404 1261 440 οὐρανοῦ
1289 403 1384 436 οὐσίας
1410 404 1459 431 καὶ
1481 403 1661 438 διαιρέσεως·
1686 404 1750 438 περὶ
1777 404 1900 435 οὐσίας

1079 449 1188 485 ἄστρων
1203 449 1251 476 καὶ
1264 449 1412 485 σχημάτων
1423 449 1559 485 κινήσεώς
1570 458 1601 476 τε
1613 449 1660 476 καὶ
1672 449 1899 483 ἐπισημασίας-

1077 497 1145 530 περὶ
1162 495 1255 528 οὐσίας
1284 496 1358 531 ἡλίου
1379 497 1426 523 καὶ
1453 496 1585 531 μεγέθους
1611 496 1752 532 σχήματός
1773 504 1808 523 τε
1835 497 1900 522 καὶ

1079 542 1190 577 τροπῶν
1209 542 1256 568 καὶ
1270 541 1419 577 ἐκλείψεως
1434 542 1481 569 xui
1503 542 1627 578 σημείων
1645 543 1694 569 xui.
1717 543 1875 578 κινήσεως
1888 550 1900 558 ·

1081 588 1146 622 περὶ
1158 587 1274 624 σελήνης
1297 588 1391 619 οὐσίας
1406 587 1539 623 μεγέθους
1564 588 1613 614 xui.
1635 588 1776 623 σχήματος
1792 597 1901 622 φωτιο

1082 635 1158 670 σμῶν
1172 643 1213 667 τε,
1230 635 1276 661 καὶ
1294 634 1360 670 περὶ
1382 635 1529 669 ἐκλείψεως
1552 635 1600 661 xui
1614 635 1759 670 ἐμφάσεως
1776 635 1813 667 ³⁵,
1835 636 1899 662 καὶ

1081 681 1146 716 περὶ
1162 681 1364 715 ἀποστημάτων
1387 680 1434 706 καὶ
1456 679 1578 715 σημείων
1592 687 1599 694 ·
1625 680 1691 715 περὶ
1713 679 1871 714 γάλακτος
1887 689 1897 696 ·

1081 728 1146 762 περὶ
1168 727 1296 762 κομητῶν
1323 726 1370 753 καὶ
1396 726 1559 753 διαττόντων
1584 725 1631 753 xui
1642 726 1697 752 τῶν
1718 727 1869 753 τοιούτων
1888 735 1898 742 ο

1082 773 1147 810 περὶ
1165 773 1294 809 βροντῶν,
1319 773 1480 809 ἀστραπῶν,
1511 772 1663 808 κεραυνῶν,
1692 773 1899 808 πρηστήρων,

1078 819 1223 854 τυφώνων.
1238 820 1405 854 Τριακοστὸν
1416 819 1447 846 δὲ
1461 819 1527 854 περὶ
1544 819 1639 854 ἴριδος,
1665 819 1730 854 περὶ
1745 819 1808 846 ἅλω
1837 821 1898 847 καὶ

1080 866 1217 901 παρηλίου
1231 865 1279 892 καὶ
1300 866 1416 900 ῥάϐδων,
1433 866 1480 892 καὶ
1491 865 1522 900 δὴ
1545 866 1593 892 καὶ
1611 865 1676 901 περὶ
1691 865 1796 898 νεφῶν,
1813 866 1896 901 ὀμί-

1081 912 1159 948 χλης,
1177 911 1272 944 ὑετῶν,
1283 911 1390 947 δρόσου,
1408 911 1507 946 χιόνος,
1523 912 1639 947 πάχνης,
1654 912 1776 947 χαλάζης
1787 921 1795 928 ·
1811 914 1899 949 περὶ

1078 959 1209 993 ἀνέμων
1235 959 1300 993 περὶ
1313 958 1375 993 γῆς,
1400 958 1425 984 εἰ
1451 958 1500 993 μία
1519 958 1567 985 xui
1588 958 1788 994 πεπερασμένη
1801 967 1811 974 -
1837 960 1899 986 καὶ

1080 1003 1160 1040 {napi
1173 1003 1207 1040 ³⁸]
1232 1004 1310 1030 ποίου
1335 1003 1478 1038 μεγέθους.
1495 1003 1623 1040 καὶπερὶ
1648 1003 1750 1034 θέσεως
1774 1004 1897 1039 αὐτῆς,

1081 1051 1129 1077 καὶ
1143 1051 1207 1086 περὶ
1222 1051 1363 1085 σχήματος
1377 1050 1430 1084 γῆς
1445 1050 1478 1066 ³⁸⁸
1493 1050 1540 1076 καὶ
1555 1049 1660 1085 πότερα
1676 1050 1750 1085 μένει
1764 1051 1784 1085 ἡ
1807 1050 1856 1085 γῆ
1876 1051 1897 1087 ἢ

1081 1097 1214 1123 κινεῖται·
1231 1096 1295 1131 περί
1317 1104 1348 1122 τε
1365 1096 1487 1131 σεισμῶν
1500 1096 1521 1111 ³⁷
1538 1096 1604 1131 γῆς·
1619 1095 1667 1122 καὶ
1686 1096 1750 1130 περὶ
1773 1095 1899 1123 θαλάτ-

1080 1152 1141 1179 της,
1156 1144 1216 1174 πῶς
1237 1143 1365 1178 ἄμπωτις
1379 1143 1427 1170 καὶ
1451 1143 1617 1179 πλημμῦραι
1633 1143 1754 1177 γίνονται
1778 1151 1784 1157 ·
1811 1144 1898 1178 περὶ

1082 1189 1198 1222 ὑδάτων,
1212 1190 1277 1224 περὶ
1291 1189 1338 1216 τοῦ
1351 1189 1463 1222 παντὸς,
1476 1190 1542 1226 περὶ
1554 1189 1662 1224 φύσεως
1677 1190 1723 1216 καὶ
1734 1189 1792 1215 τῶν
1807 1198 1899 1226 συμ-

1083 1236 1229 1264 ϐαινόντων
1248 1237 1278 1268 ἐξ
1295 1236 1380 1271 αὐτῆς
1397 1237 1502 1268 αἰτίων,
1519 1236 1584 1271 περὶ
1600 1236 1649 1272 τῆς
1661 1236 1716 1263 τῶν
1731 1235 1814 1268 ζώων
1833 1245 1897 1271 γε-

1082 1283 1193 1314 νέσεως,
1209 1283 1258 1309 xui
1274 1283 1309 1309 τὰ
1322 1283 1386 1318 ἑξῆς
1396 1291 1403 1299 ·
1422 1283 1486 1319 [568
1502 1282 1549 1319 IL]
1560 1282 1631 1309 πόσα
1646 1282 1714 1317 γένη
1723 1282 1815 1315 ζώων,
1833 1284 1896 1310 καὶ

1082 1330 1108 1356 εί
1127 1330 1216 1356 πάντα
1234 1329 1332 1364 λογικά
1351 1329 1398 1356 καὶ
1414 1329 1549 1364 αἰσθητά·
1569 1329 1635 1365 περὶ
1656 1329 1740 1356 ὕπνου
1758 1329 1811 1356 καὶ
1829 1330 1895 1357 Θα-

1084 1377 1164 1403 νάτου
1177 1385 1183 1392 ·
1199 1377 1264 1412 περὶ
1287 1376 1390 1411 φυτῶν,
1412 1376 1479 1412 περὶ
1491 1377 1596 1412 τροφῆς
1617 1376 1666 1402 καὶ
1684 1376 1804 1411 ὀρέξεως
1822 1376 1895 1404 τῶν

1084 1423 1172 1455 ζώων,
1188 1423 1252 1458 περὶ
1274 1423 1381 1458 φύσεως
1409 1422 1570 1459 ἀνθρώπων,
1593 1423 1656 1458 περὶ
1672 1421 1730 1458 [191
1751 1421 1800 1458 IL]
1818 1423 1895 1455 νοῦ,

1084 1469 1150 1504 περὶ
1161 1469 1260 1504 ψυχῆς.
1284 1469 1349 1504 περὶ
1375 1468 1530 1504 αἰσθήσεως
1550 1468 1598 1495 καὶ
1619 1468 1765 1502 αἰσθητῶν,
1787 1469 1843 1495 καὶ
1863 1470 1896 1497 εί.

1084 1515 1194 1549 ἀληθεῖς
1211 1515 1238 1541 ui
1254 1514 1396 1550 αἰσθήσεις
1406 1523 1413 1530 ·
1429 1515 1510 1541 πόσαι
1525 1515 1595 1541 είσὶν
1610 1515 1639 1542 ui
1656 1514 1810 1550 αἰσθήσεις,
1832 1517 1895 1544 καὶ

245 1556 290 1583 50.
309 1556 346 1583 De
357 1557 492 1588 sensibus,
506 1562 534 1584 et
547 1564 675 1585 sensuum
687 1557 802 1593 objectis
818 1567 824 1585 :
837 1563 875 1591 et,
891 1558 931 1585 An
949 1559 1003 1585 etia

1136 1569 1165 1593 ις
1178 1560 1272 1592 οὐσίας
1291 1561 1339 1587 καὶ
1360 1561 1501 1596 ἐνεργείας
1525 1561 1645 1596 ἑκάστη·
1663 1560 1728 1596 περὶ
1750 1560 1895 1596 ὁράσεως

245 1609 318 1629 vera:
334 1603 391 1629 sint
416 1604 577 1630 seusiones?
594 1603 640 1630 51.
658 1603 729 1636 Quot
745 1604 798 1630 sint
822 1611 929 1633 sensus.
944 1603 1034 1638 cujus-

245 1656 297 1682 quc
314 1653 418 1675 naturae
436 1649 544 1682 singuli,
559 1656 640 1682 atque
655 1649 793 1677 eﬂicacim.
811 1649 856 1677 52.
874 1651 909 1676 De
925 1651 994 1682 visu,
1007 1656 1035 1678 et

246 1694 388 1726 speciebus
414 1694 575 1721 visibilibus.
591 1694 636 1722 5'5.
654 1694 692 1721 De
709 1695 814 1721 auditu.
840 1695 885 1724 54.
911 1695 947 1722 De
968 1697 1035 1723 odo-

246 1746 319 1767 ratu.
334 1740 378 1767 55.
391 1740 430 1767 De
443 1745 563 1775 gustatu.
579 1741 623 1768 56.
639 1741 678 1769 De
690 1746 774 1768 tactu.
787 1741 831 1769 57.
846 1741 885 1768 De
905 1750 985 1775 voce;
996 1747 1034 1775 et,

245 1787 287 1812 An
307 1787 430 1820 cerporis
443 1794 554 1821 expers,
568 1795 602 1814 se
619 1788 685 1822 quid
699 1788 736 1814 sit
752 1788 779 1814 in
799 1794 830 1814 ea
856 1788 1033 1823 prmcipuum.

246 1832 291 1860 58.
310 1832 346 1860 De
365 1833 570 1868 imaginatione,
591 1841 623 1861 ac
642 1834 808 1868 dijudicandi
829 1834 966 1862 facultate.
981 1834 1035 1861 Νο-

247 1887 311 1910 num
331 1887 396 1908 vero
410 1885 438 1907 et
453 1880 708 1916 quinquagesimum
722 1889 730 1908 :
746 1880 783 1908 De
796 1881 933 1916 opinione.
949 1881 1034 1909 Sexa-

246 1926 380 1961 gesimum
393 1925 513 1961 denique
530 1935 537 1954 :
555 1927 592 1954 De
610 1928 793 1961 respiratione
806 1932 887 1962 atque
900 1927 982 1964 [eius]
992 1928 1035 1954 af-

246 1972 421 1999 ter-tionibus.
436 1972 469 1999 Et
485 1973 541 2000 haec
557 1974 667 2008 quidem
682 1974 745 2001 libri
760 1974 840 2009 primi
858 1974 947 2008 capita
961 1979 1034 2007 sunt,

247 2019 364 2054 taliaque
386 2021 536 2053 continent,
553 2020 586 2047 ad
606 2025 730 2047 naturam
747 2019 874 2047 nimirum
895 2020 1036 2055 pertinen-

245 2068 293 2099 tia,
309 2068 386 2101 pauci
401 2067 621 2095 duntaxatinitio
630 2068 762 2102 exceptis,
776 2075 836 2102 qua:
850 2069 883 2095 ad
894 2060 1036 2103 metapliy;

246 2115 301 2140 sica
312 2114 446 2148 quispiam
456 2115 557 2142 rectius
567 2114 704 2142 retulerit.
717 2113 769 2141 Per
780 2115 839 2141 haec
853 2121 919 2149 ergo
934 2114 1035 2149 capita,

246 2168 276 2188 ut
296 2162 424 2194 diximus,
442 2168 564 2191 veterum
577 2164 738 2197 sententias,
752 2163 810 2191 sive
822 2163 1035 2196 consentientes,

1084 1607 1133 1634 xui.
1165 1607 1359 1643 κατοπτρικῶν
1388 1607 1553 1642 ἐμφάσεων,
1586 1607 1652 1643 περὶ
1680 1608 1781 1643 ἀκοῆς,
1812 1610 1896 1645 περὶ

1083 1654 1258 1689 ὀσφρήσεως,
1279 1654 1344 1688 περὶ
1356 1653 1489 1688 γεύσεως,
1507 1653 1573 1689 περὶ
1588 1654 1660 1688 ἁφῆς
1670 1661 1677 1669 ·
1695 1654 1759 1689 περὶ
1770 1656 1897 1690 φωνῆς,

1084 1700 1133 1727 xui.
1150 1700 1174 1726 εί
1188 1699 1334 1735 ἀσώματος
1349 1701 1365 1735 ἠ
1385 1700 1473 1736 φωνὴ,
1491 1700 1539 1727 καὶ
1551 1700 1579 1726 τί
1594 1699 1681 1735 αὐτῆς
1699 1700 1730 1728 τὸ
1743 1701 1896 1735 ἡγεμονι-

1085 1747 1147 1772 κόν·
1163 1745 1228 1781 περὶ
1242 1745 1393 1780 φαντασίας
1407 1745 1455 1772 καὶ
1469 1746 1613 1781 κριτηρίου
1624 1753 1632 1761 ·
1648 1745 1687 1772 νϐ’
1703 1745 1769 1781 περὶ
1785 1746 1897 1783 δόξης,

1085 1792 1132 1818 καὶ
1147 1792 1168 1825 ξ’
1185 1791 1250 1827 περὶ
1265 1792 1401 1827 ἀναπνοῆς
1416 1791 1464 1818 xui
1477 1792 1582 1819 παθῶν.
1596 1793 1651 1819 Καὶ
1668 1792 1703 1819 τὰ
1727 1792 1777 1828 μὲν
1792 1793 1849 1820 τοῦ
1867 1803 1888 1821 α

1086 1838 1190 1874 βιϐλίου
1207 1838 1344 1873 κεφάλαια
1359 1838 1479 1865 τοσαῦτα
1493 1838 1619 1874 καὶπερὶ
1634 1838 1749 1871 τούτων,
1765 1839 1817 1865 καὶ
1834 1840 1895 1876 δη-

1085 1884 1172 1911 λονότι
1189 1883 1302 1919 φυσικὰ,
1321 1884 1391 1920 πλὴν
1416 1885 1495 1911 ἐνίων
1518 1884 1572 1911 τῶν
1588 1885 1617 1911 ἐν
1642 1886 1726 1920 ἀρχῇ.
1740 1883 1758 1912 ἃ
1774 1885 1895 1920 μᾶλλον

1086 1929 1119 1957 ἄν
1133 1939 1174 1962 τις
1189 1931 1228 1961 είς
1242 1930 1275 1957 τὰ
1283 1930 1307 1945 ³⁸
1324 1931 1393 1965 μετὰ
1402 1930 1436 1957 τὰ
1448 1931 1552 1964 φυσικὰ
1559 1930 1781 1964 ἀνάξοι.Τούτοις
1797 1931 1895 1965 δὲ,ὠς

1085 1977 1201 2012 ἔφημεν,
1226 1977 1275 2007 τὰς
1296 1977 1352 2004 τῶν
1370 1976 1495 2004 παλαιῶν
1521 1977 1610 2010 δόξας,
1636 1978 1691 2004 εἴτε
1713 1977 1895 2012 συμφώνους

1085 2023 1168 2056 οὔσας
1181 2024 1235 2050 εἴτε
1250 2024 1297 2051 xui
1306 2024 1328 2040 ”
1336 2024 1498 2058 διαφώνους,
1512 2024 1706 2059 παρατίθησιν,
1722 2024 1767 2050 Ἐν
1785 2025 1894 2059 μέντοι

1086 2071 1174 2106 τούτῳ
1182 2071 1221 2106 τῷ
1235 2070 1341 2106 βιϐλίῳ,
1351 2071 1403 2106 πρὸ
1415 2070 1462 2097 τοῦ
1477 2072 1533 2102 τοῖς
1549 2071 1704 2105 εἰρημένοις
1717 2071 1895 2105 κεφαλαίοις

1087 2116 1237 2149 ἐπιϐαλεῖν,
1248 2117 1312 2153 περὶ
1327 2116 1373 2143 δύο
1383 2116 1537 2151 κεφαλαίων
1545 2116 1735 2151 διαλαμϐάνει,
1744 2112 1783 2142 ὧν
1791 2117 1824 2143 τὸ
1837 2119 1896 2152 μὲν

1088 2162 1197 2194 ἔπαινός
1222 2164 1282 2189 ἐστι
1309 2162 1485 2197 φιλοσοφίας.
1505 2162 1553 2188 xui
1578 2160 1656 2193 οὗτος
1683 2163 1716 2188 ὲκ
1742 2161 1896 2199 διαφόρων

246 2208 304 2236 sive
329 2214 512 2244 repugnantes
530 2210 659 2244 legendas
679 2209 802 2237 Stobaaus
827 2209 962 2244 apposuit.
980 2208 1002 2236 Η

1135 2208 1164 2244 τῷ
1179 2207 1424 2243 συνηρανισμένος,
1444 2208 1475 2234 τὸ
1493 2207 1522 2235 δὲ
1538 2208 1603 2243 περὶ
1616 2208 1671 2235 τῶν
1686 2207 1746 2235 κατ’
1760 2209 1857 2244 αὐτὴν
1870 2211 1894 2226 ⁸⁸

246 2254 306 2289 ipso
321 2260 412 2284 tamen
423 2256 656 2290 liliro,anterptam
675 2264 718 2289 ea,
730 2264 790 2291 qua:
806 2257 886 2283 modo
900 2255 1033 2288 recensui,

247 2303 419 2336 aggrediatur
433 2304 533 2337 capita,
552 2303 650 2338 113a
665 2303 699 2330 de
716 2303 776 2329 aliis
788 2303 893 2330 duobus
915 2302 1035 2331 disserit.

247 2349 368 2382 Quorum
383 2351 500 2385 primum
512 2351 688 2385 philosophiae
700 2349 818 2377 laudatio
828 2354 881 2380 est,
892 2354 919 2376 et
928 2356 958 2375 ea
972 2349 1034 2384 qui-

1092 2255 1296 2290 συνεστηκυιῶν
1315 2255 1458 2290 αἱρέσεων.
1483 2255 1527 2281 Ἐν
1552 2251 1575 2289 ᾦ
1603 2255 1652 2281 καὶ
1681 2255 1746 2290 περὶ
1773 2264 1895 2292 γεωμε-

1091 2301 1169 2338 τρίας
1184 2302 1231 2328 καὶ
1247 2302 1379 2337 μουσικῆς
1394 2301 1442 2328 xui
1465 2301 1651 2338 ἀριθμητικῆς
1670 2301 1749 2335 δόξας
1765 2303 1897 2337 παλαιὰς

1090 2349 1306 2383 συναναγράιρει.

248 2396 308 2422 dom
322 2404 354 2422 ex
362 2397 445 2424 variis
453 2402 581 2431 congesta
596 2397 787 2431 scriptoribus.
798 2396 921 2423 Alterum
929 2402 994 2422 vero
1006 2395 1039 2422 de
1058 2396 1151 2426 sectis,
1169 2396 1263 2430 quzein
1278 2403 1307 2422 ea
1318 2395 1575 2431 conspirarunt.Ubi
1586 2395 1689 2430 pariter
1698 2398 1896 2432 vetcrumopi-

248 2447 344 2474 nioues
355 2446 388 2473 de
406 2446 565 2480 geometria.
585 2446 688 2474 musica
719 2450 747 2474 et
760 2446 932 2473 arithmetica
951 2443 1089 2471 describit.

911 2521 1030 2551 VARIAS
1054 2521 1262 2549 LECTIONES.

285 2587 307 2604 ³³
321 2585 416 2613 καινοῦ
431 2586 465 2614 Δ.
501 2586 525 2604 ³¹ο
537 2586 586 2613 xui
600 2585 748 2621 ἐμφάσεως
758 2584 820 2611 add.
844 2583 878 2611 Δ.

250 2622 272 2640 ³¹
287 2621 400 2657 σεισμοῦ
416 2630 454 2654 ςε
470 2621 608 2657 Θαλάσσης
618 2630 649 2654 ς.

928 2583 950 2599 ³⁵
965 2583 1030 2618 περὶ
1046 2588 1110 2610 ante
1125 2583 1202 2609 ποίου
1214 2583 1345 2617 εχῃιιιιιζίι
1359 2582 1392 2610 Α.

688 2620 711 2636 ³⁸
721 2620 758 2647 τὰ
769 2625 830 2655 post
845 2618 915 2655 μετὰ
927 2626 983 2645 orn.
1002 2626 1044 2653 pr.
1062 2619 1095 2645 Α.
1133 2618 1156 2633 ⁸⁸
1169 2619 1216 2645 καὶ
1229 2627 1284 2646 οιιι.
1302 2620 1333 2645 Δ.
1372 2618 1395 2634 ⁸⁸
1415 2619 1487 2647 κατὰ
1498 2619 1603 2656 ταύτην
1619 2628 1650 2652 ς.

1448 2583 1575 2622 ³⁵,γῆίΑ
1593 2593 1600 2611 =
1619 2583 1705 2620 αὐτῆς
1721 2584 1772 2622 τῆς
1787 2585 1845 2622 γῆς
1862 2595 1885 2620 ς

1027 2675 1144 2704 NOTAE.

289 2743 346 2775 (αἰεὶ)
361 2741 444 2769 Addit
458 2741 536 2768 Cant.
551 2741 620 2769 liber
633 2739 742 2768 Faciem
757 2749 764 2768 :
784 2740 817 2768 de
830 2747 884 2775 qua
900 2736 1040 2766 Plutarchi

251 2780 278 2808 in
297 2778 435 2811 opusculis
449 2777 563 2803 libi-llus.

1097 2735 1296 2769 inscribuntur,
1314 2737 1351 2764 De
1362 2737 1449 2764 causis
1461 2737 1645 2765 similitudinis
1659 2742 1813 2771 parentum,
1834 2744 1885 2762 Nn

1134 2771 1190 2806 (45)
1209 2772 1265 2799 lluc
1285 2773 1374 2800 refero
1391 2772 1502 2801 Canteri
1523 2773 1586 2800 illud
1606 2782 1614 2800 :
1632 2772 1772 2806 Quomodo
1794 2773 1855 2805 uir,
1867 2781 1897 2800 es

288 2807 346 2850 (Β)
362 2814 427 2848 περὶ
443 2812 620 2848 πρηστήρων.
637 2811 705 2840 Vide
721 2810 792 2838 Plin.
809 2810 857 2838 lib.
874 2818 904 2843 ιι,
929 2817 988 2845 cap.
1006 2809 1042 2836 48
1097 2807 1242 2850 doliturus!
1255 2808 1392 2850 animalia.

253 2855 278 2878 cl
294 2857 353 2881 scil.

293 2884 349 2920 (ii)
367 2883 525 2919 Cujusmodi
551 2883 607 2915 illa,
630 2891 689 2921 qum
718 2882 788 2918 apud
806 2881 867 2909 Gul.
893 2881 1042 2909 Cantcrum

1133 2843 1189 2879 (l6)
1205 2842 1243 2870 Dc
1260 2851 1314 2877 qua
1336 2844 1479 2872 duodecim
1501 2848 1635 2873 tractasse
1656 2843 1796 2871 Stohasurn
1814 2843 1891 2870 iudi«

1102 2886 1144 2907 cat
1158 2880 1237 2907 Cant.
1254 2879 1351 2907 codex.
