1923 3091
253 129 307 162 183

829 131 961 161 PHOTII
975 129 1230 162 PATRIARCHE
1245 129 1302 159 (ΖΡ.

1831 124 1887 161 181

254 185 395 219 improbis,
412 192 497 220 neque
513 185 593 213 abiis
617 185 777 213 bcneiicium
799 187 882 214 ullum
908 186 1236 222 accipiendutn.l)enique
1258 186 1291 213 de
1307 184 1472 220 gratitudine
1497 184 1566 220 (55).
1586 184 1674 220 Atque
1700 185 1757 213 luec
1780 193 1884 214 summa

252 233 370 267 capitum
386 232 494 259 secundi
513 233 582 259 libri.

294 279 402 306 Tertius
420 277 516 304 dehinc
531 277 619 311 capita
638 277 760 304 continet
772 285 826 305 xi."
840 277 906 312 (55).
920 277 1040 304 Primum
1056 280 1079 308 Α

253 326 287 353 de
302 325 413 352 virtute.
426 324 549 351 Alterum
565 325 597 350 de
610 323 687 359 yitio.
701 324 729 352 5.
745 323 783 350 De
797 325 950 358 prudentia.
964 325 990 351 4.
1005 325 1042 352 De

251 370 445 404 imprudentia.
458 369 483 396 5.
497 369 535 396 De
548 369 767 403 lemperantia.6.
777 369 814 397 De
825 369 1040 404 intemperantia.

251 417 277 443 7.
299 415 336 442 De
355 415 525 442 fortitudine.
544 414 571 441 8.
593 414 630 441 De
656 414 813 441 timiditate.
831 415 857 442 9.
878 414 1040 449 Dejuslitia.

251 462 296 489 10.
312 462 349 489 De
374 460 491 489 habendi
518 460 666 494 cupiditate
692 465 774 494 atque
789 460 930 494 injustitia.
946 461 987 488 11.
1005 460 1041 488 De

248 509 376 535 veritate.
387 508 430 534 12.
443 508 480 534 De
492 507 642 534 mendacio.
657 506 701 534 15.
715 506 753 534 De
768 507 892 542 loquendi
905 507 1038 535 libertate.

250 556 292 583 Η.
309 555 346 582 De
368 555 563 582 assentatione.
590 554 633 581 15.
652 554 689 581 De
712 553 912 588 prodigalitate.
940 554 981 581 16.
1003 555 1040 582 De

248 602 416 636 parcimonia
434 600 499 636 [seu
525 599 699 635 tenacitate].
717 600 760 627 17.
789 599 827 627 De
857 600 1036 628 continentia.

248 649 290 676 18.
307 647 345 674 De
357 647 564 674 ittcontinentia.
579 646 622 674 19.
639 646 674 673 De
688 646 817 680 patientia
831 645 890 682 [seu
906 646 1036 673 malorum

247 692 414 728 tolerantia].
435 692 482 719 20.
505 691 542 719 De
565 692 715 719 iracundia.
729 693 774 719 21.
793 692 830 718 De
851 692 1038 726 cognoscendo

245 741 376 773 seipsum.
402 739 447 766 22.
467 738 504 765 De
521 738 604 765 fastu.
637 738 684 765 25.
712 738 749 765 De
772 745 844 764 caaco
868 738 908 764 sui
932 742 1035 764 amore.

244 783 290 811 21.
308 783 346 810 De
359 783 540 811 conscientia.
559 782 604 810 25.
624 783 661 809 De
680 783 820 809 memoria.
841 782 886 808 26.
906 783 941 809 De
965 781 1036 808 obli-

244 830 336 857 vione.
354 829 400 856 27.
415 828 454 856 De
467 829 657 862 jurejurando.
674 828 720 856 28.
744 828 780 855 De
793 828 924 862 pet‘jurio.
938 828 983 855 29.
999 827 1036 854 De

245 875 346 902 laboris
378 875 478 902 studio.
509 874 554 901 50.
581 874 619 900 De
647 873 764 908 ignavia.
788 871 832 900 51.
855 873 891 900 Dc
919 873 1033 907 pudore.

244 921 290 948 52.
307 920 343 947 lle
365 919 548 953 impudentia.
565 919 610 946 55.
631 918 670 945 Dc
683 918 801 945 silentio.
819 916 919 944 51.'De
934 922 1034 950 tempe.

1134 277 1178 303 Ἐν
1203 276 1231 303 δὲ
1252 275 1290 311 τῷ
1312 276 1336 309 γ’
1352 275 1512 311 περιέχεται
1540 272 1678 309 κεφάλαια
1693 274 1760 309 MB’,
1777 276 1886 311 πρῶτον

1093 322 1157 359 περὶ
1169 322 1278 357 ἀρετῆς,
1292 317 1352 348 εἶτα
1367 321 1431 356 περὶ
1444 321 1554 352 κακίας,
1567 321 1632 355 περὶ
1642 322 1809 357 φρονήσεως,
1821 325 1887 359 περὶ

1092 365 1259 402 ἀφροσύνης,
1275 367 1339 401 περὶ
1356 365 1544 402 σωφροσύνης,
1562 366 1626 401 περὶ
1645 366 1805 400 ἀκολασίας,
1821 371 1888 404 περὶ

1091 410 1213 447 ἀνδρίας,
1226 409 1291 446 περ).
1306 409 1419 443 δειλίας.
1434 412 1499 445 περὶ
1509 412 1694 447 δικαιοσύνης,
1711 413 1774 448 περὶ
1788 413 1885 440 πλεον-

1091 459 1164 491 εξίας
1180 458 1227 485 καὶ
1240 456 1358 488 ἀδικίας.
1375 458 1440 492 περὶ
1455 457 1593 493 ἀληθείας,
1609 458 1673 491 περὶ
1682 457 1805 492 ψεύδους,
1819 462 1886 495 περῖ

1091 505 1265 540 παρρησίας,
1282 502 1346 538 περὶ
1372 503 1529 535 κολακείας,
1547 503 1612 539 περὶ
1637 503 1755 536 ἀσωτίας
1765 505 1797 537 ⁵⁸,
1818 503 1885 540 περὶ

1090 550 1244 584 φειδωλίας,
1273 548 1338 584 περὶ
1363 548 1537 584 ἐγκρατείας,
1560 550 1623 585 περὶ
1648 550 1795 586 ἀκρασίας,
1818 553 1887 586 περὶ

1089 592 1275 628 ἀνεξικακίας,
1301 594 1366 630 περὶ
1389 594 1484 629 ὀργῆς,
1501 594 1566 630 περὶ
1590 594 1637 622 τοῦ
1664 595 1748 630 γνῶθι
1774 597 1884 625 σαυτὸν.

1088 642 1153 676 περὶ
1171 641 1331 676 ὑπεροψίας,
1350 641 1415 677 περὶ
1431 641 1585 675 φιλαυτίας,
1605 642 1669 677 περὶ
1692 642 1738 669 τοῦ
1763 643 1886 670 συνειδὸ-

1087 696 1143 720 τος,
1168 684 1233 722 περ).
1259 690 1380 722 μνήμης.
1403 688 1468 722 περὶ
1492 686 1588 723 λήθης,
1612 688 1676 723 περὶ
1701 688 1792 723 ὅρκου,
1816 691 1884 724 περὶ

1086 733 1240 769 ἐπιορκίας,
1259 734 1323 769 περὶ
1341 731 1508 767 φιλοπονίας,
1528 735 1592 769 περ).
1614 734 1724 769 ἀργίας,
1748 735 1812 770 περὶ
1835 737 1884 762 αὶ-

1085 779 1159 811 δοῦς,
1171 780 1236 815 περὶ
1250 777 1400 810 ἀναιδείας,
1418 777 1481 815 περὶ
1500 781 1589 814 σιγῆς,
1605 781 1670 815 περ).
1680 780 1727 806 τοῦ
1743 781 1884 817 εὐκαίρως

1085 825 1186 859 λέγειν,
1215 826 1279 862 περὶ
1307 821 1499 861 βραχυλογίας,
1526 825 1590 861 περὶ
1614 825 1788 861 ἀδολεσχίας,
1815 828 1885 862 περῖ

1085 871 1280 908 χρηστότητος,
1320 873 1385 908 περὶ
1410 872 1524 906 φθόνου,
1550 872 1614 908 περὶ
1641 873 1787 909 πατρίδος,
1816 874 1886 909 περὶ

1086 917 1175 952 ξένης,
1193 918 1256 954 περὶ
1271 918 1446 954 ἀπορρήτων,
1460 920 1507 945 καὶ
1524 918 1568 953 μβ¹
1586 918 1651 954 περὶ
1665 919 1804 953 διαϐολῆς.

247 968 315 994 stiva
331 967 466 993 oratione.
480 965 525 992 55.
541 964 579 992 De
593 964 699 992 dicendi
716 963 859 992 brevitate.
876 962 924 991 56.
940 962 978 990 De
990 963 1149 998 garrulitate
1168 963 1236 999 (55).
1271 963 1318 991 57.
1343 964 1380 991 De
1409 965 1586 999 benignitate.
1618 964 1664 992 58.
1701 965 1738 992 De
1769 965 1885 998 invidia,

243 1016 290 1044 5').
309 1013 345 1040 De
361 1013 458 1047 patria.
472 1010 516 1038 10.
533 1010 570 1038 De
593 1010 733 1045 peregrina
761 1015 844 1037 terra.
863 1009 909 1038 £1.
929 1009 968 1038 De
980 1009 1100 1042 arcanis,
1119 1014 1148 1036 et
1161 1008 1206 1037 .12.
1226 1010 1263 1037 De
1279 1010 1428 1037 calumnia.

277 1059 372 1093 Quarti
388 1058 505 1092 denique
520 1057 579 1084 libri
593 1057 682 1092 capita
707 1056 765 1083 haec
780 1061 853 1083 sunt.
865 1056 986 1083 Primum
1004 1056 1032 1083 de

1124 1054 1165 1083 Τὰ
1177 1055 1206 1083 δὲ
1221 1056 1268 1083 τοῦ
1282 1057 1302 1082 δ’
1320 1056 1423 1092 βιϐλίου
1436 1056 1495 1083 ἐστὶ
1509 1055 1594 1084 ταῦτα
1605 1077 1612 1090 ,
1628 1057 1737 1093 πρῶτον
1750 1057 1816 1092 περὶ
1830 1067 1886 1084 πο-

241 1104 379 1139 republica
393 1102 461 1138 (56),
472 1102 586 1128 alterunt
598 1102 631 1128 de
653 1100 759 1136 legibus
782 1106 810 1127 et
823 1100 1028 1128 consuetudini-

242 1151 303 1177 bus.
317 1150 344 1177 5.
358 1149 394 1176 De
409 1149 486 1183 plebe
501 1147 572 1183 (57).
594 1147 622 1174 ι.
639 1146 676 1173 De
695 1146 851 1181 potentibus
867 1146 892 1173 in
909 1146 1029 1176 civitate.

241 1195 269 1222 5.
285 1195 323 1222 De
348 1194 521 1229 principatu;
543 1197 570 1219 et
597 1191 708 1225 Qualem
731 1199 793 1219 esse
818 1192 967 1226 principem
998 1199 1031 1219 ac

242 1241 432 1276 magistratum
448 1240 553 1266 deceat.
569 1237 595 1265 6.
617 1236 756 1273 Optimum
769 1244 828 1265 esse
850 1237 930 1264 unius
946 1237 1031 1271 impe-

242 1287 325 1314 rium.
339 1286 366 1313 7.
385 1284 473 1320 Regni
491 1283 698 1311 administrandi
715 1284 920 1318 praeceptiOnes.
940 1283 967 1311 8.
988 1283 1031 1310 Vi-

243 1331 377 1366 tuperatio
387 1331 547 1366 tyrannidis.
556 1330 583 1356 9.
594 1329 631 1357 De
645 1329 777 1356 bello.10.
785 1328 822 1356 De
833 1329 945 1357 audacia
963 1329 1028 1364 (58).

242 1379 286 1405 1l.
302 1379 339 1406 De
356 1378 498 1412 juvcntute
512 1376 580 1413 (59).
599 1377 643 1404 12.
661 1376 699 1404 De
717 1376 778 1403 belli
798 1376 1027 1410 imperatoribus;

241 1430 279 1457 et,
294 1425 330 1452 De
343 1425 375 1452 iis
384 1432 443 1459 qua:
453 1424 556 1451 militia:
567 1422 627 1450 usui
637 1430 695 1449 esse
704 1423 809 1457 possint
818 1428 952 1456 praecepta
962 1422 1028 1457 (60).

241 1470 286 1497 15.
304 1469 341 1497 De
355 1477 429 1503 pace.
447 1469 489 1496 14.
509 1469 546 1496 De
565 1468 759 1503 agricultura‘.
782 1468 824 1495 15.
839 1467 876 1494 De
897 1468 1029 1502 tranquil-

241 1515 325 1540 litate.
346 1514 391 1541 16.
422 1514 461 1541 De
487 1513 659 1548 navigatione
681 1514 720 1548 (et.
742 1512 904 1547 naufragio).
927 1513 970 1539 17.
993 1513 1030 1540 Dc

241 1560 372 1587 artibus‘.
388 1559 432 1587 18.
450 1559 489 1586 De
510 1559 627 1586 dominis
650 1563 678 1587 et
701 1559 795 1586 servis.
814 1559 856 1586 19.
872 1560 908 1586 De
926 1558 1029 1586 Venere

239 1605 343 1639 vulgari
357 1605 427 1640 (qua;
442 1604 627 1639 generationis
647 1605 772 1631 humana:
789 1604 847 1639 (6|)
860 1612 972 1631 causam
989 1604 1030 1631 1'0-

240 1651 307 1685 vet).
324 1650 370 1679 20.
389 1651 425 1678 De
448 1658 541 1677 amore
568 1650 734 1684 voluptatum
760 1651 883 1685 corporis
899 1650 967 1686 (62).
982 1651 1027 1678 21.

241 1696 280 1723 De
291 1695 524 1731 pulchritudiue'.
542 1695 588 1722 22.
607 1695 644 1722 De
667 1694 778 1729 nuptiis,
801 1699 828 1722 et
850 1694 910 1729 ejus
932 1695 1028 1728 capitis

1081 1101 1194 1134 λιτείας,
1208 1102 1333 1137 δεύτερον
1349 1103 1413 1138 περὶ
1429 1103 1519 1138 νόμων
1535 1103 1584 1129 κα)⁵
1596 1102 1683 1134 ἐθῶν,
1701 1104 1764 1138 περὶ
1778 1103 1884 1139 δήμου,

1081 1148 1145 1184 περὶ
1159 1147 1213 1174 τῶν
1228 1149 1256 1174 ὲν
1271 1150 1331 1179 ταῖς
1348 1148 1442 1175 πόλεσι
1455 1148 1620 1182 δυνατῶν⁸¹,
1637 1149 1702 1185 περὶ
1715 1149 1802 1185 ἀρχῆς
1812 1170 1820 1181 ,
1831 1151 1887 1177 καὶ

1081 1192 1146 1228 περὶ
1159 1192 1207 1220 τοῦ
1221 1193 1312 1219 ὁποῖον
1329 1193 1381 1228 χρὴ
1395 1191 1464 1220 εἶναι
1481 1194 1526 1220 τὸν
1539 1193 1667 1229 ἄρχοντα,
1680 1190 1719 1220 ὅτι
1735 1194 1889 1223 κάλλιστον

1081 1238 1098 1273 ἡ
1113 1238 1256 1273 μοναρχία,
1273 1237 1409 1272 ὑποθῆκαι
1427 1239 1492 1273 περὶ
1507 1239 1656 1274 βασιλείας,
1672 1236 1755 1274 ψόγος
1777 1244 1887 1275 τυραν-

1081 1283 1163 1315 νίδος,
1184 1283 1248 1318 περὶ
1267 1283 1387 1318 πολέμου
1398 1305 1405 1317 ,
1421 1284 1487 1320 περὶ
1503 1283 1606 1319 τόλμης
1619 1306 1626 1316 ,
1653 1285 1717 1319 περὶ
1741 1285 1886 1321 νεότητος,

1082 1330 1146 1365 περὶ
1163 1329 1334 1365 στρατηγῶν,
1352 1330 1398 1356 καὶ
1413 1330 1477 1366 περὶ
1490 1327 1544 1356 τῶν
1559 1330 1631 1357 κατὰ
1649 1330 1767 1366 πόλεμον
1779 1333 1889 1366 χρειῶν

1082 1376 1230 1410 ὑποθῆκαι,
1245 1376 1310 1412 περὶ
1334 1376 1454 1412 είρήνης,
1473 1376 1536 1412 περὶ
1559 1376 1706 1412 γεωργίας,
1721 1378 1785 1412 περὶ
1812 1378 1887 1412 ἠσυ-

1081 1423 1152 1458 χίας,
1170 1423 1234 1458 περὶ
1256 1423 1404 1454 ναυτιλίας,
1422 1423 1486 1458 περὶ
1510 1423 1623 1458 τεχνῶν,
1654 1424 1715 1459 περὶ
1740 1424 1888 1450 δεσποτῶν

1081 1469 1128 1495 καὶ
1151 1468 1262 1500 δούλων,
1281 1467 1346 1504 περὶ
1374 1469 1534 1504 Ἀφροδίτης
1559 1469 1700 1504 πανδήμου
1722 1469 1801 1496 καὶ⁸²
1816 1471 1889 1506 περὶ

1080 1514 1182 1550 ἔρωτος
1204 1514 1258 1541 τῶν
1280 1514 1350 1540 κατὰ
1374 1515 1404 1540 τὺ
1427 1514 1506 1549 σῶμα
1531 1514 1643 1549 ἡδονῶν,
1662 1516 1726 1548 περὶ
1748 1515 1885 1548 κάλλους,

1081 1561 1146 1596 περὶ
1160 1561 1261 1595 γάμου,
1276 1560 1325 1587 καὶ
1338 1560 1372 1587 τὰ
1387 1558 1450 1596 ἑξῆς
1466 1561 1512 1587 τοῦ
1529 1561 1677 1594 κεφαλαίου
1694 1561 1802 1588 τούτου.
1820 1562 1879 1589 Γα-

1082 1605 1149 1641 μικὰ
1166 1604 1460 1645 παραγγέλματαηκαὶ
1476 1607 1540 1641 περὶ
1558 1608 1670 1639 παίδων,
1686 1609 1734 1634 καὶ
1757 1608 1792 1634 τὰ
1816 1609 1886 1642 ἑξῆς

1079 1651 1126 1678 τοῦ
1143 1652 1292 1686 κεφαλαίου
1313 1652 1419 1680 τούτου.
1444 1653 1498 1679 Kc.)
1520 1654 1560 1680 ὅτι
1577 1653 1631 1689 χρὴ
1647 1654 1711 1685 τοὺς
1725 1656 1884 1691 γονεῖςιτῆς

1080 1697 1256 1733 καθηκούσης
1272 1698 1355 1732 τιμῆς
1375 1698 1567 1731 καταξιοῦσθαι
1584 1699 1660 1734 παρὰ
1680 1700 1734 1727 τῶν
1755 1701 1880 1728 τέκνων·

241 1747 337 1770 εωιεηι
356 1742 423 1778 (65).
435 1741 480 1769 25.
492 1741 670 1769 Connubialia
689 1746 832 1776 prmccpta.
845 1741 890 1767 24.
907 1741 943 1767 De
959 1740 1027 1767 libe-

1098 1743 1188 1775 ποίους
1206 1743 1258 1780 χρὴ
1281 1740 1349 1771 εἴναι
1369 1744 1432 1776 τοὺς
1449 1745 1571 1779 πατέρας
1586 1745 1699 1780 περὶτὰ
1714 1746 1883 1774 τὲκνα.”οτι

240 1789 289 1821 ris.
304 1793 331 1816 et
350 1789 409 1823 ejus
424 1788 531 1823 generis
545 1788 650 1823 reliqua
665 1786 733 1823 (65).
750 1787 797 1814 25.
815 1787 910 1814 Dehito
929 1794 1028 1821 paren-

1098 1787 1222 1816 άλλιστον
1238 1789 1255 1825 ἡ
1274 1790 1435 1824 φιλαδελφία
1458 1790 1506 1817 καὶ
1524 1792 1541 1826 ἡ
1558 1789 1622 1827 περὶ
1645 1793 1709 1824 τοὺς
1735 1795 1884 1828 συγγενεῖς

202 1860 205 1861 ,
242 1839 283 1861 tes
304 1834 406 1861 honore
430 1841 444 1860 a
464 1833 557 1860 liberis
580 1840 642 1860 esse
667 1833 821 1860 alliciendos
847 1832 897 1868 [ει.
920 1832 961 1859 An
982 1840 1029 1867 per

1098 1836 1208 1868 ιάθεσις.
1226 1837 1413 1871 υζκονομικός.
1432 1837 1500 1872 Περὶ
1514 1838 1672 1871 εὐγενείας,
1695 1839 1743 1865 καὶ
1758 1840 1794 1866 τὰ
1813 1840 1884 1874 ἑξῆς

240 1880 330 1907 omnia
354 1880 395 1907 eis
421 1879 532 1906 obedire
560 1878 729 1914 conveniat].
754 1879 800 1906 26.
822 1879 920 1912 Quales
935 1879 1029 1906 deceat

1098 1882 1124 1909 οὗ
1140 1881 1289 1917 κεφαλαίου
1308 1882 1402 1910 τούτου
1414 1891 1420 1898 ·
1440 1884 1505 1919 περὶ
1519 1883 1686 1918 δυσγενείας.
1705 1886 1773 1921 Περὶ
1793 1886 1885 1913 πλού-

239 1934 301 1954 esse
316 1930 442 1960 parentes
463 1933 525 1961 erga
546 1926 647 1954 liberos
660 1926 727 1961 (61),
743 1925 782 1961 [et
804 1926 875 1960 qttod
901 1925 1029 1958 utrinque

1098 1937 1135 1960 au,
1150 1928 1197 1954 καὶ
1209 1927 1243 1954 τὰ
1257 1927 1321 1963 ἑξῆς
1333 1927 1381 1955 τοῦ
1394 1929 1543 1964 κεφαλαίου
1556 1927 1650 1956 τούτου
1663 1938 1670 1945 ·
1685 1932 1748 1966 περὶ
1762 1932 1867 1964 πενίας
1877 1942 1886 1949 ·

239 1973 355 2000 naturali
388 1974 506 2007 quadam
538 1973 702 2000 necessitate
732 1978 826 1999 mutuo
845 1970 1024 2007 amciantur].

237 2019 282 2046 27.
306 2018 466 2046 Fraternum
490 2026 627 2052 amorem,
651 2023 678 2046 et
693 2019 775 2045 animi
799 2018 937 2051 allectum,
963 2025 1026 2053 erga

238 2069 370 2100 cognatos
387 2072 447 2092 esse
472 2065 694 2093 honestissimum
720 2063 858 2100 [quodque
882 2064 908 2090 lii
934 2071 1027 2090 neces-

238 2113 303 2139 sarii
323 2111 400 2148 δῖοι]
424 2111 471 2139 28.
491 2112 528 2139 De
554 2112 592 2139 rei
614 2111 755 2139 familiaris
779 2111 884 2138 tuenda:
912 2111 1024 2138 ratione.

238 2158 283 2186 59.
300 2158 337 2185 De
351 2158 492 2185 nobilitate
506 2157 624 2193 [nobiles
642 2157 702 2184 illos
714 2164 788 2188 esse,
806 2157 851 2192 qui
868 2163 899 2183 ex
918 2156 1026 2183 virtutis

1081 1974 1225 2009 σύγκρισις
1242 1974 1338 2007 πενίας
1361 1976 1408 2002 καὶ
1429 1976 1623 2004 πλούτου.’¹οτι
1639 1978 1652 2003 ὁ
1669 1977 1725 2012 βίος
1746 1976 1815 2014 [193

1080 2021 1184 2057 βραχὺς
1199 2021 1246 2048 καὶ
1261 2020 1410 2057 φροντίδων
1423 2022 1585 2057 ἀνάμεστος.
1604 2023 1667 2059 [572
1681 2021 1728 2060 Κ]
1745 2024 1817 2060 Περὶ
1832 2025 1887 2052 λῦ-

1080 2075 1144 2101 πης,
1161 2066 1201 2094 ὅτι
1225 2066 1287 2094 λίαν
1312 2067 1447 2103 μοχθηρά-
1471 2066 1538 2104 Περὶ
1559 2070 1638 2096 νόσου
1660 2071 1708 2096 καὶ
1732 2069 1836 2103 ἰάσεως
1847 2073 1885 2104 ³³,

1079 2112 1145 2147 περὶ
1159 2112 1264 2147 ὑγιείας
1280 2114 1325 2140 καὶ
1337 2113 1468 2150 διαμονῆς
1485 2115 1581 2150 αὐτῆς,
1601 2115 1664 2151 περὶ
1681 2116 1794 2151 ἰατρῶν.
1809 2119 1885 2154 Περὶ

1079 2155 1263 2193 εὐδαιμονίας,
1278 2159 1341 2193 περὶ
1356 2160 1583 2196 κακοδαιμονίας·
1601 2161 1641 2188 ὅτι
1653 2162 1783 2195 ἀϐέϐαιος
1795 2164 1812 2198 ὴ
1824 2165 1886 2190 τῶν

1079 2203 1232 2238 ἀνθρώπων
1244 2203 1394 2239 εὐπραξία·
1408 2206 1473 2241 περὶ
1487 2206 1543 2233 τῶν
1557 2206 1622 2242 παρ’
1635 2207 1714 2240 ἀξίαν
1725 2208 1885 2244 εὑτυλούν-

1077 2258 1149 2276 των·
1167 2251 1233 2286 περὶ
1259 2251 1314 2278 τῶν
1339 2251 1405 2287 παρ’
1420 2252 1499 2285 ἀξίαν
1522 2253 1742 2288 δυστυχούντων·
1768 2255 1813 2282 ὅτι
1841 2256 1886 2283 δεῖ

237 2205 394 2240 praescripto
411 2204 513 2238 vivant,
526 2205 636 2231 tametsi
653 2211 703 2231 nec
719 2203 799 2231 bonis
820 2202 939 2230 tuoribus
957 2209 1026 2236 prae-

236 2251 300 2278 ditis
315 2250 475 2286 parentibus
495 2250 549 2276 orti
572 2248 638 2285 sint]
657 2254 684 2276 et
708 2249 811 2276 relictui
835 2248 956 2283 ejusdem
979 2257 1024 2275 ar-

896 2315 1015 2343 VARle
1035 2316 1236 2345 LECTlONES:

524 2362 546 2378 ³¹
561 2361 683 2389 δυνατῶν
693 2361 738 2389 ΑΟ
751 2369 758 2388 :
772 2361 909 2389 δυναστῶν
923 2369 953 2394 ς.
990 2363 1013 2378 ³¹
1029 2362 1077 2389 καὶ
1092 2363 1153 2390 add.
1171 2363 1205 2391 Α.
1243 2363 1266 2380 ⁵⁸
1282 2364 1381 2391 ίάσεων
1397 2372 1428 2395 ς.

992 2420 1108 2448 NOTAE.

272 2468 329 2507 (55)
345 2468 435 2507 Unica
454 2469 480 2495 in
500 2468 615 2507 monade
637 2475 651 2495 a
670 2468 821 2507 superiore.
833 2466 1032 2507 calculo_aber-
1048 2468 1070 2496 ι)
1085 2466 1112 2494 in
1126 2465 1278 2507 iattdcmac
1290 2467 1517 2507 vituperationem
1532 2468 1692 2507 reperimus.

234 2505 367 2545 raviutits.
383 2505 424 2537 Qu
434 2512 483 2545 em_
496 2505 583 2545 facile
603 2511 727 2545 erronem
749 2502 890 2545 corrigelt.‘
903 2502 947 2536 qui
963 2502 1028 2529 olim
1123 2501 1179 2543 (59)
1192 2501 1221 2529 ltt
1239 2501 1404 2530 Stobaao’est
1419 2503 1474 2535 hic,
1490 2503 1528 2530 De
1543 2503 1645 2530 Militia
1664 2509 1687 2530 et
1699 2503 1804 2532 viribus
1816 2514 1887 2533 car-

236 2539 308 2567 httnc
324 2539 424 2566 librum
441 2540 520 2567 nobis
532 2541 666 2573 integrum
679 2538 705 2565 in
720 2538 805 2564 lucetn
819 2538 904 2564 dabit.

276 2573 333 2607 (54)
349 2573 414 2606 Qua:
430 2575 543 2613 totidem
560 2580 587 2601 et
604 2574 699 2600 iisdem
720 2572 1031 2613 insqutioniblts“Ser-

1099 2545 1175 2613 οἱξθ)
1190 2571 1333 2613 Fvulgatis
1344 2573 1420 2613 libris
1440 2572 1492 2600 hoc
1508 2572 1641 2613 additum.

239 2617 348 2636 manum
363 2610 485 2642 nomine,
504 2617 557 2636 una
579 2616 640 2635 cum
661 2613 760 2643 quarto
774 2607 843 2643 lib_ro
857 2607 929 2634 edita
953 2608 1030 2635 luere
1086 2607 1170 2643 “(61)
1191 2607 1218 2634 lu
1234 2607 1315 2635 editis
1327 2608 1425 2643 legitur
1440 2608 1602 2642 praecedenti
1617 2609 1708 2642 capite
1725 2614 1754 2636 et
1772 2610 1888 2637 suban-

245 2645 354 2678 szepius,
369 2644 463 2671 Graece
477 2645 608 2675 Venetiis.
618 2641 788 2671 Graico-Lat.
801 2641 966 2678 Tiguriinon
983 2650 1028 2669 se-
1077 2641 1165 2676 ditur;
1182 2641 1485 2677 Vitupemtio’Vem’rit,
1499 2649 1523 2671 et
1539 2645 1609 2678 quod
1624 2641 1709 2671 melli:
1726 2645 1761 2671 sit
1773 2654 1872 2677 amor,

1076 2686 1108 2704 ac
1122 2679 1263 2705 multorum
1274 2679 1405 2705 malorum
1418 2683 1520 2705 auctor.

1120 2713 1176 2749 (62)
1195 2713 1232 2739 De
1247 2714 1345 2747 quibus
1363 2721 1409 2740 sex
1425 2714 1523 2741 habent
1541 2715 1631 2749 capita
1650 2715 1713 2742 libri
1732 2716 1813 2742 editi.

1122 2748 1178 2784 (65)
1201 2749 1267 2782 Qua:
1287 2749 1348 2776 libri
1370 2749 1434 2776 editi
1462 2756 1510 2784 per
1534 2751 1585 2777 tria
1610 2751 1757 2777 distributa
1785 2755 1886 2786 capita

270 2365 292 2382 ”
308 2363 441 2394 ἀσωτείας
455 2371 486 2395 ς.

235 2677 289 2706 mel
315 2687 348 2707 ac
376 2680 494 2714 denique
518 2678 690 2707 Francol‘urti
714 2686 776 2705 cttm
808 2678 874 2705 Ant.
896 2677 1003 2705 Melissa
1018 2696 1025 2709 ,

236 2714 360 2750 aliisque
372 2715 552 2750 gnoinotogis.

276 2722 360 2776 isque
372 2722 552 2750 gnotnotogts.

272 2749 308 2784 (5.
323 2753 330 2782 )
351 2750 386 2776 De
398 2758 451 2783 qua
472 2749 610 2777 Plutarch.
625 2750 718 2776 etiam.

272 2785 328 2819 (56)
350 2784 436 2812 llodie
454 2785 480 2812 in
493 2786 601 2815 Su)me
618 2786 724 2819 vulgato
743 2792 834 2812 sermo
848 2790 890 2811 est
904 2785 949 2812 45.
1081 2784 1220 2819 exhibent.

273 2820 331 2854 (57)
347 2821 396 2852 Qui
413 2829 502 2848 sermo
519 2821 545 2847 in
560 2821 638 2847 libris
656 2818 738 2847 editis
753 2830 803 2847 nun
820 2826 919 2847 exstat.
1116 2819 1174 2854 (61)
1191 2818 1258 2846 ’l'res
1281 2819 1324 2846 hic
1352 2819 1470 2847 insertos
1495 2827 1638 2847 sermones
1661 2820 1706 2851 80.
1721 2819 1769 2851 81.
1786 2821 1836 2852 82.
1855 2822 1884 2847 in

273 2855 332 2890 (58)
350 2855 406 2883 Hoc
420 2855 498 2891 signo
515 2857 679 2888 notavimus,
690 2864 750 2890 qua:
766 2856 792 2882 iit
807 2855 888 2883 editis
901 2855 1027 2883 distincta
1080 2854 1156 2881 libris
1170 2854 1279 2882 aliunde
1299 2854 1453 2890 irrepsisse,
1463 2856 1520 2890 jam
1538 2863 1598 2890 sup.
1615 2856 1814 2884 indicat-imus.
