1923 3091
225 142 276 175 491

805 140 936 171 ΡΗΟΤΙῘ
953 139 1206 171 ΡΑΤΒΙΑΒΟΗΈ
1222 141 1276 171 CP.

1797 144 1849 176 492

226 200 284 227 haec
296 198 391 227 eadem
404 196 522 232 collegit.
539 196 674 224 Caeterum
689 197 755 224 utile
777 196 828 224 hoc
842 204 922 231 opus,
948 204 1009 224 cum

1066 196 1195 231 βασιλέων
1205 197 1252 223 καὶ
1261 196 1431 232 στρατηγῶν,
1442 197 1543 229 ταύτας
1553 198 1725 233 συνήθροισε,
1733 201 1850 230 τοσαῦτα

225 246 269 278 iis,
285 245 331 280 qui
347 244 442 272 horum
461 243 561 277 scripta
587 249 723 277 operaque
740 243 865 277 legerunt
891 242 958 278 (Π),
983 247 1013 269 ιιι

225 299 318 320 eorum
329 297 380 325 per
392 290 450 317 haec
463 288 594 315 memoria
610 292 766 321 renovetur,
781 293 838 315 tum
860 288 894 315 iis
908 288 935 315 in
958 288 1013 322 pri-

225 337 286 369 mis,
305 335 349 370 qui
365 342 420 362 non
445 334 580 369 legerunt,
596 333 668 367 quod
695 333 804 360 assiduo
827 339 888 360 sese
915 332 942 359 in
971 332 1013 359 his

224 381 386 412 exercendo,
403 380 479 407 brevi
494 378 638 406 admodum
651 383 773 412 tempore
786 377 898 412 pulchra
925 377 1011 405 multa

223 433 251 455 et
267 427 351 457 varia,
363 424 521 452 summatim
537 423 745 457 comprehensa,
761 427 852 449 meme
863 422 1011 449 recondere

223 480 283 500 cum
299 471 390 499 fructu
407 474 518 505 queant.
534 468 693 496 Communis
707 473 797 495 autem
810 468 933 503 utrisque
951 467 1009 495 haec

223 517 326 544 utilitas
349 516 470 549 accedet,
493 514 570 549 quod
595 521 655 549 quae
682 513 884 548 investigabunt
910 513 1013 547 absque

222 563 324 594 labore,
337 566 364 589 et
379 561 464 592 brevi,
479 564 508 587 ut
523 563 643 594 apparet,
658 558 792 585 inventuri
804 558 868 591 sint,
885 557 930 592 qui
952 564 981 584 se
996 565 1012 585 a

222 607 354 642 capitibus
377 606 419 633 his
436 605 469 632 ad
483 605 612 632 iusiorem
628 603 866 639 pertractationem
888 602 1012 629 conferre

223 654 323 681 volent.
339 652 395 680 lmo
414 650 442 678 e't
471 650 610 686 quibusvis
639 650 738 682 dicere,
754 653 782 676 et
790 649 909 676 scribere
920 648 1012 676 volen-

224 700 295 727 tibus
309 697 421 734 perutile
434 697 485 725 hoc
500 704 567 732 opus
599 696 718 725 futurum
728 696 764 723 sit
776 694 844 730 (78).

545 740 682 769 CLXV-Ill.

269 789 351 817 :Beati
366 788 462 816 Basilii
485 787 613 816 Seleucia;
627 787 739 822 episcopi
758 786 900 814 Orationes
913 794 956 814 xv.

259 869 348 896 Lectae
362 873 425 896 sunt
443 867 530 895 sancti
545 867 638 894 Basilii
654 867 774 902 episcopi
788 866 919 895 Seleuciae
937 865 1008 893 Ora-

224 918 307 944 tiones
318 915 473 950 quindecim
489 913 557 949 (79).
572 913 663 940 Prima
681 913 708 940 in
724 912 790 940 illud
805 922 821 947 :_
832 922 841 938 ι
859 912 889 940 in
906 912 1007 947 princi-

224 963 269 998 pio
290 962 355 990 fecit
371 960 442 989 Deus
464 960 562 988 coelum
577 963 604 987 et
629 964 742 987 terram.
760 969 770 985 ι
792 958 856 986 Post
883 959 954 986 hanc
981 959 1009 985 in

220 1010 335 1044 'Joseph,
351 1009 378 1036 in
394 1007 538 1039 Adamum,
557 1007 582 1033 in
597 1006 664 1034 Cain
676 1010 704 1034 et
727 1005 805 1039 Abel,
833 1006 861 1033 in
885 1005 1008 1033 Abraha-

225 1063 309 1088 mum,
333 1055 359 1082 in
385 1053 505 1090 Moysen,
539 1052 625 1080 Ellam
649 1052 745 1087 116a
761 1057 789 1079 et
811 1051 917 1079 Jonam.
944 1052 1009 1078 item

224 1108 295 1129 nona
313 1100 339 1128 in
359 1099 564 1127 Centurionem.
584 1098 692 1125 Decima
709 1099 737 1124 in
755 1098 820 1125 illud
837 1106 845 1125 :
865 1107 874 1123 ι
892 1096 1010 1132 Naviga-

226 1144 290 1170 bant
302 1141 427 1177 discipuli
455 1148 516 1170 cum
539 1139 649 1170 Jesu",
671 1148 680 1165 ι
712 1143 740 1167 et
763 1146 824 1174 quae
847 1144 1010 1173 sequuntur.

226 1188 328 1216 Deinde
344 1189 370 1215 in
390 1187 454 1215 illud
468 1196 475 1214 :
495 1196 504 1213 ι
523 1185 618 1214 Venite
635 1184 669 1212 ad
683 1192 738 1217 me,
753 1192 848 1212 omnes
865 1184 912 1219 qui
934 1184 1009 1211 labo-

227 1234 293 1261 ratis
319 1238 346 1261 et
357 1232 461 1261 onerati
481 1231 558 1263 estis,
574 1236 601 1258 et
620 1238 671 1266 ego
681 1230 801 1258 reﬁciam
815 1237 864 1256 vos
876 1229 909 1261 “,
931 1239 940 1254 ι
957 1234 1009 1256 etc.

226 1279 294 1305 Tum
321 1278 347 1304 in
370 1274 552 1304 Publicannm
578 1279 605 1302 et
628 1274 808 1302 Phariszeum.
833 1271 955 1307 ltemqtte
983 1273 1010 1300 in

228 1323 291 1351 illud
305 1331 312 1350 :
325 1331 334 1348 ι
348 1322 395 1350 Dic
406 1327 434 1349 ut
445 1322 554 1349 sedeant
568 1321 594 1348 hi
610 1320 662 1348 duo
677 1319 723 1346 iilii
739 1320 802 1353 mei,
817 1327 887 1346 unus
897 1319 930 1346 ad
945 1319 1011 1346 dex-

227 1375 323 1400 teram,
335 1373 362 1396 et
370 1368 478 1395 alterad
486 1367 623 1394 sinistram
635 1364 668 1393 ".
685 1374 696 1392 ι
712 1365 745 1392 Et
756 1366 783 1392 in
799 1363 862 1392 illud
876 1374 882 1392 :
901 1373 911 1390 ι
926 1364 1010 1397 Quem

227 1416 320 1442 dicunt
335 1413 458 1442 homines
469 1419 530 1440 esse
545 1411 643 1439 Filium
658 1411 774 1439 hominis
793 1410 816 1426 “
833 1410 845 1437 ?
868 1419 877 1435 ι
900 1410 1011 1437 Decima

235 1462 330 1496 quinta
344 1461 370 1487 in
388 1459 472 1487 illud:
491 1467 501 1485 ι
520 1457 559 1487 Tu
577 1465 606 1487 es
620 1458 667 1494 qui
686 1461 814 1485 venturus
827 1464 866 1490 es,
883 1464 916 1484 an
929 1456 1011 1484 alium

226 1513 416 1543 exspectamus
430 1505 473 1532 "‘2
490 1515 499 1531 ι

264 1606 294 1633 ιιι
308 1606 405 1642 quibus
420 1604 530 1640 quidem
541 1603 600 1638 ejus
613 1601 782 1630 orationibus
800 1601 851 1629 hoc
866 1602 1012 1629 observare

227 1653 302 1685 licet,
319 1658 446 1686 ntagnum
459 1657 520 1678 cum
537 1656 609 1681 esse,
624 1649 645 1676 si
663 1648 724 1683 quis
736 1655 855 1683 unquam
866 1647 935 1674 alius
949 1646 1011 1679 fuit.

229 1699 349 1733 ﬁguratae
362 1701 443 1731 atque
456 1695 576 1722 incitatae
588 1693 731 1727 orationis,
744 1693 904 1727 pariumque
923 1692 1012 1719 artiﬁ-

228 1751 299 1772 cem.
320 1741 547 1777 Perspicuitatem
582 1739 758 1767 nihilominus
790 1745 822 1765 ac
851 1738 1012 1766 suavitatem

229 1789 338 1816 retinet.
365 1787 465 1815 Verum
480 1786 544 1820 quia
560 1785 661 1821 nimius
675 1784 702 1811 in
719 1784 806 1818 tropis
818 1790 845 1810 et
866 1783 1012 1811 schematis

230 1835 367 1867 incitatis,
390 1834 539 1861 satietatem
561 1831 644 1866 parit,
663 1830 721 1858 sive
745 1830 845 1865 potius,
866 1830 928 1865 quia
956 1835 1012 1856 tam

230 1880 353 1908 assiduus
365 1879 391 1906 in
406 1879 447 1906 his
461 1882 502 1906 est
512 1885 544 1904 ac
559 1881 641 1909 totus,
656 1875 721 1903 nihil
732 1880 761 1902 ut
777 1875 849 1903 aliud
865 1876 924 1903 sine
935 1876 1014 1903 modo

230 1929 366 1958 occurrat,
382 1922 660 1952 auditorMastidium
673 1926 700 1949 et
717 1921 896 1949 calumniandi
921 1929 1014 1949 ansam

230 1973 341 2007 praebet,
357 1976 438 2005 atque
460 1970 493 1997 ad
514 1969 658 2004 scriptoris
674 1969 760 2004 ipsitts
785 1968 1011 2002 vituperationem

230 2018 337 2050 incitat,
356 2016 433 2051 quasi
448 2023 535 2050 neque
550 2019 676 2042 naturam
692 2019 751 2041 arte
766 2014 1012 2048 moderari,neque

232 2063 335 2099 regula,
364 2063 437 2098 quod
462 2062 645 2090 inordinatum
673 2065 751 2092 erat,
776 2060 902 2094 digerere
928 2060 1015 2094 possit

1063 242 1110 268 καὶ
1121 243 1153 269 ἑκ
1168 242 1314 270 τοσούτων.
1325 242 1413 277 Χρήσι
1419 251 1466 276 μον
1480 242 1508 268 δὲ
1517 242 1547 268 τὺ
1556 241 1658 277 βιὸλίον
1667 245 1723 276 τοῖς
1736 245 1786 279 μὲν
1802 246 1849 272 ἀν-

1064 288 1212 321 εγνωκόσιν
1224 289 1234 304 ⁸
1245 288 1315 315 αὐτὰ
1323 288 1359 314 τὰ
1373 289 1550 322 συντάγματα
1562 288 1616 315 τῶν
1629 289 1735 325 ἀνδρῶν
1749 291 1771 306 ¹⁶
1782 292 1850 326 πρὸς

1062 333 1225 368 ἀνάμνησιν,
1245 335 1302 365 τοῖς
1317 333 1341 360 δ’
1358 334 1407 360 οὐκ
1418 333 1541 368 εἰληφόσι
1559 336 1657 370 πεῖραν
1675 336 1798 370 ἐκείνων,
1809 339 1851 364 ὅτι

1061 378 1105 405 διὰ
1113 378 1240 413 συνεχοῦς
1249 379 1339 404 αὐτῶν
1351 379 1465 414 μελέτης
1478 380 1529 406 οὐκ
1545 381 1573 406 ὲν
1585 380 1675 415 πολλῷ
1685 381 1773 417 χρόνῳ
1784 382 1851 409 πολ-

1061 423 1115 450 λῶν
1125 423 1172 450 καὶ
1182 424 1272 450 καλῶν
1283 425 1329 450 καὶ
1339 425 1469 451 ποικίλων
1478 426 1631 460 νοημάτων,
1641 426 1665 452 εἰ
1675 427 1721 452 καὶ
1731 427 1751 442 ¹¹
1762 434 1850 462 κεφα-

1061 468 1174 504 λαιώδη,
1196 469 1305 504 μνήμην
1317 468 1518 504 καρπώσονται.
1538 470 1635 497 Κοινὸν
1650 471 1672 497 δ’
1692 472 1713 487 ¹¹
1730 473 1852 507 ἀμφοτέ-

1063 521 1120 549 ροις
1141 513 1158 548 ή
1179 513 1231 540 τῶν
1245 513 1430 548 ζητουμένων,
1445 513 1483 544 ὡς
1498 513 1582 546 εἰκὸς,
1598 514 1790 550 ἀταλαίπωρος
1804 517 1852 542 καὶ

1063 560 1195 592 σύντομος
1217 558 1337 594 εὕρεσις,
1363 559 1472 585 ὲπειδάν
1486 567 1529 590 τις
1545 559 1598 585 ἀπὸ
1612 559 1667 585 τῶν
1692 561 1851 594 κεφαλαίων

1062 604 1103 635 εἰς
1118 603 1187 630 αὐτὰ
1200 603 1233 629 τὰ
1251 603 1339 638 πλάτη
1358 603 1525 637 ἀναδραμεῖν
1554 603 1697 630 ὲθελέσειε.
1713 605 1768 631 Καὶ
1784 605 1853 640 πρὸς

1062 649 1130 676 ἄλλα
1143 649 1171 675 δὲ
1190 650 1247 680 τοῖς
1267 649 1424 684 ῥητορεύειν
1447 649 1494 676 καὶ
1516 649 1632 684 γράφειν
1652 651 1853 683 σπουδάζουσιν

1061 694 1111 721 οὐκ
1126 695 1262 730 ἄχρηστον
1278 695 1309 721 τὸ
1324 695 1435 730 βιὸλίον.

1413 741 1498 769 PEH'.

1064 787 1120 814 Τοῦ
1131 790 1280 822 μακαρίου
1301 788 1463 849 Baatjsdiov
1484 789 1664 849 Σέλευκείας
1682 789 1853 815 ἐπισκόπου

1421 831 1467 849 ΤΟ(
1488 832 1496 849 Ι
1524 843 1532 849 .

1421 831 1467 857 τοι
1488 826 1532 850 ιε’.

1102 867 1324 902 ’Ᾱνεγνώσθησαν
1347 867 1395 894 τοῦ
1415 869 1552 904 μακαρίου
1576 869 1717 896 Βασιλείου
1740 869 1854 896 ἐπισκό-

1062 922 1113 939 που
1139 913 1297 943 Σελευκείας
1316 913 1388 948 λόγοι
1403 913 1442 946 ιε’,
1457 915 1565 950 πρῶτος
1580 916 1630 951 μὲν
1646 917 1686 947 εις
1703 916 1752 942 τόν
1772 925 1782 941 ‹
1806 916 1854 942 Ἐν

1062 960 1131 995 ἀρχῇ
1155 960 1282 995 ἐποίησεν
1296 961 1310 987 ὁ
1325 960 1391 992 Θεὸς
1411 961 1456 988 τὸν
1471 961 1585 996 οὐρανὸν
1604 963 1651 989 καὶ
1665 963 1714 998 τὴν
1741 962 1795 996 γῆν
1809 969 1817 977 ·
1840 972 1851 988 r

1062 1003 1120 1032 εἶτα
1131 1006 1171 1038 εἰς
1184 1005 1229 1032 τὸν
1251 1006 1360 1040 Ἰωσὴφ,
1376 1008 1415 1038 εἰς
1427 1007 1473 1033 τὸν
1495 1007 1591 1042 Ἀδὰμ,
1609 1009 1649 1039 εἰς
1663 1008 1709 1035 τὸν
1723 1008 1793 1034 Κάῖν
1805 1011 1855 1037 καὶ

1064 1051 1157 1083 Ἀδελ,
1183 1053 1222 1083 εἰς
1245 1052 1291 1079 τὸν
1322 1052 1458 1088 Ἀϐραὰμ,
1475 1054 1515 1084 εἰς
1530 1053 1576 1080 τὸν
1591 1053 1720 1089 Μωῡσῆν,
1740 1055 1780 1086 εἰς
1805 1057 1855 1083 τὸν

1068 1097 1171 1130 Ἠλίαν,
1197 1098 1238 1129 εἰς
1252 1098 1298 1124 τὸν
1322 1097 1413 1125 Ἰωνᾶν
1431 1106 1438 1113 ο
1456 1098 1564 1130 ἐννατος
1578 1100 1618 1130 εἰς
1628 1099 1674 1126 τὸν
1687 1100 1856 1135 ἑκατοντάρ-

1061 1151 1122 1178 χην,
1136 1143 1247 1175 δέκατος
1263 1144 1303 1175 εἰς
1317 1143 1364 1169 τό·
1387 1153 1396 1170 ι
1414 1144 1563 1171 Συνὲπλεον
1581 1144 1602 1160 ’³
1624 1145 1648 1171 oi
1667 1145 1785 1180 μαθηταὶ
1812 1147 1856 1182 τῷ

1067 1188 1154 1224 Ἰησοῦ
1173 1198 1183 1215 ι
1206 1189 1252 1216 καὶ
1275 1189 1357 1224 ἑξῆς·
1374 1189 1437 1225 [577
1461 1190 1493 1217 [ἰ.
1515 1190 1565 1217 196
1579 1190 1625 1226 IL]
1649 1189 1709 1217 εἶτα
1737 1192 1777 1223 εἰς
1803 1192 1850 1225 τὺ,

1064 1245 1074 1260 ι
1089 1236 1170 1262 Δεῦτε
1187 1235 1209 1251 ¹⁸
1225 1237 1292 1271 πρός
1311 1245 1356 1270 με,
1370 1236 1470 1268 πάντες
1481 1237 1505 1263 οι
1520 1238 1669 1269 κοπιῶντες
1685 1237 1732 1264 καὶ
1748 1246 1856 1273 πεφορ-

1061 1282 1181 1316 τισμένοι
1202 1291 1211 1307 ›
1231 1282 1278 1308 καὶ
1298 1282 1361 1317 ἑξῆς
1373 1290 1386 1297 ·-
1399 1282 1517 1310 κᾶπειτα
1532 1284 1572 1313 εἰς
1587 1283 1632 1310 τὸν
1653 1283 1778 1317 Τελώνην
1804 1285 1857 1311 καὶ

1061 1329 1105 1356 τὸν
1117 1329 1273 1365 Φαρισαῖον,
1287 1330 1333 1357 καὶ
1354 1330 1392 1361 εἰς
1409 1330 1455 1356 τό·
1472 1340 1482 1357 ι
1499 1330 1566 1357 Εἰπὲ
1579 1331 1600 1347 ’⁸
1617 1331 1660 1358 ἴνα
1682 1332 1707 1358 οἱ
1728 1331 1775 1358 δύο
1801 1340 1855 1367 μου

1064 1375 1119 1402 υἱοὶ
1144 1375 1302 1407 καθίσωσιν,
1328 1372 1368 1406 εἷς
1393 1376 1426 1402 ὲκ
1453 1375 1547 1408 δεξιῶν
1571 1384 1618 1402 σου
1646 1376 1668 1391 ¹⁸
1689 1375 1736 1402 καὶ
1757 1374 1799 1408 εἷς
1823 1376 1857 1408 ἐξ

1063 1419 1221 1455 εὐωνύμων,
1241 1430 1249 1446 ι
1265 1421 1312 1446 καὶ
1327 1421 1366 1451 εἰς
1378 1420 1422 1447 τό·
1439 1430 1448 1446 ι
1469 1421 1535 1446 Τινα
1549 1421 1570 1436 ¹⁷
1582 1429 1615 1455 με
1628 1420 1750 1454 λέγουσιν
1764 1422 1787 1447 οἱ
1804 1421 1856 1448 ἄν-

1063 1465 1166 1500 θρωποι
1198 1463 1268 1492 εἶναι
1291 1465 1338 1492 τὸν
1354 1465 1420 1492 Υιὺν
1436 1464 1483 1492 τοῦ
1506 1465 1669 1500 ἀνθρώπου;
1703 1475 1715 1492 ι
1729 1465 1856 1492 ἑκκαιδέ-

1064 1519 1145 1543 κατος
1158 1512 1179 1527 ¹³
1203 1511 1232 1537 δὲ
1256 1512 1295 1543 εἰς
1307 1511 1354 1538 τό·
1373 1521 1382 1537 ι
1400 1511 1435 1538 Σὺ
1450 1509 1476 1538 εἶ
1499 1513 1513 1539 ὁ
1539 1512 1695 1547 ἐρχόμενος,
1715 1511 1732 1547 ἢ
1759 1511 1856 1546 ἕτερον

1027 1567 1049 1597 c
1067 1557 1261 1594 προσδοκῶμεν
1271 1566 1279 1591 ;
1297 1567 1307 1583 ι

1107 1602 1150 1629 Ἐν
1164 1602 1268 1634 τούτοις
1280 1599 1327 1629 οὖν
1341 1602 1424 1630 αὐτοῦ
1436 1603 1493 1634 τοῖς
1510 1602 1600 1637 λόγοις
1615 1603 1646 1629 τὺ
1661 1602 1710 1638 μὲν
1722 1603 1855 1637 τροπικὸν

1064 1648 1111 1674 καὶ
1126 1648 1225 1683 γοργὸν
1239 1648 1287 1675 καὶ
1301 1648 1417 1684 πάρισον
1431 1649 1464 1681 ι’,
1478 1648 1558 1680 εἴπερ
1567 1650 1633 1675 ποτὲ
1643 1658 1694 1675 τινι
1708 1649 1755 1675 καὶ
1768 1649 1854 1684 ἄλλῳ,

1065 1693 1138 1720 ἐστιν
1155 1694 1219 1720 ἰδεῖν
1244 1693 1318 1729 αὐτῷ
1333 1694 1595 1729 δημιουργούμενον,
1613 1694 1704 1721 καὶτὸ
1715 1694 1802 1729 σαφὲς
1825 1694 1856 1721 δὲ

1065 1740 1111 1766 καὶ
1126 1740 1173 1775 ἡδὺ
1184 1740 1320 1775 διατρέχει
1338 1741 1360 1756 ³ο
1375 1749 1382 1756 ·
1395 1740 1425 1767 τὸ
1438 1740 1466 1767 δὲ
1481 1740 1542 1768 λίαν
1556 1740 1706 1776 προσχορὲς
1725 1742 1774 1776 τῆς
1789 1749 1857 1776 τρο-

1065 1785 1120 1819 πῆς
1142 1785 1189 1812 καὶ
1204 1785 1258 1812 τῶν
1280 1786 1413 1821 γοργειων
1426 1787 1447 1802 ²¹
1460 1794 1468 1802 ·
1486 1786 1643 1821 σχημάτων,
1664 1785 1803 1820 μᾶλλονδὲ
1825 1787 1859 1812 τὸ

1068 1831 1179 1865 συνεχὲς
1190 1832 1238 1858 καὶ
1253 1831 1371 1867 ἄκρατον
1384 1832 1432 1859 καὶ
1446 1832 1630 1860 ἀδιάπαυστον
1642 1833 1682 1863 εἰς
1696 1832 1793 1866 ἀηδίαν
1807 1833 1859 1859 καὶ

1068 1876 1193 1911 διαὸολὴν
1222 1877 1268 1904 τὸν
1283 1878 1421 1914 ἀκροατὴν
1444 1878 1582 1914 διεγείρει,
1609 1878 1655 1904 καὶ
1676 1878 1759 1912 ψόγον
1783 1881 1861 1905 κινεῖ

1068 1922 1115 1949 τοῦ
1138 1923 1318 1958 συγγραφέως
1343 1924 1394 1950 οὐκ
1417 1924 1534 1959 ἔχοντος,
1550 1923 1588 1956 ὡς
1608 1923 1690 1956 ἔοικε,
1703 1924 1785 1959 τέχνῃ
1806 1925 1860 1959 τὴν

1068 1968 1148 2002 φύσιν
1178 1968 1310 2004 ρυθμίσαι
1333 1969 1380 1996 καὶ
1404 1970 1496 1997 κανόνι
1519 1970 1551 1996 τὺ
1575 1969 1691 1996 ἄτακτον
1717 1969 1859 2002 διατάξαι.

1069 2014 1226 2047 Πλεονάζων
1238 2015 1260 2041 δ’
1276 2015 1350 2050 ὅμως
1363 2016 1423 2047 ταῖς
1438 2016 1563 2050 τροπαῖς,
1585 2015 1632 2042 καὶ
1650 2014 1715 2041 αὐτὸ
1723 2015 1774 2050 τῆς
1792 2023 1862 2050 τρο-

1069 2060 1197 2094 πολογίας
1210 2060 1341 2094 πηγάζων
1354 2060 1385 2086 τὸ
1405 2058 1486 2093 εἶδος,
1500 2060 1563 2087 οὔτε
1579 2061 1619 2092 εἰς
1633 2060 1810 2096 ψυχολογίαν,
1834 2062 1861 2087 εἰ

282 2129 304 2144 "
319 2128 384 2155 Luc.
402 2134 461 2161 vnt,
477 2126 523 2154 (Ξῖ).
562 2126 584 2141 ¹¹
600 2123 696 2151 Matth.
723 2130 761 2154 XI,
776 2122 822 2149 ‘28.
861 2122 884 2138 ”
898 2123 997 2151 Matth.

1085 2125 1129 2152 2L
1168 2125 1191 2141 ’⁸
1203 2125 1297 2152 Matth.
1313 2132 1372 2158 xvt,
1387 2125 1430 2152 l5.
1470 2126 1493 2142 “
1508 2126 1604 2154 Matth.
1618 2135 1657 2160 ιιι,
1672 2127 1699 2154 3.

875 2191 990 2219 VARIE
1008 2192 1210 2222 LECTIONES.

279 2245 289 2259 '
302 2242 537 2277 ἀναγινώσκουσιν
555 2249 585 2277 ςτ

233 2315 254 2330 ³⁸
267 2312 337 2348 εἰπὲ]
362 2313 456 2340 Matth.
472 2319 520 2348 ιδ,
536 2308 588 2348 21)-
629 2310 651 2348 '_°
666 2317 712 2348 σου
731 2308 792 2348 add.
815 2309 848 2334 A.

232 2351 264 2376 Α.
277 2348 319 2384 οὗ]
330 2346 427 2375 Matth.
440 2354 479 2378 ιι,
493 2346 520 2373 5.

633 2240 654 2256 η
666 2240 701 2266 τὰ
722 2238 932 2277 συ-γγρᾴμματα
942 2238 996 2265 τῶν
1012 2239 1116 2277 ἀνδρῶν
1133 2241 1180 2277 διαὶ
1191 2242 1383 2277 ,συντάγματα
1400 2253 1432 2276 ς.

235 2287 290 2306 om.
306 2280 339 2305 A.
361 2273 367 2277 ”
378 2279 399 2294 ¹¹¹
412 2275 567 2308 συνέπλεον]
579 2275 644 2302 Luc.
660 2282 717 2306 vm,
728 2274 772 2301 25.
784 2273 830 2300 καὶ
844 2274 878 2300 τὰ
887 2273 950 2308 ἑξῆς
963 2282 991 2305 ς.
1031 2275 1052 2290 ³⁸
1064 2273 1141 2302 δεῦτε

1472 2243 1493 2259 ¹¹
1507 2251 1532 2270 ει
1547 2245 1593 2270 καὶ
1608 2245 1630 2269 Δ
1646 2251 1653 2269 :
1671 2243 1712 2274 εἰς
1726 2251 1757 2275 ς.
1801 2244 1825 2259 ¹¹
1837 2245 1862 2271 6'

1145 2275 1154 2312 J
1185 2276 1280 2314 Matth:
1298 2275 1342 2310 Vit,
1369 2275 1414 2305 28.
1438 2279 1506 2314 πρός
1531 2287 1565 2313 με
1581 2283 1607 2305 et
1622 2278 1712 2314 διττὸν
1738 2285 1795 2305 om.
1826 2282 1861 2306 A.

894 2307 1000 2345 "AL-ripa]
1016 2309 1110 2337 Matth.
1126 2307 1180 2339 xvi.
1195 2312 1239 2338 l3.
1252 2310 1321 2339 εἶναι
1335 2307 1392 2340 'om.
1407 2314 1440 2340 Α.
1461 2307 1467 2314 ’
1480 2307 1503 2329 ’⁵
1516 2307 1762 2345 τίεντεκαιδὲκατος
1775 2321 1858 2342 corr.

569 2345 590 2361 ¹⁹
605 2345 653 2371 καὶ
668 2345 698 2370 τὸ
711 2344 826 2378 πάρισον
841 2352 871 2374 ς.
910 2343 933 2358 ¹⁰
948 2343 1088 2380 διατρέφει
1103 2354 1132 2377 ς.
1171 2347 1192 2362 ²¹
1205 2347 1326 2382 γοργίων
1339 2350 1371 2374 Α.

959 2399 1090 2428 aNOT/E.

267 2450 324 2485 ('l'i)
338 2450 443 2484 Sequor
454 2449 486 2475 τὺ
500 2447 677 2485 ἀνεγνωκόσι.

266 2482 323 2520 ('78)
347 2482 475 2519 Praesagit
501 2482 609 2520 animus
637 2482 810 2520 (quidnenim
840 2487 913 2510 vetat
945 2483 1015 2520 omi-

232 2517 291 2549 nari
301 2517 332 2555 ‘2')
350 2519 409 2547 fore
424 2517 452 2546 ut
465 2526 516 2553 ope
531 2517 671 2545 Photianae
696 2517 876 2555 Bibliotltecte,
890 2526 951 2551 qua:
972 2518 1014 2544 la-

229 2561 301 2590 tent,
315 2552 444 2583 eruantur
462 2552 514 2581 non
531 2560 629 2590 pauca»,
646 2552 1016 2590 et_quem_ad_modum_nunc

228 2586 668 2622 exiveruntAdrianusﬁelasius,
678 2586 911 2622 Theophylactus,
924 2586 1016 2614 Simo-

232 2631 314 2658 calta,
327 2633 359 2653 ac
374 2625 496 2660 quaedam
513 2625 594 2660 etiam
612 2622 721 2649 Diodori
737 2622 887 2660 Siculi,rsic
908 2629 1016 2656 quoque

231 2669 294 2696 spes
315 2666 367 2693 est,
384 2658 502 2696 'Stobaair
515 2658 629 2688 Eclozas
655 2659 870 2696 o_mtres,_capite
894 2662 1015 2696 truncas,

231 2691 296 2724 alibi
312 2691 435 2727 vitiosas,
451 2695 583 2724 turbatas,
595 2691 720 2727 mutilas.
739 2692 827 2725 primo
851 2693 968 2719 maxime
982 2697 1010 2720 et

233 2731 351 2759 secundo
378 2725 458 2763 libro,
486 2727 647 2763 philosophi
667 2725 794 2763 alicujus
810 2734 892 2761 opera
929 2731 1011 2761 atque

231 2767 359 2802 philologi
380 2766 406 2792 in
421 2761 554 2802 integrum
584 2761 736 2802 restitutam
764 2762 807 2793 iri,
835 2767 863 2788 ut
886 2762 1012 2802 apto'illo

233 2796 384 2836 colligentis
397 2796 494 2827 ordine
508 2801 639 2836 servato“
644 2796 749 2836 majore
771 2804 831 2836 cum
859 2796 1013 2836 reipublicae

235 2831 377 2863 commodo
390 2837 555 2869 appareant.
572 2831 606 2859 Et
622 2831 680 2864 tibi,
710 2832 781 2869 quod
808 2832 927 2869 omnium
956 2833 1013 2869 pri-

236 2879 320 2904 munt,
334 2866 513 2899 (moderatam
530 2868 670 2901 librorum,
687 2873 718 2894 ac
739 2866 907 2903 singulorum
924 2867 1015 2902 cujus-

1032 2450 1055 2478 D
1069 2457 1121 2484 que
1135 2451 1253 2483 capitum
1269 2451 1378 2482 seriem,
1393 2455 1421 2478 et
1441 2456 1631 2486 argumentum
1648 2450 1762 2479 Photius
1775 2459 1864 2480 accu—

1069 2490 1127 2522 rate
1143 2486 1284 2522 designet:
1302 2485 1365 2522 dein
1386 2485 1551 2520 Augus’tana:
1566 2487 1741 2522 bibliotheca!
1760 2487 1858 2522 (cujus

1069 2520 1216 2553 multajam
1229 2525 1337 2548 exstant
1349 2521 1376 2547 in
1392 2529 1448 2548 rem
1472 2521 1632 2548 litterariam
1648 2521 1793 2554 beneﬁcia)
1808 2520 1865 2550 co-

1068 2555 1119 2581 de:
1132 2555 1236 2582 calamo
1254 2560 1399 2591 exaralus,
1419 2561 1448 2583 ut
1466 2561 1493 2583 et
1525 2561 1624 2583 nostra;
1646 2563 1733 2591 neque
1760 2564 1863 2591 pauca,

1068 2590 1371 2626 nequecgntemnenda
1387 2590 1552 2625 fragmenta,
1570 2598 1629 2626 quae
1645 2597 1678 2618 ex
1705 2590 1771 2617 Ant.
1795 2593 1861 2618 Au-

1068 2625 1166 2658 gustini
1184 2624 1217 2652 γ.
1236 2625 1267 2652 C.
1283 2625 1351 2652 libro
1380 2624 1585 2659 descripsimus,
1613 2633 1707 2660 tnagua
1736 2633 1804 2652 sane
1827 2629 1863 2653 ad

1070 2660 1106 2692 id,
1124 2660 1195 2694 quod
1224 2660 1403 2694 suggerimus,
1427 2661 1542 2688 aii'ereut
1579 2660 1746 2695 adjnmenta.
1777 2660 1861 2688 Num:

1064 2695 1192 2728 quoniam
1206 2695 1232 2721 in
1247 2695 1335 2722 medio
1353 2696 1442 2729 palma
1459 2701 1511 2728 est,
1529 2695 1582 2723 huc
1595 2694 1697 2723 Griecte
1712 2703 1744 2722 ac
1760 2696 1857 2729 polita:

1065 2729 1244 2764 philosophiae
1255 2730 1392 2757 studiosos
1405 2730 1504 2758 invito.

1103 2764 1159 2800 (79)
1176 2764 1267 2798 Longe
1282 2764 1373 2799 plures
1386 2770 1496 2793 exstant
1512 2764 1592 2792 hodie
1616 2765 1710 2800 Graece
1729 2765 1756 2793 in
1788 2765 1862 2793 Ger-

1068 2800 1157 2835 mania
1169 2799 1304 2835 evqlgata,
1320 2807 1389 2834 quas
1416 2807 1502 2835 nuper
1532 2800 1642 2829 Latinas
1673 2799 1738 2829 fecit
1764 2806 1861 2829 n05lcl'

1067 2834 1195 2863 Claudius
1211 2834 1389 2870 Dausqueius.
