1923 3091
83 158 128 190 493

499 147 764 186 BlBLlOTHECA;
783 167 818 174 -—
835 150 944 186 Com).
973 154 1130 192 CLXVIII,
1147 156 1273 186 CLXIX.

1646 157 1701 190 494

84 216 116 251 μὴ
135 215 169 246 ὡς
180 214 202 230 ’³
219 213 368 248 ἐλάχιστον,
383 212 542 248 ἐκφέρεται,
558 212 622 239 οὕτε
649 212 770 248 ἀσαφείᾳ
791 220 855 238 σκο-

914 212 966 239 Etsi
982 216 1072 239 autem
1097 211 1181 246 tropis
1209 213 1262 240 hoc
1281 213 1362 241 modo
1386 213 1526 246 abundet,
1551 213 1700 250 ipsumque

83 261 140 293 ιῐςει
156 260 185 286 τὸ
202 260 303 294 νόημα,
329 258 397 286 ἀλλὰ
424 260 457 294 τῇ
475 258 625 294 βραχύτητι
644 259 668 274 ⁸³
685 258 740 284 τῶν
761 257 856 284 κώλων

83 306 185 334 καὶτῶν
199 305 331 341 περιόδων
346 305 393 332 καὶ
413 307 446 341 τῇ
463 305 581 340 ὲμφάσει
605 305 660 331 τῶν
687 305 787 338 λέξεων
807 305 857 339 τῆς

83 352 246 387 τροπολογίας
265 353 450 387 περιαιρεῖται
468 351 499 378 τὺ
513 351 678 386 δύσληπτον.
704 350 781 376 Ἀλλ’
797 347 854 382 οὖν,

83 398 139 433 ὅπερ
153 397 228 433 ἔφην,
240 398 255 424 ὸ
267 398 347 433 κόρος
359 398 409 432 τὴν
422 397 503 433 χάριν
514 396 657 432 ἁμὸλύνει,
668 396 714 423 καὶ
726 396 756 422 τὸ
768 395 855 431 ἄκρα-

83 445 171 479 ·ιοντῆς
183 443 288 479 τροπῆς
298 444 362 475 τοὺς
378 443 479 479 νόμους
489 443 540 478 τῆς
558 445 657 478 τέχνης
669 442 718 468 οὐκ
732 442 765 477 ἐᾷ
780 442 853 477 παῤ-

84 489 260 524 ρησιάσασθαι.

910 256 978 283 adeo
1003 256 1201 291 tropologicum
1218 257 1325 285 dicendi
1344 265 1430 292 genus
1448 258 1532 286 fontis
1550 258 1578 286 in
1595 266 1699 287 morem

909 303 1040 336 elfundat,
1057 310 1197 338 nunquam
1211 308 1302 330 tamen
1318 304 1379 332 ideo
1395 305 1436 332 vel
1453 304 1480 332 in
1497 304 1626 338 frigidum
1638 313 1699 333 ser-

910 356 1029 381 moneln,
1045 348 1096 376 nisi
1115 356 1228 383 perraro
1245 349 1392 383 delabitur,
1406 349 1449 377 vel
1462 350 1631 378 obscuritate
1648 351 1700 378 ali;

909 402 962 429 qua
975 402 1087 422 sensum
1100 395 1245 422 obumbrat
1261 404 1267 422 :
1287 395 1334 422 sed
1348 396 1370 422 si
1387 396 1451 428 quid
1468 396 1504 423 ob
1517 396 1699 431 tropologiam

909 441 1024 476 intelligi
1039 441 1128 468 minus
1141 441 1284 469 commode
1300 446 1416 476 poterat,
1435 442 1460 469 id
1473 450 1535 469 cum
1545 442 1698 469 accelerant

909 486 1030 514 membra
1058 491 1139 520 atque
1165 487 1287 521 periodi,
1315 492 1370 515 tum
1405 488 1555 515 dictionum
1580 491 1699 524 ipsarum

83 535 243 570 signiﬁcantia
272 534 351 562 facile
374 534 454 562 tollit.
481 533 628 567 Caeterum,
651 539 680 561 ut
704 533 761 568 jam
785 533 853 565 dixi,
874 534 986 560 satietas
1017 532 1133 567 gratiam
1171 539 1279 560 omnem
1303 534 1423 566 hebetat,
1451 540 1478 562 et
1500 542 1630 570 purorum
1652 536 1699 563 illa

86 585 207 614 troporum
223 581 362 608 allluentia
380 581 488 609 artilicii
504 581 609 615 legibus
625 581 725 608 nullam
749 580 856 607 dicendi
878 579 1030 607 libertatem
1047 579 1182 608 concedit.

111 628 194 654 Ἐοικε
212 628 241 654 δὲ
255 626 332 660 οὗτος
347 628 446 663 μᾶλλον
462 626 562 665 εἶναιῆ
580 629 594 655 ό
611 628 780 664 Καισαρείας
806 627 853 664 μέ-

82 682 124 706 γας
151 673 297 706 Βασίλειος,
331 675 346 700 ὁ
368 674 407 709 τῷ
434 675 661 710 τρισμακαρίστῳ
679 674 788 711 Ἰωάννῃ
816 675 855 710 τῷ

83 720 249 755 Χρυγοστόμῳ
265 721 341 755 φίλος
351 720 471 755 γεγονὼς
488 722 536 748 καὶ
552 722 719 756 ὁμωρόφιος,
737 722 806 758 πρὸς
825 722 855 748 ὃν

84 766 143 792 κιὶὸ
158 767 218 801 περὶ
234 767 258 782 ’⁸
282 766 433 802 ἱερωσύνης
455 767 533 801 λόγος
551 767 729 794 συντέτακται
743 775 750 782 ’
771 767 857 794 ’πολλὰ

83 811 126 846 γὰρ
141 812 198 847 ῑχνη
211 811 266 838 τῶν
281 812 387 838 ἐκείνου
402 813 450 838 καὶ
473 812 560 847 λόγων
579 814 602 829 ’³
629 813 676 839 καὶ
701 813 855 848 νοημάτων,

948 625 998 653 Hic
1011 631 1100 653 autem
1117 627 1207 661 potius
1219 627 1344 660 Basilius,
1362 631 1442 663 quam
1457 628 1570 663 Magnus
1586 629 1630 657 ille
1640 630 1700 657 Cm—

911 680 995 700 sarea:
1007 673 1150 707 episcopus
1165 673 1230 709 (79),
1242 674 1349 702 videtur
1359 675 1699 711 beatissimiCllrysostomi

911 718 1017 746 aulicus
1030 718 1084 750 ille,
1100 724 1127 745 et
1144 719 1347 747 contubernalis
1361 720 1458 753 fuisse,
1475 721 1508 748 ad
1521 729 1600 754 quem
1615 723 1697 748 etiam

911 763 1011 791 librum
1034 765 1069 791 De
1084 766 1236 792 sacerdotio
1251 767 1381 800 scriptum
1398 767 1513 794 miserit.
1529 767 1610 794 Multa
1625 768 1699 795 enim

911 810 938 837 in
953 810 1033 844 hujus
1049 810 1141 837 Basilii
1166 811 1336 838 orationibus
1352 812 1464 847 vestigia
1485 817 1616 847 apparent
1636 820 1700 840 ora-

83 859 120 883 nt
141 858 256 892 μάλιστα
285 858 341 885 τῶν
364 859 434 886 κατὰ
445 859 495 894 τὴν
512 858 586 886 θείαν
603 859 726 895 Γραφὴν,
751 861 780 886 ἐν
803 861 858 890 τοῖς

914 857 1014 883 tionunl
1035 863 1068 884 ac
1090 864 1218 885 sensuum
1240 858 1313 885 illius
1333 858 1401 893 (80),
1422 865 1516 885 eorum
1534 859 1698 893 praesertim,

83 901 121 928 τοῦ
141 898 280 930 Βασιλείαν
297 903 386 938 λόγοις
401 904 586 938 ἐπιφαίνεται,
611 904 650 936 ὡς
676 904 710 931 ἂν
731 905 786 931 ἀπὸ
807 906 858 939 τῆς

84 948 154 983 αὐτῆς
170 949 264 984 πηγῆς
281 950 336 977 τῶν
353 950 525 985 μαθημάτων
539 950 721 986 ἀρυσαμένων
735 951 758 966 ³⁵
774 951 858 986 ἄμφω

85 994 110 1019 τὰ
123 994 269 1029 πρόσφορα.
289 995 345 1021 Καὶ
363 995 414 1030 τῆς
426 995 532 1031 τροπῆς
553 996 581 1022 δὲ
608 996 625 1031 ὴ
648 995 709 1022 κατ’
739 995 857 1031 ἔμφασιν

85 1040 121 1065 καὶ
138 1040 271 1067 οέκείωσιν
291 1041 477 1076 μεταχείρισις
495 1042 544 1076 τῆς
573 1041 697 1069 Ἰωάννου
714 1042 857 1074 συνουσίας

84 1086 122 1111 καὶ
134 1085 363 1120 συναναγνώσεως
377 1087 427 1113 οὐκ
441 1087 582 1122 ἐλάχιστον
608 1088 726 1123 ὑπάρχει
752 1089 857 1123 τεκμή-

86 1139 132 1166 ριον
143 1139 149 1146 ·
161 1133 295 1168 κέχρηται
306 1132 360 1168 γὰρ
374 1133 461 1170 ταύτῃ
475 1134 522 1160 καὶ
536 1134 550 1160 ό
569 1133 640 1166 θεῖος
655 1135 759 1165 ἐκεῖνος
775 1135 856 1170 ἀνὴρ,

85 1177 154 1204 elui
168 1179 327 1214 κεκραμὲνῃ
349 1180 397 1206 καὶ
412 1179 474 1206 λίαν
496 1180 659 1215 ἐπικαίρως,
672 1181 719 1207 καὶ
738 1182 771 1217 τῇ
788 1182 857 1216 ἀφε-

85 1223 132 1258 λείᾳ.
144 1224 185 1250 τὸν
201 1225 309 1251 ἐκεῖθεν
327 1225 408 1258 ὖγκον
429 1226 526 1260 μιγνύς
541 1226 563 1241 ’⁷
579 1234 609 1252 τε
631 1227 677 1253 καὶ
700 1227 858 1254 διαλεαίνων

86 1269 185 1303 εὐφυῶς,
205 1271 253 1297 καὶ
273 1270 321 1297 τὸν
343 1271 403 1298 ὅλον
417 1271 496 1306 λόγον
508 1272 649 1299 πολιτικοῦ
668 1273 748 1308 λόγου
765 1275 859 1302 εἰκόνα

86 1316 226 1352 ποιούμενος
236 1317 270 1345 ’⁸.

115 1362 221 1390 Ἐστιδὲ
241 1363 383 1396 Βασίλειος
396 1361 474 1397 οὗτος
487 1365 502 1391 ὁ
528 1367 575 1392 καὶ
605 1365 714 1402 μέτροις
739 1367 858 1399 ἐντείνας

86 1407 113 1434 τὰ
124 1409 167 1443 τῆς
180 1410 417 1446 πρωτομάρτυρος
440 1411 545 1446 Θέκλης
567 1411 636 1447 ἔργα
654 1413 702 1439 καὶ
722 1410 791 1439 ἆθλα
812 1413 858 1440 καὶ

87 1455 234 1491 νικητήρια·
257 1456 306 1483 καὶ
329 1456 396 1483 ἄλλα
422 1457 452 1484 δὲ
474 1457 557 1484 αὐτοῦ
587 1458 794 1494 συγγράμματα
809 1459 859 1494 φέ-

88 1507 164 1535 ρθνται
182 1502 214 1529 ³⁸.
430 1549 488 1551 7w
872 1522 894 1551 ο

429 1549 514 1577 ΡΞΘ¹.

90 1592 135 1631 1³οῇ
152 1594 183 1620 ἐν
204 1595 302 1631 ἁγίοις
325 1596 478 1630 Κυρίλλου
507 1597 588 1623 Κατὰ
611 1597 671 1623 τῶν
697 1597 860 1631 Νεστορίου

116 1627 382 1672 δυιζφημὶῴνίτόέιὸι
396 1634 428 1672 8".
456 1631 628 1672 Ἐπιστραζίέὶ
654 1631 704 1658 καὶ
731 1627 860 1672 Eax/Utor

115 1665 172 1698 περὶ
183 1665 235 1699 τῆς
247 1666 506 1700 ὲνανθρωπήσεως
520 1666 573 1693 τοῦ
587 1665 788 1702 Μονογενοῦξ.

120 1708 333 1746 ’Δνεγνώσθησαν
353 1711 398 1738 τοῦ
420 1712 449 1738 ἑν
466 1712 555 1746 ἁγίοις
574 1713 706 1748 Κυρίλλου
720 1713 790 1740 κατὰ
806 1713 860 1740 τῶν

89 1753 216 1791 Νεστορίου
240 1757 404 1793 δυσφημιῶν
432 1759 512 1793 τόμοι
536 1757 568 1792 ε’,
588 1757 626 1786 ὢν
645 1760 660 1786 ὁ
682 1759 732 1794 μὲν
752 1759 860 1794 πρῶτος

90 1801 216 1838 ἀνατρέπει
230 1805 279 1841 τῆς
292 1804 442 1841 Νεπορίου
453 1805 628 1840 βλασφημίας
637 1805 772 1838 κεφάλαια
783 1806 858 1838 δέκα,

90 1847 133 1874 ὀδὲ
146 1849 262 1886 δεύτερος
279 1851 413 1885 κεφάλαια
440 1852 482 1884 ιδ’,
503 1852 518 1878 ὁ
532 1852 561 1878 δὲ
577 1851 667 1887 τρίτος
689 1856 726 1884 ς’,
743 1853 757 1878 ὁ
771 1852 799 1878 δὲ
813 1851 859 1878 τέ-

91 1901 170 1929 ταρτος
191 1896 222 1929 ζ’,
244 1898 258 1924 ὁ
275 1897 306 1923 δὲ
321 1897 447 1932 πέμπτος
467 1897 514 1924 καὶ
530 1897 612 1929 αὐτὸς
630 1892 663 1929 ζ’.
683 1898 761 1924 Ἐστι
774 1890 802 1924 δὲ
829 1898 859 1924 τὸ

91 1940 129 1974 τῆς
141 1941 280 1978 ἑρμηνείας
292 1942 367 1978 αὑτῷ
382 1941 452 1974 εἶδος
469 1942 540 1969 κατὰ
551 1940 600 1978 τὴν
613 1942 766 1975 ἰδιάζουσαν
777 1943 858 1970 αὑτοῦ

92 1985 134 2012 τῶν
144 1987 222 2022 λόγων
239 1990 313 2016 ίδέαν
329 1989 593 2024 ὲκμεμορφωμένον,
612 1989 697 2025 βραχὺ
710 1990 738 2016 δέ
752 1998 778 2016 τι
791 1989 858 2025 πρὸς

91 2030 115 2058 ςὺ
127 2036 306 2072 ταπεινότερον
320 2035 544 2071 ὑπενηνεγμένον
559 2035 591 2062 ³ο.

119 2118 173 2154 [380
184 2121 227 2158 R.]
245 2122 453 2158 Ἐμπεριείχετο
468 2123 496 2150 δὲ
516 2125 550 2159 τῇ
571 2123 655 2158 βίϐλῳ
668 2125 715 2150 καὶ
727 2123 795 2159 πρὸς
808 2124 858 2150 αὑ-

93 2163 127 2190 τῆν
138 2167 275 2203 Νεστὸριον
300 2169 442 2204 ἐπιστολὴ,
471 2168 648 2204 ἐπιχειροῦσα
668 2168 749 2203 δῆθεν
775 2169 857 2195 αὑτὸν

94 2213 243 2242 μεταπείθειν
271 2215 320 2241 καὶ
343 2214 455 2249 φιλικῶς
486 2213 669 2250 διορθοῦσθαι.
702 2214 782 2241 Ἀλλὰ
810 2215 857 2241 καὶ

94 2254 218 2292 Νεστορίου
234 2258 303 2296 πρὸς
323 2259 456 2296 Κύριλλον
481 2259 544 2296 [197
561 2259 607 2296 Η.]
630 2260 806 2296 ἀντίγραφον,
823 2261 858 2287 τὸ.

95 2300 152 2338 ἔντῇ
163 2303 285 2343 ἐπιστολῇ
303 2307 439 2341 κεφάλαια
460 2307 635 2342 ὲμφερόμενα
654 2306 814 2342 ποιούμενον
829 2307 858 2333 ὲν

909 903 1007 937 quibus
1025 911 1132 930 sacram
1153 904 1280 938 explanat
1304 903 1474 940 Scripturaln
1493 913 1499 937 ;
1532 910 1560 931 ut
1583 909 1699 939 uterque

909 949 960 976 sibi
980 949 1058 976 utilia
1083 956 1116 976 ex
1142 949 1239 977 eodem
1264 949 1339 978 fonte
1362 951 1487 978 hausisse
1508 951 1642 978 videatur.
1666 950 1700 978 Et

910 1002 976 1022 vero
994 996 1142 1030 figurarum
1159 993 1205 1023 ille
1217 1003 1277 1023 cuul
1290 995 1472 1031 significantia
1486 1002 1541 1023 tum
1558 997 1700 1024 familiaris

909 1048 986 1073 usus,
1007 1048 1183 1076 permagnum
1198 1045 1242 1068 est
1258 1042 1404 1077 singularis
1431 1050 1493 1070 cum
1509 1042 1614 1070 Joanne
1638 1049 1700 1070 con-

909 1086 1072 1119 suetudinis,
1095 1087 1283 1121 lectarumque
1308 1087 1439 1114 librorum
1467 1086 1528 1121 ejus
1552 1095 1698 1122 argumen-

911 1136 976 1158 tum.
995 1130 1087 1159 Utitur
1104 1132 1177 1159 enim
1195 1131 1293 1159 iisdem
1318 1137 1345 1159 et
1360 1132 1468 1160 divinus
1491 1132 1535 1160 ille
1553 1133 1606 1164 vir,
1634 1132 1700 1160 licet

910 1178 1049 1206 moderate
1066 1183 1093 1206 et
1107 1183 1270 1214 opportune,
1297 1183 1379 1213 atque
1393 1179 1440 1211 ita,
1462 1183 1532 1206 utet
1553 1183 1698 1210 tumorem,

909 1225 955 1258 qui
973 1231 1006 1251 ex
1020 1223 1073 1251 illis
1085 1225 1216 1257 nascitur,
1235 1224 1411 1258 simplicitate
1427 1228 1560 1259 temperet
1575 1225 1700 1259 ingenio-

910 1275 995 1304 seque
1008 1270 1122 1303 molliat,
1136 1275 1164 1298 et
1179 1271 1331 1297 orationem
1347 1278 1423 1297 suam
1442 1271 1598 1298 universam
1621 1271 1696 1298 civili

909 1315 1028 1343 sermoni
1041 1316 1205 1350 persimilem
1218 1315 1327 1343 alliciat.

948 1362 1044 1397 1161:
1075 1363 1147 1390 Idem
1175 1371 1240 1390 vero
1266 1363 1310 1390 llic
1342 1363 1458 1390 Basilius
1483 1363 1529 1390 ille
1558 1367 1623 1396 est,
1652 1363 1698 1398 qui

910 1409 1005 1444 prima:
1020 1409 1150 1444 martyris
1167 1409 1276 1436 Theclae
1289 1409 1419 1444 praeclare
1430 1415 1504 1444 gesta
1515 1409 1584 1445 (81),
1598 1414 1626 1437 et
1639 1416 1702 1437 cer:

912 1454 1024 1486 tamina,
1047 1458 1129 1488 atque
1148 1455 1278 1482 victorias
1291 1456 1386 1489 lueris
1402 1456 1575 1490 persequitur
1596 1465 1603 1483 :
1622 1456 1700 1491 cujus

912 1499 976 1527 item
995 1499 1049 1527 alia
1066 1500 1168 1535 scripta
1187 1499 1300 1536 [praeter
1318 1500 1383 1537 ista]
1400 1501 1644 1529 circumferuntur.

948 1537 949 1540 “
1240 1546 1359 1574 CLXIX.

911 1592 987 1628 Belgi
1009 1592 1104 1628 συνίΗὶ
1122 1592 1221 1620 Contra
1245 1592 1363 1628 Nectarii
1382 1593 1558 1628 blasphemia:
1585 1595 1645 1628 libri
1671 1603 1697 1623 v.-

947 1624 1075 1669 Epistoiw
1095 1629 1186 1660 variis,
1203 1633 1227 1655 et
1242 1627 1365 1655 Scholion
1381 1629 1414 1655 de
1425 1624 1608 1656 incarnatione
1629 1626 1698 1657 Uni-

946 1669 1036 1698 geniti.

944 1709 1020 1736 Lecti
1039 1713 1103 1737 sunt
1119 1710 1204 1737 sancti
1218 1709 1312 1745 Cyrilli
1328 1709 1459 1737 Adversus
1484 1710 1603 1738 Nestorii
1626 1711 1698 1738 blas-I

909 1755 1028 1789 phemias
1042 1755 1102 1782 libri
1116 1755 1245 1791 quinque,
1260 1763 1375 1790 quorum
1391 1756 1494 1792 primus
1520 1757 1629 1791 quidem
1652 1765 1699 1784 ca—

911 1801 1075 1829 lumniarum
1108 1799 1225 1830 Nestorii
1252 1803 1342 1837 capita
1369 1803 1462 1830 decem
1487 1801 1595 1830 refellit.
1620 1802 1699 1830 Altcr'

910 1849 1008 1876 deinde
1031 1849 1247 1883 quatuordecim.
1280 1843 1389 1877 Tertius
1409 1858 1474 1878 vero
1498 1858 1556 1878 sex.
1578 1850 1700 1884 Quartus

911 1895 1027 1929 denique
1041 1902 1072 1922 ac
1084 1895 1196 1930 quintus
1211 1890 1309 1930 singuli
1321 1901 1435 1930 septem.
1447 1896 1632 1924 Elocutiouem
1645 1905 1695 1924 au-

911 1945 964 1967 tem
984 1941 1070 1975 ipsam
1088 1940 1133 1968 hic
1148 1941 1181 1968 ad
1197 1942 1361 1976 peculiarem
1379 1943 1454 1969 illiilli
1467 1950 1556 1976 suum,
1573 1951 1653 1978 quem
1671 1944 1697 1970 ill

910 1986 1081 2013 orationibus
1100 1987 1234 2021 sequitur,
1261 1988 1366 2015 dicendi
1395 1989 1502 2016 modum
1527 1989 1564 2016 ita
1591 1987 1699 2017 confor-

910 2032 1005 2065 mavit,
1020 2031 1158 2067 paululum
1171 2038 1200 2060 ut
1214 2034 1302 2068 magis
1319 2034 1353 2061 ad
1367 2034 1471 2062 humile
1486 2033 1594 2062 dicendi
1611 2043 1698 2070 genus

911 2077 1013 2104 tendat.
1349 2104 1351 2107 .
1361 2108 1364 2112 ,

946 2123 1012 2151 Erat
1026 2124 1054 2151 in
1071 2126 1165 2152 eodem
1183 2125 1320 2154 volumine
1334 2127 1366 2153 ad
1378 2126 1465 2161 ipsum
1480 2133 1588 2161 quoque
1602 2123 1699 2154 Nestoa

912 2169 982 2197 riunt
1001 2170 1127 2205 epistola,
1140 2172 1230 2206 quain
1247 2172 1317 2199 viam
1334 2172 1407 2199 illum
1423 2173 1564 2206 reducere,
1572 2177 1600 2199 et
1611 2172 1698 2199 amice

911 2216 1049 2250 corrigere
1067 2217 1174 2257 nitituli=
1187 2217 1257 2250 Quill
1272 2223 1300 2245 et
1313 2218 1431 2246 Nestorii
1447 2219 1481 2245 ad
1502 2216 1631 2253 Cyrillum
1652 2225 1699 2246 ree

912 2263 1093 2297 sponsio,qila
1112 2264 1201 2298 capita
1218 2264 1276 2296 illa,
1289 2272 1350 2299 qua:
1367 2271 1416 2291 sua
1431 2265 1476 2292 llic
1494 2265 1609 2299 epistola
1622 2272 1699 2292 come

913 2308 1009 2343 plexus
1031 2308 1133 2342 fuerat,
1161 2309 1315 2337 damnanda
1330 2317 1392 2337 esse
1403 2311 1610 2338 censetrAltera
1634 2310 1699 2337 item

706 2373 820 2400 VARLE
838 2373 1039 2402 LECTIONES.

121 2433 140 2447 ”
154 2433 186 2465 ὡς
199 2434 219 2460 Α
230 2442 238 2461 :
251 2437 289 2466 εἱς
303 2445 334 2468 ς.
383 2433 407 2449 ⁸³
422 2433 572 2469 τραχύτητι
588 2441 619 2464 ς·

97 2466 154 2505 μένω
166 2478 193 2500 ς.
240 2470 261 2488 ³⁷
279 2466 377 2505 μιγνύς
389 2477 418 2496 τε
433 2466 545 2505 {mihi
558 2467 702 2502 μιγνύεται
717 2477 748 2500 ς’.

97 2503 291 2540 ἀπενηνεγμένον
305 2525 312 2532 .
325 2505 361 2532 cf.
372 2512 400 2539 p.
417 2504 467 2532 H9
481 2511 498 2530 α
514 2503 558 2530 28.

673 2432 722 2459 “6
752 2433 818 2470 περί
836 2432 857 2459 A
876 2434 1066 2470 :rrspl'rﬁqrg.

797 2468 819 2484 ³⁸
836 2468 997 2504 ποιούμενος
1019 2469 1100 2503 λόγου
1117 2470 1210 2497 εἰκόνα
1227 2479 1258 2502 ς.

1123 2435 1146 2451 ³⁸
1161 2435 1209 2461 καὶ
1221 2439 1285 2462 ante
1296 2435 1382 2468 λόγων
1397 2435 1457 2462 add.
1474 2435 1507 2462 A.

1558 2436 1581 2452 “
1595 2435 1698 2470 ἀρυσα-

1316 2471 1339 2486 "
1352 2471 1464 2505 φέρεται
1484 2479 1514 2503 ς.

1563 2470 1586 2487 ³⁵
1606 2471 1698 2497 malini

817 2559 935 2588 ΝΟΤιΕ.

126 2606 172 2642 (79)
185 2609 256 2643 Quod
266 2609 371 2644 putavit
384 2609 483 2643 Georg.
494 2608 627 2644 Menand.
644 2608 706 2636 cod.
718 2607 751 2635 96
762 2615 795 2634 ex
809 2606 858 2634 So-

99 2647 152 2680 cim:
167 2645 209 2671 lib.
224 2643 338 2680 vl,’cap.
353 2645 380 2676 5,
392 2650 419 2672 et
432 2645 486 2671 alii.
504 2645 570 2671 Cum
587 2643 684 2670 Pllotio
698 2649 787 2670 tamell
799 2650 858 2670 sen-

101 2677 124 2702 lit
135 2676 219 2706 Suidas
243 2676 347 2707 calamo
368 2686 495 2707 exaratos
509 2679 684 2706 Bibliotheca:
699 2683 798 2705 nostra:
813 2685 858 2704 so-

99 2712 151 2750 ciet.
162 2715 285 2750 Antuerp.
295 2715 394 2743 Verum
412 2715 443 2742 D.
458 2715 558 2741 Baron.
569 2715 643 2740 card.
660 2718 679 2741 t.
700 2713 742 2740 IV.
758 2712 855 2750 Annal.

102 2745 160 2784 iiut.
173 2750 203 2776 ad
221 2745 283 2778 anu.
308 2751 409 2778 Christi
424 2750 477 2778 382
491 2750 601 2777 tertium
618 2750 762 2783 quemdam
774 2748 856 2784 Basi-

101 2781 152 2820 liuul
168 2787 266 2818 qumrit.
280 2786 344 2813 Vide
360 2794 420 2820 qua:
435 2785 539 2812 notavit
554 2781 647 2811 noster
658 2783 857 2820 Claud._l):ins-

102 2818 179 2857 ‘llleills
188 2820 222 2857 ad
235 2822 303 2849 beati
322 2818 413 2848 Basilii
436 2820 542 2848 Seleuc.
568 2826 636 2854 quas
650 2820 727 2846 veriil
748 2818 857 2845 Oratio-

102 2858 148 2881 nes.
164 2855 242 2882 initio.

129 2887 175 2924 (30)
186 2888 359 2923 Quamobrem
372 2892 520 2921 etiamnum
535 2890 614 2919 hodie
627 2888 770 2918 Orationes
781 2897 856 2925 qua:-

912 2608 973 2634 dam
994 2607 1149 2642 promiscue
1172 2607 1280 2642 utrique
1301 2606 1467 2640 tribuuntur,
1494 2612 1524 2634 ut
1544 2607 1578 2635 59
1595 2616 1626 2635 ac
1643 2613 1698 2637 tres

912 2649 989 2676 seqq.
1006 2644 1032 2670 ill
1051 2643 1126 2669 libris
1142 2642 1235 2669 editis.

948 2678 1004 2712 (8i)
1027 2677 1118 2705 Estin
1135 2677 1312 2705 Bibliotllecis
1327 2677 1385 2704 llaec
1405 2677 1465 2704 Vita
1485 2677 1580 2706 Graece
1600 2679 1698 2706 Basilio

912 2713 1053 2746 inscripta,
1074 2714 1124 2747 sed
1140 2712 1228 2739 soluta
1246 2713 1370 2747 oratione
1388 2720 1440 2739 non
1459 2719 1544 2740 metro
1561 2717 1699 2747 :eiletqne

913 2749 939 2774 iii
965 2748 1050 2775 lucem
1074 2746 1147 2774 Petr.
1163 2747 1296 2774 Palltinus
1308 2746 1341 2774 V.
1356 2748 1395 2775 Cl.
1419 2747 1502 2774 Porro
1521 2747 1552 2776 Β.
1569 2746 1697 2775 Theclalli

911 2784 1037 2817 templum
1053 2783 1180 2810 habuisse
1205 2783 1313 2810 celebre
1334 2783 1478 2810 admodum
1494 2783 1626 2810 Seleuciae
1657 2788 1698 2809 te-

910 2823 998 2845 statur
1018 2819 1112 2845 beatus
1124 2818 1237 2853 Gregor.
1255 2817 1322 2847 Νη,
1338 2818 1365 2846 in
1384 2817 1474 2845 Carm.
1488 2818 1519 2845 de
1531 2818 1584 2845 vita
1598 2826 1646 2845 sua
1670 2823 1698 2846 et

910 2853 1057 2889 Niccplior.
1073 2854 1120 2882 lib.
1139 2861 1194 2888 xw,
1207 2861 1267 2888 cap.
1285 2853 1312 2880 8.
