1923 3091
191 145 244 176 495

769 138 900 168 PHOTI]
915 136 1168 167 PATRIARCH/E
1183 136 1238 166 (ΣΡ.

1765 135 1820 167 496

193 200 285 238 Cyrilli
317 199 431 234 epistola
459 197 516 234 [ibi
544 194 703 231 legebatur]
734 202 767 222 ex
796 193 979 221 Alexandrina

1033 192 1169 224 εὐθύναις.
1186 193 1241 219 Καὶ
1256 191 1288 228 δὴ
1301 192 1381 227 ἑτέρα
1400 191 1528 226 ἐπιστολὴ
1544 191 1692 226 Κυρὶλλου.
1712 191 1750 223 ὼς
1763 192 1820 218 ἀπὸ

193 247 297 284 synodo
310 247 344 273 ad
359 245 514 272 Nestorium
528 243 691 277 missa,qu:e
701 241 841 269 duodecim
855 247 915 267 eum
932 247 978 267 ca-

193 296 279 327 pitum
295 298 404 320 errores
429 290 556 324 abjurare
570 288 692 323 jubebat.
713 286 805 314 Tertia
819 292 926 320 quoque
943 286 977 312 ad

194 331 330 367 valerium
356 337 510 372 episcopum
527 335 658 362 adversus
680 332 847 364 Nestorium,
865 331 978 366 ejusque

193 387 327 420 dogmata.
348 383 414 410 Item
448 382 480 409 ad
506 381 635 408 Acacium
659 378 788 406 Melitiure
820 378 977 412 episcopum

193 430 342 465 dogmatica
366 428 499 463 epistola,
533 426 576 454 vel
601 425 725 460 apologia
752 423 841 459 potius
870 422 979 450 uniouis

193 481 274 511 atque
290 475 442 503 concordiae
452 481 512 500 cum
527 472 630 500 Joanne
639 471 790 498 Antiochia:
801 468 955 504 patriarcha
969 475 977 494 :

193 522 305 556 aliaeque
320 520 404 547 variae
423 519 543 554 ejusdem
568 517 720 553 argumenti
743 516 850 549 litterae,
864 521 978 549 quarum

192 568 261 595 hiuze
272 567 392 594 divinam
409 572 516 600 quoque
529 563 645 591 Nicaeus:
659 562 754 598 synodi
766 561 917 590 doctrinam
930 568 979 587 ex-

193 613 313 648 planant.
333 611 361 638 ln
379 611 478 645 quibus
495 609 604 645 quidem
625 608 762 641 omnibus,
788 607 979 634 contentiusne

191 663 264 694 agat,
285 665 319 684 an
344 656 494 687 remissius,
514 654 650 689 propriam
676 653 776 688 ubique
789 651 896 679 dicendi
923 651 976 678 tor-

193 711 264 731 lllllll'l
280 708 364 730 tenet.

228 749 331 776 Eratet
343 747 386 775 hic
397 747 510 782 epistola
531 747 564 773 ad
578 746 705 772 Acacium
729 744 886 780 episcopum
911 742 976 778 Scy—

193 793 399 829 thopolilanum,
424 792 461 820 De
483 791 625 820 emissario
637 791 693 827 (82)
709 798 801 826 capro.
818 789 894 817 Alter
914 789 977 816 item

193 840 260 867 liber
273 839 312 867 sic
328 839 475 873 inscriptus
491 847 497 866 :
514 837 641 865 Scholion
658 837 690 864 de
705 836 839 872 Unigemti
854 837 977 862 incarna-

193 886 272 918 tione,
285 892 339 919 quo
354 871 481 912 luecifere
496 889 685 918 exponuntur:
699 871 768 916 Quid
782 887 823 910 est
838 882 977 909 Christus?
990 871 1013 900 B

191 930 249 964 Qua
265 930 368 957 ratione
383 929 573 964 intelligendus
586 928 746 956 Emmanuel
759 928 771 955 ἲ
785 927 855 961 Quid
877 932 919 954 est
933 926 977 954 Je-

192 983 239 1004 sus
255 975 401 1003 Christus?
422 975 500 1003 Juxta
517 975 580 1009 quid
603 974 651 1002 Dei
676 973 795 1001 Verbum
818 973 918 1000 dictum
936 978 978 1000 est

193 1021 294 1050 homo?
307 1021 387 1049 Juxta
406 1021 469 1056 quid
482 1026 642 1047 evacuatum
658 1027 719 1047 esse
738 1019 784 1047 Dei
800 1019 921 1046 Verbum
934 1018 978 1046 di-

192 1068 285 1096 citur?
299 1067 439 1101 Quomodo
454 1067 519 1094 item
535 1066 660 1094 Christus
675 1074 744 1093 unus
756 1066 816 1093 est?
838 1065 978 1099 Quomodo

192 1115 272 1142 etiam
284 1122 354 1141 unus
368 1118 410 1141 est
424 1112 603 1140 Emmanuel?
614 1113 765 1145 Quamnam
784 1112 899 1139 dicimus
917 1118 979 1138 esse

192 1160 403 1187 cxinanitiouem
420 1158 496 1195 (85)?
508 1157 574 1186 Item
591 1158 625 1185 de
640 1158 725 1192 ignito
737 1157 855 1184 carbone
867 1156 925 1183 viso
944 1156 977 1182 ab

192 1206 261 1233 Isaia
279 1206 312 1239 ",
327 1206 436 1240 aliaque
450 1208 593 1239 praeterea,
605 1203 650 1231 his
667 1208 756 1231 tamen
772 1202 873 1235 aﬂinia,
888 1201 978 1236 capita

193 1252 297 1279 decem.
314 1249 495 1285 Permagnam
509 1255 574 1276 vero
589 1247 741 1284 legentibus
750 1246 894 1275 utilitatem
909 1246 979 1273 liber

194 1297 238 1325 hic
256 1296 354 1324 aﬂerre
369 1299 469 1330 patest.

536 1339 641 1368 CLXX.

193 1387 323 1423 Anonymi
342 1383 735 1446 Τεδιίιηοηὶοηιιηιμῖε,ϐίη-ἰαί)
747 1392 761 1411 e
779 1384 896 1420 gentium
908 1383 978 1410 scri-

497 1426 548 1446 otts
572 1428 579 1446 ι
601 1428 624 1446 η
641 1427 686 1446 xv.

497 1426 548 1455 pus
561 1426 624 1447 tum
641 1427 686 1447 xv.

231 1503 330 1538 117a
353 1501 417 1536 Legi
441 1508 509 1536 opus
525 1499 671 1526 multorum
688 1505 825 1530 versuum,
839 1497 880 1524 vel
897 1497 980 1524 libro-

1029 239 1079 273 τῆς
1097 240 1126 264 ὲν
1147 238 1336 274 Ἀλεξανδρείᾳ
1359 237 1468 264 συνόδου
1484 238 1554 273 πρὸς
1569 238 1718 271 Νεστόριον
1746 238 1818 264 ἁπο-

1030 285 1168 316 σταλεῖσα,
1184 284 1246 319 ἣτις
1257 283 1454 319 ἀναθεματίσαι
1475 283 1555 310 αὑτὸν
1580 283 1656 317 ἠξίου
1679 283 1820 318 ἀναθεμα-

1029 331 1143 366 τισμοὺς
1169 330 1201 366 ιβ’
1225 330 1392 364 κεφαλαίων.
1420 331 1481 356 Ἔτι
1503 330 1531 356 δὲ
1549 329 1598 356 καὶ
1613 331 1695 365 ἑτέρα
1708 330 1729 346 ³¹
1749 330 1820 366 πρὸς

1030 377 1176 413 Οὐαλέριον
1189 376 1338 403 ἐπίσκοπον
1354 376 1425 403 κατὰ
1438 376 1587 412 Νεστορίου
1605 377 1653 402 καὶ
1666 376 1719 402 τῶν
1734 376 1819 402 αὐτοῦ

1029 422 1172 457 δογμάτων
1185 430 1192 437 ·
1209 422 1256 448 καὶ
1273 421 1342 457 πρὸς
1361 421 1491 449 Ἀκάκιον
1504 420 1652 447 ἐπίσκοπον
1663 421 1820 456 Μελιτηνῆς

1029 467 1196 502 δογματικὴ,
1227 467 1328 502 μᾶλλον
1351 467 1379 493 δὲ
1406 461 1556 500 ἀπολογίαν
1579 466 1746 502 περιέχουσα
1768 467 1820 501 τῆς

1029 514 1097 549 πρὸς
1126 513 1253 548 Ἰωάννην
1278 512 1324 540 τὸν
1353 513 1519 548 Ἀντιοχείας
1535 513 1657 544 ἑνώσεως
1681 512 1728 539 καὶ
1754 514 1821 547 ὀμο-

1029 559 1113 591 νοίας.
1138 559 1193 586 Καὶ
1209 559 1302 594 ἕτεραι
1316 559 1441 593 διάφοροι
1463 560 1528 594 περὶ
1542 559 1592 594 τῆς
1605 558 1690 593 αὐτῆς
1719 558 1820 584 ὑποθέ-

1030 615 1110 638 σεως,
1130 602 1167 633 ὧν
1180 606 1210 632 ὲν
1224 606 1284 632 δυσὶ
1302 605 1349 632 καὶ
1364 605 1395 632 τὸ
1406 606 1436 632 ὲν
1455 605 1558 641 Νικαίᾳ
1572 604 1744 640 διερμηνεὺει
1759 604 1820 631 θεό-

1029 660 1111 686 σοφον
1127 651 1252 687 μάθημα.
1275 652 1320 678 Ἐν
1330 648 1370 682 οἷς
1387 651 1472 677 ἅπασι
1484 651 1538 678 τῶν
1551 650 1659 677 οίκείων
1670 650 1758 684 λόγων
1772 650 1820 677 τὸν

1028 698 1194 732 χαρακτῆρα
1211 696 1354 723 ἐπιτείνων
1368 696 1384 730 ἢ
1403 696 1490 727 ἀνιεὶς
1509 696 1584 731 ὅμως
1596 696 1781 730 διαφυλάττει.

1063 742 1278 778 Συμπεριείχετο
1305 742 1332 769 δὲ
1361 742 1408 769 καὶ
1422 743 1439 776 ἡ
1457 741 1526 776 πρὸς
1546 741 1674 769 Ἀκάκιον
1703 743 1819 769 ἐπίσκο-

1029 798 1080 816 πον
1093 789 1287 820 Σκυθοπόλεως
1303 788 1368 823 περὶ
1393 787 1442 815 τοῦ
1465 787 1670 822 ἅποπομπαίου.
1696 788 1752 815 Καὶ
1777 788 1819 815 ἔτι

1030 836 1123 872 ἕτερος
1143 835 1231 870 λόγος,
1251 834 1470 870 ἐπιγραφόμενος
1485 842 1493 850 ·
1506 843 1515 860 t
1536 834 1633 869 Σχόλια
1642 835 1664 851 ³⁸
1680 835 1745 870 περὶ
1767 834 1820 870 τῆς

1027 881 1259 917 ἐνανθρωπήσεως
1269 880 1315 907 τοῦ
1329 880 1508 913 Μονογενοῦς,
1525 889 1534 906 ι
1558 881 1587 907 ἐν
1614 877 1636 914 ᾧ
1655 879 1819 914 διασαφοῦν-

1027 936 1071 954 ται
1085 927 1108 943 ³³
1122 927 1227 954 ταῦτα·
1246 927 1278 953 Τί
1292 928 1352 954 ἐστι
1372 926 1489 962 Χριστός
1503 935 1510 959 ;
1526 926 1585 953 τίνα
1612 935 1642 953 τε
1668 927 1691 942 ³⁵
1717 927 1820 961 τρόπον

1028 973 1160 1008 προσήκει
1183 972 1302 1000 νοεῖσθαι
1313 973 1342 999 τὸ
1360 973 1619 1008 Ἑμμανουήλ;Καὶ
1632 972 1658 999 τί
1674 973 1747 999 ἐστιν
1766 973 1820 1008 Ἰη-

1029 1019 1092 1051 σοῦς
1107 1020 1128 1035 ³⁵
1148 1020 1162 1045 ὁ
1178 1019 1315 1055 Χριστόςς
1334 1018 1468 1045 καὶκατὰ
1491 1019 1518 1045 τί
1544 1019 1651 1054 εἴρηται
1674 1019 1818 1053 ἄνθρωπος

1027 1066 1041 1091 ὸ
1054 1064 1100 1091 τοῦ
1115 1064 1183 1091 Θεοῦ
1200 1065 1287 1098 Λόγος
1300 1072 1308 1097 ;
1321 1062 1388 1091 Εἶτα
1400 1065 1471 1091 κατὰ
1484 1065 1509 1091 τί
1525 1065 1694 1092 κεκενῶσθαι
1707 1064 1819 1100 λέγεται

1028 1111 1042 1137 ὁ
1053 1110 1099 1137 τοῦ
1115 1110 1182 1137 Θεοῦ
1201 1110 1304 1144 Λόγος;
1319 1111 1374 1137 Καὶ
1392 1110 1450 1142 πῶς
1467 1107 1506 1142 εἷς
1522 1111 1536 1137 ὁ
1551 1110 1678 1146 Χριστὸς,
1695 1111 1744 1137 καὶ
1757 1111 1818 1142 πῶς

1028 1154 1068 1188 εἷς
1085 1157 1099 1183 ὁ
1120 1155 1309 1192 Ἐμμανουήλ;
1326 1157 1380 1183 Καὶ
1392 1157 1453 1184 τίνα
1463 1157 1578 1192 λέγομεν
1598 1154 1668 1183 εἶναι
1683 1157 1731 1192 τὴν
1748 1157 1816 1184 ἕνω-

1030 1212 1072 1230 σιν
1087 1203 1132 1236 “;
1157 1204 1202 1230 καὶ
1221 1204 1285 1238 περὶ
1303 1203 1350 1230 τοῦ
1379 1203 1514 1239 ἄνθρακος
1538 1203 1568 1231 δν
1593 1201 1663 1230 εἶδεν
1691 1204 1815 1236 Ἦσαῖας,

1029 1249 1076 1275 καὶ
1089 1248 1171 1283 ἕτερα
1189 1248 1368 1283 παραπλήσια
1382 1248 1487 1281 τούτοις
1501 1248 1517 1276 ι’
1533 1248 1682 1283 κεφάλαια,
1698 1249 1768 1276 Πολὺ
1786 1249 1817 1275 δὲ

1028 1293 1060 1319 τὸ
1069 1294 1204 1328 χρήσιμον
1215 1289 1293 1325 οὗτος
1301 1294 1316 1319 ὁ
1331 1294 1409 1328 λόγος
1423 1293 1493 1329 ἔχει.

1348 1339 1410 1367 Ρο’.

1035 1381 1471 1424 Ἀνεςτίγραξονβιόβίοηὲν-ᾖ)
1495 1384 1620 1424 χρήσεις
1642 1385 1817 1424 Ἑλληνικαὶ

1064 1419 1114 1481 Ξιέὶ
1129 1419 1275 1480 ,βάρξρροι
1287 1419 1342 1453 τῆς
1354 1419 1413 1447 τῶν
1426 1419 1611 1454 Χριστιανῶν
1622 1421 1764 1453 πίστεως,
1779 1420 1814 1446 ὲν

1103 1463 1166 1481 raw
1181 1463 1189 1480 t
1217 1473 1225 1481 .

1103 1463 1166 1488 γοις
1181 1463 1207 1480 ιε
1217 1473 1225 1481 .

1067 1499 1236 1535 Ἀνεγνώσθη
1262 1499 1365 1534 βιϐλίον
1386 1499 1557 1535 πολύστιχον,
1577 1499 1676 1536 μᾶλλον
1690 1500 1719 1526 δὲ
1735 1499 1818 1526 πολύ-

195 1558 254 1576 rmn
266 1549 355 1584 potius
372 1548 467 1583 (libros
488 1545 559 1573 enim
568 1544 721 1580 quindecim
736 1545 854 1578 quinque
869 1542 979 1570 volumi-

1033 1543 1132 1575 6ι6λον,
1144 1544 1173 1569 ὲν
1188 1543 1277 1577 λόγοις
1295 1544 1345 1580 μὲν
1362 1547 1404 1577 ιε’,
1418 1544 1526 1579 τεύχεσι
1541 1544 1570 1570 δὲ
1591 1547 1621 1577 ε’,
1640 1545 1670 1570 ὲν
1685 1542 1725 1576 οἷς
1746 1553 1818 1579 μαρ-

196 1595 275 1622 nibus
289 1592 469 1627 continebat),
483 1591 510 1618 in
524 1591 623 1625 quibus
638 1588 803 1620 testimonia,
816 1588 929 1623 locaque
940 1589 981 1615 in-

196 1645 333 1674 tegrorum
347 1638 428 1665 etiam
442 1637 583 1669 librorum,
603 1644 655 1663 non
674 1635 754 1662 modo
766 1634 859 1662 Graeca
886 1641 980 1661 verum

194 1685 277 1712 etiam
302 1683 410 1711 Persica
421 1702 429 1716 ,
450 1681 581 1709 Thracica
592 1701 600 1715 ,
626 1680 751 1716 Egyptian
765 1699 773 1711 ,
794 1679 958 1715 Babylonica
972 1698 980 1711 ,

195 1729 354 1761 Chaldaica,
373 1728 438 1762 quin
453 1732 480 1754 et
494 1726 601 1759 Italica,
613 1733 646 1753 ex
664 1726 698 1752 iis
716 1726 762 1760 qui
775 1723 846 1758 apud
860 1723 981 1757 singulas

197 1777 292 1802 harum
318 1773 438 1808 gentium
463 1772 589 1799 doctrina
616 1769 684 1797 clari
709 1769 899 1796 haberentur:
921 1775 981 1802 qua:

196 1818 303 1852 quidem
321 1817 366 1844 hic
383 1816 499 1850 scriptor
519 1822 630 1848 sancite,
655 1813 760 1841 caelesti
789 1818 868 1847 atque
883 1813 981 1840 divina:

195 1862 413 1891 Christianorum
434 1861 558 1897 religioni
581 1867 633 1888 non
652 1859 758 1887 inutilia
787 1866 847 1886 esse
866 1864 982 1886 conatur

196 1909 351 1936 ostendere.
371 1907 529 1942 Cujusmodi
548 1906 637 1938 allert,
657 1905 692 1933 de
714 1907 772 1940 ipsa
796 1912 903 1940 quoque
918 1913 980 1932 sau-

195 1954 316 1982 ctissima
333 1957 360 1980 et
380 1952 603 1980 consubstantiali
624 1950 779 1985 Trinitate;
794 1951 928 1985 quomodo
942 1950 983 1977 ni-

195 2001 296 2028 mirum
318 2007 366 2034 per
387 1999 497 2026 eosdem
527 1998 590 2025 illos
607 1997 769 2032 praedicetur
790 2002 871 2032 atque
897 2004 983 2023 enun-

196 2046 291 2072 tietur.
307 2043 372 2070 Item
386 2044 420 2070 de
441 2041 523 2070 Verbi
541 2044 567 2070 in
592 2050 674 2070 carne
691 2042 820 2073 adventu,
842 2042 982 2076 signisque

196 2091 306 2124 divinis,
322 2095 350 2117 et
366 2090 400 2117 de
419 2097 511 2121 cruce,
534 2088 700 2116 cruciatibus
718 2095 750 2115 ac
773 2087 910 2122 sepultura
926 2107 933 2120 ,
950 2088 983 2114 de

198 2136 407 2167 resurrectione,
433 2140 514 2170 atque
535 2134 704 2166 ascensione,
722 2137 749 2161 et
765 2133 798 2160 de
816 2133 980 2160 sanctissimi

198 2181 317 2218 Spiritus
332 2181 425 2216 ignitis
448 2180 548 2215 linguis
569 2179 596 2207 in
623 2179 771 2214 discipulos
797 2177 980 2212 inexplicabili

198 2229 278 2256 modo
298 2227 506 2262 superveniente
531 2226 617 2260 gratia
637 2232 687 2252 nec
709 2232 763 2252 non
787 2224 820 2251 de
840 2224 982 2251 tremendo

198 2273 301 2302 Christi
324 2272 430 2300 Domini
456 2272 540 2299 nostri
559 2270 678 2298 secundo
703 2269 819 2297 adventu
833 2290 840 2302 ,
868 2274 985 2296 mortuo-

199 2326 312 2355 rumque
321 2318 522 2347 resurrectione
535 2324 567 2344 ac
588 2316 704 2351 judicio,
721 2320 748 2343 et
765 2316 985 2343 remuneratione

199 2373 292 2393 eorum
310 2372 370 2399 quae
393 2364 421 2391 in
444 2363 501 2391 vita
521 2363 636 2397 quisque
661 2361 789 2397 gesserit.
811 2361 852 2389 Ad
872 2361 930 2389 haec
953 2362 985 2389 de

199 2411 321 2439 universi
336 2410 450 2442 fabrica,
459 2409 492 2436 de
504 2407 687 2443 providentia.
700 2407 733 2435 de
748 2407 886 2442 paradiso,
898 2408 986 2442 deque

200 2455 345 2484 similibus.
367 2454 437 2488 Quin
451 2458 478 2481 et
500 2453 535 2481 de
558 2453 658 2480 virtute
676 2452 891 2480 Christianorum
920 2460 984 2487 pro-

200 2501 259 2537 pria
281 2505 310 2528 et
321 2499 421 2534 siquid
436 2499 500 2527 huic
516 2499 659 2526 ﬁnitimum
671 2503 722 2527 est.
738 2497 776 2526 De
788 2499 831 2526 his
856 2498 984 2526 omnibus

237 2546 260 2562 ¹⁶
276 2545 332 2573 lsa.
350 2553 388 2578 vr,
403 2544 431 2572 6.

1030 1589 1119 1624 τυρίαι
1137 1589 1218 1624 δῆθεν
1240 1590 1288 1617 καὶ
1311 1590 1425 1626 χρήσεις
1457 1590 1613 1626 ὁλοκλήρων
1641 1591 1738 1625 λόγων,
1766 1591 1818 1626 οὐχ

1036 1635 1189 1670 Ἑλληνικαὶ
1218 1637 1316 1671 μόναι,
1342 1637 1409 1664 ἀλλὰ
1426 1637 1471 1663 καὶ
1488 1637 1622 1672 Περσικαὶ
1638 1638 1684 1664 καὶ
1703 1638 1818 1674 Θρᾲκιοι

1030 1680 1078 1706 κα)⁸
1095 1680 1241 1715 Αἰγύπτιοι
1268 1683 1316 1709 καὶ
1339 1682 1547 1710 Βαϐυλωνιακαὶ
1559 1684 1580 1699 ³⁷
1607 1684 1654 1711 καὶ
1666 1684 1819 1711 Χαλδαῖκαὶ

1031 1723 1078 1750 καὶ
1090 1724 1122 1758 δὴ
1142 1725 1190 1750 καὶ
1215 1725 1311 1751 Ἰταλοὶ
1326 1726 1357 1752 ἐκ
1370 1725 1424 1752 τῶν
1445 1727 1510 1762 παρ’
1525 1728 1652 1760 ἑκάστοις
1666 1728 1818 1756 δοκούντων

1030 1768 1128 1802 λογίων
1144 1769 1385 1805 κατεστρώθησαν,
1405 1770 1436 1803 ἃς
1448 1772 1462 1798 ὁ
1479 1773 1654 1808 συγγραφεὺς
1681 1781 1820 1809 συμφερο-

1033 1815 1115 1849 μὲνας
1129 1817 1257 1851 πειρᾶται
1271 1816 1404 1843 δεικνύειν
1420 1818 1452 1853 τῇ
1463 1817 1517 1844 τῶν
1531 1819 1704 1854 Χριστιανῶν
1719 1819 1820 1854 ἀχράν-

1031 1869 1070 1896 τῳ
1093 1861 1141 1888 καὶ
1154 1862 1291 1896 ὑπερφυεῖ
1317 1863 1364 1888 καὶ
1392 1863 1522 1901 θειοτάτῃ
1537 1864 1682 1900 θρησκείᾳ,
1702 1865 1767 1899 περί
1786 1874 1817 1892 τε

1032 1907 1116 1942 αὐτῆς
1131 1907 1178 1943 τῆς
1188 1908 1351 1944 ὑπερουσίου
1367 1909 1565 1944 καὶόμοουσίου
1579 1911 1704 1946 Τριάδος,
1719 1912 1756 1943 ὡς
1770 1912 1818 1938 καὶ

1032 1954 1077 1980 ὑπ’
1089 1954 1201 1980 ἐκείνων
1215 1954 1379 1990 κηρύττεται
1398 1955 1444 1981 καὶ
1457 1954 1682 1989 καταγγέλλεται,
1709 1955 1771 1991 περί
1788 1964 1819 1982 τε

1032 2001 1080 2034 τῆς
1093 2001 1122 2026 ὲν
1138 2001 1220 2036 σαρλὰ¹
1242 2001 1291 2027 τοῦ
1314 2000 1401 2036 Λόγου
1419 2002 1581 2036 παρουσίας,
1595 2001 1650 2028 τῶν
1674 2011 1703 2028 τε
1720 2002 1820 2037 θεοση-

1034 2044 1118 2078 μειῶν
1131 2045 1232 2071 καὶτοῦ
1243 2045 1360 2081 σταυροῦ
1371 2046 1419 2072 καὶ
1430 2046 1477 2072 τοῦ
1490 2046 1592 2078 πάθους
1606 2047 1653 2074 καὶ
1668 2048 1717 2082 τῆς
1728 2050 1820 2083 ταφῆς

1033 2089 1080 2116 καὶ
1097 2090 1146 2125 τῆς
1165 2090 1339 2122 ἀναστάσεως
1354 2092 1404 2126 τῆς
1419 2099 1449 2117 τε
1475 2091 1634 2128 ἀναλήψεως
1646 2093 1693 2120 καὶ
1707 2093 1757 2128 τῆς
1770 2094 1818 2121 τοῦ

1033 2135 1165 2169 παναγίου
1184 2135 1341 2171 Πνεύματος
1356 2136 1484 2172 πυρίναις
1498 2136 1635 2171 γλώσσαις
1648 2139 1819 2174 ἐπιχορηγη-

1034 2180 1126 2216 θείσης
1139 2182 1194 2212 τοῖς
1207 2181 1341 2216 μαθηταῖς
1359 2182 1428 2217 ὑπὲρ
1444 2182 1523 2216 λόγον
1539 2183 1660 2218 χάριτος,
1672 2185 1719 2210 καὶ
1729 2184 1761 2219 δὴ
1772 2185 1820 2211 καὶ

1033 2227 1083 2262 τῆς
1098 2226 1216 2261 φοϐερᾶς
1230 2226 1348 2262 Χριστοῦ
1365 2227 1411 2253 τοῦ
1430 2227 1496 2254 Θεοῦ
1512 2229 1589 2264 ἡμῶν
1603 2228 1730 2265 δευτέρας
1746 2239 1820 2266 παρ-

1031 2272 1126 2304 ουσίας
1136 2273 1182 2298 καὶ
1198 2272 1249 2307 τῆς
1259 2272 1314 2299 τῶν
1336 2273 1441 2308 νεκρῶν
1457 2274 1633 2306 ἀναϐιώσεως
1645 2275 1692 2302 καὶ.
1703 2276 1822 2311 κρίσεως

1034 2316 1082 2343 καὶ
1090 2316 1208 2351 ἀμοιϐῆς
1217 2313 1254 2343 ὧν
1269 2316 1383 2348 ἕκαστος
1399 2317 1429 2343 ὲν
1457 2317 1507 2353 βίῳ
1520 2317 1694 2354 διεπράξατο.
1718 2319 1755 2346 Οὐ
1770 2320 1822 2354 μό·-

1034 2370 1079 2389 νον
1087 2362 1115 2388 δὲ
1126 2361 1194 2389 ἀλλὰ
1204 2362 1251 2389 καὶ
1267 2363 1331 2397 περὶ
1347 2362 1369 2378 ³⁸
1381 2363 1430 2397 τῆς
1455 2362 1502 2389 τοῦ
1519 2363 1621 2395 παντὸς
1639 2364 1822 2400 δημιουργίας

1035 2407 1082 2435 καὶ
1100 2407 1239 2442 προνοίας,
1256 2408 1421 2443 παραδείσου
1430 2417 1459 2435 τε
1472 2410 1520 2436 καὶ
1530 2409 1584 2435 τῶν
1600 2410 1749 2445 συστοίχων
1760 2411 1823 2437 τού-

1037 2462 1106 2486 τοις,
1124 2454 1171 2480 καλ
1187 2454 1219 2489 δὴ
1243 2454 1291 2480 καὶ
1304 2455 1367 2489 περὶ
1379 2455 1480 2490 ἀρετῆς
1492 2456 1541 2490 τῆς
1556 2455 1632 2490 παρὰ
1644 2456 1821 2492 Χριστιανοῖς

1037 2499 1221 2535 ἀσκουμένης,
1233 2499 1280 2525 καὶ
1293 2499 1351 2526 εἴτι
1362 2499 1464 2535 ταύτης
1478 2500 1749 2536 παραπλήσιον,περὶ
1759 2501 1824 2528 τοὺ-

833 2590 951 2619 VARUE
972 2590 1176 2619 LECTIONES.

251 2639 272 2654 ³¹
286 2638 378 2672 ἓτεραι
390 2638 573 2673 apographum
595 2637 733 2673 Stephani.
773 2637 795 2653 ³⁹
810 2637 904 2673 σχόλια
922 2638 955 2671 Δ,
977 2637 1040 2672 σχολ
1053 2646 1059 2652 ·
1085 2638 1115 2670 C,
1128 2637 1313 2672 superscripto
1329 2637 1344 2663 λ
1362 2645 1369 2664 :
1387 2637 1541 2673 σχόλιονςη
1567 2639 1588 2655 ³³
1601 2638 1772 2673 διασαφεῖται
1792 2648 1824 2671 ς.

203 2673 228 2690 ⁸⁸
241 2673 283 2709 τε]
299 2673 327 2700 δέ
340 2682 370 2709 ς.
386 2673 417 2699 τό
435 2674 457 2699 Α
471 2673 542 2709 ςντόν
555 2681 585 2704 ς.
624 2672 645 2689 ³⁸
657 2673 670 2698 ὁ
684 2673 745 2700 add.
766 2679 807 2707 pr.
825 2673 857 2699 A.
896 2672 918 2688 "
931 2672 1027 2699 ἕνωσιν
1039 2673 1061 2699 Α
1074 2673 1205 2700 εκένωσιν
1223 2673 1244 2700 C
1258 2681 1287 2704 ς.
1298 2672 1422 2708 Ἡσαΐας]
1435 2681 1495 2708 cap.
1510 2672 1552 2707 Vl,
1568 2673 1595 2700 6.
1633 2674 1654 2690 ³⁷
1671 2674 1825 2701 Βαϐυλωνι-

203 2709 251 2736 καί
262 2708 292 2740 ςί.
332 2708 354 2724 ³⁸
366 2708 429 2744 ’περί
445 2708 506 2735 add.
523 2708 556 2736 Α.

939 2751 1054 2780 ΝΟΤΕ.

239 2801 296 2840 (ἓξ)
313 2801 398 2840 cuius
414 2801 524 2840 emissio
537 2804 618 2836 atque
634 2801 802 2830 caeremoniae
814 2801 902 2830 Levit.
923 2809 967 2831 xvr
988 2805 1156 2840 praescripta.

240 2837 296 2872 (85)
308 2837 352 2863 ΑΙ.
373 2836 515 2864 Unionem.
