1923 3091
83 164 129 196 497

603 164 866 195 BIBLIOTHECA.
883 178 919 183 —
937 165 1020 196 COD.
1049 165 1158 196 CLXX.

1667 165 1720 196 498

84 228 137 246 των
152 219 280 246 ἁπάντων
296 219 319 235 ³⁹
334 217 451 254 Ἕλλησί
463 227 493 245 τε
502 219 549 245 καὶ
566 219 729 254 Αἰγυπτίοις
742 220 789 246 καὶ
800 220 874 246 Χαλ-

944 221 1055 252 irzecos,
1076 219 1239 255 Atigyptios,
1260 219 1422 254 Chaldaeos,
1441 223 1469 248 et
1490 227 1561 255 quos
1582 220 1718 248 nominavi

83 266 166 296 δαὶοις
187 265 236 291 καὶ
257 265 314 295 τοῖς
333 263 543 299 προειρημένοις
559 263 622 300 [581
642 264 666 291 R
728 264 874 296 πεφιλοσο-

83 311 185 346 φῆσθαί
212 319 241 336 τε
256 311 304 336 καὶ
322 309 538 345 διακεκηρῦχθαι
553 311 583 337 ἐν
604 310 681 341 ἰδίοις
700 309 792 337 αὐτῶν
815 318 875 336 πει-

86 359 164 393 ρᾶται
191 356 330 383 δεικνύναι
355 355 581 391 συγγράμμασιν.
610 356 648 383 Οὐ
679 356 760 391 μόνον
780 356 809 383 δὲ
821 356 876 383 ἀπὸ

85 404 137 431 τῶν
148 403 304 438 εἰρημένων
316 403 340 418 ⁸ο
351 403 459 438 ἀγείρει
486 403 533 429 καὶ
549 402 690 437 συντίθησι
704 402 754 434 τὰς
772 410 876 438 μαρτυ-

86 450 156 486 ρῖας,
174 448 241 475 ἀλλὰ
254 449 302 475 καὶ
315 448 370 475 ἀπὸ
392 448 447 475 τῶν
458 448 642 483 χειμευτικῶν
652 447 674 464 ⁵¹
690 448 817 483 Ζωσίμου
833 448 878 474 λό-

86 504 141 530 γων
157 495 286 531 (Θηϐαῖος
299 495 322 522 δ’
341 493 375 531 ἦν
387 491 466 526 οὗτος
486 494 684 531 Πανοπολίτης)
698 496 748 521 οὐκ
765 495 787 510 δ’
804 494 879 530 ἐφεί-

86 551 151 569 σατο
163 542 273 576 τάμθε
288 541 336 577 ιι]
363 541 434 568 αὐτὰ
454 541 689 574 κατασκευάζειν·
708 542 737 568 ἐν
763 538 804 573 οἷς
833 542 880 568 καὶ

90 587 246 623 Ἑϐραϊκῶν
269 587 369 619 λέξεων
384 587 406 603 ⁵⁸
434 587 572 614 ἐκτίθεται
593 587 745 622 σημασίας,
766 588 813 613 καὶ
825 587 880 614 τῶν

86 630 245 657 ἀποστόλων
259 630 375 662 ἕκαστος
389 630 453 658 ἔνθα
471 639 501 656 τε
518 629 542 646 ⁸⁵
555 630 586 656 τὸ
604 631 740 666 σωτήριον
762 630 881 666 ἐκήρυξε

88 679 216 714 μάθημα,
235 678 282 705 καὶ
307 678 336 705 ὲν
409 678 485 713 τόπῳ
508 678 564 705 τῶν
587 677 766 713 ἀνθρωπίνων
792 677 882 706 πόνων

86 725 274 752 ἀνεπαύσατο.
298 724 358 751 Ἐτιὶ
368 724 440 751 τέλει
453 725 482 751 δὲ
497 724 551 750 τῶν
568 724 656 758 λόγων
685 724 732 751 καὶ
747 723 881 759 παραίνε-

88 779 129 797 σιν
146 770 217 797 ἰδίαν
228 770 421 802 κατατίθεται,
436 769 640 805 γνωμολογίαις
657 778 686 796 τε
701 770 757 797 τῶν
769 770 821 802 ἔξω
836 771 884 797 καὶ

88 817 239 852 Γραφικοῖς
264 816 368 850 λογίοις
394 816 499 851 ταύτην
529 816 701 850 συνυφαίνων
723 816 771 843 καὶ
792 816 884 843 διαπι-

88 864 240 898 στούμενος
251 871 257 877 ·
285 864 314 890 ἐν
384 863 502 898 μάλιστα
518 863 549 889 τὸ
567 863 714 898 φιλάρετον
726 861 776 889 τοῦ
789 863 884 899 ἀνδρὸς

88 911 135 937 καὶ
150 910 182 936 τὸ
200 911 242 942 sl;
259 909 404 941 εὐσέϐειαν,
417 910 577 945 ἀδιάϐλητον
592 910 668 937 ἔστιν
686 910 846 944 ἐπιγνῶναι.

130 956 164 983 ’ῐι
176 957 205 982 δὲ
228 956 283 983 τῶν
296 956 382 990 λόγων
394 956 478 983 αὑτοῦ
493 957 516 972 ⁵⁵
534 956 589 982 ἰδέα
612 956 663 982 οὐκ
678 956 818 990 ἀφέστηκε
836 955 884 982 τοῦ

90 1001 163 1036 μηδέ
182 1001 239 1027 ἰδέα
254 999 324 1027 εἶναι
334 1009 341 1017 ·
360 1001 378 1036 ἦ
397 1009 427 1027 τε
438 1000 492 1036 γὰρ
500 1001 624 1036 συνθήκη
639 1002 669 1027 ἐν
680 1001 788 1033 πολλοῖς
798 1000 886 1033 οὕτως

89 1048 284 1083 ἁπημέληται.
308 1047 355 1075 καὶ
377 1049 393 1083 ἡ
413 1047 485 1080 λέξις
498 1048 544 1074 ἐπὶ
573 1048 712 1080 τοσοῦτον,
730 1047 802 1075 ὥστε
819 1048 886 1083 μηδὲ

90 1093 148 1118 τῶν
164 1093 198 1119 ἐκ
219 1093 327 1128 τριόδου
357 1093 488 1128 ῥημάτων
511 1094 596 1119 ἐνίοτε
625 1093 774 1128 φείδεσθαι.
795 1094 850 1120 Καὶ
873 1094 888 1120 ὁ

90 1138 156 1170 νοῦς
167 1138 196 1164 δὲ
216 1139 271 1164 τῶν
288 1140 471 1174 γραφομένων
483 1139 558 1174 αὐτῷ
570 1139 700 1171 πολλάκις
713 1139 791 1166 οὐδὲν
805 1139 887 1175 ἀμεί-

89 1194 157 1211 νων.
170 1186 226 1211 Καὶ
240 1185 286 1211 τὸν
304 1185 353 1219 μὲν
378 1184 425 1210 τοῦ
446 1185 541 1220 ἀνδρὸς
564 1185 645 1211 πόνον
666 1186 713 1212 καὶ
729 1185 775 1212 τὸν
788 1185 888 1213 σκοπὸν

89 1232 144 1258 οὐκ
159 1231 193 1258 ἄν
205 1239 248 1262 τις
260 1231 440 1265 εὐγνωμονῶν
449 1231 645 1265 ἐπιμέμφοιτο,
656 1231 748 1258 οὐκέτι
756 1231 778 1257 δ’
789 1231 890 1266 ὁμοίως

90 1278 143 1304 καὶ
167 1278 200 1304 τὸ
215 1278 306 1313 ἔργον.
335 1278 372 1304 Οὐ
393 1278 463 1312 ῥητὰ
477 1278 531 1312 γὰρ
561 1278 640 1312 μόνον
656 1279 685 1305 ἐν
710 1277 817 1310 πολλοῖς
843 1279 890 1306 καὶ

91 1324 228 1355 πολλάκις
244 1323 404 1358 ἀνάρμοστα
417 1325 473 1354 τοῖς
486 1323 633 1359 ἡμετέροις
649 1323 731 1355 θείοις
757 1323 891 1359 δόγμασιν

92 1369 266 1406 ἐφαρμόζειν
281 1370 451 1402 ἐκϐιάζεται,
471 1370 540 1395 ἀλλὰ
554 1370 602 1396 καὶ
632 1369 734 1405 μύθους
747 1369 795 1396 καὶ
822 1370 891 1396 ὀνεί-

93 1425 161 1452 ρους
173 1417 238 1448 τοὺς
254 1416 320 1451 παρ’
346 1415 436 1443 αὺτῶν
459 1416 572 1442 ἐκείνων
588 1416 643 1442 τῶν
654 1416 789 1443 τεκόντων
807 1416 892 1450 γελωι

95 1463 198 1498 μένους
214 1462 257 1496 ἂν,
271 1462 329 1496 εἴγε
345 1463 495 1497 σωφρονεῖν
514 1461 637 1497 ἔμελλον.
663 1462 692 1489 '0
708 1461 737 1488 δὲ
751 1461 812 1488 οὐδὲ
830 1461 892 1488 τού-

92 1519 162 1542 τους
171 1510 263 1544 λέγειν
280 1510 455 1544 παραιτεῖται
468 1510 502 1544 τῇ
518 1508 643 1543 ἡμετέρα
671 1508 801 1543 θεοσοφίᾳ
824 1516 892 1542 συμιη

94 1555 245 1590 φέρεσθαι,
274 1555 342 1582 ἀλλὰ
356 1554 403 1581 καὶ
421 1555 531 1581 σπεύδει
545 1554 595 1590 τὴν
607 1555 636 1580 ἐν
655 1555 711 1585 τοῖς
726 1553 821 1588 μύθοις
845 1553 892 1580 καὶ

93 1602 217 1637 ὀνείροις
236 1601 382 1628 ἀλλόκοτον
396 1601 502 1628 ἔννοιαν
515 1602 556 1633 εἰς
566 1601 616 1632 τὰς
632 1601 745 1636 ἀληθεῖς
760 1600 807 1626 καὶ
832 1600 892 1626 θεο-

94 1649 216 1684 πρεπεῐς
232 1648 280 1674 καὶ
296 1647 534 1682 ἀπαραγράπτους
561 1647 608 1673 καὶ
634 1645 759 1681 καθαρὰς
789 1645 895 1676 ἐννοίας

94 1695 147 1722 τοῦ
164 1694 240 1722 θείου
252 1694 389 1729 δόγματος
413 1693 590 1721 ἀνατίθεσθαι
608 1698 616 1707 ⁸
634 1691 664 1725 ἐξ
679 1689 717 1719 ὦν
733 1691 826 1727 κέρδος
847 1692 895 1727 μὲν

96 1741 156 1768 οὐδ’
169 1739 262 1767 ὁτιοῦν
273 1742 307 1775 τῇ
320 1739 459 1775 εὐσεϐείᾳ,
479 1738 608 1773 ἀφορμὰς
622 1738 651 1764 δὲ
667 1737 754 1773 λαϐῆς
770 1738 831 1764 κατ’
847 1737 896 1765 αύ-

97 1788 150 1823 τῆς
161 1787 219 1817 τοῖς
245 1785 389 1820 φιλαιτίοις
402 1787 454 1812 οὐκ
469 1785 502 1811 ἂν
517 1784 622 1818 ἀλόγως
634 1784 699 1819 δόξῃ
714 1783 874 1819 πορίζεσθαι
887 1803 895 1816 ,

97 1835 159 1868 εῐγε
180 1833 229 1859 καὶ
242 1832 277 1859 τὰ
301 1832 386 1868 μηδὲν
406 1831 590 1867 προσήκοντα,
619 1830 688 1857 ἀλλὰ
700 1830 748 1857 καὶ
768 1830 806 1860 ὡς
820 1829 896 1856 τιλεί-

103 1889 171 1907 ατον
185 1879 406 1914 ἀπεμφαίνοντα,
423 1877 631 1914 ἐπιχειροῦντας
642 1886 718 1909 τινας
728 1876 783 1903 τῶν
796 1876 898 1911 ἡμετέ-

101 1938 161 1964 ρων
175 1927 267 1960 ἕξουσι
283 1926 417 1953 δεικνύειν
440 1927 480 1957 είς
505 1925 637 1952 σύστασιν
663 1925 713 1960 τῆς
730 1924 899 1959 ἁπροσδεοῡς

100 1975 151 2001 καὶ
168 1974 256 2009 μόνης
270 1973 397 2007 καθαρᾶς
414 1972 461 1998 καὶ
476 1971 594 2007 ἀληθοῦς
607 1971 737 2006 λατρείας
756 1970 847 2005 ἡμῶν,
865 1970 899 1996 τὰ

101 2021 219 2047 ἐκείνων
231 2019 445 2054 ἐκϐιαζομένους
464 2019 512 2045 καὶ
541 2017 749 2053 ἐπιχειροῦντας
763 2019 802 2048 εἰς
828 2026 899 2052 συμ-

102 2068 211 2102 φωνίαν
228 2067 317 2101 ἄγειν,
328 2066 346 2093 ἃ
359 2066 440 2093 πλέον
455 2066 525 2101 πρὸς
536 2066 570 2092 τὰ
585 2065 709 2100 ἡμέτερα
725 2064 742 2099 ἢ
757 2064 786 2090 τὸ
804 2064 900 2095 σκότος

103 2115 176 2150 πῷς
188 2114 220 2140 τὸ
241 2113 300 2147 φῶς
316 2113 473 2147 διέστηκεν
490 2112 573 2138 ὑπέδυ
592 2111 622 2138 δὲ
654 2111 700 2138 τὸν
729 2110 901 2145 πολύμοχθον

102 2161 202 2187 τοῦτον
217 2161 231 2186 ὁ
252 2159 397 2193 ἄνθρωπος
411 2159 504 2190 πόνον,
519 2157 556 2188 ὡς
574 2157 656 2189 αὐτὸς
682 2156 814 2188 πολλάκις
840 2156 902 2191 ἐδή-

103 2206 206 2237 λωσεν,
237 2204 281 2230 ἵνα
301 2203 393 2236 δείξας
417 2202 447 2228 τὸ
469 2203 642 2238 Χριστιανῶν
664 2202 753 2237 δόγμα
768 2202 797 2228 ὲν
818 2202 902 2228 πᾶσιν

926 270 1040 294 caeteros
1064 265 1290 301 phi1050phatos,
1327 266 1477 300 eademque
1506 267 1564 294 suis
1597 266 1719 301 ipsorum

927 313 1039 348 scriptis
1063 312 1230 348 divulgasse,
1250 313 1394 340 ostendere
1409 313 1515 340 nititur.
1538 312 1633 348 Neque
1653 319 1720 340 vero

928 359 1025 386 horum
1058 359 1246 386 tantummodo
1275 359 1432 386 testimonia
1457 363 1585 393 congesta
1609 358 1720 391 laudat,

928 410 1010 441 atque
1034 405 1158 438 advocat,
1176 404 1224 432 sed
1237 409 1266 432 et
1279 412 1295 432 e
1309 404 1415 440 frigidis
1437 403 1495 440 (84)
1517 404 1619 432 Zosimi
1643 404 1721 432 libris

929 451 1023 486 petita.
1040 450 1185 478 Thebanus
1199 450 1251 478 fuit
1264 450 1310 479 hic
1325 450 1498 486 Panopolita,
1517 451 1563 486 qui
1578 458 1666 486 neque
1675 458 1721 478 ar-

930 496 1066 531 gumentis
1082 498 1177 524 eadem
1189 496 1306 531 probare
1319 496 1449 532 neglexit,
1465 497 1493 524 in
1506 498 1605 532 quibus
1623 503 1649 525 et
1665 497 1722 524 He-

931 542 1089 570 braicarum
1106 542 1428 578 vocumsigniﬁcationes
1441 543 1565 578 exponit,
1582 547 1610 570 et
1624 543 1723 578 singuli

931 587 1041 614 ubinam
1067 586 1188 615 locorum
1201 586 1316 622 apostoli
1331 587 1482 614 salutarem
1492 587 1643 615 doctrinam
1655 596 1724 622 prte-

932 634 1058 667 dlcarint,
1081 640 1189 669 quaque
1207 634 1313 660 ratione
1337 633 1464 660 humanis
1480 632 1554 660 curis
1577 640 1609 660 ac
1625 633 1724 660 labori-

933 680 982 708 bns
1007 680 1064 707 sint
1088 679 1219 707 defuncti.
1238 681 1328 707 Donec
1341 680 1375 706 ad
1398 680 1478 706 linem
1500 681 1610 707 tandem
1628 679 1725 707 borum

933 726 1075 759 librorum,
1095 733 1172 753 suam
1191 733 1298 761 quoque
1314 725 1395 754 all'ert
1406 726 1630 758 admonitionem,
1643 732 1725 760 quam

934 773 1053 806 gentium
1076 772 1241 804 sententiis,
1271 779 1304 800 ac
1331 771 1480 807 Scriptura:
1511 771 1581 799 locis
1603 771 1726 798 contexit

935 823 1016 853 alque
1031 818 1175 846 conﬁrmat
1192 827 1198 846 :
1215 818 1241 845 in
1256 826 1309 853 qua
1332 818 1504 853 potissimum
1519 817 1638 846 hominis
1655 817 1726 845 illius

936 872 997 892 cum
1011 865 1121 892 virtutis
1132 865 1329 898 sludium,tum
1342 864 1408 892 nulli
1420 864 1566 892 obnoxiam
1582 863 1725 891 calumnia:

937 911 1064 946 pietatem
1081 911 1146 938 licet
1163 918 1321 947 agnoscere.

971 958 1013 985 Ad
1039 956 1171 984 orationis
1190 964 1254 984 vero
1277 957 1336 992 ejus
1352 957 1441 984 ideam
1469 957 1540 991 quod
1561 957 1670 990 attinet,
1695 963 1727 982 et

938 1004 1011 1031 nulla
1027 1011 1088 1031 esse
1108 997 1188 1038 posse
1202 1003 1319 1030 videtur.
1338 1002 1406 1030 Nam
1426 1009 1454 1030 et
1466 1003 1626 1037 compositio
1647 1003 1684 1029 ita
1700 1001 1708 1029 i
1722 1012 1727 1027 I

939 1049 1074 1085 plerisque
1098 1050 1220 1085 neglecta
1242 1053 1294 1081 est,
1313 1048 1433 1082 ipsmque
1454 1049 1520 1075 adeo
1535 1048 1681 1079 dictiones,
1699 1054 1729 1073 ut

939 1104 988 1124 nec
1006 1103 1020 1123 a
1034 1095 1187 1124 trivialibus
1210 1095 1346 1122 interdum
1361 1095 1451 1122 verbis
1463 1094 1618 1121 abstineat:
1636 1098 1663 1119 «ιι
1682 1100 1729 1119 eo-

939 1148 999 1168 rum
1013 1140 1078 1168 item
1098 1148 1158 1176 qua:
1175 1139 1272 1168 scribit
1286 1141 1421 1168 sententia
1431 1140 1516 1167 nihilo
1525 1139 1569 1167 his
1581 1138 1728 1173 aliquando

940 1186 1037 1214 melior
1053 1187 1155 1214 evadit.
1178 1186 1269 1220 Quare
1297 1186 1348 1214 etsi
1366 1186 1486 1213 laborem
1499 1185 1562 1217 viri,
1581 1185 1676 1220 117i:
1697 1190 1730 1212 ac

939 1239 1052 1266 scopum
1076 1233 1204 1260 cordatus
1224 1240 1305 1260 nemo
1321 1233 1420 1260 merito
1437 1233 1629 1266 reprehendat,
1643 1231 1731 1265 ipsum

942 1282 1033 1304 tamen
1047 1284 1116 1311 opus
1133 1285 1186 1304 non
1205 1277 1316 1311 perinde
1332 1284 1361 1304 se
1377 1277 1468 1303 habet.
1488 1275 1546 1302 Non
1561 1275 1648 1302 solum
1658 1273 1731 1302 enim

941 1323 1113 1350 dissentanea
1133 1329 1204 1357 swpe
1219 1323 1246 1349 in
1267 1322 1360 1349 multis
1377 1322 1449 1349 dicta
1465 1321 1564 1348 divinae
1583 1324 1684 1347 nostra
1698 1319 1732 1347 ii-

942 1370 984 1398 dei
1000 1370 1208 1397 accommodare
1226 1369 1339 1402 nititur;
1357 1376 1451 1396 verum
1472 1368 1555 1394 etiam
1577 1366 1685 1394 tabulas
1701 1373 1734 1394 ae

942 1417 1058 1450 somnia,
1073 1424 1134 1452 quae
1148 1416 1191 1444 vel
1207 1416 1240 1443 ab
1253 1416 1388 1451 ipsismet,
1405 1416 1451 1449 qui
1465 1414 1643 1449 prodiderunt
1662 1413 1735 1440 scri-

943 1463 1080 1497 ptoribus,
1094 1463 1117 1490 si
1127 1462 1192 1497 quid
1207 1466 1348 1496 saperent,
1363 1461 1530 1488 irrideantur
1548 1469 1555 1487 :
1569 1467 1629 1495 qua
1641 1464 1732 1486 tamen

943 1509 988 1536 ille
1002 1509 1163 1537 Christiana:
1185 1513 1286 1536 nostra:
1309 1508 1371 1535 ﬁdei
1393 1507 1546 1535 conducere
1573 1506 1641 1533 adeo
1660 1505 1734 1532 alii--

945 1563 1020 1583 tnare
1035 1563 1089 1582 non
1105 1559 1226 1588 veretur,
1241 1560 1270 1582 ut
1280 1554 1404 1583 studiose
1416 1561 1525 1589 quoque
1542 1552 1696 1580 fabularum
1707 1557 1736 1580 et

945 1601 1114 1628 somniorum
1140 1601 1258 1628 alienum
1275 1606 1386 1627 sensum
1399 1599 1425 1626 in
1437 1606 1526 1632 veros,
1551 1598 1622 1633 pios,
1638 1604 1736 1633 puros-

946 1655 999 1682 que
1013 1654 1046 1674 ac
1067 1647 1189 1675 sinceras
1212 1646 1296 1674 divini
1319 1645 1454 1681 dogmatis
1471 1652 1569 1672 sensus
1589 1644 1736 1672 traducat:

946 1692 1018 1721 unde
1041 1696 1071 1720 ut
1093 1692 1308 1720 emolumentum
1330 1691 1443 1719 omnino
1464 1689 1568 1717 nullum
1589 1697 1660 1717 veras
1673 1689 1738 1717 reli-

947 1738 1019 1774 gioni
1039 1737 1173 1769 attulisse,
1189 1738 1226 1765 ita
1243 1737 1409 1765 criminandi
1422 1736 1594 1764 occasionem
1607 1734 1739 1762 cavillan-

948 1785 1020 1812 tibus
1041 1784 1209 1819 prmbuisse,
1232 1791 1286 1811 non
1308 1782 1407 1817 injuria
1432 1782 1567 1809 videatur.
1587 1780 1738 1809 Ostendere

948 1830 1084 1865 siquidem
1107 1829 1236 1863 deinceps
1251 1833 1346 1864 gentes
1361 1832 1490 1863 poterunt
1507 1835 1523 1855 θ
1543 1827 1643 1855 nostris
1655 1834 1739 1862 quos—

949 1876 1020 1908 dam,
1046 1876 1092 1910 qui
1111 1876 1144 1902 ad
1169 1874 1412 1903 commendandam
1438 1873 1596 1908 religionem
1618 1877 1740 1901 nostratn

950 1922 1021 1956 (qua:
1033 1921 1090 1948 sola
1104 1928 1171 1955 pura
1186 1925 1228 1948 est
1246 1929 1278 1947 ac
1300 1928 1375 1952 vera,
1393 1927 1480 1954 neque
1494 1920 1546 1946 ulla
1563 1924 1694 1954 prmterea
1710 1925 1740 1945 re

949 1974 1017 2001 opus
1034 1966 1127 1999 habet)
1145 1966 1280 2000 ejusmodi
1301 1966 1457 1997 adhibeant,
1476 1973 1537 1999 qua:
1553 1964 1621 1991 nihil
1636 1964 1670 1991 ad
1683 1971 1740 1991 rem

950 2012 1115 2047 pertineant,
1139 2012 1206 2047 quin
1223 2012 1369 2039 maximam
1386 2012 1477 2046 potius
1499 2015 1605 2046 partem
1630 2017 1742 2046 prorsus

952 2059 1042 2086 aliena
1058 2059 1124 2091 sint,
1141 2058 1205 2092 quia
1218 2066 1262 2085 res
1275 2057 1383 2084 illorum
1395 2057 1545 2085 conciliare
1560 2064 1622 2084 cum
1637 2056 1739 2084 nostris

952 2109 1097 2137 conentur,
1114 2112 1129 2132 a
1142 2104 1243 2139 quibus
1260 2109 1350 2130 tanten
1368 2102 1555 2134 nihilominus,
1572 2109 1654 2136 quam
1671 2109 1685 2128 a
1699 2101 1742 2127 lu-

954 2151 1027 2178 mine
1048 2151 1176 2180 tenebrze,
1199 2148 1341 2183 disiuncta:
1366 2148 1432 2175 sint.
1453 2147 1542 2174 Subiit
1555 2154 1622 2174 vero
1644 2146 1688 2173 ille
1700 2145 1744 2172 in-

954 2201 1059 2232 gentem
1074 2197 1146 2223 hunc
1159 2195 1289 2227 laborem,
1303 2191 1374 2228 quod
1388 2195 1445 2228 ipse
1455 2193 1603 2220 identidem
1618 2197 1743 2224 testatur,

105 2251 199 2278 ἔθνεσι
214 2248 457 2285 προκαταγγελθὲν
471 2248 547 2284 παρὰ
558 2247 612 2275 τῶν
620 2249 650 2273 ἐν
663 2248 790 2278 ἑκάστοις
802 2247 884 2281 λογίω

955 2247 984 2269 ut
1001 2247 1120 2275 ostenso,
1143 2241 1360 2269 Christianorum
1390 2238 1541 2268 doctrinam
1567 2240 1595 2266 in
1619 2238 1745 2266 omnibus

105 2299 156 2325 καὶ
171 2296 441 2333 προκηρυττόμενον,
469 2294 690 2328 ἀναπολογήτους
716 2293 813 2328 ἐλέγξῃ
837 2292 901 2324 τοὺς

106 2345 139 2376 ἑξ
164 2343 260 2374 ἐθνῶν,
274 2343 332 2369 ὅσοι
356 2341 393 2377 μὴ
415 2341 453 2376 τῷ
468 2340 532 2375 θείῳ
560 2339 713 2375 προσῆλθον
729 2339 899 2374 κηρύγματι.

106 2391 188 2417 Καὶὸ
221 2390 272 2425 μὲν
289 2389 390 2420 σκοπὸς
408 2387 559 2420 ἐπαινετὺς,
578 2387 628 2413 οὐκ
641 2385 694 2412 ἔδει
718 2386 747 2412 δὲ
761 2385 795 2411 δι’
814 2381 852 2411 ὧν
868 2383 902 2420 ἦν

108 2437 214 2472 ἄπορόν
227 2445 255 2463 τε
272 2435 468 2467 καὶάπίοανον,
485 2434 552 2461 ἀλλὰ
568 2433 601 2460 δι’
625 2429 663 2459 ὧν
677 2431 806 2467 ἐνεχώρει
825 2432 871 2458 καὶ
885 2432 903 2467 ἠ

108 2484 203 2514 πίστις
216 2481 370 2513 συνείπετο,
387 2480 482 2506 τοῦτον
495 2478 687 2514 περαίνεσθαι.

956 2287 1083 2322 gentibus
1095 2287 1305 2321 praenuntiatum
1320 2285 1415 2319 fuisse,
1433 2290 1460 2313 et
1470 2286 1504 2312 ab
1512 2284 1745 2320 eloquentissimis

955 2333 1108 2368 quibusque
1123 2333 1149 2359 in
1163 2332 1278 2367 singulis
1293 2332 1449 2359 nationibus
1465 2331 1651 2366 prmdicatam,
1668 2331 1745 2357 inex-

955 2380 1091 2408 cusabiles
1106 2387 1153 2407 eos
1164 2387 1260 2407 omnes
1274 2380 1344 2406 inter
1369 2383 1463 2414 gentes
1475 2385 1536 2406 esse
1559 2377 1746 2411 convinceret,

958 2428 1003 2462 qui
1023 2427 1121 2454 divina).
1144 2434 1197 2454 non
1217 2427 1271 2453 sint
1285 2426 1388 2453 assensi
1403 2424 1544 2452 doctrina}.
1564 2423 1616 2457 Qui
1637 2423 1745 2459 quidem

959 2482 1058 2508 scopas
1074 2474 1224 2501 laudandus
1235 2480 1302 2500 sane
1319 2477 1370 2504 est,
1390 2472 1440 2499 etsi
1455 2479 1508 2498 non
1521 2470 1663 2505 oportebat
1684 2477 1747 2497 eum

109 2537 160 2562 per
170 2530 253 2556 dubia
274 2533 301 2555 et
317 2526 485 2555 incredibilia
500 2526 609 2558 confici,
623 2525 670 2552 sed
685 2532 734 2559 per
749 2531 780 2550 ea
797 2528 901 2550 tantum
919 2529 1035 2557 quorum
1057 2526 1084 2547 et
1101 2519 1218 2548 facultas
1240 2519 1372 2555 ejusmodi
1403 2524 1487 2551 esset,
1515 2523 1542 2545 et
1566 2524 1627 2552 quae
1666 2516 1747 2543 ﬁdem

112 2575 280 2602 inwnircnt.

151 2621 186 2646 Τὸ
200 2621 295 2655 μέντοι
303 2619 389 2654 ὄνομα
403 2617 450 2645 τοῦ
466 2617 660 2652 συντεταχότος
679 2616 714 2642 τὰ
726 2616 809 2650 τεύχη
824 2615 905 2650 μέχρι

113 2665 162 2692 νῖν
174 2667 224 2692 οὐκ
238 2665 355 2700 ἔσχομεν
370 2664 469 2690 εὲδέναι
479 2671 486 2678 ·
501 2663 531 2689 οὐ
546 2662 600 2697 γὰρ
615 2661 762 2697 ἐνεφέρετο
779 2661 835 2691 τοῖς
863 2660 904 2694 βι-

995 2613 1060 2646 Ejus
1073 2617 1162 2639 autem
1176 2611 1220 2645 qui
1237 2611 1294 2638 inec
1305 2609 1440 2637 volumina
1458 2608 1578 2642 collegit,
1591 2613 1689 2634 nomen
1705 2613 1748 2633 co-

959 2667 1090 2696 gnoscere
1115 2659 1148 2686 ad
1173 2658 1244 2685 hanc
1258 2656 1328 2685 diem
1347 2663 1399 2683 non
1415 2655 1488 2690 potui
1503 2655 1563 2690 (nec
1586 2653 1659 2680 cnint
1675 2651 1747 2686 libri,

749 2716 868 2745 VAiilr’E
890 2715 1095 2744 LECTIONES.

154 2767 174 2783 ³9
190 2768 301 2794 πάντων
320 2776 351 2800 ς.
372 2767 395 2782 ⁸⁸
411 2765 617 2801 προειρημένων
632 2772 663 2796 ς.

112 2801 145 2819 ⁸³
161 2811 187 2829 τε
203 2805 267 2831 add.
283 2804 316 2831 A.
354 2802 378 2818 “
395 2801 469 2837 αὐτῷ
483 2809 512 2833 ς.

716 2764 738 2780 δι
752 2762 925 2800 χυμευτικῶν
939 2769 1012 2791 corr.
1028 2763 1060 2791 A.
1099 2762 1121 2779 δ’
1133 2762 1183 2790 οὐκ
1199 2763 1221 2790 Α
1234 2771 1241 2791 :
1255 2760 1284 2793 ὃς
1297 2760 1347 2787 οὐκ
1362 2769 1391 2793 ς.
1430 2759 1453 2774 ⁵³
1468 2758 1567 2792 λέξεων
1588 2755 1612 2782 Α
1633 2763 1641 2782 :
1661 2754 1749 2790 λόγων

863 2845 979 2875 ΝΟΤίΕ.

159 2897 210 2932 (Si)
224 2895 263 2925 De
279 2895 356 2932 cujus
370 2895 484 2925 historia
503 2895 581 2924 l’hot.
599 2902 660 2931 sup.
679 2894 741 2924 cod.
752 2893 798 2922 88.
