1923 3091
189 183 241 213 ωϋ

763 177 896 208 PHOTII
915 175 1166 206 PATRIARCII/E
1183 175 1236 204 CP.

1760 164 1816 196 500

188 243 256 270 quos
273 234 400 267 vidimus,
420 233 445 260 id
465 232 677 268 praeferebant);
694 231 760 258 illud
777 235 891 262 tantum,
905 229 976 256 Con-

1034 228 1122 260 τιλίοις,
1140 228 1191 254 ὅσα
1209 227 1326 262 εἴδομεν,
1351 225 1421 260 πλὴν
1437 232 1468 259 γε
1482 223 1515 258 δὴ
1537 223 1578 249 ὅτι
1591 222 1817 249 Κωνσταντινού-

189 280 366 314 stantinopoli
381 287 410 307 se
422 287 483 307 cum
497 286 583 306 uxore
595 285 627 305 ac
637 277 732 305 liberis
744 285 775 304 ex
792 285 824 304 ea
843 276 978 310 susceptis

190 327 325 358 habitare,
355 331 435 359 atque
475 328 536 359 post
561 323 677 351 Heraclii
715 327 838 357 tempora
877 321 978 349 vixisse

189 372 317 402 ostendit.

524 424 643 453 CLXXI.

191 472 320 499 Euslratit‘
346 471 451 506 Magum
466 472 558 499 eccles.
585 470 683 506 preco"
699 469 738 496 De
755 469 810 506 pitu
828 469 979 506 functorum

226 508 322 533 animis
346 503 477 534 tractatus
504 514 546 533 ιιι.
568 503 603 526 4-
622 504 760 539 Chrysippi
778 503 978 538 Hierosolymo-

226 551 284 568 rum
306 542 389 576 presb.
408 541 530 568 Historia
548 541 580 568 de
594 539 942 567 GamulieleetNicodemo.

225 631 355 665 Legimus
375 630 474 660 librum
492 629 621 656 Enstratii
641 627 744 663 Magnae
758 627 888 661 jecclesiaa
918 633 979 660 pre—

191 675 306 710 slsytcri,
316 675 360 710 qui
374 675 499 706 oratione
515 674 624 709 quidem
633 681 698 701 usus
711 678 753 700 est
761 673 871 700 minime
883 672 975 699 lauda-

192 721 250 754 bili,
269 721 315 748 sed
343 721 510 755 argumentis
527 727 580 751 non
603 720 746 746 admodum
771 718 912 753 culpandis
928 727 935 745 :
953 721 980 745 et

193 767 277 795 dictio
293 768 352 802 ipsa
367 767 510 801 perspicua
523 771 576 795 est.
598 766 662 792 Tria
680 765 851 800 potissimum
863 764 899 791 illi
915 771 980 798 pro-

191 814 292 853 posita.
313 813 434 841 Primum
449 813 569 848 quidem,
584 813 726 839 beatorum
740 811 860 843 animas,
877 818 938 837 mox
950 814 979 836 ut

191 867 306 894 corpore
326 859 420 886 soluta:
440 859 505 890 sint,
530 859 658 894 operari:
675 865 724 885 nec
745 858 886 885 beatorum
910 857 980 884 dun-

1029 275 1106 301 πολιν
1117 274 1194 310 ᾤκει,
1204 272 1313 307 γυναικί
1331 281 1362 298 τε
1373 272 1448 306 νόμῳ
1460 270 1549 304 γάμου
1563 268 1679 303 συνῴκει
1696 268 1744 295 καὶ
1756 269 1816 300 τοῖς

1029 322 1057 353 ἐξ
1070 321 1154 355 αὐτῆς
1169 319 1252 346 αὑτοῦ
1264 318 1352 351 παισὶ,
1371 318 1419 344 καὶ
1433 317 1474 343 ὅτι
1487 314 1557 351 μετὰ
1569 315 1634 346 τοὺς
1654 314 1816 348 Ἡρακλείου

1029 366 1139 401 χρόνους
1154 365 1201 392 τὸν
1216 365 1272 399 βίον
1283 365 1408 400 διήνυσεν
1418 363 1450 390 ‘°.

1368 422 1452 450 [‘OA'.

1029 471 1216 504 Εὐστρατίου
1243 469 1446 504 πρεσϐυτέρου
1472 468 1613 504 Μεγάλης
1637 466 1820 504 Ἐκκλησίας

1064 503 1135 540 Περὶ
1164 503 1370 539 τριῶνὶινων
1399 505 1568 540 κεφαλαίων
1601 503 1821 540 ὃιάληψιςζιτ

1063 535 1239 574 Χρῦσιείπος
1267 535 1468 573 πρεσϐύτερος
1501 539 1718 572 Ἰεροσολύμων
1745 535 1821 571 Περι

1065 573 1118 603 τοῦ
1134 575 1295 610 Γαμαλιὴλ
1309 573 1360 601 καὶ
1372 574 1552 608 Νικοδήμου.

1065 633 1130 670 [584
1142 632 1188 669 IL]
1206 632 1377 668 ’Λνεγνώσϐη
1396 631 1497 668 βιϐλίον
1514 629 1681 666 Εὑστρατίου
1697 629 1821 665 πρεσϐυ-

1030 681 1110 715 τέρου
1131 679 1181 713 τῆς
1194 678 1317 714 μεγάλης
1336 677 1511 712 Ἑκκλησίας,
1530 675 1689 711 φράσειμέν
1707 674 1823 708 συγκεί-

1033 733 1112 760 μενον
1135 725 1185 750 οὐκ
1210 724 1350 758 ἐπαινετῇ,
1364 723 1504 757 λογισμοῖς
1517 721 1546 747 δὲ
1569 720 1599 746 οὐ
1616 719 1676 746 λίαν
1687 719 1800 753 ψεκτοῖς
1810 727 1819 734 ”

1031 770 1120 803 σαφὴς
1148 768 1169 794 δ’
1185 767 1302 801 όλόγος.
1324 767 1357 793 Ἡ
1370 766 1398 792 δὲ
1424 766 1552 801 πρόθεσις
1578 764 1617 799 τῷ
1643 763 1721 798 ἀνδρὶ
1752 763 1820 796 τρία

1030 816 1116 843 ταῦτα
1130 815 1272 849 συστῆσαι,
1287 813 1316 839 ἓν
1332 812 1381 848 μὲν
1396 812 1436 838 ὃτι
1454 812 1521 847 μετὰ
1534 810 1582 845 τὴν
1592 809 1753 843 ἀπαλλαγὴν
1769 807 1821 834 τοῦ

1032 862 1158 897 σώματος
1180 860 1278 887 αὐτίκα
1307 858 1465 893 ἐνεργοῦσιν
1475 858 1504 884 αἱ
1520 857 1573 883 τῶν
1588 855 1652 892 [199
1666 854 1714 890 IL]
1732 854 1822 888 ἁγίων

192 910 280 937 taxat,
295 905 341 933 sed
360 910 388 932 et
411 905 536 937 omnino,
554 909 634 939 prout
656 905 772 939 quisque
794 903 906 930 meritus
931 903 978 935 sit,

1034 907 1125 942 ψυχαὶ,
1138 906 1168 932 οὐ
1180 906 1259 940 μόνον
1274 904 1302 930 δὲ
1316 903 1370 930 τῶν
1382 903 1477 937 ἁγίων,
1487 902 1554 929 ἀλλὰ
1567 902 1613 928 καὶ
1628 901 1732 932 ἁπλῶς,
1748 900 1824 926 κατὰ

190 952 313 980 omnium
331 951 482 979 hominum.
502 949 615 978 Animas
632 949 773 984 illas,qua3
789 949 881 976 multis
895 956 977 981 smpe-

190 1006 303 1026 numero
315 1005 387 1030 sese,
409 997 548 1031 variisque
569 996 656 1023 modis
682 996 888 1031 conspiciendas
910 994 979 1022 oﬁe-

190 1049 264 1079 runt,
279 1044 304 1071 in
321 1051 369 1072 sua
383 1050 519 1079 quamque
533 1047 631 1078 natura
646 1049 788 1077 apparere,
809 1049 978 1076 nequaquam

189 1099 255 1118 vero
266 1091 385 1118 divinam
399 1091 528 1117 virtutem
544 1089 570 1116 in
583 1088 685 1118 formas
703 1093 860 1115 sanctarum
874 1088 980 1115 anima-

190 1145 250 1166 rum
268 1138 419 1165 traductam
436 1137 534 1176 118a
551 1136 726 1171 operationes
759 1135 819 1165 illas
838 1134 978 1162 exhibere.

189 1183 258 1217 Quid
279 1182 351 1210 enim
372 1182 475 1216 ﬁngere
486 1182 585 1211 attinet
603 1189 652 1208 seu
671 1180 784 1213 formas,
804 1187 853 1213 seu
868 1179 978 1213 ﬁguras,

189 1237 251 1256 cum
263 1229 417 1263 promptius
433 1236 464 1255 ea
484 1229 591 1262 possint
608 1227 660 1264 [a]
678 1227 782 1255 sanctis
797 1227 852 1254 illis
865 1226 976 1257 animis.

188 1283 249 1310 qua;
264 1275 368 1302 numini
380 1275 438 1302 visa
448 1278 524 1306 sunt,
535 1274 628 1308 perﬁci
639 1273 650 1300 ’ἔ
660 1273 736 1306 Quod
750 1273 859 1308 quidem
871 1276 978 1298 utrum-

189 1330 243 1357 que
259 1327 341 1356 caput
359 1329 420 1349 cum
443 1321 549 1348 Veteris
564 1327 596 1347 ac
621 1319 688 1347 Novi
706 1318 875 1346 Testameuti
893 1318 977 1350 locis,

191 1373 246 1400 tum
270 1376 337 1396 vero
359 1368 528 1395 diversorum
549 1366 661 1396 Patrum
689 1365 853 1393 testimoniis
878 1365 979 1392 conﬁr-

190 1422 266 1442 mare
285 1415 393 1448 nititur.
416 1414 537 1441 Tertium
551 1413 668 1446 denique
685 1417 766 1447 caput
782 1413 833 1439 hoc
858 1411 980 1439 studiose

189 1462 372 1497 persequitur,
385 1462 477 1489 oblata
496 1461 589 1495 proiis
601 1460 671 1495 (85),
686 1460 732 1494 qui
747 1460 774 1487 in
787 1460 841 1486 ﬁde
855 1460 980 1487 obierant

189 1516 204 1534 a
219 1508 408 1535 sacerdotibus
418 1508 564 1540 sacriﬁcia,
585 1511 666 1542 atque
683 1508 806 1539 donaria,
821 1507 863 1533 vel
885 1514 979 1540 preces

191 1553 324 1587 alioquin,
356 1553 634 1588 supplicationesque,
658 1557 685 1580 ct
706 1553 904 1587 eleemosynas,
930 1560 1015 1602 proC

191 1598 287 1633 iisdem
314 1598 402 1631 factas
422 1599 457 1626 ad
484 1599 601 1629 ﬁdelium
622 1600 748 1632 salutem,
764 1607 796 1627 ac
818 1599 979 1627 delictorum

192 1646 381 1675 remissionem
397 1646 430 1675 iis
449 1646 540 1678 valere
555 1647 677 1678 omnino,
691 1654 740 1680 pro
756 1647 856 1681 quibus
867 1646 926 1673 haec
940 1645 981 1672 of-

191 1691 324 1725 ferantur.
343 1691 372 1719 In
393 1693 437 1720 his
457 1697 547 1722 autem
568 1693 646 1721 tertia
665 1692 764 1721 oﬁ‘erre
790 1699 868 1720 sacra
884 1691 980 1725 refert,

191 1738 237 1772 qui
253 1738 400 1767 Dominicze
409 1747 440 1768 ac
452 1740 584 1767 triduana:
600 1740 809 1767 resurrectionis
820 1740 979 1774 mysterium

191 1785 219 1813 in
235 1786 399 1819 precationis
415 1786 565 1814 subsidium
580 1790 662 1820 atque
677 1786 807 1813 auxilium
825 1791 978 1813 assumant.

192 1827 376 1863 Noventdialia
393 1831 529 1863 similiter,
553 1831 626 1866 quod
641 1836 702 1866 post
719 1835 845 1858 octavum
863 1838 877 1858 a
892 1839 981 1858 resur-

192 1875 314 1903 rectione
326 1876 397 1903 diem
415 1877 489 1903 visus
504 1876 602 1904 iterum
611 1880 674 1903 esta
691 1876 830 1910 discipulis
843 1876 979 1904 Christus.

193 1919 329 1956 Eratterea
355 1921 546 1955 quadraginta,
567 1921 639 1956 quod
666 1926 729 1956 post
754 1922 812 1948 dies
833 1921 945 1956 totidem
965 1930 979 1949 a

194 1965 337 2001 discipulis
351 1971 520 2002 postremum
540 1968 625 2000 visus,
645 1967 670 1994 in
685 1967 769 1996 caelos
779 1975 840 1995 cum
863 1968 981 1996 humana

197 2017 291 2047 nostra
307 2018 406 2041 natum
419 2014 554 2050 ascendit.

1030 953 1079 988 τὴν
1096 952 1199 978 οἰκείαν
1211 951 1314 985 ἑκάστη
1332 949 1455 982 ἀξίωσιν,
1468 949 1544 975 πᾶσα
1560 947 1718 983 ἀνθρωπίνη
1729 947 1821 981 ψυχὴ.

1031 999 1084 1026 Καὶ
1098 999 1139 1025 ὅτι
1158 997 1369 1032 ὲπιφαινόμεναι
1396 994 1503 1025 πολλοῖς
1528 993 1659 1024 πολλάκις
1684 991 1823 1018 καὶκατὰ

1029 1045 1174 1080 διαφόρους
1183 1044 1302 1078 τρόπους
1316 1043 1337 1060 ⁵⁷
1349 1043 1377 1068 at
1385 1041 1471 1077 ψυχαὶ
1482 1040 1564 1066 αὑταὶ
1576 1038 1637 1066 κατ’
1652 1037 1720 1064 ίόίαν
1730 1036 1824 1071 ὓπαρ-

1031 1089 1071 1122 ξιν
1084 1088 1283 1123 ἐπιφαίνονται,
1307 1085 1365 1113 ἀλλ’
1388 1085 1448 1120 οὐχὶ
1470 1083 1583 1117 δύναμίς
1609 1090 1651 1113 τις
1666 1081 1689 1098 ⁸⁸
1704 1080 1764 1106 θεία
1779 1080 1823 1110 εἰς

1030 1135 1130 1165 τύπους
1155 1132 1377 1168 σχηματιζομένη
1395 1131 1450 1157 τῶν
1467 1129 1553 1164 ὸγίων
1567 1128 1662 1163 ψυχῶν
1675 1126 1725 1157 τὰς
1740 1126 1823 1161 ἐνερ-

1030 1181 1106 1216 γείας
1121 1180 1306 1207 ἐπιδείκνυσι·
1321 1179 1347 1205 τί
1369 1177 1423 1212 γὰρ
1438 1175 1610 1211 ὑποκρίσεως
1623 1174 1664 1201 δεῖ
1688 1173 1735 1200 καὶ
1750 1180 1822 1207 σχη-

1032 1228 1124 1262 μάτων
1157 1226 1205 1253 καὶ
1229 1225 1342 1257 τύπων,
1365 1224 1425 1250 ἐνὸν
1460 1221 1635 1256 ἑτοιμότερον
1664 1219 1698 1245 δι’
1728 1217 1822 1245 αὐτῶν

1031 1274 1141 1301 ἐκείνων
1160 1272 1213 1299 τῶν
1231 1271 1316 1305 ἁγίων
1328 1269 1422 1304 ψυχῶν
1450 1267 1486 1295 τὰ
1497 1266 1647 1302 δεδογμένα
1664 1265 1703 1300 τῷ
1727 1264 1824 1299 κρείτ-

1030 1329 1086 1347 τονι
1106 1318 1288 1346 ἐπιτελεῖσθαι
1302 1317 1341 1347 ¹⁶³;
1359 1316 1493 1351 [lupa-rat
1511 1314 1539 1341 δὲ
1556 1313 1687 1348 ἑκάτερον
1702 1311 1757 1338 τῶν
1780 1311 1823 1337 εἱ-

1033 1367 1158 1402 ρημένων
1170 1363 1385 1396 κατασκευάζειν
1398 1362 1430 1389 ἐκ
1451 1371 1481 1388 τε
1500 1362 1625 1397 χρήσεων
1638 1359 1687 1394 τῆς
1701 1358 1825 1389 Παλαιᾶς

1030 1414 1141 1449 Γραφῆς
1154 1412 1203 1438 καὶ
1219 1411 1268 1446 τῆς
1280 1410 1363 1441 Νέας,
1379 1410 1426 1435 καὶ
1437 1408 1469 1443 δὴ
1483 1408 1530 1434 καὶ
1548 1404 1711 1442 μαρτυρίαις
1727 1404 1824 1437 διαφό-

1032 1468 1087 1495 ρων
1106 1459 1246 1493 Πατὲρων.
1272 1456 1370 1492 Τρίτον
1391 1455 1420 1481 δὲ
1435 1453 1510 1488 αὐτῷ
1529 1452 1674 1487 κεφάλαιον
1703 1450 1826 1476 σπουδά-

1032 1505 1118 1538 ζεται,
1129 1506 1171 1532 ὃτι
1184 1505 1294 1535 πάντως
1304 1503 1333 1529 αἱ
1342 1501 1413 1537 ὑπὲρ
1423 1501 1476 1528 τῶν
1489 1501 1517 1526 ἐν
1529 1499 1621 1526 πίστει
1631 1497 1825 1524 τελευτώντων

1030 1553 1086 1583 τοῖς
1104 1550 1220 1587 ἱερεῦσιν
1234 1546 1439 1582 ἐπιτελούμεναι
1455 1546 1479 1562 ⁵ο
1491 1544 1581 1572 Θυσίαι
1591 1544 1639 1571 καὶ
1655 1543 1825 1579 προσφοραὶ,

1037 1597 1151 1632 ῆᾶλλως
1169 1596 1276 1630 δεήσεις
1295 1594 1342 1621 καὶ
1357 1592 1518 1619 ἱκεσίαικοιὶ
1539 1591 1721 1625 ἐλεημοσύναι
1751 1588 1826 1624 ὑπὲρ

1034 1642 1124 1669 αὐτῶν
1147 1641 1224 1676 παρὰ
1237 1642 1258 1657 δι
1274 1639 1330 1667 τῶν
1355 1639 1470 1670 πιστῶν,
1488 1636 1647 1671 ἐλευθερίαν
1663 1635 1710 1662 καὶ
1742 1642 1827 1660 manv

1035 1689 1146 1725 σμὰτων
1172 1687 1269 1722 ἄφεσιν
1283 1685 1521 1720 καταπράττονται
1547 1684 1604 1714 τοῖς
1619 1681 1688 1717 ὑπὲρ
1709 1677 1746 1707 ὧν
1761 1680 1827 1706 ἐπι-

1034 1736 1151 1762 τελεῖται
1165 1733 1267 1760 ταῦτα·
1294 1733 1322 1758 ἐν
1340 1729 1381 1762 οἷς
1394 1731 1443 1757 καὶ
1458 1729 1493 1756 τὰ
1515 1728 1595 1764 τρίτα
1619 1727 1670 1762 μὲν
1690 1725 1827 1752 ἐπιτελεῖ-

1035 1782 1097 1810 σθαι
1112 1790 1178 1817 φησι
1189 1800 1196 1812 ,
1222 1778 1410 1814 λαμϐάνοντας
1426 1776 1457 1802 τὸ
1475 1775 1622 1811 μυστήριον
1651 1772 1702 1807 τῆς
1717 1773 1826 1798 Δεσποτ

1033 1829 1113 1863 τικῆς
1139 1827 1188 1854 καὶ
1201 1824 1352 1862 τριημέρου
1377 1823 1515 1858 ἐγέρσεως
1543 1821 1583 1851 εἰς
1610 1819 1756 1854 συνεργίαν
1775 1819 1828 1845 καὶ

1034 1873 1207 1909 ἐπιϐοήθειαν
1226 1871 1276 1905 τῆς
1307 1869 1411 1899 ἱκεσίας
1427 1867 1483 1893 ·τὰ
1511 1866 1540 1892 δέ
1566 1866 1664 1892 ἐννατα
1691 1863 1828 1909 ὡσαύτως

1034 1919 1108 1956 (μεθ’
1124 1918 1230 1954 ἡμέρας
1243 1918 1265 1937 ⁸η
1277 1915 1332 1950 γὰρ
1346 1918 1370 1950 η’
1387 1914 1438 1948 τῆς
1448 1912 1584 1948 ἐγέρσεως
1595 1910 1673 1946 ὤφθη
1685 1909 1708 1926 ³³
1723 1908 1755 1936 τὸ
1764 1909 1828 1937 65'3-

1030 1974 1109 2002 τερον
1122 1966 1179 1996 τοῖς
1196 1963 1330 1998 μαθηταῖς
1353 1962 1367 1987 ὁ
1385 1958 1536 1993 Δεσπότης)
1554 1966 1562 1974 ·
1579 1958 1618 1984 τὰ
1638 1957 1667 1983 δὲ
1688 1963 1828 1989 τεσσαρα-

1035 2011 1121 2038 κοστὰ
1132 2011 1156 2027 ⁵⁵
1169 2009 1280 2045 ὁμοίως,
1303 2008 1344 2035 ὅτι
1359 2006 1429 2042 μετὰ.
1450 2004 1585 2035 τοσαύτας
1610 2003 1717 2038 ἡμέρας
1732 2002 1764 2028 τὸ
1778 2010 1829 2028 τε-

1036 2058 1158 2084 λευταῖον
1171 2057 1228 2087 τοῖς
1251 2054 1386 2090 μαθηταῖς
1402 2052 1511 2088 ὁραθείς
1543 2050 1612 2086 μετὰ
1626 2050 1673 2076 τοῦ
1688 2048 1829 2084 ἡμετέρου

1038 2103 1197 2140 φυράματος
1213 2100 1362 2136 ἀνελήφθη.

228 2182 326 2218 Repeti
338 2190 446 2219 quoque
459 2184 485 2210 in
498 2184 593 2216 eodem
611 2183 658 2217 illo
670 2183 774 2215 codice,
788 2183 863 2215 Pauli
878 2183 904 2210 in
920 2184 978 2218 lege

1065 2183 1152 2217 Ευρον
1171 2182 1199 2208 δὲ
1212 2182 1242 2208 ἐν
1258 2180 1326 2214 τῷδε
1342 2178 1380 2213 τῷ
1406 2178 1502 2213 βιϐλίῳ
1519 2178 1566 2204 καὶ
1592 2177 1638 2202 τὸν
1655 2176 1701 2207 τοῦ
1715 2175 1828 2202 Παύλου

192 2229 350 2264 magistrum
376 2229 564 2262 Gamalielem,
583 2234 610 2256 et
625 2229 788 2261 credidisse,
811 2233 838 2256 et
859 2229 981 2263 baptiza-

193 2280 249 2302 tqu
260 2275 354 2302 fuisse.
374 2275 550 2303 Nicodemum
567 2276 630 2302 item
647 2279 809 2302 nocturnum
821 2275 980 2310 (quondam)

192 2320 323 2353 amicum,
353 2321 481 2357 diurnum
506 2321 588 2348 etiam
621 2321 769 2352 redditum,
795 2321 982 2355 martyrioqne

193 2371 367 2398 coronatum,
389 2374 471 2400 quem
487 2372 512 2393 et
527 2366 685 2394 Gamalielis
710 2367 859 2401 patruelem
873 2365 931 2394 haec
943 2372 983 2394 te-

192 2417 280 2440 statur
297 2413 367 2443 ltisto
373 2415 419 2440 ria.
430 2413 597 2447 Baptizatum
612 2421 676 2440 vero
688 2417 832 2448 utrumque
843 2420 857 2440 a
866 2412 980 2447 Joanne,

193 2465 222 2487 et
237 2459 329 2491 Petro,
355 2467 409 2486 una
425 2467 486 2486 cum
504 2458 661 2487 Gamalielis
685 2459 752 2491 ﬁlio,
765 2460 810 2486 eui
828 2459 918 2492 Abibo,
933 2468 980 2488 no-

194 2513 266 2532 men.
293 2506 405 2542 Beatum
433 2506 515 2540 igitur
537 2505 714 2534 Nicodemum
736 2514 750 2534 a
774 2505 892 2539 ludatis,
920 2514 980 2533 cum

1034 2229 1104 2257 κατὰ
1123 2228 1168 2254 τὸν
1190 2227 1272 2262 νόμον
1297 2224 1458 2252 διδάσκαλον
1487 2222 1630 2258 Γαμαλιὴλ
1648 2223 1696 2248 καὶ
1710 2222 1828 2248 πιστεύ-

1036 2283 1120 2300 σαντα
1130 2273 1177 2299 καὶ
1189 2270 1383 2307 βαπτισθέντα,
1401 2270 1448 2296 καὶ
1464 2269 1621 2303 Νικόδημον
1635 2267 1681 2294 τὸν
1700 2275 1831 2301 νυκτερι-

1035 2321 1080 2347 νὸν
1098 2320 1174 2354 φίλον
1184 2320 1231 2346 καὶ
1244 2317 1373 2353 ήμερινὺν
1388 2316 1518 2350 γεγονότα
1546 2316 1592 2342 καὶ
1610 2313 1752 2350 μαρτυρὶῳ
1780 2321 1829 2339 τε·

1035 2366 1193 2398 λειωθέντα,
1208 2364 1238 2390 ὃν
1249 2364 1296 2390 καὶ
1310 2363 1421 2397 ἀνεψιὸν
1437 2361 1564 2396 γενέσθαι
1576 2360 1622 2387 τοῦ
1640 2359 1784 2395 Γαμαλιὴλ
1809 2361 1827 2395 ἡ

1037 2412 1143 2447 ἱστορία
1172 2411 1310 2437 διδάσκει⁸
1343 2408 1528 2445 βαπτίσασοαι
1557 2407 1585 2434 δέ
1615 2406 1745 2442 ἑκάτερον
1771 2407 1829 2433 ὑπὸ

1041 2457 1165 2484 Ἰωάννου
1186 2458 1234 2484 καὶ
1247 2457 1365 2492 Πέτρου,
1380 2455 1410 2482 οὺ
1431 2455 1512 2490 μόνον
1527 2454 1556 2482 δὲ
1568 2453 1636 2485 ἀλλὰ
1649 2453 1696 2482 καὶ
1716 2453 1763 2479 τὸν
1775 2453 1829 2479 Γα-

1037 2503 1137 2539 μαλιὴλ
1156 2504 1238 2530 παῖδα
1250 2502 1373 2534 ’Ἄδιδος
1393 2501 1478 2537 ὄνομα
1493 2500 1590 2535 αὐτῷ).
1605 2500 1657 2526 Τὸν
1679 2499 1744 2534 γοῦν
1772 2507 1828 2534 μα-

844 2570 963 2598 νΑΒΙᾸΞ
983 2569 1187 2598 LECTIONES.

229 2631 251 2646 “
268 2631 376 2666 διήνυεν
393 2639 423 2662 ς.
463 2630 486 2646 ⁵⁷
503 2629 719 2666 ιιιιιιίηιντόπους.
738 2664 742 2666 Α
758 2629 781 2644 ⁸⁸
800 2638 852 2660 τις,
876 2634 902 2656 et

925 2629 1005 2662 paulo
1022 2633 1080 2662 post
1097 2626 1228 2654 διἀὺτῶν
1250 2625 1320 2662 add._
1332 2626 1366 2652 A.
1407 2625 1429 2641 ’δ’
1445 2621 1676 2662 ἑπιμμελξῖσρεξι
1705 2623 1746 2662 ﬁ”
1759 2624 1823 2662 ἐπι-

195 2656 408 2708 μελουμέναιρτῖ
482 2665 517 2708 _“_
529 2665 605 2708 παρὰ
620 2666 642 2691 Δ
656 2674 663 2691 :
679 2656 743 2708 περί
753 2673 784 2696 ς.
816 2656 852 2708 1³⁷
866 2656 1043 2705 μεθ”ήμὲρας
1058 2663 1113 2698 γάρ
1126 2663 1149 2689 Α
1166 2671 1174 2689 :
1191 2661 1252 2688 καθ’
1268 2660 1376 2697 ἡμέρας
1396 2669 1428 2693 ς.
1465 2656 1596 2693 ³¹’ῶφθη]
1608 2656 1686 2694 ὦφθη
1705 2659 1824 2694 Χριστός

193 2698 226 2728 λ.
242 2698 416 2737 τὸ’δεύτερον
431 2700 492 2736 post
503 2698 636 2735 δεσπότης
654 2700 730 2735 ponit
747 2708 777 2731 ς.
816 2700 837 2715 ⁸⁸
852 2699 1058 2734 τεσσαράκοντα
1072 2707 1103 2730 ς.

925 2754 1040 2784 NOTAE.

230 2818 287 2851 (85)
304 2818 452 2853 Antiquom
474 2818 519 2853 hic
533 2817 599 2844 mihi
613 2824 715 2853 morem
736 2821 825 2853 nota,_
839 2817 893 2853 vita
916 2815 977 2853 fun-

197 2859 237 2879 tos
251 2851 405 2881 sacriﬁciis.
419 2852 557 2886 precibus,
568 2856 649 2886 atque
662 2851 841 2885 eleemosynis
852 2851 976 2885 juvaudi.

197 2887 235 2916 De
247 2895 299 2923 quo
312 2893 339 2915 et
353 2887 381 2914 ὃ.
392 2887 505 2915 Joannis
517 2887 674 2915 Damasceni
690 2891 778 2914 exstat
785 2886 872 2918 oratio
886 2886 912 2918 in
926 2893 981 2924 qua

1032 2816 1112 2842 etiam
1137 2816 1187 2843 tria
1221 2816 1279 2843 haec
1308 2814 1481 2844 sacriﬁcandi
1509 2813 1653 2843 intervalla
1680 2813 1821 2842 observari

1033 2850 1096 2879 olim
1110 2851 1190 2879 solita
1205 2851 1320 2879 videbis.
