1923 3091
73 143 113 178 501
478 144 741 174 BIBLIOTHECA.
761 157 768 161 -

73 203 153 235 κὰριον
170 201 340 236 Νικόδημον,
357 201 417 227 ἐπεὶ
429 200 562 227 ἐπύθοντο
572 200 597 226 οἱ
614 200 637 215 ⁵⁵
649 200 770 226 Ἰουδαῖοι
798 198 846 234 βα·
862 201 885 228 Α

73 249 215 279 πτίσασθαι,
228 247 274 274 διὰ
284 247 364 274 τοῦτο
385 247 504 282 πληγαῖς
515 246 625 276 πολλαῖς
640 245 788 276 ὑπέϐαλον,
803 242 847 276 αἷς

75 293 178 330 στερρῶς
192 293 348 327 ἐναθλήσας
364 293 421 328 μετ’
435 292 526 325 ὀλίγον
555 290 711 324 ἐτελειώθη.
738 290 847 324 Ταύτην

74 341 113 374 τὴν
126 340 239 374 ἱστορίαν
251 340 377 373 περιεῖχε
394 339 442 373 μὲν
455 338 486 364 τὺ
514 337 628 372 βιϐλίον,
649 336 804 372 Χρυσίππῳ
819 337 848 363 δὲ

75 386 144 420 αὐτὴν
159 384 289 412 ἀνετίθει.
303 383 492 419 Πρεσϐύτερος
503 383 526 409 δ’
554 383 568 408 6
583 382 746 416 Χρύσιππος
765 381 849 417 Ἱερο-

76 431 192 465 σολύμων,
203 431 232 461 ὃς
249 431 367 465 γράφων
382 429 519 465 ἐγκώμιον
532 429 572 461 είς
584 429 630 455 τὸν
647 429 773 463 μάρτυρα
783 427 849 454 Θεό-

74 476 144 509 δωρον
164 475 200 506 ὠς
213 476 242 501 ὲν
255 474 427 510 παρεκϐάσει
441 473 591 500 Λουκιανοῦ
605 481 680 504 τινος
699 473 848 507 μέμνηται,

75 521 113 547 καὶ
124 520 199 547 αὑτοῦ
215 521 267 555 τῆς
295 519 382 554 αὐτῆς
408 519 558 554 ἐκκλησίας
585 519 638 545 τῶν
654 518 851 554 Ἰεροσολύμων

75 567 280 602 χρηματίσαντος
306 566 502 601 πρεσϐυτέρου,
534 566 578 592 ὅτε
601 566 615 591 6
647 565 774 600 Ἰωάννης
799 565 850 599 τῆς

75 613 150 638 ἐκεῖσε
174 611 384 647 ἀρχιερωσύνης
408 610 584 645 προεστήκει.
599 607 683 641 Οὗτος
711 610 735 636 δ’
749 610 763 636 6
783 610 851 636 Λου-

76 658 153 689 κιανὸς
165 659 193 684 ὲν
208 658 260 692 μιᾷ.
280 657 337 683 τῶν
360 656 476 689 νυκτῶν,
497 655 561 690 περὶ
575 655 669 690 τρίτην
683 655 768 689 ὥραν,
789 654 850 681 καθ’

76 705 137 739 ὕπαρ
149 703 204 730 ἀλλ’
220 704 273 730 οὐκ
290 703 369 738 ὄναρ,
389 703 498 736 λέγεται
525 701 559 728 τὰ
578 702 765 737 προειρημένα
779 709 851 734 μυη-

75 751 156 784 θῆναι’
170 750 325 776 ἐπιστάντα
341 749 394 783 γὰρ
411 747 485 782 αὐτῷ
495 747 540 774 τὸν
553 747 694 782 Γαμαλιὴλ
705 746 790 773 ταῦτα
801 747 852 782 ὲμ-

75 795 225 829 φανίσαι,ὠς
241 794 287 828 εἴη
320 794 368 828 μὲν
384 793 464 824 αὐτὸς
471 793 490 818 Γ
492 791 621 826 αμαλιὴλ,
631 792 679 818 καὶ
689 791 727 823 ὡς
742 790 854 817 ἐϐαπτί-

77 847 139 869 cura.
154 839 200 864 καὶ
216 838 263 872 ὑφ’
278 834 330 869 ὧν,
346 837 389 871 εἴη
418 837 448 863 δὲ
465 837 512 863 καὶ
529 836 642 866 Ἄδιδος
658 835 672 862 6
700 837 774 868 παῖς,
805 835 854 862 καὶ

75 883 105 914 ὡς
115 883 179 919 θήκῃ
195 884 245 918 μὲν
263 884 313 918 μιᾷ
325 883 400 909 αὐτοὶ
413 881 642 914 ὲναποτέθεινται,
657 880 720 917 [585
737 881 783 917 R.]
795 881 853 908 ἐστι

75 929 97 954 δὲ
111 929 153 954 καὶ
163 928 304 961 Στέῳανος
317 928 333 953 6
352 926 459 962 πρῶτος
476 925 625 962 μαρτύρων
638 925 708 952 κατὰ
723 925 772 960 τὴν
787 925 854 952 ἁνα-

75 973 169 1008 τολικὴν
182 972 438 1008 τεθησαυρισμένος
452 971 539 1006 θήκην
549 978 556 984 '
571 966 602 996 οὗ
626 970 703 1004 παρὰ
716 971 779 1001 τοὺς
804 970 854 996 1:6-

75 1019 113 1050 δας
127 1019 153 1045 ὲν
166 1019 248 1054 ἑτέρᾳ
263 1019 337 1054 θήκῃ
345 1018 509 1052 Νικόδημος,
525 1018 575 1044 ὃσα
582 1026 612 1043 τε
624 1017 704 1044 πάθοι
721 1016 788 1052 [⁸200
807 1015 853 1051 Η.]

75 1065 114 1090 καὶ
123 1064 163 1098 ἐφ’
177 1062 218 1096 οἷς
237 1064 289 1091 καὶ
318 1063 371 1090 ὑπὸ
384 1063 479 1090 τίνων·
495 1064 513 1097 ἡ
539 1063 567 1089 δὲ
586 1062 654 1098 μετὰ
670 1062 757 1089 ταῦτα
776 1061 846 1096 θήκη

75 1110 145 1136 αὑτοῦ
161 1119 190 1136 τε
207 1111 256 1136 καὶ
286 1109 335 1136 τοῦ
351 1109 444 1140 παιδός
469 1110 538 1136 ἐστι.
570 1108 663 1134 Ταῦτα
679 1107 791 1134 εἰπόντα
808 1107 854 1134 τὸν

76 1155 202 1190 Γαμαλιὴλ
224 1154 380 1189 ἐπισκῆψαι
406 1154 445 1189 τῷ
466 1153 608 1189 Λουκιανῴ
631 1154 668 1188 μὴ
683 1153 796 1188 ἀμελεῖν
814 1153 854 1179 ἔτι

77 1200 120 1227 τῶν
141 1201 288 1236 λειψάνων,
314 1200 382 1236 μηδὲ
394 1201 441 1235 ἐᾷν
456 1200 524 1235 ἡλίῳ
540 1200 588 1226 καὶ
605 1199 718 1235 δμϐροις
733 1199 855 1232 διαφθεί-

77 1246 169 1281 ρεσθαι.
186 1247 307 1281 Σεισμὸν
322 1255 353 1272 τε
373 1245 500 1280 γενέσθαι
517 1246 666 1280 σύνδρομον
678 1246 710 1279 τῇ
726 1245 853 1280 ὀπτασίᾳ,

77 1292 116 1317 καὶ
131 1292 229 1323 πολλὰς
243 1291 353 1318 πολλῶν
377 1292 538 1326 νοσημάτων
568 1291 654 1322 ἰάσεις
681 1290 856 1325 ἐπιτελεσθῆ-

77 1345 123 1368 ναι,
137 1337 181 1363 τοῦ
194 1338 432 1373 πρωτομάρτυρος
448 1337 567 1372 μάλιστα
581 1337 631 1372 τῆς
648 1337 736 1372 θήκης
763 1337 797 1364 τὰ
813 1337 855 1364 ἰά-

78 1392 141 1418 ματα
157 1384 331 1419 προχεούσης
347 1383 381 1410 ⁵⁸.

402 1432 575 1460 ΡυΒ¹-ΡΟΔ’.

83 1477 211 1505 Ἰωάννου
230 1478 288 1505 τοῦ
299 1478 512 1513 Χρυσοστόμου
533 1477 659 1512 Ὀμιλίαι
675 1479 718 1510 εἰς
732 1477 789 1510 τὴν
803 1477 857 1504 Γέο

222 1521 317 1540 νεσιν
334 1513 387 1545 ξω,
405 1514 439 1539 ἐν
454 1513 574 1547 τεύχεσι
587 1513 694 1547 τρισίν.

112 1559 336 1594 Ἀνεγνώσθησαν
356 1559 402 1585 τοῦ
420 1559 613 1594 Χρυσοστόμου
628 1559 733 1594 ὁμιλίαι
753 1560 793 1591 είς
809 1559 857 1594 τὴν

79 1604 173 1636 γένεσιν
197 1605 217 1638 ξ’
235 1606 286 1632 καὶ
314 1605 374 1640 μία,
395 1606 424 1631 ὲν
445 1605 554 1640 τεύχεσι
570 1606 670 1641 τρισὶν,
687 1602 724 1632 ὧν
752 1606 782 1632 τδ
809 1606 859 1640 μὲν

80 1650 176 1683 πρῶτον
183 1652 297 1686 ὁμιλίας
310 1653 447 1686 περιεῖχεν
462 1651 497 1683 κ’,
509 1651 539 1677 τὸ
550 1650 675 1686 δεύτερον
683 1651 711 1677 δὲ
721 1651 817 1683 δεκαὲξ
825 1652 858 1684 ⁵⁷,

81 1697 121 1723 καὶ
132 1697 154 1713 ⁸⁸
167 1698 196 1724 τὺ
206 1698 302 1732 τρίτον
330 1700 379 1723 κε’.
401 1697 581 1732 Ἐμφαίνεται
607 1697 634 1723 δὲ
652 1698 680 1723 ὲν
705 1697 743 1731 τῷ
759 1697 859 1732 πρώτῳ

80 1741 111 1771 ὡς
121 1742 164 1768 ἀπ’
174 1743 262 1777 ἀρχῆς
279 1742 329 1776 τῆς
347 1743 573 1777 τεσσαρακοστῆς
592 1742 743 1777 ἀρξάμενος
757 1742 860 1776 ὁμιλεῖν

83 1790 167 1823 μήπω
185 1789 454 1824 συναπαρτισθείσης
476 1789 564 1822 αὐτῆς
592 1790 655 1821 τούς
682 1798 711 1815 τε
726 1789 749 1816 κ’
764 1790 860 1823 λόγους

81 1834 179 1867 τούτους
191 1836 240 1862 καὶ
257 1835 355 1866 ἄλλους
368 1835 443 1866 τινὰς
454 1838 477 1869 γ’
489 1835 505 1869 ἦ
521 1835 553 1867 δ’,
571 1834 673 1869 μεταξὺ
695 1835 748 1861 τῶν
761 1836 799 1866 εἰς
811 1836 861 1870 τὴν

82 1879 178 1907 Γένεσιν
192 1881 292 1915 λόγων,
315 1881 419 1916 χρείας,
432 1880 469 1912 ὡς
483 1880 568 1913 εἰκὸς,
581 1881 813 1916 παρεμπεσούσης
823 1881 861 1915 τῷ

82 1924 130 1960 λαῷ
148 1927 369 1962 προσωμίλησεν.
387 1927 495 1953 Ἐνεστι
512 1927 540 1953 δὲ
567 1926 684 1954 συνιδεῖν
708 1928 744 1959 ὡς
766 1928 790 1953 εί
803 1928 860 1959 καὶ,

83 1971 170 2004 Λόγοι,
190 1972 246 2007 ἔχει
257 1972 308 2007 τὴν
324 1972 479 2007 ἐπιγραφὴν
490 1971 520 1997 τὸ
535 1971 636 2006 βιϐλίον
653 1971 735 2007 (οὕτω
748 1972 803 2007 γὰρ
817 1970 862 1999 εὖ·

85 2023 122 2049 ρον
134 2018 160 2042 ὲν
174 2015 214 2049 οἷς
228 2018 374 2052 ἀνέγνων),
390 2017 457 2044 ἀλλὰ
474 2017 574 2052 μᾶλλον
589 2019 709 2045 ἐοίκασιν
730 2018 860 2053 ὁμιλίαις,

83 2062 111 2087 τά
125 2071 151 2088 τε
162 2063 227 2090 ἄλλα
242 2064 291 2090 καὶ
300 2064 341 2090 ὅτι
357 2065 385 2090 ἐν
397 2063 503 2096 πολλοῖς
519 2064 648 2095 πολλάκις
660 2064 698 2095 ὡς
724 2065 863 2099 παρόντας

84 2105 177 2144 [x1t]'9
189 2110 261 2144 ὀρῶν
279 2110 343 2141 τοὺς
353 2110 501 2144 ἀκροατὰς,
517 2109 589 2136 οὕτω
603 2110 672 2144 πρὸς
683 2110 783 2142 αὐτοὺς
797 2111 862 2137 ἁπο-

84 2151 187 2180 τείνεται
202 2155 250 2181 καί
261 2155 353 2189 ἐρωτᾷ
367 2155 414 2181 καὶ
429 2155 607 2190 ἀποκρίνεται
618 2156 664 2181 καὶ
677 2155 860 2190 ὑπισχνεῖται,

83 2194 221 2233 δυναμένου
236 2200 288 2235 μὲν
307 2201 352 2226 καὶ
366 2199 453 2231 ἄλλως
468 2200 577 2235 ἔχοντος
592 2200 639 2227 τοῦ
665 2200 747 2235 λόγου
772 2201 818 2229 καὶ
831 2201 860 2227 οὺ
877 2207 900 2237 D

85 2243 136 2269 καθ’
164 2246 274 2280 ὁμιλίαν
292 2245 327 2272 τὰ
343 2245 454 2273 τοιαῦτα
472 2245 649 2281 σχηματίζειν
664 2247 711 2273 καὶ
726 2247 862 2273 ἐνδείκνυ-

86 2287 148 2321 σθαι,
161 2291 190 2316 οὐ
221 2291 276 2326 μὴν
303 2290 370 2318 ἀλλὰ
385 2291 415 2317 τὺ
432 2291 552 2326 συνεχῶς
572 2292 619 2318 καὶ
632 2292 770 2326 ἑπιμόνως
784 2292 864 2319 τοῦτο

86 2337 172 2369 ποιεῖν,
186 2338 232 2363 καὶ
247 2337 309 2372 οὐχὶ
328 2338 376 2364 σὺν
387 2337 528 2372 οἰκονομίᾳ
543 2338 606 2370 τινὶ,
628 2338 794 2372 παρίστησιν
803 2338 865 2372 ὁμι-

87 2381 138 2414 λίας
164 2384 261 2416 αὐτοὺς
279 2385 301 2400 ⁸⁸
317 2382 397 2411 εἶναι.
418 2384 521 2419 Ὠμίλει
536 2384 565 2410 δὲ
579 2384 681 2415 ταύτας
698 2384 737 2420 τῷ
754 2384 863 2419 πλήθει,

87 2428 118 2460 ὼς
130 2428 182 2456 ἔστι
196 2430 294 2465 μαθεῖν
309 2430 339 2462 ὲξ
355 2429 444 2456 αὐτῶν
458 2429 571 2462 τούτων,
589 2429 720 2462 πολλάκις
736 2430 786 2464 μὲν
801 2430 862 2457 καθ’

88 2472 206 2511 ἑκάστην,
225 2477 283 2503 ἐσθ’
292 2476 337 2503 ὅτε
350 2475 380 2502 δὲ
392 2477 440 2503 καὶ
455 2475 526 2511 ὑπὲρ
539 2475 655 2511 ἡμέραν.
676 2475 754 2502 Οὕτω
768 2476 818 2510 μὲν
832 2475 862 2503 τὸ

89 2520 183 2554 πρῶτον
198 2522 312 2558 βιϐλίον,
340 2518 403 2556 ἐνῷ
419 2523 448 2549 αἱ
461 2522 484 2538 “
502 2524 527 2549 κ’
540 2521 655 2557 ὁμιλίαι.
676 2522 714 2549 Τὸ
730 2523 752 2550 δ’
769 2523 864 2558 ἕτερον

869 867 890 895 Β

811 143 919 174 CODD.
935 143 1214 177 CLXXI-CLXXIV.

900 196 1068 234 baptizatum
1087 209 1148 228 eum
1162 201 1342 232 inaudisseut.
1359 201 1446 236 plagis
1465 200 1555 227 multis
1574 208 1684 234 percus-

898 254 978 281 sum;
996 254 1065 281 quas
1077 255 1137 274 cum
1156 247 1262 274 fortiter
1276 247 1333 282 ipse
1353 247 1506 279 tolerasset,
1518 254 1533 272 e
1551 246 1606 272 vita
1625 250 1685 280 post

898 301 952 320 non
969 293 1014 320 diu
1026 294 1187 321 decessisse.
1206 292 1282 320 Hane
1296 293 1380 320 codex
1397 292 1450 319 iste
1463 292 1621 319 continebat
1643 291 1685 317 hi-

899 339 1023 371 storiam,
1044 347 1158 374 eamque
1174 339 1327 374 Chrysippo
1342 338 1504 370 aseribcbat,
1526 336 1684 371 Hierosoly-

899 392 1006 412 morum
1046 385 1226 421 presbytero,
1246 385 1292 420 qui
1321 384 1347 411 in
1376 383 1531 410 laudatione
1548 382 1684 409 Theodori

900 431 1041 465 martyris,
1058 431 1135 465 quasi
1148 431 1221 457 aliud
1239 437 1331 465 agens,
1347 429 1459 456 Luciani
1476 427 1615 462 cuiusdam
1629 434 1686 454 me-

900 476 989 509 minit,
1008 476 1131 512 ejusdem
1148 484 1224 511 mque
1237 476 1365 503 Ecclesiae
1377 474 1544 510 presbyteri,
1553 480 1606 509 quo
1617 477 1686 500 tem-

900 529 966 557 pore
983 521 1102 549 Joannes
1115 522 1213 556 praesul
1227 529 1287 549 eam
1302 521 1392 548 sedem
1412 520 1508 547 tenuit.
1524 518 1574 546 llic
1589 518 1685 545 Lucia-

901 576 952 596 nus
960 567 1015 603 (86)
1029 573 1106 595 nocte
1121 568 1249 603 quadam,
1264 568 1329 594 hora
1344 565 1401 593 fere
1409 565 1500 597 tertia,
1513 572 1617 598 revera,
1631 572 1684 591 non

902 614 930 641 in
947 614 1059 644 somnis,
1081 613 1180 640 dicitur
1195 620 1226 640 ea
1242 620 1302 647 qum
1319 612 1449 644 diximus,
1470 611 1607 638 didicisse.
1623 609 1685 636 Hmc

902 661 974 687 enim
986 664 1120 688 astantem
1138 659 1190 694 ipsi
1212 658 1388 686 Gamalielem
1409 657 1500 685 omnia
1520 656 1657 684 revelasse
1677 665 1683 682 :

905 706 1000 741 1186
1017 713 1110 733 verum
1127 705 1254 732 nimirum
1269 711 1330 732 esse
1345 711 1375 731 se
1391 702 1566 730 Gamalielem
1582 721 1590 734 ,
1603 709 1619 729 a
1642 709 1688 729 su-

903 752 1033 787 pradictis
1042 750 1182 786 apostolis,
1192 757 1246 777 una
1262 757 1322 777 cum
1336 748 1423 776 Abibo
1438 748 1493 775 ﬁlio
1508 747 1685 782 baptizatum,

904 802 931 824 et
948 798 974 824 in
986 797 1082 825 eadem
1105 804 1186 832 capsa
1201 795 1372 823 collocatum.
1389 795 1456 822 Esse
1476 797 1503 820 et
1521 793 1686 827 Stephanum

904 848 1129 878 protomartyrem
1144 843 1170 869 in
1184 843 1259 869 theca
1279 842 1410 868 orientem
1423 846 1518 866 versus
1532 839 1668 866 conditum
1678 857 1686 868 .

907 894 986 923 atque
997 890 1029 915 ad
1038 889 1097 923 ejus
1114 889 1197 923 pedes
1216 889 1241 915 in
1257 888 1343 915 altero
1356 886 1486 914 scriniolo
1508 884 1686 912 Nicodemum

903 934 1004 969 jacere,
1021 943 1081 969 quae
1103 935 1166 962 item
1194 941 1243 968 per
1261 941 1340 968 quos,
1358 937 1385 959 et
1411 931 1463 960 sub
1477 930 1573 965 quibus
1592 937 1689 964 passus

905 986 992 1014 esset,
1016 981 1144 1007 indicavit
1162 989 1169 1007 :
1191 981 1353 1013 thecamque
1380 983 1439 1013 post
1459 977 1518 1004 haec
1537 976 1688 1011 proximam

906 1034 984 1054 suum
1001 1034 1032 1054 ac
1047 1026 1093 1053 lilii
1113 1033 1212 1061 corpus
1227 1026 1377 1053 continere.
1396 1023 1444 1051 llis
1463 1023 1542 1050 dictis
1554 1021 1690 1049 Gamalie—

906 1072 958 1099 lem
969 1072 1130 1107 praecepisse
1144 1071 1274 1104 Luciano,
1289 1078 1322 1098 ne
1345 1070 1459 1105 posthac
1485 1068 1616 1102 reliquias
1631 1066 1691 1094 iﬂas

906 1118 934 1145 iu
949 1118 1015 1148 sole,
1041 1123 1068 1145 et
1087 1117 1177 1153 pluvia
1194 1116 1330 1151 corrumpi
1348 1123 1396 1150 per
1410 1115 1600 1149 negligentiam
1618 1114 1691 1147 sine-

907 1167 958 1192 ret.
973 1163 1065 1191 Terrae
1082 1168 1183 1190 motum
1195 1164 1307 1198 insuper
1321 1163 1355 1190 ad
1377 1163 1427 1189 hoc
1447 1162 1534 1188 visum
1552 1163 1688 1189 exortum,

907 1209 1044 1244 multaque
1057 1209 1233 1244 plurimorum
1245 1216 1344 1242 genera
1363 1208 1519 1235 morborum
1541 1206 1585 1233 hic
1597 1210 1689 1233 curata

907 1262 977 1287 esse,
1001 1254 1209 1290 protomartyris
1232 1253 1348 1281 maxime
1365 1253 1443 1281 theca
1468 1249 1599 1278 medelam
1625 1247 1691 1276 atie-

908 1306 994 1328 rente.

1164 1431 1435 1461 CLXXILCLXXIV.‘

908 1481 985 1508 Beati
1004 1480 1115 1508 Ioannis
1129 1479 1307 1514 Clirysostomi
1332 1478 1508 1505 Ilamiliarum
1528 1479 1555 1505 in
1573 1477 1692 1506 Genesi»:

1203 1515 1336 1541 volumina
1356 1521 1395 1540 ill.

945 1561 1070 1595 Legimus
1085 1560 1271 1596 Chrysoslomi
1286 1559 1416 1586 llomilias
1427 1560 1455 1586 in
1477 1559 1598 1587 chen’m
1611 1567 1691 1586 unam

909 1611 936 1634 et
950 1607 1109 1641 sexaginta,
1140 1607 1166 1633 iu
1190 1605 1242 1632 tria
1257 1605 1417 1632 distributas
1435 1604 1570 1632 volumina
1594 1613 1601 1632 :
1624 1612 1692 1639 quo-

910 1661 972 1680 rum
987 1653 1102 1687 primum
1116 1651 1224 1685 quidem
1247 1643 1352 1686 viginti,
1379 1649 1492 1677 alterum
1508 1650 1605 1677 deinde
1632 1657 1693 1677 sex-

911 1700 1009 1732 decim,
1019 1699 1126 1727 tertium
1139 1699 1258 1733 quinque
1272 1703 1300 1725 et
1318 1697 1411 1732 viginti
1428 1695 1592 1724 continebat.
1603 1695 1693 1730 Signi-

912 1745 975 1772 ﬁcat
987 1750 1076 1772 autem
1099 1744 1126 1772 in
1143 1744 1237 1771 horum
1253 1743 1350 1778 primo,
1367 1742 1585 1777 Quadragesimte
1601 1741 1692 1769 statim

911 1791 988 1818 initio
999 1791 1154 1818 canciouari
1171 1789 1302 1824 cepisse,
1319 1794 1399 1823 atque
1415 1793 1479 1815 ante
1499 1788 1597 1823 jejuuii
1622 1792 1692 1815 tem-

912 1845 962 1873 pus
977 1837 1042 1865 illud
1056 1837 1209 1867 decursum,
1228 1836 1322 1870 viginti
1346 1836 1395 1862 hos
1409 1842 1549 1862 sermones
1563 1841 1615 1861 una
1632 1841 1692 1861 cum

912 1883 973 1912 aliis
990 1883 1055 1910 item
1073 1883 1159 1909 tribus
1181 1885 1341 1915 quatuorve,
1372 1880 1399 1906 in
1418 1879 1508 1907 medio
1533 1879 1693 1907 cuncionum

913 1929 938 1955 iu
951 1928 1077 1955 Genesim
1091 1927 1157 1961 (usu
1176 1927 1224 1958 ita,
1235 1917 1270 1952 ¹ιιι
1286 1930 1407 1960 apparet,
1432 1925 1575 1959 veniente)
1590 1924 1695 1958 interie-

912 1973 975 2005 ctis,
984 1973 1017 2000 ad
1027 1972 1152 2007 populum
1162 1969 1566 1999 declamitasse.Auimadvertas
1576 1977 1697 2004 quoque,

913 2019 965 2046 etsi
982 2017 1143 2045 Orationum
1162 2024 1259 2044 nomen
1274 2015 1419 2051 praeferant
1436 2015 1462 2043 bi
1476 2015 1536 2043 libri
1557 2016 1612 2051 (sic
1622 2015 1694 2043 enim

913 2064 941 2091 in
960 2064 993 2091 iis
1008 2063 1096 2098 reperi
1107 2062 1318 2097 exemplaribus,
1339 2069 1399 2096 quae
1414 2061 1465 2096 legi
1479 2063 1502 2097 ),
1515 2061 1633 2089 homiliis
1655 2066 1696 2088 la-

914 2117 975 2137 men
991 2109 1093 2137 similes
1111 2108 1198 2143 magis
1218 2116 1296 2140 esse.
1315 2115 1375 2135 cum
1391 2108 1500 2135 caeteris
1515 2108 1613 2140 rebus,
1640 2113 1695 2135 tum

915 2157 985 2191 quod
1012 2162 1197 2190 saepenumero
1223 2159 1350 2189 tanquam
1378 2159 1526 2188 praesentes
1549 2153 1696 2187 respiciens

914 2203 1062 2232 auditores,
1081 2208 1235 2228 sermonem
1251 2201 1285 2227 ad
1306 2207 1353 2227 eos
1370 2199 1516 2230 convertit.
1536 2199 1696 2233 interrogat,

914 2246 1070 2281 respondet,
1094 2254 1125 2273 ac
1139 2245 1377 2279 pollicitationibus
1389 2244 1484 2271 utitur.
1498 2244 1533 2271 Et
1560 2248 1587 2270 ιιι
1612 2243 1699 2278 possit

915 2293 1034 2320 maxime
1049 2292 1102 2318 alio
1127 2292 1154 2318 in
1170 2291 1276 2318 dicendi
1301 2297 1410 2325 genere,
1432 2297 1511 2324 quam
1527 2289 1697 2316 homiliarutn

915 2339 983 2371 isto,
997 2337 1097 2366 similia
1114 2337 1233 2365 formare
1258 2341 1339 2371 atque
1362 2336 1502 2368 exhibere,
1527 2335 1590 2370 quia
1609 2340 1698 2361 tamen

915 2385 980 2412 illud
994 2384 1103 2412 assidue
1126 2387 1334 2416 coustauterque
1356 2382 1415 2410 sine
1441 2381 1494 2409 ullo
1513 2381 1700 2416 dispositionis

914 2431 1010 2458 ordine
1020 2434 1122 2461 servat,
1137 2429 1263 2457 bomilias
1279 2427 1339 2456 illas
1350 2435 1411 2455 esse
1423 2428 1490 2455 satis
1503 2435 1636 2461 superque
1651 2427 1698 2454 de-

915 2477 1011 2503 clarat.
1028 2475 1130 2505 Habuit
1145 2479 1234 2502 autem
1245 2481 1293 2501 eas
1315 2473 1349 2501 ad
1365 2473 1546 2508 populum,,ut
1560 2480 1592 2500 ex
1606 2473 1699 2507 singu-

916 2521 950 2550 lis
965 2521 1161 2555 deprehendas,
1181 2526 1251 2555 ξιξερο
1264 2519 1395 2554 quotidie,
1420 2518 1554 2546 interdum
1574 2518 1696 2545 alternis.

719 2589 838 2618 VARIA‘]
859 2589 1064 2618 LECTIONES.

125 2634 147 2651 "
157 2636 190 2669 ot,
206 2641 234 2664 et
246 2637 315 2665 infra

92 2668 119 2708 ὲ·
129 2668 310 2708 Ξτροεχεούσης

92 2703 111 2719 ⁸⁷
127 2703 215 2741 δεκαέξ
231 2709 255 2734 Δ
273 2703 444 2735 ε’ἐκκαίδεκα
528 2703 627 2734 ""xat
637 2715 691 2734 om.
713 2703 747 2735 λ.

322 2638 455 2700 ἓὲναηιθ
464 2636 568 2680 τδ,τῶν
582 2641 644 2680 ante
661 2637 865 2678 Ἰεροσολύμων,
877 2640 891 2666 6
905 2643 967 2666 ante
987 2638 1124 2673 Ἰωάννης,
1139 2637 1215 2664 αὐτοὶ
1225 2635 1411 2678 βοειμιξαάιί.
1424 2635 1455 2678 Λ;
1494 2633 1517 2648 ⁵⁸
1531 2632 1701 2676 προχεουσης

361 2681 368 2700 :
386 2680 573 2700 ποοσεγουσης
586 2681 615 2700 ς.
631 2673 698 2699 Intra
709 2673 748 2700 (ο.
770 2674 802 2700 Β.
817 2674 878 2700 515.
892 2674 948 2700 52.)
963 2673 1084 2700 σωτηρία
1095 2673 1142 2699 καὶ
1163 2672 1281 2700 ὠφέλεια
1299 2679 1354 2700 τοις
1371 2677 1532 2700 προσεχουσι
1549 2676 1699 2700 moremu-

361 2681 368 2700 :
386 2673 573 2708 προσεχούσης
586 2681 615 2704 ς.
631 2669 748 2707 ἱηί“ι·ει’(ρ.
770 2669 803 2700 ΒΣ
817 2674 878 2705 515,
892 2674 948 2708 52.)
963 2673 1084 2708 σωτηρία
1093 2669 1142 2699 καὶ
1163 2669 1281 2706 ὠφέλεια
1294 2669 1354 2702 τοῖς
1371 2670 1532 2705 προσέχουσι
1549 2669 1699 2702 προχεῖται.

361 2708 444 2735 ιίδεκα
460 2717 490 2739 ς.
528 2707 552 2723 ⁸⁸
568 2707 691 2734 καὶμοιη.
714 2708 747 2735 Α.
785 2708 807 2724 ¹⁹
825 2709 872 2736 καὶ
889 2717 944 2736 om.
959 2708 990 2736 C.
1030 2708 1053 2724 ‘°
1069 2707 1167 2739 αὐτούς
1183 2706 1227 2734 AC
1246 2715 1252 2733 :
1272 2706 1356 2737 αὑτάς
1371 2714 1401 2737 ς.
1439 2706 1461 2720 ⁶¹
1482 2705 1511 2730 αἱ
1527 2703 1571 2730 AC
1586 2713 1592 2730 :
1608 2703 1654 2729 καί
1668 2711 1699 2734 ς.

824 2765 939 2794 NOTAE.

123 2811 264 2849 (86)Cuius
276 2815 351 2843 etde
367 2815 417 2843 hac
427 2815 483 2849 ipsa
505 2822 534 2842 re
546 2813 659 2848 epistola
685 2817 773 2841 exstat
792 2813 938 2849 enrycliea.
968 2815 1034 2844 Vide
1058 2816 1120 2843 Sur.
1147 2821 1212 2843 tom.
1227 2814 1273 2845 IV.
1298 2819 1324 2840 ct
1352 2813 1384 2840 ti.
1408 2813 1504 2840 Barou.
1533 2805 1597 2837 tom:
1617 2808 1638 2835 V
1666 2809 1700 2836 ad

95 2851 181 2876 annum
203 2850 302 2878 Christi
335 2851 388 2878 H5
413 2858 441 2879 et
466 2850 526 2878 Not.
543 2849 654 2885 Martyr.
672 2849 689 2876 5
708 2850 830 2884 Augusti.
