1923 3091
180 145 233 177 503

761 140 893 171 PHOTII
913 139 1027 176 PATRI
1032 138 1168 169 ARCH/E
1182 140 1243 170 (ΖΡ)

1753 140 1810 173 504

179 202 219 230 Ita
231 209 261 230 se
275 201 391 236 primum
409 199 460 227 hoc
475 197 570 233 viginti
586 196 762 225 homiliarum
777 195 901 224 volumen
917 195 968 222 ha-

1028 194 1136 228 3t6Mov,
1152 194 1215 229 ἔχον
1229 197 1266 227 ις’
1280 194 1386 229 λόγους,
1396 194 1460 226 τοὺς
1474 194 1523 229 μὶν
1531 195 1658 230 πρώτους
1674 196 1696 228 ζ’
1709 196 1749 223 ἔτι
1761 197 1816 231 τῆς

179 251 236 278 het.
258 249 380 275 Alterum
396 244 494 273 deinde
517 244 635 271 sedecim
649 244 792 271 orationes
811 242 969 277 complecti-

178 301 239 325 tur.
253 300 368 328 quarmn
382 291 487 326 priores
512 294 616 324 septem
643 289 762 316 durante
784 288 872 316 adhuc
896 287 969 321 Qua-

180 340 329 375 dragesima
356 336 481 369 habitas,
501 339 624 370 apparet,
646 339 676 361 ut
711 333 794 361 totius
812 333 968 368 Quadrage-

179 388 255 415 simae
294 389 415 418 tempore
452 389 537 416 usque
576 381 609 408 ad
650 379 826 407 hebdomadis
869 383 968 405 saneta:

179 432 273 459 feriam
290 433 425 463 quartam,
453 426 546 461 viginti
561 430 664 460 septem
678 424 704 452 in
723 423 848 451 Genesim
865 422 967 449 oratio-

179 484 227 504 nes
242 475 369 502 habuisse
384 477 502 500 constet.
528 471 622 505 Neque
641 477 707 497 vero
729 468 841 496 secundi
854 467 968 495 volumi-

180 524 222 551 nis
236 528 378 550 sermones
393 520 490 556 reliqui
513 525 620 549 novem,
639 521 666 544 et
681 515 755 543 tertii
775 514 870 550 viginti
885 513 966 548 quin-

180 577 232 604 que
244 587 254 600 ,
278 567 371 595 statim
387 570 470 600 atque
486 564 656 592 continenter
675 561 773 596 119a
787 565 848 596 post
863 559 966 587 Pascha

180 614 278 642 habiti.
304 613 372 639 Nam
388 617 450 646 post
478 610 618 640 homiliam
646 608 712 635 feria
734 612 831 642 quarta
856 605 967 641 majoris

179 657 356 686 hebdomadis
376 656 496 684 habitam
506 674 515 688 ,
537 662 597 690 quae
611 654 637 681 in
655 653 783 681 Genesim
797 652 912 686 septima
926 655 967 678 est

179 711 262 740 atque
278 704 419 737 vicesima,
435 701 614 729 concionatus
627 704 669 727 est
682 699 810 732 deinceps
823 698 856 725 de
871 701 966 724 sancta

180 758 272 783 cruce,
288 750 351 783 hinc
369 749 402 775 de
417 746 569 783 proditione
587 745 662 772 Judze
679 754 686 772 :
704 749 786 778 atque
809 742 846 770 ita
871 742 967 770 ordine

180 800 262 830 prout
278 794 338 820 festi
353 793 422 825 dies,
438 793 496 819 sive
513 794 671 826 argumenta
687 789 862 820 inciderunt,
879 787 966 814 homi-

179 843 222 869 lim
237 848 345 876 quoque
358 844 455 874 aptata;
467 842 540 866 sunt.
552 836 612 865 Jam
623 840 683 871 post
694 834 903 863 resurrectionis
915 833 965 862 ho-

179 873 268 914 milias
292 873 318 912 in
335 873 516 920 apostolorum
530 883 596 910 Acta
612 881 781 910 continenter
798 879 880 908 verba
896 879 969 912 fecit,
987 873 1009 900 Β

179 931 406 967 quemadmodum
422 930 478 964 ipse
496 933 620 956 octavam
633 934 713 961 supra
728 926 895 957 vicesimam,
907 932 967 959 qua:

180 977 302 1012 sequitur
316 975 343 1002 in
357 975 486 1002 Genesim
499 973 650 1001 orationem
663 972 819 1006 auspicatus
833 971 964 1003 ostendit,

181 1031 272 1056 quam,
285 1028 314 1049 ut
327 1026 449 1057 apparet,
472 1028 533 1048 cum
553 1019 665 1054 reliquis
679 1018 780 1054 [hujus
797 1016 967 1053 argumenti]

181 1070 262 1103 longo
283 1073 344 1103 post
359 1072 481 1102 tempore
496 1065 599 1092 habuit.
612 1064 812 1098 Quinquaginta
828 1063 900 1090 enim
915 1062 968 1089 illis

183 1115 210 1151 in
236 1114 303 1143 Acta
319 1112 438 1142 homiliis
457 1110 601 1139 recitandis
618 1117 700 1137 unum
714 1109 799 1137 ferme
811 1116 911 1135 annum
927 1108 969 1134 in-

181 1160 306 1195 sumpsit,
323 1167 384 1187 cum
400 1165 454 1185 non
481 1156 601 1192 quotidie
616 1163 708 1189 unam,
739 1155 786 1182 sed
802 1155 896 1189 quinto
911 1159 971 1180 tau-

182 1211 238 1234 tum
257 1209 304 1234 aut
320 1205 436 1239 septimo
454 1203 508 1236 die,
527 1207 555 1230 ct
569 1201 714 1236 aliquando
730 1201 819 1228 rarius
829 1200 910 1227 etiam
923 1206 971 1226 eas

180 1252 304 1279 recitarit
320 1260 328 1279 :
343 1256 371 1278 et
393 1250 514 1284 quidam,
540 1252 570 1275 ut
586 1248 701 1282 ipsemet
717 1247 808 1280 tradit,
834 1253 895 1273 cum
917 1250 972 1272 ter-

180 1297 250 1323 tium
262 1296 317 1330 jam
334 1302 435 1322 annum
450 1293 547 1328 prazsnl
563 1297 644 1319 esset.
673 1292 746 1324 Quas
761 1299 824 1318 vero
840 1291 866 1317 in
884 1289 970 1317 Gene-

181 1343 232 1370 sim
249 1342 369 1377 scripsit,
381 1348 434 1375 quo
446 1340 501 1367 sint
527 1343 648 1372 tempore
674 1337 781 1369 habitae,
825 1345 878 1364 non
896 1336 973 1371 potui

183 1394 361 1423 cognoscere.
384 1386 501 1412 Tantum
522 1384 544 1412 si
559 1384 619 1411 illas
636 1391 650 1410 a
678 1390 707 1410 se
727 1382 834 1410 habitas
848 1381 973 1409 homilias

183 1439 309 1462 sermone
326 1432 371 1459 illo
391 1437 476 1458 xxvm
493 1429 629 1461 meminit,
650 1435 718 1463 quas
733 1428 813 1455 tertio
828 1428 973 1462 episcopa-

183 1485 229 1507 tus
245 1486 316 1506 anno
346 1477 518 1512 composuit:
533 1482 619 1510 neque
634 1475 668 1502 de
687 1474 747 1502 aliis
757 1482 837 1509 quam
858 1474 885 1501 in
907 1473 974 1500 Acta

184 1525 304 1560 scriptis,
320 1523 357 1552 ibi
385 1522 551 1551 mentionem
576 1521 639 1548 facit
654 1521 735 1556 (quod
766 1520 890 1555 equidem
911 1519 975 1547 hac-

1018 239 1245 276 τεσσαρακοστῆς
1265 240 1444 275 ἐνισταμένης
1473 241 1606 276 ὑπεδήλου
1624 242 1816 278 καθομιληθῆ-

1019 294 1074 316 ναι,
1089 285 1127 317 ὡς
1147 284 1291 318 εἶναιτοὺς
1305 286 1339 313 δι’
1353 286 1418 321 ὅλης
1430 286 1504 321 αὐτῷ
1521 287 1571 322 τῆς
1587 289 1817 324 τεσσαρακοστῆς

1019 331 1101 367 μέχρι
1112 331 1162 366 τῆς
1182 331 1304 367 μεγάλης
1321 332 1450 367 τετράδος
1460 332 1514 359 τῶν
1525 333 1566 364 είς
1581 333 1629 368 τὴν
1643 333 1754 360 Γένεσιν
1766 334 1815 360 λό-

1018 385 1085 410 γους
1100 377 1152 409 κζ’.
1169 378 1201 404 Οἱ
1214 377 1243 403 δὲ
1259 377 1400 405 ὑπόλοιποι
1416 377 1491 412 λόγοι
1515 378 1594 405 ἐννέα
1617 379 1665 406 τοῦ
1678 380 1773 416 ἑτέρου
1792 380 1817 395 ⁶¹

1021 422 1126 457 βιϐλίου
1140 423 1187 450 καὶ
1202 424 1226 450 οἱ
1239 423 1330 450 λοιποὶ
1343 426 1382 450 κε’
1405 423 1452 450 τοῦ
1466 423 1558 459 τρίτου
1575 424 1626 450 οὐκ
1643 425 1724 456 εὐθὺς
1741 424 1815 459 ὡμι-

1017 467 1152 503 λήθησαν,
1165 469 1226 495 οὐδὲ
1237 469 1357 504 συνεχῶς
1365 469 1434 504 μετὰ
1446 469 1476 495 τὸ
1488 469 1594 504 Πάσχα.
1607 469 1686 496 Μετὰ
1697 469 1751 504 γὰρ
1760 469 1816 504 τὴν

1017 516 1049 541 ὲν
1073 515 1110 549 τῇ
1130 514 1236 550 μεγάλῃ
1254 514 1362 550 τετράδι
1375 514 1495 549 ὁμιλίαν,
1512 515 1573 550 ἥτις
1587 512 1621 550 ἦν
1637 515 1691 540 τῶν
1705 515 1744 545 εἰς
1762 515 1816 549 τὴν

1017 559 1127 585 Γένεσιν
1136 559 1188 591 κζ’,
1199 559 1336 594 ὡμίληται
1348 559 1423 595 αὺτῷ
1434 560 1457 576 ⁸³
1467 561 1500 595 τῇ
1513 559 1614 594 ἐφεξῆς
1624 560 1665 591 είς
1675 560 1721 586 τὸν
1731 568 1817 586 σταυο

1018 606 1076 642 ρδν,
1092 603 1153 632 εἶτα
1169 607 1209 637 είς
1221 606 1271 642 τὴν
1283 606 1440 641 προδοσίαν,
1456 606 1504 633 καὶ
1517 606 1611 633 λοιπὸν
1623 606 1723 641 ἐφεξῆς
1739 607 1816 633 κατὰ

1015 651 1066 683 τὰς
1082 651 1294 683 ἀνακυπτούσας
1317 651 1373 678 τῶν
1392 651 1504 687 ἡμερῶν
1529 651 1700 688 πανηγύρεις
1719 660 1747 678 τε
1761 652 1815 678 καὶ¹

1016 696 1159 728 ὑποθέσεις
1189 697 1327 731 ἀναλόγως
1345 697 1374 723 αἱ
1388 697 1492 732 ὁμιλίαι
1517 697 1648 732 ἐγίνοντο.
1669 697 1724 724 Καὶ
1741 697 1816 732 μετὰ

1014 743 1065 774 τὰς
1079 743 1144 778 περὶ
1157 743 1332 774 ἀναστάσεως
1345 742 1454 778 ὁμιλίας
1465 742 1604 778 ὡμίλησεν
1620 743 1661 774 εἰς
1673 743 1723 775 τὰς
1737 743 1818 779 Πρά-

1016 789 1072 823 εεις
1085 790 1214 826 συνεχῶς.
1232 791 1270 822 ὡς
1283 789 1305 806 ⁸⁵
1329 791 1411 822 αὐτὸς
1423 791 1526 822 ἐκεῖνος
1541 791 1693 826 ἀρχόμενος
1706 791 1752 817 τοῦ
1767 790 1818 825 κη’

1018 835 1097 870 λόγου
1105 836 1159 863 τῶν
1173 836 1213 867 είς
1223 836 1272 871 τὴν
1287 835 1396 862 Γένεσιν
1406 836 1618 871 ἐπισημαίνεται
1635 845 1643 852 ·
1657 836 1698 868 ὃν,
1712 836 1750 868 ὡς
1765 836 1816 871 δῆ-

1021 881 1077 914 λον,
1104 882 1151 909 καὶ
1168 882 1234 914 τοὺς
1252 883 1300 909 σὺν
1322 882 1396 917 αὐτῷ
1415 882 1483 917 μετὰ
1508 882 1592 909 πολὺν
1612 883 1707 918 χρόνον
1728 890 1816 918 προσ-

1017 926 1163 962 ωμίλησεν.
1176 927 1209 953 Δί
1234 927 1289 962 γὰρ
1301 927 1342 958 εἰς
1355 928 1405 959 τὰς
1419 926 1536 962 Πράξεις
1551 927 1655 962 ὁμιλίαι
1667 930 1705 953 νε¹
1721 927 1745 943 ⁸³
1762 927 1817 962 μέν

1019 974 1084 1006 εἰσι,
1100 973 1192 1008 σχεδον
1204 972 1232 999 δὲ
1244 973 1278 1000 δι’
1291 973 1353 999 ὅλου
1376 973 1452 1008 αὑτῷ
1469 973 1517 1000 τοῦ
1540 973 1665 1000 ἐνιαυτοῦ
1689 973 1816 1009 ἐρῤήξη-

1020 1028 1070 1046 σαν
1083 1027 1090 1035 ·
1106 1020 1136 1046 οὐ
1153 1019 1208 1054 γὰρ
1227 1019 1288 1046 καθ’
1303 1019 1411 1055 ἡμέραν
1423 1019 1537 1052 ταύτας,
1551 1019 1620 1046 ἀλλὰ
1638 1020 1686 1046 καὶ
1701 1019 1770 1056 ὑπὲρ
1788 1018 1810 1045 ε’

1019 1065 1067 1092 καὶ
1082 1065 1152 1100 ὑπὲρ
1165 1066 1186 1097 ζ’
1209 1065 1273 1101 [588
1291 1065 1337 1101 IL]
1353 1065 1400 1092 καὶ
1414 1066 1500 1092 πλείω
1519 1066 1682 1100 καθωμίλει,
1699 1067 1749 1096 "Ac
1763 1065 1815 1100 δῆ-

1020 1111 1065 1137 λον
1092 1111 1172 1142 αὐτὸς
1199 1111 1268 1137 ποιεῖ
1296 1111 1336 1136 ὅτι
1363 1111 1568 1146 ἀρχιερατεύων
1590 1111 1662 1138 κατὰ
1678 1111 1814 1146 τδτρίτον

1021 1155 1080 1186 ἔτος
1092 1154 1225 1190 ὡμίλησε.
1242 1155 1298 1186 Τὰς
1315 1154 1376 1190 [(201
1394 1155 1439 1191 Η.]
1451 1156 1475 1181 δ’
1489 1157 1529 1187 εἰς
1553 1155 1602 1191 τὴν
1624 1156 1735 1182 Γένεσιν
1760 1157 1815 1183 οὐχ

1021 1200 1136 1235 ἔσχομεν
1149 1200 1250 1234 γνῶναι
1265 1201 1345 1227 ὁπότε
1359 1201 1500 1236 ὁμιλήσειε
1516 1202 1554 1217 ⁸⁸³
1571 1201 1642 1237 πλὴν
1656 1202 1681 1228 εί
1698 1201 1814 1228 εκείνων

1024 1247 1159 1282 μέμνηται
1169 1247 1224 1273 τῶν
1244 1247 1357 1281 ὁμιλιῶν
1377 1248 1406 1274 ἐν
1420 1247 1460 1283 τῷ
1477 1251 1519 1282 κη’
1531 1248 1602 1283 λόγῳ
1616 1248 1767 1284 όμι).ἧσαι,-
1779 1247 1815 1278 ἃς

1022 1293 1066 1320 διὰ
1078 1293 1126 1320 τοῦ
1138 1293 1230 1328 τρίτου
1246 1292 1324 1323 ἔτους
1338 1293 1388 1328 τῆς
1400 1293 1605 1329 ἀρχιερωσύνης
1626 1294 1707 1320 αὐτοῦ
1726 1293 1816 1328 ἐξειρ-

1022 1336 1136 1371 γάσατο,
1154 1336 1222 1363 ἀλλὰ
1238 1336 1275 1372 μὴ
1296 1336 1399 1372 ἑτέρων
1419 1337 1500 1364 τινῶν
1519 1339 1594 1374 παρὰ
1606 1339 1627 1354 ⁸⁷
1638 1338 1741 1369 ταύτας
1758 1337 1817 1373 (οὕ-

1024 1391 1067 1409 πω
1086 1383 1141 1417 γὰρ
1153 1381 1231 1409 τοῦτο
1250 1382 1358 1417 ἔγνων),
1373 1382 1452 1418 δῆλον
1462 1383 1503 1410 ὅτι
1516 1385 1562 1410 καῖί
1573 1384 1674 1415 ταύτας
1688 1384 1817 1419 ἀρχιερα-

1024 1427 1110 1454 τεύων
1136 1427 1336 1459 κατεσκεύασε,
1362 1428 1411 1459 τὰς
1429 1429 1478 1463 μὲν
1499 1428 1541 1461 κζ’
1562 1431 1596 1465 τῇ
1608 1431 1815 1465 τεσσαρακοστῇ

1024 1474 1071 1502 τοῦ
1085 1473 1211 1509 δευτέρου
1225 1474 1312 1506 ἔτους,
1330 1474 1380 1506 τὰς
1397 1474 1426 1501 δὲ
1441 1474 1537 1508 λοιπὰς
1551 1475 1587 1502 λδ¹
1601 1477 1631 1503 ὲν
1642 1475 1680 1511 τῷ
1694 1475 1819 1512 τετάρτῳ

1026 1519 1092 1547 ἔτει.

185 1579 265 1605 tenus
282 1579 334 1599 non
350 1570 424 1604 potui
442 1566 669 1603 deprehendere),
681 1565 779 1600 pricsul
794 1565 920 1592 nimirum
936 1572 997 1592 cum
1011 1569 1094 1597 esset,
1108 1565 1188 1592 etiam
1199 1565 1248 1592 has
1265 1566 1450 1599 contexuerit;
1467 1567 1561 1601 viginti
1587 1568 1696 1602 quidem
1716 1572 1744 1595 et
1773 1577 1822 1596 se-

183 1627 257 1658 ptem
285 1618 396 1648 secundi
418 1617 482 1645 anni
512 1615 858 1651 Quadragesima,ca:teras
896 1612 957 1641 dein
986 1613 1098 1648 triginta
1113 1616 1241 1646 quatuor,
1261 1620 1332 1639 anno
1347 1617 1458 1647 quarto.

221 1668 309 1696 Dictio
324 1667 370 1694 hic
384 1665 457 1693 illius
470 1665 503 1692 de
514 1671 592 1691 more
608 1662 751 1698 perspicua
761 1665 788 1688 et
798 1667 874 1695 pura,
885 1659 976 1695 splen-
987 1665 1010 1696 ο

186 1715 247 1743 dida
274 1714 385 1748 insuper
407 1719 439 1738 ac
459 1711 545 1738 ﬂuens
576 1707 837 1744 apparet,multam
865 1705 974 1733 interim

187 1769 249 1789 cum
277 1766 406 1788 sensuum
440 1757 602 1784 varietatem
622 1775 630 1788 ,
665 1759 720 1781 tum
759 1752 974 1788 gratissimorum

187 1805 372 1840 exemplorum
384 1803 491 1837 copiam
508 1801 650 1829 exhibens.
665 1799 693 1826 lu
709 1798 812 1826 humile
825 1801 914 1824 tamen
931 1795 976 1823 hic

189 1850 295 1879 dicendi
311 1856 395 1885 genus
411 1848 494 1874 dictio
509 1846 623 1881 pronior
648 1848 725 1872 tanto
751 1847 792 1871 est
809 1851 851 1875 ea,
869 1849 924 1877 qua
948 1842 976 1869 in

188 1896 307 1925 homiliis
335 1895 362 1922 in
390 1894 457 1926 Acta
486 1892 669 1927 apostolorum
699 1890 805 1922 utitur,
839 1889 975 1921 inferior,

189 1948 290 1978 quanto
296 1942 354 1968 haec
364 1949 377 1967 a
387 1938 598 1967 Commentariis
613 1937 639 1964 in
647 1935 805 1972 Apostolum
814 1942 846 1962 ac
857 1934 977 1962 Psalmos

190 1993 343 2022 superatur.
359 1986 426 2013 Cum
442 1986 515 2012 enim
531 1984 632 2018 ubique
648 1982 800 2010 orationem
821 1988 928 2016 puram,
946 1980 978 2007 il-

191 2033 303 2060 lustrem
315 2038 347 2058 ac
362 2031 431 2058 bene
445 2029 605 2064 dispositam
621 2035 675 2054 non
687 2027 747 2055 sine
758 2026 897 2061 voluptate
910 2025 977 2052 arti-

191 2078 284 2106 ﬁciose
294 2080 420 2104 contexat
435 2083 442 2102 :
458 2075 485 2102 in
501 2074 543 2101 his
558 2073 677 2100 maxime
698 2072 808 2106 scriptis
832 2071 978 2098 virtutibus

192 2123 256 2156 illis,
272 2121 513 2156 exemplorumque
527 2119 668 2151 ubertate,
695 2121 778 2151 atque
792 2117 978 2152 enthymema-

193 2174 250 2196 tum
272 2167 363 2202 copia,
394 2171 422 2194 et
436 2173 497 2193 cum
513 2165 550 2192 ita
565 2171 634 2199 opus
657 2167 720 2196 est,
744 2162 826 2190 etiam
845 2162 979 2196 gravitate

193 2214 310 2242 excellit.
323 2213 406 2246 Quin,
421 2216 451 2239 ut
465 2210 549 2239 semel
569 2211 657 2238 dicam
668 2229 675 2242 ,
693 2208 783 2236 verbis
808 2209 865 2235 haec
882 2215 979 2234 monnv

193 2267 294 2293 menta,
311 2259 516 2294 compositione,
534 2256 675 2288 methodo,
687 2255 822 2287 sensibus,
839 2259 866 2281 et
884 2254 911 2281 id
932 2261 979 2288 ge-

193 2315 244 2334 nus
260 2311 407 2341 apparatu,
423 2303 647 2340 praestantissime
662 2305 793 2328 exornata
812 2300 907 2327 edidit.
923 2299 981 2326 Ca:-

1068 1658 1100 1685 'H
1113 1659 1140 1685 δὲ
1156 1659 1256 1695 φράσις
1271 1660 1346 1695 αὑτῷ
1361 1660 1431 1695 μετὰ
1448 1661 1500 1696 τῆς
1520 1661 1652 1696 συνήθους
1668 1661 1820 1697 σαφηνείας

1027 1705 1074 1732 καὶ
1089 1705 1275 1740 καθαρότητος
1290 1706 1337 1732 καὶ
1353 1706 1384 1733 τὸ
1401 1707 1533 1742 λαμπρὸν
1548 1708 1595 1733 καὶ
1608 1707 1704 1743 εὔρουν
1732 1708 1820 1734 ἐνδεί-

1026 1760 1131 1785 κνυται,
1161 1751 1192 1778 τὸ
1221 1751 1356 1787 πολύχουν
1380 1752 1434 1779 τῶν
1457 1754 1602 1788 νοημάτων
1625 1755 1672 1780 καὶ
1691 1754 1740 1788 τὴν
1764 1754 1821 1780 τῶν

1026 1797 1259 1833 παραδειγμάτων
1283 1799 1514 1834 προσφυεστάτην
1539 1799 1671 1834 εὐπορίαν
1701 1808 1821 1826 συνυπο-

1027 1843 1169 1877 φαίνουσα.
1191 1843 1358 1871 Ἦλάττωται
1379 1844 1408 1871 δὲ
1423 1845 1497 1879 ὅμως
1511 1845 1561 1879 τῆς
1577 1845 1606 1870 ὲν
1622 1845 1682 1876 ταῖς
1698 1845 1822 1880 Πράξεσι

1027 1888 1157 1923 φράσεως
1176 1889 1222 1916 ἐπὶ
1239 1889 1272 1916 τὸ
1296 1891 1489 1925 ταπεινότερον
1507 1891 1734 1926 ἀπενηνεγμένη,
1758 1891 1823 1918 ὅσον

1026 1933 1081 1960 τῶν
1098 1935 1138 1966 εἰς
1163 1934 1208 1961 τὸν
1226 1934 1387 1962 ’Λπόστολον
1408 1936 1562 1971 ὲρμηνειῶν
1582 1936 1630 1963 καὶ
1647 1936 1687 1963 ἔτι
1711 1936 1765 1963 τῶν
1780 1937 1824 1969 εἰς

1027 1978 1072 2005 τὸν
1086 1980 1220 2015 Ψαλτῆρα
1234 1981 1440 2016 ὑπομνημάτων
1454 1983 1471 2016 ἡ
1488 1983 1516 2008 ἐν
1531 1983 1591 2014 ταῖς
1606 1980 1741 2018 Πράξεσιν
1753 1983 1825 2009 ὐπο-

1027 2024 1160 2052 λείπεται.
1174 2025 1316 2060 Πανταχοῦ
1330 2025 1385 2060 γὰρ
1398 2027 1454 2057 τοῖς
1480 2026 1570 2060 λόγοις
1588 2027 1671 2053 αὑτοῦ
1687 2027 1718 2054 τὸ
1732 2027 1825 2054 καθα-

1031 2071 1077 2106 ρὸν
1105 2071 1153 2098 καὶ
1181 2072 1306 2107 λαμπρὸν
1342 2073 1390 2098 καὶ
1414 2073 1539 2108 εὐκρινὲς
1568 2073 1638 2106 μετὰ
1666 2073 1715 2100 τοῦ
1743 2073 1825 2109 ἡδέος

1027 2116 1210 2152 τεχνουργῶν,
1231 2118 1337 2149 τούτοις
1361 2126 1390 2145 τε
1407 2117 1526 2144 ἐνταῦθα
1543 2118 1660 2153 μάλιστα
1674 2118 1826 2153 διαπρέπει

1029 2163 1078 2188 καὶ
1094 2163 1127 2197 τῇ
1146 2162 1202 2188 τῶν
1219 2163 1452 2198 παραδειγμάτων
1469 2164 1584 2200 εὐπορίᾳ
1600 2165 1646 2190 καὶ
1658 2165 1690 2199 τῇ
1707 2164 1762 2190 τῶν
1777 2165 1827 2190 ἐν-

1030 2207 1198 2242 θυμημάτων
1208 2207 1324 2243 ἀφθονίᾳ.
1339 2209 1396 2241 καὶ,
1413 2209 1500 2235 εἵπου
1521 2209 1586 2242 δέοι,
1607 2210 1654 2236 καὶ
1668 2209 1803 2245 δεινότητι
1815 2230 1825 2241 ,

1030 2254 1078 2279 καὶ
1091 2253 1185 2284 ἁπλῶς
1196 2253 1224 2280 ἓν
1245 2261 1274 2280 τε
1297 2253 1370 2285 λέξει
1389 2255 1438 2280 καὶ
1456 2254 1578 2290 συνθήκῃ
1593 2256 1641 2281 καὶ
1657 2255 1761 2291 μεθόδῳ
1775 2257 1826 2282 καὶ

1031 2299 1150 2334 νοήμασι
1167 2299 1214 2325 καὶ
1224 2300 1257 2334 τῇ
1277 2299 1324 2336 ὅλῃ
1342 2300 1364 2315 ⁶⁸
1383 2302 1541 2336 κατασκευῇ
1557 2301 1654 2336 ἄριστα
1677 2302 1759 2328 τάσδε
1773 2302 1827 2334 τὰς

195 2339 284 2382 terunt
293 2339 415 2388 quaenam
427 2339 458 2378 Vin
475 2349 596 2385 Apostoli
607 2347 742 2381 Epistolas
753 2346 904 2374 Antiochiae
915 2345 973 2372 dum

1032 2345 1192 2380 συγγραφὰς
1207 2345 1388 2378 ὑπεστήσατο.
1408 2346 1486 2372 ’Λλλὰ
1495 2347 1543 2378 τὰς
1559 2347 1607 2381 μὲν
1619 2348 1658 2378 εἰς
1675 2348 1721 2374 τὸν
1742 2348 1827 2375 Ἀπό-

195 2404 296 2435 ageret.
306 2397 496 2430 elaboraverit,
508 2400 535 2423 et
546 2393 715 2422 accuratiora
728 2393 836 2428 quidem
851 2391 906 2424 illa,
921 2398 981 2425 qua:

196 2447 260 2474 item
275 2445 372 2480 praesul
392 2441 594 2476 conscripserit,
610 2447 642 2467 ex
656 2439 708 2466 illis
719 2438 784 2474 ipsis
797 2437 875 2466 facile
894 2442 982 2472 potest

197 2491 329 2527 dignosci.
353 2490 418 2524 Quae
443 2492 532 2515 autem
552 2487 584 2513 ad
605 2485 746 2512 historiam
767 2484 982 2511 Commentario-

196 2546 255 2566 rum
268 2538 294 2564 in
306 2535 428 2563 Psalmos
437 2532 582 2568 pertinent,
590 2537 755 2566 cognoscere
764 2529 882 2557 nondum
895 2528 981 2560 licuit,

198 2584 249 2612 nisi
261 2583 321 2618 quis
331 2581 401 2608 forte
419 2579 473 2606 vim
485 2598 492 2610 ,
511 2578 631 2612 aliasque
647 2576 753 2604 dicendi
769 2576 882 2602 virtutes
894 2574 984 2608 suSpi-

198 2631 272 2658 ciens
284 2649 291 2662 ,
305 2629 420 2655 otiosum
433 2626 476 2653 illa
485 2625 586 2660 potius,
602 2631 681 2658 quam
698 2623 812 2657 publicis
826 2623 982 2649 immersum

200 2674 314 2710 negotiis
323 2693 331 2706 ,
343 2672 498 2700 elaborasse
506 2669 631 2698 afﬁrmet.
641 2668 718 2702 Quod
735 2667 819 2696 sicubi
834 2667 983 2695 sententia-

1036 2391 1128 2418 στολον
1143 2391 1216 2417 ἐστιν
1231 2391 1261 2422 ἐξ
1281 2391 1369 2418 αὐτῶν
1391 2391 1502 2418 ἐκείνων
1524 2393 1685 2426 ἐπιγνῶναι,
1701 2393 1777 2420 ποῖαί
1792 2403 1825 2421 τε

1035 2436 1124 2463 αὐτῶν
1144 2438 1173 2463 ὲν
1202 2437 1353 2473 Ἀντιοχείᾳ
1379 2438 1547 2473 διατρίϐοντι
1566 2439 1780 2474 ὲξεπονήθησαν,
1796 2440 1828 2468 αἶ

1035 2483 1082 2510 καὶ
1099 2483 1199 2518 μᾶλλον
1222 2483 1426 2519 διηκρίϐωνται,
1441 2485 1487 2512 καὶ
1502 2486 1577 2511 ποῖαι
1601 2485 1828 2520 ἁρχιερατεύοντι

1037 2529 1207 2565 ἐποιήθησαν
1220 2537 1227 2544 ·
1246 2528 1296 2560 τὰς
1309 2529 1338 2555 δὲ
1353 2530 1392 2561 εἰς
1405 2530 1468 2561 τοὺς
1481 2530 1612 2565 Ψαλμοὺς
1626 2529 1702 2556 οὔπω
1727 2530 1829 2565 ἔχομεν

1036 2576 1098 2602 ὅσον
1111 2575 1134 2590 ⁸³
1147 2574 1208 2601 καθ’
1229 2575 1349 2610 ἱστορίαν
1365 2575 1479 2608 γνῶναι,
1493 2576 1563 2610 πλὴν
1582 2575 1608 2602 εί
1622 2584 1663 2607 τις
1681 2576 1729 2610 τὴν
1746 2576 1828 2603 δύνα-

1039 2630 1084 2656 μιν
1096 2621 1144 2647 καὶ
1157 2620 1208 2656 τὴν
1222 2620 1307 2655 ἄλλην
1323 2620 1424 2656 ἀρετὴν
1438 2621 1485 2647 τοῦ
1502 2621 1582 2654 λόγου
1595 2621 1743 2656 θαυμάζων
1764 2630 1828 2656 σχο-

1036 2667 1152 2699 λάζοντα
1169 2667 1251 2693 αὐτὸν
1266 2667 1366 2702 μᾶλλον
1380 2667 1438 2694 ἀλλ’
1453 2668 1484 2694 οὐ
1503 2667 1649 2703 πράγμασι
1664 2669 1764 2699 κοινοῖς
1781 2669 1826 2694 ὲν-

858 2754 977 2783 VARLE
998 2754 1201 2784 LECTIONES.

238 2824 260 2840 θ’
276 2823 370 2857 ἐτέρου
385 2822 404 2848 Λ
421 2820 630 2857 εόευτὲρουηςιι
669 2818 691 2857 ⁶ξ
705 2815 779 2857 σιξτῴ
805 2817 867 2845 add.

204 2860 225 2875 "
246 2852 357 2894 παράἈ
374 2865 382 2884 ι
403 2856 466 2891 περί
481 2852 528 2888 ς.’
566 2854 588 2870 ⁸⁸
608 2853 655 2890 ὅλῃ
674 2854 694 2880 Δ
714 2852 794 2888 τᾶλλῃ
809 2861 838 2884 ς.

978 2817 1000 2833 ⁸⁵
1012 2817 1042 2843 ὃν
1055 2825 1112 2846 om.
1131 2826 1171 2853 pr.
1190 2818 1223 2845 Α.

889 2853 910 2868 ⁵³
925 2853 986 2880 ὅσον
999 2861 1054 2880 om.
1071 2853 1101 2883 Ο.

1279 2818 1301 2834 εδ
1313 2819 1333 2843 ε’
1345 2816 1407 2845 add.
1419 2817 1452 2844 A.
1507 2819 1530 2835 “
1543 2819 1682 2855 ὡμίλησεν
1700 2825 1771 2848 corr.
1792 2819 1826 2845 Α.
