1923 3091
25 179 74 209 ἱΟ.)

530 178 792 209 BIBLIOTHECA.
809 193 844 198 —
862 181 944 213 COD.
960 182 1110 213 CLXXVI.

1603 183 1656 216 510

24 240 96 266 ρεσιν
111 232 356 267 κατεργασαμένου
369 239 376 247 ·
388 230 449 258 εῐτα
463 232 524 259 τίνα
540 233 642 268 τρόπον
660 234 782 270 Ἀκωρις
796 236 810 262 ό

868 237 947 264 )iadte
970 238 1049 264 sint:
1068 237 1192 272 quodque
1225 244 1240 265 e
1266 237 1356 275 Syrno
1387 238 1490 273 posteri
1523 238 1655 266 Podalirii

23 278 170 311 Αἰγύπτιος
184 277 252 313 πρὸς
266 278 328 309 τοὺς
348 277 459 309 Πισίδας
472 278 620 313 ἐποιήσατο
640 279 810 314 συμμαχίαν,

24 324 85 357 περί
112 332 144 349 τε
164 323 215 358 τῆς
240 323 331 358 χώρας
352 323 442 350 αὐτῶν
469 323 518 350 καὶ
544 323 599 350 τῶν
629 324 811 352 ’Δσπενδίωνο

23 369 85 403 περί
98 377 128 395 τε
151 369 207 395 τῶν
222 369 252 395 ὲν
270 368 318 404 Κῷ
333 368 382 394 καὶ
397 368 487 404 Κνίδῳ
507 368 617 404 ἰατρῶν,
631 369 670 401 ὼς
697 370 806 405 Ἀσκλη-

24 415 118 441 πιάδαι
133 415 168 446 ’⁸,
181 414 230 441 καὶ
244 415 282 446 ὡς
293 415 325 440 ὲκ
338 415 439 449 Σύρνου
451 415 476 441 οἱ
488 414 591 450 πρῶτοι
603 415 732 449 ἀφίκοντο
745 415 814 442 ἀπό-

21 469 91 493 γονοι
108 460 284 495 Ποδαλειρίου
295 469 303 476 ι
317 460 365 487 καὶ
381 461 445 495 περὶ
458 460 552 495 Μόψου
567 460 614 487 τοῦ
629 461 751 496 μάντεως
765 462 813 488 καὶ

21 508 72 533 τῶν
92 507 253 541 θυγατέρων
284 506 378 542 Ῥόδης
400 507 447 533 καὶ
467 506 603 541 Μηλιάδος
626 507 673 533 καὶ
695 507 812 541 Παμφυ-

21 554 87 585 λὶας,
103 554 133 586 ἐξ
149 551 187 580 ὧν
199 554 217 588 ἥ
232 562 263 579 τε
287 553 459 586 Μοψουεστία
473 554 520 579 καὶ
544 553 561 587 ὴ
573 554 602 579 ὲν
615 553 703 589 Λυκίᾳ
723 553 812 580 Ῥοδία

23 600 65 625 καὶ
78 601 94 633 ἡ
116 599 266 633 Παμφυλία
281 598 357 633 χώρα
370 598 420 630 τὰς
443 598 602 632 ἐπωνυμίας
617 598 723 625 ἔλαὸον·
751 598 812 625 τίνα

22 654 48 670 τε
60 645 165 679 τρόπον
191 645 236 678 ὑφ’
260 645 395 679 Ἑλλήνων
418 645 435 680 ἡ
458 644 607 679 Παμφυλία
632 644 789 680 κατῳκίσθη
803 653 810 661 '

865 283 945 317 primi
954 284 1129 311 accesserint.
1141 283 1179 311 De
1193 283 1284 318 Mopso
1299 285 1337 321 (l)
1347 289 1417 318 vate,
1428 285 1540 320 ejusque
1549 285 1656 313 filiabus

849 339 851 342 ⁴
865 327 971 361 Rhode,
986 328 1099 356 Meliade
1119 337 1151 357 ac
1159 329 1329 366 Pamphylia.
1341 331 1382 358 Ab
1393 331 1436 358 his
1450 331 1653 365 Mopsuestiam,

866 377 894 400 et
907 373 934 400 in
949 372 1030 409 Lycia
1045 374 1188 408 Rhodiam,
1203 375 1443 411 Pamphyliamque
1454 377 1592 412 regionem
1607 385 1657 404 no-

866 427 927 446 men
938 420 1084 454 accepisse.
1092 419 1127 447 Ut
1135 428 1149 447 a
1157 420 1259 448 Grzecis
1268 421 1383 448 habitari
1392 421 1547 458 Pamphylia
1557 428 1655 456 empta,

866 469 961 492 mutuo
967 465 1038 492 bello
1044 466 1157 493 arserit:
1168 467 1335 501 etquomodo
1344 465 1418 501 Lycii
1426 474 1486 493 cum
1494 466 1655 498 Telmissiis,

865 509 928 537 belli
943 511 1010 538 duce
1022 511 1127 539 Pericle
1144 519 1236 539 eorum
1258 520 1332 547 rege,
1353 513 1498 547 pugnarint
1516 522 1523 540 :
1537 520 1586 540 nec
1601 521 1658 540 ma-

867 562 917 581 nus
940 563 1086 582 conserere
1110 556 1253 588 desierint,
1273 557 1360 583 donec
1375 556 1448 590 ipsos
1470 556 1541 582 intra
1565 563 1657 582 muros

866 601 1020 636 compulsos
1029 601 1062 629 ad
1072 603 1247 629 concordiam
1258 603 1416 637 adegerunt.
1429 602 1489 629 llicc
1500 602 1658 629 duodecimo

865 646 910 673 illo
925 646 1091 682 libro,quem
1108 647 1292 682 Metrophanes
1313 657 1365 676 non
1379 649 1457 680 vidit,
1472 649 1656 675 continentur.

23 691 67 716 ut
79 692 94 717 6
106 691 177 726 πρὸς
191 691 323 725 ἀλλήλους
335 691 453 726 πόλεμος
466 691 488 706 ’⁸
501 698 509 705 ο
528 691 574 717 καὶ
593 690 630 722 ὡς
643 691 738 717 Λύκιοι
749 691 817 726 πρὸς
834 691 1006 727 Τελμισσεῖς,
1030 693 1182 729 ἡγουμένου
1207 695 1300 726 αὐτοῖς
1336 694 1384 722 τοῦ
1414 694 1489 728 σφῶν
1526 691 1657 727 βασιλέως

23 738 198 773 Περικλέους.
212 738 398 773 ἐπολέμησαν,
414 739 461 765 καὶ¹
474 738 523 765 οὐκ
537 738 643 772 ἀνῆκαν
660 739 841 774 πολεμοῦντες
859 740 912 772 ἕως
938 742 1038 773 αὐτοὺς
1063 743 1202 778 τειχήρεις
1229 743 1392 778 ποιήσαντες
1418 742 1481 768 καθ’
1510 741 1655 777 ὁμολογίαν

22 784 242 819 παρεστήσαντο.
261 784 295 809 Ἀ
319 783 368 818 μὲν
380 781 428 809 οὖν
450 783 464 810 ὁ
479 783 664 818 ἠφανισμένος
676 784 700 800 ’τ
720 784 880 819 Μηνοφάνει
898 786 1049 818 δωδέκατος
1065 787 1142 821 λόγος
1157 786 1289 822 περιέχει,
1306 787 1393 814 ταῦτά
1406 788 1492 814 ἐστιν.

58 831 138 857 Ἐστι
155 831 184 856 δὲ
196 830 358 864 Θεόπομπος
386 830 451 862 Χῖος
467 830 517 865 μὲν
527 830 558 857 τὸ
582 830 672 864 γένος,
687 830 743 861 υἱὸς
759 832 813 858 Δα-

903 833 1093 868 Theopompus
1110 834 1153 861 hic
1167 833 1250 861 Chius
1267 841 1367 869 genere
1382 833 1442 865 fuit,
1459 833 1565 867 genitus
1580 838 1657 867 patre

25 877 190 912 μοστράτου,
210 877 306 909 φυγεῖν
318 875 347 901 δὲ
363 875 473 909 λέγεται
491 875 541 910 τῆς
553 876 684 910 πατρίδος
698 875 758 911 ἅμα
773 876 812 912 τῷ

868 877 1036 906 Damostrate
1051 878 1100 914 (2).
1122 879 1214 906 Patria
1230 887 1296 906 vero
1310 887 1370 906 cum
1383 884 1494 914 parente
1506 879 1656 906 excessisse

3 948 5 950 τ
23 922 118 957 πατρὶ,
135 921 183 947 ἐπὶ
199 920 373 955 Λακωνισμῷ
387 920 435 947 τοῦ
452 920 554 956 πατρὸς
569 921 688 954 ἁλόντος,
706 922 812 948 ἀνασω-

23 968 101 1002 eam
116 967 146 993 δὲ
157 968 192 1000 τῇ
203 967 313 1001 πατρίδι
325 966 538 1001 τελευτήσαντος
551 966 625 1002 αὐτῷ
635 967 682 994 τοῦ
697 968 810 1002 πατρὸς,

23 1013 68 1048 τὴν
81 1013 110 1039 δὲ
127 1012 241 1039 κάθοδον
259 1012 433 1047 Ἀλεξάνδρου
448 1012 494 1039 τοῦ
504 1013 667 1040 Μακεδόνων
681 1013 812 1048 βασιλέως

23 1059 54 1084 δι’
66 1057 219 1085 ἐπιστολῶν
232 1058 287 1085 τῶν
299 1058 367 1093 πρὸς
380 1059 443 1090 τοὺς
456 1058 539 1090 Χίους
550 1059 810 1095 καταπραξαμένου·

22 1106 89 1131 ἑτῶν
103 1104 135 1131 δὲ
163 1102 235 1131 εἶναι
248 1105 309 1131 τότε
326 1105 370 1131 τὸν
390 1105 552 1140 Θεόπομπον
571 1105 593 1132 ε’
607 1105 655 1133 καὶ
677 1109 713 1140 μ’.
735 1105 814 1133 Μετά

22 1151 48 1178 δὲ
61 1152 109 1178 τὸν
128 1151 307 1186 Ἀλεξάνδρου
330 1151 446 1178 θάνατον
460 1152 632 1187 πανταχόθεν
656 1153 813 1180 ἐκπεσόντα

22 1199 60 1229 εἰς
74 1197 217 1232 Αἴγυπτον
235 1197 393 1232 ἀφικέσθαι,
414 1198 581 1233 Πτολεμαῖον
597 1199 626 1225 δὲ
646 1199 692 1225 τὸν
712 1199 814 1234 ταύτης

25 1243 138 1278 βασιλέα
153 1243 184 1269 οὺ
203 1243 364 1278 προσίεσθαι
384 1243 429 1270 τὸν
441 1244 536 1279 ἄνδρα,
552 1244 622 1271 ἀλλὰ
641 1245 689 1272 καὶ
706 1244 744 1277 ὡς
764 1253 814 1272 πο-

23 1289 206 1324 λυπράγμονα
228 1289 333 1315 ἀνελεῖν
348 1289 487 1325 ἐθελῆσαι,
511 1291 534 1316 εί
552 1291 588 1325 μή
603 1299 675 1321 τινες
691 1291 746 1317 τῶν
766 1291 813 1325 φί-

23 1336 74 1361 λων
88 1335 326 1371 παραιτησάμενοι
341 1335 516 1363 διεσώσαντο.
536 1337 714 1371 Συνακμάσαι
727 1337 756 1362 δὲ
771 1336 814 1363 λέ-

22 1390 63 1415 γει
77 1382 162 1413 αὐτὸς
178 1381 274 1408 ἑαυτὸν
289 1382 312 1397 ’³
341 1382 489 1418 Ἰσοκράτει
510 1390 539 1408 τε
552 1382 592 1417 τῷ
619 1382 752 1417 Ἀθηναίῳ
767 1382 814 1409 καὶ

22 1427 157 1462 Θεοδέκτῃ
178 1426 219 1462 τῷ
232 1427 369 1463 Φασηλίτῃ
386 1428 432 1454 καὶ
454 1428 610 1463 Ναυκράτει
626 1427 650 1444 ³⁸
671 1428 710 1463 τῷ
734 1429 815 1464 Ἐρυ-

22 1473 119 1508 θραίῳ,
135 1474 184 1499 καὶ
199 1473 310 1504 τούτους
323 1473 382 1508 ἅμα
392 1473 466 1508 αὐτῷ
479 1474 513 1500 τὰ
522 1475 644 1510 πρωτεῖα
660 1475 710 1509 τῆς
726 1477 754 1502 ἐν
771 1475 816 1502 λόο

22 1528 79 1554 τοις
93 1519 223 1550 παιδείας
242 1519 314 1553 ἔχειν
329 1520 358 1545 ὲν
370 1520 427 1551 τοῖς
439 1519 585 1554 Ἕλλησιν·
601 1520 669 1548 ἀλλά
691 1521 814 1557 Ἰσοκρὰ-

21 1575 68 1600 try
86 1567 138 1600 μὲν
161 1566 195 1592 δι’
209 1566 327 1600 ἀπορίαν
345 1566 403 1600 βίου
426 1566 474 1592 καὶ
486 1566 636 1603 Θεοδέκτην
658 1567 754 1603 μισθοῦ
770 1568 815 1595 λύ-

21 1620 85 1644 γους
103 1611 224 1645 γράφειν
245 1611 292 1637 καὶ
319 1611 498 1646 σοφιστεύειν,
518 1613 730 1646 ὲκπαιδεύοντας
752 1615 815 1647 τοὺς

22 1657 99 1688 νέους
116 1657 247 1683 κάκεῖθεν
265 1657 474 1692 καρπουμένους
500 1659 550 1690 τὰς
568 1659 712 1694 ὠφελείας,
734 1661 816 1688 αὑτὸν

22 1703 48 1730 δὲ
67 1703 117 1730 καὶ
137 1703 307 1738 Ναυκράτην
326 1703 472 1740 αὐτάρκως
485 1704 596 1739 ἔχοντας
612 1706 642 1732 ἐν
653 1707 757 1739 τούτοις
773 1707 816 1733 ἀεὶ

22 1750 69 1784 τὴν
80 1749 226 1785 διατριϐὴν
240 1750 268 1776 ὲν
278 1749 317 1785 τῷ
329 1749 484 1785 φιλοσοφεῖν
495 1751 542 1777 καὶ
555 1752 714 1786 φιλομαθεῖν
729 1755 815 1780 ποιεῖ-

23 1795 95 1823 σθαι.
115 1796 174 1822 Καὶ
192 1795 230 1827 ὼς
243 1796 292 1822 οὐκ
303 1795 336 1822 ἂν
350 1795 392 1830 εἴη
410 1796 485 1830 αὑτῷ
496 1797 650 1831 παράλογον
663 1799 818 1825 ἀντιποιου-

22 1842 96 1876 μένῳ
114 1841 172 1868 τῶν
185 1841 337 1878 πρωτείων,
349 1842 399 1868 οὐκ
412 1842 561 1869 ἐλαττόνων
577 1843 652 1878 μὲνῆ
665 1844 817 1880 δισμυρίων

21 1887 96 1913 ἐπῶν
110 1887 177 1918 τοὺς
193 1886 393 1918 ἐπιδεικτικοὺς
408 1887 463 1914 τῶν
475 1887 562 1922 λόγων
577 1890 798 1925 συγγραψαμένῳ
808 1911 815 1923 ,

22 1934 132 1963 τελείους
144 1933 173 1960 δὲ
189 1934 205 1968 ἢ
223 1936 253 1959 ιε’
273 1933 416 1968 μυριάδας,
434 1935 463 1960 ἐν
480 1932 519 1965 οἷς
532 1935 580 1965 τάς
595 1938 624 1960 τε
645 1934 699 1961 τῶν
721 1936 817 1971 Ἐλλή-

21 1990 73 2008 νων
86 1981 137 2006 καὶ
150 1980 298 2015 βαρδάρων
318 1980 434 2015 πράξεις
457 1980 538 2015 μέχρι
551 1980 598 2007 νῦν
613 1981 818 2016 ἀπαγγελλομέ-

21 2034 69 2056 va;
84 2025 147 2051 ἔστι
165 2024 259 2050 λαϐεῖν
278 2032 285 2039 ⁸
301 2023 341 2050 ἔτι
363 2024 391 2050 δὲ
410 2025 458 2050 καὶ
472 2024 538 2050 διότι
561 2024 647 2056 οὐδείς
663 2026 720 2052 ἐστι
736 2026 818 2059 τόπος

22 2070 110 2102 κοινὸς
133 2069 190 2096 τῶν
212 2069 344 2104 Ἐλλήνων
358 2069 417 2096 οὐδὲ
441 2070 520 2101 πόλις
542 2070 701 2106 ἀξιόχρεως,
718 2072 758 2103 είς
770 2071 819 2104 οὓς

21 2117 102 2148 αὐτὸς
121 2117 174 2142 οὐκ
191 2116 334 2152 ἐπιδημῶν
360 2116 408 2142 καὶ
428 2117 478 2147 τὰς
492 2116 546 2143 τῶν
561 2117 649 2151 λόγων
669 2118 816 2150 ἐπιδείξεις

22 2163 188 2197 ποιούμενος
204 2163 266 2197 οὐχὶ
281 2162 346 2197 [204
361 2162 408 2198 Η.]
423 2163 495 2196 μέγα
510 2162 589 2194 κλέος
605 2164 652 2190 καὶ
665 2164 816 2199 ὑπόμνημα

866 924 961 957 fcrtur,
979 932 1039 952 cum
1052 924 1191 952 Laconum
1207 925 1252 952 ille
1276 925 1357 952 rebus
1381 925 1492 952 studere
1514 925 1655 952 convictus

866 971 969 1002 fuisset,
977 979 1030 1006 quo
1043 976 1148 998 mortuo
1161 971 1255 1006 patria:
1269 972 1424 999 restitutum
1436 971 1522 1003 aiunt,
1534 971 1655 998 Alexan-

865 1017 916 1044 dro
941 1017 1118 1045 Macedonum
1143 1025 1206 1052 rege
1237 1025 1285 1052 per
1307 1017 1448 1052 epistolam
1468 1018 1501 1044 ad
1523 1017 1655 1044 Chieuses

867 1063 982 1090 reditum
1007 1063 1056 1097 ipsi
1086 1063 1259 1097 impetrante,
1289 1063 1376 1089 :etatis
1392 1061 1556 1096 Theopompi
1582 1070 1655 1089 anno

857 1109 962 1144 quinto
972 1113 999 1135 et
1012 1107 1330 1143 quadragesimo.Verum
1343 1113 1450 1135 mortuo
1461 1108 1522 1134 dein
1537 1107 1656 1134 Alexan-

867 1155 926 1186 dro,
955 1155 1072 1186 undique
1109 1153 1277 1181 exsulantem
1310 1154 1336 1180 in
1365 1153 1511 1188 Egyptum
1548 1154 1656 1180 venisse

867 1204 990 1232 narrant,
1011 1200 1103 1234 ibique
1126 1207 1216 1234 regem
1233 1198 1406 1226 Ptolemaeum
1424 1207 1477 1225 non
1497 1199 1582 1226 solum
1605 1199 1655 1225 ho-

867 1245 966 1271 minem
979 1252 1030 1271 non
1048 1245 1196 1278 excepisse,
1214 1244 1261 1271 sed
1277 1244 1359 1271 etiam
1376 1244 1450 1271 velut
1465 1244 1546 1272 nimis
1565 1244 1656 1271 curio-

867 1298 927 1318 sum
941 1290 1035 1318 tollere
1047 1290 1081 1317 de
1093 1290 1179 1318 medio
1195 1290 1322 1323 voluisse,
1348 1289 1399 1316 nisi
1427 1290 1577 1316 amicorum
1596 1296 1655 1323 pre-

869 1336 946 1364 cibus
966 1340 1090 1362 servatus
1120 1335 1228 1362 fuisset.
1254 1333 1385 1368 AEquales
1404 1334 1442 1368 (5)
1461 1341 1524 1360 suos
1541 1333 1655 1367 ipsemet

868 1383 991 1409 nominat
1008 1391 1015 1409 :
1033 1381 1178 1409 Isocratem
1189 1381 1227 1416 (Δ)
1247 1380 1452 1412 Atheniensem,
1472 1379 1655 1406 Theodectem

867 1428 1042 1462 Phaselitem,
1071 1433 1098 1455 et
1127 1426 1288 1454 Naucratem
1317 1427 1501 1461 Erythramm,
1533 1432 1601 1459 quos
1629 1429 1657 1451 et

868 1481 960 1502 secum
984 1475 1012 1501 in
1031 1475 1135 1501 dicendi
1153 1473 1280 1500 facultate
1300 1472 1481 1507 principatum
1507 1471 1534 1497 iu
1552 1469 1656 1497 Graecia

869 1521 988 1548 tenuisse
1005 1519 1096 1547 refert.
1124 1519 1177 1546 Sed
1195 1519 1341 1546 Isocratem
1358 1518 1466 1553 quidem
1483 1517 1521 1544 rei
1543 1516 1657 1543 familia-

828 1550 851 1580 ο
869 1566 906 1594 ris
927 1565 1063 1600 angustia,
1094 1565 1131 1592 uti
1157 1569 1184 1592 et
1200 1563 1383 1596 Theodecten,
1412 1564 1501 1598 pretio
1518 1563 1656 1590 orationes

867 1612 1073 1647 conscripsisse,
1099 1619 1132 1638 ac
1157 1611 1221 1638 ludo
1248 1615 1342 1645 aperto
1369 1609 1554 1637 adolescentes
1574 1609 1657 1636 infor-

868 1666 967 1691 masse,
996 1658 1113 1692 indeque
1138 1657 1242 1684 lucrum
1270 1660 1444 1691 reportasse:
1461 1663 1491 1682 se
1510 1663 1575 1682 vero
1593 1663 1656 1682 cum

866 1702 1013 1736 Naucrate,
1041 1703 1112 1738 quod
1131 1703 1213 1729 vitam
1233 1701 1301 1729 tueri
1317 1702 1429 1729 licueste
1443 1704 1563 1735 possent,
1589 1700 1657 1727 assi-

867 1750 919 1777 due
938 1749 965 1776 in
985 1749 1039 1780 his,
1057 1749 1083 1776 in
1106 1748 1284 1783 philosophia,
1301 1748 1424 1782 inquam,
1444 1754 1476 1774 ac
1495 1746 1600 1774 dicendi
1619 1745 1658 1773 fa-

867 1795 967 1822 cultate
983 1795 1142 1822 exercitum.
1163 1793 1263 1828 Neque.
1274 1800 1339 1820 vero
1353 1797 1455 1820 temere
1470 1799 1511 1823 se,
1526 1796 1572 1818 aut
1584 1799 1656 1826 ιιι-ιιι⁴

869 1846 908 1868 ter
920 1841 1050 1868 rationem
1067 1841 1168 1874 primas
1183 1840 1233 1867 sibi
1250 1839 1398 1870 vindicare,
1413 1846 1473 1866 cum
1484 1838 1655 1864 demonstra—

869 1888 915 1914 tivi
933 1888 1040 1923 generis
1053 1887 1191 1914 orationes
1206 1894 1259 1913 non
1289 1885 1443 1920 pauciores,
1467 1891 1548 1919 quam
1562 1883 1656 1917 viginti

868 1934 981 1961 millium
1014 1940 1141 1960 versuum
1176 1932 1392 1966 conscripserit:
1416 1931 1481 1965 quin
1503 1935 1529 1957 et
1560 1929 1656 1963 121a

868 1987 948 2014 supra
962 1979 1116 2014 quindecim
1128 1986 1254 2005 versuum
1273 1977 1418 2013 myriadas,
1438 1976 1464 2003 in
1478 1976 1575 2010 quibus
1583 1975 1656 2002 Gne-

868 2034 960 2054 corum
976 2033 1008 2052 ac
1023 2025 1203 2052 Barbarorum
1216 2032 1259 2052 res
1280 2029 1371 2058 gestas
1384 2023 1518 2050 hactenus
1533 2026 1656 2048 narratas

868 2074 957 2108 legere
974 2073 1066 2100 liceat.
1095 2072 1136 2098 Ad
1155 2072 1210 2099 haec
1223 2078 1288 2098 vero
1307 2070 1408 2097 nullam
1420 2076 1481 2096 esse
1495 2068 1533 2095 ait
1545 2067 1656 2095 Graecia:

869 2119 983 2153 alicujus
994 2118 1072 2153 pretii
1090 2118 1178 2145 locum
1197 2117 1336 2148 urbemve,
1347 2124 1400 2150 quo
1416 2123 1470 2142 non
1485 2115 1544 2149 ipse
1559 2121 1655 2148 perve-

868 2167 950 2197 nerit,
963 2164 1123 2199 publiceque
1137 2170 1266 2198 perorans
1284 2169 1410 2196 magnum
1421 2162 1514 2191 decus,
1524 2167 1556 2186 ac
1567 2159 1656 2185 virtu-

22 2208 71 2242 τῆς
96 2209 127 2234 ὲν
143 2208 237 2242 λόγοις
263 2208 346 2234 αὑτοῦ
376 2208 523 2234 κατέλιπεν
551 2209 662 2243 ἀρετῆς.
687 2209 751 2244 [595
766 2210 814 2246 IL]

869 2211 903 2237 lis
930 2211 957 2237 in
976 2210 1090 2237 dicendo
1117 2217 1172 2236 sua:
1188 2213 1392 2236 monumentum
1410 2206 1559 2239 reliquerit.
1595 2204 1657 2232 Hice

22 2254 117 2281 Ταῦτα
133 2253 218 2285 αὐτὸς
236 2253 302 2289 περὶ
316 2253 398 2280 αὑτοῦ
410 2254 433 2270 ⁹⁸
448 2253 535 2288 λέγων
547 2274 555 2286 ,
571 2254 634 2285 τοὺς
648 2255 678 2281 ἐν
693 2256 750 2286 τοῖς
768 2255 817 2290 ἑμ-

23 2301 143 2336 προσθεν
154 2301 264 2335 χρόνοις
276 2300 388 2335 ἔχοντας
402 2301 431 2326 ὲν
443 2300 532 2334 λόγοις
541 2301 571 2327 τὸ
583 2302 735 2335 πρωτεύειν
747 2302 816 2329 πολὺ

23 2347 256 2381 καταδεεστέρους
277 2347 459 2380 ἀποφαίνεται
480 2347 536 2372 τῶν
559 2347 621 2373 καθ’
638 2347 733 2374 ἑαυτὸν
755 2348 817 2374 οὐδὲ

23 2392 70 2424 τῆς
83 2391 220 2426 δευτέρας
233 2391 335 2424 τάξεως
356 2393 525 2426 ἀξιουμένων
535 2393 569 2424 ’⁸,
584 2393 630 2418 καὶ
646 2393 725 2419 τοῦτο
738 2393 817 2428 δῆλον

23 2433 92 2462 εἷναί
108 2443 178 2470 φησι
200 2435 248 2462 καὶ
265 2436 294 2468 ἐξ
320 2437 410 2463 αὐτῶν
425 2437 480 2463 τῶν
494 2438 559 2472 παρ’
579 2437 721 2472 ἑκατέροις
735 2439 818 2464 ἐκπε-

24 2481 190 2516 πονημένων
206 2482 255 2508 καὶ
272 2483 530 2519 καταλελειμμένων
551 2484 637 2518 λόγων
653 2492 660 2499 '
678 2485 778 2520 πολλὴν
792 2486 815 2501 ’⁷

870 2256 904 2282 de
917 2262 946 2282 se
959 2255 1025 2287 ipsis
1036 2254 1226 2289 pronuntians,
1236 2261 1284 2281 eos
1299 2253 1344 2287 qui
1355 2252 1425 2286 apud
1439 2251 1567 2278 szeculum
1582 2250 1657 2283 prius

870 2301 984 2328 dicendo
1000 2300 1167 2332 claruerunt,
1192 2299 1281 2326 aetatis
1292 2298 1329 2334 (5)
1343 2306 1399 2325 suae
1410 2297 1565 2324 oratoribus
1579 2295 1657 2330 longe

870 2345 1016 2380 postponit,
1031 2352 1062 2372 ac
1071 2352 1104 2372 ne
1117 2345 1143 2371 in
1157 2343 1285 2372 secundis
1297 2343 1405 2378 quidem
1420 2342 1570 2369 subsistere
1579 2347 1658 2374 posse

870 2391 996 2423 allirmat,
1017 2391 1176 2424 clarumque
1199 2391 1225 2418 id
1242 2398 1302 2418 esse
1319 2389 1362 2416 vel
1373 2397 1388 2416 e
1399 2389 1507 2423 scriptis
1521 2392 1660 2415 utrorum-

869 2445 934 2472 que,
958 2441 986 2463 et
1001 2437 1170 2464 orationibus
1184 2436 1216 2463 ad
1233 2441 1356 2470 posteros
1383 2435 1561 2462 transmissis.
1593 2433 1660 2461 Cre-

872 2484 942 2511 visse
958 2491 1075 2519 namque
1092 2485 1252 2511 immensum
1269 2487 1399 2518 quantum
1424 2489 1472 2509 sua
1493 2485 1572 2508 tctate
1589 2481 1660 2507 hanc

665 2552 784 2580 VARIIE
811 2551 1018 2581 LECTIONES.

68 2619 93 2635 ”
117 2619 307 2652 Ἀσκληπιάδα
318 2628 347 2651 ς.
387 2619 409 2635 ’¹
424 2619 484 2646 ἀλλ.
499 2619 614 2654 συνέστη

25 2654 99 2688 λέγει
114 2663 146 2686 ς.
181 2654 205 2669 ’⁵
222 2654 372 2690 Ναυκρὰτῃ
386 2663 417 2686 ς’.

634 2618 696 2646 πόλ.
714 2618 735 2645 C
749 2628 780 2651 ς.

587 2628 614 2658 Et]
634 2620 735 2658 πόλι-(Ξ
749 2628 780 2658 ς.
806 2620 857 2658 m"
869 2621 1056 2658 ἠφανισμένος
1072 2627 1132 2656 post
1155 2621 1233 2658 λόγος
1245 2620 1325 2658 ponit
1345 2629 1376 2658 g_.

465 2655 489 2669 ⁸⁵
501 2655 600 2680 ἑαυτοῦ
620 2663 650 2686 ς.
687 2655 710 2670 ⁹⁶
726 2655 772 2681 καὶ
786 2655 846 2683 οὐδὲ
859 2672 894 2676 -
907 2655 1084 2692 ἀξιουμένους
1101 2665 1132 2689 ς.
1170 2657 1193 2673 ⁹¹
1209 2655 1322 2692 πολλὴν]
1335 2655 1418 2682 πάλιν
1431 2655 1464 2682 Α.

1425 2619 1449 2635 ⁹³
1465 2618 1546 2649 αὐτὸς
1562 2616 1660 2643 ἑαυτὸν

786 2722 903 2752 ΝΟΤίΕ.

56 2781 96 2815 (I)
117 2780 232 2818 De__quo
257 2785 284 2807 et
309 2780 408 2809 Strabo
430 2781 478 2808 lib.
493 2789 548 2815 xiv,
579 2782 612 2810 ad
633 2782 818 2818 Colophonem

27 2815 117 2848 Ioniae,
136 2816 238 2849 aliique
253 2823 332 2850 saepe.

61 2851 102 2885 (ἰ)
123 2850 350 2878 Damasistralum
367 2851 466 2879 Suidas
480 2852 610 2879 nominat.

65 2887 106 2922 (5)
127 2885 167 2914 De
181 2886 279 2920 quibus
295 2887 354 2915 vide
371 2887 482 2922 Dionys.
500 2887 635 2916 ilalicarn.

908 2780 945 2815 (4)
967 2781 1025 2813 Quo
1041 2785 1068 2806 ct
1087 2783 1252 2814 prmeeptorc
1276 2786 1340 2807 usus
1355 2783 1423 2806 teste
1436 2778 1524 2815 Cicer.
1539 2778 1659 2815 _Diooys.

871 2813 952 2850 atque
973 2813 1120 2843 Plutarchi.
1140 2815 1281 2849 Legendus
1296 2818 1386 2842 autem
1402 2814 1435 2842 de
1446 2813 1606 2850 hierruidas.

908 2849 948 2885 ξεί)
967 2851 1060 2878 Simile
1084 2855 1182 2877 tractat
1200 2854 1388 2885 argumentum
1404 2850 1462 2885 sive
1477 2849 1586 2880 Fabius,
1601 2851 1660 2876 sive

881 2883 1011 2915 Tacitus:
1029 2885 1084 2914 Cur
1103 2886 1150 2914 reci
1169 2886 1210 2913 sui
1228 2883 1344 2913 oratores
1358 2883 1486 2913 veteribus
1502 2885 1658 2912 concedant.
