1923 3091
266 169 317 203 511

265 228 352 263 ipsam
365 225 472 253 dicendi
488 224 653 252 facultatem.
674 223 777 251 Verum
788 223 863 257 'quos
881 227 960 250 aetate
979 222 1055 257 prio—
1067 222 1094 252 Α

267 282 312 302 res
336 273 468 303 nominet,
479 271 604 306 equidem
619 265 713 305 aperte
728 277 780 297 non
796 269 885 304 capio.
908 268 967 296 Non
982 268 1055 296 enim

267 320 348 347 credo
360 318 544 355 perstringere
564 316 662 343 audeat
676 315 842 343 llerodotum
858 319 939 350 atque
947 314 1056 349 Thucy-

266 366 367 398 didam,
385 364 535 400 quibusille
550 363 615 390 viris
634 362 713 397 longe
726 360 850 388 facundia
873 360 985 388 inferior
1001 365 1054 388 est.

266 412 322 440 Nisi
348 411 464 439 fortasse
479 409 646 437 Hellanicum
659 408 709 444 (6),
726 412 773 435 ant
784 408 928 436 Philistum
942 407 1056 435 histori-

233 448 235 451 ’
266 466 314 485 cos
340 456 438 489 innuit,
463 455 505 482 vel
530 454 669 489 Gorgiam,
697 460 724 482 et
746 453 869 490 Lysiam,
889 459 1058 488 caloresque

266 504 340 532 aetati
357 510 412 531 suae
428 501 583 533 viciniores,
595 501 711 528 obseure
724 500 861 536 signiﬁcat
876 509 884 527 :
901 507 1056 535 quanquam

267 558 303 577 ne
325 549 351 576 hi
387 549 496 583 quidem
519 547 588 574 adeo
615 546 721 574 dicendi
749 547 844 582 inopes
868 546 986 574 fuerunt.
1017 544 1057 572 Ita

267 595 457 630 Theopompus
469 594 582 630 iudicat.

301 727 405 756 Ferunt
427 736 489 756 eum
514 735 568 755 una
599 735 660 755 cum
688 727 796 761 Ephoro
821 725 948 754 lsocratis
973 727 1058 755 fuisse

267 775 431 807 auditorem,
453 778 483 801 nt
508 778 535 802 et
558 774 620 801 libri
641 773 691 808 ipsi
727 774 794 801 satis
814 773 964 801 declarant.
990 772 1058 801 Fre-

267 829 352 855 quens
377 821 449 848 enim
469 825 512 848 est
532 821 559 848 in
583 820 748 854 Theopompi
773 820 881 854 scriptis
905 819 1059 847 lsocraticze

267 867 361 894 forma:
375 866 502 899 imitatio,
522 866 629 894 tametsi
645 866 671 893 in
685 866 776 900 operis
791 865 964 893 accuratione
977 865 1056 900 longe

267 921 282 940 a
302 919 378 948 tergo
399 913 511 940 hazreat.
528 912 562 939 Et
576 919 642 940 vero
661 899 791 939 narrandi
816 916 974 947 argumenta
990 899 1058 947 prae-
1072 899 1094 928 Β

266 965 405 995 ceptorem
423 959 531 993 utrique
553 959 702 992 praebuisse
728 958 830 991 volunt,
854 959 1004 994 superioris
1018 958 1056 994 ('t')

267 1007 376 1041 quidem
409 1005 497 1033 aetatis
522 1005 649 1040 Ephoro,
674 1005 848 1040 Theopompo
877 1011 968 1032 autem
999 1010 1059 1040 post

267 1052 453 1087 Thucydidem
469 1050 508 1086 (8)
525 1058 568 1079 res
587 1050 755 1083 Graecorum,
769 1059 817 1086 pro
838 1051 981 1085 utriusque
1005 1051 1060 1078 sci-

267 1099 331 1126 licet
357 1103 447 1132 captu,
473 1098 556 1125 etiam
584 1097 672 1132 reipsa
698 1097 913 1125 accommodata.
939 1097 1011 1125 Hinc
1033 1101 1060 1124 et

268 1145 449 1172 Historiarum
476 1143 608 1178 protnmia
628 1143 752 1178 utrisque
768 1151 830 1170 cum
853 1144 977 1171 sensibus
1003 1147 1058 1170 tum

267 1192 330 1219 aliis
349 1192 431 1218 rebus
452 1197 512 1218 esse
537 1189 686 1221 simillima,
702 1189 776 1216 velut
797 1189 832 1216 ab
858 1189 954 1216 iisdem
978 1189 1059 1216 stadii

267 1237 436 1269 earceribus,
455 1237 488 1263 ad
505 1236 608 1263 calcem
635 1243 721 1269 usque
747 1235 861 1262 historia
886 1235 1058 1262 decurrente.

268 1283 487 1318 Digressiouibus
501 1282 593 1316 itaque
609 1282 690 1308 varia:
704 1281 825 1308 historia:
839 1281 1057 1316 quamplurimis,

267 1329 412 1357 historicos
423 1336 486 1356 suos
505 1328 598 1362 implet
612 1328 695 1354 libros
707 1327 906 1362 Theopompus.
922 1327 1059 1360 Quamob-

268 1383 325 1403 rem
341 1379 369 1402 et
392 1374 534 1409 Philippus
548 1373 599 1409 (9),
620 1373 666 1400 ille
677 1374 722 1408 qui
738 1381 799 1400 cum
815 1372 947 1400 Romanis
959 1373 1058 1400 bellutn

207 1427 210 1430 ’
267 1422 362 1460 gessit,
379 1420 595 1455 digressionibus
609 1420 684 1448 hisce
696 1420 821 1453 sublatis,
835 1425 862 1448 et
875 1419 989 1454 Philippi
1002 1419 1058 1455 (10)

267 1470 348 1497 rebus
375 1467 469 1504 gestis,
495 1474 563 1501 quas
587 1466 777 1501 Theopompus
802 1465 874 1501 (ll)
901 1466 1060 1493 scribendas

266 1514 439 1550 potissimum
461 1516 631 1547 susceperat,
654 1512 795 1545 collectis,
822 1511 849 1539 in
869 1511 987 1539 sedecim
1013 1519 1060 1539 eas

266 1562 399 1588 duntaxat
423 1559 506 1587 libros
519 1559 606 1609 (lnihil
622 1559 656 1586 de
675 1566 724 1609 suo
745 1558 860 1609 addens,
889 1563 945 1609 aut.
962 1562 1061 1593 praeter
1074 1577 1098 1609 ϐ

265 1606 459 1640 digressiones,
474 1609 504 1632 ut
519 1605 649 1636 diximus,
670 1604 819 1632 detrahens
832 1604 843 1640 )
855 1603 970 1639 redegit.

302 1653 381 1680 Duris
399 1657 488 1680 autem
504 1650 613 1678 Samius
629 1651 700 1678 libro
722 1651 811 1685 primo
827 1650 1007 1678 Historiarum
1023 1650 1062 1678 sic

263 1699 300 1725 de
323 1697 370 1725 illo
389 1697 486 1725 scribit
514 1704 521 1723 :
547 1695 671 1730 Ephorus
697 1701 724 1723 et
752 1695 847 1730 121b
872 1695 1064 1731 Theopompus

265 1743 452 1778 superioribus
463 1742 541 1777 longe
557 1746 620 1770 sunt
637 1742 790 1769 inieriores.
814 1741 975 1770 lmitationis
989 1743 1062 1770 enim

263 1790 351 1823 gratia
367 1789 559 1820 destituuntur,
571 1792 720 1822 carentque
730 1787 837 1815 dicendi
853 1794 1004 1822 venustate,
1017 1789 1065 1817 de-

265 1835 411 1863 scribendo
425 1839 528 1861 tantum
542 1834 663 1861 solliciti.
679 1833 735 1860 Etsi
757 1833 837 1862 Duris
850 1834 908 1870 ipse
922 1835 949 1862 in
964 1835 1062 1863 eadem

266 1881 310 1908 illa
333 1880 509 1915 dispositione
526 1879 605 1914 longe
625 1885 686 1914 post
703 1880 764 1912 hos,
782 1887 850 1915 quos
876 1881 964 1916 carpit
981 1881 1064 1914 viros,

266 1926 410 1961 intervallo
443 1925 616 1960 relinquitur.
641 1925 741 1952 Verum
767 1933 800 1953 an
832 1926 895 1953 huic
926 1927 1067 1961 arroganti

267 1972 435 2007 Theopompi
454 1979 579 1999 censurae
601 1972 676 2007 (qua
695 1973 832 2000 veteribus
849 1974 984 2001 secundas
1004 1974 1067 2008 qui-

267 2020 329 2046 dem
359 2018 518 2053 tribuebat)
547 2019 598 2045 hoc
621 2019 763 2054 objecerit,
783 2027 837 2046 non
859 2019 947 2047 habeo
963 2019 1066 2048 dicere.

273 2064 330 2092 Hoc
357 2069 461 2092 tantum
490 2064 532 2091 vel
561 2064 680 2091 maxime
712 2065 914 2098 contenderim,
940 2070 1068 2092 neutroin

269 2112 389 2145 ipsorum
412 2110 484 2144 juste
507 2110 573 2136 satis
603 2109 962 2143 reprehendemlumfuisse.
989 2109 1068 2138 Cleo-

268 2155 366 2182 chares
395 2162 461 2182 vero
490 2154 665 2190 Smyrlcanus
689 2155 723 2182 de
747 2155 920 2188 lsocratieis,
947 2155 1068 2190 opinor,

265 2201 394 2229 omnibus
409 2201 522 2235 loquens
536 2202 545 2235 (
560 2201 611 2228 hoc
630 2201 702 2228 enim
726 2201 764 2228 illi
783 2205 835 2233 est,
855 2201 881 2228 in
893 2201 1069 2236 comparatio

834 165 967 197 PHOTII
985 164 1238 207 PATRIARCHA!
1257 164 1312 196 ΟΡ.

1791 175 1802 187 ’
1846 167 1907 200 512

1106 221 1161 257 γὰρ
1175 222 1227 257 τὴν
1242 220 1372 256 τοιαύτην
1387 222 1528 250 παίδευσιν
1543 223 1664 251 ἐπίδοσιν
1682 224 1775 252 λαϐεῖν
1790 227 1874 252 κατὰ
1885 226 1911 242 ’⁸

1104 267 1155 303 τὴν
1180 267 1263 295 αὐτοῦ
1281 267 1398 304 ἠλικίαν.
1414 268 1496 296 Ἀλλὰ
1523 269 1600 302 τίνας
1614 269 1688 305 λέγει
1711 271 1773 302 τοὺς
1796 272 1829 299 ἐν
1845 274 1913 304 τοῖς

1105 313 1261 350 ἔμπροσθεν
1276 314 1398 349 χρόνοις,“
1417 315 1469 342 οὐκ
1489 315 1543 350 ἔχω
1558 316 1651 351 σαφῶς
1673 317 1828 352 συμϐαλεῖν
1847 326 1856 334 ·
1877 319 1914 345 οὐ

1106 360 1161 395 γὰρ
1179 359 1210 394 δή
1233 367 1267 394 γε
1280 359 1416 394 τολμῆσαι
1431 360 1513 388 αὐτὸν
1528 361 1713 397 ὑπολαμὸάνω
1725 364 1765 394 εἰς
1783 363 1915 399 ’Πρῶρ-

1105 414 1151 432 τον
1167 406 1213 432 καὶ
1227 405 1389 441 Θουκυδίδην
1401 407 1604 440 ἀποτείνεσθαι,
1617 408 1684 435 πολὺ
1699 408 1747 435 καὶ
1765 409 1859 436 αὑτοῦ
1880 411 1916 436 ἐν

1106 452 1213 484 πολλοῖς
1224 451 1338 480 ἐκείνων
1352 452 1406 479 τῶν
1423 452 1530 488 ἀνδρῶν
1548 453 1755 490 ἐλαττουμένου.
1773 455 1814 482 Ἦ
1829 455 1914 490 τάχα

1106 498 1176 534 πρὸς
1199 498 1353 526 Ἑλλάνικον
1371 499 1420 526 καὶ
1447 499 1571 526 Φίλιστον
1592 501 1684 536 ἀφορᾷ
1710 501 1773 533 τοὺς
1795 501 1915 538 ἱστορι-

1107 545 1182 578 κοὺς,
1207 545 1225 580 ἢ
1252 545 1371 581 Γοργίαν
1393 545 1441 572 καὶ
1466 545 1570 572 Λυσίαν
1587 546 1635 572 καὶ
1660 547 1725 579 τοὺς
1745 547 1913 582 τοιούτους,

1107 591 1190 625 ἐγγὺς
1205 590 1255 625 τῆς
1276 591 1358 618 αὐτοῦ
1378 591 1487 627 ἡλικίας
1504 593 1716 627 προγεγονότας,
1737 593 1914 626 αἰνίττεται,

1107 636 1161 663 οὐδ’
1172 637 1284 664 ἐκείνων
1294 637 1422 664 τοσοῦτον
1433 637 1605 674 ἐνδεέστερον
1617 639 1733 674 ἑχόντων
1751 639 1824 675 πρὸς
1838 641 1916 674 τοὺς

1107 683 1213 716 λόγους.
1237 684 1316 711 Ἀλλὰ
1326 684 1489 719 Θεόπομπος
1507 684 1556 720 μὲν
1567 685 1665 712 ταῦτα.

1142 731 1211 757 Φασὶ
1226 730 1254 757 δὲ
1270 731 1351 757 αὐτόν
1367 739 1397 757 τε
1420 731 1467 757 καὶ
1488 731 1607 766 Ἔφορον
1624 730 1799 767 Ἰσοκράτους
1822 732 1918 767 γενέ-

1109 774 1172 802 σθαι
1189 775 1322 811 μαθητάς.
1337 775 1422 809 Δῆλον
1436 775 1464 802 δὲ
1483 775 1563 802 τοῦτο
1579 776 1688 803 ποιοῦσι
1704 778 1752 804 καὶ
1768 778 1792 804 οἱ
1802 777 1892 816 λόγῳ
1908 787 1916 794 ·

1109 821 1176 847 πολὺ
1186 822 1209 837 9’
1222 821 1276 856 γὰρ
1290 821 1320 847 ὲν
1330 822 1386 853 τοῖς
1398 821 1562 857 Θεοπόμπου
1578 823 1594 858 ἡ
1617 823 1688 850 κατὰ
1700 824 1820 859 μίμησιν
1848 824 1918 851 ιδὲα

1109 867 1163 894 τῶν
1177 868 1242 903 παρ’
1255 867 1415 902 Ἰσοκράτει,
1430 868 1455 894 εί
1470 869 1518 895 καὶ
1531 868 1657 896 λείπεται
1687 870 1737 905 τῆς
1763 870 1839 896 κατὰ
1858 871 1919 905 τὴν

1109 913 1241 948 ἐργασίαν
1250 913 1403 948 ἀκριϐείας.
1416 913 1473 940 Καὶ
1488 913 1538 945 τὰς
1558 915 1699 950 ἱστορικὰς
1712 915 1741 941 δὲ
1753 915 1919 948 ὑποθέσεις

1109 959 1154 986 τὸν
1165 959 1325 986 διδάσκαλον
1336 960 1344 975 ¹
1360 960 1451 992 αὐτοῖς
1469 960 1628 992 προϐαλεῖν,
1642 961 1692 992 τὰς
1710 961 1759 996 μὲν
1775 961 1837 988 ἄνω
1851 962 1919 988 τῶν

1109 1006 1213 1042 χρόνων
1235 1005 1351 1042 Ἐφόρῳ,
1369 1006 1524 1041 Θεοπόμπῳ
1539 1006 1568 1032 δὲ
1588 1006 1637 1038 τὰς
1655 1006 1724 1042 μετὰ
1733 1007 1918 1042 Θουκυδίδην

1115 1051 1284 1088 Ἑλληνικὰς,
1301 1052 1370 1087 πρὸς
1384 1052 1434 1088 τὴν
1451 1051 1584 1087 ἐκατέρου
1608 1052 1690 1086 φύσιν
1712 1052 1761 1079 καὶ
1772 1051 1804 1078 τὺ
1822 1052 1918 1088 ἔργον

1110 1097 1312 1134 ἁρμοσάμενον.
1324 1097 1371 1124 Διὸ
1386 1097 1432 1124 καὶ
1446 1097 1480 1125 τὰ
1493 1097 1625 1132 προοίμια
1638 1097 1731 1129 αὐτοῖς
1751 1097 1808 1124 τῶν
1831 1098 1918 1124 ἱστο-

1110 1144 1177 1180 ριῶν
1189 1145 1223 1180 τῇ
1240 1152 1270 1171 τε
1286 1144 1392 1180 διανοίᾳ
1410 1143 1459 1171 καὶ
1474 1145 1531 1176 τοῖς
1542 1143 1634 1176 ἄλλοις
1647 1143 1721 1170 ἐστὶν
1735 1143 1915 1178 ὁμοιότατα,

1109 1190 1147 1222 ὡς
1157 1190 1190 1218 ἂν
1198 1189 1252 1217 ἀπὺ
1264 1190 1312 1225 τῆς
1321 1190 1405 1225 αὐτῆς
1420 1190 1572 1226 ἁφετηρίας
1588 1189 1782 1225 ἐκδραμόντων
1790 1190 1802 1205 ¹
1836 1190 1919 1218 ἑκα-

1109 1235 1189 1270 τέρου
1205 1235 1276 1270 πρὸς
1289 1236 1320 1262 τὸ
1335 1235 1442 1262 στάδιον
1457 1235 1507 1271 τῆς
1523 1235 1654 1270 ἱστορίας.
1685 1234 1836 1266 Πλιίσταις
1860 1236 1920 1270 μὲν

1110 1279 1158 1308 οὖν
1177 1281 1364 1317 παρεκϐάσεσι
1381 1281 1556 1316 παντοδαπῆς
1577 1281 1697 1317 ἱστορίας
1721 1281 1785 1312 τοὺς
1800 1281 1919 1317 ἱστορι-

1110 1327 1176 1357 κοὺς
1191 1326 1274 1354 αὑτοῦ
1296 1327 1391 1361 λόγους
1403 1327 1564 1362 Θεόπομπος
1588 1326 1758 1362 παρατείνει.
1776 1327 1826 1353 Διδ
1864 1328 1921 1355 καὶ

1110 1373 1242 1405 Φίλιππος
1253 1374 1267 1400 ὁ
1282 1373 1351 1409 πρὸς
1375 1373 1529 1408 Ῥωμαίους
1540 1373 1712 1408 πολεμήσας,
1725 1372 1830 1405 ἐξελὼν
1841 1375 1922 1401 ταύ-

1112 1428 1162 1451 τας
1174 1419 1223 1446 καὶ
1251 1419 1304 1451 τὰς
1324 1419 1460 1446 Φιλίππου
1491 1419 1692 1454 συνταξάμενος
1722 1419 1854 1455 πράξεις,
1889 1421 1922 1447 αϊ

1112 1466 1213 1498 σκοπός
1233 1465 1286 1492 εἰσι
1300 1465 1465 1500 Θεοπόμπῳ,
1492 1466 1533 1497 είς
1548 1468 1586 1498 ις’
1613 1465 1722 1500 βίϐλους
1740 1464 1841 1500 μόνας,
1859 1474 1923 1502 μη-

1111 1511 1156 1538 δὲν
1169 1511 1235 1547 παρ’
1252 1511 1350 1539 ἑαυτοῦ
1365 1511 1493 1547 προσθεὶς
1510 1510 1527 1546 ἢ
1542 1510 1660 1544 ἀφελὼν,
1678 1510 1748 1546 πλὴν
1767 1510 1808 1541 ὡς
1829 1511 1921 1548 εἴρη-

1112 1565 1170 1591 ται,
1187 1557 1242 1585 τῶν
1257 1556 1469 1594 παρεκτροπῶν,
1485 1556 1535 1588 τὰς
1551 1556 1641 1588 πάσας
1651 1555 1801 1592 ὰπήρτισε.

1148 1645 1245 1682 Δοῦρις
1262 1645 1310 1681 μὲν
1325 1642 1396 1671 οὖνὸ
1411 1643 1513 1678 Σάμιος
1529 1643 1558 1670 ὲν
1569 1643 1603 1678 τῇ
1620 1642 1719 1678 πρώτῃ
1743 1641 1801 1669 τῶν
1818 1642 1919 1672 αὑτοῦ

1119 1694 1256 1730 Ἰστοριῶν
1273 1692 1346 1720 οὕτω
1372 1692 1466 1727 φησιν’
1493 1692 1613 1726 Ἔφορος
1630 1690 1659 1717 δὲ
1675 1691 1724 1717 καὶ
1741 1689 1922 1725 Θεόπομπος

1114 1741 1168 1768 τῶν
1181 1739 1336 1775 γενομένων
1349 1739 1360 1755 ³
1375 1738 1501 1765 πλεῖστον
1527 1736 1733 1771 ἀπελείφθησαν
1745 1743 1753 1750 ·
1772 1734 1838 1762 οὔτε
1857 1736 1922 1772 γὰρ

1117 1788 1258 1823 μιμήσεως
1287 1785 1434 1822 μετέλαϐον
1457 1784 1588 1819 οὐδεμιᾶς
1611 1783 1674 1810 οὔτε
1701 1782 1801 1818 ἡδονῆς
1827 1783 1863 1809 ὲν
1880 1783 1922 1819 τῷ

1115 1833 1232 1869 φράσαι,
1247 1830 1330 1858 αὑτοῦ
1343 1830 1372 1857 δὲ
1384 1829 1430 1857 τοῦ
1452 1829 1570 1864 γράφειν
1589 1828 1669 1863 μόνον
1684 1826 1922 1862 ἐπεμελήθησαν.

1116 1878 1213 1906 Καίτοι
1229 1877 1326 1913 Δοῦρις
1340 1877 1389 1903 καὶ⁸
1403 1876 1452 1910 τῆς
1467 1877 1496 1902 ὲν
1507 1875 1600 1906 αὐτοῖς
1617 1873 1723 1905 τούτοις
1737 1874 1922 1908 οἰκονομίαις,

1116 1923 1156 1957 οἷς
1173 1925 1303 1956 αἰτιᾶται,
1325 1922 1410 1949 πολλὰ
1437 1921 1491 1948 τῶν
1523 1920 1630 1956 ἀνδρῶν
1655 1919 1831 1954 λειπόμενος
1856 1920 1922 1947 ἀλλ’

1117 1971 1141 1997 εί
1163 1971 1213 2005 μὲν
1246 1969 1314 2006 πρὸς
1335 1968 1381 1994 τὸν
1411 1966 1590 2002 ὑπερήφανον
1615 1965 1720 1991 ἐκεῖνον
1743 1963 1921 1998 Θεοπόμπου

1117 2017 1207 2050 λόγον,
1232 2015 1262 2047 ὃς
1278 2014 1342 2046 τοὺς
1364 2012 1560 2048 ἀρχαιοτέρους
1581 2010 1643 2037 οὐδὲ
1665 2010 1721 2036 τῶν
1750 2009 1921 2046 δευτερείων

1117 2062 1205 2097 ἠξίου,
1223 2060 1304 2087 τοῦτο
1316 2058 1481 2094 ἀπέρριψεν,
1498 2057 1549 2084 οὐκ
1570 2057 1625 2092 ἔχω
1638 2056 1729 2089 λέγειν
1741 2063 1750 2070 θ
1775 2054 1851 2090 πλὴν
1880 2056 1921 2083 ὅτι

1119 2108 1260 2142 οὐδέτερος
1276 2105 1366 2131 αὐτῶν
1387 2103 1583 2140 προσηκόντως
1606 2102 1765 2133 ἐπελάϐετο,
1791 2101 1845 2128 καὶ
1868 2104 1921 2137 μέμ

1119 2153 1198 2180 λιστα
1216 2152 1249 2179 ἂν
1261 2150 1496 2186 διισχυρισαίμην.
1510 2148 1669 2183 Κλεοχάρης
1683 2147 1713 2174 δὲ
1729 2147 1744 2173 ὁ
1769 2147 1921 2181 Σμυρλειι.

1121 2199 1177 2231 νὸς,
1193 2199 1263 2234 ὑπὲρ
1279 2197 1333 2224 τῶν
1355 2194 1549 2231 Ἰσοκρατικῶν
1562 2194 1702 2225 ἁπάντων,
1721 2189 1814 2227 οἶμαι,
1826 2192 1921 2227 λέγων

267 2254 303 2274 ne
335 2255 396 2274 cum
412 2246 594 2274 Demosthene
609 2255 661 2274 non
677 2252 829 2281 postremas
838 2247 890 2274 illis
902 2247 991 2283 dare),
1002 2248 1040 2275 ait
1055 2256 1058 2274 :

1146 2245 1208 2272 οὖτο
1220 2245 1273 2279 γάρ
1288 2245 1346 2270 ἐστι.
1360 2242 1391 2269 τὸ
1407 2242 1436 2267 ἐν
1449 2242 1482 2276 τῇ
1493 2241 1503 2256 ⁵
1518 2239 1586 2276 πρὸς
1598 2239 1644 2266 τὸν
1657 2237 1838 2273 Δημοσθένην
1853 2248 1921 2272 sm;-

267 2293 448 2320 Demosthenis
466 2294 571 2328 quidem
587 2294 719 2320 orationes
734 2293 848 2320 militum
861 2294 967 2328 corpori
988 2295 1064 2321 simi-

267 2339 305 2366 ιεε
326 2339 440 2365 maxime
466 2338 558 2371 videri,
580 2338 710 2365 Isocratis
724 2346 783 2365 vero
804 2338 964 2366 athletarum
995 2339 1062 2374 (l2).

1119 2291 1209 2327 κρίσει
1227 2290 1265 2325 μὴ
1282 2289 1316 2316 τὰ
1334 2289 1429 2324 πόῤῥω
1440 2287 1532 2317 αὐτοῖς
1558 2284 1724 2320 παρασχεῖν)
1743 2283 1814 2319 φησὶ
1842 2286 1921 2317 τοὺς

1115 2338 1175 2373 μὲν
1199 2334 1440 2371 Δημοσθενικοὺς
1462 2333 1575 2367 λόγους
1594 2331 1656 2364 τοῖς
1680 2330 1740 2358 τῶν
1768 2337 1920 2364 στρατιω-

909 2418 1029 2445 VARle
1049 2417 1255 2445 LECTIONES.

304 2463 327 2480 ⁵⁸
340 2463 433 2500 λαϐεῖν
447 2462 514 2498 φησὶ
523 2463 593 2490 κατὰ
607 2472 638 2495 ς.
677 2464 699 2480 ⁹⁹
715 2471 760 2491 an.
772 2463 874 2500 πολλήῖ
912 2465 919 2480 ¹
934 2463 1093 2491 διδάσκοντα
1105 2472 1136 2495 ς.
1173 2463 1184 2478 ³
1198 2461 1386 2497 ὲνδραμόντων
1404 2468 1434 2492 ς.
1472 2458 1482 2473 ³
1497 2455 1706 2492 προγενομένων
1719 2454 1920 2485 Casaubonus.

268 2499 325 2535 ⁸τῇ
339 2499 402 2527 add.
418 2499 450 2525 A.

1002 2554 1119 2583 ΝΟΤᾹΞ.

305 2618 344 2653 (6)
357 2618 424 2646 Vide
439 2618 549 2653 Dionys.
567 2617 704 2645 llalicarn.
717 2616 817 2653 Critica
831 2621 859 2653 et
872 2616 962 2653 Cicer.

306 2651 344 2688 (Ἰ)
364 2651 644 2687 (ΣυιιιοιιυεἘινιιοι-ιιδ
661 2653 761 2687 (inquit
784 2652 916 2688 Diodorus
938 2651 984 2678 lib.
1014 2658 1059 2677 xvr

269 2689 396 2721 Biblioth.
416 2689 449 2716 ad
469 2697 569 2716 annum
595 2688 711 2721 Philippi
733 2688 778 2721 xx)
803 2687 948 2713 llistoriam
971 2693 1059 2717 suam,

269 2733 332 2752 cum
344 2726 378 2751 ad
389 2724 511 2752 Perinthi
522 2724 748 2758 oppugnationem
761 2722 938 2758 pervenisset.
951 2721 1059 2748 desinit.

269 2761 296 2790 is
315 2760 342 2787 in
360 2760 502 2788 scribenda
515 2757 547 2786 ea
559 2757 602 2786 ab
613 2758 815 2785 Heraclidarum
830 2757 918 2784 reditu
936 2763 1061 2788 exorsus,

269 2795 426 2823 Graecorum
442 2800 470 2822 et
488 2794 670 2821 Barbarorum
685 2800 728 2820 res
750 2796 841 2828 gestas
857 2799 992 2820 annorum
1007 2791 1062 2819 ler-

269 2838 314 2863 me
328 2831 377 2857 10l
396 2830 471 2857 libris
487 2828 522 2857 50
537 2828 675 2863 describit.

308 2866 347 2900 (8)
357 2865 488 2900 Scriptor
502 2864 549 2891 ille
570 2862 802 2900 (der‘l‘licopompo
824 2861 908 2890 refert
923 2861 1000 2889 Diod.
1017 2861 1064 2900 lib.

272 2897 319 2928 mi
339 2897 474 2929 'Biblt‘o'th.
488 2900 498 2935 )
515 2907 531 2928 a
547 2898 641 2935 praelio
659 2898 693 2927 ad
710 2898 876 2934 Cynossema
903 2905 1018 2927 exorsus
1032 2897 1067 2926 ad

1113 2612 1184 2647 quod
1219 2608 1394 2645 Thucydides
1421 2610 1560 2647 negotium
1589 2609 1770 2641 destituerat,
1795 2609 1920 2636 sedecim

1115 2645 1249 2674 annorqu
1267 2651 1375 2679 tempus
1387 2645 1558 2679 perscripsit.

1135 2682 1187 2744 1(tl)
1207 2678 1336 2709 Demetrii
1352 2678 1435 2711 lilius,
1451 2685 1477 2706 et
1491 2678 1726 2708 Macedonicorum
1739 2687 1832 2715 regum
1847 2689 1920 2715 peu-

1146 2725 1238 2744 nutus.

1115 2725 1238 2745 uttuuus.

1166 2754 1208 2787 l0)
1219 2753 1345 2788 Amynta:
1361 2752 1407 2780 ﬁlii
1423 2752 1509 2788 patris
1522 2751 1670 2788 Alexandri
1688 2750 1790 2785 Magni.

1167 2785 1209 2822 ll)
1225 2785 1302 2821 Quod
1326 2792 1354 2814 et
1367 2785 1500 2816 Diodorus
1523 2791 1639 2815 testatur
1654 2787 1700 2815 lib.
1716 2795 1761 2814 xvt
1785 2785 1919 2814 Biblioui

1118 2822 1266 2859 etiannum
1282 2822 1397 2859 Philippi
1411 2831 1489 2851 xviu.

1154 2859 1211 2894 (t2)
1228 2857 1425 2896 Philippo'rcgi
1443 2858 1620 2888 Macedonum
1637 2858 1688 2887 hoc
1703 2857 1807 2886 dictum
1821 2857 1919 2886 ll‘ibuil

1119 2894 1294 2924 Plutarchus.

1154 2900 1294 2924 lllill'CllllS.
