1923 3091
16 138 61 168 513

519 137 783 168 BIBLIOTHECA.
794 149 829 154 -
847 136 929 167 COD.
944 137 1112 168 CLXXVII-

1591 134 1643 167 514

15 192 69 218 τῶν
84 191 217 219 ἑοικέναι
228 193 363 228 μάλιστα
381 194 512 228 σώμασι,
529 194 602 227 τοὺς
611 194 646 220 δέ
666 194 796 228 Ἰσοκρα-

860 195 913 221 llud
940 195 1056 228 clarum,
1079 193 1282 229 Theopompum
1309 193 1417 221 nemine
1434 200 1495 221 esse
1513 192 1642 221 Isocratis

15 239 114 272 τικοὺς
131 239 196 272 τοῖς
206 239 266 265 τῶν·
279 239 430 274 ἀθλητῶν.
441 240 525 276 Δῆλον
542 240 571 267 δὲ
587 240 624 271 ὼς
639 240 800 275 Θεόπομπος

15 285 117 317 οὔδενὺς
132 285 188 312 τῶν
222 286 414 321 ’ίσοκρατικῶν
440 287 481 319 εἰς
497 287 560 318 τοὺς
585 286 681 321 λόγους
703 287 801 322 ἀτιμό-

15 339 101 365 τερος.

47 377 82 402 Τὸ
100 376 151 411 μὲν
166 373 213 403 οὖν
226 377 389 413 Θεοπόμπου
407 378 483 413 γένος
498 378 546 405 καὶ
567 378 584 413 ἡ
599 378 740 410 παίδευσις
753 379 801 405 καὶ

15 424 27 448 6
39 422 200 454 διδάσκαλος
214 423 278 459 [205
292 423 339 460 11.]
355 424 402 451 καὶ
412 425 437 451 οἱ
452 424 676 460 συνακμάσαντες
703 425 751 452 καὶ
776 425 801 452 οἱ

16 469 84 502 λόγοι
101 470 150 495 καὶ¹
164 470 180 504 ἡ
195 470 318 497 πολιτεία
330 471 378 497 καὶ
398 472 455 506 ήέν
475 473 532 503 τοῖς
557 471 647 505 λόγοις
675 471 731 498 ίδέα
755 472 802 498 καὶ

16 514 185 550 προαίρεσις,
203 515 274 542 κατὰ
294 516 468 552 κεφαλαιώδη
495 518 697 553 ἀπαρίθμησιν,
723 518 771 545 καὶ
784 518 799 544 6

16 560 72 586 καθ’
88 560 120 586 ὃν
134 561 245 596 ἤκμασε
261 561 366 596 χρόνος,
380 562 428 588 καὶ
453 563 504 590 ὅσα
533 562 609 598 αὐτῷ
629 563 798 598 συνεκύρησε

16 606 83 633 κατὰ
99 606 147 632 τὸν
165 605 236 641 βίον,
252 607 299 633 ἐπὶ
309 607 446 635 τοσοῦτον.

341 652 427 680 POZ'.

16 697 174 734 Θεοδώρου
187 697 216 724 Ἀ
222 697 362 734 νζιοχέως
374 699 449 732 ,πρὸς
462 697 534 734 τοὺς
543 698 688 732 λέγον-τας
701 701 801 734 φύσει,

75 733 130 759 καὶ
143 733 181 759 οὑ
200 732 312 768 γνώμῃ,
336 733 454 760 πταίειν
466 733 537 767 τσὺς
549 732 735 768 ἀνθρώπούς.

47 775 115 812 [596
129 775 178 812 ιι]
199 777 371 812 Ἀνεγνώσθη
383 777 485 812 βιόλίον
495 775 526 805 οὗ
537 779 554 813 ἡ
567 779 721 815 ἐπιγραφὴ,
733 781 802 807 Θεο-

14 821 107 855 δώρου
117 821 288 856 Ἀντιοχέως
299 824 310 839 ⁸
323 822 397 857 πρὸς
407 823 479 856 τοὺς
489 824 635 860 λέγοντας
643 826 743 860 φύσει,
753 825 803 852 καὶ

852 241 1047 276 discipulorum
1065 241 1092 268 iu
1114 240 1228 267 dicendo
1244 239 1411 267 inferiorem.

887 375 1024 404 Caeterum
1035 374 1202 409 Theopompi
1216 373 1640 409 genus,institutionem,praece-

851 427 967 456 plorem,
995 420 1124 454 mquales,
1143 419 1238 451 libros,
1254 419 1359 445 civilem
1379 418 1640 450 vitam,orationunt

852 466 977 497 formam.
991 470 1072 500 alque
1089 465 1242 492 institutum
1257 464 1411 499 singulatim
1424 465 1638 497 adnumerandn,

852 512 950 548 quibus
967 512 1084 546 denique
1109 511 1274 545 temporibus
1297 511 1422 546 viguerit,
1440 518 1499 545 qua:
1514 512 1578 540 item
1602 513 1640 540 illi

852 558 879 585 in
899 559 952 586 vita
967 558 1140 593 contigerint,
1155 558 1285 585 hactenus
1297 558 1516 592 exposuerimus.

1173 645 1325 674 CLXXVII.

855 693 985 720 Theodori
1002 693 1155 720 Antioclteni
1173 692 1427 731 Contraoasereuleg
1441 700 1548 731 peccare
1556 693 1642 731 fronti—

992 737 1036 755 nes
1049 732 1158 759 natura,
1172 736 1224 754 non
1239 728 1382 759 voluntate,
1399 728 1460 754 libri
1475 735 1501 754 ν.

887 773 998 802 Lectum
1016 779 1058 801 est
1078 781 1146 808 opus
1161 773 1297 800 Theodori
1323 772 1485 800 Antiocheni
1501 773 1510 806 (
1528 773 1571 807 qui
1587 772 1643 799 Illo—

854 825 981 854 psuestns
1005 819 1049 846 ille
1064 819 1208 853 cpiscopus
1233 822 1284 850 est,
1307 823 1336 846 ut
1359 826 1392 846 ex
1408 818 1466 853 ejus
1483 819 1642 853 quibusdam

15 869 47 894 οὑ
57 866 178 902 γνώμῃ,
191 869 312 895 πταίειν
320 869 391 903 τοὺς
400 870 585 904 ἀνθρώπους.
597 872 804 908 Διαπεραίνεται

859 866 976 900 epistolis
993 865 1146 899 colligimus
1160 864 1170 900 )
1189 865 1239 892 hoc
1261 864 1339 891 titulo
1355 873 1362 891 :
1385 864 1483 891 Contra
1500 870 1643 890 asserentes

18 913 63 947 μὲν
79 913 158 948 αὐτῴ
174 914 188 940 6
203 915 273 949 πρδς
287 914 386 947 αὐτοὺς
402 915 479 950 ἁγὼν
491 917 519 943 ἐν
536 917 625 951 λόγοις
644 921 677 950 ε’,
694 919 762 953 πρὸς
776 919 804 945 δὲ

15 958 72 990 τοὺς
87 958 147 985 ἀπὸ
166 959 217 993 τῆς
227 958 334 991 Δύσεως
353 960 430 988 τοῦτο
444 961 475 987 τδ
497 961 604 998 νόσημα
625 964 805 998 νενοσηκότας

15 1005 114 1040 γράφει
130 1004 162 1030 τὸ
181 1004 283 1039 βιϐλίον
299 1013 306 1020 ·
325 1003 363 1032 ὧν
384 1008 432 1033 καὶ
451 1007 502 1043 τῆς
526 1009 659 1044 αἱρέσεως
685 1011 806 1046 ἀρχηγὸν

15 1050 83 1084 λέγει
101 1051 246 1084 γενέσθαι,
259 1051 365 1078 ἐκεῖθεν
384 1052 434 1087 μὲν
459 1055 632 1090 ὁρμώμενον,
643 1056 698 1087 τοῖς
711 1056 739 1082 δὲ
756 1057 805 1092 τῆς

16 1095 164 1130 ιΔνατολῆς
180 1096 396 1131 ἐπιχωριάζοντα
422 1097 526 1131 τόποις,
555 1098 601 1124 καὶ
627 1099 806 1126 συντάττοντα

14 1141 108 1175 λόγους
136 1140 208 1177 ὑπὲρ
231 1142 281 1176 τῆς
309 1143 549 1179 καινοποιηθείσης
576 1144 652 1179 αὐτῷ
673 1145 806 1180 αίρέσεως

15 1187 184 1222 διαπέμπειν
198 1187 256 1219 τοῖς
270 1187 300 1214 τὸ
310 1187 439 1224 πατρῷον
454 1188 551 1224 ἔδαφος
563 1191 695 1224 οἰκοῦσιν,
712 1193 757 1226 ὑφ’
769 1189 806 1219 ὧν

16 1233 59 1259 καὶ
72 1232 194 1264 πολλοὺς
209 1232 263 1259 τῶν
278 1233 289 1249 ⁸
305 1233 396 1260 ἐκεῖσε
421 1234 490 1270 πρὸς
504 1235 534 1262 τὺ
563 1237 663 1263 οἰκεῖον
679 1237 806 1272 φρόνημα

16 1278 141 1309 ἐλκῦσειι.
161 1278 200 1310 ὡς
215 1279 264 1306 καὶ
282 1279 447 1315 Ἐκκλησίας
471 1281 536 1313 ὅλας
560 1283 608 1308 τοῦ
630 1283 806 1318 ἁτοπὴματος

15 1323 209 1360 πληρωθῆναι.
220 1324 310 1360 Ἀρὰμ
324 1325 353 1352 δὲ
368 1326 414 1352 τὸν
439 1327 561 1363 ἀρχηγὸν
583 1328 674 1355 αὐτῶν
696 1330 737 1365 (οὑ
752 1329 806 1366 γὰρ

16 1370 65 1404 ἔχω
86 1369 189 1404 σαφῶς
203 1371 302 1405 εἰπεῖν)
318 1371 374 1398 εἴτε
390 1373 519 1408 ὀνομάζει
548 1374 603 1400 εἴτε
631 1375 806 1410 ἐπονομάζει.

14 1415 115 1442 Τοῦτον
132 1415 163 1442 δὲ
178 1416 307 1450 πέμπτον
315 1417 480 1451 Εὐαγγέλιον
488 1419 712 1454 προσαναπλάσαι
722 1420 806 1455 λέγει,

15 1462 41 1488 ἐν
56 1463 121 1494 ταῖς
137 1462 269 1491 Εὑσεὸίου
283 1462 330 1491 τοῦ
349 1463 526 1493 Ιιαλαιστινοῦ
542 1464 727 1501 βιϐλιοθήκαις
746 1467 808 1494 ὑπο-

15 1507 203 1542 ⁴ελιιτιιόι.ι.ενον
219 1508 310 1543 εὑρεῖν
323 1516 330 1528 ν
345 1509 393 1537 καὶ
408 1510 570 1537 ἀπώσασθαι
596 1511 646 1546 μὲν
670 1513 719 1547 τῆς
731 1512 807 1544 θείας

16 1553 59 1579 καὶ
74 1552 205 1584 Παλαιᾶς
221 1553 334 1589 Γραφῆς
353 1554 387 1589 ἢν
399 1555 424 1581 οἱ
440 1555 641 1592 Ἐὗδομὴκοντα
659 1557 806 1592 συνεληλυ-

16 1599 90 1632 θότες
102 1599 279 1626 ἐκδεδώκασι
298 1601 480 1636 μεταφρασιν,
499 1602 546 1629 καὶ
562 1602 593 1637 δὴ
609 1603 656 1629 καὶ
671 1603 721 1638 τὴν
733 1603 807 1638 Συμ-

18 1646 103 1681 μάχου
117 1645 170 1672 καὶ
194 1645 297 1680 ’Δκύλα
312 1647 361 1673 καὶ
370 1647 424 1673 τῶν
439 1647 537 1679 ἄλλων,
554 1648 623 1675 ἰδίαν
635 1649 664 1675 δέ
679 1658 740 1675 τινα
760 1650 808 1676 καὶ

16 1692 112 1728 καινὴν
152 1692 306 1726 ἐπαρθῆναι
340 1693 468 1724 συντάξαι
497 1694 566 1729 μήτε
595 1694 644 1728 τὴν
674 1694 808 1730 Ἐὃραίων

15 1736 111 1773 ὥσπερ
118 1738 222 1764 ἐκεῖνοι
231 1738 263 1763 ἐκ
270 1737 365 1770 παιδὸς
373 1738 528 1772 άσκηθέντα
538 1739 606 1774 μήτε
617 1739 661 1766 τὸν
674 1741 723 1774 τῆς
733 1740 808 1772 θείας

17 1783 132 1818 Γραφῆς
153 1785 218 1810 νοῦν
247 1783 448 1819 ἐκδιδαχθέντα,
470 1785 605 1819 Ἐϐραίων
626 1786 655 1813 δέ
684 1795 740 1812 τισι
754 1787 809 1814 τῶν

18 1828 202 1864 γαμαιπετῶν
230 1829 326 1856 ἐαυτὸν
343 1830 510 1857 ἐκδεδωκότα
540 1831 646 1859 ἐκεῖθεν
672 1831 808 1868 θαρρῆσαι

19 1875 87 1901 ζοίαν
99 1875 211 1901 ἔκδοσιν
226 1875 405 1910 ἀναγράφειν.
423 1876 541 1902 Ἐστιδέ
555 1876 591 1903 τὰ
603 1877 653 1912 τῆς
678 1878 810 1912 αῑρὲσεως

17 1920 122 1952 αὐτοῖς,
137 1919 176 1950 ὡς
193 1919 222 1945 ὲν
231 1919 373 1955 κεφαλαίῳ
386 1920 479 1954 φάναι,
492 1920 579 1949 ταῦτα
589 1929 597 1937 '
613 1922 705 1954 Φύσει,
717 1922 765 1949 καὶ
779 1923 808 1949 οὺ

16 1965 128 2001 γνώμῃ,
144 1965 253 1991 πταίειν
268 1966 351 2000 qtae!"
367 1967 431 1998 τοὺς
445 1967 619 2002 ἀνθρώπους,
639 1968 719 2002 φύσει
732 1969 761 1996 δέ
779 1970 809 1995 οὺ

15 2013 75 2037 κατ’
91 2011 206 2045 ἐκείνην
217 2011 246 2037 ἐν
266 2008 362 2048 ᾗκατὰ
383 2012 495 2044 πρώτας
518 2014 731 2048 δημιουργηθεὶς
760 2015 812 2041 ὑπ-

15 2058 82 2093 έστη
96 2058 112 2084 6
129 2057 216 2092 Ἀδὰμ
227 2057 343 2093 (ἐκείνην
358 2058 413 2094 γὰρ
423 2060 528 2095 ἀγαθὴν
539 2060 640 2094 ἀγαθοῦ
652 2061 718 2088 Θεοῦ
730 2061 810 2097 ποίη-

15 2113 57 2139 μα
67 2102 158 2131 οὖσάν
170 2104 275 2139 φασιν),
288 2104 356 2131 ἀλλὰ
367 2105 427 2132 κατ’
439 2105 547 2141 ἐκείνην
557 2106 590 2141 ἢν
600 2106 713 2142 ὕστερον
722 2107 811 2142 ἀμαρ-

13 2149 108 2184 τήσας
135 2148 325 2184 ἐκληρώσατο,
347 2152 380 2186 τῇ
401 2151 467 2186 περὶ
492 2152 523 2178 τὸ
542 2152 627 2179 κακὸν
642 2153 741 2188 πράξει
764 2153 812 2180 καὶ

855 921 962 947 peccare
976 912 1093 939 homines
1109 916 1217 942 natura,
1230 919 1281 938 non
1295 910 1437 937 voluntate.
1450 910 1485 937 Ea
1499 911 1644 944 disputatio

855 960 974 994 quinque
998 959 1075 986 libris
1097 958 1256 990 absolvitur,
1279 966 1346 993 quos
1368 959 1495 986 adversus
1512 958 1644 986 Occiden-

856 1005 923 1032 tales
938 1006 989 1032 hac
1003 1005 1061 1032 labe
1072 1005 1187 1032 infectos
1201 1005 1320 1038 scripsit.
1334 1004 1399 1032 Inde
1413 1006 1484 1032 enim
1498 1005 1643 1032 oriundum

855 1051 968 1078 haeresis
982 1050 1062 1085 hujus
1070 1054 1208 1077 auctorem
1223 1050 1248 1076 iu
1261 1048 1381 1077 Orientis
1395 1049 1474 1077 modo
1490 1050 1645 1083 regionibus

855 1097 970 1129 versari,
987 1096 1125 1131 librosque
1138 1097 1171 1124 de
1183 1103 1277 1123 recens
1289 1097 1321 1123 ab
1338 1103 1367 1123 se
1380 1097 1533 1131 excogitata
1547 1096 1642 1123 hmresi

856 1143 1019 1178 compositos
1036 1143 1069 1170 ad
1081 1142 1224 1178 populares
1240 1149 1304 1169 suos
1326 1142 1353 1169 in
1369 1142 1484 1177 patriam
1503 1142 1644 1169 transmit-

856 1193 914 1216 tere
937 1192 1040 1222 narrat,
1056 1193 1087 1216 ut
1097 1189 1152 1224 jam
1166 1188 1202 1216 ihi
1227 1188 1325 1215 mttltos
1349 1195 1397 1222 per
1423 1188 1493 1215 hanc
1513 1193 1599 1214 artem
1617 1188 1643 1214 in

857 1241 934 1262 suam
963 1236 1127 1270 pertraxerit
1154 1235 1317 1262 sententiam
1336 1254 1344 1267 ι
1376 1234 1551 1269 integrosque
1577 1235 1644 1261 adeo

856 1281 992 1309 Ecclesias
1005 1281 1132 1309 absurdis
1146 1281 1199 1309 illis
1215 1281 1345 1308 imbuerit
1359 1281 1541 1316 opinionibus.
1563 1281 1644 1308 Aram

855 1334 921 1354 vero
940 1327 1045 1354 illorum
1061 1327 1191 1355 librorum
1215 1332 1352 1355 auctorem
1373 1328 1431 1355 sive
1455 1327 1575 1358 neruine,
1588 1327 1646 1354 sive

857 1373 1017 1408 cognomine
1039 1373 1116 1408 (l5),
1143 1374 1275 1400 incertum
1306 1373 1433 1408 appellat.
1458 1373 1535 1400 Hune
1563 1373 1644 1400 etiam

857 1419 980 1453 quintum
1006 1418 1180 1454 Evangelinm
1208 1419 1387 1452 cculinxisse,
1412 1419 1531 1453 illudque
1558 1426 1588 1446 se
1617 1419 1644 1446 in

857 1464 964 1492 Eusebii
981 1464 1117 1492 Palaestini
1131 1464 1309 1492 7Bibliothecis
1325 1468 1458 1499 reperisse
1471 1466 1518 1492 ait.
1535 1464 1645 1498 Rejecta

857 1515 986 1545 praeterea
1014 1510 1097 1537 divini
1123 1517 1155 1538 ac
1177 1510 1282 1537 Veteris
1307 1509 1472 1538 Testamenti
1496 1512 1644 1544 versione;

857 1563 938 1590 quam
959 1554 1133 1590 Septuaginta
1161 1556 1322 1591 interpretes
1345 1557 1423 1583 simul
1456 1557 1646 1584 convenientes

858 1601 1010 1634 ediderunt,
1032 1605 1060 1628 ut
1076 1605 1104 1627 et
1123 1600 1290 1636 Symmachi,
1306 1606 1333 1628 et
1346 1602 1459 1636 Aquila),
1478 1602 1646 1638 aliorumque

858 1645 1089 1680 interpretatione,
1099 1647 1233 1681 propriam
1250 1647 1393 1681 quamdam
1405 1655 1481 1674 suam
1495 1656 1646 1683 novamque

861 1691 957 1726 122a
972 1691 1106 1719 conﬁcere
1122 1699 1216 1718 ausum
1234 1701 1241 1719 :
1254 1701 1314 1719 cum
1328 1700 1414 1728 neque
1438 1693 1576 1721 Hebraica:
1591 1694 1646 1720 lin-

859 1745 927 1771 gum,
939 1742 967 1764 ut
978 1737 1025 1771 illi,
1033 1745 1048 1764 a
1061 1745 1145 1773 puero
1154 1739 1328 1771 assuevisset,
1338 1746 1425 1773 neque
1435 1744 1552 1766 mentem
1563 1747 1646 1767 sacrae

859 1784 1006 1819 Scriptura:
1025 1785 1163 1812 didicisset
1180 1794 1187 1812 :
1206 1785 1327 1812 Hebrzeis
1340 1786 1525 1812 tantummodo
1534 1785 1647 1820 quibus-

860 1830 921 1857 dam
944 1830 1055 1864 abjectze
1073 1831 1155 1858 sortis
1171 1831 1198 1857 in
1212 1831 1381 1866 disciplinam
1400 1839 1429 1859 se
1443 1831 1594 1863 tradidisse,
1607 1836 1647 1858 at-

860 1884 912 1911 que
937 1876 999 1903 hinc
1015 1876 1150 1910 propriam
1171 1877 1221 1903 sibi
1241 1876 1385 1904 editionem
1407 1877 1579 1904 conscribere
1604 1885 1647 1911 ag-

860 1930 992 1957 gressum.
1011 1922 1099 1949 Secta:
1118 1929 1183 1949 vero
1200 1922 1272 1950 illius
1290 1930 1394 1950 summa
1408 1924 1495 1957 capita
1511 1924 1566 1951 haec
1591 1923 1647 1951 fere

861 1973 924 1995 sunt
951 1967 1078 1995 Homines
1117 1972 1213 1995 natura
1239 1988 1247 2002 ,
1275 1976 1327 1996 non
1357 1969 1494 1997 voluntate
1523 1978 1646 2004 peccare.

861 2013 973 2046 Natura,
1002 2014 1134 2048 inquam,
1162 2021 1214 2040 nou
1238 2021 1270 2040 ea
1285 2021 1338 2048 qua
1362 2014 1491 2048 praeditus
1515 2015 1550 2042 ab
1571 2016 1647 2042 initio

862 2061 1040 2094 conditusque
1054 2065 1096 2087 est
1119 2060 1206 2087 Adam
1234 2061 1318 2096 (illam
1334 2061 1406 2088 enim
1422 2061 1530 2093 bonam,
1544 2068 1571 2089 et
1585 2063 1647 2089 boni

861 2105 907 2133 Dei
923 2113 991 2139 opus
1011 2113 1071 2133 esse
1085 2105 1287 2141 asserunt),sed
1302 2114 1332 2134 ea
1345 2114 1424 2141 quam
1439 2113 1497 2141 post
1509 2113 1647 2142 peccatum

862 2150 974 2184 adeptus
995 2150 1031 2176 sit
1052 2158 1060 2183 ;
1089 2150 1195 2184 quando
1221 2158 1270 2185 per
1296 2151 1543 2185 praevaricationem
1568 2157 1648 2187 atque

15 2194 149 2230 ἁμαρτίᾳ
161 2195 253 2230 κακήν
282 2203 311 2221 τε
325 2195 383 2221 ἀντ’
404 2196 511 2231 ἀγαθῆς
530 2197 620 2232 ἑαυτῷ
637 2199 685 2225 καὶ
711 2198 806 2234 Θνητὴκ

863 2199 1000 2230 peccatum
1021 2195 1119 2221 malam
1148 2203 1197 2230 pro
1221 2196 1301 2227 bona,
1320 2196 1514 2231 mortalentque
1532 2205 1581 2232 pro
1599 2197 1649 2224 int-

15 2240 82 2266 ἀντὶ
93 2240 145 2274 τῆς
155 2239 292 2267 ἀθανάτου
303 2240 490 2276 ἀλλαξάμενος
499 2249 506 2257 ·
523 2242 608 2278 ταύτῃ
618 2251 658 2269 τοι
668 2243 716 2270 καὶ⁵
728 2245 809 2278 φύσει

17 2285 174 2320 γεγονότας
189 2286 293 2318 κακοὺς
305 2287 337 2313 ἐκ
351 2287 398 2313 τοῦ
408 2287 556 2323 ὑποστῆναι
583 2288 663 2322 φύσει
678 2289 810 2326 πρότερον

16 2332 155 2366 ἀγαθοὺς,
171 2333 201 2358 ἐν
215 2333 249 2368 τῇ
259 2333 351 2367 φύσει,
364 2335 412 2360 καὶ
426 2334 476 2361 οὐκ
492 2335 521 2360 ἐν
534 2335 567 2370 τῇ
578 2336 750 2370 προαιρέσει,
763 2345 811 2363 κε-

18 2377 143 2411 κτῆσθαι
167 2379 220 2413 τὴν
234 2379 383 2413 ἁμαρτίαν.
401 2381 533 2416 Δεύτερον
560 2381 707 2408 ἀκόλουθον
720 2382 812 2414 αὐτοῖς

16 2422 113 2455 λέγειν
128 2424 197 2459 μηδὲ
216 2424 251 2451 τὰ
260 2425 366 2457 παιδία,
378 2426 431 2452 κᾶν
445 2424 662 2462 ἀρτιγέννηταῇ,
678 2426 716 2462 μὴ
725 2427 811 2462 ἀπηλ-

16 2467 123 2503 λάχθαι
142 2469 292 2503 ἁμαρτίας,
310 2469 358 2497 ἆτε
375 2470 428 2496 ἀπὸ
439 2470 490 2505 τῆς
509 2470 556 2497 τοῦ
581 2471 668 2505 ’Λδὰμ
688 2471 814 2506 παραϐά-

16 2522 93 2551 σεως
107 2515 158 2549 τῆς
175 2513 284 2548 φύσεως
301 2516 330 2542 ἐν
341 2516 490 2551 ἁμαρτίαις
503 2516 670 2552 ὑποστάσης,
700 2516 747 2542 καὶ
773 2517 813 2548 εἰς

16 2560 78 2586 πᾶν
92 2560 125 2586 τὺ
144 2559 176 2592 ἐξ
191 2560 295 2587 ἐκείνου
309 2561 388 2594 γένος
402 2561 452 2595 τῆς
474 2561 639 2597 ἁμαρτωλῆς
661 2562 708 2597 (ὡς
724 2561 757 2589 ἂν
773 2561 813 2588 εἵ-

15 2604 123 2631 ποιεν⁸
139 2604 251 2641 ἐκεῖνοι)
268 2607 377 2640 φύσεως
398 2607 640 2642 παρατεινομένης.
663 2607 758 2641 Φέρειν
783 2616 813 2634 τε

863 2241 970 2268 mortali
992 2242 1176 2268 commutavit.
1207 2241 1262 2268 llac
1294 2242 1393 2276 quippe
1418 2243 1522 2270 ratione
1553 2247 1647 2269 natura

863 2294 970 2321 quoque
994 2287 1132 2320 improbos
1153 2285 1276 2319 eﬂectos,
1300 2287 1345 2321 qui
1370 2292 1448 2314 antea
1472 2293 1566 2314 natura
1587 2287 1648 2314 horti

864 2332 990 2366 fuissent,
1020 2332 1046 2359 in
1072 2336 1167 2358 natura
1180 2330 1246 2365 iam,
1267 2335 1294 2358 et
1314 2339 1367 2358 non
1390 2331 1415 2358 in
1434 2331 1570 2358 voluntate
1587 2326 1672 2366 pec-3

866 2384 954 2406 catum
977 2378 1026 2406 sibi
1057 2378 1242 2413 acquisivisse.
1258 2377 1377 2405 Alterum
1401 2377 1498 2405 deinde
1521 2383 1600 2412 caput
1616 2385 1651 2405 ex

863 2424 909 2452 illo
925 2424 1078 2452 deductum.
1093 2423 1222 2458 Infantes,
1242 2424 1347 2451 tametsi
1367 2431 1460 2451 recens
1477 2428 1567 2457 natos,
1587 2431 1650 2458 pec-

865 2471 918 2498 cati
934 2471 1068 2498 irnmunes
1089 2478 1140 2498 non
1155 2477 1225 2501 esse.
1240 2478 1302 2497 curn
1318 2470 1353 2498 ob
1373 2470 1437 2497 Atla:
1452 2470 1650 2504 przevaricatio-

865 2523 938 2549 nent,
967 2521 1063 2543 natura
1075 2515 1101 2543 in
1113 2517 1231 2550 peccatis
1250 2516 1410 2547 constituta,
1427 2516 1461 2543 ad
1478 2523 1572 2542 omnes
1593 2515 1650 2550 ejus

867 2566 990 2596 posteros
1019 2561 1158 2596 peccatrix
1177 2562 1218 2596 (ut
1241 2561 1291 2596 ipsi
1309 2561 1465 2596 loquuntur)
1481 2565 1573 2587 natura
1590 2568 1651 2595 pro-

866 2611 990 2642 pagetur.
1003 2607 1108 2635 AlTerre
1122 2612 1211 2635 autent
1229 2608 1301 2642 ipsos
1311 2611 1339 2634 et
1355 2607 1420 2634 illttd
1432 2608 1471 2634 ait
1487 2615 1494 2633 :
1511 2615 1520 2632 ι
1539 2605 1609 2634 Ecce
1623 2606 1650 2633 in

664 2674 782 2703 VARUE
803 2675 1010 2704 LECTIONES.

67 2719 80 2736 ⁸
103 2720 276 2760 ξΔντιοχέῳς]
291 2721 306 2760 6
322 2720 510 2760 Νξοψουειξτίας
523 2721 607 2754 ἐστὶν,
628 2721 667 2753 ὡς
680 2722 733 2749 ἀπὸ
747 2731 829 2750 τινων
844 2723 993 2751 ἐπιστολῶν
1011 2723 1150 2760 ἐμάθομεν
1163 2731 1217 2759 mg.
1237 2722 1260 2750 A
1279 2731 1287 2750 :
1304 2728 1358 2750 om.
1369 2721 1400 2750 C.

18 2754 30 2769 τ
46 2755 119 2788 φασὶ
143 2754 209 2782 add:
222 2756 255 2783 Δ.
266 2754 275 2756 ’
293 2755 304 2771 ⁸
322 2756 424 2782 εῐποιεν
438 2755 472 2783 ἂν
487 2764 518 2788 ς.

1449 2721 1460 2737 ⁸
1473 2720 1529 2748 τῶν
1545 2720 1606 2748 add.
1618 2720 1653 2748 Δ.

741 2811 856 2846 NOTAE,

0 2887 7 2898 ἴ
61 2855 122 2891 (l3)
136 2856 178 2884 Ab
199 2857 315 2886 infausta
333 2857 446 2885 forsitan
461 2856 518 2888 τοῦ,
534 2857 587 2892 ἀρὰ
609 2856 815 2891 signiﬁcatione.
