1923 3091
278 153 331 185 515

842 150 975 182 ΡΗΟΤΙΙ
995 149 1086 180 ΡΑΤΗ

1143 149 1248 180 RCH/E
1277 150 1333 180 (ΞΡ.
1875 148 1911 180 51

281 210 471 246 iniquitatibus
497 213 645 244 conceptus
669 214 727 236 sum
750 208 785 240 ’⁷,
808 218 817 234 ι
844 214 871 236 et
890 209 913 236 si
937 215 998 244 qua:
1013 215 1076 239 sunt

1143 206 1230 239 ιῦτοὺς
1252 208 1293 240 τὸ,
1313 217 1322 233 ι
1347 206 1392 233 Ἐν
1407 206 1555 243 ἁμαρτίαις
1566 208 1577 223 ⁸
1590 206 1748 242 ἐγεννήθην,
1764 216 1773 232 ι
1789 207 1840 234 καὶ
1859 208 1890 234 ετ
1906 217 1911 223 ·

280 255 386 291 generis
408 254 541 290 ejusdem,
561 259 684 282 sanctum
703 254 735 281 ad
754 255 811 281 haec
830 253 976 288 baptisma,
991 254 1075 280 sacri-

280 309 333 336 que
349 302 474 336 corporis
501 301 720 328 communionem
741 300 767 327 in
782 305 955 335 peccatorum
977 301 1076 328 remis-

280 348 395 374 sionem.
416 347 488 380 Quin
503 347 584 374 etiam
599 346 664 381 ipsis
680 345 829 373 infantibus
843 345 921 373 allata
939 345 996 373 haec
1010 353 1076 380 prae-

278 394 356 426 bere,
368 394 401 421 ad
412 394 526 428 propriae
534 392 669 427 opinionis
680 392 924 420 conﬁrmationem.
935 392 1075 419 Neminem

281 445 411 474 praeterea
425 439 577 466 mortalium
590 446 649 466 esse
659 438 772 472 justum.
785 438 861 472 Quod
873 439 959 473 ipsum
972 439 1034 465 ltem
1043 445 1077 465 ex

281 492 326 516 eo.
341 485 412 518 quod
426 485 503 511 initio
514 489 673 519 posuerunt,
688 485 863 518 consequitur
875 491 893 522 :_
903 493 912 509 ι
930 483 987 511 Non
1001 484 1074 511 enim

281 531 493 566 justiilcabitur.
521 530 607 565 inquit
629 529 774 564 Propheta,
803 530 829 556 in
852 535 997 564 conspectu
1028 533 1074 556 tuo

284 576 372 603 omnis
409 583 474 602 caro
487 575 521 608 ",
540 585 549 602 ι
574 580 602 602 et
618 575 660 602 bis
680 575 778 602 similia
806 575 873 610 (14).
895 574 1025 608 Quartum
1052 576 1079 607 (ο

286 621 458 654 blasphemas
467 628 546 648 voces
561 625 587 647 et
600 621 712 655 impias!
728 621 748 654 ),
762 627 797 648 ne
814 621 954 648 Christum
970 621 1078 655 quidem

286 666 381 698 Deum.
408 671 546 701 assumpta
561 667 688 694 nimirum
711 667 830 701 peccatis
848 667 947 694 infecta
971 672 1079 699 natura,

287 713 398 740 sceleris
413 721 511 747 purqu
528 720 597 740 esse.
615 713 775 748 Quanquam
791 713 857 741 etin
877 713 938 741 aliis
954 713 1074 747 ipsorum

287 759 461 794 blasphemiis
479 759 625 787 observare
645 759 717 793 licet,
743 759 834 794 inquit
862 759 916 792 ille,
941 767 993 786 non
1017 767 1081 786 vere

289 806 338 831 hos
362 809 389 831 et
406 810 513 836 natura,
531 805 578 832 sed
602 805 687 840 ﬁgura
712 804 845 832 duntaxat
862 805 1010 832 humanam
1025 805 1074 840 ipsi

289 855 412 877 naturam
440 851 599 878 attribuere.
620 851 768 884 Quintum,
794 852 1009 884 matrimonium,
1038 852 1079 879 vel

290 901 364 924 certe
389 897 577 931 congrediendi
593 897 778 932 cupiditatem,
807 902 834 925 ct
848 898 960 925 seminis
978 898 1082 925 missio-

293 949 365 974 nem,
387 943 531 977 omniaque
554 942 664 975 similia,
684 943 782 977 quibus
803 944 976 971 successione
999 951 1084 977 genus

292 988 438 1014 humanum
456 992 632 1023 propagatur,
651 995 788 1022 perversae
804 994 908 1015 natura:
923 995 1005 1022 opera
1024 995 1084 1015 8550

291 1037 439 1060 asserunt:
467 1033 493 1059 in
523 1040 602 1067 quam
633 1033 741 1067 quidem
764 1040 812 1067 per
837 1037 976 1067 peccatum
994 1032 1085 1068 lapsus

291 1078 389 1112 Adam,
405 1082 509 1105 natura:
531 1087 591 1106 mox
606 1079 672 1106 vitio
685 1078 818 1105 maloruut
834 1079 954 1106 omnium
970 1086 1085 1106 examen

293 1123 322 1150 in
337 1131 367 1151 se
384 1124 545 1159 susceperit.
567 1123 630 1152 lla-c
646 1124 823 1151 scutariorum
836 1124 961 1159 dogmata
977 1129 1050 1152 sunt.

327 1213 414 1241 Porro
433 1212 594 1240 Theodorus
615 1213 658 1239 hic
687 1217 759 1240 recte
784 1213 892 1247 quidem
918 1214 995 1247 facit,
1015 1214 1087 1249 quod

293 1260 352 1287 haec
366 1260 424 1294 ipsa
442 1259 592 1285 detestetur
607 1265 638 1285 ac
651 1258 767 1292 rejiciat,
778 1258 969 1292 interdumque
985 1259 1086 1293 optime

295 1313 327 1332 ac
353 1303 442 1331 valide
463 1304 558 1338 122b
581 1303 702 1338 ipsorum
726 1303 857 1330 absurdas
872 1308 899 1330 ct
915 1303 1089 1338 blasphemas

296 1350 436 1386 opiniones
457 1350 572 1382 refellat,
598 1357 649 1376 nec
668 1357 722 1376 non
744 1357 830 1377 sacra:
847 1349 996 1384 Scriptum
1010 1350 1087 1382 locis,

297 1396 397 1431 quibus
412 1396 450 1422 illi
467 1395 544 1423 abusi
561 1399 635 1428 sunt,
660 1395 786 1430 proprios
805 1403 903 1423 sensus
926 1395 1088 1429 adaptando,

298 1448 329 1470 ttt
344 1443 455 1470 omnino
470 1442 611 1476 imperitos
628 1443 784 1476 redarguat.
800 1440 900 1469 Verum
919 1442 971 1470 hoc
985 1442 1010 1469 ei
1029 1449 1091 1476 per-

298 1495 409 1524 petuum
424 1497 475 1516 non
493 1493 536 1516 est
551 1497 560 1516 ι
577 1495 638 1515 nam
651 1493 678 1516 et
695 1487 812 1516 Nestorii
826 1494 928 1516 sectam
955 1488 983 1515 in
1000 1487 1092 1516 multis

300 1536 437 1572 parturire
461 1536 539 1564 nobis
561 1536 636 1564 visus
659 1540 711 1568 est,
731 1540 759 1562 et
778 1534 914 1569 Origenis,
937 1535 1033 1563 saltem
1057 1537 1090 1563 de

301 1582 353 1609 line
391 1581 598 1615 suppliciorum,
640 1581 785 1608 mussitare
811 1581 987 1608 sententiam.
1013 1581 1090 1614 Quod

302 1633 392 1656 autem
415 1628 513 1656 asserit
529 1632 660 1663 praeterea
683 1627 748 1664 (jam
765 1628 827 1655 inde
841 1629 874 1655 ab
893 1629 971 1656 initio
983 1629 1092 1663 quidem

301 1673 448 1701 formatum
466 1681 530 1702 esse
550 1673 691 1701 mortalem
704 1673 800 1706 Adam,
815 1674 861 1702 sed
880 1673 976 1706 Deum,
991 1680 1020 1701 ut
1041 1674 1094 1702 sci-

302 1720 365 1748 licet
385 1725 528 1755 peccatutn
556 1720 718 1753 odissemus,
745 1719 780 1746 ita
811 1724 914 1746 tanttun
937 1720 1091 1754 simulasse,

303 1766 384 1800 quasi
410 1773 459 1800 pro
476 1771 588 1800 peccato
613 1773 700 1800 pinnas
721 1765 781 1792 loco
803 1773 877 1793 mors
895 1765 1021 1800 imposita
1039 1767 1095 1794 fue-

304 1811 363 1847 rit),
381 1811 449 1838 mihi
470 1818 536 1838 sane
562 1815 665 1838 rectam
690 1811 854 1838 sententiam
869 1811 971 1838 nullam
984 1811 1092 1844 aﬂerre,

304 1858 352 1884 sed
375 1857 466 1884 multis
490 1857 579 1892 potius
603 1857 738 1891 objectum
766 1864 826 1885 esse
847 1857 1094 1892 criminationibus,

305 1903 328 1931 si
343 1903 403 1938 quis
417 1903 536 1930 rationes
550 1902 660 1937 exigere
671 1903 745 1936 velit,
762 1903 870 1930 videtur
887 1914 893 1931 ε
908 1905 1094 1938 quantumvis,

305 1953 335 1975 ut
350 1949 407 1984 ipse
422 1949 531 1981 dixerit,
556 1949 623 1976 satis
646 1949 747 1975 acriter
772 1948 926 1983 huiusmodi
942 1951 1034 1985 opinio
1053 1952 1096 1978 ad-

304 2003 401 2023 versus
426 1996 569 2023 haereticos
596 2000 705 2030 pugnet.
728 1995 786 2022 Non
809 1997 892 2029 enim,
909 1997 932 2024 si
955 1997 1019 2032 quid
1035 2006 1095 2025 cum

306 2041 439 2068 deteriori
458 2046 569 2076 pugnet,
584 2041 714 2068 continuo
729 2042 830 2069 bonum
843 2047 884 2069 est
901 2050 909 2069 :
926 2043 1025 2070 etenim
1038 2052 1097 2070 ma-

307 2088 361 2114 ium
390 2094 498 2121 quoque
521 2095 612 2114 secum
638 2087 724 2121 ipsqu
761 2093 886 2122 pugnat:
913 2089 960 2116 sed
984 2090 1006 2116 si
1033 2090 1096 2125 quid

306 2136 388 2160 recta:
411 2133 510 2160 rationi
545 2139 767 2168 consentaneum,
799 2135 1098 2171 manifestumqumsit

262 2177 264 2180 ’
306 2179 394 2206 sacris
410 2178 531 2212 Litteris,
557 2179 623 2206 illud
638 2181 745 2208 demum
768 2182 963 2217 recipiendum,
990 2183 1097 2211 tametsi

308 2225 379 2252 nulla
397 2226 509 2253 haeresis
521 2226 546 2253 ei
562 2227 703 2254 sententiae
718 2227 846 2255 resistere
864 2229 971 2256 audeat.

340 2270 395 2298 Nec
413 2270 476 2298 illud
500 2271 564 2299 item
590 2279 640 2306 ego
661 2273 768 2300 curiose
796 2273 908 2306 dictum,
926 2279 953 2301 et
968 2273 1096 2302 Ecclesia:

306 2316 355 2343 Dei
369 2316 531 2349 inauditum,
556 2317 583 2344 in
598 2318 721 2346 veritatis
745 2318 916 2354 dogmatibus
939 2329 1099 2348 numerave-

304 2363 370 2396 rim,
381 2371 443 2391 cum
459 2364 526 2391 duas
537 2371 599 2391 esse
613 2370 786 2398 peccatorum
799 2367 973 2395 remissiones
988 2369 1096 2396 assurit.

306 2409 428 2436 Alteram
468 2409 576 2443 quidem
607 2411 640 2437 de
672 2411 825 2440 commissis
846 2421 855 2439 :
889 2413 1002 2440 alteram
1033 2422 1098 2442 vero

307 2455 400 2490 (quam
429 2455 523 2483 nescio
542 2456 588 2488 qui
613 2457 803 2484 remissionem
828 2458 973 2492 quispiam,
1001 2464 1031 2486 ut
1053 2460 1098 2488 ille

306 2499 440 2535 loquitur,
454 2499 591 2534 appellare
605 2501 702 2536 possit)
718 2501 925 2536 impeccantiam
940 2504 995 2539 (l5)
1013 2504 1096 2540 ipsam

342 2569 364 2584 ’⁷
378 2568 450 2596 Psal.
466 2577 492 2601 L,
508 2569 535 2596 7.
573 2569 596 2585 ³⁸
611 2569 684 2597 Psal.
698 2577 782 2604 CXLII,
797 2570 815 2597 2

1134 254 1266 286 τοιοῦτον,
1279 255 1327 280 καὶ
1339 253 1404 280 αὐτὸ
1419 253 1450 280 τὺ
1467 253 1544 288 ἅγιον
1560 253 1702 289 βάπτισμα
1731 254 1778 280 καὶ
1802 253 1856 289 τὴν
1881 263 1911 280 τι

1130 300 1267 336 ἀχράντου
1280 299 1406 334 σώματος
1424 299 1567 326 κοινωνίαν
1581 299 1621 332 είς
1635 299 1733 334 ἄφεσιν
1751 299 1911 335 ἁμαρτιῶν

1127 345 1176 372 καὶ
1194 345 1250 377 τοῖς
1278 344 1408 380 βρέφεσιν
1428 345 1616 381 ἐπιφερόμενα
1632 346 1720 373 ταῦτα
1743 346 1909 382 προκομίζε

1129 391 1177 418 ἐπὶ
1191 390 1347 426 βεϐαιώσει,
1361 392 1429 427 φησὶ
1443 393 1476 426 ¹⁰,
1503 393 1553 427 τῆς
1574 392 1678 424 οἰκείας
1696 393 1842 428 νομίσεως.
1869 393 1918 419 'E‘

1131 436 1160 463 δὲ
1177 437 1224 463 καὶ
1235 437 1276 463 ὅτι
1295 437 1384 469 οὐδεὶς
1401 438 1430 464 ὲν
1443 438 1598 474 ἀνθρώποις
1615 439 1674 465 ἐστὶ
1696 438 1810 469 δίκαιος.
1846 438 1918 464 Ἀκιῖ

1129 482 1226 509 λουθον
1243 482 1271 509 δὲ
1288 484 1335 510 καὶ
1353 483 1433 510 τοῦτο
1448 484 1569 519 δηλονότι
1583 485 1632 518 τῆς
1649 484 1697 511 ἀπ’
1719 485 1805 519 ἀρχῆς
1834 485 1918 511 αὐτὰ

1131 530 1233 562 Θέσεως
1249 538 1255 546 ’
1275 540 1285 556 ε
1307 531 1345 557 (λὺ
1369 531 1582 566 δικαιωθήσεται
1600 531 1620 547 ¹¹
1640 531 1694 566 γὰρ
1719 531 1783 567 [206
1804 530 1855 566 Η.]
1888 532 1918 556 ἐτη

1130 575 1215 602 ώπιόν
1227 585 1285 608 σου,
1297 577 1373 611 φησὶ,
1384 577 1459 603 πᾶσα
1469 575 1547 612 σὰρξ,
1563 586 1572 602 ι
1583 576 1630 602 καὶ
1643 576 1677 602 τὰ
1685 575 1808 602 τοιαῦτα..
1823 575 1918 610 Τέταπ

1133 631 1179 649 τον
1198 621 1231 658 (ὣ
1260 622 1427 658 βλασφήμων
1449 623 1497 650 καὶ
1525 623 1663 649 δυσσεῦῶν
1683 622 1859 656 στομάτωνῐ)
1896 622 1919 648 5‘

1131 669 1186 696 οὐδ’
1201 669 1215 695 ὁ
1232 669 1351 702 Χριστὸς
1367 671 1414 695 καὶ
1427 669 1494 700 Θεὸς
1520 669 1610 704 ἡμῶν,
1630 668 1677 695 ἆτε
1694 668 1743 703 τὴν
1759 668 1919 703 ἡμαρτημέ

1132 721 1182 750 νην
1196 715 1277 750 φύσιν
1292 715 1495 750 προσειληφὼς,
1516 715 1570 741 οὔδ’
1585 715 1665 745 αὐτὸς
1680 713 1854 747 ὲκαθάρευεν
1882 715 1919 741 ἁτ-

1135 761 1395 796 ἁμαρτίας.Καίτοι
1419 760 1535 795 ἀλλαχοῦ
1565 761 1615 795 τῆς
1635 760 1814 795 βλασφημίας
1835 761 1919 786 (at-3:62

1133 806 1207 834 ἔστιν
1222 807 1320 838 αὐτοὺς
1337 807 1410 838 ἰδεῖν,
1425 806 1461 837 ὥς
1474 806 1628 841 φησιν,οὺδ’
1646 806 1760 841 ἀληθείᾳ
1772 806 1820 831 καὶ
1831 806 1913 839 φύε-ε

1136 853 1258 889 σχήματι
1288 853 1317 880 δὲ
1336 853 1416 887 μόνον
1433 853 1455 869 ¹²
1472 853 1592 884 διδόντας
1611 851 1686 887 αὑτῷ
1711 852 1761 886 τὴν
1788 852 1920 887 ὲνανϐρόὶ

1137 908 1231 935 πησιν.
1248 899 1312 935 [597
1328 899 1376 934 IL]
1391 899 1530 934 Πέμπτον,
1549 898 1591 924 ὅτι
1607 898 1653 924 τὸν
1673 897 1772 932 γάμον,
1792 898 1860 932 ἦτοι
1889 899 1920 923 τλῖ

1136 946 1186 980 τῆς
1202 946 1301 981 μίξεως
1316 945 1405 980 ὄρεξιν
1417 947 1465 972 καὶ
1477 945 1528 980 τὴν
1542 945 1591 971 τοῦ
1603 945 1760 980 σπέρματος
1771 945 1920 971 καταϐολαὶ

1137 993 1185 1020 καὶ
1200 992 1292 1019 πάντα
1305 993 1336 1027 δὴ
1350 992 1384 1019 τὰ
1399 991 1523 1023 τοιαῦτα,
1539 992 1585 1026 ἀφ’
1598 987 1691 1026 ὦνπερ
1716 991 1786 1018 κατὰ
1800 990 1920 1026 διαδοχῆ-

1137 1037 1169 1065 ab
1185 1039 1319 1074 ἡμέτερον
1336 1038 1414 1072 γένος
1426 1037 1548 1070 αὔξεται,
1559 1037 1609 1072 τῆς
1625 1037 1764 1072 μοχθηρᾶς
1778 1036 1850 1072 ἔργα
1870 1046 1920 1071 φαι

1139 1085 1259 1120 φύσεως,
1273 1085 1312 1117 είς
1328 1085 1362 1120 ῆν
1376 1084 1420 1110 διὰ
1431 1083 1482 1117 τῆς
1494 1083 1632 1118 ἁμαρτίας
1648 1082 1740 1109 πεσὼν
1762 1083 1776 1109 ὁ
1796 1083 1893 1118 Ἀδὰμ.
1907 1092 1921 1110 ιε

1142 1131 1191 1165 τῆς
1206 1130 1314 1165 φύσεως
1340 1130 1425 1166 κακίᾳ
1444 1130 1490 1157 τὸν
1510 1129 1593 1165 ὲσμδν
1614 1128 1727 1161 ἐδέξατο
1747 1127 1803 1154 τῶν
1826 1129 1921 1155 κακῶν

1145 1176 1227 1203 Ἀλλά
1242 1175 1277 1202 τὰ
1291 1175 1340 1211 μὲν
1356 1175 1409 1202 τῶν
1420 1174 1613 1210 αἱρετιζόντων
1623 1173 1746 1200 τοιαῦτα.

1181 1223 1211 1248 '0
1224 1222 1252 1248 δὲ
1263 1221 1400 1256 Θεόδωρος
1414 1217 1491 1252 οὗτος
1509 1220 1540 1248 εὖ
1554 1221 1603 1254 μὲν
1616 1221 1690 1246 ποιεῖ
1698 1219 1921 1254 ἁποπεμπόμενι

1141 1269 1220 1301 αὑτὰ,
1240 1267 1348 1303 ἐνιαχοῦ
1359 1268 1388 1293 δὲ
1405 1268 1452 1294 καὶ
1466 1267 1566 1302 ἄριστα
1578 1267 1670 1294 αὐτῶν
1680 1266 1727 1292 καὶ
1741 1267 1788 1293 σὺν
1806 1266 1888 1300 ἰσχύϊ
1915 1276 1921 1283 ηι

1140 1315 1288 1342 ἀλλόκοτον
1304 1315 1351 1340 καὶ
1369 1314 1528 1348 βλάσφημον
1554 1312 1609 1339 τῶν
1631 1312 1791 1347 ὑπολήψεων
1815 1313 1922 1347 smper:

1141 1361 1226 1393 πῐζει,
1243 1361 1290 1387 καὶ
1307 1361 1367 1392 ταῖς
1379 1360 1531 1395 Γραφικαῖς
1546 1359 1661 1394 φωναῖς,
1676 1359 1710 1390 ἃς
1722 1360 1820 1385 ἐκεῖνοι
1840 1359 1922 1386 κακίῖ

1142 1408 1337 1443 ὲξελάμϐανον,
1365 1407 1415 1439 τὰς
1450 1406 1634 1442 καταλλήλους
1667 1406 1772 1437 ἑννοίας
1804 1405 1922 1440 ἁρμόζει

1143 1454 1259 1489 ἀμαθεῖς
1271 1453 1370 1485 αὐτοὺς
1381 1452 1490 1484 τελείως
1502 1452 1651 1486 ἐξελέγχει.
1666 1452 1724 1478 Οὐκ
1738 1451 1782 1478 ἀεὶ.
1807 1450 1846 1482 δὲ,
1870 1452 1922 1478 ἀλλ

1143 1501 1193 1536 τήν
1205 1509 1235 1527 τε
1248 1499 1397 1534 Νεστορίου
1427 1499 1532 1534 αἵρεσιν
1557 1498 1662 1525 ὠδίνων
1689 1498 1756 1532 ἡμῖν
1782 1497 1811 1523 ὲν
1827 1497 1920 1524 πολλο

1145 1543 1244 1578 ὦπται,
1260 1546 1307 1572 καὶ
1316 1545 1366 1580 τὴν
1389 1544 1542 1580 Ὠριγένους
1576 1543 1648 1570 κατὰ
1668 1551 1701 1577 γε
1719 1544 1750 1570 τὸ
1770 1543 1850 1574 τέλος
1872 1545 1923 1570 vim:

1146 1593 1243 1627 φωνεῖν
1260 1591 1308 1625 τῆς
1321 1590 1469 1621 κολάσεως.
1483 1589 1544 1616 Ἔτι
1557 1589 1585 1616 δὲ
1601 1589 1662 1615 οὐδὲ
1690 1588 1720 1615 τὸ
1738 1588 1829 1622 λέγειν
1855 1590 1923 1616 αὑτί

1145 1639 1192 1666 ἀπ’
1208 1637 1297 1673 ἀρχῆς
1313 1637 1361 1672 μὲν
1376 1636 1473 1672 θνητὸν
1488 1635 1645 1663 πεπλάσθαι
1660 1635 1707 1662 τὸν
1728 1635 1825 1671 ’Δδὰμ,
1849 1637 1923 1663 sva:

1147 1684 1187 1716 εει
1203 1684 1231 1710 δὲ
1246 1683 1335 1718 μόνον,
1356 1682 1399 1709 ἵνα
1418 1682 1579 1716 μισήσωμεν
1592 1681 1642 1716 τὴν
1656 1681 1802 1716 ἁμαρτίαν,
1831 1689 1923 1716 σχημι

1145 1732 1219 1758 τίσαι
1239 1729 1311 1756 οὕτω
1326 1729 1371 1756 τὸν
1386 1728 1461 1760 Θεὸν,
1479 1728 1517 1758 ὡς
1532 1727 1575 1755 διὰ
1591 1727 1640 1762 τὴν
1657 1727 1795 1762 ἁμαρτίαν
1819 1728 1889 1754 ἀντὶ
1909 1738 1923 1756 τ

1149 1777 1255 1812 μωρίας
1273 1775 1441 1802 ἐπιτέθειται
1456 1776 1470 1801 ὁ
1486 1773 1612 1805 θάνατος,
1627 1774 1658 1800 οὐ
1677 1773 1726 1808 μὲν
1741 1773 1787 1801 οὖν
1806 1775 1872 1801 οὐδὲ
1884 1785 1923 1802 τοι

1147 1823 1177 1849 τό
1192 1831 1238 1857 μοι
1252 1821 1349 1848 δοκοῦν
1360 1821 1400 1852 εἰς
1414 1820 1510 1856 ὀρθοὺς
1523 1819 1672 1854 ἀναφέρειν
1692 1819 1853 1853 λογισμοὺς,
1875 1822 1923 1847 ἀλ)

1147 1867 1197 1894 καὶ
1211 1867 1311 1898 πολλὰς
1338 1866 1450 1901 ὑπέχειν
1475 1865 1526 1897 τὰς
1554 1865 1680 1896 εὐθύνας,
1700 1864 1786 1896 εἴτις
1811 1866 1923 1894 ἁπαιτε

1148 1913 1246 1946 ἐθέλοι,
1263 1912 1324 1946 κᾶν,
1337 1912 1374 1944 ὡς
1384 1912 1488 1943 ἐκεῖνος
1500 1911 1583 1943 εἴποι,
1599 1910 1700 1942 ίκανῶς
1714 1911 1731 1945 ἡ
1747 1910 1862 1946 τοιαύτη
1883 1913 1923 1939 δάε

1149 1960 1217 1995 πρὸς
1233 1959 1295 1987 τοὺς
1309 1956 1471 1992 αἰρεσιὼτας
1487 1955 1666 1991 ἀπομάχηται
1682 1956 1713 1982 ¹³.
1732 1956 1769 1983 Οὐ
1798 1957 1854 1990 γὰρ
1879 1959 1909 1985 εἴ

1149 2003 1478 2040 διαμάχεταιτῷχείρονι,
1490 2002 1594 2036 ἀγαθόν
1606 2010 1613 2017 ⁶
1629 2001 1676 2028 καὶ
1701 2002 1756 2037 γὰρ
1784 2003 1831 2028 καὶ
1851 2003 1923 2030 ἐαυτ

1152 2053 1267 2087 μάχεται
1282 2052 1313 2077 τὸ
1326 2051 1410 2077 κακόν
1423 2058 1430 2064 ·
1447 2049 1503 2075 ἀλλ’
1519 2049 1584 2075 εἴτι
1596 2048 1742 2082 σύμφωνον
1769 2048 1844 2084 ὀρθῷ
1872 2051 1923 2085 λογ

1151 2098 1212 2134 σμῷ
1227 2097 1274 2124 καὶ⁵
1287 2096 1425 2132 γνώριμον
1445 2096 1503 2126 ταῖς
1515 2094 1602 2125 θείαις
1617 2094 1751 2129 Γραφαίς,
1773 2094 1858 2121 τοῦτο
1881 2097 1922 2122 ἀπ

1150 2144 1255 2176 δεκτὸν,
1269 2142 1320 2170 κᾶν
1335 2142 1449 2177 οὐδεμία
1465 2141 1571 2177 αἵρεσις
1596 2140 1735 2175 μάχεσθαι
1764 2140 1858 2176 τολμᾷ
1878 2143 1923 2177 πμ

1151 2190 1227 2217 αὑτό.

1190 2278 1251 2304 Ἔτι
1265 2277 1294 2304 δὲ
1310 2278 1421 2303 κάκεῖνο
1435 2276 1484 2303 οὐκ
1507 2276 1628 2311 ὲγκρίνω
1653 2275 1743 2310 ἔγωγε
1775 2276 1835 2306 τοῖς
1861 2276 1916 2311 τῆς

1153 2323 1285 2359 ἀληθείας
1299 2323 1427 2358 δόγμασι,
1438 2323 1594 2358 περιέργως
1608 2331 1639 2349 τε
1654 2321 1802 2358 εἰρημένον
1820 2323 1870 2348 καὶ
1887 2325 1923 2350 οὺ

1152 2367 1290 2403 γνώριμον
1310 2368 1344 2402 τῇ
1365 2366 1514 2402 Ἐκκλησία
1532 2366 1579 2393 τοῦ
1602 2367 1682 2398 Θεοῦ,
1707 2367 1737 2392 τὸ
1760 2367 1808 2393 δύο
1833 2368 1923 2401 egeas

1153 2413 1295 2449 ἁμαρτιῶν
1310 2411 1378 2438 εἶναι
1390 2412 1491 2447 λέγειν,
1499 2413 1549 2448 τὴν
1564 2413 1613 2448 μὲν
1624 2413 1678 2440 τῶν
1690 2413 1905 2447 πεπραγμένων
1919 2417 1923 2429 ¹

1151 2460 1202 2495 τὴν
1221 2460 1250 2486 δὲ
1264 2459 1314 2486 οὐκ
1328 2457 1376 2486 οἷδ’
1393 2460 1468 2491 ὅπως
1487 2460 1558 2486 εἴποι
1589 2467 1632 2491 τις
1647 2458 1681 2485 ἂν
1705 2459 1752 2485 καὶ
1768 2459 1883 2492 ἄφεσιν,
1915 2461 1923 2485 έ

1153 2506 1258 2539 ἐκεῖνος
1272 2505 1356 2539 λέγει,
1371 2506 1458 2540 αὐτὴν
1473 2504 1523 2540 τὴν
1539 2505 1747 2541 ἀναμαρτησων
1768 2505 1830 2540 ἢτοι
1845 2505 1881 2531 τὸ
1899 2514 1923 2540 με

954 2619 1071 2648 VARI/EI
1084 2619 1292 2648 LECTIONES.

353 2688 408 2729 'nkv
417 2687 579 2729 ἁμαρτίαις]
599 2687 671 2729 Psal.
687 2695 714 2719 ι,
729 2687 766 2729 7..
796 2688 816 2703 ὀ
833 2687 1059 2729 βεϐαιώσειφησί
1072 2690 1120 2729 AA:
1136 2690 1281 2729 βεϐαίωσιν
1300 2699 1329 2722 ς.
1368 2689 1387 2704 ¹¹
1409 2690 1439 2715 οὐ
1454 2689 1521 2725 6m}
1534 2689 1608 2718 Psal.
1623 2689 1746 2722 enini.
1785 2689 1807 2705 "
1824 2689 1903 2725 μόνῳ
1918 2700 1923 2720 <

308 2722 446 2755 διαδόντας
457 2724 489 2750 Α.
530 2724 551 2739 ³³
565 2722 737 2758 ἀπομάχεται
751 2723 784 2750 Α.
833 2724 854 2738 ³⁸
869 2723 919 2757 τῆς
935 2722 1001 2751 add;
1016 2722 1047 2751 Ᾱ.

325 2863 331 2869 ⁸
344 2827 399 2861 (Η)
418 2828 499 2855 Πᾶσα
514 2827 591 2863 σάρξ.
609 2827 635 2854 lu
650 2826 758 2862 vulgata
773 2827 838 2855 coit.
857 2829 910 2857 πᾶς
930 2828 994 2860 ζῶν,
1011 2830 1095 2856 omnis

308 2871 404 2891 mvelu.

1101 2726 1121 2740 ’⁸
1136 2726 1191 2751 τῶν
1205 2733 1233 2750 τε
1246 2734 1330 2760 πεπρ.
1346 2733 1376 2756 ς.

1026 2779 1142 2807 NOTAE.

1187 2829 1243 2864 (lii)
1269 2828 1308 2855 lla
1339 2836 1399 2855 cum
1426 2829 1455 2855 Β.
1489 2828 1597 2855 llieron.
1637 2831 1769 2864 proa‘uiio
1795 2838 1923 2859 comnien

1160 2864 1186 2891 in
1203 2863 1304 2892 Jeretu.
1322 2865 1403 2892 redde
1415 2864 1632 2899 ἁναμαρτησῐαν.
