1923 3091
41 160 88 190 517

532 154 796 185 BIBLIOTHECA.
812 165 847 170 —
868 152 940 182 COD
968 151 1134 183 CLXXVII.

1614 150 1665 184 518

41 214 98 240 ιέτι
117 211 288 247 ἁμαρτάνειν
303 219 310 227 ·
327 211 368 237 δεῖ
383 210 438 246 γὰρ
449 211 526 246 ἡμῖν,
539 211 576 242 ὡς
587 211 671 243 ἔοικε,
685 211 733 238 καὶ
740 210 830 237 πλειό-

883 209 938 237 sive
960 217 1013 236 non
1041 208 1156 243 amplius
1183 213 1306 242 peccare.
1327 206 1441 242 Oportet
1463 208 1535 236 enim
1553 216 1612 239 nos.
1637 215 1666 236 ut

42 269 92 287 νων
107 257 313 293 σαφηνιστικῶν
324 256 433 289 λέξεων,
459 257 502 283 ἵνα
516 256 566 291 τὴν
592 256 689 291 καινὴν
719 255 827 290 ἐκείνην

43 305 260 341 ὐποδηλώσωμεν
275 303 330 330 τῶν
350 302 494 337 ἁμαρτιῶν
514 302 611 336 ἄφεσιν
626 309 633 316 ·
658 302 726 337 ὅπερ
746 302 760 327 ὸ
778 301 827 335 μὲν

41 350 118 385 ὀρθὸς
133 350 214 384 λόγος
235 348 445 384 ἀναμαρτησίαν
465 345 545 379 οἶδεν,
565 344 643 379 οὗτος
671 347 700 374 δὲ
729 346 827 381 ἄφεσιν

43 395 186 431 ἁμαρτιῶν
205 395 313 421 τελείαν
331 394 379 420 καὶ
405 393 578 429 κυριωτάτην
610 393 657 420 καὶ
687 392 827 427 ἀναίρεσιν

42 442 116 468 καλεῖ
129 441 267 476 ἁμαρτίας
292 440 425 473 παντελῆ.
442 439 491 471 Τίς
512 437 559 466 οὖν
573 439 589 474 ἡ
606 438 717 472 τοιαύτη
735 439 828 473 ἁμαρ-

41 488 104 513 τιῶν
118 487 228 521 ἄφεσις,
251 485 300 512 καὶ
325 485 377 512 ποῦ
408 484 544 519 διδομένη,
573 483 622 510 καὶ
638 483 722 510 πόθεν
743 482 829 517 ἀρξα-

43 532 126 566 μένη;
147 531 268 566 Ἤρξατο
278 531 336 565 μὲν,
357 530 483 565 φησ¹ιν¹⁶,
501 528 698 564 ἐμφανίζεσθαι
716 527 770 554 ἀπὸ
779 527 827 562 τῆς

42 577 111 604 κατὰ
128 578 175 603 τὸν
186 577 326 611 Δεσπότην
340 576 459 611 Χριστὸν
473 574 629 609 οἰκονομίας
642 575 689 600 καὶ
703 574 732 600 ἐν
745 573 830 608 ἀρρα-

42 621 126 652 ϐῶνας
139 622 206 656 ἡμῖν
222 621 342 647 δίδοσθαι
363 620 451 653 τάξει,
469 620 570 647 δίδοται
602 619 631 645 δὲ
648 618 760 649 τελείως
781 618 828 644 καὶ

40 667 81 692 ἐπ’
96 666 190 697 αὐτοῖς
204 666 297 701 ἔργοις
309 666 329 681 ’⁷
345 667 374 692 ὲν
385 667 418 700 τῇ
433 666 502 700 μετὰ
519 665 568 700 τὴν
593 664 741 691 ἀνάστασιν
759 663 829 690 ἁπο-

42 711 219 743 καταστὰσει,
235 711 305 746 ὑπὲρ
318 709 363 747 ἧς,
378 711 420 737 ἴνα
436 711 571 746 τύχωμεν,
587 711 635 737 καί¹
644 711 724 745 ἡμεῖς
735 710 781 736 καὶ
794 709 828 735 τὰ

43 756 130 791 βρέφη
148 756 347 791 βαπτιζόμεθα.
362 757 442 783 ’Δλλὰ
456 757 490 783 τὰ
514 757 563 792 μὲν
589 756 773 792 μέχριτούτου
790 755 828 788 ὡς

42 802 140 834 σεμνὰ,
156 802 204 829 καὶ
226 803 370 838 κεχηνέναι
393 803 473 837 μόνον
500 802 562 838 οὐχὶ
588 803 656 836 πρὸς
681 802 711 828 τὸ
741 802 828 838 πέρας

41 849 167 879 ἅπαντας
181 849 438 884 παρασκευάζοντα.
463 848 531 874 Εἰπὲ
555 848 588 883 δὴ
610 847 702 874 λοιπὸν
729 848 784 874 Καὶ
800 847 827 874 τί

41 894 135 925 τοῦτο;
155 879 240 929 ’ορθᾶ
263 894 317 929 γάρ
334 879 375 920 σοι
391 893 566 929 παρεχόμεθα
581 879 626 920 ’τὰ
648 891 715 922 ὦτα.
733 894 781 926 Τίς
810 895 826 929 ὴ
841 879 864 909 Β

39 939 92 966 τῶν
107 939 255 974 ἁμαρτιῶν
272 941 369 975 ἄφεσις
384 939 446 976 [2οἹ
461 939 507 976 Η.]
529 941 546 975 ὴ
566 940 700 975 παντελὴς
716 939 826 974 ὲκείνη;

43 985 154 1017 Οὐκέτι,
171 986 248 1020 φησὶ,
266 986 335 1019 μετὰ
358 986 407 1021 τὴν
427 986 574 1012 ἀνάστασιν
601 984 827 1020 ἁμαρτησόμεθα.

47 1031 127 1057 Ἀλλὰ
137 1031 193 1066 γὰρ
205 1031 243 1061 ὡς
256 1032 284 1064 ἐξ
296 1032 360 1058 οἴων
380 1032 453 1066 ἡμᾶς
477 1031 652 1063 κατέσπασας
679 1032 732 1058 τῶν
750 1031 828 1057 ἐλπί-

41 1078 90 1104 δων
109 1078 116 1103 !
142 1078 202 1103 'lva.
221 1077 276 1112 γὰρ
291 1077 338 1104 νῦν
363 1078 436 1105 ἐάσω
453 1077 543 1113 ζητεῖν
563 1078 637 1107 ὅπως
659 1077 716 1103 ἔστι
740 1077 828 1110 λέγειν

39 1124 139 1157 ἄφεσιν
159 1123 302 1159 ἁμαρτιῶν
320 1123 409 1156 τοῦτο,
424 1124 512 1150 ἐκεῖνο
542 1123 681 1158 συντόμως
705 1122 760 1158 ἐρῶ
774 1130 781 1138 ·
797 1122 829 1149 Τί

41 1167 102 1201 οὖνς
116 1170 168 1196 Διὰ
184 1169 264 1196 τοῦτό
287 1178 327 1195 σοι
342 1169 461 1205 Χριστὸς
481 1168 626 1204 ὲσαρκώοη
654 1168 701 1195 καὶ
732 1170 829 1195 ἐσταυ-

43 1215 129 1250 ρὼθη,
140 1214 184 1241 ἵνα
199 1215 237 1250 μὴ
253 1215 358 1241 ἐκεῖθεν
370 1215 489 1246 ἀναστὰς
501 1215 680 1250 ἀμαρτήσηςς
707 1213 771 1249 [400
782 1213 827 1250 R.]

41 1263 200 1298 ἡμάρτανον
215 1261 244 1287 δὲ
259 1261 314 1296 ἄρα
332 1261 437 1287 ἐκεῖθεν
457 1261 482 1287 οἱ
505 1261 761 1296 προκαταλύσαντες
783 1261 829 1287 τὸν

41 1306 108 1341 βίον,
128 1306 195 1341 πρὶν
213 1305 230 1340 ἢ
244 1306 360 1341 Χριστὸς
382 1307 591 1341 ὲπιδημήσειεν;
612 1307 660 1333 Ἂν
671 1307 699 1333 δὲ
712 1307 749 1342 μὴ
780 1307 829 1342 βα-

40 1352 217 1385 πτιξώμεθα,
232 1353 369 1387 ἁμαρτίας
386 1351 426 1378 ἔτι
437 1352 647 1388 διαπραξόμεθά
662 1362 703 1379 σοι
715 1354 772 1379 ἐκεῖ
784 1354 829 1380 καὶ

39 1400 121 1434 ἡμεῖς
136 1399 185 1425 καὶ
199 1398 234 1425 τὰ
249 1398 351 1434 βρέφη;
364 1398 391 1424 τί
407 1398 451 1431 δέ;
471 1400 495 1425 οἱ
508 1398 617 1425 ἄπιστοι
629 1399 730 1430 πάντες
749 1400 829 1427 πάλιν

39 1446 90 1471 κάν
103 1444 144 1480 τῷ
161 1444 285 1479 μέλλοντι
301 1444 434 1470 αίῶνικαὶ
447 1444 576 1479 κλέψουσι
587 1446 634 1472 καὶ
649 1445 827 1480 πορνεύσουσι

38 1492 84 1517 καὶ
106 1490 308 1526 δυσσεῧήσουσι
323 1491 369 1517 καὶ
385 1491 563 1527 λῃστεύσουσι
574 1491 621 1518 κα)⁸
636 1493 726 1519 πᾶσαν
738 1493 827 1521 αὐτῶν

42 1535 188 1572 μοχθηρὰν
200 1535 351 1582 ὲττιθυμίαν
364 1535 575 1582 πληρῴσουσιιν;
655 1537 709 1572 γὰρ
722 1537 829 1570 δικαίας
845 1553 866 1582 c

39 1590 69 1614 γε
79 1582 179 1612 αὐτοῖς
192 1580 247 1607 τῶν
259 1580 376 1608 ἐνταῦθα
396 1581 484 1616 πεπλη
490 1581 672 1617 μμελημένων
689 1582 736 1609 καὶ
751 1582 784 1618 βα
790 1591 833 1618 ρυ-

39 1628 126 1658 τὰτας
144 1626 256 1661 ἐξεῦρες
268 1626 318 1658 τὰς
336 1627 481 1662 τιμωρίας.

879 261 1001 291 apparet,
1027 254 1150 289 pluribus
1169 253 1379 288 explanantibus
1399 255 1539 282 vocabulis
1564 255 1615 286 uti.
1634 260 1666 281 ιιι

879 308 974 329 novam
989 301 1064 328 illam
1081 304 1254 335 peccatorum
1277 299 1465 327 remissionem
1482 299 1664 328 declaremus.

879 346 957 380 Quod
972 346 1045 372 enim
1063 349 1136 372 recta
1156 344 1280 379 loquendi
1297 345 1367 371 ratio
1392 345 1594 378 impeccannam
1617 353 1666 372 no-

880 394 975 423 minat,
991 392 1036 418 ille
1049 395 1221 426 peccatorum
1235 391 1340 417 veniant
1360 390 1518 425 perfectam,
1534 395 1561 418 et
1579 391 1667 418 maxi-

880 447 922 466 me
939 443 1038 469 ratam,
1053 438 1242 472 integrumque
1263 436 1380 470 appellat
1393 437 1496 470 peccati
1514 437 1663 464 interitum.

879 484 1040 518 Ecquaenam
1056 483 1139 517 igitur
1157 483 1213 509 haec
1235 487 1408 515 peccatorum
1425 483 1559 514 remissio,
1572 489 1599 510 et
1619 484 1666 510 ubi

879 530 964 561 facta,
981 530 1105 563 undeque
1123 528 1256 563 originem
1281 527 1377 554 duxit?
1391 528 1479 561 Coepit
1495 529 1602 563 quidem
1619 529 1664 556 illa

881 574 1056 601 manifestare
1071 581 1110 606 se,
1131 573 1180 606 ait,
1197 580 1229 600 ex
1244 580 1297 607 quo
1312 572 1437 600 Christus
1455 572 1588 601 Dominus
1605 582 1665 601 car-

880 627 942 648 nem
959 620 1056 652 induit,
1072 624 1099 646 et
1121 619 1285 646 arrhabonis
1300 619 1378 646 nobis
1392 619 1452 646 loco
1468 620 1536 646 tradi
1550 628 1557 646 :
1576 620 1666 654 perfe-

881 673 923 693 cle
949 673 1013 692 vero
1041 666 1129 698 datur,
1158 672 1219 693 cum
1237 673 1286 699 pro
1308 665 1387 692 bonis
1412 665 1551 699 operibus,
1568 671 1622 692 tum
1639 667 1665 693 in

879 713 923 740 illa
942 711 1148 743 instauratione,
1173 718 1231 745 quae
1251 716 1311 745 post
1333 711 1424 737 carnis
1437 713 1666 738 resurrectionem

880 758 969 784 futura
985 764 1037 788 est,
1052 763 1106 791 qua
1120 761 1149 782 ut
1163 756 1308 790 potiantur,
1333 760 1386 782 tam
1402 763 1462 787 nos,
1477 763 1556 790 quant
1573 763 1666 783 recens

879 804 937 831 nati
964 803 1079 830 infantes
1103 803 1284 837 baptizamur.
1309 800 1382 828 Satis
1407 801 1514 836 quidem
1531 801 1586 834 illa,
1607 809 1667 837 quae

881 851 950 877 dicta
969 855 1031 876 sunt
1046 849 1189 880 hactenus,
1213 848 1353 882 praeclara.
1375 851 1402 875 et
1419 855 1478 882 qua:
1495 852 1597 874 tantum
1612 857 1666 876 non

879 894 982 921 inhiare
1010 893 1055 920 [iui
1070 901 1163 920 omnes
1185 893 1306 927 jubeant.
1339 893 1386 920 Dic
1421 899 1485 927 ergo
1513 893 1665 928 deinceps:

879 941 912 967 Et
931 941 995 975 quid
1017 940 1068 966 hoc
1084 939 1143 966 rei:
1166 946 1245 966 aures
1264 939 1337 965 enim
1357 939 1406 966 tibi
1420 945 1541 966 arrectas
1564 940 1667 974 pracbe-

878 994 950 1014 mus.
963 987 1105 1019 Quaenam,
1124 986 1245 1019 inquam,
1263 986 1320 1012 hzec
1338 990 1380 1012 est
1394 990 1566 1019 peccatorum
1579 985 1667 1020 perfe-

879 1038 922 1060 cla
949 1032 1096 1060 remissio?
1117 1031 1175 1059 Non
1198 1031 1325 1066 amplius,
1347 1032 1449 1065 inquis,
1467 1037 1526 1066 post
1543 1040 1666 1060 resurre-

878 1080 996 1107 ctionem
1019 1079 1199 1114 peccabimus.
1230 1078 1317 1110 Quam
1347 1085 1413 1105 sane
1430 1079 1463 1106 ab
1489 1079 1591 1113 ingenti
1617 1086 1666 1113 spe

879 1134 928 1154 nos
952 1125 1120 1153 deturbaslil
1140 1130 1169 1152 ut
1189 1125 1260 1152 enim
1287 1133 1358 1152 nunc
1380 1132 1504 1159 quaerere
1527 1124 1667 1159 omittam;

879 1180 997 1208 quonam
1018 1174 1097 1199 modo
1112 1172 1204 1200 dicere
1228 1172 1318 1204 liceat,
1333 1177 1507 1206 peccatorum
1522 1171 1666 1198 remissio-

880 1225 959 1251 nem;
977 1218 1077 1253 123a
1094 1218 1159 1244 illud
1178 1222 1281 1244 tantum
1301 1217 1420 1244 breviter
1445 1217 1545 1252 rogabo
1564 1226 1571 1244 :
1597 1217 1667 1250 Quid

880 1265 921 1291 ais
934 1265 945 1290 ?
958 1264 1141 1298 Proptereane
1173 1256 1297 1290 Christus
1312 1262 1359 1289 tibi
1376 1262 1456 1289 homo
1470 1261 1556 1289 factus
1574 1267 1625 1294 est,
1640 1266 1668 1289 et

880 1310 954 1338 cruci
968 1309 1076 1341 afﬁxus,
1101 1316 1136 1336 ne
1156 1314 1184 1335 tu
1203 1308 1239 1335 ibi
1254 1312 1314 1342 post
1326 1308 1554 1335 resurrectionem
1570 1307 1668 1334 iterum

882 1355 1005 1389 pecces?
1024 1354 1212 1382 Peccahanlne
1234 1353 1315 1387 igitur
1338 1353 1394 1379 illic
1408 1372 1416 1384 ,
1441 1353 1485 1387 qui
1514 1353 1567 1379 vita
1593 1353 1669 1386 prius

883 1399 1017 1432 abierunt.
1033 1407 1114 1435 quam
1130 1399 1156 1426 in
1173 1398 1302 1425 modum
1324 1396 1447 1424 Christus
1460 1397 1585 1428 veniret?
1598 1396 1630 1423 Et
1647 1397 1670 1424 si

883 1446 954 1473 forte
974 1453 1026 1472 non
1052 1445 1232 1479 baptizcmur,
1253 1444 1426 1478 pcccabimus
1442 1444 1477 1470 ibi
1500 1444 1588 1470 adhuc
1611 1442 1671 1479 [tuo

883 1491 996 1527 judicio]
1013 1497 1040 1518 et
1057 1498 1117 1524 nos,
1145 1496 1172 1518 et
1187 1490 1322 1518 infantes?
1344 1489 1433 1523 Quid?
1459 1489 1584 1517 [nfideles
1610 1498 1671 1517 om-

885 1546 943 1571 nes,
975 1545 1118 1565 rursumue
1144 1537 1234 1564 futuro
1263 1536 1373 1569 saeculo,
1392 1541 1420 1564 et
1454 1536 1627 1569 furabuutur,
1645 1541 1673 1563 ct

886 1585 1100 1617 foruicabuntur,
1119 1584 1253 1619 impieque
1272 1587 1361 1618 agent,
1382 1591 1414 1610 ac
1425 1583 1671 1615 latrocinabuntur.

884 1637 1046 1664 omnemque
1070 1629 1135 1656 adeo
1159 1630 1200 1657 sui
1223 1629 1349 1656 desiderii
1376 1628 1523 1662 nequitiam
1539 1628 1671 1663 adimple-

43 1673 131 1701 bunt?
157 1671 215 1700 Non
243 1672 315 1700 enim
341 1673 426 1703 iustas
451 1673 519 1701 satis
534 1673 575 1701 vel
594 1680 701 1706 eorum,
714 1681 774 1709 quae
794 1674 839 1703 hic
857 1677 1061 1708 commiserunt,
1082 1675 1256 1711 quantumvis
1275 1675 1451 1710 gravissimas
1491 1681 1597 1709 poenas,
1628 1683 1672 1703 re-

41 1720 142 1749 prrias.

73 1762 151 1789 Ἀλλ’
168 1761 199 1794 eg
219 1758 257 1788 ὧν
280 1761 302 1777 ’⁸
317 1770 363 1796 μοι
379 1762 430 1789 οὐκ
445 1762 587 1799 ἐγκριτέον
612 1763 694 1791 αὐτοῦ
711 1764 759 1799 τὴν
780 1764 836 1791 τῶν

41 1807 189 1843 ἁμαρτιῶν
200 1807 309 1841 ἄφεσιν,
331 1807 518 1843 ἐνεδειξάμην.
539 1809 615 1844 Τάχα
637 1810 659 1836 δ’
682 1810 737 1836 οὐδ’
755 1809 835 1841 αὐτὸς

42 1855 116 1881 ἑκὼν
129 1855 176 1880 ἐπὶ.
193 1853 272 1880 τοῦτο
294 1851 385 1888 ἦλθεν,
409 1853 466 1880 ἀλλ’
487 1854 531 1881 ἵνα
555 1855 624 1891 λύσῃ
647 1856 697 1890 τὴν
719 1855 835 1891 ἀπορίαν

41 1901 96 1927 τὼν
107 1899 255 1933 λεγόντων,
275 1899 324 1926 Διὰ
340 1899 365 1925 τί
379 1899 412 1926 τὰ
428 1899 515 1935 βρέφη
530 1903 654 1927 κοινωνεῖ
669 1901 723 1927 τῶν
737 1902 836 1936 ἀχράν-

41 1955 96 1973 των
119 1945 301 1980 μυστηρίων;
322 1945 366 1972 διὰ
381 1946 407 1972 τί
429 1945 474 1972 τοῦ
491 1945 678 1981 βαπτίσματος
701 1946 834 1979 ἀξιοῦται,

41 1993 65 2018 εἰ
91 1991 132 2027 μὴ
150 1991 198 2018 καὶ
212 1991 282 2018 αὐτὰ
296 1991 376 2026 γέμει
398 1991 550 2027 ἁμαρτιῶν,
572 1992 601 2018 ὲν
623 1993 656 2028 τῇ
683 1992 761 2027 φύσει
786 1993 836 2027 τῆς

40 2037 183 2072 ἁμαρτίας
208 2036 464 2072 κατεσπαρμένης;
494 2038 541 2064 καὶ
563 2037 616 2073 γὰρ
636 2039 676 2070 εἰς
698 2039 796 2073 ἄφεσιν
814 2040 835 2056 ¹⁹

40 2084 131 2110 ταῦτα
146 2082 248 2110 δίδοται
263 2083 417 2118 ἁμαρτιῶν.
439 2083 508 2110 Ἀλλ’
527 2084 610 2119 ἐχρῆν
634 2083 682 2111 καὶ
700 2085 749 2120 τὴν
767 2087 836 2112 ἀπο-

42 2131 121 2166 ρίαν,
153 2130 255 2161 πολλὰς
280 2130 394 2165 ἔχουσαν
421 2129 524 2156 λύσεων
544 2130 681 2165 ἀφορμὰς,
703 2131 836 2167 ἑτέρωθεν

42 2176 237 2206 ἐπιλύσασθαι,
257 2177 307 2203 καὶ
323 2176 359 2202 τὰ
373 2176 493 2211 ἑπόμενα
509 2177 542 2211 τῇ
558 2176 654 2211 ἀφέσει
672 2177 727 2204 τῶν
742 2179 833 2213 ἀμαρ-

40 2222 108 2247 τιῶν
125 2221 209 2248 αὑτοῦ
219 2221 309 2248 ἄτοπα
323 2222 548 2257 ὲπισκοπήσαντα
565 2222 648 2258 μηδὲν
669 2223 833 2259 τερατεύσα-

42 2265 106 2293 σθαι
121 2265 252 2292 τοιοῦτον.

79 2353 159 2379 Ἐστι
178 2352 228 2388 μὲν
244 2350 319 2384 οὗτος
338 2354 352 2379 ὁ
366 2352 502 2388 Θεῶωρος
523 2355 537 2380 ὁ
557 2354 604 2381 καὶ
622 2356 683 2382 κατ’
700 2357 832 2392 Εὑνομίου

41 2399 70 2425 ὲν
86 2402 112 2425 κ’
127 2399 174 2425 καὶ
191 2397 216 2433 η’
227 2398 317 2432 λόγοις
331 2399 381 2426 οὐκ
392 2399 513 2433 ἀγεννῶς
523 2400 737 2436 ἀγωνισάμενος,
749 2403 799 2438 τὴν
809 2404 832 2420 ’⁸

41 2443 186 2470 Βασιλείου
202 2443 250 2470 τοῦ
275 2444 430 2477 θεσπεσίου,
457 2444 558 2479 μᾶλλον
578 2446 606 2472 δὲ
623 2446 673 2482 τῆς
693 2447 830 2482 ἀληθείας,

41 2489 187 2523 κρατύνων
203 2488 301 2520 δόξαν-
319 2489 337 2524 ἡ
361 2497 390 2515 τε
412 2489 467 2524 γὰρ
490 2490 562 2523 λέξις
586 2492 633 2518 καὶ
656 2492 711 2518 τῶν
735 2493 832 2525 λέξεων

41 2534 59 2568 ἡ
78 2533 201 2569 συνθήκη
215 2534 262 2561 καὶ
276 2534 291 2560 ὁ
310 2533 372 2566 νοῦς
387 2535 441 2561 τῶν
462 2535 604 2571 δογμάτων
629 2538 676 2564 καὶ
695 2538 726 2565 τὸ
749 2539 833 2567 πολύ-ι

41 2586 110 2612 χουν
125 2579 175 2613 τῆς
192 2579 348 2615 ἀνατροπῆς
372 2580 419 2607 καὶ
435 2578 519 2607 τᾶλλα
535 2581 594 2607 κατ’
608 2582 684 2609 οὐδὲν
708 2584 833 2612 διαλλάσ-

43 2632 99 2650 σει.
126 2624 247 2661 Ἀσαφὴς
270 2625 299 2652 δέ
323 2626 393 2659 ἐστι,
422 2626 510 2653 καίτοι
538 2627 609 2659 λέξει
633 2629 663 2655 οὐ
693 2629 834 2667 ξενιζούσῃ

918 1764 958 1792 En
973 1765 1022 1792 tibi
1041 1773 1073 1793 ex
1098 1765 1196 1800 quibus
1222 1765 1300 1793 istam
1325 1766 1409 1801 ipsius
1431 1770 1603 1800 peccatorum
1627 1773 1673 1792 re-

885 1810 1039 1837 missionem
1062 1811 1178 1844 probare
1203 1819 1256 1837 non
1270 1811 1382 1845 possim,
1406 1811 1462 1846 jam
1483 1811 1600 1838 ostendi.
1618 1811 1674 1838 Sed

885 1856 1002 1883 fortasse
1019 1864 1054 1883 ne
1068 1857 1125 1891 ipse
1150 1857 1258 1890 quidem
1285 1857 1379 1884 volens
1404 1858 1457 1884 huc
1473 1857 1604 1885 deductus
1619 1862 1672 1890 est,

885 1906 1043 1936 tantumque
1067 1907 1096 1929 ut
1115 1902 1211 1929 dubios
1231 1903 1269 1930 sic
1283 1904 1461 1937 quaerentium
1474 1904 1557 1930 nodos
1575 1903 1673 1930 dissol-

884 1951 929 1974 vat
946 1956 953 1974 :
969 1947 1057 1980 Quare
1072 1948 1146 1981 pueri
1162 1949 1341 1976 sanctissimis
1363 1949 1500 1984 mysteriis
1521 1950 1674 1977 communi-

884 1993 965 2020 cant?
979 1993 1034 2020 Cur
1059 1993 1220 2028 baptismate
1244 1994 1317 2028 digni
1340 1993 1522 2029 judicantur?
1540 1995 1591 2022 nisi
1610 1995 1671 2030 quia

883 2041 911 2064 et
925 2038 977 2071 ipsi
1001 2037 1119 2072 peccatis
1145 2038 1292 2070 abundant,
1316 2038 1399 2066 insito
1421 2039 1478 2074 jam
1498 2039 1524 2066 in
1549 2044 1672 2066 naturam

884 2083 969 2118 ipsam
985 2083 1117 2118 peccato?
1132 2083 1162 2110 In
1175 2089 1346 2117 peccatorum
1364 2084 1436 2111 enim
1458 2084 1516 2112 lucc
1528 2085 1673 2112 remissio—

884 2137 945 2156 nem
962 2129 1146 2157 conferunlur.
1175 2129 1273 2157 Verum
1298 2131 1439 2166 oportebat
1456 2135 1483 2158 et
1507 2131 1579 2158 illam
1593 2131 1673 2157 dubi-

886 2177 1028 2208 tationem,
1043 2176 1142 2203 multas
1155 2176 1253 2211 alioqui
1271 2177 1415 2204 habentem
1425 2176 1589 2204 dissolvendi
1605 2177 1672 2206 vias.

884 2222 937 2249 alio
966 2223 1045 2249 modo
1075 2222 1233 2255 dissolvere,
1262 2222 1442 2257 absurdisque
1470 2222 1533 2254 illis,
1556 2229 1616 2256 qua:
1638 2223 1672 2249 ad

884 2265 969 2300 ipsius
986 2271 1157 2302 peccatorum
1174 2268 1360 2295 remissionem
1379 2271 1593 2301 consequuntur,
1607 2273 1673 2294 cou-

884 2313 1022 2344 sidcratis.
1040 2313 1106 2340 nihil
1121 2313 1251 2348 ejusmodi
1267 2313 1420 2348 prodigiose
1434 2313 1599 2348 conﬁngere.
1691 2333 1695 2340 .

920 2359 992 2386 Idem
1014 2358 1058 2387 hic
1074 2358 1232 2386 Theodorus
1249 2359 1294 2386 ille
1308 2363 1360 2390 est,
1382 2358 1427 2393 qui
1440 2358 1570 2385 adversus
1583 2357 1673 2386 Euno-
1692 2350 1693 2353 ¹

885 2406 969 2434 mium
987 2405 1066 2432 libris
1079 2409 1141 2432 octo
1161 2409 1187 2432 et
1201 2405 1295 2439 viginti
1317 2405 1373 2441 (16)
1387 2412 1442 2432 non
1459 2405 1577 2439 segniter
1592 2404 1674 2438 depu-

887 2451 989 2487 gnavit,
1004 2456 1032 2478 et
1048 2451 1136 2478 sancti
1150 2451 1254 2483 Basilii,
1276 2451 1317 2478 vel
1333 2451 1475 2486 ipsiusmet
1494 2450 1584 2484 potius
1603 2450 1676 2476 veri-

886 2498 961 2530 tatis,
979 2497 1140 2525 sentenliam
1161 2497 1343 2524 cunﬁrmavit.
1358 2496 1463 2524 Etenim
1477 2502 1565 2530 neque
1581 2502 1671 2528 voces,

885 2551 973 2578 neque
988 2551 1084 2572 vocum
1109 2543 1280 2578 compositio,
1295 2551 1382 2578 neque
1405 2544 1558 2577 dogmatum
1584 2548 1672 2573 mens,

888 2596 976 2624 neque
992 2590 1067 2617 varia
1085 2589 1128 2617 illa
1146 2594 1173 2617 et
1188 2589 1247 2616 fusa
1272 2589 1405 2616 refutandi
1422 2589 1502 2621 ratio,
1523 2596 1572 2615 nec
1591 2588 1617 2615 id
1629 2594 1675 2622 ge-

888 2642 938 2661 nus
951 2634 1003 2662 alia
1019 2635 1158 2670 quidpiam
1172 2634 1308 2663 differunt.
1329 2636 1384 2663 Etsi
1407 2640 1496 2662 autem
1512 2633 1676 2662 dictionibus

678 2695 797 2725 VARIIE
826 2699 1030 2730 LECTIONES.

94 2762 117 2777 ’³
131 2763 213 2799 φησιν
235 2763 300 2790 add-
314 2763 347 2790 Α·
387 2763 408 2779 ¹⁷
422 2762 512 2798 ἔργοις
523 2764 570 2791 καὶ
585 2764 614 2791 ἓν
629 2774 658 2797 ς·
700 2766 720 2782 ¹³
735 2767 764 2800 ἐξ
777 2763 814 2794 ὧν
831 2769 852 2794 Α
867 2778 874 2796 :
895 2769 958 2805 ἑξῆς
975 2779 1006 2802 ς.
1045 2771 1066 2787 ¹⁹
1082 2770 1195 2807 καὶγὰρ
1211 2771 1259 2799 καὶ
1273 2772 1311 2803 εἰς
1327 2779 1357 2803 ς.
1400 2771 1423 2788 ³ο
1437 2769 1498 2806 τὴν]
1513 2771 1562 2798 καὶ
1579 2770 1629 2807 τὴν
1643 2780 1675 2804 ς.

773 2826 874 2854 ΝΟΤΑΕ
879 2849 885 2856 .

83 2855 142 2890 (to)
157 2855 224 2892 Sup.
238 2857 300 2886 cod.
317 2865 370 2886 xxv
386 2858 518 2886 duntaxat
531 2859 696 2888 referuntur.
