1923 3091
265 143 318 177 519

838 144 969 175 PIIOTII
988 143 1058 173 ΡΑΤ

1116 143 1240 173 tRCIL-E
1258 144 1312 174 CI‘.
1837 143 1902 174 520

265 207 357 231 utatur
382 208 434 229 non
460 200 611 233 inusitatis,
632 201 764 233 obscurus
791 206 881 229 tamen
905 205 956 228 est.
984 199 1051 233 Quia

1116 200 1243 235 ςρώμενος
1258 208 1265 216 ·
1282 199 1350 227 ἀλλὰ
1363 199 1402 236 τῷ
1416 200 1595 236 σχοινοτενέσι
1609 199 1767 236 χρῆσοαιέκ
1779 199 1828 226 τοῦ
1844 201 1902 227 ἐπὶ

263 249 336 276 cnint
366 253 503 276 catenatas
528 254 559 275 ut
578 247 722 282 plurimum
743 248 854 275 adhibet
877 248 1052 282 periodos,et

265 293 483 328 interpositiones
515 294 645 326 crebras,
671 301 718 328 per
750 301 819 328 quas
851 294 932 320 etiatn
958 301 1052 321 sensus

265 346 344 373 quam
369 339 528 374 longissime
552 348 565 367 a
590 348 620 367 re
645 340 780 374 proposita
794 339 919 366 recedit:
943 347 1051 366 rursum

265 386 326 420 quia
350 387 488 413 nominum
509 386 626 419 obliquis
644 393 675 413 ac
695 384 843 420 participiis
864 385 1005 416 redundat,
1025 389 1052 411 et

266 439 310 458 res
325 432 434 458 easdetn
458 431 612 466 frequenter
636 432 734 466 (neque
752 431 778 458 id
795 431 861 458 satis
884 430 990 465 ornate)
1008 438 1051 457 re-

265 476 347 502 volvit
368 484 400 504 ac
430 477 526 510 repetit
543 484 550 503 :
569 477 631 511 quia
650 478 765 511 denique
786 477 961 511 repetitiones
981 476 1053 504 illius

265 522 397 555 pluribus,
429 530 510 557 quam
537 523 705 550 narrationes
734 523 800 557 ipsa;
825 524 918 558 (quod
944 525 1054 551 omnino

265 567 324 594 sine
340 567 466 594 methodo
495 568 536 603 tit)
552 569 767 596 circumstantiis
792 569 900 597 refertae
926 574 998 602 sunt,
1016 571 1054 597 si-

266 613 430 648 milibusque
444 622 477 640 ex
506 616 595 642 causis
612 623 664 642 non
681 623 776 649 parum
791 615 968 643 obscuritatis
982 616 1052 643 scri-

267 662 319 695 ptis
333 661 393 688 suis
405 661 534 696 aspergit.
555 662 674 696 Apparet
691 668 781 689 autem
796 663 947 690 studiosius
962 670 1055 689 versa-

269 712 324 733 tutn
343 706 425 735 fuisse
440 708 465 734 itt
481 715 560 735 sacra
574 713 665 735 nostra
686 709 778 736 divina
794 709 947 743 Scriptura,
961 709 1011 735 etsi
1028 708 1054 735 in

268 752 404 788 plerisque
416 760 430 780 a
447 754 563 780 veritate
579 753 698 780 aberret.

578 799 740 827 CLXXVIII.

350 846 513 873 Dioscuridis
537 845 574 873 De
589 846 700 872 materia
718 846 819 872 medim
831 846 891 872 libri
909 854 955 872 vn.

304 891 429 927 Legimus
450 891 611 918 Dioscuridis
631 890 670 917 De
694 892 804 918 materia
832 890 957 927 [medica]
980 890 1055 917 voln-
1069 878 1093 908 Β

270 945 332 965 men
349 936 445 972 123i)
476 941 580 970 septem
598 935 756 963 distinctum
778 936 862 964 libris.
889 936 1007 969 Quorum
1030 937 1055 963 in

271 983 404 1018 prioribus
417 982 534 1016 quinque
551 982 606 1016 agit
629 982 662 1008 de
675 982 777 1015 herbis,
795 981 935 1016 stirpibu,
949 989 1057 1009 aroma-

272 1030 353 1061 tibns,
369 1028 594 1062 confectioneqne
607 1028 657 1054 olei
669 1033 694 1054 et
712 1029 850 1062 unguenti.
867 1028 932 1055 ltem
950 1029 983 1055 de
999 1029 1057 1055 ani-

271 1075 408 1102 mantibus
426 1079 467 1106 ,et
479 1074 512 1100 de
530 1074 646 1108 partium
661 1074 769 1101 illorum
790 1074 916 1101 utilitate.
932 1074 969 1101 Dc
979 1074 1058 1101 arbo-

272 1121 347 1148 ribus
367 1127 484 1154 quoque,
509 1125 537 1146 ct
561 1120 660 1152 succis,
676 1127 708 1147 ac
721 1119 858 1154 Iacrymis.
876 1119 1009 1146 Praeterea
1026 1119 1058 1147 de

272 1165 361 1197 melle,
385 1170 412 1192 et
432 1165 513 1196 lacte,
541 1169 622 1198 atque
637 1164 732 1198 adipe:
757 1165 844 1199 deque
863 1164 906 1196 iis,
928 1171 988 1198 quae
1002 1163 1058 1191 frn-

271 1215 410 1237 tnentacea
423 1213 451 1236 et
471 1209 596 1236 olcracca
618 1212 758 1235 vocantur.
775 1209 815 1235 Ad
837 1209 894 1235 lucc
911 1208 944 1235 de
963 1209 1059 1235 radici-

271 1256 331 1288 bus,
348 1255 458 1290 plantI-t,
476 1255 604 1287 arbustis,
624 1255 726 1287 herbis,
743 1258 771 1281 et
784 1262 951 1289 quaecunque
966 1262 999 1281 ex
1016 1255 1057 1282 Itis

271 1302 313 1329 vel
342 1301 473 1336 liquorem
498 1301 540 1328 vel
559 1300 675 1327 fructum
697 1301 731 1328 ad
753 1301 884 1328 medicam
903 1300 1058 1328 facultatem

272 1347 365 1374 utilem
398 1346 507 1373 habent.
533 1346 603 1379 Quin
629 1350 656 1373 et
671 1345 704 1372 de
720 1346 774 1373 vini
798 1346 954 1380 generibus,
972 1353 1003 1373 ac
1025 1345 1059 1373 de

271 1391 417 1419 metallicis
440 1398 499 1425 qua:
516 1390 701 1423 nominantur,
715 1390 821 1417 abunde
843 1395 941 1418 tractat
955 1395 984 1418 et
999 1390 1059 1425 plu-

271 1437 414 1468 rimorum,
436 1436 469 1463 de
495 1435 593 1470 quibus
620 1435 711 1463 dicere
738 1436 906 1468 instituerat,
933 1435 1057 1470 ﬁguram,

274 1489 409 1515 naturam,
427 1487 505 1510 ortus
520 1482 619 1514 Iocmn,
644 1490 698 1517 quo
724 1483 884 1516 investigata
912 1483 992 1510 citius
1012 1490 1060 1510 co-

273 1533 448 1565 gnoscantur,
477 1533 604 1556 accurate
627 1529 766 1556 describit.
796 1528 905 1556 Parcius
931 1530 1060 1556 duntaxat

274 1583 353 1604 usum
370 1576 409 1602 rei
438 1575 578 1610 cujusque,
603 1575 745 1609 minusque
770 1580 895 1602 accurate
918 1576 1058 1602 historiam

273 1623 394 1650 ascribit.
410 1621 540 1649 Vinorum
566 1621 627 1648 item
643 1621 748 1648 varium
770 1621 796 1648 in
816 1621 858 1649 his
874 1621 964 1656 prodit
977 1630 1059 1656 appa-

272 1673 372 1694 ratum.
399 1667 483 1694 Sexto
515 1673 605 1694 autem
640 1667 709 1694 libro
736 1667 770 1694 de
794 1667 827 1694 its
856 1667 1060 1694 medicamentis

273 1712 393 1745 disserit,
406 1719 465 1747 quae
479 1717 524 1738 aut
541 1712 622 1738 noxia
638 1717 712 1744 sunt,
729 1717 776 1739 aut
786 1712 925 1739 salutaria.
939 1712 1060 1746 Septimo

273 1759 391 1793 denique
408 1764 436 1785 et
457 1758 536 1792 hujus
559 1758 648 1792 operis
664 1757 719 1792 (I8)
744 1758 850 1789 ultimo,
865 1762 1060 1785 venenatorum

273 1805 451 1832 animantium
467 1804 605 1831 historiam
625 1803 729 1836 scribit,
754 1811 786 1831 ac
809 1811 858 1838 per
873 1810 995 1837 quamam
1015 1804 1061 1837 qui

275 1851 301 1878 in
313 1851 408 1877 horum
425 1849 533 1884 aliquod
554 1849 708 1881 inciderint,
723 1854 769 1875 aut
784 1849 931 1884 perfectam
950 1850 1062 1877 medici-

275 1904 350 1928 nam,
366 1901 413 1923 aut
428 1895 559 1930 quidquid
575 1895 671 1922 saltent
695 1895 782 1922 solatii
799 1895 889 1923 aﬂ‘erri
903 1897 996 1930 possit,
1017 1904 1062 1922 re-

275 1942 392 1976 periant.
412 1941 500 1974 Atque
528 1941 571 1968 hic
599 1940 673 1974 operi
700 1941 762 1968 ltnic
784 1948 880 1976 scopas
904 1942 1060 1976 pra-ﬁgitur.

278 1987 354 2020 Quod
374 1988 548 2014 utilissimum
576 1994 643 2014 sane
656 1990 708 2020 est,
739 1994 791 2014 non
818 1987 928 2015 medica:
956 1991 1062 2015 tantum

275 2031 400 2060 facultati
432 2032 542 2064 deditis,
576 2038 668 2058 verum
697 2031 778 2059 etiam
808 2032 1001 2066 philosophiae
1029 2039 1062 2059 ac

276 2079 393 2114 physica:
417 2078 594 2113 speculationi
618 2078 739 2105 intentis.
765 2077 825 2105 .Iam
843 2083 976 2113 quotquot
1002 2083 1063 2113 post

278 2124 351 2150 illum
367 2124 399 2151 de
424 2123 590 2157 simplicibus
614 2123 818 2150 medicamentis
843 2123 986 2157 scripsisse
1011 2124 1061 2151 visi

275 2175 350 2202 Sunt,
377 2169 421 2196 alii
441 2169 539 2196 librum
565 2169 637 2195 hunc
661 2169 792 2196 duntaxat
822 2169 1059 2203 transcripserunt,

1102 247 1229 274 πλεῖστον
1246 247 1381 282 περιόδοις
1399 248 1446 274 καὶ
1460 247 1648 283 παρεμϐολαῖς
1668 247 1903 282 ἀλλεπαλλὴλοις,

1101 294 1135 321 δι’
1152 290 1189 321 ὧν
1201 295 1248 321 καὶ
1267 295 1308 326 εἰς
1320 295 1452 328 μήκιστον
1467 295 1480 320 ὁ
1495 293 1556 325 νοῦς
1570 293 1741 320 ἀποτείνεται
1756 293 1811 320 τῶν
1825 302 1905 328 προ-

1103 341 1249 376 κειμένων,
1263 341 1323 372 ταίς
1337 349 1366 367 τε
1385 340 1440 367 τῶν
1458 340 1597 374 ὀνομάτων
1620 339 1749 373 πλαγίαις
1767 340 1815 366 καὶ
1832 343 1905 371 ταῖς

1104 388 1262 422 μετοχικαῖς
1277 386 1366 420 λέξεσι
1382 386 1551 417 πλεονάζειν,
1567 385 1601 412 τὰ
1615 386 1685 412 αὑτά
1708 394 1737 412 τε
1761 386 1907 417 πολλάκις

1103 432 1151 458 καὶ
1167 432 1227 458 οὐδὲ
1243 431 1291 458 σὺν
1309 431 1404 466 κόσμῳ
1421 431 1632 463 ἐπανακυκλείν,
1650 431 1696 457 καὶ
1715 430 1764 462 τὰς
1786 432 1906 457 ἐπανα-

1104 478 1200 512 λήψεις
1217 477 1299 503 πλέον
1317 477 1370 503 τῶν
1384 477 1536 511 διηγήσεων
1556 477 1634 511 (ὅπερ
1650 476 1779 511 ἀμέθοδον
1790 485 1906 502 παντε-

1103 523 1169 558 λῶς)
1187 524 1247 554 ταῖς
1260 523 1438 558 περιστάσεσι
1456 522 1658 557 μεμεστῶσθαι,
1672 522 1719 548 καὶ
1732 523 1786 553 τοῖς
1805 522 1906 548 τοιού-

1104 578 1162 600 τοις
1176 569 1226 595 οὐκ
1240 569 1329 602 ὀλίγον
1340 569 1422 604 ζόφον
1432 569 1487 595 τῶν
1506 569 1590 595 αὐτοῦ
1607 568 1778 603 γραμμάτων
1809 576 1907 594 κατα-

1107 615 1243 646 σκεδάζει.
1262 615 1354 642 Ἐοικε
1374 615 1402 642 δὲ
1414 614 1629 649 φιλοπονώτερον
1656 613 1719 648 περὶ
1741 612 1789 648 τὴν
1818 614 1906 646 ἱερὰν

1104 662 1184 697 ἡμῶν
1198 661 1244 688 καὶ
1259 661 1336 688 θείαν
1348 661 1458 696 Γραφὴν
1471 661 1638 695 διατεθῆναι,
1650 660 1674 686 εἰ
1685 659 1732 686 καὶ
1742 659 1771 686 ὲν
1785 659 1906 690 πολλοῖς

1106 707 1293 742 παρασύρεται
1304 707 1354 741 τῆς
1366 705 1506 741 ἀληθείας.

1424 796 1512 822 POH'.

1257 842 1451 876 Διοσκορίδου
1464 841 1531 876 Περὶ
1542 842 1619 874 ὕλης
1633 843 1718 876 ,λόγοι
1734 840 1765 872 ζ’.

1149 889 1318 924 Ἀνεγνὼσῦη
1335 889 1506 923 Διοσκορίδου
1523 888 1590 920 Περὶ
1603 888 1676 920 ὕλης
1697 887 1798 922 βιϐλίον
1817 886 1841 918 ζ’
1856 886 1908 912 λό-

1107 943 1166 969 γοις
1183 935 1354 972 διῃρημένον.
1376 935 1419 961 Ἐν
1437 934 1486 969 μὲν
1501 933 1547 960 οὖν
1560 935 1616 965 τοῖς
1632 933 1652 959 ε’
1668 933 1730 968 περί
1750 941 1780 958 τε
1814 932 1909 966 βοτα-

1107 982 1161 1008 νῶν
1177 982 1223 1009 καὶ
1238 982 1329 1016 φυτῶν
1339 981 1516 1016 διαλαμϐάνει
1527 981 1680 1016 ἀρωμάτων
1693 989 1721 1007 τε
1736 980 1781 1006 καὶ
1795 988 1909 1006 exeunte

1109 1028 1170 1060 σίας
1187 1028 1285 1054 ἐλαίων
1305 1027 1352 1054 καὶ
1371 1027 1476 1062 μύρων,
1496 1027 1543 1052 καὶ
1567 1026 1598 1060 δὴ
1618 1026 1664 1052 καὶ
1686 1025 1763 1056 ζώων
1779 1026 1828 1051 καὶ
1848 1026 1910 1059 τῆς

1108 1075 1163 1101 ἀπὸ
1191 1074 1246 1100 τῶν
1272 1075 1301 1100 ὲν
1329 1073 1421 1104 αὐτοῖς
1447 1072 1548 1106 μορίων
1577 1072 1720 1105 ὠφελείας,
1749 1071 1818 1097 ἀλλὰ
1853 1072 1910 1097 καὶ

1107 1121 1224 1156 δένδρων
1241 1120 1288 1146 καὶ
1301 1119 1375 1145 ὀπῶν
1390 1119 1438 1145 καὶ
1452 1118 1588 1153 δακρύων,
1605 1118 1643 1144 ἔτι
1666 1117 1694 1144 δὲ
1718 1117 1827 1152 μέλιτος
1854 1119 1909 1144 καὶ

1109 1166 1246 1200 γάλακτος
1261 1166 1308 1192 καὶ
1325 1165 1446 1197 στέατος,
1462 1166 1510 1191 καὶ
1523 1165 1576 1190 τῶν
1589 1165 1761 1198 καλουμένων
1775 1173 1835 1198 cur,
1843 1166 1909 1199 ρῶν

1108 1213 1156 1238 καὶ
1174 1211 1336 1246 λαχανικῶν,
1351 1211 1433 1245 ῥιζῶν
1449 1219 1478 1237 τε
1492 1211 1526 1243 ",
1540 1210 1630 1243 φυτῶν
1651 1210 1698 1236 καὶ
1719 1209 1829 1244 θάμνων
1856 1212 1910 1236 καὶ

1110 1255 1240 1290 βοτανῶν,
1267 1255 1316 1281 ὅσα
1341 1263 1372 1281 τε
1395 1254 1486 1281 αὐτῶν
1511 1254 1542 1280 τὸ
1560 1254 1679 1289 χύλισμα
1707 1254 1745 1283 εἰς
1771 1254 1910 1288 ῑατρικὴν

1109 1301 1204 1337 χρείαν
1217 1300 1359 1326 συντελοῦν
1375 1299 1461 1334 ἔχειή
1481 1299 1527 1325 τὸν
1547 1299 1652 1333 καρπόν
1667 1306 1674 1313 ο
1699 1297 1763 1333 [⁸208
1790 1297 1838 1333 IL]
1873 1300 1909 1325 cf;

1111 1347 1163 1382 μὴν
1176 1346 1244 1373 ἀλλὰ
1258 1347 1304 1373 καὶ
1316 1346 1380 1381 περὶ
1392 1345 1470 1372 οἴνων
1485 1346 1532 1372 καὶ
1541 1345 1595 1371 τῶν
1607 1344 1781 1378 καλουμένων
1794 1345 1910 1379 μεταλ-

1109 1393 1195 1420 λικῶν
1209 1394 1251 1427 ἐφ’
1265 1393 1356 1419 ἱκανὸν
1369 1392 1558 1426 διαλαμϐάνει.
1574 1391 1628 1417 Καὶ
1640 1391 1693 1416 τῶν
1704 1399 1735 1424 γε
1747 1391 1908 1422 πλείστων,

1110 1436 1147 1466 ὧν
1164 1438 1296 1475 προῡϐετο
1316 1438 1416 1472 λέγειν,
1439 1436 1508 1469 εἶδός
1523 1445 1552 1465 τε
1574 1437 1622 1464 καὶ
1646 1436 1726 1470 φύσιν
1744 1437 1790 1463 καὶ
1814 1437 1908 1464 τόπον

1110 1486 1244 1521 γενέσεως
1260 1487 1299 1517 είς
1318 1485 1349 1512 τὸ
1368 1484 1481 1519 ἀκριϐὲς
1493 1484 1560 1518 πρὸς
1576 1483 1723 1516 ἐπίγνωσιν
1738 1482 1785 1508 τοῦ
1798 1483 1909 1516 ζητου-

1073 1546 1094 1575 c
1111 1533 1191 1568 μένου
1207 1532 1358 1567 ἀναγράφει
1369 1538 1376 1547 ⁸
1392 1531 1436 1557 ἐπ’
1454 1530 1564 1557 ἔλαττον
1585 1529 1614 1556 δὲ
1631 1530 1680 1565 τὴν
1698 1529 1791 1564 χρείαν
1813 1529 1910 1563 μόνην

1110 1579 1126 1614 ἢ
1147 1579 1198 1605 οὐκ
1223 1578 1326 1613 ἀκριϐῆ
1345 1577 1395 1611 τὴν
1425 1576 1544 1611 ἱστορίαν
1568 1575 1732 1610 ὑπογράφει.
1756 1575 1846 1600 Οἰνων
1877 1576 1910 1602 δὲ

1110 1625 1255 1660 διαφόρους
1286 1615 1471 1658 παραδίδωσιν
1500 1623 1529 1648 ὲν
1553 1621 1659 1651 τούτοις
1689 1621 1836 1651 σκευασίας
1870 1623 1909 1647 ²¹.

1111 1670 1172 1706 [401
1187 1669 1234 1705 IL]
1255 1669 1299 1695 Ἐν
1315 1669 1406 1703 μέντοι
1420 1667 1459 1702 τῷ
1473 1670 1499 1698 ς’
1514 1667 1578 1702 περὶ
1594 1666 1747 1702 φαρμάκων
1758 1666 1909 1697 διέξεισιν,

1110 1717 1160 1743 ὃσα
1173 1716 1203 1742 τέ
1215 1717 1272 1741 ἐστι
1283 1714 1336 1740 τῶν
1350 1714 1520 1748 δηλητηρίων
1534 1713 1580 1738 καὶ
1590 1713 1639 1738 ὅσα
1650 1712 1703 1737 τῶν
1715 1711 1908 1743 ἀλεξικάκων·

1111 1763 1140 1788 ὲν
1156 1761 1185 1788 δὲ
1196 1760 1235 1796 τῷ
1253 1761 1275 1793 ζ’
1294 1760 1402 1794 καὶτῆς
1416 1759 1480 1793 ὅλης
1501 1758 1656 1794 προθέσεως
1669 1757 1816 1792 τελευταίῳ
1833 1767 1871 1783 πε
1878 1759 1908 1793 ρὶ

1111 1807 1165 1834 τῶν
1195 1806 1303 1833 ἰοϐόλων
1327 1805 1404 1838 ζώων
1430 1807 1480 1839 τὴν
1506 1804 1627 1838 ἱστορίαν
1652 1805 1780 1835 ποιεῖται,
1803 1800 1847 1834 οἷς
1876 1813 1908 1830 τε

1111 1852 1137 1878 οἱ
1161 1851 1401 1886 περιπεπτωκότες
1421 1851 1474 1877 τινὶ
1494 1849 1599 1876 τούτων
1613 1849 1662 1884 τὴν
1676 1848 1793 1884 δυνατὴν
1811 1857 1910 1885 παρα-

1113 1897 1214 1933 μυθίαν
1228 1897 1244 1932 ἢ
1259 1898 1306 1923 καὶ
1320 1896 1426 1923 τελείαν
1446 1896 1595 1931 εὑρήσουσι
1613 1894 1772 1929 θεραπείαν.
1801 1893 1832 1920 '0
1854 1896 1911 1929 μὲν

1112 1943 1158 1970 οὖν
1171 1943 1281 1977 σύμπας
1295 1942 1342 1968 τοῦ
1360 1941 1463 1977 βιϐλίου
1480 1942 1580 1974 σκοπὸς
1597 1939 1684 1972 οὗτος,
1707 1941 1847 1976 χρήσιμον
1879 1941 1910 1967 δὲ

1112 1988 1143 2016 τὸ
1161 1988 1262 2024 βιϐλίον
1281 1989 1311 2015 οὐ
1340 1989 1408 2023 πρὸς
1431 1989 1556 2023 ἰατρικὴν
1576 1987 1733 2021 φιλοπονίαν
1758 1986 1782 2002 ’³
1809 1986 1910 2020 μόνην,

1112 2035 1181 2062 ἀλλὰ
1196 2035 1327 2069 καὶπρὸς
1344 2034 1523 2069 ὲμφιλόσοφον
1550 2034 1597 2060 καὶ
1624 2032 1742 2067 φυσικὴν
1771 2031 1910 2066 Θεωρίαν.

1113 2080 1168 2106 Καὶ
1176 2080 1232 2106 ὅσοι
1247 2080 1275 2106 δὲ
1292 2080 1350 2114 μετ’
1362 2079 1445 2106 αὑτὸν
1460 2079 1524 2113 περὶ
1532 2078 1626 2105 ἁπλῶν
1638 2076 1793 2112 φαρμάκων
1809 2076 1912 2108 ἔδοξαν

1113 2124 1240 2159 γράφειν,
1257 2125 1281 2150 οι
1298 2124 1347 2158 μὲν
1362 2123 1536 2158 μετέγραψαν
1555 2123 1634 2156 μόνον
1653 2122 1683 2147 τὸ
1698 2120 1813 2156 βιϐλίον,
1835 2122 1863 2146 οἱ
1882 2122 1910 2147 δὲ

1117 2167 1177 2194 οὐδὲ
1191 2168 1243 2194 κᾶν
1255 2169 1287 2203 τῇ
1306 2169 1467 2202 μεταγραφῇ
1486 2167 1508 2182 ³⁸
1527 2166 1557 2193 τὺ
1570 2165 1684 2201 ἀκριϐὲς
1703 2164 1837 2190 διασῶσαι
1855 2174 1911 2191 περ

278 2215 338 2242 aliis
361 2221 395 2242 ne
417 2215 443 2242 in
469 2216 526 2249 ipsa
549 2214 660 2248 quidem
688 2223 736 2242 sua
751 2213 900 2248 scriptione
925 2215 1058 2242 accnratio

1116 2214 1300 2249 φροντίκασιν,
1315 2213 1382 2240 ἀλλὰ
1406 2213 1454 2239 καὶ
1476 2214 1499 2229 ’⁸
1521 2213 1670 2246 κατέτεμον
1696 2210 1726 2237 τὸ
1753 2210 1910 2246 ὁλόκληρον

277 2268 350 2288 curze
371 2260 438 2292 fuit;
458 2260 505 2287 sed
531 2260 684 2286 universam
713 2261 745 2287 de
768 2260 882 2294 singulis
910 2259 1060 2287 doctrinam

277 2308 489 2342 discerpserunt,
512 2306 575 2333 dum
605 2305 734 2337 formam,
750 2311 877 2332 naturam
917 2311 945 2333 et
971 2310 1061 2333 ortum

278 2352 441 2387 simplicium
461 2351 575 2379 seorsim
604 2350 756 2385 colligunt,
772 2350 939 2384 seorsimque
954 2358 1061 2378 rursutn

279 2407 311 2426 ac
326 2399 432 2426 divisim
450 2405 527 2424 nsum
556 2402 583 2424 et
595 2397 737 2424 utilitatem
754 2396 934 2430 perscribunt.
945 2395 1063 2423 Alexan-

278 2445 327 2471 der
354 2442 594 2480 [Aphrodisiensis]
621 2450 697 2473 vero,
714 2441 812 2468 Paulus
836 2441 1063 2477 [/Egincta].lte-

280 2491 343 2522 tius,
360 2489 516 2523 similesque
529 2496 562 2515 ne
576 2488 669 2515 forum:
683 2487 791 2521 quidem
811 2488 941 2514 rationem
962 2487 1062 2514 habue-

279 2541 361 2564 runt:
383 2535 430 2562 sed
448 2534 532 2561 solius
556 2541 621 2561 usus
643 2541 747 2560 summa
774 2533 906 2560 duntaxat
921 2532 1001 2560 veluti
1017 2541 1062 2560 ca-

1112 2261 1162 2296 τῆς
1175 2260 1239 2295 περὶ
1255 2260 1369 2286 ἑκάστου
1389 2259 1575 2290 διδασκαλίας,
1593 2259 1677 2293 χωρὶς
1696 2258 1745 2292 μὲν
1764 2255 1835 2288 εἶδος
1859 2259 1909 2283 καὶ

1115 2307 1196 2341 φύσιν
1214 2307 1260 2333 καὶ
1271 2306 1379 2340 γένεσιν
1391 2305 1444 2332 τῶν
1461 2305 1553 2331 ἁπλῶν
1574 2304 1791 2339 συναγείροντες,
1817 2307 1908 2338 χωρές

1113 2353 1142 2379 δὲ
1162 2352 1210 2379 καὶ
1230 2352 1441 2387 μεμερισμένως
1452 2351 1500 2386 τὴν
1522 2350 1617 2385 χρείαν
1634 2349 1681 2376 καὶ
1696 2349 1834 2384 ὠφέλειαν
1846 2349 1910 2375 δια.

1114 2397 1276 2433 γράφοντες.
1302 2397 1474 2432 Ἀλέξανδρος
1488 2396 1517 2422 δὲ
1537 2396 1586 2422 καὶ
1601 2395 1706 2426 Παῦλος
1726 2395 1774 2421 καί
1800 2395 1909 2422 ’Λὲτιηζ

1116 2443 1165 2470 καὶ
1179 2444 1203 2469 οἱ
1215 2443 1331 2469 τοιοῦτοι
1351 2443 1411 2469 οὐδὲ
1427 2442 1473 2468 τοῦ
1492 2441 1578 2472 εἴδους
1594 2441 1672 2474 λόγον
1694 2440 1797 2472 ἔθεντο,
1819 2441 1910 2475 μόνην

1115 2489 1143 2515 δὲ
1171 2489 1220 2524 τὴν
1243 2489 1336 2524 χρείαν
1353 2488 1609 2524 ἀκρωτηριάσαντες
1631 2488 1687 2517 τοῖς
1707 2485 1782 2517 ἰδίοις
1803 2488 1910 2513 συντά-

1115 2543 1217 2570 γμασιν
1234 2535 1405 2566 ὲναπέθεντο,
1421 2534 1445 2561 εί
1462 2535 1508 2560 καὶ
1525 2533 1623 2568 Παύλῳ
1632 2533 1662 2559 οὐ
1680 2532 1758 2567 μόνον
1774 2532 1853 2558 οὐδὲν
1871 2530 1912 2559 ὧν

896 2597 1015 2626 ἻΔΒΙᾹΞ
1042 2599 1248 2630 LECTIONES.

696 2644 719 2660 "
737 2644 930 2675 διασκευασίας
943 2653 973 2675 ς.

327 2648 348 2664 ²¹
363 2655 392 2673 τε
406 2646 449 2682 φ.]
462 2655 491 2672 τε
506 2646 554 2672 καὶ
569 2653 598 2678 φ.
613 2653 644 2676 ς.
696 2646 719 2660 ¹¹
737 2646 930 2675 διασκευασῐας
943 2653 973 2675 ς.

344 2683 374 2706 τὺ
395 2683 506 2706 ἀκοιὸὲε
522 2681 727 2706 πεωοονήκασιν
742 2688 771 2706 ς.
810 2680 832 2696 ’⁸
848 2679 896 2706 καὶ
912 2679 975 2706 add.
989 2679 1023 2706 A.

282 2691 326 2710 σαι
344 2683 374 2709 τὺ
395 2681 506 2716 ἀκριϐὲς
522 2681 727 2715 πεφρονήκασιν
742 2688 771 2711 ς.

1031 2646 1053 2661 ⁸³
1074 2647 1231 2680 φιλοπονίαν
1246 2647 1268 2673 Λ
1281 2656 1288 2673 ι
1306 2646 1462 2681 φιλοσοφίαν
1477 2655 1506 2677 ς.

1554 2645 1576 2662 ιδ
1589 2647 1622 2680 τῇ
1636 2646 1728 2680 γραφῇ
1745 2646 1765 2671 Α
1781 2653 1789 2670 :
1805 2644 1910 2670 διασῶ-

1033 2733 1150 2760 ΝΟΤΛΕ.

316 2785 372 2819 (Π)
389 2784 423 2812 Ut
438 2783 499 2811 libri
512 2783 584 2819 editi
594 2786 798 2819 repraesentant.

316 2815 371 2854 (I9)
388 2821 444 2853 Ipse
468 2815 647 2854 Dioscorides,
663 2817 722 2854 libri
747 2825 772 2843 vt
801 2815 937 2854 Prommio
962 2819 1067 2854 sex_tnm

283 2850 368 2890 Ipsum
385 2850 486 2882 diserte
504 2854 599 2881 statuit
621 2853 669 2887 τῆς
689 2851 751 2886 ὅλης
769 2851 957 2887 πραγματείας
975 2850 1068 2876 τελευ-

1123 2781 1209 2806 ταίον.
1228 2779 1377 2813 Septimum
1393 2785 1483 2807 autem
1497 2782 1567 2806 Intnc
1585 2780 1611 2806 in
1629 2780 1696 2807 duos
1709 2780 1790 2807 modo
1806 2781 1909 2809 distra—

1122 2820 1196 2842 ctum
1209 2815 1293 2842 libros
1313 2816 1340 2842 in
1356 2815 1471 2851 vulgatis
1487 2814 1685 2850 exemplaribus
1699 2815 1833 2844 videmus.
