1923 3091
58 147 106 180 521

457 148 726 180 BIBLIOTHECA.
743 160 779 166 -
797 148 906 178 CODD.
929 148 1110 185 CLXXVIII,
1132 148 1285 178 CLXXIX.

1648 147 1700 180 522

58 203 251 240 Διοσκουρίδης
276 201 337 230 εἷπε
355 203 404 238 τῆς
428 203 523 239 χρείας
545 204 686 239 παρεῖται,
710 202 778 230 ἀλλὰ
806 202 854 229 καὶ

916 203 959 229 lita
979 202 1108 236 libantes,
1131 203 1188 230 suis
1213 209 1244 229 ea
1271 201 1380 237 scriptis
1404 201 1589 230 inseruerunt.
1606 204 1699 237 Quan-

58 247 94 278 ὥν
107 251 212 281 ἐκεῖνος
228 249 278 276 οὐκ
293 249 429 285 ἐμνήσθη,
447 250 498 275 οὐκ
519 249 619 284 ὀλίγων
635 250 659 265 ¹⁶
676 250 692 285 ἡ
708 249 788 285 χρεία
808 249 856 275 καὶ

58 296 239 331 τὸ⁴ὠφέλιμον
249 295 444 330 συνηθροῖσθαι
456 295 500 321 ¹“·.
510 295 612 326 ’Δέτιος
623 295 651 322 δὲ
665 295 734 329 μετὰ
743 294 790 321 τοῦ
801 303 855 329 μη-

58 343 101 369 δὲν
113 342 284 377 προσθεῖναι.
302 341 349 367 καὶ
368 341 456 368 πολλὰ
471 337 509 368 ὧν
522 341 714 376 Διοσκουρίδης
737 340 856 376 ἔγραψεν

59 388 109 414 οὐκ
123 384 182 414 οἴδα
196 386 255 413 ἀνθ’
279 387 340 413 ὅτου
362 386 514 421 παρῆλθεν.
545 387 615 414 Ἀλλ’
634 387 688 414 οὐδ’
715 387 729 413 ὁ
753 387 856 414 τούτων

57 433 144 461 δοκῶν
161 431 231 459 εἶναι
249 432 504 469 πλατυντικώτερος
518 434 540 450 ’⁷
562 433 716 468 Ὀριὸάσιος
735 432 855 466 ἅπαντα,

58 480 129 506 ὅσων
146 479 259 514 μνήμην
273 479 337 514 ἔσχε
350 479 554 514 Διοσκουρίδης,
570 481 599 507 ὲν
616 481 677 511 ταῖς
691 480 770 511 ίδίαις
792 489 856 506 συν-

59 527 182 559 αγωγαῖς
203 524 390 560 ἀνεγράψατο,
409 524 478 551 ἀλλὰ
500 526 547 552 καὶ
563 526 614 560 τὴν
637 525 732 560 χρείαν
751 524 799 551 τοῦ
818 525 856 551 εί-

57 571 120 602 δους
134 571 182 598 καὶ
197 571 248 606 τῆς
267 563 380 605 φύσεως
392 570 501 606 ἔτεμεν.
522 571 577 598 Καὶ
592 570 712 606 Γαληνὸς
726 571 796 605 μετὰ
809 570 856 597 τοῦ

59 618 175 645 πλεῖστα
187 617 242 644 τῶν
257 617 378 652 βοτανῶν
391 617 567 653 παραλιπεῖν,
585 617 669 652 μόνην
683 616 733 652 τὴν
743 616 857 651 δύναμιν

58 665 120 700 ἦτοι
136 664 188 698 τὴν
208 663 307 699 χρῆσιν
327 664 375 690 καὶ
396 660 434 690 ὧν
450 663 655 698 ἐμνημόνευσεν
672 662 788 698 ἔγραφε,
803 661 856 697 ψυ-

57 711 128 745 χρὰν
142 709 234 736 αἰτίαν
243 709 290 736 τοῦ
303 709 482 745 παραλιπεῖν,
494 706 564 741 εἶδός
575 718 604 735 τε
617 708 664 735 καὶ
675 710 756 743 φύσιν
767 707 857 734 αὐτῶν

56 755 259 787 ἀποδεδωκώς’
280 755 368 782 καίτοι
389 756 453 791 περὶ
467 755 523 782 τῶν
548 754 719 790 μεταλλικῶν
742 753 857 789 διαλαμ-

61 803 165 835 ϐάνων,
180 802 229 829 καὶ
244 802 456 837 περιεργότερον
471 801 489 838 ἢ
507 801 578 828 κατὰ
598 800 791 835 Διοσκουρίδην
814 800 855 827 δι-

56 849 172 880 έλαϐεν,
199 849 251 875 οὐκ
267 848 402 884 ἐλαχίστῳ
428 847 506 882 μέρει
527 846 652 874 οὐδὲτοῦ
670 845 806 882 χρησίμου
828 847 857 872 ὲν

57 895 167 926 τούτοις
185 894 230 922 τὸν
247 894 331 930 ἄνδρα
351 893 652 930 παρευδοκιμούμενος,
671 893 720 919 οὐκ
735 893 780 919 ἐπὶ
794 900 857 919 τοσ-

57 941 140 969 οῦτον
159 941 190 968 δὲ
205 941 249 975 ἐφ’
263 942 325 968 ὅσον
352 941 417 976 περὶ
440 939 496 967 τῶν
522 939 642 975 βοτανῶν
663 938 736 974 λόγῳ
761 940 859 974 ὁρᾶται

57 987 157 1014 τούτου
172 986 400 1021 ἀπολειπόμενος.
422 985 515 1017 Ὥστε,
542 985 592 1012 ὅσα
615 993 646 1019 γε
672 984 723 1019 ἐμὲ
748 984 858 1016 ειδέναι,

58 1035 100 1066 εἰς
116 1033 269 1068 ἐπίγνωσιν
292 1033 380 1064 είδους
398 1041 430 1059 τε
449 1032 497 1058 καὶ
517 1031 626 1065 φύσεως
652 1032 700 1058 καὶ
724 1030 859 1064 γενέσεως

57 1080 111 1108 οὐκ
125 1080 150 1096 ³³
167 1079 203 1107 ἄν
218 1088 260 1110 τις
270 1078 485 1115 χρειωδεστέρου
499 1078 515 1113 ἢ
531 1077 723 1113 Διοσκουρίδου
736 1075 823 1112 τύχοι.

97 1171 180 1197 Ἐστι
193 1169 222 1196 δὲ
235 1169 250 1195 ὸ
266 1169 347 1204 ἀνὴρ.
371 1169 409 1200 ὡς
423 1167 471 1195 καὶ
484 1167 604 1202 Γαληνὸς
630 1164 859 1201 ὲπιμαρτύρεται,

66 1215 256 1253 ’Δναζαρὸεύς
271 1224 278 1232 ·
295 1216 351 1250 ἐγὼ
377 1215 406 1242 δὲ
433 1215 558 1250 ἐνέτυχόν
586 1223 656 1240 τισιν
681 1213 705 1240 οῖ
731 1213 861 1240 Πεδάνιον

60 1264 122 1299 ἅμα
141 1264 191 1290 καὶ
211 1262 382 1298 Ἀναςαρὸἑα
400 1263 423 1279 ²⁹
437 1263 498 1293 ταῖς
513 1261 682 1296 ἐπιγραφαῖς
698 1260 861 1287 ἐπεκάλουν.

63 1309 180 1337 Πολλῶν
196 1309 225 1336 δὲ
236 1309 284 1337 καὶ
298 1308 352 1344 πρὸ
371 1307 455 1335 αὐτοῦ
474 1308 524 1343 τὴν
542 1307 628 1342 αὐτὴν
643 1306 773 1333 ὑπόθεσιν
795 1314 862 1340 συγ-

59 1357 257 1392 γεγραφότων,
286 1355 483 1390 ἀκριῦέστερος
502 1354 633 1382 ἁπάντων
647 1353 670 1369 ³⁰
692 1354 740 1380 καὶ
766 1362 865 1388 χρειω-

60 1404 194 1440 δέστερος
211 1403 295 1439 πείρᾳ
310 1403 488 1437 γινώσκεται.

423 1447 508 1474 ΡΟΘ¹.

275 1494 415 1530 Ἀγαπίου
430 1493 514 1528 λόγοι
529 1496 554 1527 γ’
571 1492 620 1519 καί
633 1495 670 1519 κ’.

907 256 989 282 quam
1011 247 1111 275 Paulus
1136 256 1188 275 non
1216 248 1302 275 solum
1326 255 1431 281 eorum,
1451 257 1511 283 qua:
1528 249 1701 278 Dioscorides

908 293 1031 327 tradidit,
1057 301 1135 321 usum
1159 293 1271 322 minime
1298 294 1402 326 omisit,
1429 295 1476 322 scd
1496 299 1524 322 et
1540 296 1700 330 multorum,

907 348 1022 376 quorum
1042 340 1086 367 ille
1107 348 1161 367 non
1176 341 1318 373 meminit,
1336 349 1415 368 usum
1437 341 1637 376 utilitatemque
1653 351 1686 370 ac

907 386 1038 414 cumulat.
1057 387 1154 414 Aetius
1177 394 1242 414 vero
1265 392 1446 422 praeterquam
1468 388 1538 422 quod
1562 388 1628 415 nihil
1644 389 1700 423 ipse

908 433 999 465 addat,
1022 433 1104 460 multa
1130 433 1253 468 insuper,
1279 441 1339 468 qua;
1357 434 1527 461 Dioscorides
1541 435 1699 469 scripserat,

908 480 1001 506 nescio
1021 487 1075 514 quo
1102 479 1217 506 consilio
1242 480 1424 514 pra-termistt.
1456 479 1492 507 At
1520 488 1608 515 neque
1638 480 1702 508 Ori-

908 525 1011 558 basius,
1024 525 1069 560 qui
1085 526 1128 553 his
1144 526 1271 553 omnibus
1295 526 1404 553 ubcri0r
1421 533 1481 553 esse
1493 526 1625 559 videatur,
1641 534 1701 553 om-

910 572 953 599 nia
971 579 1086 607 quorum
1113 571 1288 599 Dioscorides
1316 571 1453 603 meminit,
1478 571 1505 598 in
1532 580 1580 598 sua
1609 572 1702 599 retulit

908 618 1091 651 collectanea;
1108 618 1155 645 sed
1174 625 1252 645 usum
1265 626 1279 644 a
1296 617 1382 645 forma
1400 622 1550 652 naturaque
1561 617 1701 651 disjunxit.

907 662 1027 692 Galenus
1043 663 1140 699 125a
1161 664 1225 691 item
1243 672 1304 691 cum
1326 664 1471 691 herbarum
1498 664 1579 691 multa
1603 672 1701 699 genera

909 710 1045 742 omiserit,
1079 709 1234 737 facultatem
1260 712 1402 743 duntaxat,
1427 715 1474 736 aut
1495 717 1573 736 usum
1598 717 1702 743 earum,

909 763 1025 790 quarum
1042 757 1151 790 quidem
1179 757 1313 788 meminit,
1341 757 1498 791 descripsit,
1523 757 1620 792 frigida
1636 764 1704 783 sane

909 810 1002 834 causa,
1020 810 1069 830 cur
1094 803 1190 829 harum
1208 808 1235 829 et
1258 803 1384 838 figuram,
1404 808 1431 830 et
1449 807 1573 830 naturam
1592 808 1704 837 praeter-

911 850 1026 880 miserit.
1050 849 1142 877 allata.
1169 849 1225 876 Etsi
1252 850 1285 876 de
1309 849 1453 876 metallicis
1481 849 1616 877 curiosius
1639 856 1705 877 sane

910 903 990 930 quam
1005 895 1180 922 Dioscorides
1200 895 1266 930 egit,
1291 903 1342 921 non
1372 895 1482 922 minima
1506 903 1540 922 ex
1565 901 1653 930 parte,
1677 902 1706 923 et

910 942 1018 975 quidem
1042 941 1112 973 utili,
1135 941 1222 967 virum
1250 941 1324 967 illum
1346 949 1490 974 superans,
1516 950 1568 968 non
1584 944 1651 969 adeo
1663 947 1705 969 ta-

911 995 983 1018 tuen,
1000 992 1131 1022 quantum
1152 987 1297 1014 herbarum
1318 987 1413 1014 abillo
1434 996 1515 1015 causa
1539 989 1609 1015 vinci
1622 990 1704 1016 vicis-

910 1034 961 1060 sim
976 1033 1091 1060 videtur.
1108 1033 1289 1066 Quamobrem
1307 1041 1367 1060 mea
1388 1034 1496 1068 quidem
1509 1035 1655 1067 sententia,
1671 1035 1704 1062 ad

911 1080 1014 1115 ﬁgurae,
1026 1085 1141 1111 naturae.
1158 1084 1239 1114 atque
1254 1085 1332 1107 ortus
1358 1080 1577 1115 intelligentiam,
1596 1081 1707 1109 Diosco-

911 1127 970 1153 ride
986 1133 1065 1153 nemo
1080 1125 1160 1153 facile
1175 1125 1267 1152 utilior
1285 1126 1450 1153 inveniatur.

948 1169 1072 1206 scriptor
1104 1171 1160 1203 hic,
1188 1176 1217 1198 ut
1243 1175 1271 1198 et
1299 1172 1418 1206 Galenus
1448 1173 1504 1207 (l9)
1532 1173 1703 1206 testiﬁcatur.

913 1219 1114 1246 Auazarbensis
1144 1224 1196 1246 est.
1222 1218 1306 1246 Incidi
1336 1223 1426 1246 tamen
1452 1220 1597 1254 aliquando
1615 1220 1641 1246 iu
1659 1228 1707 1247 eos

913 1265 1007 1297 libros,
1023 1265 1068 1299 qui
1088 1264 1196 1291 Pedacii
1222 1264 1279 1298 (20)
1297 1265 1376 1291 simul
1395 1271 1423 1292 et
1443 1266 1593 1293 Anazarbei
1610 1273 1706 1293 nomen

914 1311 940 1337 in
956 1311 1035 1338 titulo
1057 1310 1226 1345 pra~ferrent.
1259 1311 1391 1339 Omnibus
1415 1316 1515 1343 autem,
1531 1312 1576 1346 qui
1597 1317 1659 1339 ante
1676 1312 1708 1339 il-

914 1357 970 1383 lum
988 1357 1065 1384 multi
1080 1364 1110 1384 ea
1133 1357 1166 1384 de
1184 1363 1214 1384 re
1233 1357 1415 1391 scripserunt,
1433 1362 1611 1385 accuratrone
1626 1361 1708 1392 atque

915 1404 1031 1431 utilitate
1047 1402 1215 1430 antecellere
1228 1403 1313 1429 videri
1331 1402 1389 1438 (2t)
1405 1402 1507 1430 studet.

1241 1449 1384 1477 CLXXIX.

1180 1495 1277 1530 Agapii
1288 1495 1349 1522 libri
1361 1503 1442 1522 xxui.

102 1542 172 1580 [209
189 1541 237 1578 IL]
259 1539 431 1575 Ἀνεγνώσθη
448 1539 495 1565 τοῦ
515 1538 630 1573 μισητοῦ
647 1538 693 1564 καὶ
718 1536 857 1567 δυσσεϐοῦς

951 1540 1017 1575 Legi
1045 1540 1152 1576 Agapii,
1174 1541 1238 1567 odio
1264 1539 1338 1574 digni
1368 1545 1450 1574 atque
1477 1539 1552 1573 impii
1582 1540 1708 1572 hominis,

67 1589 208 1625 ’Δγαπίου
226 1587 340 1623 βιϐλίον,
368 1585 472 1619 λογίδια
489 1584 616 1619 περιέχον
639 1586 663 1617 γ’
685 1583 733 1610 καὶ⁸
758 1586 793 1614 κ’,
817 1583 865 1609 καὶ

61 1636 149 1673 inpii
158 1643 222 1662 τινα
230 1634 253 1662 ἓί
270 1632 406 1667 κεφάλαια
425 1630 506 1666 δῆθεν
522 1629 544 1665 β’
557 1629 606 1657 καὶ
623 1633 657 1665 ρ’,
679 1630 708 1656 ὲν
722 1626 762 1661 οἷς
779 1628 866 1656 ἂπασι

62 1682 193 1710 δείκνυσι
217 1679 267 1715 μὲν
281 1677 378 1705 ἑαυτὸν
398 1676 613 1711 ὑποκρινόμενον
638 1675 725 1710 ὄνομα
751 1675 782 1701 τὸ
803 1675 867 1711 Χρι-

64 1726 197 1757 στιανῶν,
214 1724 302 1756 οὐδεὶς
314 1723 336 1750 δ’
352 1722 423 1750 οὕτω
438 1722 471 1748 δι’
487 1721 576 1747 αὐτῶν
591 1720 703 1747 ἐκείνων
723 1720 866 1756 ἐλέγχεται

66 1771 248 1808 μισόχριστος
273 1768 321 1795 ὢν.
345 1767 506 1803 Προσφωνεῖ
519 1766 547 1792 δὲ
561 1765 647 1792 ταῦτα
671 1765 792 1802 Οὐρανία
814 1766 867 1792 τινὶ

64 1818 188 1854 τοῦνομα
208 1815 331 1852 γυναικὶ,
346 1813 548 1849 συμφιλόσοφον
560 1812 756 1847 ἀποσεμνύνων
769 1812 865 1847 αὐτήν.

66 1865 165 1891 Πάντα
189 1862 256 1896 γοῦν
287 1860 419 1887 τάναντία
446 1858 622 1892 δογματίζων
649 1858 696 1884 καὶ
724 1857 867 1893 κρατύνων

67 1908 258 1944 Χριστιανοῖς,
275 1905 340 1942 [404
357 1904 405 1940 IL]
419 1905 508 1939 ἀρχὴν
523 1903 647 1938 πονηρὰν
661 1902 867 1929 αύουπόστατον

67 1954 262 1988 ἁντανίστησιν
275 1953 304 1985 ἐξ
315 1951 400 1979 ἀϊδίου
420 1950 456 1985 τῷ
470 1948 541 1984 Θεῷ,
558 1949 591 1983 ἢν
609 1949 675 1974 ποτὲ
696 1948 745 1983 μὲν
760 1949 865 1982 φύσιν,

66 2001 166 2028 ἄλλοτε
179 1999 202 2026 δ’
214 1999 305 2032 ὕλην,
319 1997 366 2024 καὶ
379 1996 473 2024 ἄλλοτε
487 1995 514 2021 δὲ
527 1992 666 2021 Σατανᾶν
674 1994 720 2020 καὶ
729 1993 868 2020 διάϐολον

68 2047 118 2074 καὶ
124 2046 257 2080 ἄρχοντα
268 2043 322 2070 τοῦ
330 2043 446 2076 κόσμου
456 2041 502 2067 καὶ
511 2040 580 2067 θεὸν
588 2039 641 2066 τοῦ
648 2038 754 2072 αἰῶνος
760 2039 868 2065 τούτου

68 2093 119 2120 καὶ
144 2091 254 2128 μυρίοις
282 2090 304 2105 ¹¹
329 2089 421 2119 ἄλλοις
446 2087 591 2114 ἀποκαλεῖ.
621 2085 742 2121 Ἀνάγκη
763 2093 793 2111 τε
822 2085 869 2112 καὶ

68 2140 190 2169 ἄκοντας
202 2137 267 2168 τοὺς
284 2135 446 2170 ἀνθρώπους
465 2133 574 2160 πταίειν
589 2131 762 2164 διατείνεται,
775 2130 821 2157 καὶ
839 2131 869 2156 τὺ

70 2184 154 2219 σῶμα
168 2183 218 2218 τῆς
231 2181 338 2217 φαύλης
354 2180 452 2216 μοίρας
464 2177 546 2212 εἶναι,
562 2178 613 2212 τῆς
625 2177 701 2208 Θείας
713 2177 741 2203 δὲ
755 2176 805 2212 τὴν
816 2177 869 2211 ψυ-

916 1593 984 1621 opus
1005 1586 1088 1613 trium
1109 1591 1137 1613 et
1157 1586 1250 1620 viginti
1278 1584 1443 1617 libellorum,
1462 1589 1489 1611 et
1505 1586 1557 1612 alia
1578 1591 1709 1619 praterea

917 1635 1006 1669 capita
1032 1634 1085 1660 duo
1110 1640 1191 1666 supra
1218 1635 1339 1658 centum.
1367 1631 1470 1664 Quibus
1493 1631 1619 1658 omnibus
1644 1631 1711 1657 satis

920 1679 1052 1710 ostendit,
1073 1678 1140 1705 falso
1165 1686 1227 1705 eum
1242 1678 1294 1704 sibi
1311 1677 1457 1704 Christiani
1474 1682 1571 1703 nomen
1587 1676 1711 1703 vindica-

918 1732 959 1756 re,
973 1732 1035 1751 cum
1053 1729 1143 1750 lautus
1168 1729 1248 1749 nemo
1261 1722 1383 1749 omnium
1399 1721 1498 1748 Christi
1516 1729 1580 1748 osor
1592 1725 1711 1755 quantus

917 1771 1037 1806 Agapius
1060 1769 1101 1796 vel
1128 1776 1161 1796 ex
1177 1769 1220 1795 his
1248 1768 1313 1803 ipsis
1333 1767 1442 1798 libellis.
1469 1767 1708 1802 deprehendatur:

920 1825 989 1852 quos
1009 1816 1119 1844 Urania:
1142 1815 1251 1842 cuidam
1272 1814 1379 1841 feminae
1401 1818 1481 1841 sectae
1498 1821 1555 1840 sua:
1572 1813 1711 1848 studiique

918 1863 1010 1893 sociae,
1034 1862 1073 1889 uti
1099 1862 1193 1896 jactat,
1223 1860 1359 1887 inscribit.
1397 1859 1464 1886 Cum
1497 1860 1579 1893 igitur
1607 1859 1709 1886 nullum

919 1909 1015 1943 dogma
1033 1907 1187 1934 iutroducat
1208 1910 1289 1940 atque
1303 1905 1456 1936 conﬁrmet,
1473 1905 1544 1938 quod
1560 1913 1611 1931 non
1630 1904 1711 1931 Cirri-

919 1954 1014 1980 stiaua’.
1036 1952 1167 1979 doctrime
1192 1951 1367 1981 adversetur.
1390 1950 1553 1984 principium
1574 1951 1710 1983 quoddam

920 2000 1019 2027 malum
1039 2006 1086 2033 per
1100 2005 1129 2025 se
1143 1997 1304 2028 subsistens.
1318 1997 1352 2023 ab
1363 2002 1466 2023 aeterno
1482 2004 1542 2023 esse
1558 1996 1613 2023 Dco
1627 2005 1711 2031 oppo-

920 2047 1002 2074 situm
1031 2045 1104 2077 vult,
1135 2043 1206 2079 quod
1238 2043 1372 2070 interdum
1399 2048 1541 2076 naturam,
1571 2044 1711 2070 materiam

921 2098 1126 2125 nonnunquam,
1164 2089 1231 2116 alias
1271 2089 1353 2116 etiam
1387 2087 1527 2120 Satanam,
1564 2088 1710 2119 diabolum,

921 2137 1012 2164 mundi
1048 2135 1204 2170 principem,
1241 2134 1332 2160 swruli
1361 2133 1440 2168 hujus
1468 2134 1556 2165 deum,
1597 2134 1711 2168 aliisque

922 2182 1057 2210 sexcentis
1069 2180 1187 2216 appellat
1204 2179 1370 2206 nominibus.
1389 2179 1483 2206 Tradit
1494 2179 1598 2211 adluec,
1614 2186 1711 2206 neces-

70 2232 133 2267 χὴν,
149 2231 198 2257 καὶ
222 2229 365 2264 ὁμοούσιον
379 2226 440 2263 (φεύ
455 2228 506 2262 τῆς
518 2226 618 2261 μανίας
629 2225 656 2258 1)
674 2224 714 2260 τῷ
728 2223 798 2258 Θεῷ.
815 2223 857 2258 Ti}

922 2229 996 2255 sario
1022 2232 1104 2262 atque
1136 2226 1236 2253 invitos
1259 2232 1374 2260 peccare
1403 2225 1547 2251 homines:
1564 2229 1591 2251 et
1614 2231 1712 2258 corpus

70 2279 100 2304 δὲ
113 2277 234 2304 παλαιὰν
246 2274 358 2310 Γραφὴν
372 2273 510 2308 κωμῳδεῖ,
522 2271 643 2299 Μωῡσέα
653 2271 674 2286 ³³
683 2279 713 2296 τε
725 2269 817 2302 αὑτὸν,
826 2270 873 2295 καὶ

69 2327 147 2358 τοὺς,
158 2324 317 2359 προφήτας,
335 2321 382 2348 καὶ
409 2321 441 2355 δὴ
460 2320 509 2346 καὶ
536 2319 582 2345 τὸν
599 2317 752 2353 πρόδρομον
766 2317 780 2342 ὁ
799 2324 874 2351 τρισ-

72 2371 166 2402 άθλιος
180 2367 342 2404 δυσφημῶψ
364 2367 479 2393 ἀνάπτει
491 2374 520 2392 τε
539 2365 651 2396 τούτους
669 2364 717 2391 καὶ
729 2363 817 2390 πάντα
834 2364 869 2389 τὰ

73 2417 104 2442 ἐν
117 2417 151 2452 τῇ
168 2415 272 2449 παλαιᾷ
289 2413 439 2448 λελεγμένα
457 2420 488 2438 τε
504 2411 551 2438 καὶ
567 2409 751 2445 πεπραγμένα
772 2409 805 2444 (ὦ
818 2408 869 2443 τῆς

32 2480 39 2486 .
71 2461 221 2495 ἀθεότητος
233 2460 295 2495 liti)
315 2458 416 2494 χείρονι
434 2458 481 2484 καὶ
499 2456 678 2492 ἀντικειμένῃ
695 2455 734 2490 τῷ
746 2455 806 2492 Θεῷ
822 2455 871 2488 ἁρ-

72 2511 122 2546 χῇ.
138 2511 193 2536 Καὶ
208 2509 239 2535 rb
255 2508 285 2534 ὲν
307 2506 465 2542 παραδείσῳ
480 2505 565 2540 φυτὸν
584 2504 629 2530 τὸν
656 2503 773 2538 Χριστὸν
800 2499 871 2529 εἶναι

70 2555 261 2590 τερατολογεῖ,
291 2554 320 2580 ὃν
345 2554 392 2580 καὶ
415 2552 519 2587 χείλεσι
550 2551 601 2582 μὲν
626 2550 710 2585 τιμᾷν
733 2548 870 2583 ὁμολογεῖ,

73 2603 166 2639 Εργοις
191 2602 219 2629 δὲ
240 2602 288 2628 καὶ
301 2600 391 2634 δόξαις
407 2597 464 2625 οὐδ’
492 2597 552 2624 ἐστι
578 2597 669 2630 λόγοις
695 2595 870 2630 παραστῆσαι

920 2273 1064 2301 deterioris
1081 2279 1141 2299 esse
1156 2271 1252 2307 partis,
1272 2271 1371 2297 divina:
1387 2277 1451 2297 vero
1467 2278 1540 2297 aura:
1551 2270 1712 2304 particulam

919 2327 979 2347 esse
990 2319 1120 2349 animam,
1145 2323 1227 2352 atque
1244 2317 1270 2352 (ο
1286 2318 1422 2351 ingentem
1443 2317 1589 2342 amentiam
1602 2316 1622 2350 !)
1638 2316 1712 2350 ejus-

920 2367 982 2394 dem
1006 2373 1067 2392 cum
1094 2365 1149 2391 Deo
1175 2369 1289 2391 naturae.
1313 2363 1398 2391 Vetus
1418 2363 1480 2390 dein
1507 2363 1712 2390 Testamentmn

921 2411 1024 2441 irridet,
1043 2417 1076 2436 ac
1091 2409 1202 2444 Moysen
1225 2409 1314 2443 ipsum
1337 2416 1397 2435 cum
1420 2409 1576 2442 prophetis;
1601 2408 1668 2443 quin
1687 2414 1715 2435 et

922 2455 1028 2483 Domini
1057 2462 1253 2490 praecursorem
1285 2454 1455 2481 miSerrimtts
1481 2453 1527 2481 ille
1552 2454 1712 2481 subsannat.

922 2502 978 2529 Ilos
992 2507 1082 2528 autent
1097 2501 1180 2536 ipsas,
1198 2505 1226 2527 et
1240 2499 1347 2527 Veteris
1359 2499 1526 2526 Teslaiueuti
1544 2500 1616 2526 dicta
1629 2499 1714 2527 lacta-

923 2556 976 2584 que
1001 2548 1093 2575 omnia
1116 2549 1152 2582 (ο
1179 2547 1343 2581 impietatem
1354 2553 1487 2573 summam
1497 2546 1517 2582 l)
1537 2546 1609 2574 malo
1629 2546 1667 2573 illi
1684 2551 1714 2574 et

924 2603 985 2622 cum
1002 2594 1056 2621 Deo
1068 2594 1197 2630 pugnanti
1223 2592 1356 2626 principio
1371 2591 1495 2619 ascribit.
1513 2592 1635 2620 Paradisi
1647 2599 1715 2627 quo-

716 2651 835 2679 VARUE
848 2650 1054 2679 LECTIONES.

115 2707 138 2723 ²⁶
152 2706 230 2742 ὀλίγη
248 2704 373 2742 corr._l_\.
398 2703 432 2742 1"
447 2699 631 2742 συνηθροίσῆη
646 2708 676 2739 ς.

713 2698 737 2713 ²⁷
753 2697 914 2724 πλατυκὼτε
920 2706 964 2732 ρος
981 2706 999 2728 ς
1005 2717 1011 2723 .

1063 2696 1086 2712 ’⁸
1100 2695 1231 2732 chalcide
1256 2695 1318 2722 cod.
1337 2697 1519 2731 suprascript.
1537 2697 1596 2728 τοῦ.
1613 2698 1664 2725 οὐκ
1679 2699 1712 2725 Α.

74 2744 103 2760 ’³³
119 2730 315 2769 [ιεῶἒιὶὶνᾶᾲι
333 2730 546 2772 Ἀναϐαρζέαξ.
568 2735 590 2751 ³⁸
604 2730 744 2768 ἁπάντων]
761 2733 808 2758 ἀπ’
821 2730 958 2760 αὐτῶνἈ,
976 2733 995 2748 ³¹
1009 2741 1071 2758 τινα
1083 2731 1147 2758 add.
1157 2730 1196 2758 VA.
1211 2730 1234 2746 ⁸²
1248 2732 1362 2766 μυρίους
1376 2730 1518 2764 ἀλλουςζ.
1531 2733 1552 2748 ³³
1566 2733 1668 2760 Μωσέα
1681 2740 1713 2766 ς.

841 2777 956 2806 NOTAE.
1006 2775 1009 2777 ’

117 2835 170 2871 (19)
185 2834 248 2862 Lib.
263 2841 290 2860 vt
308 2831 402 2871 simpl.
425 2829 564 2871 medicata.
583 2828 728 2871 Iiroannio.

119 2864 173 2907 {20'}
188 2872 248 2904 Quo
273 2867 353 2896 modo
367 2866 393 2892 in
414 2865 530 2899 vulgatis
548 2864 628 2891 hodie
643 2864 757 2898 legimus
772 2864 856 2891 Πιδα-

238 2916 375 2947 Ρλτιιοι..
398 2914 458 2944 Gn.
473 2912 555 2944 Clll.

925 2825 1191 2864 xioyuAtocxppt'éoo
1205 2825 1395 2864 [ᾼναζαρὸἑως
1409 2828 1475 2864 περὶ
1497 2827 1562 2864 ὓλης
1579 2828 1713 2864 ἰατρικῆς,

950 2861 1006 2897 ('21)
1025 2861 1100 2889 Libri
1113 2861 1193 2896 primi
1206 2861 1355 2890 Prommio.

1480 2912 1519 2941 1’7
