1923 3091
193 167 246 200 523

762 162 894 193 ΡΗΟἸἫ
916 157 1172 191 ΡΑΤῐὶῐΑΒΟΗίΕ
1191 156 1245 186 CP.

1770 147 1825 179 524

194 235 247 263 que
262 227 388 254 arborent
413 224 484 251 illam
507 223 644 251 Christum
658 229 720 250 esse
738 221 886 253 fabulatur,
902 227 981 255 quem

1045 220 1096 244 Lcov
1105 216 1270 252 βλασφημεῖ.
1285 214 1340 240 Kal.
1359 211 1463 247 Τριάδα
1476 211 1505 238 δὲ
1521 210 1554 227 ³³¹
1570 208 1713 245 ὁμοούσιον
1728 208 1742 234 6
1757 215 1827 234 κατ-

194 274 243 302 elsi
270 281 318 300 ore
333 272 440 306 quidem
468 269 591 297 venerari
617 276 647 295 se
669 268 756 303 ﬁngit,
785 267 864 294 factis
893 271 982 294 tamen

195 319 261 353 ipsis
276 322 302 344 et
317 316 500 351 opinionibus,
529 320 658 349 quantum
682 313 796 348 exprimi
810 313 900 339 verbis
913 312 984 339 ltaud

196 369 294 398 potest.
305 362 484 396 blasphemal.
494 360 657 387 Trinitatem
677 358 789 392 insuper
802 358 984 386 consubstan-

197 410 285 437 tialem
304 408 382 436 fateri
401 415 431 435 se
448 407 538 434 dicere
561 406 642 433 audet
663 404 846 432 exsecrandus
868 404 922 435 ille,
937 403 983 431 sed

196 457 248 484 hoc
267 455 349 490 impie
369 461 401 481 ac
421 453 568 485 malitiose,
588 456 746 486 tantumque
759 456 788 477 ut
805 450 912 484 pietatis
927 450 984 477 his-

195 509 226 528 ce
251 500 389 528 vocabulis
416 499 548 532 decipiat,
579 496 729 531 simplicius
751 504 783 524 ac
807 496 903 531 125,17
931 495 984 523 mi-

195 555 247 574 nus
265 547 462 579 circumspecte
483 544 516 571 ad
536 551 597 570 eum
620 543 792 575 accedentes,
809 548 892 576 utque
904 540 988 576 pesti-

196 595 269 620 lente
283 593 416 626 dogmatis
435 597 549 623 veneno,
570 597 601 616 ac
616 589 693 623 quasi
710 588 853 615 dulcedine
868 588 985 622 quadam

198 642 347 672 temperata
367 641 448 670 atque
470 635 631 667 commista,
655 634 733 669 hujus
758 633 819 660 illos
831 640 908 659 noxa:
922 640 988 659 con-

197 682 286 710 festim
303 681 459 715 adimpleat.
474 680 520 707 Sic
535 672 561 707 et
575 687 674 714 corpus
687 686 716 706 se
730 678 829 706 Christi
849 678 987 705 honorare

198 736 231 756 ac
248 728 396 763 praedicare
420 728 468 758 ait,
487 731 516 753 et
532 725 669 754 Christum
696 726 769 752 cruci
791 723 911 756 aiIixnm,
933 724 987 751 imo

199 775 286 809 ipsam
313 781 432 806 crucem,
454 773 630 807 baptismum,
648 772 827 806 sepulturam,
849 776 928 805 atque
944 778 988 798 re-

201 821 396 849 surrectionem
412 820 482 855 ejus,
496 824 718 852 mortuorumque
733 819 800 845 adeo
811 818 932 856 omnium
947 825 988 845 re-

201 867 396 895 surrectionem
418 865 609 900 acjudicinm;
627 869 653 891 et
676 868 704 890 ut
717 863 801 890 semel
815 863 914 896 dicam,
933 870 989 889 om-

202 915 246 942 nia
263 913 319 940 fere
343 912 452 948 pictatis
469 919 501 938 ac
515 910 678 938 Christianae
701 909 842 944 religionis
857 909 989 936 vocabula
1007 904 1026 932 ΙΙ

204 960 238 988 ad
267 959 345 990 alios,
378 958 420 985 vel
444 958 577 986 absurdos
604 961 685 990 atque
714 955 922 988 abominandos,
946 955 990 982 vel

203 1006 306 1034 alienos
328 1012 361 1032 ac
373 1004 479 1037 stultos,
496 1003 537 1030 vel
556 1004 663 1038 ineptos
676 1007 702 1030 et
714 1002 877 1037 incongruos
895 1009 991 1029 sensus

204 1049 371 1078 transferens
393 1053 475 1082 atque
494 1049 647 1080 traducens,
672 1055 747 1074 suam
761 1047 797 1074 ita
816 1047 911 1073 nititur
927 1054 992 1073 cott-

203 1097 313 1123 ﬁrmare
346 1095 525 1129 impietatem.
555 1093 669 1120 Tantam
698 1100 763 1120 vero
793 1093 854 1120 dolo
883 1092 990 1119 mistam

205 1141 369 1175 impietatem
406 1140 550 1166 meditatus
583 1143 636 1171 est,
663 1143 692 1165 ut
728 1145 789 1165 cum
825 1137 993 1165 intolerabile

205 1187 308 1218 odium,
323 1185 477 1219 bellumque
502 1185 679 1220 implacabile,
704 1188 868 1219 cooperante
884 1184 922 1210 illi
935 1184 993 1211 dia-

206 1231 278 1264 bolo,
295 1239 356 1258 cum
373 1238 478 1264 semper
500 1229 610 1264 Virgine
626 1231 708 1257 Maria
730 1238 762 1257 ac
782 1235 868 1256 matre
892 1229 992 1257 Christi

208 1279 255 1306 Dei
274 1278 361 1306 nostri
384 1283 470 1312 gerat,
492 1277 581 1304 Maria:
595 1281 685 1304 tamen
702 1285 799 1304 nomen
816 1285 864 1312 per
880 1277 994 1304 simula-

208 1325 308 1351 tionem
329 1330 471 1356 usurpare,
503 1330 617 1356 eamque
633 1327 745 1349 matrem
768 1321 870 1349 Christi
884 1321 996 1348 menda-

209 1371 278 1398 citer
293 1369 438 1404 appellare,
461 1376 510 1395 nec
526 1369 585 1401 Dei,
601 1376 651 1396 nec
664 1369 745 1396 ullius
760 1367 872 1395 omnino
886 1367 996 1402 pudoris

210 1420 284 1442 metu
308 1421 443 1442 vereatur.
461 1414 641 1448 Quamobrem
659 1420 686 1442 et
699 1414 882 1442 venerandam
898 1413 997 1441 saluti-

210 1461 352 1496 feramqne
367 1460 468 1487 Christi
486 1469 595 1488 crucem
617 1461 690 1488 mille
709 1461 840 1489 conviciis
863 1461 996 1492 lacerans,

210 1513 293 1543 atque
315 1508 348 1535 ad
367 1507 474 1535 Judazos
487 1507 682 1542 propulsandos
707 1508 787 1535 telum
809 1516 857 1543 per
870 1508 998 1542 blasphe-

211 1553 293 1580 miam
321 1553 469 1588 appellans,
499 1553 590 1580 dicere
622 1553 799 1581 nihilominus
827 1554 999 1588 impudenter

212 1599 304 1630 audet,
329 1599 433 1626 honore
459 1600 566 1634 dignam
596 1606 626 1626 se
650 1607 682 1626 ac
699 1600 872 1627 veneratione
897 1600 997 1626 Christi

213 1644 261 1672 Dei
276 1652 383 1672 crucem
402 1646 512 1676 ducere,
536 1645 599 1672 aliis
626 1645 753 1672 nimirum
775 1645 1001 1680 appellationibus

213 1698 258 1718 res
282 1698 409 1726 perverse
428 1691 583 1718 enuntians.
610 1689 656 1718 Sic
677 1695 706 1718 et
722 1698 822 1725 corpus
841 1695 868 1718 et
887 1691 999 1726 sangui-

214 1744 275 1764 nem
288 1736 391 1763 Christi
411 1736 560 1768 fabulatur,
587 1744 641 1763 non
664 1736 740 1769 illud,
761 1736 835 1770 quod
853 1736 1001 1763 Christiani

215 1782 397 1817 agnoscimus,
423 1782 469 1809 Sed
496 1782 568 1817 quod
599 1782 695 1809 rabida
730 1782 814 1817 ipsius
839 1789 872 1809 ac
898 1782 1002 1810 furiosa

215 1836 291 1855 mens
304 1827 456 1855 continuit:
471 1835 554 1855 voces
573 1828 683 1862 quidem
699 1827 802 1862 piorum
822 1828 1001 1861 admittendo,

216 1881 259 1902 res
272 1882 337 1903 vero
353 1876 426 1909 ipsas
443 1874 602 1902 allatrando;
615 1874 654 1902 De
672 1874 729 1901 sole
750 1879 882 1908 prreterea
900 1879 927 1902 et
940 1875 1002 1902 luna

214 1922 274 1950 sine
293 1922 396 1956 pudore
421 1921 501 1949 veluti
528 1921 561 1949 de
591 1921 644 1949 diis
674 1921 795 1952 disserit,
827 1921 1004 1957 ejusdemque

215 1976 277 1995 cum
300 1968 357 1996 Deo
375 1976 436 1996 esse
460 1972 567 1996 natura!
590 1968 722 2003 praedicat
736 1977 742 1995 :
757 1975 844 2002 neque
860 1976 940 1996 sensu
959 1969 1005 1996 ho-

215 2023 274 2042 rum
290 2014 377 2041 lucem
395 2015 509 2049 percipi,
530 2015 577 2042 sed
599 2014 655 2041 sola
677 2019 768 2041 mente
782 2022 861 2049 posse
879 2015 1004 2050 intelligi,

217 2061 348 2087 mentitur
362 2061 444 2088 homo
458 2068 538 2088 sensu
555 2068 652 2087 carens
664 2061 811 2088 communi.
826 2060 897 2088 Hinc
911 2067 939 2088 et
964 2061 1006 2088 in-

215 2114 345 2141 corporea
375 2107 523 2141 toruumque
551 2114 583 2134 ac
613 2107 712 2134 coloris
745 2108 866 2142 expertia
898 2108 1006 2143 hymnis

216 2153 368 2183 celebrans,
394 2153 496 2180 cultura
536 2152 590 2179 illis
619 2152 842 2188 majestatemque
872 2154 1005 2181 attribuit.

216 2199 417 2227 Abstinentiam
433 2207 500 2235 vero
523 2207 538 2226 a
562 2200 692 2227 carnibus
711 2205 793 2234 atque
814 2208 828 2226 a
854 2207 884 2227 re
898 2200 1005 2234 uxoria,

1012 1580 1033 1609 C

1036 265 1137 298 ἀρατος
1169 262 1245 296 λέγει
1266 261 1315 295 μὲν
1339 259 1495 294 ὁμολογεῖν,
1520 255 1589 283 ἀλλὰ
1613 253 1751 285 δυσσεϐῶς
1777 253 1828 279 καὶ

1035 310 1209 345 κακούργως,
1239 307 1284 334 ἵνα
1307 306 1387 342 μόνον
1413 304 1500 340 κλέψῃ
1529 303 1580 338 τῆς
1602 301 1745 332 εύσεϐείας
1768 301 1828 331 τοῖς

1036 359 1140 394 ῥήμασι
1152 356 1216 388 τοὺς
1231 354 1414 389 ἁπλούστερον
1425 350 1527 386 αὑτῷῆ
1541 349 1728 385 ἀμαθέστερον
1742 355 1829 394 προσ-

1036 393 1137 436 ιόντας,
1163 402 1212 429 καὶ
1240 400 1285 428 τδν
1300 399 1421 435 ὀλέθριον
1441 396 1487 424 τοῦ
1504 396 1640 431 δόγματος
1661 394 1700 420 ἰὸν
1723 393 1830 424 τούτοις

1035 447 1090 477 οἷον
1109 448 1244 483 γλυκάνας
1259 446 1307 474 καὶ
1333 443 1523 480 κερασάμενος
1550 441 1648 476 ἀθρόον
1667 439 1718 474 τῆς
1744 438 1829 465 αὑτοῦ

1037 495 1171 530 πληρώσῃ
1185 493 1283 528 λύμης.
1297 491 1377 518 Οῦτω
1387 490 1419 525 δὴ
1435 490 1482 516 καὶ
1499 487 1579 523 σῶμα
1594 486 1669 521 λέγει
1684 486 1767 521 τιμᾷν
1782 485 1831 511 καὶ

1039 543 1190 578 κηρύσσειν
1205 539 1335 576 Χριστοῦ,
1352 538 1400 565 καὶ
1414 536 1532 574 Χριστὸν
1545 532 1832 578 ἐσταυρωμένονρκαὶ

1038 575 1155 624 σταυρὸν
1168 587 1214 613 καὶ
1228 585 1381 621 βάπτισμα,
1393 582 1440 609 καὶ
1450 579 1538 616 ταφὴν
1554 577 1685 614 Χριστοῦ,
1703 577 1750 604 καὶ
1764 575 1833 602 ἀνά-

1039 622 1143 665 στασιν,
1156 634 1202 659 καὶ
1217 631 1323 667 νεκρῶν
1338 630 1487 656 ἀνάστασιν
1497 626 1544 653 καὶ
1558 625 1648 660 κρίσιν
1657 631 1664 638 ⁶
1675 623 1722 650 καὶ
1738 622 1833 652 ἁπλῶς

1039 681 1132 716 σχεδὸν
1141 679 1248 706 ᾶπαντα
1258 678 1293 704 τὰ
1299 677 1348 712 τῆς
1359 674 1499 716 εὐσεϐείας
1507 672 1556 699 καλ¹
1570 670 1648 706 παρά
1656 668 1833 705 Χριστιανοῖς

1038 713 1159 762 ὀνόματα
1173 720 1322 753 ἑπτάλλαις
1338 721 1355 756 ἢ
1370 714 1496 750 ὲκτόποις
1508 718 1556 745 καὶ
1568 716 1735 752 βδελυκταῖς,
1751 713 1830 762 ἥιάλ-

1038 759 1159 803 λοκότοις
1172 771 1219 797 καὶ
1233 770 1349 805 μωραῖς,
1360 768 1377 803 ἢ
1388 765 1571 802 ἀναρμόστοις
1582 763 1629 790 καὶ
1640 759 1835 789 ἀνακολούθοις

1039 819 1155 850 ἐννοίαις
1172 816 1336 853 μεταφέρων
1352 814 1400 840 καὶ
1413 811 1573 848 περιτιθεὶς,
1588 809 1659 836 οὕτω
1667 808 1717 842 τὴν
1729 806 1836 853 οἰκείαν

1040 864 1169 892 ἀσέϐειαν
1195 862 1323 897 πειρᾶται
1350 857 1506 894 κρατύνειν.
1530 856 1585 883 Καὶ
1609 853 1737 881 τοσοῦτον
1759 851 1836 884 αὐτῷ

1040 911 1070 938 τὸ
1085 910 1164 937 ἄθεον
1179 908 1249 944 μετὰ
1263 905 1312 934 τοῦ
1332 905 1420 932 δολίου
1438 902 1632 939 μεμελέτηται,
1659 899 1730 926 ὥστε
1757 899 1837 933 μῖσος

1041 958 1155 992 ἄσχετον
1166 943 1215 982 καὶ
1229 953 1348 988 πόλεμον
1359 950 1492 978 ἄσπονδον
1506 948 1595 984 ἔχοντι
1608 945 1678 973 κατὰ
1693 945 1744 979 τῆς
1762 943 1837 992 Ἀειῑ

1042 989 1181 1038 παρθένου
1205 999 1316 1035 Μαρίας
1340 998 1389 1025 καὶ
1415 996 1519 1032 μητρὸς
1546 992 1665 1030 Χριστοῦ
1695 991 1742 1018 τοῦ
1765 989 1837 1038 Θεοῦ

1043 1037 1121 1085 ήμῖῦν
1147 1048 1189 1064 ⁸⁸·
1220 1047 1295 1082 ὅμως
1321 1044 1526 1079 συμπλάττεται
1547 1039 1622 1075 αὺτῷ
1650 1038 1698 1066 καὶ
1725 1037 1841 1072 Μαρίας

1044 1082 1139 1131 όνομα,
1156 1094 1204 1121 καὶ
1220 1092 1326 1128 μητέρα
1337 1088 1458 1126 Χριστοῦ
1474 1086 1662 1123 τερατολογεῖν
1675 1084 1742 1112 αὐτὸ
1752 1084 1774 1099 ³⁸
1785 1082 1840 1109 οὐκ

1044 1129 1102 1168 έστί
1118 1140 1198 1175 φόϐος
1212 1138 1294 1170 Θεοῦ,
1311 1137 1373 1164 οὑδέ
1388 1145 1429 1168 τις
1449 1135 1518 1166 ὂλως
1531 1133 1657 1168 αἰσχύνη.
1669 1131 1714 1157 Διδ
1728 1130 1775 1157 καὶ
1787 1129 1840 1156 τὸν

1045 1188 1135 1222 τίμιον
1158 1185 1206 1212 καὶ
1221 1184 1354 1219 σωτήριον
1366 1181 1413 1208 τοῦ
1437 1178 1557 1219 Χριστοῦ
1579 1177 1698 1213 σταυρὸν
1726 1175 1843 1222 μυρίαις

1046 1220 1140 1268 ὕϐρεσι
1155 1231 1271 1266 βάλλων,
1285 1229 1332 1255 καὶ
1344 1226 1511 1262 ἀμυντήριον
1530 1223 1669 1268 Ἰουδαίων
1676 1220 1840 1268 δυσφημιῖιν,

1046 1264 1120 1314 ὅμως
1144 1264 1319 1310 ἀναισχυντεῖ
1345 1273 1432 1307 λέγων
1460 1270 1543 1306 τιμῆς
1567 1267 1661 1301 ἀξιοῦν
1685 1266 1733 1293 καὶ
1756 1264 1843 1291 σεϐα-

1048 1312 1194 1360 cpta-mro;
1214 1321 1260 1348 τὸν
1287 1319 1404 1355 σταυρὸν
1417 1317 1464 1344 τοῦ
1480 1315 1599 1352 Χριστοῦ
1614 1315 1647 1346 ⁸⁸,
1666 1313 1733 1340 ἄλλα
1748 1312 1844 1360 πράγ-

1049 1357 1123 1406 ματα
1142 1357 1254 1403 ίὲτέροις
1271 1367 1387 1401 ὀνόμασι
1403 1363 1567 1398 κακούργως
1586 1359 1738 1395 ὐποδηλῶν.
1761 1357 1844 1385 Οῦτω

1048 1405 1095 1444 καὶ
1112 1416 1192 1451 σῶμα
1209 1414 1257 1441 κα)⁵
1273 1410 1343 1447 αἷμα
1357 1408 1477 1446 Χριστοῦ
1495 1410 1544 1444 οὐχ
1561 1408 1574 1435 ὃ
1592 1408 1672 1442 ῐσμεν
1690 1407 1714 1433 οἱ
1730 1405 1753 1421 ³⁷
1772 1405 1845 1440 Χρι-

1049 1463 1162 1493 στιανοὶ,
1177 1461 1233 1488 ἀλλ’
1245 1460 1259 1487 ὃ
1271 1460 1287 1494 ἡ
1307 1457 1447 1492 λυσσώδης
1460 1455 1543 1483 αὑτοῦ
1555 1454 1602 1481 καὶ
1619 1453 1721 1489 μανικὴ
1736 1452 1845 1479 διάνοια

1049 1508 1230 1539 ἀνεπλάσατο,
1247 1505 1401 1542 μυθολογεῖ,
1417 1503 1467 1534 τὰς
1481 1502 1531 1537 μὲν
1546 1500 1601 1527 τῶν
1617 1498 1736 1526 εὐσεϐῶν
1751 1498 1846 1530 λέξεις

1051 1553 1251 1590 συνομολογῶν,
1269 1551 1342 1579 κατὰ
1356 1551 1385 1577 δὲ
1409 1549 1501 1577 αὐτῶν
1520 1547 1574 1574 τῶν
1587 1545 1760 1583 πραγμάτων
1777 1545 1847 1571 ὗλα-

1051 1601 1133 1628 κτῶν.
1146 1600 1240 1627 Ἥλιον
1247 1599 1275 1625 δὲ
1283 1598 1331 1625 καὶ
1340 1596 1456 1632 σελήνην
1469 1593 1655 1629 ἀναισχύντως
1666 1591 1786 1624 θεολογεῖ
1796 1591 1847 1618 καὶ

1049 1647 1180 1683 ὁμοούσια
1195 1645 1325 1681 κηρύττει
1338 1643 1408 1678 Θεῷ,
1424 1642 1473 1669 οὐκ
1487 1639 1617 1676 αἰσθητὸν
1633 1639 1724 1667 αὐτῶν
1733 1638 1764 1665 τὺ
1775 1637 1846 1672 φῶς,

1050 1692 1115 1729 [210
1127 1691 1176 1727 Η.]
1195 1690 1264 1717 ἀλλὰ
1282 1689 1377 1721 νοητὸν
1391 1689 1405 1714 6
1418 1686 1582 1722 ἀναίσθητος
1609 1684 1824 1721 τερατευόμενος
1836 1690 1847 1699 ·

1051 1739 1091 1765 διὸ
1106 1739 1153 1765 καί
1165 1737 1300 1772 ἀσώματα
1314 1735 1362 1761 καὶ
1378 1733 1574 1769 ἀσχημάτιστα
1588 1731 1636 1758 καὶ
1646 1729 1850 1766 ἀχρωμάτιστα.

1052 1784 1122 1811 αὐτὰ
1138 1782 1271 1818 ὲξυμνῶν,
1286 1780 1317 1807 τδ
1327 1779 1411 1811 σέϐας
1419 1779 1510 1809 αὐτοῖς
1525 1777 1652 1805 ἀνάπτει,
1668 1775 1807 1812 Νηστείαν
1818 1774 1851 1801 δὲ

1053 1830 1142 1866 κρεῶν
1159 1828 1207 1855 καὶ
1222 1827 1321 1862 γάμων
1339 1824 1446 1861 ἁποχὴν
1462 1825 1500 1856 ὡς
1519 1823 1655 1859 βδελυρῶν
1673 1824 1688 1850 6
1710 1821 1851 1857 βδελυρώ-

1052 1885 1133 1906 τατος
1153 1875 1342 1910 ὑποκρίνεται,
1357 1873 1405 1899 καὶ
1419 1872 1465 1898 τὸν
1476 1869 1548 1898 οἶνον
1561 1870 1590 1897 δὲ
1607 1868 1650 1897 οἷα
1662 1869 1694 1905 δὴ
1715 1869 1851 1903 μεθυστι-

1053 1922 1101 1949 κὸν
1121 1920 1337 1957 ἀποστρέφεται,
1353 1919 1384 1945 οὑ
1400 1917 1521 1953 συνορῶν
1541 1917 1580 1948 ὡς
1595 1916 1644 1951 οὑχ
1658 1917 1672 1942 6
1696 1912 1768 1946 οἶνός
1790 1915 1853 1941 ἐστι.

1056 1968 1230 2004 μεθυστικδς,
1253 1966 1310 1993 ἀλλ’
1335 1966 1352 1999 ὴ
1378 1964 1498 1999 ἄμετρος
1519 1963 1567 1989 καὶ
1594 1962 1671 1997 παρὰ
1692 1961 1723 1988 τὺ
1745 1961 1854 1996 πρέπον

1055 2016 1166 2051 χρῆσις,
1181 2014 1276 2048 ὥσπερ
1287 2012 1335 2039 καὶ
1346 2011 1450 2048 τροφῆς
1458 2009 1568 2045 ἀπάσης
1582 2009 1630 2036 καὶ
1641 2008 1738 2040 ὓδατος
1746 2010 1763 2044 ἡ
1774 2008 1856 2044 παρὰ

1055 2061 1086 2088 τὺ
1102 2060 1200 2096 μέτρον
1214 2059 1314 2094 χρῆσις
1333 2056 1476 2093 βλαϐερόν.
1504 2054 1569 2092 [405
1585 2054 1632 2091 3.]
1652 2054 1781 2088 Θεολογεῖ
1794 2054 1823 2080 δὲ
1837 2055 1856 2081 ὁ

1056 2107 1186 2142 δύστηνος
1202 2107 1250 2132 καὶ
1270 2104 1316 2130 τὸν
1333 2103 1414 2139 ἀέρα,
1431 2102 1510 2129 κίονα
1534 2100 1616 2127 αὑτὸν
1635 2099 1683 2126 καὶ
1708 2099 1858 2135 ἄνθρωπον

1057 2152 1192 2188 ὲξυμνῶν.
1211 2151 1248 2178 Τὸ
1264 2149 1320 2185 πῦρ
1335 2149 1363 2175 δὲ
1386 2148 1555 2184 μυσάττεται
1578 2146 1625 2173 καὶ
1643 2145 1694 2180 τὴν
1719 2146 1784 2180 γῆν,
1813 2146 1858 2177 είς

1057 2201 1107 2236 τὴν
1133 2199 1244 2235 χείρονα
1260 2198 1357 2232 μοῖραν
1386 2195 1543 2222 συντάττων
1569 2193 1648 2220 αὑτά.
1673 2192 1729 2219 Καὶ
1755 2191 1859 2224 ἄλλους

216 2251 346 2281 tanquam
369 2253 383 2272 a
409 2245 489 2272 rebus
509 2245 687 2279 detestandis,
714 2246 833 2273 maxime
857 2246 914 2280 ipse
933 2247 997 2274 dete‘

1059 2245 1158 2281 λήρους
1172 2244 1219 2270 καὶ
1240 2241 1398 2276 φληνάφους
1420 2239 1535 2271 πολλοὺς
1561 2239 1593 2265 ἐκ
1610 2237 1661 2272 τῆς
1694 2236 1859 2271 Ἑλληνικῆς

217 2293 339 2325 standus,
367 2291 489 2319 simulat.
519 2291 618 2318 Vinum
639 2299 746 2326 quoque
775 2292 849 2319 velut
867 2292 1008 2320 ebrietatis

217 2347 327 2368 causam
350 2344 503 2369 aversatur,
525 2343 578 2365 non
599 2338 775 2365 considerans
795 2339 857 2365 vino
875 2339 900 2365 id
914 2339 1007 2365 vitium

217 2386 340 2417 minime,
355 2385 401 2413 sed
415 2385 594 2412 immoderato
609 2383 800 2418 indecentiquc
813 2385 872 2411 usui
889 2385 1009 2411 tribuen—

217 2432 293 2463 dmn,
319 2436 349 2457 ιιι
364 2435 390 2457 et
418 2430 541 2456 ciborum
559 2429 690 2461 omnium,
707 2430 762 2456 imo
786 2435 813 2457 et
834 2430 916 2465 ipsius
933 2438 1010 2465 aqua:

219 2476 379 2503 immodicus
402 2482 467 2501 usus
491 2477 580 2500 nocet.
608 2472 645 2500 De
676 2481 739 2500 aere
760 2474 824 2500 item
849 2474 939 2500 infelix
966 2474 1010 2500 ille

220 2529 349 2557 tanquam
375 2522 408 2547 de
433 2521 482 2547 dco
504 2520 631 2554 quopiam
651 2520 782 2554 disputatI
809 2525 838 2546 ut
856 2520 1009 2547 columnam

218 2576 280 2595 cum
306 2573 333 2595 et
358 2567 493 2595 hominem
513 2567 620 2602 hymnis
642 2567 793 2594 celebrans.
815 2565 905 2601 ignem
920 2571 1009 2593 tamen

219 2618 382 2648 aspernatur
406 2617 572 2646 terramque,
601 2616 628 2639 et
645 2611 729 2646 pejori
753 2611 810 2638 haec
834 2617 910 2646 parte
925 2611 1010 2638 collo-

220 2665 273 2687 cat.
290 2660 335 2687 Sic
350 2659 410 2686 aliis
430 2666 536 2694 quoque
552 2658 738 2685 deliramentis
756 2658 888 2693 nugisque
906 2659 1010 2689 multis,

221 2713 281 2731 cum
299 2713 315 2732 e
338 2705 494 2732 Graecorum
518 2703 714 2738 superstitione
739 2703 929 2735 eunendicatis,
957 2705 1011 2729 tum

1062 2290 1258 2327 ὲρανισάμενος
1271 2286 1481 2321 δεισιδαιμονίας
1501 2285 1548 2312 καὶ
1567 2285 1599 2310 ὲκ
1621 2283 1671 2318 τῆς
1693 2283 1761 2314 ἰδίας
1787 2283 1860 2310 ἀνα-

1063 2337 1236 2371 πλασάμενος
1248 2332 1403 2369 τερατείας,
1416 2331 1533 2367 φορυτόν
1550 2330 1643 2357 κακῶν
1655 2329 1702 2356 καὶ
1725 2329 1860 2360 ἀσεϐείας

1063 2383 1177 2418 ἔσχατον
1192 2381 1221 2407 τὸ
1244 2380 1344 2406 οἰκεῖον
1362 2377 1513 2413 παρίστησι
1529 2377 1627 2411 δόγμα.
1659 2375 1861 2410 Ἀποστιαράσ-

1064 2437 1117 2455 σων
1141 2428 1170 2454 δὲ
1185 2426 1255 2462 ῥητά
1270 2433 1332 2451 τινα
1345 2423 1392 2450 τοῦ
1407 2423 1479 2450 θείου
1498 2423 1521 2438 ³⁸
1543 2421 1712 2456 Εὐαγγελίου
1729 2421 1777 2446 καὶ
1801 2421 1862 2448 τῶν

1063 2473 1214 2501 ἐπιστολῶν
1239 2472 1286 2498 τοῦ
1307 2471 1453 2498 θεσπεσίου
1480 2469 1599 2499 Παύλου,
1624 2470 1754 2504 πειρᾶται
1778 2478 1863 2504 στρε-

1065 2520 1146 2547 ϐλοῦν
1169 2519 1239 2545 αὐτὰ
1254 2518 1300 2544 καὶ
1310 2517 1380 2553 πρὸς
1393 2516 1442 2552 τὴν
1457 2516 1559 2542 οἰκείαν
1586 2516 1606 2532 ³⁸
1624 2515 1787 2542 δυσσέϐειαν
1817 2516 1864 2542 ἒλ-

1066 2576 1126 2594 κειν
1140 2575 1146 2580 ”
1170 2565 1218 2593 καὶ
1238 2565 1298 2596 ταῖς
1318 2563 1480 2599 λεγομέναις
1495 2563 1524 2588 δὲ
1538 2562 1657 2596 Πράξεσι
1673 2562 1728 2588 τῶν
1751 2561 1863 2589 δώδεκα

1065 2611 1233 2641 ἀποστόλων,
1262 2611 1310 2636 καὶ
1330 2610 1446 2644 μάλιστα
1464 2609 1591 2644 ’Λνδρέου
1614 2608 1755 2640 πεποιθὼς
1767 2609 1791 2624 ⁸⁸
1803 2609 1863 2636 δεῖ-

1068 2665 1174 2687 κνυται,
1193 2656 1320 2682 κάκεῖθεν
1333 2654 1402 2689 έχων
1417 2654 1447 2680 τὸ
1462 2654 1590 2689 φρόνημα
1601 2654 1731 2688 ἠρμένον.
1748 2655 1864 2688 Κρατύ-

1068 2711 1109 2729 νει
1134 2702 1162 2728 δὲ
1189 2701 1238 2727 καὶ
1259 2701 1307 2731 τὰς
1324 2698 1561 2734 μετεμψυχώσεις,
1574 2699 1638 2730 τοῦς
1654 2699 1704 2733 μὲν
1716 2699 1756 2729 είς
1774 2699 1863 2733 ἄκρον

882 2760 1001 2788 VARI/IS
1014 2759 1219 2788 LECTIONES.

257 2811 290 2827 ⁸³⁵
305 2810 333 2837 δὲ
348 2818 403 2838 om.
416 2810 450 2837 Α.
489 2810 511 2826 ³’“
527 2814 587 2844 post
603 2809 759 2844 optinent"
774 2807 796 2833 A
813 2807 904 2844 omisi,
916 2815 980 2844 quae
994 2806 1397 2844 νιιιιζο-θιὶιίιιιιιιιτησυνεργεῖν
1413 2803 1489 2844 αὑτῷ
1503 2802 1695 2844 τὸνιδιάϐολον.
1708 2837 1716 2844 Δ
1734 2801 1758 2818 ³⁵
1775 2801 1862 2844 αὑτοῦ

223 2855 254 2879 ς.
292 2847 313 2862 ³⁸
329 2848 376 2872 τοῦ
385 2846 452 2873 Θεοῦ
467 2842 586 2880 Χριστοῦ
604 2852 635 2875 ς.
674 2843 701 2880 δ”,
712 2844 736 2869 οἱ
750 2849 776 2869 et
791 2842 836 2880 ξεί,
850 2842 878 2868 δὲ
889 2842 951 2880 add.
965 2845 998 2868 A.

1037 2837 1059 2857 έδ
1075 2842 1221 2868 θεσπεσίου
1233 2837 1256 2867 Λ
1272 2851 1278 2868 :
1297 2837 1369 2867 υέίου
1385 2850 1414 2872 ς.
1453 2837 1603 2874 ³³ὀίκείαν]
1620 2837 1688 2864 ἰδίαν
1702 2837 1734 2864 Α.
1773 2837 1797 2853 ⁸ο
1814 2845 1864 2863 πε-

224 2876 325 2913 ποιθὼς
340 2897 371 2901 -
390 2882 459 2916 ἔχων
476 2876 499 2906 Α(
515 2890 520 2894 -
536 2881 566 2906 οὐ
585 2879 664 2913 μόνον
678 2879 707 2904 ού
723 2877 889 2910 συντίϐεται,
906 2877 974 2904 ἀλλὰ
986 2877 1114 2905 κάκεῖθεν
1128 2876 1186 2912 ἔχει
1204 2885 1234 2909 ς.
