1923 3091
65 177 119 208 525

600 176 854 207 BIBLIOTHECA
881 188 916 194 -
935 176 1016 206 COD.
1032 177 1169 207 CLXXX.

1647 178 1700 210 526

67 229 174 265 ἀρετῆς
201 228 369 264 ἐληλακότας
397 229 439 260 εἷς
454 228 522 255 Θεὸν
533 229 669 261 ἀναλύων,
699 230 763 262 τοὺς
780 230 803 256 δ’
826 231 865 262 είς

921 231 1072 266 prodigiose
1087 239 1102 258 c
1118 239 1166 258 suo
1181 231 1303 258 conﬁctis
1322 231 1444 263 cerebro,
1470 232 1601 259 malorum
1616 233 1701 260 collu-

64 276 181 310 ἔσχατον
205 276 228 290 ⁸¹
256 275 354 306 κακίας
368 275 435 309 πυρὶ
456 274 544 306 διδοὺς
560 276 607 302 καὶ
622 275 722 310 σκότῳ,
738 276 802 307 τοὺς
828 275 856 302 δὲ

66 322 159 355 μέσως
169 329 229 352 πως
239 320 488 355 πολιτευσαμένους
502 321 585 348 πάλιν
601 321 641 353 είς
658 321 773 356 σώματα
793 330 859 348 κατ-

66 367 153 400 άγων.
167 367 310 402 Κέχρηται
325 366 353 392 δὲ
365 366 501 402 μάρτυσιν
518 367 788 402 ἀπηρυθριασμένως
814 367 862 393 καὶ

65 413 121 443 τοῖς
135 412 186 447 τὴν
198 411 319 446 Ἕλληνα
337 411 488 448 θρησκείαν
497 412 667 448 ἠγαπηκόσι,
690 412 808 447 μάλιστα
829 411 860 438 δὲ

65 458 203 488 Πλάτωνι,
218 458 286 493 πρὸς
302 457 432 484 σύστασιν
442 458 492 492 τῆς
510 457 578 489 ἰδίας
591 458 751 493 Θεομαχίας,
770 457 860 489 θείους

64 504 168 535 αὐτοὺς
183 504 229 530 καὶ
242 504 343 539 ἱεροὺς,
360 503 456 539 ὥσπερ
469 504 518 530 καὶ
536 503 582 530 τὸν
599 505 665 539 παρ’
695 504 770 539 αὒτῷ
792 505 860 539 Χρι-

65 549 129 577 στὸν
140 549 189 576 καὶ
206 550 332 584 Σωτῆρα,
351 550 507 577 ἀποκαλῶν.
530 550 585 576 Καὶ
608 549 677 577 ἄλλα
703 550 732 576 δὲ
759 549 860 585 πολλῆς

63 597 162 628 ἀνοίας
177 596 225 623 καὶ
255 596 332 622 δόλου
365 596 413 622 καὶ
453 595 599 631 ἀθεότητος
625 595 742 631 ἔμπλεα.
770 595 862 631 Μάχε-

65 643 132 668 αοαι
155 642 184 669 δὲ
199 642 274 669 δοκεῖ
289 642 357 677 πρὺς
367 643 417 677 τὴν
434 642 568 678 Εὑνομίου
591 642 763 674 κακοδοξίαν,
783 642 863 674 αὐτὸς

64 689 120 715 οὐδ’
129 689 204 716 ἐστιν
220 689 307 715 εἰπεῖν
318 689 380 715 ὅσον
392 689 497 715 ἐκείνου
513 689 665 724 ἀθεώτερον
682 688 862 724 βλασφημῶν.

911 278 992 309 viem,
1019 284 1101 312 atque
1121 278 1267 313 impietatis
1292 279 1406 313 apicem,
1427 287 1503 306 suam
1536 280 1639 307 stabilit
1658 288 1702 307 se-

915 329 996 351 ctam.
1027 324 1134 351 Divellit
1157 329 1184 351 et
1214 325 1284 351 dicta
1305 325 1426 359 quaedam
1451 326 1547 362 125a
1575 333 1589 352 a
1621 333 1701 354 sacro

915 369 1073 403 Evangelio,
1096 369 1272 403 epistolisque
1292 369 1322 397 Β.
1349 369 1435 402 Pauli,
1454 379 1513 405 quze
1530 375 1558 398 et
1579 371 1636 405 ipsa
1651 372 1700 398 de-

916 420 1044 449 torquere
1065 415 1186 447 molitur,
1212 420 1293 449 atque
1308 415 1341 443 ad
1363 423 1440 443 suum
1462 417 1570 444 trahere
1588 417 1700 452 impium

914 460 1022 494 dogma.
1047 460 1123 487 Actis
1147 460 1210 486 item
1234 460 1297 491 illis,
1331 468 1391 494 quae
1414 461 1555 488 duodecim
1589 467 1701 496 aposto-

913 505 1001 533 lorum
1018 505 1226 540 (22)νοροη1ιιι·,
1240 510 1267 532 et
1277 506 1391 533 Andreae
1403 506 1529 539 maxime,
1545 514 1596 533 non
1613 507 1700 534 solum

915 551 1074 582 assentitur,
1088 552 1134 578 sed
1143 551 1226 578 etiam
1249 551 1311 579 inde
1328 552 1452 585 superbia
1468 553 1615 580 extollitur.
1634 553 1702 580 Prn-

917 597 962 624 bat
975 597 1087 631 insuper
1108 598 1262 624 animarum
1281 598 1479 631 migrationes:
1497 599 1566 626 alios
1581 600 1701 633 quidem,

917 643 962 678 qui
986 644 1018 670 ad
1041 651 1177 670 summum
1201 644 1310 671 virtutis
1333 644 1440 671 culmen
1466 651 1658 678 pervenerunt,
1676 646 1703 672 iu

917 688 1002 716 Deum
1021 688 1200 716 resolvendo:
1216 689 1284 716 alios
1301 697 1376 722 vero,
1391 690 1436 724 qui
1451 697 1586 717 summum
1603 691 1704 725 impro-

63 734 160 761 bitatis
174 735 335 768 attigerunt,
359 734 414 768 igni
432 735 566 762 tradendo
585 742 618 762 ac
635 734 777 767 tenebris;
791 734 859 761 alios
882 734 1009 768 denique,
1030 735 1076 768 qui
1092 735 1181 761 medio
1205 735 1323 769 quodam
1344 736 1424 763 modo
1458 736 1541 762 vitam
1576 737 1704 764 institue-

64 787 145 813 runt,
170 783 196 810 in
212 789 326 817 corpora
350 782 448 810 iterum
467 783 630 810 revocando.
647 782 774 811 Teslibus
799 787 930 818 prmterea
957 782 1017 809 sine
1036 782 1208 815 verecundia,
1235 782 1317 809 etiam
1347 783 1379 810 iis
1403 785 1436 810 ad
1455 791 1532 810 suam
1562 783 1704 811 stabilien-

64 829 130 856 dam
155 827 323 863 impietatem
350 829 446 861 utitur,
485 829 530 863 qui
553 828 674 861 gentium
701 828 859 863 religionem
876 827 985 856 fuerunt
1001 827 1140 861 amplexi,
1160 827 1332 860 maximeque
1353 827 1481 862 Platane,
1509 830 1617 857 divinos
1646 828 1706 856 illos

65 883 98 902 ac
108 882 205 903 sacros
221 873 331 909 (quibus
345 882 421 908 aeque
436 874 592 901 nominibus
605 874 744 902 Christum
761 873 935 901 Servatorem
965 873 1057 908 allicit)
1083 873 1234 908 appellans.
1267 874 1326 901 Alia
1362 882 1469 909 quoque
1505 875 1584 903 aﬂ'ert
1611 876 1706 910 ingen-

65 923 102 950 tis
125 923 265 953 amentiaa,
282 921 399 953 fraudis,
418 925 500 955 atque
526 921 675 956 impietatis
692 920 861 955 pleniSsima.
880 920 909 947 ln
923 920 1047 947 Euttomii
1064 919 1128 947 item
1153 927 1275 948 errorem
1296 920 1386 948 invehi
1417 921 1533 955 videtur,
1560 929 1621 949 cum
1650 923 1707 957 ipse

71 973 206 1004 quantutn
225 967 269 994 vix
295 967 367 994 credi
395 971 494 1000 potest,
518 966 600 1000 impie
610 966 695 1000 magis
716 973 797 1000 quam
819 965 864 993 ille
879 965 1057 1000 blasphemet.

103 1014 185 1040 Ἔστι
206 1013 235 1039 δὲ
257 1013 307 1047 τὴν
328 1012 400 1044 λέξιν
419 1012 466 1039 καὶ
482 1012 581 1047 φράσιν
603 1011 710 1047 ὲνιαχοῦ
741 1013 790 1047 μὲν
810 1012 861 1038 οὐκ

950 1012 1036 1040 Dictio
1046 1011 1105 1046 ejus
1121 1017 1148 1039 et
1165 1012 1272 1047 phrasis
1287 1012 1422 1039 interdum
1439 1013 1547 1048 quidem
1566 1022 1618 1041 non
1639 1022 1707 1041 con-

63 1061 208 1095 ἀδῦκιμος,
227 1058 276 1085 καὶ
294 1059 413 1094 μάλιστα
434 1057 570 1094 ἐκφρασίν
588 1066 662 1090 τινος
675 1058 703 1084 εῐ
716 1067 768 1085 που
786 1059 865 1094 μελε-

64 1107 136 1142 τῴη,
155 1107 184 1132 ὲν
199 1105 228 1132 δέ
245 1113 316 1132 τισιν
333 1104 449 1139 εὐτελὴς
465 1105 511 1131 καὶ
532 1103 608 1130 οὐδὲν
627 1103 790 1139 διενηνοχὼς
810 1104 865 1130 τῶν

65 1154 100 1178 ὲκ
122 1151 243 1187 τριόδου.
267 1150 382 1185 Μετείχε
406 1149 435 1176 δὲ
459 1150 507 1176 καὶ
518 1149 541 1165 ⁸³
566 1149 719 1184 φιλοσόφων
746 1149 827 1176 τινῶν
851 1150 866 1176 ό

66 1199 163 1230 ἅθλιος
189 1197 370 1232 μαθημάτων,
389 1195 445 1222 οὐδ’
466 1196 582 1227 ἐκείνοις
601 1195 632 1222 τὸ
653 1195 797 1222 ἀνόθευτον
818 1195 866 1222 καὶ

67 1245 186 1279 γνήσιον
207 1242 360 1274 διασώζων,
383 1241 452 1268 ἀλλά
474 1241 563 1268 πάντα
580 1241 674 1268 κυκῶν
691 1242 739 1269 καὶ
758 1241 866 1276 συμφύ-

69 1298 137 1325 ρων.
158 1289 214 1316 Καὶ
228 1288 420 1324 κακουργῆσαι
441 1287 491 1323 μὲν
508 1287 625 1323 τάληθὲς
641 1287 688 1314 καὶ
701 1287 780 1320 eaet;
796 1288 819 1304 "
834 1289 865 1314 οὐ

68 1336 169 1371 ςώρῤω
183 1334 230 1361 τοῦ
245 1333 410 1369 δραστηρίου
424 1333 471 1360 καὶ
485 1333 638 1365 δεινότατος
652 1334 688 1365 ⁵⁸,
704 1334 826 1369 ἐξευρεῖν
838 1334 867 1360 δὲ

69 1382 118 1408 καὶ
133 1380 305 1414 κατανοῆσαι
324 1379 464 1411 παντελῶς
479 1379 581 1414 εὐήθης
597 1380 645 1406 καὶ
660 1379 774 1414 ἠλίθιος.
794 1380 868 1414 Χρη-

70 1426 182 1462 σιμεύει
200 1427 230 1453 δὲ
253 1426 284 1453 τὸ
303 1425 458 1453 ἀθεώτατον
480 1425 565 1453 αὑτοῦ
592 1426 641 1453 καὶ
665 1427 868 1461 ἀχρηστότατον

70 1475 220 1508 σύνταγμα
240 1474 282 1505 εἰς
307 1473 417 1507 ἔλεγχον
441 1472 522 1506 μόνον
545 1473 593 1499 καὶ
616 1472 748 1508 αἰσχύνην
763 1473 818 1499 τῶν
834 1473 867 1508 τῇ

69 1520 279 1555 δυσσεόεστάτῃ
305 1519 353 1545 καὶ
371 1519 445 1554 ἀθέῳ
467 1519 532 1554 δόξῃ
560 1518 615 1545 τῶν
637 1518 798 1554 Μανιχαίων
821 1519 870 1546 καὶ

72 1566 150 1602 αὲτῷ
166 1566 265 1599 ἐκείνῳ
283 1565 553 1601 προσ-ἀνακειμένων.

424 1655 489 1682 PII’.

916 1059 1059 1085 temnenda
1072 1079 1080 1092 ,
1095 1058 1247 1093 praesertim
1273 1059 1295 1084 si
1313 1058 1377 1093 quid
1404 1063 1451 1085 attt
1473 1059 1639 1091 describere,
1661 1065 1708 1087 aut

915 1103 1051 1138 explicare
1068 1103 1186 1138 satagit;
1204 1103 1230 1130 in
1247 1103 1410 1138 quihusdam
1426 1110 1519 1130 rursus
1540 1103 1611 1138 vilis,
1622 1104 1706 1132 uinit-

915 1155 968 1182 que
985 1155 999 1174 a
1017 1148 1170 1175 trivialibus
1191 1148 1328 1175 diﬂ'erens.
1344 1148 1459 1183 Atlingit
1477 1153 1503 1176 et
1518 1149 1705 1184 philosophica

916 1195 1038 1228 quaedam
1059 1195 1183 1228 dogmata
1198 1195 1282 1221 miser
1299 1194 1354 1226 ille,
1373 1195 1400 1221 in
1423 1195 1522 1229 quibus
1542 1194 1631 1223 tamen
1648 1203 1708 1232 get"-

917 1247 1026 1266 manum
1046 1240 1112 1267 nihil
1125 1245 1172 1266 aut
1185 1241 1331 1274 genuinum
1349 1241 1456 1273 retinet,
1472 1242 1518 1268 sed
1530 1243 1620 1269 omnia
1641 1244 1707 1269 mis-

917 1292 961 1313 cet
997 1291 1078 1320 atque
1115 1286 1268 1313 confundit.
1296 1287 1337 1313 Ad
1366 1287 1569 1321 depravandum
1606 1289 1708 1316 etenim

916 1339 1011 1358 verum
1035 1336 1192 1366 rectumque
1217 1339 1269 1359 non
1290 1339 1384 1366 parum
1408 1333 1433 1359 ill
1453 1334 1557 1367 agendo
1571 1338 1709 1368 strenuus,

918 1376 960 1403 vel
981 1376 1006 1402 in
1024 1376 1138 1403 dicendo
1164 1376 1260 1410 solers,
1276 1378 1309 1404 ad
1329 1377 1614 1413 inveniendum‘atque
1626 1387 1709 1407 cxco-

917 1419 1057 1455 gitandum
1068 1421 1181 1456 simplex
1195 1423 1306 1449 omnino
1317 1430 1349 1449 ac
1361 1423 1473 1450 stolidus
1485 1424 1709 1458 deprehenditur.

919 1466 1032 1494 Prodest
1054 1471 1143 1493 autem
1164 1467 1275 1502 impium
1303 1468 1375 1495 illius
1403 1473 1485 1502 atque
1508 1469 1707 1503 ineptissimum

919 1520 987 1546 opus
1011 1512 1044 1539 ad
1070 1513 1323 1548 reprehendendum
1349 1514 1499 1546 duntaxat,
1527 1515 1711 1550 pudoremque

920 1557 1116 1591 incutiendum,
1134 1566 1195 1585 cum
1212 1558 1421 1586 Manichaeorum
1438 1560 1629 1595 impiissimam
1647 1562 1711 1589 doc-

922 1606 1032 1638 trinam,
1047 1608 1103 1631 tum
1121 1605 1191 1632 hunc
1206 1605 1294 1640 ipsum
1308 1606 1486 1634 sectantibus.

1247 1650 1378 1678 CLXXX.

78 1702 226 1731 ’derrw
250 1701 434 1736 Λαυρεγτίου
454 1700 663 1736 Φιλαδελφέως
687 1700 740 1728 τοῦ
768 1699 866 1727 Λυδοῦ

921 1694 1033 1723 Joannis
1042 1695 1180 1723 Laurentii
1188 1695 1416 1732 Philadelpltemir
1425 1697 1494 1734 Lydi
1505 1704 1636 1727 tractatus
1647 1705 1708 1727 tres.

353 1736 548 1771 πραγματεῖαι
559 1740 595 1771 τε.

114 1780 341 1816 ’Δνεγνὼσθησαν
363 1781 486 1806 Ἰωάννου
501 1779 668 1814 Λαυρεντίου
680 1777 868 1812 Φιλαδελφέως

73 1827 122 1853 τοῦ
143 1826 232 1853 Λυδοῦ
255 1826 446 1861 πραγματεῖαι
469 1826 556 1860 τρεῖς,
585 1826 652 1858 περὶ
675 1823 867 1857 διοσημειῶν,

74 1873 141 1906 περὶ
154 1870 273 1907 μηνῶν,
293 1870 359 1905 ,περὶ
380 1869 481 1905 ἀρχῶν
495 1868 668 1896 πολιτικῶν.
700 1869 770 1895 Ἀλλ’
786 1870 802 1904 ἠ
819 1869 868 1904 μὲν

76 1919 139 1953 περὶ
155 1917 334 1952 διοσημειῶν,
353 1917 402 1943 ὃσα
418 1925 451 1950 γε
468 1916 530 1943 κατ’
547 1915 617 1951 ἐμὴν
638 1915 729 1950 κρίσιν
746 1914 793 1941 καὶ
807 1916 867 1941 πεῖ-

78 1972 136 1997 ραν,
152 1963 233 1990 οὐδὲν
252 1963 269 1998 ἢ
286 1963 330 1988 ἐπ’
346 1961 434 1996 ὀλίγον
447 1961 584 1996 διενήνοχε
610 1960 712 1996 μύθων·
729 1961 745 1995 ἠ
761 1961 789 1986 δὲ
805 1960 869 1994 περὶ

81 2008 182 2043 μηνῶν,
197 2008 222 2034 εί
242 2008 290 2034 καὶ
305 2006 372 2034 πολὺ
386 2006 417 2033 τὸ
433 2006 569 2042 ἄχρηστον
584 2005 651 2040 ἔχει,
670 2005 727 2032 ἀλλ’
741 2003 788 2032 οὖν
801 2005 868 2040 πρὸς

78 2055 124 2089 τὴν
145 2054 196 2089 τῆς
220 2053 401 2088 ἀρχαιότητος
424 2052 544 2087 μάθησιν
563 2052 676 2088 ἐπίχαρι
689 2060 720 2077 τε
742 2052 788 2077 καὶ
809 2051 869 2077 λίαν

78 2099 216 2135 χρειῶδες·
240 2100 256 2134 ἡ
275 2098 302 2124 δὲ
323 2099 387 2132 περὶ
412 2097 560 2124 πολιτικῶν
575 2097 668 2132 ἀρχῶν
686 2098 741 2123 τοῖ;
757 2096 870 2131 περὶτὰ

77 2143 190 2170 τοιαῦτα.
203 2143 323 2178 μάλιστα
333 2142 569 2177 φιλοτιμουμένοις
580 2142 630 2168 οὑκ
648 2141 708 2177 [211
725 2140 771 2176 lt]
784 2140 871 2175 ἄκομ-

77 2189 125 2222 ψον
140 2187 293 2223 παρέχεται
306 2186 328 2202 ⁵⁸
343 2185 393 2221 τὴν
410 2185 542 2221 ἱστορίαν.

109 2234 255 2268 Κέχρηται
273 2231 296 2259 δ’
310 2228 388 2263 οὗτος
403 2233 417 2258 ὁ
432 2230 610 2267 συγγραφεὺς
623 2231 739 2266 τροπαῖς
754 2230 871 2257 κατακό-

80 2288 141 2314 ρως,
155 2279 204 2305 καὶ
217 2277 353 2312 πολλαχοῦ
369 2277 418 2312 μὲν
430 2276 541 2312 ψυχρῶς
553 2276 623 2310 ἄγαν
637 2277 684 2303 καὶ
696 2276 870 2311 παραὸόλως,

78 2326 133 2351 ἐστι
149 2324 172 2350 δ*
189 2323 254 2350 ἔνθα
270 2322 378 2354 οἰκείως
397 2323 444 2349 καὶ
466 2322 665 2357 ἐπαφροδίτως.
690 2323 749 2349 Κάν
769 2321 793 2337 ⁸⁸
814 2323 871 2352 τοῖς

954 1770 1018 1806 Legi
1034 1771 1149 1799 Joannis
1161 1771 1299 1800 Laurentii
1312 1772 1545 1808 Philadelphensis
1558 1774 1625 1809 Lydi
1639 1779 1710 1801 trac-

920 1822 992 1844 tatus
1009 1823 1081 1846 tres:
1096 1818 1133 1845 De
1144 1819 1290 1853 prodigiis;
1307 1821 1339 1846 de
1351 1821 1495 1853 mensibus,
1506 1825 1533 1848 et
1548 1822 1580 1848 de
1594 1821 1711 1855 politici:

919 1863 1132 1898 magistratibus.
1144 1865 1179 1891 At
1195 1865 1240 1891 ille
1255 1865 1293 1892 De
1305 1867 1444 1901 prodigiis,
1456 1875 1514 1894 mea
1528 1867 1637 1902 quidem
1650 1875 1712 1895 sen-

921 1909 1002 1935 tentia
1034 1914 1116 1944 alque
1139 1909 1260 1942 judicio,
1288 1918 1383 1945 parum
1407 1917 1455 1938 aut
1480 1913 1546 1940 nihil
1575 1921 1589 1940 a
1612 1913 1712 1940 fabulis

920 1953 1018 1981 diiIert.
1038 1954 1114 1981 Alter
1131 1962 1195 1982 vero
1211 1955 1250 1982 De
1268 1957 1411 1989 mensibus,
1428 1958 1478 1985 etsi
1497 1958 1602 1985 inutilia
1628 1959 1712 1986 multa

920 1999 1053 2032 continet,
1065 2000 1098 2027 ad
1114 2001 1286 2036 antiquitatis
1300 2006 1390 2030 tamen
1406 2008 1510 2039 gratam
1525 2005 1713 2040 alquejucun-

920 2044 983 2072 dam
997 2045 1183 2080 cognitionem
1199 2047 1377 2076 vehementer
1397 2050 1526 2083 prodesse
1546 2055 1644 2084 potest.
1662 2051 1714 2078 De-

922 2089 1002 2125 nique
1013 2090 1050 2118 De
1061 2092 1262 2126 magistratibus
1271 2094 1386 2127 politicis
1398 2094 1477 2127 liber,
1489 2095 1522 2122 iis
1529 2096 1712 2129 potissimum,

921 2137 966 2170 qui
983 2136 1115 2171 ejusmodi
1127 2138 1259 2172 ambiunt,
1273 2147 1327 2167 non
1341 2140 1518 2175 inelegantem
1535 2141 1615 2169 εὕει-ι
1629 2142 1714 2170 histo-

922 2189 1003 2208 nam.

960 2226 1051 2255 Utitur
1068 2232 1159 2256 autem
1181 2228 1226 2256 hic
1249 2230 1366 2264 scriptor
1383 2231 1526 2258 verborum
1547 2232 1714 2262 immutatio-

925 2275 1005 2302 nibus
1030 2276 1064 2302 ad
1093 2275 1300 2308 satietatem,et
1325 2277 1482 2312 plerumque
1508 2277 1605 2314 frigide
1632 2279 1715 2307 nimis

923 2325 1004 2354 atque
1017 2320 1165 2353 audacter,
1191 2321 1241 2348 etsi
1267 2321 1400 2348 interdum
1420 2329 1528 2356 quoque
1551 2324 1662 2358 proprie
1682 2333 1714 2351 ac

79 2370 168 2401 ἄλλοις
176 2369 206 2395 δὲ
223 2367 327 2402 πολλὴν
337 2368 410 2394 νοσεῖ
420 2367 469 2402 τὴν
479 2367 649 2402 ἀνωμαλίαν.
664 2367 820 2402 ὑπερόπτης
844 2368 866 2393 ἐι

928 2371 1049 2393 venuste.
1069 2366 1165 2401 125!)
1182 2366 1210 2394 ln
1230 2367 1292 2394 aliis
1314 2368 1378 2395 item
1397 2368 1580 2402 inaequalitate
1595 2370 1713 2401 laborat.

78 2413 116 2446 οἷς
126 2416 158 2442 οὗ
170 2415 222 2446 δεῖ,
235 2415 283 2440 καὶ
297 2412 477 2448 κατεπτηχὼς
491 2413 571 2440 πάλιν
585 2413 614 2439 ὲν
624 2410 665 2444 οἷς
681 2413 718 2448 μὴ
728 2413 779 2444 δεῖ,
791 2412 872 2446 κόλαξ

79 2470 106 2487 τε
113 2461 168 2488 τῶν
176 2460 329 2495 περιόντων
337 2459 550 2494 ἀπροφάσιστος,
558 2458 621 2494 [408
628 2458 674 2493 R.]
681 2458 786 2484 καὶτῶν
794 2458 871 2485 ἀποι-

80 2507 213 2542 χομένων,
226 2507 272 2532 καὶ
288 2504 354 2541 παρ’
365 2502 402 2532 ὦν
416 2505 446 2531 οὺ
459 2504 563 2538 νομίζει
575 2504 653 2538 δίκην
666 2504 770 2539 ὕϐρεως
783 2504 870 2538 πράτ-

80 2552 184 2584 τεσθαι,
203 2553 243 2583 εἰς
253 2552 284 2578 τὸ
298 2550 500 2586 φορτικώτατον
515 2551 578 2581 τοὺς
592 2550 705 2584 μώμους
717 2551 870 2585 διαταχέων.

82 2598 136 2625 Καὶ
149 2597 223 2630 λέξει
241 2597 292 2632 μὲν
305 2597 379 2622 ἔστιν
398 2593 429 2622 οὗ
444 2596 577 2631 κέχρηται
590 2594 683 2629 λογάδι
698 2604 727 2621 τε
742 2595 790 2621 καὶ
804 2596 832 2626 ἐς
842 2596 872 2621 τὸ

82 2642 273 2677 ἡττικισμένον
295 2641 447 2677 ἀνηγμένη,
466 2640 523 2667 ἔστι
541 2640 564 2666 δ’
577 2640 643 2666 ὅπου
661 2642 829 2676 χαμαιπετεῖ
843 2650 873 2667 τε

926 2411 991 2438 dum
1017 2411 1167 2438 fastuosum
1188 2413 1254 2446 agit,
1279 2413 1324 2439 ubi
1349 2420 1403 2440 non
1421 2418 1542 2448 oportet;
1567 2419 1595 2442 et
1619 2420 1714 2442 contra

926 2456 1048 2490 abiectus
1074 2461 1125 2488 est,
1144 2456 1189 2484 ubi
1210 2462 1237 2484 et
1262 2459 1313 2485 hoc
1336 2458 1448 2486 minime
1471 2459 1560 2487 decet.
1583 2460 1716 2488 Adulator

927 2502 1019 2530 adhaec
1032 2503 1208 2537 superstitum
1221 2503 1421 2537 inexcusabilis,
1433 2505 1460 2533 in
1471 2511 1639 2534 mortuorum
1651 2514 1715 2534 vero

926 2556 953 2578 et
966 2559 980 2576 a
997 2551 1096 2585 quibus
1111 2551 1257 2578 vindictam
1273 2559 1326 2578 non
1338 2551 1458 2583 timeret,
1474 2553 1712 2586 reprehensiones,

927 2597 1072 2623 immodice
1094 2595 1207 2624 eﬂ'usus.
1225 2596 1348 2624 Dictioue
1369 2602 1502 2633 prmterea
1524 2599 1610 2626 utitur
1630 2599 1716 2626 inter-

928 2642 991 2669 dum
1003 2642 1113 2677 quidem
1123 2642 1232 2675 selecta,
1243 2648 1325 2678 atque
1335 2643 1485 2671 Atticorum
1499 2652 1575 2673 more
1585 2644 1694 2673 sublimi
1705 2653 1714 2673 :

674 2746 677 2750 1
741 2709 862 2738 VARIIE
878 2710 1082 2740 LECTIONES.

113 2756 134 2771 "
154 2758 305 2796 ἔσχατονΔ
318 2767 324 2785 :
339 2758 423 2796 ἄκρον
435 2767 470 2796 ς,
504 2757 668 2796 "etobsiad.
690 2758 737 2796 A._
762 2757 784 2772 "
801 2758 863 2785 εὐθέ

921 2759 939 2786 C
953 2768 959 2786 :
977 2759 1140 2796 ltotltomag.
1159 2760 1233 2788 εὐθύ.
1274 2760 1296 2777 ⁸⁵
1312 2761 1465 2794 δεινότατος
1482 2769 1555 2791 corr.
1568 2761 1611 2792 A:
1629 2761 1715 2790 δεινό-

82 2800 161 2828 τητος
176 2803 208 2826 ς.
248 2794 273 2809 ⁸⁸
288 2794 446 2829 περιέχεται
458 2795 490 2821 Α.
529 2794 552 2809 ⁸⁸
568 2793 620 2820 κάν
632 2794 653 2820 Λ
672 2802 679 2819 :
695 2793 740 2819 κο.ὶ
756 2800 787 2824 ς.

837 2850 953 2879 ΝΟΤᾸΕ.

837 2851 859 2877 Ν
887 2851 953 2879 TE.

117 2896 176 2931 (22)
196 2897 232 2923 De
251 2897 352 2931 quibus
368 2897 482 2932 copiose
500 2896 531 2924 Ι).
551 2896 650 2924 liaron.
670 2902 688 2924 ι.
707 2897 725 2931 l,
743 2897 776 2924 ad
791 2851 892 2924 annui:
908 2898 1011 2926 Christ.
1033 2898 1076 2925 Μ.
