1923 3091
198 171 249 202 527

742 167 879 198 PHORII
899 165 1154 197 PATRIARCH/E
1171 165 1225 196 ΟΡ.

1775 163 1829 194 5‘28

198 232 225 253 et
247 229 289 254 est
312 231 430 255 rursum,
444 224 487 251 ubi
510 230 540 250 ea
558 227 634 258 repat
648 223 740 255 humi,
757 226 839 258 atque
861 222 982 257 neglecta
997 243 1000 249 λ

1054 221 1081 247 αἱ
1098 219 1302 256 παρεωραμένῃ
1315 219 1363 246 καὶ
1379 219 1462 255 μηδὲν
1480 218 1583 254 ἐχούσῃ
1599 218 1654 244 τῶν
1671 218 1703 245 ὲκ
1717 219 1829 253 τριόδου

199 272 245 303 sit,
259 271 381 305 nihilque
391 277 472 304 supra
487 269 621 296 trivialem
635 267 739 295 alferat.
752 269 850 295 Verum
867 268 892 294 in
908 267 983 294 libris

201 317 239 344 De
251 316 390 351 prodigiis,
403 322 435 342 ac
444 315 481 342 De
494 315 625 342 mensibus
641 321 721 341 nemo
734 313 858 341 fortassis
881 313 984 340 idcirco

200 363 286 398 ipsum
305 361 449 389 admodum
471 360 697 396 reprehenderit:
713 360 821 394 quando
840 364 930 386 tamen
951 358 985 386 de

199 410 317 445 politicis
333 415 415 443 agens
432 407 644 442 magistratibus,
660 412 687 435 et
704 407 849 434 historicas
864 405 986 433 referens

201 455 384 486 narrationes,
395 458 441 480 aut
459 453 565 488 aliquos
580 453 730 480 laudandos
744 452 987 486 suscipiens.eam-

200 502 260 528 dem
275 500 374 528 retinet
386 499 493 527 dicendi
510 499 760 533 inaequabilitatem,
771 506 832 525 cum
848 497 875 525 in
889 497 987 524 dictio-

202 547 280 573 nibus
297 549 377 580 atque
393 544 529 576 sensibus,
545 548 601 570 tum
618 543 645 569 in
661 542 860 576 compositione
873 541 989 575 scripto-

201 599 272 624 rum,
294 590 396 618 nullam
420 597 470 625 ego
493 589 599 616 veniam
616 588 745 623 deinceps
769 587 902 622 ejusmodi
922 587 988 614 vitia

201 637 300 665 mereri
315 637 404 663 video.

236 680 364 708 Militavit
382 680 425 706 hic
439 679 484 706 vir
499 679 549 706 sub
561 677 695 711 praefectis
708 685 808 704 annum
824 684 908 711 agens
917 678 990 705 vice-

203 726 300 752 simum
321 725 448 760 primum.
467 724 567 751 Aitatis
585 731 649 750 vero
668 723 875 758 quadragesimo
896 730 992 749 causas

203 772 268 805 egit,
291 771 388 798 deinde
415 775 442 797 et
467 769 668 796 matricularius
689 768 745 803 (23)
771 768 833 800 fuit,
855 773 914 803 post
933 775 993 802 quae

204 822 324 851 tempora
336 820 362 843 et
379 820 506 844 tractatus
519 816 577 843 illos
593 823 624 843 se
641 815 838 849 conscripsisse
859 815 952 845 refert,
967 818 994 841 et

206 862 377 896 imperatoris
397 862 499 896 judicio
518 861 617 896 palatio
637 861 748 896 dignum
775 868 836 888 esse
861 861 992 888 habitum.

1035 267 1126 294 πλέον.
1150 266 1220 293 ’Δλλ”
1236 267 1265 293 ὲν
1285 266 1335 301 μὲν
1353 267 1387 301 τῇ
1412 265 1479 299 περὶ
1502 264 1684 299 διοσημειῶν
1699 265 1747 291 καὶ
1762 266 1832 299 περὶ

1032 313 1138 348 μην-ῶν
1152 314 1297 348 συγγραφῇ
1318 312 1414 339 τούτου
1429 320 1461 346 γε
1475 311 1558 338 ἓνεκα
1571 312 1602 338 οὑ
1618 311 1691 346 μάλα
1705 311 1728 328 ⁸⁷
1741 311 1774 338 ἀν
1788 321 1832 343 τις

1037 359 1102 391 ἴσως
1118 359 1199 385 αὑτὸν
1215 359 1366 393 νεμεσήσῃ·
1391 358 1435 384 ὅτε
1457 357 1487 384 δὲ
1510 358 1557 384 καὶ
1578 357 1722 389 πολιτικὰς
1743 357 1833 393 ἀρχὰς

1037 406 1215 441 ἀναγράφων,
1236 406 1283 432 καὶ
1302 404 1335 439 δὴ
1357 404 1406 431 καὶ
1426 404 1580 440 ἱστορικοὺς
1596 403 1702 436 διεξιὼν
1723 403 1832 438 λόγους,

1037 452 1105 479 ἀλλὰ
1116 451 1164 478 καὶ
1177 452 1217 482 είς
1228 451 1306 477 ὲνίων
1318 450 1444 485 ἐγκώμια
1453 449 1560 480 καθιεὶς
1570 449 1676 481 ἑαυτὸν,
1686 449 1736 484 τῆς
1746 449 1834 484 αὐτῆς

1040 498 1097 523 ἐστι
1114 495 1191 531 φίλος
1207 495 1367 531 ἀνωμαλίας
1383 496 1447 530 περί
1460 504 1489 521 τε
1499 495 1548 529 τὴν
1560 493 1633 526 λέξιν
1648 494 1695 520 καὶ
1710 494 1756 521 τὸν
1770 494 1836 521 νοῦν

1039 542 1086 569 καὶ
1098 542 1147 577 τὴν
1159 540 1284 573 σύνταξιν
1293 542 1347 568 τῶν
1360 541 1572 577 γεγραμμένων,
1586 541 1626 571 εἰς
1641 540 1770 575 οὐδεμίαν
1779 540 1837 566 λοι-

1040 589 1091 616 πὸν
1107 587 1272 624 συγγνώμην
1285 588 1340 624 ὁρῶ
1354 589 1403 623 τὴν
1417 587 1548 623 τοιαύτην
1561 586 1754 622 πλημμέλειαν
1769 587 1838 614 ἁνα-

1042 634 1195 670 φερομένην
1202 654 1208 660 .

1083 679 1300 715 Ἐστρατεύσατο
1313 679 1334 706 δ’
1348 676 1427 712 οὗτος
1443 680 1456 706 ὁ
1474 679 1543 716 ἀνὴρ
1560 679 1613 706 ὑπὸ
1627 681 1684 711 τοῖς
1701 679 1838 714 ὑπάρχοις

1043 727 1116 760 ἄγων
1132 726 1240 762 ἡλικίας
1253 729 1306 759 κα’,
1323 726 1369 761 ἔτη
1389 726 1418 752 δὲ
1436 729 1461 761 μ’
1484 726 1624 760 δικολόγος
1640 725 1688 758 ὢν,
1710 723 1770 752 εἶτα
1789 726 1838 752 καὶ

1046 772 1275 807 ματρικουλάριος
1295 771 1329 788 ἰδ’
1355 771 1413 808 μεθ’
1428 772 1458 798 ὃν
1479 771 1574 807 χρόνον
1589 771 1637 798 καὶ
1658 771 1706 802 τὰς
1725 771 1838 806 εἰρημέ-

1044 826 1093 849 νας
1111 817 1270 852 συγγράψαι
1287 817 1363 852 λέγει
1374 817 1397 833 ⁸⁹
1418 818 1621 853 πραγματείας,
1635 817 1681 844 καὶ
1696 817 1745 852 τῆς
1758 817 1838 851 βασι-

1045 863 1126 898 λικῆς
1144 863 1227 899 αὐλῆς
1241 863 1326 899 ψήφῳ
1346 863 1480 898 βασιλέως
1497 864 1660 899 ἀξιωθῆναι.
1676 863 1779 899 Χρόνος
1795 863 1837 894 δὲ,

207 907 244 935 De
260 913 380 942 tempore
397 915 449 942 quo
465 907 532 934 vixit
549 916 556 934 :
573 907 711 934 Anastasii
731 907 873 941 imperium
892 907 993 941 attigit,

1054 909 1107 936 tae‘
1123 908 1153 936 ὃν
1168 905 1247 941 οὗτος
1262 910 1337 936 ὲὸίου
1349 909 1382 943 ⁸⁸,
1405 910 1582 937 Ἀναστασίου
1602 911 1704 946 ἥπτετο
1722 909 1772 944 τῆς
1787 909 1839 944 βα-

206 958 233 980 et
248 952 345 981 Justini
363 954 504 988 transegit,
521 954 699 989 gubernantis
715 953 826 988 insuper
839 957 900 988 post
919 952 992 979 illum

205 997 353 1028 Justiniani
377 1000 518 1027 emetiens.
538 999 678 1034 Religione
698 1007 763 1026 vero
781 998 996 1033 superstitiosior

207 1046 324 1073 videtur.
337 1045 482 1073 Gentilium
498 1046 568 1074 enim
583 1050 683 1073 sectam
696 1045 759 1072 colit
773 1045 854 1072 simul
875 1049 903 1072 et
916 1044 995 1071 [idem

208 1097 341 1125 nostram,
360 1093 399 1120 sic
423 1097 522 1125 tamen,
543 1097 573 1119 ut
596 1092 681 1119 lector
707 1099 760 1119 non
783 1091 862 1118 facile
877 1091 996 1126 colligat,

209 1143 298 1165 utrum
325 1138 366 1166 sic
385 1145 448 1165 vere
468 1138 577 1171 sentiat,
596 1145 630 1165 an
649 1137 739 1172 potius
758 1137 841 1164 veluti
866 1137 893 1164 in
915 1143 997 1165 scena

209 1184 292 1212 ludat.

555 1229 674 1256 LXXXI.

555 1229 573 1256 L
601 1229 674 1256 XXI.

209 1275 346 1304 Damam’i
358 1276 518 1304 Damatccni
529 1229 605 1309 (Ehe:
617 1276 655 1302 De
666 1275 764 1303 lsidori
777 1275 926 1310 philosophi
935 1275 998 1301 vita.

245 1355 344 1383 Lectus
356 1359 397 1381 est
411 1354 567 1382 Damascius
582 1354 766 1381 Damascenus
780 1353 816 1380 De
828 1352 928 1379 Isidori
943 1352 1001 1387 plri-

211 1400 312 1435 losophi
329 1401 381 1428 vita
399 1400 467 1436 (24),
484 1399 564 1428 Liber
583 1404 626 1428 est
647 1399 794 1426 multorum
811 1402 950 1430 versuum,
973 1397 1000 1424 in

211 1446 300 1481 capita
328 1445 385 1482 (25)
413 1445 471 1473 fere
497 1445 638 1481 sexaginta
662 1445 777 1472 divisus.
795 1443 889 1471 lsidori
912 1448 1002 1471 autem

211 1494 295 1520 vitam
308 1493 427 1521 scribere
442 1493 597 1526 instituens,
609 1491 759 1520 Theodore
773 1491 881 1518 cuidam
895 1489 1004 1518 feminae

212 1545 280 1572 opus
296 1537 437 1571 inscribit,
451 1537 622 1565 ethnicorum
645 1545 725 1572 aeque
742 1538 843 1564 cultum
869 1536 1003 1569 sectanti,

1046 955 1150 988 σιλείας
1173 956 1220 982 καὶ
1241 956 1291 991 τὴν
1320 956 1466 982 Ἰουστίνου
1496 956 1636 991 ὲπεραῐου,
1661 955 1768 991 μετρῶν
1792 955 1841 982 καὶ

1045 1001 1092 1027 τοῦ
1110 1001 1168 1036 μετ’
1185 1001 1289 1027 ἐκεῖνον
1307 1000 1510 1028 Ἰουστινιανοῦ.
1530 1001 1585 1036 Τὴν
1605 1001 1634 1027 δὲ
1658 1000 1806 1036 θρησκείαν
1826 1001 1841 1026 ὸ

1047 1047 1116 1083 ἀνὴρ
1135 1046 1207 1074 ἔοικε
1223 1046 1397 1082 δεισιδαίμων
1418 1045 1499 1073 εἶναι*
1513 1046 1622 1074 σέϐεται
1640 1047 1690 1082 μὲν
1702 1048 1755 1082 γὰρ
1767 1047 1789 1063 ⁸³
1805 1047 1842 1073 τὰ

1053 1094 1189 1128 Ἑλλήνων
1204 1094 1252 1120 καὶ
1273 1093 1388 1125 θειάζει,
1411 1092 1515 1125 θειάζει
1540 1093 1569 1120 δὲ
1590 1093 1638 1120 καὶ
1655 1093 1689 1120 τὰ
1704 1093 1841 1129 ἡμέτερα,

1050 1140 1087 1174 μὴ
1103 1139 1193 1171 διδοὺς
1213 1140 1271 1170 τοῖς
1292 1139 1529 1173 ἀναγινώσκουσιν
1545 1139 1577 1165 ὲκ
1591 1138 1637 1164 τοῦ
1653 1138 1753 1174 ῥᾴστου
1770 1146 1840 1173 συμ-

1050 1186 1141 1213 ϐαλεῖν
1150 1185 1264 1221 πότερον
1271 1185 1343 1212 οὕτω
1352 1184 1469 1221 νομίζων
1478 1184 1591 1218 θειάζει,
1600 1185 1617 1220 ἦ
1626 1185 1663 1217 ὼς
1672 1184 1719 1211 ἐπὶ
1728 1184 1843 1220 σκηνῆς.

1408 1231 1499 1257 ΡΠΛ’.

1050 1278 1224 1313 Δαμασκιου
1254 1276 1455 1312 Δαμασκηνοῦ
1481 1275 1598 1313 εῑςντόν
1619 1275 1771 1310 ἰσιδώρου
1790 1275 1846 1302 τοῦ

1314 1312 1487 1347 φιλοσόφου
1500 1312 1586 1344 βίον.

1093 1358 1263 1393 Ἀνεγνώσθη
1304 1359 1465 1393 Δαμασκίου
1495 1357 1677 1393 Δαμασκηνοῦ
1714 1358 1758 1390 εὶς
1791 1357 1847 1384 τὸν

1059 1405 1208 1439 Ἱσιδώρου
1230 1404 1285 1431 τοῦ
1306 1405 1479 1439 φιλοσόφου
1501 1404 1585 1436 βίον·
1602 1404 1659 1430 ἐστι
1684 1403 1735 1438 μὲν
1753 1400 1800 1429 οὖν
1816 1410 1849 1429 το

1055 1451 1159 1487 βιϐλίον
1175 1449 1350 1485 πολύστιχον,
1368 1451 1451 1476 οἱονεὶ
1471 1450 1501 1477 δὲ
1517 1449 1676 1484 κεφαλαίοις
1691 1449 1712 1482 ξ’
1729 1450 1850 1484 ἀπαρτί-

1055 1498 1141 1530 ζεται.
1164 1497 1283 1532 Γράφειν
1305 1496 1334 1523 δὲ
1352 1496 1399 1523 τὸν
1425 1496 1560 1532 Ἰσιδώρου
1587 1496 1643 1531 βίον
1668 1496 1848 1532 προθέμενος,

1055 1542 1181 1578 Θεοδώρῳ.
1192 1543 1246 1569 τινὶ
1258 1542 1288 1568 τὸ
1301 1541 1446 1577 σύνταγμα
1463 1542 1711 1577 προσπεφώνηκεν,
1728 1541 1851 1576 Ἕλληνα

213 1590 241 1612 et
255 1584 446 1620 philosophica}
461 1584 599 1616 doctrinae,
621 1584 799 1618 omniumque
815 1583 872 1611 sive
887 1582 921 1610 ad
938 1590 1000 1617 poe-

1057 1589 1106 1624 μὲν
1119 1577 1250 1623 καὶναὺτῇ
1267 1587 1418 1622 θρησκείαν
1431 1587 1552 1622 τιμὼσῃ,
1571 1586 1741 1622 μαθημάτων
1754 1587 1783 1613 δὲ
1795 1587 1851 1613 τῶν

216 1630 306 1663 ticam,
316 1630 374 1657 sive
389 1630 422 1657 ad
435 1629 640 1664 grammaticam
655 1627 811 1655 facultatem
824 1627 1003 1662 spectantium

216 1683 268 1703 non
283 1675 425 1710 imperitia,
445 1676 499 1703 imo
518 1679 546 1703 et
562 1676 595 1702 ad
608 1674 802 1709 geometricam
815 1679 897 1708 atque
920 1673 1006 1700 arith-

216 1721 342 1749 meticam
369 1721 581 1756 speculationem
609 1724 729 1752 evectze;
752 1726 833 1754 quam
858 1726 913 1746 una
943 1726 1004 1745 cum

213 1768 367 1804 junioribus
392 1768 532 1795 sororibus
560 1767 681 1795 Isidorus
710 1767 767 1801 ipse
791 1770 872 1800 atque
892 1765 1006 1792 Damas-

217 1814 276 1841 cius
301 1814 384 1841 variis
408 1815 557 1841 docuerant
583 1811 760 1847 temporibus.
781 1811 850 1839 Filia
875 1811 932 1838 haec
956 1810 1007 1837 l‘uit

220 1858 325 1894 126a
338 1858 455 1893 Cyrime,
466 1861 548 1892 atque
560 1857 697 1892 Diogenis,
714 1857 822 1885 Eusebii
839 1855 870 1883 F.
884 1855 1007 1884 Flaviani

218 1904 287 1939 Nep.
301 1903 349 1938 qui
362 1911 448 1938 genus
464 1903 542 1931 duxit
557 1911 572 1930 a
590 1903 819 1939 Sampsigeramo,
835 1907 864 1930 et
878 1902 1006 1933 Monimo,

219 1958 234 1978 a
252 1951 351 1986 quibus
371 1956 398 1978 et
416 1950 583 1978 Jambliclius
604 1950 736 1985 originem
754 1949 860 1983 repetit,
877 1949 944 1975 viris
963 1947 1008 1982 qui

218 1997 322 2032 primas
339 1997 365 2024 in
387 1996 556 2024 idololatrica
572 1996 766 2031 superstitione
782 1995 911 2022 tulerunt.
925 1994 1010 2029 Igitur

220 2043 378 2070 Damascius
392 2041 487 2070 Isidori
513 2043 595 2069 vitam
613 2042 676 2069 huic
689 2042 808 2074 dedicat,
829 2041 907 2076 cujus
927 2041 1009 2068 etiam

219 2089 327 2124 petitio,
338 2089 530 2116 accedentibus
540 2094 568 2116 et
582 2089 643 2115 aliis
656 2088 817 2123 quibusdam
830 2087 932 2120 causis,
947 2095 1011 2114 auc-

221 2142 308 2164 tort-m
324 2137 357 2162 ad
372 2135 546 2163 scribendum
568 2135 686 2170 impulit,
704 2139 732 2161 ut
747 2139 876 2162 testatum
892 2134 950 2168 ipse
966 2141 1010 2160 re-

221 2181 310 2216 liquit.
336 2180 429 2216 Neque
459 2185 548 2208 tanten
576 2180 672 2207 lsitlori
692 2180 779 2216 magis
806 2180 900 2212 vitam,
929 2187 1010 2214 quam

221 2226 367 2254 multorum
382 2226 509 2258 aliorum,
523 2227 569 2260 qui
588 2227 629 2253 vel
646 2226 741 2253 eadem
754 2234 815 2253 cum
832 2233 874 2257 eo,
889 2225 929 2252 vel
941 2233 1010 2260 prae-

221 2273 333 2300 cedente
343 2276 422 2299 :etate
434 2271 593 2304 ﬂoruerunt,
604 2280 656 2299 una
668 2272 815 2299 describit:
827 2273 895 2299 actis
905 2279 1014 2306 quoque

221 2325 315 2345 eorum
332 2326 364 2345 ac
385 2318 592 2346 narrationibus
621 2326 682 2346 cum
707 2319 925 2353 digressionibus
952 2319 1013 2352 plu-

223 2365 301 2392 rimis
317 2365 350 2391 ad
365 2365 517 2392 satietatem
532 2364 685 2399 ,adjunctis.
702 2365 742 2391 Ad
757 2365 915 2399 religionem
933 2372 1014 2399 porro

223 2409 295 2443 quod
316 2409 424 2440 attinet.
436 2417 542 2436 summe
562 2409 586 2436 is
599 2409 699 2443 impius
718 2408 778 2442 fuit,
792 2414 820 2436 et
835 2409 913 2436 novis
933 2415 1015 2444 atque

223 2455 340 2482 anilibus
364 2454 471 2482 fabellis
487 2455 607 2482 animum
627 2455 684 2489 (26)
704 2454 784 2482 simul
799 2462 831 2482 ac
862 2462 1015 2482 sermonem

224 2499 354 2528 refertum
368 2508 476 2535 gerens.
493 2500 583 2533 Quare
597 2505 625 2528 et
639 2506 763 2529 sanctam
786 2500 866 2528 [idem
883 2506 1015 2530 nostram,

1054 1642 1084 1659 τε
1103 1632 1174 1660 κατὰ
1198 1633 1372 1667 φιλοσοφίαν,
1398 1633 1445 1659 καὶ
1461 1632 1513 1658 ὅσα
1537 1633 1602 1666 περὶ
1625 1632 1739 1665 ποιητάς
1755 1640 1785 1657 τε
1803 1632 1852 1657 καὶ

1054 1679 1254 1714 γραμματικὴν
1283 1678 1430 1714 στρέφεται
1462 1677 1621 1713 ὲμπειρίαν,
1649 1678 1699 1704 οὐκ
1727 1677 1853 1711 ἀπείρως

1056 1725 1166 1760 ἐχούσῃ,
1182 1725 1252 1751 ἀλλά.
1270 1733 1303 1758 γε
1323 1724 1371 1751 καὶ
1387 1724 1455 1759 πρὸς
1469 1724 1665 1760 γεωμετρικήν
1683 1732 1713 1749 τε
1729 1724 1773 1749 κα.ὶ
1790 1723 1855 1758 ἀρε-

1057 1771 1191 1807 θμητικὴν
1201 1771 1344 1807 ἀνηγμένῃ
1354 1771 1480 1806 θεωρίαν,
1492 1771 1575 1798 αὐτοῦ
1586 1779 1615 1796 τε
1633 1770 1792 1805 Δαμασκίου
1804 1770 1857 1796 ιιιαὶΙ

1064 1817 1197 1851 Ἰσιδώρου
1204 1816 1226 1832 ⁵³
1233 1816 1282 1851 τὴν
1289 1817 1464 1843 διδασκαλίαν
1470 1817 1537 1852 αὐτῇ
1546 1824 1577 1842 τε
1584 1817 1632 1842 καὶ
1638 1816 1856 1850 ταῖςνεωτέραις

1057 1862 1186 1896 ἀδελφαῖς
1196 1861 1268 1888 κατὰ
1281 1861 1426 1896 διαφόρους
1435 1861 1548 1896 χρόνους
1561 1860 1767 1894 πεποιημένων.
1778 1860 1856 1894 Αὕτη

1059 1908 1183 1942 Θυγάτηρ
1209 1907 1333 1941 ἐγεγόνει
1352 1907 1474 1942 Κυρίνας
1496 1908 1542 1933 καὶ
1563 1907 1706 1941 Διογένους
1730 1905 1778 1932 τοῦ
1800 1906 1857 1932 Εὑ-

1060 1953 1151 1979 σεϐίου
1167 1953 1213 1979 τοῦ
1227 1951 1388 1984 Φλαϐιανοῢ,
1402 1951 1432 1983 ὃς
1447 1949 1523 1978 εἷλκε
1537 1951 1568 1978 τὸ
1584 1952 1663 1985 γένος
1677 1951 1730 1977 ἀπὸ
1746 1950 1859 1986 Σαμψι-

1060 1998 1184 2033 γεράμου
1194 1997 1217 2013 ⁵⁸
1237 2005 1267 2023 τε
1288 1997 1336 2024 καὶ
1360 1996 1495 2031 Μονίμου,
1517 1997 1557 2028 είς
1578 1995 1627 2027 οὒς
1650 1997 1783 2030 ἀνάγεται
1808 1997 1860 2022 καὶ

1067 2043 1231 2078 Ἰάμϐλιχος,
1248 2042 1348 2078 ἄνδρας
1366 2042 1400 2068 τὰ
1417 2042 1512 2078 πρῶτα
1527 2043 1576 2078 τῆς
1608 2041 1862 2077 εἰδωλολατρούσης

1060 2090 1189 2120 ἀσεϐείας
1204 2089 1457 2124 ἀπενεγκαμένους.
1476 2089 1532 2124 Τὴν
1556 2088 1606 2124 μὲν
1623 2088 1670 2115 οὖν
1692 2088 1861 2123 βιογραφίαν

1068 2134 1205 2169 Ἰσιδώρου
1225 2134 1239 2158 ὁ
1252 2133 1276 2148 ⁸⁵
1298 2134 1455 2168 Δαμάσκιος
1473 2133 1557 2170 ταύτῃ
1575 2134 1742 2170 προσφωνεῖ,
1759 2140 1794 2169 ης
1809 2134 1862 2160 καὶ

1064 2180 1080 2214 ἠ
1098 2179 1223 2212 ἀξίωσις,
1240 2178 1286 2205 καὶ
1298 2179 1386 2206 ἄλλων
1403 2180 1482 2206 τινῶν
1500 2180 1647 2206 συναιτίων
1662 2179 1862 2214 γεγενημένων

1064 2225 1114 2260 τῆς
1125 2226 1294 2261 προτροπῆς,
1302 2225 1376 2252 αἰτία
1386 2226 1505 2260 κατέστη
1514 2226 1553 2261 τῷ
1562 2226 1725 2260 συγγραφεῖ,
1736 2225 1862 2262 [21211.]

1064 2271 1189 2307 καθάπερ
1202 2272 1282 2303 αὐτὸς
1298 2272 1527 2307 ὲπιμαρτύρεται,
1539 2272 1589 2307 τῆς
1606 2271 1735 2307 σπουδῆς.
1751 2273 1789 2299 Οὐ
1805 2274 1864 2307 μὴν

1063 2327 1096 2353 γε
1112 2318 1212 2353 μᾶλλον
1234 2318 1369 2353 Ὶσιδώρου
1385 2318 1442 2353 βίον
1457 2319 1473 2353 ἢ
1495 2318 1600 2345 πολλῶν
1615 2318 1713 2351 ἄλλων,
1732 2319 1788 2344 τῶν
1810 2319 1863 2353 μὲν

1067 2364 1284 2399 συνηκμακότων
1314 2365 1421 2400 τάνδρὶ,
1442 2364 1496 2391 τῶν
1520 2364 1548 2391 δὲ
1572 2365 1620 2391 καὶ
1640 2356 1862 2399 προγεγονότων,

1065 2410 1281 2445 συναναγράφει,
1309 2411 1424 2446 πράξεις
1444 2420 1474 2437 τε
1501 2412 1548 2438 καὶ
1571 2411 1730 2446 διηγήματα
1755 2411 1865 2439 τούτων

1070 2456 1248 2488 συνδιατιϐεὶς
1260 2457 1307 2484 καὶ
1316 2457 1430 2493 πλείστῃ
1439 2457 1579 2492 χρώμενος
1591 2457 1637 2484 καὶ
1649 2457 1720 2484 κατά
1732 2457 1814 2493 κόρον
1826 2460 1864 2494 τῇ

1071 2502 1260 2537 παρεκδρομῇ.
1279 2502 1356 2528 Ἔστι
1371 2502 1401 2528 δὲ
1421 2503 1470 2537 τὴν
1489 2503 1538 2538 μὲν
1559 2503 1623 2538 περὶ
1639 2503 1673 2529 τὰ
1697 2502 1756 2529 θεῖα
1781 2503 1865 2535 δόξαν

866 2558 984 2586 νΛΚΙΑΞι
1002 2558 1207 2587 LECTIONES.

261 2606 284 2622 "
301 2607 374 2641 μάλα
395 2607 417 2634 Α
436 2616 442 2633 :
458 2607 575 2642 μάλιστα
597 2616 627 2639 ς.
655 2606 730 2642 αὑτῷ
746 2614 820 2634 corr.
840 2607 873 2633 Α.

225 2641 330 2678 Joanne
342 2642 416 2678 Lydo
432 2641 463 2677 βξ
473 2642 555 2669 XXII.
595 2642 616 2658 δ’
631 2641 883 2678 λέγεισυγγράῲαι
899 2650 929 2678 ς·Ἰ

225 2676 248 2692 Μ
266 2677 283 2692 \‘

265 2677 481 2714 Σαμψιγεράμου
493 2679 538 2705 AC
552 2687 558 2704 :
579 2677 796 2712 Ζαμψιγεράμου
815 2686 845 2708 ς.

928 2606 951 2622 ⁸⁸
977 2605 1219 2642 ματρικουλᾰριος]

968 2641 991 2656 lo
1006 2641 1069 2656 ιιτί...
1087 2651 1105 2656 -
1156 2643 1176 2656 II
1192 2644 1219 2656 ..λ

899 2650 929 2673 ς.
968 2641 991 2657 ¹¹⁰
1005 2641 1071 2668 ἐϐίω
1085 2651 1117 2674 ς.
1150 2641 1176 2658 ⁷⁵¹
1192 2641 1246 2677 γὰρ
1259 2641 1322 2670 add.
1337 2643 1371 2669 A.

883 2677 906 2692 '”
920 2676 935 2702 ὁ
950 2677 1012 2704 add.
1030 2678 1063 2703 Α.

1242 2608 1465 2642 κορνικουλάριος
1490 2606 1590 2634 Hasius
1614 2611 1799 2634 commentar.
1828 2607 1866 2635 de

1408 2644 1436 2667 δ’.
1448 2642 1582 2677 Ἰσιὸώρου
1597 2643 1644 2669 καὶ
1656 2643 1815 2676 Δαμασκίου
1831 2651 1863 2674 ς.

987 2723 1106 2751 NOTAE.

261 2769 318 2804 (ΞΕ)
332 2770 419 2803 Fisci,
436 2770 504 2803 l'ori,
520 2778 554 2797 an
574 2770 678 2797 militiae
706 2770 804 2797 tabulis
824 2770 868 2797 hic
888 2769 1016 2803 ιιι-ωτιιίιῖ

227 2804 332 2833 Iudices
355 2807 427 2832 enim
447 2810 475 2832 et
497 2804 635 2839 catalogos
657 2805 808 2839 iurisperiti
831 2807 966 2837 matrices,
984 2812 1015 2834 ac

227 2847 274 2874 per
290 2840 509 2871 diminutionem,
523 2839 678 2867 matricidas
694 2840 825 2874 appellare
841 2839 924 2867 soliti.

262 2874 318 2909 (24)
333 2874 467 2910 Excerpta
484 2875 548 2903 inde
568 2874 616 2902 inf.
634 2877 754 2910 reperias
765 2882 825 2909 cap.
839 2874 905 2902 ‘242.

1067 2769 1245 2838 εηὲἓὸρ-ἓυο
1281 2769 1363 2797 etiam
1387 2770 1560 2798 distinctione
1586 2777 1650 2796 usus
1674 2769 1777 2796 dicitur
1801 2776 1863 2803 sup.

1122 2824 1128 2830 .
1164 2813 1181 2830 ὗ
1204 2823 1210 2830 .

1122 2824 1128 2830 .
1147 2813 1210 2830 που.

1103 2839 1159 2873 (26)
1181 2839 1266 2875 Quem
1282 2840 1439 2873 apparuisse
1451 2840 1558 2868 vldetur
1571 2844 1689 2875 quatuor
1707 2838 1763 2867 illis
1775 2838 1864 2867 Pura-

1066 2876 1154 2902 doxon
1171 2874 1249 2902 libris
1259 2881 1318 2909 sup.
1334 2883 1393 2909 cap.
1407 2876 1468 2902 150.
