1923 3091
84 170 139 202 59.9

603 167 866 204 BIBLIOTHECA,
877 179 912 184 -α
927 167 1009 198 COD.
1029 167 1181 197 GLXXXL

1655 167 1707 199 530

84 226 125 256 είς
150 224 235 259 ἄκρον
255 222 398 257 δυσσεϐὴς,
421 221 523 248 καινῶν
533 222 556 238 ⁸⁵
572 221 601 248 δὲ
619 223 667 249 καὶ
690 221 872 257 γραοπρεπῶν

929 222 1032 249 tametsi
1058 222 1164 254 timide,
1193 226 1316 257 tet-taque
1340 223 1543 256 malevolentia.
1569 231 1622 251 non
1646 232 1708 253 raro

86 270 230 306 μυθαρίων
244 270 326 296 αὐτόν
339 277 368 295 τε
385 269 431 294 τὸν
443 269 506 294 νοῡν
519 268 566 294 καὶ
578 267 641 300 τοὺς
656 268 752 302 λόγους
766 267 872 302 πεπλησ

86 317 219 352 ρωμένος·
243 316 284 342 διὸ
302 315 350 342 καὶ
366 315 415 350 τῆς
429 315 504 350 ἱερᾶς
525 314 614 350 ἡμῶν,
638 315 662 340 εἰ
682 315 729 340 καὶ
747 313 873 348 δειλιώσῃ

85 365 132 390 καὶ
153 361 335 397 λαθραιοτέρᾳ.
356 361 558 396 κακοφροσὺνῃ,
584 360 659 395 ὅμως
681 360 731 386 οὐκ
751 360 875 394 ὀλιγάκις

85 409 211 443 φαίνεται
223 407 247 423 ³⁵
265 407 443 434 καθυλακτῶν
457 406 608 438 εὐσεϐείας.
626 405 689 441 [409
700 405 747 441 Et]
763 406 874 432 Πάντων

84 454 106 480 δ’
117 455 196 484 ὅσους
212 451 315 486 ἐξαίρει
329 452 386 482 τοῖς
399 451 500 485 λόγοις,
509 451 556 477 καὶ
570 450 712 485 κρείττους
723 449 739 484 ἢ
753 449 814 475 κατ’
827 449 874 475 ἀν-

85 499 204 534 θρώπιον
219 497 301 532 φύσιν
318 497 422 529 Θειάζει
437 495 580 530 γεγονέναι
592 496 651 526 ταῖς
661 503 691 521 τε
707 495 729 510 ⁵⁷
742 494 796 521 τῶν
813 495 874 520 ἐπι-

86 553 135 580 ατη
140 544 198 579 μῶν
207 544 387 574 τελεωτάταις
397 542 538 577 θεωρίαις,
547 542 594 568 καὶ
606 541 646 575 τῷ
660 541 739 575 τάχει
750 541 800 574 τῆς
815 540 873 566 δια-

84 591 170 622 νοίας,
186 590 288 616 τούτων
305 589 420 616 ἑκάστου
431 589 528 624 κριτὴν
544 587 641 614 ἑαυτὸν
658 585 841 613 ὲπικαθιστῶν
852 584 875 600 ³⁸

84 636 136 663 οὐκ
148 637 222 662 ἔστιν
231 636 295 662 ότου
308 635 344 670 μὴ
359 635 512 669 καθήψατο,
525 634 567 669 ἐφ’
576 634 691 661 ἑκάστου
701 633 756 659 τῶν
768 633 874 666 θαυμα-

85 683 210 717 ζομένων
223 683 260 717 μὴ
273 682 442 716 ἐνδεέστερον
456 681 538 716 ἐχειν,
555 680 602 707 τοῦ
617 680 665 715 μὲν
680 681 720 711 εὶς
734 679 875 714 ἀγχίνοιαν

85 727 237 762 ἐξηρμένον
247 727 281 759 ⁵³,
295 727 336 752 ὅτι
357 726 395 762 μὴ
409 726 497 752 πάντα
508 725 646 760 ἀγχίνους,
661 724 709 751 τοῦ
723 724 745 750 δ’
754 725 800 755 ¹εἰς
814 724 875 750 ἐπι-

86 773 196 808 στήμας
211 772 417 808 ἀπαραϐλήτου,
430 772 470 798 ὅτι
488 772 525 806 μὴ
539 772 629 798 πάντα
644 772 814 806 ἐπιστήμων,
830 770 877 796 καὶ

86 819 118 853 δὴ
135 819 183 844 καὶ
203 817 251 844 τοῦ
271 819 311 849 εἰς
328 818 428 854 ἀρετὴν
443 817 597 852 ἐγγίζοντος
616 816 687 851 Θεῷ,
710 817 751 843 ὅτι
771 816 876 843 πολλῶν

86 865 191 897 ἐνδεής.
220 863 314 894 Οὕτως
338 863 451 890 ἐκείνων
475 863 602 895 ἕκαστον,
632 862 679 893 οὓς
704 862 761 889 ἄνω
785 863 876 897 φέρων

87 910 181 945 ἐξῆρε,
197 909 361 945 κατασύρων
373 909 420 935 καὶ
433 909 536 944 ῥίπτων
549 908 648 944 χαμαὶ,
657 908 688 935 τὸ
702 909 801 944 κράτος
815 909 877 935 ἐαυ-

85 956 127 989 τῷ
143 955 215 981 κατὰ
232 954 339 981 πάντων
362 955 409 981 καὶ
429 955 475 980 ἐπὶ
495 954 563 980 πᾶσι
588 953 738 989 λεληθότως
760 954 875 989 ἀναρτᾷ.

86 1001 133 1028 Διὸ
152 1001 200 1027 καὶ
215 1000 349 1036 Ἰσίδωρον
366 1001 415 1035 οὐχ
428 997 511 1036 ἦττον
527 1000 648 1027 ἐπαινῶν
661 1000 677 1036 ἢ
691 999 785 1034 ψόγοις
799 1008 877 1034 περι-

86 1047 194 1073 ϐάλλων
212 1046 336 1074 διατελεῖ.
352 1048 449 1074 Καίτοι
460 1055 491 1081 γε
506 1046 536 1078 ἐξ
548 1043 586 1073 ὧν
599 1046 744 1081 ἀλλοτρίας
758 1054 788 1072 τε
804 1046 877 1079 λογι-

86 1095 140 1126 κὰς
158 1094 276 1128 ἀπορίας
297 1094 344 1120 καὶ
364 1093 455 1125 λύσεις
474 1093 512 1125 ὡς
528 1093 560 1128 δὴ
583 1092 751 1127 θαυμασίους
775 1100 876 1127 προκο-

88 1141 175 1175 μίζει,
198 1140 246 1167 καὶ
269 1140 303 1171 ἃς
328 1140 409 1172 αὐτὸς
433 1139 479 1166 ἐπὶ
501 1139 580 1174 τάχει
604 1139 650 1166 νοῦ
675 1139 723 1166 καὶ
749 1138 877 1174 ἀκριϐείᾳ

87 1188 244 1224 ἐπιστήμης
259 1188 330 1223 μέγα
344 1189 450 1223 φρονῶν
473 1187 513 1219 είς
535 1188 616 1221 μέσον
630 1186 758 1221 προάγει,
775 1186 836 1213 οὔτε
851 1195 878 1213 τι

85 1235 144 1260 τῶν
158 1234 223 1269 περὶ
240 1233 401 1268 φιλοσοφίαν
425 1233 549 1268 συνήθων
564 1232 730 1268 ὑψηλότερον
743 1233 818 1260 ἐστιν
831 1233 877 1259 εὑ-

88 1281 147 1316 ρεῖν
163 1279 209 1306 τὸν
228 1280 372 1315 ἇνῦρωπον
385 1278 597 1314 κατωρθωκότα,
612 1278 674 1305 οὔτε
691 1278 744 1314 μὴν
762 1279 803 1310 είς
821 1279 876 1306 δει-

87 1327 190 1360 νότητα
204 1326 252 1352 καὶ
266 1325 448 1360 ἀγχίστροφον
466 1325 587 1355 διανοίας
606 1325 698 1360 τάχος,
715 1325 764 1360 ὅση
783 1333 814 1358 γε
829 1325 877 1351 αν-

85 1371 225 1407 θρωπίνη,
255 1371 293 1406 μὴ
317 1372 359 1398 ὅτι
374 1371 396 1387 ⁸⁸
420 1379 452 1405 γε
472 1370 609 1405 δαιμονία,
635 1371 799 1406 ἀνηγμένον,
819 1371 878 1398 ἀλλ’

85 1418 149 1445 οὐδέ
161 1426 223 1444 τινα
238 1417 294 1444 τῶν
319 1417 437 1452 μετρίως
460 1425 519 1448 πως
535 1418 600 1451 περὶ
626 1417 787 1452 φιλοσοφίαν
802 1417 890 1453 ὲχόν-ι

85 1473 152 1496 των,
172 1465 209 1499 μή
229 1464 257 1490 τί
272 1472 304 1499 γε
321 1463 356 1491 δι’
371 1463 516 1498 ἀκριϐείας
535 1463 659 1496 ἐντελοῦς
677 1464 814 1500 ἠγμένων,
838 1463 877 1497 οἷς

86 1512 193 1542 ἐκεῖνος
206 1510 436 1546 ὲλλαμπρύνεται,
458 1510 667 1546 σεμνυνόμενον.

123 1556 182 1592 Τὴν
202 1555 293 1591 μέντοι
316 1556 414 1591 φράσιν
437 1557 451 1583 ό
470 1556 540 1592 ἀνὴρ
555 1557 627 1583 κατά
643 1565 674 1591 γε
696 1557 727 1583 τὺ
751 1557 877 1584 πλεῖστον

86 1601 173 1629 αὑτοῦ
197 1602 252 1628 τῶν
277 1602 377 1635 λέξεων
403 1601 433 1628 οὑ
461 1602 556 1638 πόρρω
580 1603 663 1629 τείνει
686 1602 734 1629 τοῦ
764 1603 877 1637 σαφοῦς.

89 1647 168 1681 Ἔχει
183 1646 212 1672 δέ
227 1655 254 1673 τι
275 1646 393 1672 καὶτῶν
407 1645 496 1673 ἄλλων
516 1646 604 1679 ἰδεῶν,
625 1646 686 1672 ὅσαι
709 1646 880 1681 χαρακτηρί-

87 1693 183 1724 ζονται
197 1692 297 1725 λέξεσι,
310 1693 359 1727 τήν
373 1701 402 1718 τε
415 1692 544 1727 τραχεῖάν
557 1701 640 1728 φημι,
654 1692 687 1718 δι’
700 1689 734 1728 ἦς
745 1691 879 1727 τραχύνε-

86 1748 132 1765 ται
145 1740 163 1773 η
179 1737 251 1773 ἠχὼ,
267 1738 314 1764 καὶ
330 1737 363 1773 δὴ
379 1738 426 1764 καὶ
445 1739 495 1773 ὅση
511 1737 641 1764 πλατύνει
657 1738 707 1773 τὴν
721 1738 822 1774 φωνὴν,
832 1738 880 1764 καὶ

85 1786 137 1819 τὴν
151 1785 195 1815 είς
210 1784 241 1810 τὸ
253 1783 479 1819 ποιητικώτερον,
495 1784 519 1810 εί
535 1784 583 1810 καὶ
598 1784 755 1816 σπανιάκις,
773 1784 880 1811 ἐλευθε-

87 1829 250 1866 ριάζουσαν.
271 1831 327 1856 Καὶ
345 1830 373 1856 αἱ
392 1830 522 1865 τροπικαὶ
536 1830 565 1857 δὲ
584 1829 781 1865 διαμρφοῦσιν
796 1829 878 1857 αὐτοῦ

86 1877 152 1907 τοὺς
171 1876 279 1909 λόγους,
294 1875 345 1902 οὐκ
357 1876 397 1907 εἰς
410 1876 530 1911 ἄμουσον
544 1872 759 1911 ψυχρολογίασῆ
776 1876 879 1912 τροπὰς

86 1922 247 1956 ἀποτόμους
260 1921 455 1957 ἐκφερόμεναι,
470 1921 529 1948 ἀλλ’
542 1922 574 1948 ἐκ
588 1931 620 1955 γε
634 1922 682 1948 τοῦ
695 1923 741 1949 ἐπὶ
754 1923 880 1950 πλεῖστον

86 1969 116 1995 τὸ
130 1968 219 2003 γλυκύ
230 1976 260 1994 τε
275 1968 322 1994 καὶ
334 1968 428 2002 χαρίεν
441 1968 471 1994 τὸ
485 1968 546 1994 καθ’
564 1968 664 2000 ἑαυτὰς
678 1969 876 2003 παρεχόμεναι.

92 2014 176 2040 Ἀλλὰ
196 2013 285 2047 σαφὴς
300 2013 337 2039 ὣν
361 2012 399 2048 τῷ
418 2013 536 2048 πλείστῳ
559 2013 637 2048 μέρει
656 2014 710 2040 τῶν
728 2014 830 2046 λέξεων
842 2014 877 2047 σί,

86 2059 181 2085 οὐκέτι
195 2058 243 2084 καὶ
257 2059 290 2092 τῇ
300 2057 348 2093 ὅλῃ
363 2058 409 2084 τοῦ
425 2057 505 2091 λόγου
521 2058 663 2094 οἰκονομίᾳ
673 2059 793 2090 τοιοῦτος
809 2059 877 2085 καο-

86 2105 216 2139 έστηκεψ
236 2103 254 2138 ἥ
275 2112 305 2129 τε
325 2104 380 2138 γὰρ
396 2103 518 2139 συνθήκη
541 2105 571 2131 οὐ
595 2105 714 2140 συνθήκη
749 2104 878 2140 μᾶλλονῆ

87 2149 300 2184 καινοπρέπεια,
317 2149 364 2175 καὶ
376 2150 393 2185 ἡ
414 2149 545 2185 περιϐολὴ
565 2149 645 2185 κόρον
661 2150 814 2184 ἐμποιοῦσα
833 2159 879 2176 συ-

86 2197 151 2231 χνὺν
165 2196 197 2222 τό
211 2204 241 2221 τε
255 2196 296 2227 είς
314 2197 461 2231 σαφήνειαν
475 2196 643 2230 ἐπηλυγάζει
663 2197 880 2231 προφαινόμενον

925 273 1013 295 tamen
1034 267 1150 295 allatrat.
1168 267 1306 303 Quotquot
1322 275 1411 296 autem
1430 270 1520 297 verbis
1542 270 1662 304 extollit,
1681 275 1708 298 et

923 321 976 348 qua
987 314 1022 341 ob
1036 314 1167 342 doctrina:
1180 314 1378 347 excellentiam,
1392 323 1444 349 qua
1458 316 1492 343 ob
1508 316 1606 350 ingenii
1621 316 1709 344 soler-

925 359 989 385 tiam
1003 366 1084 393 supra
1105 359 1248 386 humanam
1270 360 1462 392 conditionem,
1477 367 1506 387 ut
1519 361 1625 388 divinos
1639 353 1710 389 celei

925 404 997 437 brat,
1014 405 1109 432 horum
1125 405 1380 440 eujusquejudieem
1396 407 1515 440 seipsqu
1530 408 1708 441 constituens,

924 451 1027 478 nullum
1042 459 1094 478 non
1112 452 1277 487 perstringit,
1297 452 1323 479 in
1342 453 1456 488 singulis
1468 453 1548 480 etiam
1566 461 1634 488 quos
1651 454 1710 481 lan-

924 497 1013 529 darat,
1027 497 1130 532 aliquid
1148 498 1324 526 desiderans:
1341 500 1367 526 in
1382 500 1439 526 acri
1458 499 1566 534 ingenio
1584 501 1709 535 praedito.

924 544 995 577 quod
1006 551 1057 571 non
1066 545 1211 579 peromnia
1224 552 1299 579 aeque
1308 545 1395 572 solers
1406 546 1457 572 sit:
1469 546 1494 573 in
1510 554 1542 573 eo
1550 547 1594 580 Qui
1608 547 1711 574 incom-

923 591 1037 626 parabili
1051 595 1093 618 est
1109 591 1232 624 scientia,
1248 592 1319 626 quod
1333 599 1385 619 non
1399 593 1490 619 omnia
1508 593 1592 627 sciat;
1615 594 1669 620 imo
1683 599 1712 621 et

925 635 952 662 in
967 642 1009 666 eo.
1024 635 1069 669 qui
1082 635 1181 662 virtute
1189 634 1243 662 Deo
1252 636 1391 670 proximus
1400 636 1532 669 videatur,
1540 637 1611 671 quod
1624 637 1712 664 adhuc

925 679 1009 706 multa
1023 679 1048 706 ei
1060 679 1158 707 desint.
1176 679 1212 706 Ita
1227 681 1347 715 singulos
1366 687 1471 712 eorum.
1487 689 1556 716 quos
1569 681 1596 708 in
1612 681 1711 709 malum

926 730 1004 752 antea
1017 726 1176 759 sustulerat,
1198 734 1303 753 rursum
1320 727 1487 755 detrahendo
1500 728 1636 763 lmmoque
1651 728 1710 755 alli-

926 771 1024 805 dendo,
1043 772 1186 807 imperium
1201 773 1252 799 sibi
1270 773 1296 799 in
1319 780 1414 800 omnes
1434 778 1461 801 et
1477 774 1511 801 de
1531 775 1658 802 omnibus
1672 775 1713 801 la-

927 821 1016 845 tenter
1026 823 1147 853 arrogat.
1156 819 1338 852 Quamobrem
1346 819 1477 846 lsidorum
1488 827 1595 856 quoque
1605 821 1714 850 assidue

928 871 980 891 non
1003 865 1089 899 magis
1114 865 1216 897 laudat,
1231 872 1312 900 quam
1333 866 1473 900 vituperiis
1491 872 1598 894 onerat.
1620 866 1714 902 Neque

928 918 992 937 vero
1007 918 1040 938 ex
1057 911 1150 946 logicis
1163 919 1222 938 cum
1236 912 1440 946 qumstionibus.
1450 917 1506 939 tum
1521 913 1711 947 solutionibus,

927 964 995 991 quas
1008 957 1050 984 vel
1065 964 1096 984 ex
1110 957 1170 985 aliis
1183 958 1227 985 ille
1241 966 1289 993 pro
1300 959 1477 990 admirandis,
1490 959 1533 986 vel
1546 959 1578 986 de
1592 967 1641 986 suo
1653 967 1716 994 pec-

929 1006 987 1029 tore
997 1001 1043 1038 (ob
1055 1002 1170 1030 celerem
1183 1004 1280 1030 mentis
1293 1004 1467 1038 agitationem
1481 1009 1508 1031 et
1517 1005 1713 1032 accuratiorem

927 1049 1070 1076 scientiam
1087 1054 1246 1084 arroganter
1262 1057 1322 1077 sese
1336 1049 1463 1085 etl'erens)
1474 1051 1500 1077 in
1513 1051 1632 1078 medium
1649 1058 1713 1086 pro-

928 1092 1013 1124 ducit.
1025 1093 1171 1127 quidquam
1188 1101 1270 1127 supra
1287 1101 1346 1126 eos,
1359 1095 1404 1129 qui
1421 1095 1447 1121 in
1465 1094 1637 1130 philosophia
1651 1103 1713 1123 ver-

928 1138 984 1165 sari
999 1139 1078 1174 vulgo
1094 1139 1192 1171 solent,
1208 1139 1242 1166 ab
1255 1139 1306 1167 ltoc
1317 1139 1425 1167 homine
1439 1141 1519 1175 paulo
1533 1141 1638 1169 felicius
1649 1149 1715 1169 con—

929 1184 1027 1212 tectum
1051 1185 1187 1220 reperias;
1207 1190 1253 1213 aut
1276 1193 1382 1213 rursum
1405 1187 1438 1214 ad
1458 1195 1572 1214 acumen
1594 1195 1672 1222 eum,
1687 1194 1714 1216 et

928 1230 1072 1258 volubilem
1104 1233 1203 1259 mentis
1233 1232 1429 1266 agitationem,
1458 1238 1587 1268 quantum
1618 1234 1714 1262 saltem

928 1275 1031 1304 homini
1055 1277 1096 1304 las
1120 1282 1172 1311 est,
1193 1278 1289 1305 nedum
1314 1284 1445 1313 quantum
1467 1279 1532 1313 Deo,
1546 1281 1714 1315 pervenisse.

929 1323 976 1349 sed
991 1330 1079 1357 neque
1089 1323 1140 1350 alia
1151 1329 1299 1357 ostentare,
1310 1332 1370 1359 qua:
1381 1325 1423 1351 vel
1435 1326 1581 1352 mediocria
1595 1326 1621 1352 in
1633 1326 1715 1354 rebus

927 1368 1123 1404 philosoplticis
1139 1370 1204 1397 sint.
1221 1369 1299 1397 Mitto
1316 1377 1376 1404 quae
1391 1377 1438 1405 per
1453 1377 1587 1398 summam
1604 1378 1715 1399 accura-

929 1415 1029 1442 tionem
1054 1415 1234 1446 deducantur.
1255 1416 1355 1451 quibus
1380 1420 1471 1444 tamen
1494 1415 1540 1443 ille
1562 1416 1716 1445 nominibus

928 1461 1020 1489 clarus
1035 1461 1202 1496 illustrisque
1218 1462 1345 1490 habetur.

965 1551 1006 1578 Ad
1022 1551 1120 1587 stylum
1138 1551 1209 1586 quod
1229 1551 1338 1584 attinet,
1355 1551 1482 1586 pleraque
1496 1551 1555 1587 ejus
1567 1553 1650 1580 verba
1663 1560 1716 1581 non

931 1597 1023 1632 procul
1037 1605 1051 1624 a
1067 1598 1261 1632 perspicuitate
1276 1597 1429 1625 discedunt.
1444 1597 1604 1626 Habetitem
1615 1599 1717 1634 aliquid

932 1644 1012 1679 126
1020 1643 1034 1670 b
1043 1644 1158 1671 aliarum
1172 1644 1319 1676 formarum
1329 1664 1336 1676 ,
1348 1651 1408 1678 quae
1417 1644 1509 1671 verbis
1521 1644 1715 1678 designantur:

929 1691 1114 1724 asperitatem,
1128 1691 1250 1725 inquam,
1268 1698 1320 1725 qua
1339 1690 1524 1724 pronuntiatio
1536 1691 1669 1725 asperior,
1686 1698 1719 1719 ac

929 1744 980 1764 vox
996 1736 1074 1771 quasi
1084 1736 1189 1770 planior
1199 1736 1334 1769 redditur;
1349 1741 1376 1764 et
1387 1736 1413 1762 in
1431 1736 1568 1771 poeticum
1584 1741 1717 1770 praterea

929 1790 1021 1814 usum.
1037 1790 1125 1809 raratn
1141 1782 1260 1816 quidem,
1271 1782 1318 1808 sed
1341 1781 1496 1809 liberiorem
1518 1782 1716 1817 evagationem.

930 1829 1012 1863 Tropi
1028 1835 1092 1855 vero
1108 1828 1144 1855 ita
1161 1828 1219 1862 ejus
1240 1827 1384 1855 eﬂ'ormanl.
1403 1829 1554 1855 orationem
1570 1833 1599 1854 ut
1618 1828 1645 1855 in
1664 1829 1718 1855 im-

929 1875 1043 1908 peritam
1066 1875 1212 1908 quamdam
1241 1882 1273 1900 ac
1298 1874 1423 1908 frigidam
1459 1873 1651 1907 elocutionem,
1673 1878 1720 1900 aut

931 1919 1067 1946 duriorem
1087 1919 1204 1953 aliquam
1226 1919 1441 1945 inunutationcm
1457 1926 1628 1954 nequaquam
1644 1919 1719 1946 defe-

931 1968 1038 1995 rantur.
1063 1963 1111 1990 sed
1136 1963 1297 1990 suavitatem
1323 1968 1352 1990 ut
1375 1963 1521 1997 plurimum
1549 1968 1578 1991 et
1602 1963 1718 1999 gratiam

929 2017 964 2037 ex
985 2009 1081 2044 seipsis
1108 2009 1204 2036 saltem
1220 2009 1375 2036 concilient.
1394 2008 1495 2036 Verum
1515 2015 1545 2037 ut
1561 2011 1720 2045 perspicuus

930 2055 976 2088 sit,
994 2055 1140 2082 maximam
1159 2062 1255 2082 vocum
1266 2057 1390 2090 ‘partem,
1405 2055 1530 2082 universa
1547 2059 1637 2083 tamen
1655 2063 1719 2083 ora-

931 2102 1013 2130 tionis
1027 2102 1107 2134 serie.
1127 2109 1179 2129 non
1197 2102 1272 2129 item.
1287 2101 1353 2128 Nam
1370 2105 1397 2128 et
1411 2102 1571 2136 compositio
1586 2102 1645 2137 ejus
1666 2111 1718 2130 non

931 2155 987 2177 tam
1011 2148 1183 2182 compositio,
1207 2155 1287 2182 quam
1306 2148 1446 2175 innovatio
1467 2148 1590 2183 quadam
1612 2153 1673 2176 est:
1693 2153 1720 2175 et

931 2195 989 2230 ipsa
1014 2203 1095 2231 porro
1111 2195 1309 2222 circumductio
1330 2195 1466 2222 assiduam
1483 2195 1598 2223 all‘erens
1608 2196 1720 2223 satieta-

86 2243 135 2268 καὶ
147 2241 198 2276 τὴν
216 2240 300 2275 ᾰλλην
319 2241 428 2267 ἃπασαν
447 2240 494 2267 τοῦ
516 2241 596 2275 λόγου
617 2241 746 2276 σπουδήν.
769 2241 815 2268 Διὸ
832 2242 877 2268 καὶ

933 2247 997 2271 tem.
1016 2249 1069 2268 non
1085 2240 1288 2276 perspicuitatis
1303 2240 1382 2267 modo
1401 2239 1500 2267 factam
1519 2248 1606 2275 spem,
1625 2248 1719 2268 verum

85 2288 194 2323 χαρίεις
209 2287 242 2313 ἂν
253 2287 341 2319 ἄλλως
357 2288 371 2314 ὁ
385 2286 464 2320 λόγος
479 2285 549 2313 εῖναι
567 2286 726 2322 δυνάμενος,
748 2287 797 2322 τὴν
813 2287 878 2323 ὅσην

87 2334 120 2360 ἂν
143 2332 257 2364 δυνατὸς
271 2331 305 2368 ἦν
325 2333 536 2367 κεκολασμένων
563 2332 666 2358 τούτων
687 2332 767 2368 χάριν
786 2341 879 2368 παρα-

89 2381 164 2414 σχεῖν
180 2381 236 2411 τοῖς
251 2379 406 2414 εἰρημένοις
419 2378 569 2415 ἀφῄρηται.
586 2380 641 2406 Καὶ
655 2379 684 2405 αι
698 2379 839 2414 περιϐολαί
849 2379 878 2406 δὲ

87 2427 147 2454 οὔτι
162 2434 194 2461 γε
207 2425 334 2461 δριμείας
344 2425 473 2458 διανοίας,
485 2424 549 2460 [2l5
560 2424 606 2460 [1.]
620 2425 675 2451 οὐδ’
691 2425 877 2460 ἐπαφρόδιτοι,

86 2473 150 2500 οὑδὲ
166 2473 196 2499 τὸ
210 2471 311 2508 γοργὸν
327 2472 537 2507 ὑποτρέχουσαι,
558 2468 603 2502 αἷς
619 2471 651 2498 ἄν
664 2480 707 2503 τις
725 2472 796 2498 κατὰ
814 2472 879 2507 τρό-

87 2528 139 2546 πον
156 2521 205 2546 καὶ
218 2517 432 2550 καλλωπίσαιτο,
452 2517 522 2546 ἀλλὰ
538 2517 641 2544 τούτων
659 2517 691 2552 δὴ
705 2518 760 2545 τῶν
780 2519 879 2545 κοινῶν

87 2566 137 2593 καὶ
152 2565 323 2592 ὲπιπολαίων
337 2565 384 2591 καὶ
395 2564 455 2591 οὐδὲ
468 2564 498 2590 τὺ
510 2564 659 2598 ἀναγκαῖον
670 2565 704 2600 τῇ
719 2565 817 2600 χρήσει
832 2565 879 2592 καὶ

86 2614 147 2644 ταῖς
164 2610 360 2646 περιστάσεσιν
371 2610 578 2644 ἁναφαινόντων
590 2610 612 2626 ⁸³
628 2610 817 2646 βλαστήματα.
838 2611 880 2638 Τὰ

85 2659 117 2686 δὲ
136 2660 267 2695 σχήματα
284 2659 309 2684 εί
328 2657 366 2693 μὴ
379 2657 449 2684 κατὰ
467 2657 498 2684 τὸ
517 2658 664 2690 πλεονάζον
683 2658 730 2684 ἐπὶ
747 2658 879 2693 μήκιστον

85 2705 149 2736 ταῖς
172 2703 312 2738 περιόδοις
332 2702 490 2736 ἐξετείνετο,
511 2702 567 2729 οὒτ’
587 2702 620 2729 ἂν
643 2703 714 2730 αὐτὰ
731 2703 762 2729 τὸ
780 2702 844 2739 [μὴ]
857 2703 879 2719 ⁸⁸

931 2288 1014 2316 etiam
1035 2295 1118 2315 omne
1138 2288 1249 2314 ontnino
1272 2287 1298 2314 in
1315 2287 1439 2313 oratione
1461 2287 1579 2321 positum
1601 2287 1720 2314 studium

931 2334 1070 2361 obscurat.
1088 2333 1178 2366 Quare
1199 2340 1261 2360 cum
1283 2333 1402 2367 jucunda
1423 2337 1517 2366 posset
1537 2332 1607 2360 alias
1633 2334 1725 2361 oratio

931 2387 1004 2411 esse,
1026 2380 1099 2406 enini
1120 2378 1162 2405 illa
1179 2378 1275 2412 gratia,
1297 2385 1378 2412 quam
1406 2378 1448 2405 his
1474 2379 1600 2413 expolitis
1621 2379 1722 2406 habere

931 2429 1049 2460 poterat,
1065 2431 1113 2458 per
1132 2430 1163 2450 ea
1179 2430 1240 2458 quae
1260 2424 1377 2450 diximus
1396 2423 1511 2458 spoliata
1529 2429 1580 2451 est.
1596 2423 1721 2451 Circum-

932 2470 1073 2497 ductiones
1089 2469 1193 2501 adhaee,
1211 2476 1299 2503 neque
1316 2469 1449 2496 acriorem
1469 2476 1578 2497 sensum
1594 2469 1721 2504 aliquem,

933 2523 1022 2550 neque
1042 2520 1225 2547 venustatem,
1255 2521 1341 2548 neque
1367 2515 1539 2542 velocitatem
1566 2515 1609 2543 vel
1634 2516 1723 2543 obiter

931 2562 1083 2596 attingunt;
1096 2560 1195 2595 quibus
1211 2565 1300 2586 tamen
1314 2560 1393 2587 rebus
1410 2567 1462 2586 non
1479 2559 1569 2594 inepte
1585 2559 1722 2594 quispiam

931 2607 1064 2642 glorietur
1077 2615 1085 2633 ι
1099 2613 1192 2633 verum
1209 2605 1392 2633 communium
1416 2605 1511 2632 horum
1529 2609 1611 2639 atque
1623 2605 1722 2632 levium

930 2657 1153 2680 ornamentorum
1171 2659 1204 2679 ne
1217 2658 1249 2679 ea
1261 2651 1368 2685 quidem
1383 2651 1426 2677 hic
1445 2657 1578 2686 apparent
1588 2651 1722 2685 germina,

930 2706 991 2734 qua:
1001 2700 1035 2726 ad
1048 2697 1230 2726 necessarium
1243 2705 1320 2725 usum
1332 2701 1414 2732 atque
1430 2697 1649 2724 circumstantias
1660 2704 1722 2731 per-

731 2780 852 2809 VARle
870 2778 1074 2810 LECTIONES.

123 2842 147 2857 "
168 2841 282 2878 καινῶν]
301 2843 392 2875 aptius
413 2841 523 2869 videtur
539 2841 636 2869 κενῶν.

685 2841 708 2858 ⁵⁸
720 2841 845 2876 φαίνεται
860 2841 924 2868 add.
939 2842 971 2868 Α.

1034 2839 1056 2856 ⁸⁷
1070 2847 1101 2866 τε.
1113 2838 1176 2866 add.
1195 2838 1227 2866 Α.
1282 2839 1305 2854 ⁵⁸
1318 2835 1511 2865 ἀποκαθιστῶν
1534 2845 1565 2869 ς.
1603 2836 1626 2852 ⁵³
1643 2834 1724 2870 ἐξηρ-

87 2878 174 2911 μένου
190 2882 217 2903 ct
236 2871 282 2907 νεῖ
299 2871 394 2912 ἐξῆρεν
406 2878 528 2912 Scaliger
544 2887 550 2904 :
570 2878 632 2904 libri
650 2871 818 2912 ἐξῃρημένου
832 2892 866 2897 -
881 2876 984 2912 ἐξῄρει.
1024 2875 1046 2891 ⁸⁸
1061 2875 1098 2911 μὴ
1112 2874 1168 2910 ὅτιῙ
1181 2874 1236 2902 imo
1252 2874 1289 2909 μή
1306 2874 1342 2901 τί.
1381 2873 1402 2889 ⁸³
1414 2871 1468 2899 τῶν
1483 2871 1582 2905 λέξεων
1598 2871 1675 2908 μέρει
1691 2879 1722 2903 ς.

86 2913 111 2927 ι’
126 2913 333 2947 amour/6ver
346 2915 368 2939 Α
385 2923 390 2940 ;
410 2912 604 2948 ἀποφαίνονται
618 2921 647 2944 ς.

687 2913 708 2929 «³³
726 2913 761 2947 μὴ
772 2917 835 2940 ante
851 2913 920 2939 κατὰ
935 2912 1031 2939 ctn.A.
