1923 3091
216 155 265 188 531

787 158 919 189 PlIOTll'
938 160 1193 190 I’ATRIARCHAZ
1212 160 1266 190 ΕΡ.

1795 157 1849 189 532

219 209 406 238 tineant.Jam
432 210 534 246 figurae,
554 211 606 239 nisi
630 211 789 248 longissime
815 221 876 240 cum
901 214 1003 242 redun-

1058 215 1127 241 κατὰ
1143 215 1174 241 τὸ
1194 214 1296 249 μᾶλλον
1317 213 1514 249 μεγεθύνεσθαι
1527 214 1590 240 οὔτε
1605 213 1636 240 τὸ
1654 213 1691 249 μὴ
1707 214 1738 240 τὸ
1757 216 1849 240 ποικί-

218 257 311 284 dantia
334 264 383 292 per
405 258 522 285 ambitus
548 258 773 292 extenderentur,
795 267 934 294 nunquam
958 268 1005 288 eas

216 303 289 330 vires
311 303 453 337 haberent,
471 304 569 338 quibus
593 311 608 330 a
631 304 719 331 medio
740 305 923 340 decorumque
945 313 1005 333 ser-

217 353 298 377 vante
319 355 534 385 temperamento
555 351 732 378 abducerent.
752 351 924 380 Vehementia
940 353 1004 380 item

216 399 298 429 atque
319 396 460 423 amarities
477 397 583 424 abunde
609 397 652 423 his
675 397 744 424 inest
765 397 874 432 scriptis
893 407 900 425 :
917 406 1004 433 quan-

216 447 298 474 quam
313 446 340 469 et
354 441 397 468 illa
422 449 608 476 saepenumero
629 442 792 478 languescit,
809 451 862 471 non
879 444 1006 472 mistione

216 494 248 513 ac
266 492 481 522 temperamento
492 487 626 522 idearum,
637 489 708 524 quod
724 489 795 517 foret
804 490 946 524 optimum,
957 491 1005 518 sed

216 532 368 560 defectione
390 533 538 562 dictionum
561 538 588 561 et
616 542 709 562 earum
732 536 847 570 partium
869 544 929 571 qua:
944 544 1003 564 eam

215 578 271 604 vim
297 578 410 612 habent,
439 584 467 606 ut
493 580 612 614 phrasim
637 580 813 609 valentiorem
836 581 953 610 reddant
972 590 1005 610 ac

216 622 412 656 turgidiorem;
431 624 503 658 quod
521 624 613 652 multis
629 625 749 660 quidem,
764 625 897 659 ejusmodi
921 633 1002 660 pecu-

215 667 311 695 liarem
339 669 457 703 aliquam
481 670 608 704 loquendi
634 670 749 698 formam
772 672 1004 704 consectantibus,

215 714 350 749 contingit
373 723 381 742 2
406 723 458 742 non
486 719 574 743 tamen
593 716 644 743 hoc
669 723 730 743 cum
756 716 834 744 laude
854 717 887 744 iis
907 717 1003 744 saltem

215 760 318 792 evenit,
338 761 384 795 qui
408 761 542 788 sustinere
563 769 645 796 supra
662 761 736 789 vires
759 767 912 797 susceptum
934 771 1004 790 onus

217 813 271 832 non
285 809 439 840 potuerunt.
451 805 507 834 lloc
523 807 605 841 igitur
615 811 684 838 esto,
696 813 725 834 ut
735 807 895 842 simpliciter
905 808 1002 840 dicam,

216 851 250 879 de
263 851 322 886 ejus
339 852 457 879 dictione
473 852 606 887 judicium
623 861 630 879 :
649 860 710 880 nam
736 853 762 880 in
789 861 839 885 eo,
857 853 902 888 qui
921 853 1004 880 vitam

1056 258 1101 285 λον
1114 259 1137 274 ⁸⁵
1157 259 1364 293 ἀπενέγκασθαι
1391 259 1441 285 οὐκ
1465 259 1499 285 ἂν
1523 259 1593 285 αὐτὰ
1616 259 1667 294 τῆς
1688 259 1850 294 συμμέτρου

1056 303 1184 340 κράσεως
1206 303 1254 331 καὶ
1277 303 1309 330 τὸ
1331 304 1436 338 πρέπον
1464 303 1579 339 ἐχούσης
1601 304 1679 338 ἰσχὺν
1699 301 1773 339 εἶχεν
1793 305 1849 331 ἁπ-

1056 350 1145 384 άγειν.
1167 349 1203 376 Τὸ
1216 349 1307 385 μέντοι
1323 349 1432 376 εὔτονον
1444 350 1468 366 ⁸⁵
1484 350 1533 376 xui
1544 349 1645 385 πικρὸν
1669 349 1792 384 περίεστι
1809 349 1849 384 τῷ

1055 395 1137 431 λόγῳ·
1153 395 1220 422 ἀλλὰ
1243 396 1290 422 xui
1309 395 1389 422 τοῦτο
1410 395 1543 427 πολλάκις
1566 395 1706 426 ἐκλύεται,
1724 396 1754 421 οὐ
1775 395 1849 430 μίξει

1055 442 1103 468 xui
1118 442 1214 477 κράσει
1227 442 1283 468 τῶν
1305 441 1394 473 ἰδεῶν,
1417 442 1486 477 ὅπερ
1501 440 1625 477 ἄριστον,
1641 441 1700 468 ἀλλ’
1715 441 1849 476 ἐπιλείψει

1055 478 1290 522 κατάσιαζόμενον
1307 487 1330 504 ⁶⁶
1357 488 1412 514 τῶν
1431 488 1573 515 τεινόντων
1595 487 1644 523 τὴν
1677 488 1778 524 φράσιν
1800 487 1850 514 xui

1055 531 1235 566 διογκούντων
1254 531 1356 565 λέξεὼν
1377 540 1407 558 τε
1427 531 1475 558 xui
1494 531 1549 558 τῶν
1572 531 1660 558 ἄλλων
1686 531 1779 566 μερῶν
1798 531 1850 565 τῆς

1054 578 1182 614 τοιαύτης
1199 579 1301 613 ἰσχύος
1323 577 1387 614 [412
1402 577 1451 614 IL]
1465 577 1480 604 ὃ
1494 577 1602 609 πολλοῖς
1620 577 1670 612 μὲν
1681 578 1736 604 τῶν
1750 585 1782 611 γε
1799 576 1850 612 τὴν

1054 623 1183 659 τοιαύτην
1212 624 1378 659 ἰδιοτροπίαν
1403 623 1653 659 ὲπιτετηδευκότων
1681 623 1794 658 συνέϐη,
1817 624 1849 650 οὺ

1056 670 1110 706 μὴν
1125 670 1194 705 πρὸς
1215 670 1328 697 ἐπαίνου
1349 678 1381 704 γε
1392 671 1449 701 τοῖς
1469 669 1506 704 μὴ
1519 669 1699 696 διασεσωκόσι
1719 669 1765 696 τὸν
1776 669 1850 704 ὑπὲρ

1057 717 1134 752 ἰσχὺν
1146 717 1265 752 ἠρμένον
1287 717 1387 752 φόρτον
1406 716 1561 743 ἀποϐαίνει.
1591 715 1672 742 Ἀλλά
1690 715 1776 742 ταῦτα
1797 717 1849 751 μὲν

1055 763 1146 798 κρίσις
1155 764 1189 795 ⁸⁷,
1201 764 1239 795 ὼς
1251 764 1339 790 εἰπεῖν
1352 763 1446 795 ἁπλῶς
1459 771 1491 796 γε
1504 762 1593 797 λόγου·
1608 761 1656 788 τοῦ
1669 761 1697 788 δὲ
1713 760 1769 796 βίον
1781 762 1850 796 γρᾶ-

1055 817 1152 844 φοντος
1167 810 1238 845 τάχα
1257 810 1291 837 ἂν
1312 810 1356 844 εῐη
1378 810 1426 836 xui
1443 809 1526 844 ἕτερα
1543 809 1664 835 πλείονα.
1679 808 1712 834 τί
1728 808 1783 843 γὰρ
1799 808 1850 834 αὑ-

1055 854 1094 890 τῷ
1113 855 1204 890 δεήσει
1223 856 1314 892 μορφὴ
1339 855 1383 882 διὰ
1401 855 1535 890 μεγέθους
1554 855 1675 890 ἤκουσας
1698 854 1848 889 νομοθέτου

216 897 376 930 conscribit,
400 897 501 926 fuerint
533 904 560 926 et
588 899 640 926 alia
670 899 785 927 fortasse
807 900 882 934 plura
908 900 1003 928 adver-

1058 901 1110 936 γὰρ
1125 901 1174 928 καὶ
1190 902 1406 937 προστάττοντος
1419 901 1500 928 τοῦτο
1513 901 1602 934 λόγου.
1618 901 1650 927 Τί
1665 901 1693 927 δὲ
1709 901 1786 932 τόνος
1801 901 1850 927 καὶ

215 943 309 970 tenda.
331 942 400 976 Quid
425 943 497 970 enim
521 951 588 978 opus
614 945 664 979 ipsi
692 949 750 972 erat
776 946 938 979 granditatis
964 947 1001 973 uti

215 988 324 1015 forma?
338 989 502 1024 legislatoris
525 990 598 1017 enim
620 997 652 1017 ac
670 991 869 1025 praescribentis
886 992 1002 1020 orationi

1057 947 1188 983 περιϐολὴ
1199 948 1320 983 τοσαύτη
1335 949 1382 975 καὶ
1395 948 1446 983 τῆς
1457 947 1595 983 συνθήκης
1606 947 1636 974 τὸ
1649 947 1746 982 uno“;
1766 948 1850 975 Ἀλλὰ.

1056 993 1145 1021 ταῦτα
1161 995 1210 1030 μὲν
1225 995 1272 1021 ἐπὶ
1287 995 1424 1022 τοσοῦτον.

215 1037 268 1066 hoc
289 1038 438 1072 proprium.
462 1038 531 1072 Quid
555 1038 616 1066 dein
643 1038 800 1074 contentio,|
819 1044 950 1074 tantaque
982 1040 1198 1075 circumductio,
1223 1047 1251 1070 et
1275 1042 1485 1077 compositionls
1511 1042 1639 1069 inusitata
1684 1041 1774 1068 ratio?
1794 1041 1849 1069 Sed

215 1083 274 1111 inec
289 1085 428 1111 hactenus.

253 1130 410 1158 Damascius
422 1135 512 1158 autem
529 1131 555 1158 in
571 1130 678 1158 dicendi
694 1136 751 1158 arte
765 1137 819 1159 tres
833 1132 905 1167 ipsos
920 1140 1005 1160 annos

216 1174 319 1203 Theoni
333 1184 442 1210 operam
459 1176 543 1209 dedit,
559 1176 723 1211 praefuitqne
742 1177 882 1205 rhetoricis
897 1180 1004 1206 exerci-

215 1221 366 1248 tationibus
386 1228 471 1248 annos
493 1220 549 1248 fere
570 1228 678 1248 novem.
694 1221 856 1249 Geometria:
871 1228 899 1250 et
917 1223 1004 1250 arith-

219 1267 325 1293 meticae
353 1266 450 1301 127a
482 1270 701 1301 catterarumque
732 1269 832 1294 artium
864 1269 1002 1296 doctorem

216 1313 312 1339 habuit
332 1313 464 1340 Marinum
482 1313 538 1348 (27)
554 1313 667 1340 Athenis
692 1313 778 1341 Procli
803 1321 1002 1342 successorem.

214 1359 244 1386 In
259 1359 454 1393 philosophicis
470 1359 630 1394 disciplinis,
652 1359 793 1387 Zenodoro
810 1361 923 1387 Athenis
940 1369 1004 1390 usus

214 1409 257 1434 est
272 1405 412 1440 magistro,
427 1405 511 1440 quiet
527 1406 585 1440 ipse
602 1411 664 1440 post
681 1407 814 1434 Marinum
831 1406 925 1434 Proclo
942 1415 1000 1436 suc-

214 1453 314 1484 cessit;
342 1452 486 1480 Ammonio
515 1460 579 1480 vero
606 1451 721 1480 Hermia:
738 1453 793 1481 tilio
811 1453 867 1488 (‘28)
888 1454 1005 1481 Alexan-

214 1501 291 1534 driae,
307 1508 387 1536 quem
403 1509 456 1528 non
474 1509 567 1536 parum
584 1502 689 1529 caeteris
702 1509 758 1529 suae
774 1502 862 1530 aetatis
887 1503 1006 1537 philoso-

1097 1134 1126 1161 '0
1140 1134 1168 1160 δὲ
1185 1134 1343 1170 Δαμάσκιος
1355 1135 1406 1170 τήν
1422 1142 1452 1160 τε
1465 1133 1665 1170 ῥητορεύουσι-ιν
1678 1133 1777 1168 τέχνην
1795 1133 1848 1159 ὑπὸ

1054 1180 1139 1207 Θέωνι
1158 1181 1221 1216 τρία
1237 1180 1284 1215 ἔτη
1300 1180 1349 1206 ὅλα
1367 1180 1524 1216 διεπόνησε,
1539 1180 1586 1207 xui
1603 1179 1725 1216 προῦστη
1740 1179 1847 1213 διατρι-

1054 1226 1109 1252 6ῶν
1125 1226 1277 1261 ῥητορικῶν
1293 1226 1339 1252 ἐπὶ
1354 1226 1403 1261 ἕτη
1426 1226 1458 1258 0’,
1475 1227 1647 1262 γεωμετρίας
1667 1224 1694 1253 δὲ
1715 1225 1761 1253 xui
1784 1225 1846 1262 ἀρι-

1053 1271 1190 1307 θμητικῆς
1210 1272 1256 1298 xui
1277 1272 1331 1298 τῶν
1354 1271 1444 1298 ἄλλων
1469 1272 1638 1307 μαθημάτων
1659 1273 1778 1307 Μαρῖνον
1799 1272 1847 1298 τὸν

1055 1318 1176 1353 διάδοχον
1192 1317 1314 1353 Πρόκλου
1329 1318 1358 1344 ὲν
1382 1317 1509 1353 Ἀθήναις
1527 1318 1590 1353 ἔσχε
1603 1318 1773 1346 διδάσκαλον.
1789 1319 1847 1353 Τῆς

1055 1363 1084 1390 δὲ
1097 1363 1242 1397 φιλοσόφου
1258 1363 1375 1396 θεωρίας
1390 1364 1404 1390 ὅ
1423 1372 1452 1390 τε
1474 1363 1620 1396 Ζηνόδοτος
1638 1364 1713 1399 αὒτῷ
1726 1363 1847 1399 καθηγε-

1059 1409 1116 1445 μὼν
1140 1409 1270 1445 Ἀθήνησι
1291 1410 1338 1436 xui
1356 1410 1438 1442 αὐτὸς
1460 1410 1581 1443 ἐγεγόνει
1601 1410 1734 1445 (διάδοχος
1748 1410 1777 1436 δὲ
1797 1411 1848 1437 xui

1056 1453 1133 1488 οὗτος
1160 1456 1298 1491 Πρόκλου,
1319 1456 1353 1482 τὰ
1374 1455 1488 1490 δεύτερα
1512 1456 1636 1492 Μαρίνου
1664 1456 1778 1491 φέρων),
1799 1457 1848 1483 καὶ

1063 1501 1218 1538 Ἀμμώνιος
1234 1503 1264 1528 ὲν
1284 1502 1474 1537 Ἀλεξανδρείᾳ
1488 1503 1501 1529 ό
1517 1502 1657 1538 Ἑρμείου,
1669 1502 1699 1528 ὃν
1709 1503 1740 1529 οὑ
1755 1502 1848 1537 μικρῷ

213 1547 276 1581 phis
286 1548 450 1574 antecellere
462 1548 567 1581 scribit,
579 1553 606 1575 et
618 1548 734 1575 maxime
748 1549 774 1575 in
791 1548 1001 1576 mathematicis.

1058 1548 1149 1584 μέτρῳ
1159 1547 1212 1574 τῶν
1225 1547 1286 1574 καθ’
1297 1547 1394 1575 ἑαυτὸν
1402 1548 1449 1574 ἐπὶ
1461 1547 1606 1583 φιλοσοφίᾳ
1618 1547 1685 1582 φησί
1694 1547 1846 1583 διαφέρειν,

214 1593 301 1628 Hujus
318 1593 344 1620 in
358 1593 504 1621 Platonieis
522 1601 551 1621 se
570 1594 722 1621 auditorem
742 1594 827 1622 fuisse
844 1594 1004 1621 Damascius

213 1639 319 1671 scribit.
346 1644 374 1666 ut
401 1644 429 1666 et
457 1638 595 1667 Ptolemzei
624 1647 730 1675 magna:
755 1640 1004 1668 astronomicornm

213 1690 369 1722 syntaxeos.
390 1685 539 1713 Dialectictc
561 1690 650 1713 tamen
673 1686 877 1713 exercitationis
888 1686 1003 1720 vimiusu

214 1739 247 1759 se
269 1739 302 1759 ac
324 1731 510 1759 familiaritate
530 1731 625 1759 lsidori
649 1736 825 1759 consecutum
851 1731 1002 1763 contendit,

214 1785 294 1813 quem
316 1782 343 1805 et
371 1778 397 1804 in
419 1778 470 1805 hac
497 1778 554 1812 ipsa
579 1777 729 1805 disserendi
756 1777 885 1804 facultate
908 1783 1004 1804 omnes

214 1829 347 1859 quotquot
358 1823 422 1850 illml
436 1823 564 1850 saeculum
580 1823 652 1856 tulit,
663 1824 758 1851 doetos
771 1823 896 1851 homines
906 1823 1004 1851 obscu-

212 1866 293 1897 rasse
305 1874 509 1897 commemorat.

530 1957 682 1985 CLXXXII.

215 2002 250 2031 Β.
270 2003 386 2038 Eulogii,
410 2003 564 2039 archiepisc.
582 2004 773 2065 111_[;1:attdrilli,
791 2003 891 2032 Contra
909 2005 1003 2033 Nava-

520 2045 575 2065 tum
599 2048 606 2065 t
626 2047 647 2064 rt
661 2047 697 2065 vt.

520 2045 575 2066 tum
588 2045 647 2066 ιιονι
661 2047 697 2067 γι.

248 2087 325 2116 Lecti
349 2091 412 2115 sunt
434 2087 466 2115 Β.
482 2087 588 2123 Eulogii
610 2087 787 2114 Alexandrini
804 2088 1002 2124 archiepiscopi

1056 1595 1104 1621 xui
1117 1594 1236 1629 μάλιστα
1251 1595 1308 1626 τοῖς
1323 1595 1477 1630 μαθήμασι.
1494 1594 1596 1621 Τοῦτον
1610 1595 1657 1621 xui
1668 1594 1722 1620 τῶν
1732 1594 1847 1620 Πλατω-

1055 1641 1139 1667 νικῶν
1150 1640 1289 1676 ἐξηγητὴν
1301 1640 1376 1675 αὐτῷ
1387 1640 1550 1675 γεγενῆσθαι
1561 1640 1716 1675 Δαμάσκιος
1726 1640 1848 1675 ἁναγράο

1055 1696 1112 1722 (pst,
1133 1687 1181 1714 καὶ
1205 1688 1254 1722 τῆς
1277 1687 1431 1719 συντάξεως
1454 1686 1509 1713 τῶν
1525 1687 1731 1722 ἀστρονομικῶν
1745 1687 1849 1713 Πτολε-

1056 1731 1136 1766 μαίου
1159 1730 1279 1765 βιϐλίων.
1301 1731 1357 1765 Τῆς
1383 1731 1474 1765 μέντοι
1490 1730 1665 1766 διαλεκτικῆς
1688 1731 1786 1765 τριϐῆς
1797 1731 1849 1762 τάς

1061 1776 1197 1812 Ἰσιδώρου
1211 1777 1355 1809 συνουσίας
1369 1776 1419 1812 τὴν
1432 1777 1509 1811 ἰσχὺν
1523 1776 1597 1812 αὕτῷ
1612 1777 1777 1803 διατείνεται
1792 1785 1848 1803 πα-

1056 1825 1176 1859 ρασχεῖν,
1199 1824 1228 1851 ὃν
1244 1825 1291 1851 καὶ
1309 1825 1355 1852 ὲπὶ
1377 1826 1409 1860 τῇ
1430 1824 1542 1860 τοιαύτῃ
1563 1825 1618 1851 τῶν
1631 1824 1718 1858 λόγων
1732 1823 1849 1859 δυνάμει

1055 1869 1160 1900 πάντας
1173 1869 1347 1904 ἀνθρώπους,
1363 1870 1442 1900 ὅσους
1455 1871 1469 1896 ό
1483 1869 1543 1896 κατ’
1560 1869 1669 1905 εκείνην
1684 1870 1734 1905 τὴν
1749 1870 1850 1904 γενεὰν

1053 1916 1154 1951 ἤνεγκε
1172 1916 1278 1951 χρόνος,
1295 1915 1508 1950 ἀποκρύψασθαι
1521 1924 1614 1951 φησιν.

1373 1961 1458 1988 ΡΠΒ¹.

1055 2008 1216 2043 Εὐλογίου,
1237 2007 1477 2042 ὐρχιεπισκόπου
1502 2007 1744 2043 Ἀλεξανδρείας,
1771 2009 1852 2036 κατὰ

1149 2068 1154 2073 ,
1303 2042 1442 2070 Ναυάτου
1457 2045 1543 2078 λόγοι
1561 2043 1599 2075 ς’.

1095 2088 1264 2124 Ἀνεγνώσθη
1277 2088 1405 2123 Εὐλογίου
1420 2088 1468 2114 τοῢ
1485 2090 1514 2115 ὲν
1528 2089 1616 2123 ἁγίοις
1628 2089 1851 2124 ἅρχιεπισκόπου

214 2132 313 2161 Contra
327 2133 459 2160 Navatum
472 2134 565 2168 (29)et
582 2133 620 2160 De
637 2133 866 2162 administratione
882 2135 938 2170 (30)
950 2134 1003 2171 [ec-

1060 2134 1262 2170 Ἀλεξανδρείας
1277 2135 1355 2161 κατὰ
1371 2134 1510 2161 Ναυάτου
1526 2135 1573 2161 xui
1589 2135 1656 2170 περί
1674 2136 1852 2170 οἰκονομίας

213 2178 372 2215 cleaiam’ca]
395 2179 456 2206 libri
483 2179 604 2214 quinque
631 2179 700 2214 (31).
720 2178 844 2207 Ilominis
865 2180 948 2208 dictio
968 2180 1002 2208 ad

1058 2181 1138 2215 λόγοι
1156 2183 1187 2207 ε’.
1203 2181 1281 2207 Ἐστι
1293 2180 1343 2216 τὴν
1355 2180 1456 2216 φράσιν
1471 2181 1486 2208 ὁ
1500 2181 1580 2216 ἀνὴρ.
1598 2182 1649 2208 ὅσα
1665 2182 1714 2217 μὲν
1730 2183 1771 2213 εἰς
1801 2182 1851 2209 λέ-

212 2224 294 2252 verba
312 2225 383 2260 quod
399 2225 513 2257 attinet,
530 2224 587 2252 fere
608 2225 784 2252 mediocriter
797 2231 840 2254 est
851 2232 978 2254 accurata
992 2235 1000 2254 :

1058 2227 1095 2259 Ξιν
1113 2227 1185 2262 ἣκει,
1203 2226 1252 2253 τοῦ
1270 2227 1383 2263 μετρίου
1397 2235 1457 2259 πως
1485 2227 1528 2253 ἐπ’
1554 2228 1664 2254 ἔλαττον
1692 2228 1852 2264 ὴκριὸωμέ-

211 2278 306 2299 verum
323 2272 526 2299 constructione
546 2279 598 2299 non
619 2272 712 2306 procul
727 2280 799 2308 saepe
813 2281 827 2299 a
844 2273 1001 2301 solaecismn

1058 2281 1110 2305 νος,
1126 2273 1176 2300 ὅσα
1188 2273 1216 2300 δὲ
1236 2274 1276 2305 εἰς
1287 2272 1439 2306 συντάξεις,
1449 2274 1533 2308 ἐγγὺς
1548 2274 1678 2305 πολλάκις
1693 2274 1747 2300 τῶν
1762 2275 1852 2302 σολοι-

212 2317 342 2344 abscedit.
362 2317 520 2344 Divinarum
537 2317 631 2344 adhaac
654 2316 854 2351 Scripturarutn
881 2326 933 2346 non
958 2324 1001 2347 est

1058 2318 1187 2351 κιζόντων
1204 2319 1369 2354 ἀφιγμένος,
1393 2319 1447 2346 τῶν
1464 2319 1493 2346 δὶ
1510 2320 1590 2346 θείων
1604 2320 1654 2346 οὐκ
1678 2320 1851 2356 ἀμελέτητος

212 2363 365 2398 imperitus,
383 2370 498 2398 quarum
515 2363 670 2390 testimonia
683 2362 799 2391 feliciter
816 2369 898 2399 atque
917 2372 1001 2400 appo-

1058 2364 1183 2400 Γραφῶν,
1198 2365 1266 2391 ἀλλὰ
1289 2365 1336 2392 xui
1351 2364 1488 2400 εὐστόχως
1502 2365 1598 2397 αὑταῖς
1613 2366 1684 2393 κατά
1698 2374 1727 2392 τε
1738 2366 1761 2382 ⁸³
1772 2366 1855 2394 Ναυιν

848 2422 966 2450 VARI/ﬁ
985 2422 1189 2451 LECTIONES.

246 2468 271 2485 “
283 2467 424 2496 ποικίλλον
436 2467 470 2496 Α.
508 2467 532 2484 ⁸⁸
548 2466 654 2494 ἔντονον
668 2477 698 2500 ς.
715 2467 769 2494 τῶν
781 2467 869 2500 λόγων
887 2477 917 2500 ς.
967 2468 990 2484 ⁵⁸
1000 2469 1071 2495 κατὰ
1087 2469 1117 2495 τὸ
1139 2468 1298 2503 βιαζόμενον
1313 2477 1344 2500 ς.
1393 2468 1415 2484 ⁸⁷
1429 2467 1518 2503 κρίσιν
1532 2468 1565 2494 Δ.
1605 2467 1627 2484 ⁸⁸
1641 2475 1671 2493 τε
1688 2467 1750 2494 add.
1766 2467 1798 2494 Α.

970 2526 1085 2555 NOT/E.

247 2574 303 2609 (97)
322 2573 404 2608 Cujus
434 2573 542 2602 libellus
564 2574 600 2601 De
622 2572 711 2600 Procli
738 2573 868 2601 Diadochi
899 2574 951 2602 vita
972 2575 998 2602 in
1054 2575 1213 2609 cephorum,
1230 2576 1293 2602 item
1309 2575 1413 2602 Callist.
1427 2573 1542 2601 etSnid.

211 2606 337 2646 manibus
352 2606 409 2646 est;
426 2609 579 2646 legeSuid.
596 2644 603 2646 Α
635 2644 640 2646 Α
762 2644 767 2646 _
944 2645 948 2646 γ
1087 2606 1147 2645 (50)
1163 2611 1231 2646 Περὶ
1248 2611 1422 2646 οἰκονομίας,
1434 2609 1556 2646 Intelligo
1571 2611 1731 2646 potestatem
1750 2606 1849 2646 Eccle-

247 2644 304 2679 (ε’-8)
319 2645 358 2672 Ad
371 2642 576 2680 tliSIiIfctionenI
596 2644 678 2679 hujus
693 2645 727 2673 ab
743 2644 831 2672 altero
847 2645 1001 2680 antiquiore
1054 2642 1102 2672 sia:
1123 2642 1149 2672 in
1174 2642 1449 2680 recipiendis'lapsis.
1476 2645 1514 2671 De
1527 2642 1678 2677 οἰκονομίᾳ
1697 2642 1769 2669 idem
1796 2643 1847 2669 inf.

211 2680 356 2707 Ammonio
368 2679 462 2711 Sacca.
481 2681 514 2707 de
530 2687 583 2713 quo
601 2680 708 2707 Suidas.
814 2713 836 2715 η
915 2679 921 2680 ⁷
1056 2688 1164 2715 quoque
1185 2682 1246 2708 cod.
1264 2680 1327 2707 2‘27.

249 2715 303 2750 (‘29)
325 2715 503 2742 Novatianum
526 2711 597 2741 hunc
613 2715 708 2746 fuisse,
725 2715 771 2742 sed
785 2722 799 2741 a
814 2713 917 2742 Novato
933 2724 1001 2750 qun-
1060 2711 1073 2750 γ’
1093 2715 1149 2750 (5|)
1166 2715 1203 2742 De
1217 2715 1314 2749 quibus
1327 2715 1435 2747 iterum,
1451 2714 1498 2741 sed
1512 2713 1632 2750 brevius,
1649 2712 1698 2750 inf.
1709 2711 1846 2739 eod.2|8.

211 2748 272 2777 dam
295 2748 334 2778 VB.
356 2750 484 2785 Cypriani
515 2750 604 2784 presh.
642 2751 782 2777 seductum
807 2751 877 2784 (qum
899 2748 1002 2778 Graecis
1057 2748 1157 2777 Eorum
1186 2748 1268 2784 porro
1286 2755 1425 2784 excerpta.
1444 2758 1503 2784 qua:
1524 2748 1633 2783 quidem
1650 2749 1687 2785 ad
1704 2756 1847 2785 sacrarunt

211 2785 282 2812 forte
305 2783 568 2820 ansa-confundent“
586 2785 681 2812 horum
707 2783 839 2818 nornina),
857 2786 946 2813 disces
968 2794 1002 2813 ex
1057 2783 1259 2820 Scripturarutn
1285 2785 1487 2820 expositionem
1517 2785 1654 2820 facerent,
1681 2783 1774 2820 babes
1797 2783 1845 2810 inl‘.

212 2821 262 2847 ΙςΒ.
280 2820 410 2851 Cornelii.
432 2821 514 2854 Cypr.
535 2819 646 2848 Hieron.
661 2826 688 2847 et
706 2821 819 2848 aliorum
841 2820 1000 2848 Latinorum
1056 2818 1301 2847 cod.'250.Sextus
1314 2818 1403 2846 autem
1416 2820 1461 2853 qui
1476 2819 1553 2847 fictas
1568 2818 1602 2846 de
1614 2818 1718 2845 Navato
1739 2818 1847 2845 fabulas

212 2828 262 2847 Ιίϋ.
280 2828 410 2851 ιιοιιηειιι.
432 2828 453 2848 ι»
474 2828 514 2854 pr.
535 2828 646 2848 nteron.
661 2828 688 2847 et
706 2828 819 2848 auorum
841 2828 1000 2848 LManl‘llm
1056 2828 1116 2846 (‘OtL
1130 2828 1193 2847 Ζῦυ.
1201 2828 1301 2847 beatus
1314 2828 1403 2846 autem
1416 2828 1461 2853 illi!
1476 2828 1553 2847 IICI‘JS
1568 2828 1602 2846 ue
1614 2828 1718 2845 navata
1739 2828 1847 2845 mutnus

211 2856 332 2891 scriptis.
360 2855 438 2891 Vide
450 2828 628 2889 lipiphanium
655 2856 749 2882 haeresi
774 2855 808 2883 59
825 2864 832 2888 ;
863 2855 999 2883 Theudor.
1056 2856 1189 2888 (-onrutat,
1203 2859 1296 2884 contra
1306 2856 1378 2891 ipsos
1391 2854 1480 2890 potius
1495 2855 1554 2891 ejus
1568 2858 1716 2883 sectatores
1726 2854 1847 2889 scriptus

213 2890 314 2919 Hum.
335 2891 389 2925 fab.
412 2890 458 2919 lib.
475 2898 516 2926 tu,
534 2894 561 2918 et
574 2891 670 2918 Annal.
690 2899 708 2918 ιι
731 2890 828 2919 Baron.
852 2891 939 2924 card.,
958 2891 1002 2919 Μ·
1055 2891 1170 2918 videtur.
