1923 3091
97 152 154 184 533

584 159 850 192 BIBLIOTHECA.
869 174 905 182 -
921 163 1002 196 COD.
1023 165 1194 197 CLXXXII.

1677 169 1728 201 534

94 207 216 234 ατιανῶν
232 207 280 234 καὶ
295 207 339 235 ἐπ’
356 209 444 236 ἄλλων
457 211 539 238 τινῶν
569 214 748 249 κεχρημένος,
774 207 883 248 πιῦανδς

937 218 988 246 site
1001 227 1062 246 cum
1076 221 1209 249 adversus
1224 221 1398 256 Navatianos,
1418 228 1472 250 tum
1497 223 1522 250 in
1539 223 1600 251 aliis
1614 225 1728 259 quibus—

93 253 124 279 δὲ
136 253 176 285 ὠς
189 255 220 281 ἐν
234 255 346 291 τοιαύτῃ
365 257 475 291 φράσει,
491 257 680 292 διδασκαλικὸς
707 270 737 288 τε
762 263 809 289 καὶ
832 263 887 290 οὐδ’

94 300 207 334 ἄχαρις.

129 345 214 380 Λέγει
228 346 257 372 δὲ
271 347 317 374 τὸν
339 348 466 376 Ναυάτον
477 350 529 376 ὑπὸ
549 351 698 386 Κορνηλίου
720 362 801 380 παπα
819 354 885 381 Ῥώ-

96 400 151 426 μης
165 393 357 426 ἁρχιδιάκονον
374 395 424 429 τῆς
442 395 586 431 Ῥωμαίων
600 397 888 434 καθεστάναιῈκκλη-

94 438 169 468 σίας,
184 439 225 469 είς
238 438 268 464 ὃν
281 439 296 465 ὁ
315 440 443 475 τηνικάδε
469 442 555 473 τύπος
567 443 677 478 κρατῶν
707 444 887 478 τελευτῶντος

92 482 142 509 τοῦ
169 485 251 511 πάπα
266 485 313 511 τὸν
328 486 523 522 ἁρχιερατικὸν
538 489 638 524 κλῆρον
656 489 737 525 ἔφερε
750 500 757 507 ·
776 492 822 518 τὸν
832 493 888 528 γὰρ

92 529 285 564 ἀρχιδιάκονον
311 532 470 567 ὲνενόμιστο
482 533 547 569 [2M
563 534 597 570 H]
610 535 732 571 διάδοχον
760 538 807 564 τοῦ
834 539 886 575 ἁρ-

92 575 304 610 χιεραιιεύοντος
331 577 524 606 καθίστασθαι.
548 580 628 608 Ἀλλὰ
639 581 723 616 τῦφον
740 583 762 598 ⁸⁸
791 592 822 610 τε
845 593 888 611 νο-

93 620 195 647 σόὖντα
212 623 362 658 Κορνήλιος
377 625 468 659 (φησὶ)
482 626 530 653 καὶ
547 626 585 662 τῷ
598 628 691 663 οίκείῳ
705 630 886 664 ἐφεδρεύοντα

92 666 204 702 θανάτῳ
220 669 325 702 μαθὼν,
345 671 532 707 πρεσϐύτερον
558 676 717 709 χειροτονεῖ,
734 677 824 708 πάσας
837 679 887 710 τὰς

90 714 134 744 εἰς
163 714 211 741 τὸν
228 715 251 730 ⁷ο
266 716 460 751 ἁρχιερατικὸν
475 718 569 753 θρόνον
584 722 721 756 φερούσας
741 723 824 750 αὑτοῦ
839 733 888 751 πε-

93 759 211 793 ρικόψας
228 761 346 793 ἐλπίδας.
373 762 402 789 '0
422 763 451 789 δὲ
465 765 685 800 καιροφυλακῶν,
699 769 760 794 ἐπεὶ
782 769 889 805 Κορνή-

91 805 151 836 λιος
166 806 213 832 ἐπὶ
227 806 367 842 διαφόροις
386 809 540 844 πταίσμασί
567 820 641 844 τινας
670 813 818 848 δεξάμενος
848 817 888 848 είς

94 851 244 885 μετάνοιαν
262 853 309 880 καὶ
325 855 381 886 τοῖς
404 855 552 891 ἀνήκουσιν
570 859 718 893 ἐπιτιμίοις
743 861 888 889 ὑποϐαλὼν

91 897 145 931 τῆς
175 898 231 925 τῶν
247 899 390 935 ἀχράντων
423 904 582 939 μυστηρίων
605 906 748 938 κοινωνίας
776 907 886 942 ἠξίωσε,

90 944 174 971 τοῦτο
189 945 328 980 πρόφασιν
343 947 538 984 ἁρπασάμενος
554 951 686 985 ῥήγνυταί
704 961 734 978 τε
753 953 802 987 τῆς
823 953 886 980 Ἐκ-

90 989 220 1026 κλησίας,
238 993 376 1020 ἐπικαλῶν
392 995 535 1031 Κορνηλίῳ
548 996 597 1032 τὴν
617 998 671 1024 τῶν
685 999 886 1034 ἡμαρτηκότων

91 1036 263 1072 παραδοχὴν,
280 1039 326 1065 καὶ
341 1039 409 1072 ίδίας
423 1041 557 1076 αἱρέσεως
570 1043 692 1079 ἀρχηγὸν
700 1045 887 1073 ἀναδείκνυσιν

89 1082 199 1115 ἑαυτὸν,
215 1085 368 1119 Καθαροὺς
385 1086 436 1121 μὲν
450 1088 515 1119 τοὺς
530 1090 735 1122 συναποστάτας
751 1093 885 1127 ἐπονομά-

92 1136 156 1160 σας,
185 1131 413 1166 Κορνηλιανοὺς
427 1133 457 1160 δὲ
473 1135 503 1160 τὸ
523 1134 635 1169 σύμπαν
649 1136 700 1168 τῆς
722 1137 886 1173 Ἐκκλησίας

89 1174 147 1208 πλή
152 1183 243 1209 ρωμα.

128 1219 240 1256 [4158]
260 1222 304 1248 Ἑν
319 1223 368 1257 μὲν
383 1221 430 1251 οὖν
457 1226 514 1257 τοῖς
541 1226 673 1262 τέσσαρσι
700 1228 790 1263 λόγοις
816 1231 886 1258 κατὰ

88 1268 141 1301 τῆς
158 1267 293 1302 αἱρέσεως
309 1270 405 1301 κοινῶς
418 1271 439 1286 τ¹
453 1271 500 1297 τοῦ
522 1271 651 1299 Ναυάτου
679 1274 844 1308 ἀγωνίζεται
871 1276 885 1302 ὁ

89 1315 283 1347 συγγραφεὺς,
309 1318 455 1349 γραφικοῖς
469 1317 550 1343 αὐτὸν
565 1319 738 1353 αἰκιζόμενος
754 1321 883 1356 ῥήμασιν.

94 1359 141 1385 Ἐν
156 1359 186 1385 δὲ
200 1359 240 1394 τῷ
255 1361 373 1396 πέμπτῳ
394 1362 467 1394 ίδίως
496 1364 562 1399 περὶ
593 1365 639 1391 τοῦ
657 1365 711 1392 δεῖν
738 1368 822 1402 τιμᾷν
851 1369 885 1395 τὰ

87 1402 145 1429 τῶν
162 1403 311 1439 μαρτύρων
326 1405 441 1440 λείψανα
460 1407 673 1441 ἐπαγωνίζεται,
691 1410 705 1436 ὂ
721 1411 758 1446 μὴ
789 1412 885 1447 ἀνέχε-

89 1449 154 1475 σθαι
171 1450 305 1485 πράττειν
321 1452 389 1486 φησὶ
399 1452 463 1483 τοὺς
476 1453 528 1479 ἀνὰ
539 1453 587 1489 τὴν
609 1454 812 1491 Ἀλεξάνδρειαν
828 1457 885 1484 δια-

88 1495 247 1529 σπαρέντας
269 1496 468 1530 Ναυατιανοὺς,
499 1498 554 1524 εἴτε
574 1500 676 1526 τούτων
702 1502 790 1535 μόνων
802 1503 824 1518 ⁷¹
840 1503 885 1529 καὶ

939 265 999 292 dam
1015 267 1095 294 rebus
1108 267 1227 295 adhibet.
1244 268 1391 296 Persuadet
1405 270 1478 302 item,
1499 275 1527 297 ut
1549 270 1606 304 ejus
1622 272 1728 300 dicendi

938 312 1034 346 genius
1046 318 1099 344 est,
1112 313 1246 348 docetque
1260 322 1292 341 ac
1303 315 1402 349 placet.

975 356 1069 384 Refert
1086 364 1178 386 autem
1200 359 1330 386 Navatum
1354 360 1420 394 (δί),
1439 361 1566 389 Cornelio
1587 363 1729 397 pontifice,

939 402 1068 430 Romanae
1086 412 1146 431 esse
1161 405 1288 432 Ecclesia:
1309 406 1531 434 archidiaconum
1549 413 1682 441 creatum,
1695 410 1729 436 ad

938 456 1018 483 quem
1038 450 1126 484 ipsum
1145 451 1328 485 pontiﬁcium,
1346 460 1395 486 pro
1415 453 1474 487 ejus
1494 455 1622 488 temporis
1641 463 1726 484 more.

939 493 1086 522 decedente
1111 503 1126 523 e
1143 496 1196 523 vita
1216 498 1353 531 pontiﬁce,
1375 497 1560 526 deferebatur.
1582 499 1727 527 Arcltidia-

939 547 1036 567 conum
1061 542 1132 567 enim
1151 543 1296 569 succedere
1311 550 1417 570 summo
1442 545 1574 572 sacerdoti
1597 550 1726 572 statutum

939 591 1008 614 erat.
1026 585 1126 614 Verum
1145 588 1215 615 hunc
1230 588 1279 623 (ait
1295 588 1435 624 Eulogius)
1453 591 1579 624 superbia
1603 591 1727 619 laboran-

940 637 993 659 tem
1016 632 1168 664 Cornelius,
1193 638 1220 660 et
1246 635 1272 661 iu
1299 642 1375 662 suam
1400 642 1515 664 mortem
1542 637 1725 665 imminentem

939 685 1000 705 cum
1020 680 1207 713 cognovisset,
1225 683 1412 717 presbyterum
1430 683 1556 714 ordinat,
1575 691 1670 710 omnes
1687 684 1727 710 sic

939 723 977 751 illi
993 725 1026 751 ad
1043 733 1197 759 supremam
1216 727 1370 754 cathedram
1389 728 1563 762 perveniendi
1581 736 1641 763 spes
1657 736 1726 763 prte-

940 769 1044 797 cidens.
1058 770 1106 797 Ille
1136 779 1200 798 vero
1216 771 1337 800 intentus
1350 773 1376 799 in
1387 773 1570 806 occasionem,
1583 779 1726 809 postquam

940 815 1082 843 Cornelius
1093 824 1107 844 e
1121 818 1203 844 variis
1215 818 1333 852 peccatis
1347 819 1380 845 ad
1392 819 1580 853 pmuiteittiam
1594 821 1726 854 quosdam

942 863 1054 897 recepit,
1070 868 1097 889 et
1111 870 1163 896 qua
1179 871 1229 897 par
1243 868 1302 890 erat
1316 871 1395 898 poena
1408 864 1537 892 multatos
1552 866 1584 891 ad
1596 865 1726 893 immacue

939 909 1055 936 latorum
1073 909 1262 944 mysteriorum
1277 911 1497 938 communionem
1516 910 1644 944 admisit;
1675 911 1726 938 bac

938 962 1003 982 ansa
1017 953 1123 990 [miser]
1137 959 1255 989 arrepta,
1267 955 1369 983 divisus
1384 960 1425 983 est
1439 955 1472 982 ab
1483 955 1617 989 Ecclesia,
1629 964 1726 991 expro-

938 1001 1021 1027 brans
1042 1000 1169 1028 Cornelio
1189 1002 1260 1035 quod
1282 1006 1455 1035 peccatorum
1472 1007 1545 1030 esset
1559 1008 1724 1037 receptator,

938 1053 1023 1080 seque
1038 1046 1125 1079 ipsum
1142 1046 1255 1074 barresis
1267 1046 1381 1081 propriae
1397 1047 1546 1074 declaravit
1559 1052 1696 1075 auctorem
1716 1057 1724 1075 :

938 1091 1069 1119 Catharos
1086 1092 1194 1127 quidem
1218 1097 1300 1120 secta:
1324 1093 1412 1120 socios
1440 1094 1599 1126 nominans,
1625 1093 1725 1121 Come-

937 1138 1023 1165 Iianos
1043 1143 1132 1166 autem
1147 1139 1281 1166 universa:
1295 1143 1395 1166 emtum
1409 1138 1548 1167 Ecclesiae.

973 1225 1001 1252 In
1024 1226 1066 1252 Itis
1086 1225 1168 1260 igitur
1192 1225 1267 1253 libris
1286 1230 1403 1260 quatuor
1421 1226 1516 1261 12717
1541 1233 1602 1253 cum
1629 1225 1725 1254 Navali

938 1276 1011 1299 secta
1050 1272 1076 1298 in
1114 1279 1214 1306 genere
1248 1272 1364 1306 scriptor
1397 1272 1440 1299 hic
1473 1280 1611 1307 pugnans,
1640 1281 1726 1300 saera:

938 1317 1086 1352 Scriptura:
1102 1318 1170 1344 locis
1185 1318 1272 1352 ipsum
1288 1319 1386 1345 misere
1399 1317 1515 1351 ﬂagellat
1531 1329 1538 1345 .-
1553 1319 1616 1345 dum
1630 1319 1725 1353 quinto

937 1364 1092 1398 singulatim
1120 1363 1189 1390 libro
1218 1368 1368 1398 martyrum
1398 1371 1459 1391 esse
1485 1364 1615 1398 reliquias
1645 1372 1726 1392 vene-

936 1409 1037 1436 randus
1051 1409 1201 1441 contendit,
1216 1409 1288 1443 quod
1304 1409 1456 1437 detrectare
1470 1417 1518 1444 per
1532 1410 1723 1437 Alexandriam

936 1456 1072 1490 dispersos
1096 1455 1260 1482 Navatianos
1282 1455 1319 1481 ait
1337 1463 1344 1482 :
1362 1455 1420 1482 sive
1446 1456 1473 1482 lii
1498 1456 1547 1483 soli
1573 1464 1605 1484 eo
1631 1457 1725 1483 morbo

936 1503 1103 1535 laborarint,
1135 1503 1192 1529 sive
1225 1503 1405 1529 communiter
1435 1503 1499 1529 illud
1530 1503 1641 1530 h:crcsis
1670 1509 1723 1530 tota

85 1540 138 1574 τὴν
151 1540 281 1575 τοιαύτην
297 1542 374 1568 νόσον
383 1544 652 1579 προσνενοσηκότων,
668 1546 722 1572 εἴτε
733 1547 829 1578 κοινῶς
838 1549 883 1582 τῆς

938 1549 1120 1583 proﬁteretur.
1140 1548 1176 1574 At
1195 1548 1221 1574 in
1245 1553 1322 1575 sexto
1338 1547 1446 1580 evertit,
1460 1549 1505 1582 qui
1529 1549 1561 1575 de
1575 1547 1723 1575 Navatiana

86 1585 223 1619 αἱρέσεως
237 1586 317 1613 τοῦτο
333 1587 594 1625 διαπρεσϐευούσης.
619 1590 662 1616 Ἑν
677 1591 705 1617 δὲ
724 1591 796 1628 ἕκτῳ
814 1593 881 1619 ἁνα-

84 1631 185 1666 τρέπει
197 1632 232 1658 τὰ
252 1632 329 1667 παρὰ
341 1635 397 1665 τοῖς
415 1634 597 1667 Ναυατιανοίς
605 1636 741 1672 λεγόμενα
756 1638 883 1674 ὑπομνή-

87 1685 163 1711 ματα
179 1678 226 1704 καὶ
239 1678 288 1713 τὴν
302 1678 526 1715 ψευδεπίγραφον
539 1682 654 1718 ἄθλησιν
668 1683 797 1710 Ναυάτου
818 1687 880 1712 ἐπι-

86 1723 213 1749 σκόπου-
231 1724 382 1751 ἐπίσκοπον
410 1727 464 1762 γὰρ
489 1727 598 1763 Ῥώμης
629 1728 675 1755 τδν
702 1731 881 1766 αίρεσιάρχην

87 1769 335 1804 ἀποσεμνύνουσιν.
355 1771 433 1803 Ἐστι
445 1773 473 1799 δὲ
489 1774 523 1800 τὰ
541 1775 725 1810 ὑπομνήματα
741 1777 828 1803 ταῦτα
840 1779 882 1810 εἰς

85 1814 203 1850 ἔσχατον
218 1817 394 1850 χυὸαιότητος
410 1818 483 1851 λέξει
493 1828 522 1845 τε
537 1821 585 1847 καὶ
600 1821 705 1858 διανοίᾳ
718 1823 765 1849 καὶ
783 1823 881 1859 συνθή-

85 1869 122 1895 κῃ
139 1860 187 1887 καὶ
198 1862 266 1888 πᾶσι
280 1863 338 1894 τοῖς
354 1864 419 1898 περὶ
435 1865 481 1891 τὸν
493 1865 573 1899 λόγον
588 1866 786 1903 θεωρουμένοις
801 1869 881 1896 ἐλαύ-

84 1916 179 1933 νοντα.
199 1907 343 1935 ’Υπόθεσιν
357 1909 380 1935 δ’
390 1909 457 1945 ἔχει.
473 1911 513 1937 ὃτι
527 1911 717 1947 βασιλεύοντος
738 1915 881 1951 Ῥωμαίων

83 1952 184 1977 Δεκίου
199 1952 246 1979 καὶ
271 1953 456 1989 Οὐαλεριανοῦ
483 1956 627 1992 Περέννιος
638 1959 661 1974 ⁷³
690 1959 879 1996 δουκηνάριος,

83 1997 255 2033 πρόσταγμα
286 1999 377 2026 λαϐὼν
402 2001 468 2037 παρ’
487 2002 588 2035 αὐτῶν,
618 2004 722 2036 πάντας
743 2007 805 2038 τοὺς
828 2007 880 2035 ἀνὰ

83 2043 135 2076 τὴν
160 2042 271 2078 Ῥώμην
288 2045 334 2070 καὶ
361 2044 410 2076 τὰς
431 2045 512 2080 πέριξ
539 2047 674 2082 ἐπαρχίας
698 2049 880 2084 Χριστιανοὺς

84 2088 256 2123 βαρυτάταις
277 2089 406 2124 βασάνοις
423 2092 471 2117 καὶ
494 2094 608 2127 πικραῖς
622 2095 770 2129 τιμωρίαις
800 2096 878 2124 εἰδω-

83 2131 227 2167 λολατρεῖν
248 2133 384 2165 ἐϐιάζετο.
403 2136 457 2161 Καὶ
476 2136 568 2162 πολλοὶ
593 2138 644 2172 μὲν
659 2140 706 2165 καὶ
732 2140 807 2167 ἄλλοι
832 2142 877 2169 ὲν-

83 2179 188 2205 εδίδουν
204 2180 237 2214 τῇ
271 2179 327 2214 βίᾳ,
346 2181 393 2206 καὶ
413 2181 444 2215 δὴ
461 2182 508 2208 καὶ
532 2183 700 2217 Μακεδόνιος
719 2186 876 2220 ἐπίσκοπος

934 1600 1009 1622 secta
1035 1594 1157 1620 feruntur
1179 1593 1405 1625 commentarios,
1426 1598 1453 1620 et
1473 1593 1540 1621 falso
1564 1594 1723 1628 Inscriptum

935 1639 1033 1667 Ναυαιί
1057 1639 1168 1672 episcopi
1197 1644 1347 1671 certamen;
1379 1638 1536 1672 episcopum
1566 1639 1622 1674 (33)
1650 1639 1722 1666 enim

934 1687 1009 1714 urbis
1023 1685 1114 1712 Bonum
1135 1685 1218 1712 fuisse
1239 1684 1449 1712 lneresiarebam
1471 1685 1542 1711 hunc
1563 1690 1724 1720 arroganter

931 1733 1068 1769 jactitant.
1097 1732 1166 1759 Sunt
1195 1735 1285 1758 autem
1317 1731 1344 1758 hi
1373 1731 1562 1759 eormnentarii
1595 1737 1723 1758 extremae

934 1778 1068 1810 utilitatis,
1095 1783 1151 1804 tum
1180 1777 1344 1804 dictionibus
1376 1785 1406 1804 ac
1433 1785 1527 1808 sensu,
1555 1782 1610 1803 tum
1638 1777 1721 1804 etiam

933 1825 1140 1858 compositione.
1165 1823 1344 1857 omnibusque
1370 1825 1437 1850 adeo
1452 1831 1521 1857 quze
1543 1824 1570 1850 in
1596 1830 1722 1851 sermone

932 1874 1099 1905 spectantur.
1122 1869 1222 1896 Eorum
1247 1869 1310 1896 illud
1332 1875 1374 1897 est
1397 1874 1586 1904 argumentum
1608 1870 1722 1904 :lmpe-

933 1916 1055 1943 rentibus
1071 1915 1162 1942 Roma:
1189 1915 1269 1942 Decio
1282 1919 1309 1941 et
1324 1915 1478 1947 Valeriano,
1494 1915 1657 1942 Perenninm
1672 1916 1707 1942 du
1720 1930 1723 1934 -

932 1960 1153 1994 ceuarium(5i),
1179 1965 1291 1994 accepto
1318 1961 1352 1986 ab
1379 1960 1444 1993 ipsis
1464 1962 1613 1993 mandato,
1627 1969 1722 1988 omnes

931 2007 1060 2034 Romana:
1079 2006 1164 2037 urbis,
1190 2010 1216 2032 et
1241 2005 1418 2032 circumcirca
1446 2005 1558 2032 ditionis
1584 2005 1722 2033 Christia-

933 2061 993 2083 nos.
1017 2053 1163 2087 exquisitis
1197 2052 1362 2079 cruciatibus
1388 2052 1530 2086 pcenisque
1555 2053 1661 2080 acerbis
1686 2054 1720 2080 ad

931 2099 1064 2127 idolorum
1091 2098 1193 2125 cultqu
1219 2105 1266 2132 per
1291 2097 1344 2123 vim
1367 2098 1530 2132 eompulisse
1547 2108 1554 2124 :
1571 2103 1598 2125 et
1621 2099 1720 2126 multos

931 2145 1039 2180 quidem
1065 2143 1131 2170 alios
1150 2143 1291 2170 tormentis
1314 2144 1443 2176 cessisse;
1468 2144 1493 2169 in
1520 2144 1561 2170 bis
1582 2148 1671 2170 autem
1692 2149 1720 2172 et

931 2187 1118 2216 Macedonium
1135 2187 1203 2222 (55),
1223 2187 1270 2221 qui
1294 2191 1348 2213 tum
1366 2187 1441 2214 urbis
1465 2186 1557 2213 Romae
1576 2188 1719 2222 episcopus

81 2225 120 2251 ῶν
135 2225 266 2260 τηνικάδε
287 2225 406 2261 Ῥώμης,
420 2227 490 2262 ἔχων
505 2229 550 2264 ὑφ’
564 2230 659 2257 ἑαυτὸν
675 2232 878 2269 πρεσϐυτέρους

937 2243 1027 2263 novem
1052 2234 1104 2260 sibi
1127 2233 1250 2260 subditos
1273 2233 1446 2266 presbyteros
1470 2232 1526 2267 (56)
1550 2233 1676 2264 habebat,
1691 2233 1717 2259 in

82 2270 116 2302 (ι’,
131 2267 228 2302 ὧνεῖς
243 2271 368 2304 Ναυάτος
388 2271 422 2309 ἧν
436 2282 443 2289 ο
463 2275 520 2302 ἀλλ’
535 2276 548 2302 ὅ
576 2285 607 2311 γε
632 2279 801 2312 Μακεδόνως
814 2267 878 2309 Ἴσὺν

82 2317 142 2346 τοῖς
162 2314 188 2351 η’
211 2317 367 2350 ὲπιτέθυκε,
385 2319 468 2352 μόνου
484 2320 611 2348 Ναυάτου
631 2324 676 2349 τὸν
700 2324 814 2360 ὄλεθρον
832 2327 877 2354 τὸν

81 2361 199 2396 ψυχικὸν
223 2361 410 2397 διαφυγόντος.
440 2365 481 2391 Τὰ
510 2366 560 2401 μὲν
582 2368 767 2404 ὑπομνήματα
797 2372 877 2399 τοῦτο

928 2281 1028 2316 quibus
1043 2278 1163 2306 Navatus
1183 2286 1252 2305 unus
1271 2282 1341 2305 erat.
1359 2277 1543 2304 Macedonium
1564 2286 1628 2312 ergo
1647 2279 1718 2306 hunc

927 2335 988 2354 cum
1004 2326 1058 2353 illis
1074 2330 1135 2352 octo
1151 2325 1333 2357 sacriﬁcasse,
1348 2331 1401 2351 uno
1416 2323 1519 2351 Navan
1534 2325 1631 2352 animae
1644 2333 1717 2352 mor-

928 2378 982 2400 tetn
1015 2372 1168 2406 eﬂ‘ugiente.
1199 2370 1262 2398 l'lzec
1294 2372 1481 2398 commentarii
1513 2371 1551 2398 illi
1585 2372 1716 2407 referunt,

739 2438 858 2467 νΑΒιΑς
873 2440 1077 2469 LECTIONES.

118 2474 142 2490 "
154 2474 242 2524 ξιάτρῐον
324 2476 402 2524 ⁷ἰπὸν
411 2479 473 2506 add.
487 2481 519 2507 A.
559 2481 580 2496 '“
596 2482 692 2514 κοινῶς
707 2483 753 2509 τοῦ
771 2484 898 2512 Ναυάτου
909 2486 932 2512 Α
946 2494 953 2512 :
970 2485 1097 2512 Ναυάτου
1112 2484 1210 2517 κοινῶς
1225 2493 1256 2516 ς.
1296 2485 1319 2501 ’⁸
1331 2485 1717 2524 μόνον-προσνενοσηκότων

847 2552 965 2581 NOTAE).

84 2519 114 2542 ς.
154 2510 176 2525 ⁷³
193 2510 322 2545 Περένιος
335 2511 369 2537 Α.

118 2592 176 2627 (5‘2)
194 2593 260 2621 Vide
274 2594 323 2622 inl'.
341 2596 402 2623 cod.
421 2596 485 2624 280.

116 2628 176 2666 ςὸὖ)
198 2628 250 2655 Per
273 2631 403 2663 schisma,
422 2632 502 2666 cujus
528 2632 571 2660 hic
597 2634 622 2660 in
651 2633 730 2662 Rom.
753 2635 874 2664 Ecclesia

81 2669 189 2703 primus
207 2669 304 2691 auctor
325 2667 456 2694 adversus
470 2668 626 2696 Cornelium
650 2668 810 2698 Pontiﬁcem
834 2672 874 2699 in-

82 2703 215 2726 SUI‘I‘BXII.

117 2732 177 2767 (54)
196 2734 236 2760 lta
249 2734 327 2776 dicti,
345 2736 461 2776 instituti
478 2738 512 2764 ab
526 2738 648 2776 Augusto
663 2739 769 2774 judiees
784 2741 872 2776 (Suet.

82 2769 152 2809 aug.
166 2770 307 2809 cap.“5‘2_),
324 2772 526 2809 quod_ducena
540 2769 672 2809 sestertia
691 2769 871 2809 possidiment.

82 2802 149 2840 fide
163 2802 205 2830 Cl.
229 2804 263 2830 Υ.
278 2802 377 2832 Laevini
395 2805 530 2834 Torrentii
547 2802 697 2837 Comment:
712 2802 749 2837 ini
759 2802 868 2840 Sunion.

83 2835 187 2881 ﬂung:
198 2846 258 2872 cap.
280 2840 326 2879 21,
341 2845 373 2881 et_
387 2841 447 2881 Jac.
467 2843 567 2881 Patttel.
592 2845 617 2870 iu
636 2835 667 2871 Βξ

84 2872 127 2899 68.
142 2872 264 2901 Brisson.
283 2876 346 2903 item
367 2877 393 2904 in
410 2875 518 2906 Lexico.
532 2879 578 2906 Est
595 2884 622 2907 et
645 2872 748 2908 militia:
771 2872 867 2910 nomen

927 2603 997 2638 apud
1014 2602 1108 2638 Veget.
1128 2604 1174 2631 lib.
1192 2612 1222 2635 tt,
1241 2611 1300 2638 cap.
1317 2604 1343 2632 8.

962 2638 1018 2673 (55)
1033 2639 1066 2664 At
1081 2638 1169 2679 nullus
1183 2639 1233 2666 hoc
1247 2640 1357 2679 nomine
1376 2647 1492 2679 unquam
1505 2641 1714 2679 Rorm.episcop.

926 2672 1017 2705 Quare
1049 2674 1204 2706 suspicetur
1232 2674 1368 2708 quispiam
1399 2672 1549 2703 Macedonii
1584 2672 1718 2705 constan-

927 2710 1011 2742 tinop.
1029 2709 1123 2736 odiose
1145 2709 1189 2736 hic
1211 2710 1244 2735 ab
1263 2710 1397 2748 imperito
1413 2712 1613 2748 mendaciorum
1636 2714 1716 2748 ligulo

926 2751 1024 2770 nomen
1048 2751 1109 2770 esse
1132 2748 1303 2776 usurpatum,
1326 2747 1397 2778 quod
1410 2746 1583 2773 crudelitatis
1601 2746 1669 2775 illius
1687 2750 1714 2776 iu

925 2778 1093 2805 Navatianos
1109 2779 1245 2805 recentior
1257 2787 1328 2806 esset
1342 2781 1482 2807 memoria.

962 2813 1080 2851 (56)-Α1.
1102 2813 1257 2851 Ερὶδιῂοροε,
1278 2823 1330 2841 nou
1344 2820 1434 2851 recte.
1453 2815 1555 2843 Docent
1579 2824 1638 2851 qua:
1658 2817 1713 2851 jam

923 2856 984 2884 pag.
1002 2848 1050 2875 ult.
1067 2854 1094 2876 et
1110 2849 1165 2883 ipsa
1181 2849 1260 2883 hujus
1277 2850 1373 2877 fabula:
1388 2851 1484 2877 series.
