1923 3091
35 160 84 193 δεῖ

405 164 666 195 BiBLIOTHECA.
689 177 725 183 -
741 164 850 195 CODD.
870 162 1054 202 CLXXXIII,
1072 165 1251 196 CLXXXIV.

1617 169 1667 200 538

86 217 249 251 Δευτερίην
267 217 291 233 θ’
304 217 353 245 καὶ
378 218 469 252 τήνδε
497 221 572 248 Θεοῦ
599 221 732 258 θέμιδοςῗ
747 220 821 258 κάμε

908 219 1018 255 Scripsit
1037 222 1126 248 divina
1142 222 1283 249 deductum
1300 222 1348 249 hoc
1363 222 1418 258 lege
1432 223 1553 251 volumen

87 286 222 320 Εῠδοκίη
231 287 378 319 ,ϐασίλεια
388 291 531 324 Λεοντιὰς
552 257 823 326 εὐπατέρείῖῗίϐλον

36 333 89 360 Καὶ
113 332 161 358 τοῦ
178 331 267 367 Ἰησοῦ
281 333 310 360 δὲ
324 333 371 360 τοῦ
398 334 477 370 Ναυῆ
500 336 547 363 καὶ
576 335 631 363 τῶν
659 337 768 373 Κριτῶν
796 338 825 365 αἱ

35 378 191 415 ἐπιγραφαὶ
216 379 501 416 συνεπιμαρτύρονται
515 383 572 414 τοῖς
586 383 755 419 εἰρημένοις.

352 467 438 495 ΡΠΔ¹.

37 511 96 548 Τῆς
107 510 208 548 αὐτῆς
223 511 409 548 μετάφρασις
428 513 481 541 τοῦ
497 522 530 542 τε
550 514 716 542 θεσπεσίου
730 515 827 548 Ζαχα-

64 547 135 586 ρίου
150 547 207 586 grai
229 547 466 586 τοῦ-προφήτου
491 550 622 584 Δανιήλ-
640 549 690 576 καὶ
707 547 792 586 λόγοι
803 549 826 585 γ’

67 583 114 614 εις
126 581 181 608 τὸν
188 581 275 617 ἅγιον
285 581 469 617 Κυπριανόν.

74 628 250 664 Ἀνεγνώσθη
261 629 300 664 τῷ
316 629 392 665 αὐτῷ
409 630 501 665 μέτρῳ
517 631 564 657 καὶ
575 631 625 666 τῆς
637 631 722 666 αὐτῆς
738 629 827 664 γλώσ-

37 684 84 709 σης
100 675 300 710 Μετάφρασις
312 677 490 712 προφητικῶν
502 677 600 711 λόγων,
618 677 665 704 τοῦ
677 685 708 703 τε
721 679 828 705 θεσπε-

34 721 105 747 σίου
119 721 274 755 Ζαχαρίου
288 721 406 749 καὶτοῦ
429 722 552 749 κλεινοῦ
577 723 699 758 Δανιὴλ·
723 725 740 758 ἡ
758 723 828 759 αὑτὴ

36 766 61 793 δὲ
74 766 157 802 χάρις
173 766 222 792 τοῦ
241 767 364 801 τεχνίτου
384 767 515 802 διέπρεπε
533 768 586 794 κάν
600 768 717 800 τούτοις.

74 813 302 848 Ἑμπεριεὶχοντο
315 813 343 840 δὲ
359 813 400 847 τῷ
410 813 514 849 τεύχει,
527 814 566 849 τῷ
582 815 653 850 αὐτῷ
665 815 712 842 τοῦ
727 815 827 851 μέτρου

35 860 203 896 χαρακτῆρι,
224 860 336 895 λόγοιγ¹
357 861 399 892 εις
426 861 553 897 μάρτυρα
577 863 624 889 τὸν
649 863 825 898 Κυπριανόν·

35 907 130 942 ἐδήλου
143 907 174 934 δὲ
188 907 242 941 ἄρα
253 908 288 934 τὰ
303 908 506 942 σπουδάσματα,
528 909 566 940 ὡς
593 909 689 941 παῖδες
707 910 823 946 μητέρα,

34 953 88 979 τῶν
101 953 153 987 τῆς
168 953 304 988 βασιλίδος
320 953 368 979 καὶ
383 954 470 980 ταῦτα
489 954 591 981 ὠδίνων
616 955 716 989 ἔκγονα
742 952 823 984 εἶναι.

34 997 84 1026 Ὠν
97 1001 112 1026 ὁ
126 1000 177 1033 μὲν
195 999 303 1034 πρῶτος
317 999 396 1033 λόγος
419 999 454 1026 τά
476 1009 506 1026 τε
523 1002 588 1036 περὶ.
608 1001 658 1037 τῆς
686 1003 825 1038 μάρτυρος

33 1045 161 1077 διέξεισιν
183 1046 339 1080 Ἰουστίνης,
355 1046 432 1077 ὅπως
451 1055 481 1072 τε
495 1047 566 1082 αὐτὴ
587 1048 628 1079 εἰς
645 1048 826 1082 Χριστιανοὺς

35 1092 214 1126 μετετάξατο,
230 1092 278 1118 καὶ
288 1092 313 1118 οἱ
324 1092 450 1124 τεκόντες
468 1092 501 1119 δι’
513 1093 600 1127 αὐτῆς
614 1093 765 1128 ἠλλάξαντο
775 1095 822 1120 εὑ-

33 1138 144 1165 σέὃειαν
171 1137 400 1173 εἰδωλολατρίας·
422 1138 496 1165 ὅπως
507 1139 538 1165 τέ
561 1147 602 1170 τις
618 1139 737 1175 ἐραστὴς
765 1148 824 1167 πει-

34 1184 120 1218 ράσας
147 1184 196 1210 καὶ
214 1183 308 1214 κακῶς
328 1183 495 1216 ἀπαλλάξας,
531 1184 672 1218 ’Δγλαῖδας
690 1185 776 1220 ὄνομα
789 1186 823 1219 ⁸⁸,

33 1230 217 1265 προσέρχεται
247 1229 398 1265 Κυπριανῷ
430 1230 516 1265 μάγον
543 1231 642 1266 τέχνην
668 1231 822 1267 ἠσκηκότι,

31 1276 134 1310 ἀμῦναί
149 1284 180 1302 τε
205 1275 290 1302 δεῖται
319 1275 470 1312 δυσερῶντι
493 1277 539 1303 καὶ
567 1277 617 1312 τὴν
638 1278 724 1314 κόρην
749 1278 824 1314 αὑτῷ

31 1321 174 1356 πειθήνιον
188 1321 415 1356 παρασκευάσαιο
444 1322 491 1349 καὶ
509 1322 547 1354 ὡς
558 1323 717 1359 Κυπριανδς
734 1324 824 1356 πάσας

30 1375 58 1393 τε
71 1366 97 1382 ⁸⁸
115 1365 247 1401 μεθόδους
264 1365 354 1400 μάγου
367 1365 466 1401 τέχνης
479 1367 604 1402 κινήσας,
616 1367 679 1400 τούς
691 1377 720 1395 τε
734 1368 822 1404 βιαιο-

28 1412 128 1443 τάτους
162 1411 210 1438 καὶ
233 1412 443 1447 χαλεπωτάτους
474 1413 529 1440 τῶν
552 1413 689 1449 δαιμόνων
711 1415 824 1450 πέμψας

28 1459 74 1484 ἐπὶ
97 1457 150 1493 τὴν
172 1457 316 1492 παρθένον,
332 1458 378 1485 καὶ
394 1459 587 1494 ῂσχυμμὲνους
609 1461 657 1488 καὶ
678 1462 824 1496 νενικημέ-

29 1512 91 1535 κους
111 1502 162 1529 τοῦ
180 1503 300 1538 σταυροῦ
323 1504 363 1538 τῷ
375 1504 452 1539 τύπῳ
468 1505 497 1538 ἐξ
516 1505 606 1532 αὐτῶν
620 1506 735 1533 ἐκείνων
755 1508 823 1534 ἁνα-

911 285 1040 318 Eudocia,
1056 286 1153 313 illustri
1168 287 1258 322 regina
1273 296 1288 314 e
1300 289 1381 323 stirpe
1396 288 1499 316 Leonti.

911 331 944 358 Et
960 339 1024 359 vero
1043 332 1107 360 Jesu
1128 331 1214 365 Nave,
1231 333 1410 369 iudicumque
1431 335 1493 362 libri
1514 335 1667 372 inscriptio-

876 385 925 404 nes
945 378 996 411 iis,
1020 386 1080 413 qua:
1101 377 1157 413 jam
1186 379 1257 406 dicta
1283 384 1363 412 sunt,
1389 381 1574 409 testimonium
1597 390 1667 418 prtu-

876 423 950 451 bent.

1184 471 1249 499 CLX
1255 471 1348 500 XXIV.

876 515 1006 551 Ejusdem
1033 516 1159 545 Eudocim
1178 518 1356 551 Metaphrasis
1379 519 1500 551 metrica,
1517 520 1545 546 in
1562 521 1668 547 Zur/ta-

912 553 979 578 rium
1001 558 1024 579 et
1043 553 1178 589 Danielem
1195 555 1351 588 prophetas,
1369 559 1392 580 et
1409 554 1435 580 in
1458 553 1492 582 Β.
1508 554 1668 589 Cyprianum

910 592 1055 622 martyrem
1070 587 1131 614 libri
1147 596 1189 615 ιιι.

912 632 977 667 Legi
1005 633 1100 660 eodem
1131 634 1259 661 carminis
1288 641 1389 668 genere
1416 639 1500 670 atque
1528 635 1665 662 idiomate.

878 677 1067 711 Metaphrasim
1083 680 1304 714 propheticorum
1326 680 1457 707 librorum
1477 681 1546 707 beati
1565 680 1668 708 Zacha-

877 725 924 751 rite
945 729 970 752 et
985 725 1077 760 inclyti
1094 725 1224 753 Danielis.
1254 726 1354 753 Eadem
1377 731 1466 753 autem
1491 727 1600 754 artificii
1623 734 1669 753 ve-

878 775 974 797 nustas
987 772 1046 798 haec
1058 779 1166 807 quoque
1179 771 1338 800 exornabat.

914 816 972 844 Hoc
998 817 1056 852 ipso
1084 818 1147 845 item
1173 819 1310 845 volumine
1339 819 1559 851 continebantur,
1587 818 1668 846 simili

880 869 1006 889 versuum
1034 863 1120 891 forma
1148 865 1314 899 conscripti,
1339 864 1399 892 libri
1431 870 1486 892 tres
1511 866 1537 892 in
1561 865 1668 892 laudent

842 893 909 934 BB.
938 908 1065 944 Cypriani
1092 910 1220 946 martyris
1246 893 1336 946 (ληέ
1361 911 1594 944 ostendebantque
1626 911 1668 938 vel

880 954 937 988 ipsa
952 955 1083 988 carmina,
1096 960 1126 982 ut
1138 956 1214 983 liberi
1229 961 1343 983 matrem
1359 957 1459 988 solent,
1474 957 1546 984 hunc
1561 964 1670 991 quoque

880 1000 1008 1035 Augustas
1033 1006 1138 1034 partum
1163 1009 1223 1028 esse
1249 1002 1411 1036 legitimum.
1435 1001 1543 1029 Primus
1571 1003 1667 1029 horum

878 1047 947 1076 iiber
970 1053 1014 1073 res
1036 1047 1122 1074 beata:
1145 1046 1258 1074 Justina:
1281 1048 1407 1083 martyris
1432 1048 1614 1082 persequitur,
1639 1053 1669 1074 ut

880 1093 909 1120 in
922 1091 1140 1119 Christianorum
1157 1092 1202 1118 illa
1222 1100 1364 1119 numerum
1383 1092 1521 1127 adoptata,
1543 1096 1668 1127 parentes

880 1146 988 1173 quoque
1002 1145 1065 1165 suos
1081 1138 1115 1165 ab
1129 1138 1260 1165 idolorum
1277 1139 1309 1165 ad
1327 1139 1383 1164 veri
1404 1138 1451 1166 Dei
1472 1132 1572 1166 cultum
1595 1143 1668 1165 tran-

880 1185 987 1212 stulerit
1013 1193 1020 1211 :
1051 1189 1135 1219 utque
1156 1191 1250 1211 amore
1270 1184 1378 1218 quidam
1402 1184 1461 1219 ejus
1489 1190 1595 1218 captus,
1610 1184 1667 1211 fru-

878 1236 935 1259 stra
960 1231 1004 1258 illa
1029 1230 1183 1262 sollicitata,
1207 1229 1241 1256 ad
1263 1229 1429 1264 Cyprianum
1457 1230 1570 1264 magicis
1595 1230 1669 1256 dedi-

879 1281 935 1304 tum
958 1276 1062 1304 artibus
1083 1283 1114 1303 se
1137 1275 1294 1309 contulerit,
1313 1282 1412 1310 rogans
1438 1275 1543 1310 pcrdite
1566 1274 1667 1301 amanti

880 1327 1034 1354 succurrat,
1058 1329 1091 1349 ac
1116 1321 1233 1356 puellam
1260 1322 1311 1350 sibi
1338 1321 1533 1355 obsequentem
1563 1320 1667 1347 reddat.

879 1369 962 1396 Addit
978 1368 1073 1403 1281:
1090 1368 1256 1404 Cyprianum
1279 1374 1376 1394 omnes
1400 1367 1512 1401 magica:
1533 1367 1600 1393 artis
1624 1374 1668 1392 ra-

882 1416 969 1443 tiones
986 1415 1121 1442 incassum
1138 1418 1300 1445 tentantem,
1316 1412 1530 1440 violentissimas
1547 1420 1669 1447 quosque

879 1469 912 1490 ac
937 1461 1179 1496 perniciosissimus
1193 1461 1329 1488 damones
1352 1458 1538 1494 oppugnandae
1558 1458 1670 1493 virginis

880 1509 1000 1537 castitati
1028 1508 1175 1535 immisisse
1201 1517 1208 1534 :
1231 1507 1282 1533 hos
1308 1513 1373 1532 vero
1400 1505 1502 1540 pudore
1534 1504 1669 1536 suffusos,

28 1549 138 1584 μαθὼν,
153 1549 303 1584 ἀφίσταται
317 1558 347 1577 τε
359 1550 411 1586 τῆς
427 1550 494 1586 πρὸς
510 1552 633 1584 ἐκείνους
646 1553 764 1586 εὐνοίας.
775 1555 821 1581 καὶ

883 1557 1014 1589 victosque
1027 1557 1211 1581 sacrosanctae
1223 1552 1314 1580 crucis
1339 1552 1427 1586 signo,
1445 1551 1559 1584 rejectos
1576 1550 1670 1582 fuisse,

27 1597 78 1628 τὰς
92 1595 218 1631 μγικάς
237 1596 347 1627 ἁπάσας
362 1596 471 1630 βίϐλους
499 1598 654 1632 κατακαίει,
683 1600 731 1626 καὶ
747 1599 825 1632 τέλος

28 1643 61 1668 τὰ
75 1643 255 1678 Χριστιανῶν
278 1645 385 1678 μυεῖται
415 1644 463 1671 καὶ
480 1643 652 1679 βαπτίζεται,
678 1647 726 1672 καὶ
740 1645 825 1682 θύρας

28 1690 77 1723 τῆς
93 1688 247 1723 ἐκκλησίας
258 1689 426 1721 πιστεύεται,
441 1691 490 1717 καὶ
504 1690 632 1723 ἀξιωθεὶς
645 1693 824 1727 χαρισμάτων

29 1735 148 1767 πολλοὺς
164 1735 216 1770 μὲν
233 1735 334 1768 νόσων,
354 1736 469 1768 πολλοὺς
495 1736 526 1763 δὲ
544 1737 679 1772 δαιμόνων
691 1739 822 1774 ἐκάθηρε,

29 1783 75 1808 καὶ
95 1781 192 1808 λοιπὸν
209 1782 255 1808 καὶ
268 1781 316 1808 τοῦ
331 1781 395 1818 [216
415 1781 462 1818 H.]
478 1783 672 1818 ἀρχιερατικοῦ
699 1784 824 1819 ἀξιώμα-

27 1836 73 1859 τος
83 1827 222 1860 ἀξιοῦται.
251 1827 280 1854 '0
296 1827 345 1862 μὲν
361 1825 407 1854 οὖν
423 1828 531 1862 πρῶτος
543 1828 621 1861 λόγος
632 1827 754 1855 τοιαῦτα.

879 1609 909 1630 ιιι
930 1610 964 1630 ex
986 1601 1040 1628 illis
1065 1600 1132 1635 ipsis
1152 1599 1287 1634 cognorit.
1302 1598 1392 1632 Quare
1410 1605 1574 1632 propensum
1591 1605 1669 1624 suum

878 1649 905 1676 in
933 1647 1074 1682 improbos
1105 1646 1166 1672 illos
1198 1644 1312 1679 spiritus
1347 1643 1467 1670 animum
1503 1643 1670 1676 deposuisse,

878 1699 1027 1728 omnesque
1043 1693 1111 1719 adeo
1133 1691 1254 1725 magicos
1277 1689 1361 1716 libros
1378 1689 1496 1716 lialnmis
1515 1688 1670 1716 tradidisse.

878 1739 1033 1768 Christiana
1049 1737 1165 1772 denique
1180 1736 1232 1763 ﬁde
1248 1736 1391 1767 imbutum,
1405 1742 1467 1761 mox
1491 1735 1572 1761 etiam
1586 1734 1672 1767 bapti-

880 1790 970 1813 zatum
985 1792 1057 1816 esse,
1080 1791 1111 1810 ac
1132 1781 1223 1816 templi
1247 1781 1395 1815 ianitorem
1411 1780 1467 1816 (42)
1482 1780 1671 1807 constitutum.

882 1831 951 1864 Quin
965 1835 994 1858 et
1008 1829 1203 1857 charismatum
1225 1827 1294 1854 dona
1311 1835 1326 1853 a
1341 1826 1397 1853 Deo
1419 1827 1566 1860 accepisse,
1582 1826 1672 1859 itaque

27 1875 134 1902 morbis
157 1874 238 1905 alios,
254 1873 320 1900 alios
332 1873 501 1902 dremonibus
527 1874 667 1907 liberasse,
685 1875 772 1902 donec
784 1877 891 1904 tandem
908 1875 1106 1911 archiepiscopi
1125 1881 1234 1909 quoque
1248 1873 1389 1907 dignitate
1399 1877 1553 1899 ornaretur.
1567 1870 1600 1897 Et
1615 1872 1672 1898 hau:

27 1923 139 1958 quidem
159 1921 229 1949 liber
248 1921 329 1949 habet
345 1923 460 1956 primus.

66 1969 98 1995 .0
113 1968 144 1994 δὲ
161 1967 289 2001 δεύτερος
308 1968 462 2003 ἀπάρχεται
479 1969 528 2003 μὲν
546 1969 595 2005 τὴν
623 1970 655 1996 ἐκ
682 1971 746 2002 νέας
763 1971 824 2006 ἡλι-

27 2015 89 2046 κίας
107 2013 272 2049 Κυπριανοῦ
291 2014 355 2049 περί
371 2023 400 2040 τε
414 2014 449 2041 τὰ
467 2014 564 2041 εἴδωλα
580 2016 698 2052 σπουδὴν
715 2018 763 2044 καὶ
776 2017 824 2053 τὴν

25 2060 80 2087 τῶν
96 2059 239 2094 δαιμόνων
255 2059 405 2094 θεραπείαν
419 2061 583 2095 διηγεῖσθαι,
593 2061 638 2088 τόν
651 2070 681 2088 τε
699 2063 764 2097 περὶ
776 2064 825 2094 τὰς

28 2106 149 2141 μαγείας
166 2105 249 2131 πόθον
267 2105 314 2132 καὶ
327 2106 378 2140 τὴν
401 2106 528 2140 μελέτην,
546 2106 628 2132 αὐτὸν
647 2107 752 2133 ἐκεῖνον
766 2108 823 2133 εἰσ-

27 2155 103 2186 αγων
122 2150 283 2186 ὲξηγητήν·
316 2150 364 2177 καὶ
380 2151 431 2177 ὅσα
447 2150 515 2177 ἄλλα
534 2151 614 2185 μάθοι
637 2151 702 2186 περί
717 2160 748 2178 τε
777 2151 823 2186 βο-

25 2199 115 2225 τανῶν
130 2198 181 2224 καὶ
195 2197 288 2232 φυτῶν
303 2197 351 2223 καὶ
383 2195 461 2228 ζώων
489 2196 597 2231 φύσεως
622 2196 803 2223 παντοδαπῶν
816 2205 824 2212 ’

915 1967 1057 1996 Secundus
1070 1964 1181 1997 deinde,
1196 1965 1260 1991 dmn
1283 1971 1298 1990 a
1320 1962 1410 1996 capite
1431 1962 1511 1995 paulo
1529 1962 1610 1989 altius
1629 1970 1671 1990 res

876 2013 1005 2050 Cypriani
1042 2012 1169 2043 arcessit,
1203 2011 1349 2045 ipsummct
1374 2014 1532 2036 narrantem
1567 2008 1672 2036 inducit

876 2068 953 2088 suum
966 2059 1022 2094 jam
1038 2058 1100 2085 inde
1114 2065 1129 2084 a
1144 2056 1260 2092 pueritia
1277 2056 1304 2082 in
1321 2055 1391 2082 idola
1406 2055 1538 2087 studium,
1553 2055 1672 2082 cultum-

876 2113 929 2141 que
942 2106 1105 2137 dmtnonum,
1120 2108 1147 2131 et
1168 2102 1302 2130 discenda
1319 2102 1429 2135 magica).
1449 2101 1516 2128 artis
1530 2101 1666 2135 Cupidita-

879 2158 932 2180 tem
956 2157 1036 2186 atque
1057 2156 1198 2178 conatum.
1215 2149 1344 2188 Quamam
1366 2148 1465 2177 dehinc
1482 2148 1534 2175 alia
1553 2149 1586 2175 de
1607 2148 1670 2175 her-

879 2198 977 2225 barum
1020 2197 1179 2227 variarunt,
1219 2195 1368 2229 stirpium,
1412 2199 1493 2229 atque
1545 2195 1669 2221 animan-

25 2245 71 2272 καὶ
83 2246 126 2271 ὁτι
135 2243 269 2270 ποικίλων
282 2242 428 2278 δαιμονίων
438 2242 698 2279 φασμάτωνθεατὴς
710 2242 822 2275 γένοιτοε

887 2245 953 2272 tium
995 2248 1094 2271 natura
1133 2241 1270 2274 didicerit,
1302 2245 1386 2276 utque
1415 2241 1491 2267 varia
1513 2240 1597 2267 etiam
1614 2240 1668 2267 daa-

27 2291 71 2317 ul
86 2291 168 2321 ὅπως
175 2288 206 2321 ἐξ
223 2288 346 2324 Ἀθηνῶν
358 2290 387 2320 ἐς
399 2289 510 2323 Ἄργος,
523 2289 651 2315 κάκεῖθεν
665 2290 694 2320 ἐς
704 2290 824 2324 Φρυγίαν

26 2338 144 2372 ἀφίκετο
159 2336 195 2368 ⁸³,
215 2335 359 2372 ιερουργός
371 2343 401 2361 τε
417 2334 472 2361 τῶν
491 2335 640 2369 δαιμονίων
665 2335 823 2371 ἁπανταχοῦ

26 2382 233 2417 καθιστάμενος
249 2380 313 2417 [417
327 2380 371 2417 R.]
390 2381 439 2408 καὶ
465 2380 566 2416 πολλὴν
583 2381 750 2416 συνάσκησιν
774 2382 825 2416 τῆς

27 2429 154 2463 μαγικῆς
172 2427 365 2462 ἀθροιζόμενος
377 2436 385 2443 ·
401 2426 462 2453 εἶτα
486 2425 588 2462 προῖὼν
616 2427 654 2459 ὡς
685 2427 824 2461 Αἰγύπτου

25 2482 55 2501 τε
76 2475 128 2501 ἐπὶ
139 2475 199 2505 τοῖς
218 2473 312 2504 αὐτοῖς
324 2471 411 2508 ἐπέϐη
426 2472 474 2498 καὶ
492 2471 591 2503 Ἰνδοὺς
616 2471 744 2506 ἐπῆλθεν,
772 2472 822 2498 ὅσα

878 2298 986 2317 monum
1015 2288 1131 2316 ludibria
1161 2287 1270 2314 viderit.
1290 2286 1432 2319 Quomodo
1459 2285 1523 2312 item
1554 2286 1671 2313 Athenis

876 2336 973 2371 Argos,
987 2335 1105 2369 indeque
1122 2334 1148 2360 in
1170 2333 1316 2368 Phrygiam
1333 2331 1484 2367 profectus,
1498 2331 1667 2359 daemonibus

877 2382 976 2416 ubique
1006 2380 1147 2409 sacriﬁcus
1176 2379 1341 2406 constitutus
1368 2377 1469 2412 fuerit,
1496 2385 1528 2406 ac
1555 2378 1669 2405 multam

877 2428 989 2461 magicae
1023 2427 1092 2454 artis
1125 2425 1352 2453 exercitationem
1391 2424 1542 2458 collegerit.
1578 2423 1672 2459 Pergit

876 2473 971 2500 adhtec
994 2480 1118 2506 narrare,
1137 2477 1167 2498 ut
1192 2471 1220 2498 in
1243 2470 1392 2507 ngyptum
1413 2471 1571 2500 earumdem
1590 2478 1674 2498 causa

704 2550 820 2579 νΑΒιιΕ
836 2551 1042 2581 LECTIONES.

59 2616 85 2632 ⁸³
106 2613 254 2649 δευτερίην
271 2613 450 2641 Casaubonus
466 2621 474 2639 :
489 2612 551 2639 libri
566 2612 706 2648 δευτέρην.
748 2611 773 2628 ⁸³
792 2613 937 2648 Ἀγλαῖδας
949 2613 1035 2649 ὄνομα
1062 2613 1124 2642 add.
1140 2613 1174 2640 A.
1211 2611 1277 2639 “ac.
1289 2619 1320 2637 τε
1341 2611 1388 2637 καὶ
1417 2610 1480 2646 μεθ.
1491 2618 1523 2642 ς.
1561 2609 1585 2625 ⁸⁸
1605 2608 1668 2642 ἀφί-

26 2659 116 2684 κοιτο,
147 2649 292 2685 ἱερουργδς
311 2648 340 2675 δέ
352 2657 382 2681 ς.

791 2715 896 2743 NOT/E

51 2777 110 2813 (41)
119 2775 158 2813 De
165 2775 290 2813 utrisque
299 2772 776 2813 hismartyriltusMar‘tyrologLRpm.
783 2771 819 2799 9.6

29 2808 174 2847 septemh.
189 2816 218 2838 et
232 2808 456 2847 (ἐξηταΜειιριὸρ.
467 2810 485 2836 2
499 2808 672 2847 (πίση-ηψπ
683 2808 819 2847 DCI-ego-

30 2843 86 2875 mis
102 2847 236 2874 Nazianz.
252 2845 329 2872 Orat.
341 2846 368 2872 in
380 2845 412 2873 Β.
426 2845 551 2880 Cyprian.
565 2844 610 2879 qui
625 2844 695 2880 duos
709 2843 819 2880 Cypriw

30 2891 79 2911 nos
102 2882 275 2910 confundere
298 2881 415 2915 videtur,
437 2878 466 2909 ut
489 2886 516 2908 et
539 2878 703 2907 Prudentius
721 2878 818 2913 Hymn.

875 2774 1008 2810 xnrl'lepl.
1023 2775 1134 2810 στεφάν.
1154 2782 1186 2810 ac
1202 2775 1407 2810 Metaphrastes.

909 2809 964 2843 (4'2)
976 2806 1137 2846 rGre'gor.
1151 2809 1217 2838 Naz.
1232 2806 1308 2838 Orat.
1329 2810 1357 2837 in
1379 2809 1411 2837 Β.
1425 2808 1586 2844 Cyprianum
1605 2806 1671 2832 Νεο-

875 2844 955 2879 κόρον
973 2845 1048 2872 facit.
