1923 3091
253 151 307 183 539

803 154 935 184 PHOTII
957 154 1210 185 PATRIARCHAE
1229 157 1284 188 CP.

1835 159 1888 190 540

251 208 373 237 venerit.
395 212 477 243 atque
501 209 534 237 ad
561 209 640 237 Indos
668 211 831 243 accesserit,
863 219 978 247 qumque
1004 211 1040 239 ibi

1097 213 1116 239 τ’
1130 213 1188 240 ἐκεῖ
1201 213 1341 249 παράδοξα
1351 213 1397 240 καὶ
1407 213 1501 246 δεινῶς
1509 214 1597 241 ἄτοπα
1606 214 1673 242 ἄλλα
1681 223 1711 242 τε
1728 215 1775 242 καὶ
1789 215 1888 243 εἴδωλα.

252 253 390 288 inopinata
421 258 448 281 et
469 254 547 282 valde
569 255 698 289 absurda,
714 264 775 283 cum
802 257 868 289 alia,
887 262 942 284 tum
959 257 1045 284 simu-

253 299 326 326 lacra
348 299 446 327 viderit
469 305 553 336 atque
574 301 737 329 observarit.
753 302 834 330 Addit
855 310 894 336 se,
912 310 973 330 cum
996 302 1045 329 tri-

252 346 382 373 cesimum
395 346 451 380 jam
467 347 553 374 aetatis
568 355 668 374 annum
683 349 842 383 attingeret,
855 349 887 375 ad
904 348 1044 375 Chaldaeos

252 391 371 423 venisse,
388 399 539 426 eorumque
559 392 658 420 litteris
678 393 844 425 institutum,
866 394 1043 429 astrologiam

251 441 380 464 accurate
401 438 589 472 perdidicisse,
615 447 729 474 qumque
753 440 805 466 alia
830 441 939 475 cognitu
962 441 1043 475 digna

252 483 321 518 apud
343 483 404 511 illos
424 483 595 512 viderentur.
618 484 713 512 Omnia
740 486 846 512 tandem
867 487 923 513 hanc
944 486 1044 513 vidisse

251 527 381 560 reftttata,
399 529 508 563 quando
534 530 618 557 stulto
643 538 691 571 seu
717 531 806 566 potius
832 531 931 559 anitnis
953 532 1044 566 perni-

251 574 326 601 cioso
341 575 435 602 labore
450 576 525 603 hisce
541 577 645 604 artibus
663 578 796 612 impenso,
815 586 830 606 a
845 579 952 606 Justina
971 587 1043 606 mar-

253 625 312 655 tyre
329 621 454 655 repulsus
471 628 524 650 est.
543 623 745 652 Commemorat
761 625 826 652 item
842 625 887 653 hic
900 626 1042 658 nomtnlla,

251 667 350 699 quibus
378 667 459 694 alium
487 676 517 696 se
546 670 603 704 ipse
633 671 768 698 interdum
798 673 912 706 magicis
940 673 1044 700 artibus

252 713 389 746 exhibuit,
406 714 530 749 aliosque
555 715 690 744 interdum
716 717 920 745 transiormavit
936 728 943 745 :
960 725 1044 753 utque

252 766 267 785 a
287 759 438 786 daintonnm
457 760 532 787 cultu
557 762 710 795 discedens,
730 764 948 791 cacodaemonem
966 765 1045 792 mini-

253 809 371 839 tantem,
397 809 424 833 et
452 806 486 833 ad
513 807 730 842 desperationem
759 817 844 845 usque
874 811 1043 838 territantem

251 852 381 883 senserit,
400 859 432 879 ac
455 854 591 887 quomodo
617 854 713 881 horum
742 856 777 882 sit
804 861 877 884 metu
901 857 1043 890 liberatus,

251 905 314 924 cum
333 897 359 925 in
381 898 453 933 pium
479 900 566 926 virum
590 900 741 933 incidisset,
759 902 802 929 cui
829 902 972 930 Timotheo
995 911 1043 931 no-
1060 891 1080 918 Β

251 951 326 972 men.
345 944 487 978 Quomodo
508 950 637 980 praeterea
657 947 809 976 Antiochiae
828 949 898 983 apud
914 949 1043 984 frequens

251 991 418 1018 auditorium
444 992 609 1026 narraverit,
635 992 749 1020 nefanda
770 995 855 1022 multa
875 1003 905 1022 se
926 1003 958 1023 ac
978 1004 1042 1031 pro-

250 1036 355 1070 digiosa
380 1036 514 1071 eii'ecisse,
538 1039 638 1073 quibus
665 1039 791 1067 homines
816 1041 852 1068 ita
877 1042 1041 1077 decipiebat,

250 1085 280 1108 ut
298 1089 349 1116 pro
371 1082 422 1110 deo
451 1082 538 1117 ipsum
566 1084 706 1112 haberent.
730 1085 869 1122 Lacrymis
896 1088 988 1122 itaque
1011 1097 1043 1116 ac

250 1128 326 1155 luctu
356 1137 440 1164 genas
467 1130 502 1157 ob
527 1130 585 1157 haec
616 1131 828 1165 lnnnectantem,
849 1141 881 1160 ex
911 1135 1042 1162 memoria

251 1174 437 1208 improborum
465 1175 618 1203 facinorum
648 1177 674 1203 in
702 1178 798 1204 salutis
826 1179 1042 1212 desperationem

249 1220 349 1247 iterum
373 1221 546 1256 delapsurutn
576 1222 672 1255 fuisse,
694 1224 744 1250 nisi
770 1223 907 1253 Eusebius
933 1226 1042 1260 quidam

249 1267 369 1300 optimus
393 1267 426 1294 ad
455 1267 582 1301 pietatem
610 1273 637 1295 et
663 1270 849 1303 pmnitentiam
871 1271 934 1304 dux,
958 1279 1043 1299 sacra:

250 1313 399 1348 Scriptura:
424 1313 562 1348 alloquiis,
586 1316 729 1350 sacrisque
755 1317 970 1350 narrationibus,
994 1319 1042 1345 de-

249 1359 415 1392 sperationis
442 1360 565 1387 nebulam
594 1361 741 1395 dissipans,
763 1363 859 1398 129a
879 1364 959 1391 clara:
984 1365 1041 1399 spei

249 1404 334 1431 radiis
362 1412 425 1432 eum
452 1405 628 1438 illustrasset,
646 1412 673 1434 et
700 1407 725 1433 in
755 1408 863 1435 domum
891 1416 967 1436 suam
996 1411 1043 1437 de-

250 1452 361 1478 ductutn
383 1451 474 1479 cibum
495 1459 594 1486 capere
611 1451 747 1485 iussisset,
766 1455 847 1481 tritttn
865 1455 968 1482 dierum
986 1455 1042 1482 ine-

250 1496 294 1523 dia
310 1496 365 1531 jam
383 1503 561 1525 maceratum.
578 1497 672 1525 Refert
690 1499 766 1532 item,
784 1504 812 1526 ut
834 1500 861 1527 in
879 1508 986 1527 sacrum
1010 1503 1043 1528 ab

250 1541 296 1569 illo
325 1543 455 1575 templum
484 1543 567 1571 fuerit
596 1545 740 1576 adductus,
759 1550 786 1572 et
812 1553 859 1572 sua
883 1546 941 1581 ipse
963 1554 1042 1573 manu

250 1596 343 1616 coram
361 1589 532 1617 multitudine
548 1591 660 1625 magica:
676 1591 744 1618 artis
763 1599 818 1618 sua:
837 1592 920 1619 libros
943 1592 1039 1619 allatus

251 1634 366 1662 ﬂammis
388 1636 540 1669 tradiderit,
561 1643 593 1665 ac
618 1637 687 1664 bona
709 1637 821 1672 insuper
844 1646 891 1665 sua
914 1641 1040 1673 pauperi-

249 1681 301 1709 bus
317 1682 497 1715 distribuerit,
515 1687 595 1717 atque
611 1683 644 1709 ad
660 1683 877 1711 Christianorum
899 1685 960 1711 inde
981 1692 1038 1712 cu:-

249 1731 305 1753 tum
323 1732 485 1762 aggregatus
501 1728 559 1754 sit:
580 1728 711 1756 Eusebius
733 1735 822 1756 autent
851 1730 904 1761 hic,
923 1729 972 1761 ait,
994 1738 1038 1757 sa-

248 1774 362 1801 cerdotii
379 1773 511 1808 dignitate
525 1780 674 1802 exornatus
689 1779 758 1803 erat.
772 1776 887 1802 Accedit
903 1777 1038 1810 quomodo
1056 1777 1203 1810 Aglaidas,
1230 1774 1322 1808 gravis
1350 1773 1394 1800 ille
1421 1772 1534 1799 Justina:
1572 1781 1671 1807 procus
1682 1792 1690 1804 ,

1096 256 1151 285 εῐδέ
1163 267 1193 285 τε
1211 260 1259 286 καὶ
1274 259 1391 295 ἐξέμαθε
1405 268 1412 275 ·
1428 260 1476 287 καὶ
1494 261 1534 292 εις
1561 261 1788 295 τριακονταετίαν
1812 261 1889 297 αὐτῷ

1095 305 1145 340 τῆς
1159 305 1269 340 ἡλικίας
1289 305 1421 341 τελούσης
1434 306 1480 332 ἐπὶ
1506 306 1658 338 Χαλδαίους
1678 305 1754 342 ἦλθε,
1780 308 1829 334 καὶ
1854 308 1890 335 τὰ

1095 351 1208 378 ἐκείνων
1225 352 1314 379 πάντα
1333 352 1448 388 μυηθεὶς
1462 352 1641 387 ἀστρολογίαν
1656 361 1687 379 τε
1698 353 1887 389 ἠκρισώσατο,

1095 398 1142 424 καὶ
1157 398 1184 424 el
1199 406 1225 424 τι
1238 398 1301 425 ἄλλο
1314 399 1395 433 σοφὸν
1407 398 1431 414 ⁸⁸
1446 397 1587 432 νομίζεται
1601 398 1668 434 παρ’
1701 399 1804 431 αὐτοῖς.
1834 400 1890 426 Καὶ

1095 443 1136 470 ὅτι
1148 443 1235 470 ταῦτα
1249 443 1338 471 πάντα
1347 442 1416 471 εἶδεν
1429 444 1598 479 ἐληλεγμένα
1613 444 1662 471 καὶ
1678 444 1805 480 μάταιον,
1820 446 1890 480 μᾶλ-

1093 489 1139 515 λον
1150 489 1179 515 δὲ
1195 489 1217 505 ⁸⁷
1234 489 1410 525 ψυχώλεθρον
1422 490 1513 522 πόνον,
1524 489 1688 526 προσῦαλὼν
1701 492 1762 522 ταῖς
1776 491 1890 526 τέχναις

1094 535 1127 568 τῇ
1144 534 1263 569 μάρτυρι
1284 535 1414 570 Ἰουστίνῃ
1430 535 1464 563 ⁸⁸.
1479 535 1595 567 Διέξεισι
1611 535 1639 562 δὲ
1650 536 1679 562 ἐν
1693 535 1801 568 τούτοις
1829 536 1889 562 ἔνια

1094 575 1132 606 ὧν
1146 579 1228 610 αὺτός
1239 588 1269 606 τε
1283 580 1379 607 ἑαυτὸν
1395 582 1454 612 ταῖς
1470 582 1598 615 μαγείαις
1614 581 1704 613 ἄλλοις
1715 581 1795 608 ἄλλον
1806 582 1890 616 ἐφάν-

1094 633 1175 651 τασεν
1190 625 1294 658 ἄλλοτε,
1317 627 1364 653 καὶ
1377 623 1415 653 ὧν
1441 626 1551 660 ἑτέρους
1566 627 1727 662 ἑμόρφωσεν
1739 635 1746 642 ·
1767 628 1843 659 ὅπως
1858 637 1889 654 τε

1094 671 1144 706 τῆς
1169 671 1315 706 δαιμονίων
1328 672 1435 708 πλάνης
1449 673 1573 704 ἀποστὰς
1595 673 1642 699 τὸν
1669 674 1786 709 πονηρὸν
1810 675 1890 701 ἀπει-

1095 716 1193 744 λοῦντα
1221 717 1282 753 ἔσχε
1300 718 1347 744 καὶ
1364 719 1404 750 είς
1421 719 1577 753 ἀπόγνωσιν
1592 719 1810 753 ὲκδειμαίνοντα,
1839 721 1890 748 καὶ

1094 761 1133 792 ὼς
1155 760 1236 796 ὲλύθη
1253 761 1357 788 τούτων
1378 762 1427 798 τῆς
1440 763 1542 795 δειλίας
1556 764 1674 798 ἐντυχὼν
1699 765 1777 799 ἀνδρὶ
1794 765 1890 792 θεοσε-

1094 807 1157 839 ϐεῖ,
1180 807 1266 843 ὄνομα
1282 809 1418 845 Τιμοθέῳ.
1445 810 1505 836 Ἐπ’
1539 811 1705 846 Ἀντιοχείας
1724 819 1755 838 τε
1776 813 1817 843 είς
1839 812 1891 838 ἐπι

1095 853 1178 888 ήκοον
1190 853 1213 869 ⁵³
1237 854 1344 881 πολλῶν
1357 855 1395 887 ὡς
1411 855 1571 891 ἐξήγγειλεν
1585 856 1654 892 ἔργα
1676 857 1762 884 πολλὰ
1788 858 1891 893 ἀθέμι-

1095 907 1130 925 τα
1143 899 1166 915 °°
1178 900 1225 926 καὶ
1243 901 1375 935 τεράστια
1387 901 1599 937 διαπράξασθαι,
1627 901 1668 934 οἷς
1688 903 1830 930 ὲὸουκόλει
1859 904 1891 930 τὸ

1096 943 1267 980 ἀνθρώπινον
1283 946 1330 972 καὶ
1352 945 1413 972 θεὸν
1428 946 1510 973 αὐτὸν
1531 946 1673 974 τίθεσθαι·
1693 948 1766 979 ὅπως
1789 957 1818 975 τε
1843 949 1891 975 δά-

1096 997 1179 1022 κρυσι
1211 990 1258 1015 καὶ
1289 989 1399 1025 θρήνοις
1425 990 1578 1027 ἐρῤαίνετο,
1611 992 1693 1027 καὶὴ
1720 993 1814 1028 μνήμη
1835 993 1891 1019 τῶν

1096 1034 1235 1070 ἀθεμίτων
1261 1035 1351 1070 ἔργων
1371 1036 1411 1067 εἰς
1436 1035 1614 1063 ἀνελπιστίαν
1641 1037 1779 1072 σωτηρίας
1807 1038 1892 1064 αὑτὸν

1097 1081 1177 1108 πάλιν
1202 1081 1343 1117 ἔρριπτεν,
1359 1083 1383 1108 εί
1403 1083 1440 1117 μή
1456 1091 1499 1114 τις
1513 1082 1655 1115 Εὑσέόιος,
1678 1083 1821 1115 εὐσεϐείας
1834 1084 1893 1119 ἄρι-

1098 1136 1159 1159 στος
1171 1128 1218 1154 καὶ
1227 1128 1372 1163 μετανοίας
1388 1129 1542 1164 ὑφηγητὴς,
1555 1130 1611 1160 τοῖς
1621 1137 1652 1156 τε
1665 1129 1746 1160 θείοις
1756 1129 1858 1163 λογίοις
1867 1130 1890 1145 ’¹

1097 1174 1145 1200 καὶ
1166 1175 1227 1206 ταῖς
1244 1175 1330 1209 ἱεραῖς
1348 1174 1478 1208 ἱστορίαις
1493 1174 1579 1207 λύσας
1594 1175 1625 1202 τὸ
1640 1176 1689 1210 τῆς
1706 1176 1892 1210 ἀπογνώσεως

1097 1220 1187 1255 νέφος,
1204 1220 1309 1254 ηῦγασε
1323 1220 1458 1256 λαμπρῶν
1470 1221 1584 1248 ἐλπίδων
1601 1222 1702 1255 ἀκτῖσι,
1724 1223 1770 1248 καὶ
1786 1223 1892 1258 τροφῆς

1097 1267 1190 1293 ἔπεισε
1208 1267 1365 1301 μετασχεῖν,
1387 1267 1427 1298 είς
1440 1264 1514 1293 οἷκον
1530 1267 1643 1301 ἀγαγὼν
1657 1267 1720 1298 ὅλας
1732 1269 1807 1303 τρεῖς
1819 1269 1892 1303 ἡμέ-

1098 1321 1148 1347 ρας
1168 1312 1298 1338 ἀπόσιτον
1322 1312 1518 1346 διαγεγονότα·
1536 1312 1609 1343 ὃπως
1634 1321 1665 1339 τε
1688 1314 1727 1344 είς
1743 1313 1789 1339 τὸν
1817 1313 1893 1340 θεῖον

1097 1358 1159 1392 ἄγει
1171 1357 1249 1389 νεὼν,
1268 1358 1315 1384 καὶ
1336 1357 1410 1389 ὃπως
1423 1358 1506 1389 αὐτὸς
1523 1358 1537 1383 ὀ
1553 1358 1680 1393 τεχνίτης
1704 1359 1753 1389 τὰς
1785 1359 1893 1394 μάγους

1097 1404 1214 1431 ἐνώπιον
1229 1403 1335 1430 πολλῶν
1349 1403 1457 1438 βίϐλους
1475 1404 1542 1438 πυρὶ
1555 1403 1647 1430 δίδωσι
1663 1403 1766 1438 φέρων,
1782 1404 1830 1431 τόν
1861 1413 1891 1431 τε

1097 1449 1214 1476 πλοῦτον
1231 1449 1330 1485 πένησι
1343 1450 1431 1484 νέμει,
1453 1449 1500 1475 καὶ
1516 1449 1565 1483 τῆς
1581 1449 1754 1485 Χριστιανῶν
1786 1450 1892 1485 ἀγέλης

1097 1496 1221 1528 ἀξιοῦται
1239 1504 1245 1510 ”
1262 1495 1414 1530 ἱερωσύνης
1428 1495 1451 1521 δ’
1475 1495 1489 1521 ὁ
1517 1495 1647 1527 Εὐσέϐιος
1676 1496 1784 1530 ἀξίωμα
1807 1505 1891 1531 περι-

1098 1543 1197 1571 έκειτο,
1217 1541 1272 1568 Καὶ
1284 1541 1322 1573 ὡς
1342 1541 1485 1575 Ἀγλαῖδας
1512 1541 1527 1566 ὁ
1555 1541 1605 1575 τῆς
1636 1540 1782 1576 Ἰουστίνης
1805 1542 1893 1573 δεινὸς

1097 1589 1227 1624 ἐραστὴς,
1242 1587 1386 1622 ἀποτυχὼν
1402 1584 1439 1614 ὧν
1455 1587 1618 1620 ἐσπούδαζε,
1638 1588 1700 1614 τότε
1723 1588 1755 1623 δὴ
1775 1589 1822 1614 καὶ
1843 1590 1895 1615 αὖε

1093 1636 1139 1667 τὸς
1157 1636 1203 1662 τόν
1219 1643 1249 1660 τε
1268 1635 1290 1650 ⁹¹
1306 1633 1421 1660 πλοῦτον
1437 1633 1542 1666 πένησι
1557 1634 1691 1668 διανέμει,
1707 1635 1754 1661 καὶ
1768 1635 1823 1661 τῶν
1832 1635 1893 1662 δαι-

1095 1684 1183 1718 μόνων
1197 1683 1235 1714 ὼς
1249 1681 1397 1717 ἀπατηλῶν
1414 1681 1552 1716 ἀλογήσας
1566 1682 1601 1708 τὰ
1627 1682 1801 1717 Χριστιανῶν
1822 1683 1892 1710 ἀντ-

1092 1729 1236 1765 ηλλάξατο.
1256 1727 1335 1754 Οὕτω
1358 1727 1405 1753 καὶ
1421 1728 1435 1753 ὁ
1452 1727 1580 1762 δεύτερος
1592 1727 1681 1760 λόγος.

1733 1780 1795 1800 cum
1835 1775 1891 1800 voti

249 1829 361 1856 compos
386 1821 474 1849 factus
502 1830 554 1849 non
582 1829 666 1854 esset,
698 1823 769 1850 bona
794 1831 902 1859 quoque
926 1823 1042 1852 fortunae
1073 1823 1237 1859 pauperibus
1263 1822 1353 1849 omnia
1389 1821 1553 1856 erogaverit,
1585 1826 1611 1847 et
1637 1821 1806 1848 daemonibus
1832 1826 1894 1848 tan-

249 1874 333 1901 quam
367 1866 557 1902 deceptoribus
586 1869 682 1897 nuntio
715 1870 847 1903 remisso,
879 1870 1043 1898 Christianis
1060 1878 1119 1897 sese
1142 1869 1230 1896 sacris
1258 1867 1392 1894 addixerit
1413 1875 1420 1894 :
1442 1867 1469 1893 itt
1505 1875 1559 1902 quo
1597 1867 1711 1894 secundi
1736 1867 1800 1894 libri
1825 1867 1892 1894 linis

248 1918 302 1942 est.

281 1960 390 1988 Tertius
401 1961 518 1996 deniqtte
527 1963 686 1998 martyrium
700 1963 890 1998 complectitur
905 1965 975 1993 beati
987 1964 1041 2000 Cy-

249 2007 385 2041 priani,et
399 2007 480 2034 clarae
493 2007 608 2042 virginis
624 2007 751 2040 Iustinae,
766 2009 811 2042 qni
831 2008 998 2036 Diocletiano
1015 2014 1042 2036 et

249 2052 397 2079 Maximino
414 2052 505 2080 Romae
522 2053 730 2087 imperantibus,
745 2059 832 2081 morte
858 2054 1040 2082 testimonium

249 2098 381 2125 dixerunt
399 2098 471 2125 ﬁdei.
488 2098 626 2126 Unaenim
639 2100 671 2126 ad
685 2100 810 2134 martyrii
827 2099 946 2126 lauream
963 2099 1041 2126 abre—

249 2146 287 2180 pti
304 2150 366 2172 sunt
382 2154 390 2178 ;
410 2145 563 2181 Cyprianus
574 2145 684 2180 quidem
704 2154 737 2172 ex
757 2146 846 2180 patria
860 2151 887 2172 et
908 2145 973 2172 urbe
986 2145 1041 2172 An-

250 2193 361 2224 tiochia,
382 2191 460 2226 cuius
475 2192 558 2218 etiam
582 2192 846 2226 archiepiscopatum
873 2196 933 2226 post
948 2191 1045 2218 Anthi-

1138 1960 1168 1987 '0
1185 1960 1214 1987 δὲ
1237 1959 1328 1995 τρίτος
1347 1958 1378 1985 τὺ
1396 1957 1546 1994 μαρτύριον
1562 1956 1609 1983 τοῦ
1626 1957 1703 1991 ἁγίου
1728 1956 1893 1992 Κυπριανοῦ

1094 2009 1142 2035 καὶ
1161 2007 1308 2041 ’1ουστίνης
1318 2005 1369 2039 τῆς
1380 2003 1599 2039 καλλιπαρθένου
1611 2004 1720 2037 μετρεῖ,
1731 2003 1756 2029 οἳ
1770 2002 1895 2038 ἐμαρτύ-

1094 2063 1183 2090 ρησαν
1200 2051 1393 2087 Διοκλητιανοῦ
1413 2051 1461 2077 καὶ
1484 2048 1658 2084 Μαξιμιανοῦ
1676 2048 1726 2083 τὴν
1744 2048 1894 2083 Ῥωμαίων

1094 2101 1182 2136 ἀρχὴν
1200 2099 1327 2134 ἐχόντων.
1349 2096 1561 2130 Συνελήφθησαν
1582 2095 1605 2121 δ’
1622 2094 1669 2121 ἐπὶ
1688 2095 1719 2121 τὸ
1737 2094 1894 2130 μαρτύριον

1096 2147 1110 2172 ὁ
1128 2147 1176 2181 μὲν
1188 2145 1216 2178 ἐξ
1236 2143 1413 2178 Ἀντιοχείας,
1431 2140 1465 2178 ἧς
1480 2142 1528 2168 καὶ
1544 2141 1613 2177 μετὰ
1631 2141 1762 2174 Ἀνθιμον
1779 2140 1825 2167 τὸν
1841 2142 1893 2176 ἀρ-

1099 2190 1254 2227 χιερατικδν
1279 2190 1352 2216 ἴθυνε
1379 2188 1499 2222 θεσμὸν,
1520 2188 1569 2221 τὴν
1594 2187 1679 2221 αὐτὴν
1699 2186 1745 2212 καὶ
1770 2186 1894 2220 πατρίδα

249 2246 323 2266 mum
352 2239 580 2271 administrarat;
612 2238 719 2265 Justina
745 2246 810 2265 vero
831 2238 962 2265 Damasco
980 2246 987 2271 ;
1005 2237 1040 2264 ibi

1097 2237 1195 2273 λαχὼν,
1211 2237 1227 2272 ἡ
1247 2236 1276 2262 δὲ
1292 2237 1323 2262 ἐκ
1336 2234 1483 2270 Δαμασκοῦ
1496 2242 1503 2248 ·
1520 2234 1579 2260 ἐκεῖ
1600 2233 1657 2268 γὰρ
1679 2232 1729 2266 τῆς
1751 2232 1892 2266 Ἀντιόχου

248 2284 322 2312 enirn
345 2284 400 2317 illa,
427 2288 568 2318 postquam
598 2283 746 2310 Antiochia
773 2283 988 2317 tnigrarat(qu;e
1013 2287 1041 2308 et

251 2329 308 2364 ipsa
326 2328 442 2364 virginis
458 2329 545 2363 patria
570 2328 641 2362 erat)
664 2328 751 2362 palam
764 2327 904 2354 Christum
921 2327 1042 2361 professa

249 2381 301 2403 est.
313 2375 360 2402 llis
373 2376 410 2402 ita
426 2375 523 2410 captis,
542 2383 603 2402 cutn
616 2375 691 2408 impii
712 2374 755 2401 ille
769 2373 887 2401 hominis
907 2373 1042 2400 sermoni-

251 2423 300 2449 hus
317 2421 383 2449 nihil
407 2426 574 2453 moveretur,
591 2421 708 2448 vinculis
722 2421 748 2446 in
771 2419 887 2447 snblitne
915 2419 984 2454 rapti
1002 2419 1042 2446 la-

251 2473 308 2496 tera
324 2469 465 2500 raduntur,
493 2468 550 2495 hare
573 2473 663 2494 autem
691 2466 771 2493 boum
802 2466 893 2494 nervis
918 2466 1042 2493 cmditur.

250 2515 350 2543 Verum
367 2516 411 2542 ubi
428 2515 493 2542 nihil
509 2515 545 2542 illi
563 2514 595 2541 ile
605 2513 757 2541 constantia
776 2513 914 2540 remittere
930 2518 1044 2548 tyranno

250 2563 389 2593 videntur,
406 2562 432 2588 in
449 2561 598 2589 custodiam
620 2569 666 2588 eos
684 2568 806 2588 seorsum
828 2561 953 2587 reductos
967 2567 1044 2585 com-

252 2609 351 2643 pingit.
366 2607 444 2635 Unde
462 2613 525 2643 post.
538 2613 676 2640 evocatos,
692 2615 752 2634 cuin
769 2606 861 2634 verbis
872 2606 974 2633 frustra
991 2611 1045 2632 tcn-

257 2659 353 2687 tassel,
371 2655 396 2681 in
423 2662 521 2682 :eream
547 2655 710 2689 sartagine")
725 2654 807 2688 (pice,
824 2654 913 2688 adipe,
936 2660 968 2679 ac
984 2659 1046 2678 cera

251 2701 278 2728 in
297 2702 392 2728 eadem
422 2701 502 2728 simul
529 2700 628 2733 ruistis,
661 2700 799 2734 multoque
828 2701 889 2734 igne
916 2699 1043 2734 accenso)

1096 2284 1253 2320 μεταστᾶσα
1273 2282 1352 2318 (αὕτη
1368 2282 1396 2308 δὲ
1409 2281 1456 2308 καὶ
1468 2282 1501 2315 τῇ
1519 2280 1646 2315 παρθένῳ
1661 2278 1725 2314 [217
1742 2277 1789 2313 H.J
1807 2279 1893 2314 ἐχρη-

1096 2329 1195 2366 μάτιζε
1222 2329 1343 2364 πατρὶς)
1366 2327 1412 2353 τὸν
1439 2325 1556 2362 Χριστὸν
1582 2325 1718 2359 ἐκήρυσσε
1740 2323 1891 2358 λαμπρῶς.

1096 2376 1299 2412 Συλληφθέντες
1313 2374 1352 2406 δὲ,
1368 2374 1382 2399 ὁ
1395 2373 1446 2408 μὲν
1463 2372 1500 2408 μὴ
1515 2371 1677 2406 πειθόμενος
1690 2371 1746 2401 τοῖς
1761 2369 1810 2395 τοῦ
1825 2369 1892 2396 δυσ-

1097 2422 1239 2452 σεϐοῦντος
1254 2421 1345 2454 λόγοις
1366 2419 1504 2454 μετέωρος
1519 2418 1630 2452 δεσμοῖς
1646 2416 1754 2451 αἴρεται
1771 2416 1820 2442 καὶ
1842 2416 1893 2447 τὰς

1095 2466 1217 2501 πλευρὰς
1233 2465 1326 2497 ξύεται
1340 2465 1373 2497 ⁸³,
1388 2465 1404 2499 ὴ
1419 2464 1448 2489 δὲ
1463 2462 1620 2498 βουνεύροις
1632 2462 1776 2488 τύπτεται.
1801 2461 1847 2492 Ὠς
1863 2461 1892 2487 δὲ

1095 2512 1208 2547 οὑδεμία
1233 2511 1335 2542 ἔνδοσις
1361 2511 1389 2536 ἐν
1415 2510 1506 2540 αὐτοῖς
1534 2509 1587 2535 ὑπὸ
1613 2508 1660 2534 τοῦ
1693 2507 1893 2542 τυραννοῦντος

1094 2559 1228 2594 ὲνωρᾶτο,
1243 2558 1377 2591 φυλακαῖς
1395 2556 1443 2591 μὲν
1459 2556 1520 2582 τότε
1538 2554 1758 2590 κεχωρισμένους
1778 2552 1892 2587 καθειρ-

1096 2605 1190 2639 γνύει,
1209 2602 1268 2629 εἶτα
1291 2602 1568 2638 μετακαλεσάμενος,
1589 2601 1652 2627 ἐπεὶ
1674 2600 1765 2633 λόγοις
1786 2599 1893 2633 πειρῶν

1098 2651 1179 2678 πάλιν
1195 2649 1395 2683 ἀπετύγχανεν,
1412 2648 1441 2674 ὲν
1456 2647 1549 2683 χαλκῷ
1563 2648 1674 2682 τηγάνῳ
1689 2646 1791 2680 πίσσης
1805 2646 1828 2660 ’⁸
1846 2645 1893 2670 καὶ

1101 2698 1213 2728 στέατος
1239 2696 1286 2722 καὶ
1306 2694 1392 2730 κηροῦ
1421 2694 1575 2730 βληθέντων
1597 2694 1645 2719 καὶ
1662 2692 1765 2727 πολλῆς
1791 2691 1891 2725 φλογὸς

924 2777 1042 2805 VARle
1060 2774 1263 2803 LECTIONES.

287 2834 310 2853 "5
336 2837 416 2872 σοφόν
427 2838 448 2864 Α
467 2837 631 2872 ιφιλύσοφον
645 2847 675 2870 ς.
733 2837 754 2852 ⁸⁷
769 2837 798 2863 δέ
817 2838 836 2863 Α
853 2847 859 2864 :
875 2835 921 2863 καί
940 2845 970 2868 ς.

248 2873 270 2889 "'
283 2874 407 2908 ὑπήκοον
415 2876 446 2900 Α.
490 2875 513 2890 ⁹⁰
527 2874 660 2909 ἀθέμιστα
677 2875 706 2900 Α.

1019 2835 1041 2851 ⁸η
1057 2839 1117 2869 post
1137 2832 1268 2873 Ἰουστίνῃ
1296 2839 1356 2858 cum
1411 2831 1489 2873 omisi
1504 2830 1692 2873 ἀπεκρούσθη.
1707 2829 1734 2855 δέ
1748 2828 1768 2856 Α
1780 2836 1795 2873 ι
1814 2827 1842 2854 τέ
1860 2835 1888 2858 ς.

748 2874 768 2889 ³³
783 2872 871 2906 λόγοις
887 2881 915 2903 ς.
938 2866 960 2887 δ’
977 2879 1005 2898 τε
1020 2866 1081 2897 add.
1099 2870 1131 2898 A.
1162 2868 1184 2885 ⁸⁵³
1202 2867 1289 2899 ξέετςιι
1309 2875 1327 2898 ς
1365 2867 1387 2882 θδ
1401 2867 1503 2902 πίσσης
1515 2868 1536 2894 Δ
1554 2866 1644 2902 ιμετὰ.
1657 2866 1756 2900 πίσσης
1774 2872 1806 2895 ς·.
