  <div class='ocr_page' id='page_1' title='image "/cluster/home/n/w/nwhite01/storage/ocr_20150623/103/njp.32101010943882/346.png"; bbox 0 0 1923 3091; ppageno 0'>
   <div class='ocr_carea' id='block_1_1' title="bbox 0 2670 27 2691">
    <p class='ocr_par' dir='ltr' id='par_1_1' title="bbox 0 2670 27 2691">
     <span class='ocr_line' id='line_1_1' title="bbox 0 2670 27 2691; baseline 0 0"><span class='ocrx_word' id='word_1_1' title='bbox 0 2670 27 2691; x_wconf 57' lang='grc' dir='ltr'><strong>εκ</strong></span> 
     </span>
    </p>
   </div>
   <div class='ocr_carea' id='block_1_2' title="bbox 25 127 71 160">
    <p class='ocr_par' dir='ltr' id='par_1_2' title="bbox 25 127 71 160">
     <span class='ocr_line' id='line_1_2' title="bbox 25 127 71 160; baseline 0.043 -2"><span class='ocrx_word' id='word_1_2' title='bbox 25 127 71 160; x_wconf 72' lang='lat'><strong>511</strong></span> 
     </span>
    </p>
   </div>
   <div class='ocr_carea' id='block_1_3' title="bbox 514 131 1094 163">
    <p class='ocr_par' dir='ltr' id='par_1_3' title="bbox 514 131 1094 163">
     <span class='ocr_line' id='line_1_3' title="bbox 514 131 1094 163; baseline 0.003 -2"><span class='ocrx_word' id='word_1_3' title='bbox 514 131 781 163; x_wconf 85' lang='lat' dir='ltr'><strong>BlBLIOTHECA.</strong></span> <span class='ocrx_word' id='word_1_4' title='bbox 795 146 827 150; x_wconf 92' lang='lat'><strong>-</strong></span> <span class='ocrx_word' id='word_1_5' title='bbox 838 133 920 163; x_wconf 90' lang='lat' dir='ltr'><strong>COD.</strong></span> <span class='ocrx_word' id='word_1_6' title='bbox 933 133 1094 163; x_wconf 79' lang='lat' dir='ltr'><strong>CLXXXV.</strong></span> 
     </span>
    </p>
   </div>
   <div class='ocr_carea' id='block_1_4' title="bbox 1608 128 1660 160">
    <p class='ocr_par' dir='ltr' id='par_1_4' title="bbox 1608 128 1660 160">
     <span class='ocr_line' id='line_1_4' title="bbox 1608 128 1660 160; baseline 0.019 -1"><span class='ocrx_word' id='word_1_7' title='bbox 1608 128 1660 160; x_wconf 75' lang='grc'><strong>542</strong></span> 
     </span>
    </p>
   </div>
   <div class='ocr_carea' id='block_1_5' title="bbox 25 183 824 223">
    <p class='ocr_par' dir='ltr' id='par_1_5' title="bbox 25 183 819 221">
     <span class='ocr_line' id='line_1_5' title="bbox 25 183 819 221; baseline 0.005 -11"><span class='ocrx_word' id='word_1_8' title='bbox 25 183 197 220; x_wconf 75' lang='grc' dir='ltr'><strong>ἀναφθείσης</strong></span> <span class='ocrx_word' id='word_1_9' title='bbox 217 184 350 220; x_wconf 65' lang='grc' dir='ltr'>ἐμϐάλλει</span> <span class='ocrx_word' id='word_1_10' title='bbox 365 184 430 216; x_wconf 75' lang='grc' dir='ltr'>τοὺς</span> <span class='ocrx_word' id='word_1_11' title='bbox 446 185 589 220; x_wconf 83' lang='grc' dir='ltr'>μάρτυρας</span> <span class='ocrx_word' id='word_1_12' title='bbox 613 186 728 220; x_wconf 82' lang='grc' dir='ltr'>Κυρίου.</span> <span class='ocrx_word' id='word_1_13' title='bbox 757 188 819 221; x_wconf 84' lang='grc' dir='ltr'><strong>Ἐγ-</strong></span> 
     </span>
    </p>
   </div>
   <div class='ocr_carea' id='block_1_6' title="bbox 881 183 1661 223">
    <p class='ocr_par' dir='ltr' id='par_1_6' title="bbox 881 185 1661 223">
     <span class='ocr_line' id='line_1_6' title="bbox 881 185 1661 223; baseline -0.001 -9"><span class='ocrx_word' id='word_1_14' title='bbox 881 192 1005 223; x_wconf 87' lang='lat' dir='ltr'><strong>nartyres</strong></span> <span class='ocrx_word' id='word_1_15' title='bbox 1019 187 1066 215; x_wconf 88' lang='lat' dir='ltr'><strong>Dei</strong></span> <span class='ocrx_word' id='word_1_16' title='bbox 1082 186 1208 221; x_wconf 74' lang='lat' dir='ltr'><strong>coniecit.</strong></span> <span class='ocrx_word' id='word_1_17' title='bbox 1225 186 1263 214; x_wconf 87' lang='lat' dir='ltr'><strong>lbi</strong></span> <span class='ocrx_word' id='word_1_18' title='bbox 1286 190 1347 213; x_wconf 79' lang='lat' dir='ltr'><strong>eum</strong></span> <span class='ocrx_word' id='word_1_19' title='bbox 1364 186 1472 213; x_wconf 65' lang='lat' dir='ltr'><strong>athletae</strong></span> <span class='ocrx_word' id='word_1_20' title='bbox 1497 185 1535 213; x_wconf 85' lang='lat' dir='ltr'><strong>illi</strong></span> <span class='ocrx_word' id='word_1_21' title='bbox 1554 185 1661 213; x_wconf 82' lang='lat' dir='ltr'><strong>fortiter</strong></span> 
     </span>
    </p>
   </div>
   <div class='ocr_carea' id='block_1_7' title="bbox 26 230 817 268">
    <p class='ocr_par' dir='ltr' id='par_1_7' title="bbox 26 230 817 268">
     <span class='ocr_line' id='line_1_7' title="bbox 26 230 817 268; baseline 0.003 -10"><span class='ocrx_word' id='word_1_22' title='bbox 26 230 236 266; x_wconf 63' lang='grc' dir='ltr'>καρτερούντων</span> <span class='ocrx_word' id='word_1_23' title='bbox 248 230 276 257; x_wconf 88' lang='grc' dir='ltr'>δὲ</span> <span class='ocrx_word' id='word_1_24' title='bbox 287 230 342 257; x_wconf 83' lang='grc' dir='ltr'><strong>τῶν</strong></span> <span class='ocrx_word' id='word_1_25' title='bbox 352 230 476 266; x_wconf 77' lang='grc' dir='ltr'>ἀθλητῶν</span> <span class='ocrx_word' id='word_1_26' title='bbox 493 233 526 267; x_wconf 84' lang='grc' dir='ltr'>τῇ</span> <span class='ocrx_word' id='word_1_27' title='bbox 543 232 663 267; x_wconf 79' lang='grc' dir='ltr'><strong>βασάνῳ,</strong></span> <span class='ocrx_word' id='word_1_28' title='bbox 682 233 782 268; x_wconf 82' lang='grc' dir='ltr'>μᾶλλον</span> <span class='ocrx_word' id='word_1_29' title='bbox 793 234 817 260; x_wconf 77' lang='grc' dir='ltr'>δ’</span> 
     </span>
    </p>
   </div>
   <div class='ocr_carea' id='block_1_8' title="bbox 26 275 820 314">
    <p class='ocr_par' dir='ltr' id='par_1_8' title="bbox 26 275 820 314">
     <span class='ocr_line' id='line_1_8' title="bbox 26 275 820 314; baseline 0.006 -12"><span class='ocrx_word' id='word_1_30' title='bbox 26 277 63 308; x_wconf 78' lang='grc' dir='ltr'><strong>ὡς</strong></span> <span class='ocrx_word' id='word_1_31' title='bbox 85 278 116 303; x_wconf 79' lang='grc' dir='ltr'><strong>ὲν</strong></span> <span class='ocrx_word' id='word_1_32' title='bbox 138 277 229 312; x_wconf 82' lang='grc' dir='ltr'>δρόσῳ</span> <span class='ocrx_word' id='word_1_33' title='bbox 248 276 368 312; x_wconf 81' lang='grc' dir='ltr'>φαιδρῶς</span> <span class='ocrx_word' id='word_1_34' title='bbox 391 277 457 304; x_wconf 79' lang='grc' dir='ltr'><strong>Θεὸν</strong></span> <span class='ocrx_word' id='word_1_35' title='bbox 483 278 553 313; x_wconf 80' lang='grc' dir='ltr'>ὑπὲρ</span> <span class='ocrx_word' id='word_1_36' title='bbox 578 275 615 305; x_wconf 85' lang='grc' dir='ltr'><strong>ὧν</strong></span> <span class='ocrx_word' id='word_1_37' title='bbox 630 280 653 295; x_wconf 72' lang='grc'><strong>⁸⁵</strong></span> <span class='ocrx_word' id='word_1_38' title='bbox 675 279 820 314; x_wconf 80' lang='grc' dir='ltr'><strong>κρείσσους</strong></span> 
     </span>
    </p>
   </div>
   <div class='ocr_carea' id='block_1_9' title="bbox 27 322 820 360">
    <p class='ocr_par' dir='ltr' id='par_1_9' title="bbox 27 322 820 360">
     <span class='ocr_line' id='line_1_9' title="bbox 27 322 820 360; baseline 0.004 -10"><span class='ocrx_word' id='word_1_39' title='bbox 27 324 128 350; x_wconf 74' lang='grc' dir='ltr'>ὀδυνῶν</span> <span class='ocrx_word' id='word_1_40' title='bbox 142 323 264 357; x_wconf 75' lang='grc' dir='ltr'>ἐγίνοντο</span> <span class='ocrx_word' id='word_1_41' title='bbox 277 322 451 356; x_wconf 82' lang='grc' dir='ltr'>δοξαζόντων,</span> <span class='ocrx_word' id='word_1_42' title='bbox 469 323 532 360; x_wconf 75' lang='grc'><strong>[420</strong></span> <span class='ocrx_word' id='word_1_43' title='bbox 544 324 591 360; x_wconf 83' lang='lat' dir='ltr'><strong>R.]</strong></span> <span class='ocrx_word' id='word_1_44' title='bbox 612 325 770 358; x_wconf 83' lang='grc' dir='ltr'>Ἀθανάσιός</span> <span class='ocrx_word' id='word_1_45' title='bbox 779 335 820 359; x_wconf 91' lang='grc' dir='ltr'><strong>τις</strong></span> 
     </span>
    </p>
   </div>
   <div class='ocr_carea' id='block_1_10' title="bbox 27 367 820 407">
    <p class='ocr_par' dir='ltr' id='par_1_10' title="bbox 27 367 820 407">
     <span class='ocr_line' id='line_1_10' title="bbox 27 367 820 407; baseline 0.001 -11"><span class='ocrx_word' id='word_1_46' title='bbox 27 369 118 400; x_wconf 74' lang='grc' dir='ltr'>ἅθλιος</span> <span class='ocrx_word' id='word_1_47' title='bbox 143 367 282 402; x_wconf 85' lang='grc' dir='ltr'>δαιμόνων</span> <span class='ocrx_word' id='word_1_48' title='bbox 311 368 401 403; x_wconf 78' lang='grc' dir='ltr'>ἱερεὺς</span> <span class='ocrx_word' id='word_1_49' title='bbox 429 369 477 395; x_wconf 69' lang='grc' dir='ltr'><strong>καὶ</strong></span> <span class='ocrx_word' id='word_1_50' title='bbox 506 369 552 396; x_wconf 86' lang='grc' dir='ltr'>τοῦ</span> <span class='ocrx_word' id='word_1_51' title='bbox 584 369 658 396; x_wconf 84' lang='grc' dir='ltr'>θείου</span> <span class='ocrx_word' id='word_1_52' title='bbox 686 370 820 407; x_wconf 80' lang='grc' dir='ltr'>πρότερον</span> 
     </span>
    </p>
   </div>
   <div class='ocr_carea' id='block_1_11' title="bbox 29 414 820 451">
    <p class='ocr_par' dir='ltr' id='par_1_11' title="bbox 29 414 820 451">
     <span class='ocr_line' id='line_1_11' title="bbox 29 414 820 451; baseline 0.001 -9"><span class='ocrx_word' id='word_1_53' title='bbox 29 414 150 449; x_wconf 77' lang='grc' dir='ltr'><strong>συνήθης</strong></span> <span class='ocrx_word' id='word_1_54' title='bbox 178 415 354 450; x_wconf 81' lang='grc' dir='ltr'>Κυπριανοῡ,</span> <span class='ocrx_word' id='word_1_55' title='bbox 380 415 505 450; x_wconf 85' lang='grc' dir='ltr'>σύνεδρός</span> <span class='ocrx_word' id='word_1_56' title='bbox 527 424 558 442; x_wconf 87' lang='grc' dir='ltr'>τε</span> <span class='ocrx_word' id='word_1_57' title='bbox 569 415 593 432; x_wconf 76' lang='grc'><strong>⁸⁸</strong></span> <span class='ocrx_word' id='word_1_58' title='bbox 620 417 749 451; x_wconf 81' lang='grc' dir='ltr'><strong>τηνικάδε</strong></span> <span class='ocrx_word' id='word_1_59' title='bbox 773 416 820 443; x_wconf 86' lang='grc' dir='ltr'>τοῦ</span> 
     </span>
    </p>
   </div>
   <div class='ocr_carea' id='block_1_12' title="bbox 29 461 822 498">
    <p class='ocr_par' dir='ltr' id='par_1_12' title="bbox 29 461 822 498">
     <span class='ocr_line' id='line_1_12' title="bbox 29 461 822 498; baseline 0.003 -11"><span class='ocrx_word' id='word_1_60' title='bbox 29 461 193 493; x_wconf 76' lang='grc' dir='ltr'>κολάζοντος</span> <span class='ocrx_word' id='word_1_61' title='bbox 217 461 415 496; x_wconf 76' lang='grc' dir='ltr'><strong>χρηματίζων,</strong></span> <span class='ocrx_word' id='word_1_62' title='bbox 442 462 558 497; x_wconf 81' lang='grc' dir='ltr'><strong>ἀπονοίᾳ</strong></span> <span class='ocrx_word' id='word_1_63' title='bbox 580 462 694 498; x_wconf 75' lang='grc' dir='ltr'>ληφθεὶς</span> <span class='ocrx_word' id='word_1_64' title='bbox 718 463 822 498; x_wconf 74' lang='grc' dir='ltr'>ἐτόλμα</span> 
     </span>
    </p>
   </div>
   <div class='ocr_carea' id='block_1_13' title="bbox 30 507 822 543">
    <p class='ocr_par' dir='ltr' id='par_1_13' title="bbox 30 507 822 543">
     <span class='ocr_line' id='line_1_13' title="bbox 30 507 822 543; baseline 0 -9"><span class='ocrx_word' id='word_1_65' title='bbox 30 507 134 541; x_wconf 83' lang='grc' dir='ltr'>βαίνειν</span> <span class='ocrx_word' id='word_1_66' title='bbox 150 508 200 534; x_wconf 75' lang='grc' dir='ltr'><strong>ἐπὶ</strong></span> <span class='ocrx_word' id='word_1_67' title='bbox 213 507 261 534; x_wconf 74' lang='grc' dir='ltr'>τοῦ</span> <span class='ocrx_word' id='word_1_68' title='bbox 278 508 379 543; x_wconf 77' lang='grc' dir='ltr'>πυρὸς,</span> <span class='ocrx_word' id='word_1_69' title='bbox 392 508 456 539; x_wconf 80' lang='grc' dir='ltr'>τοὺς</span> <span class='ocrx_word' id='word_1_70' title='bbox 473 508 591 539; x_wconf 75' lang='grc' dir='ltr'>οἰκείους</span> <span class='ocrx_word' id='word_1_71' title='bbox 607 508 822 542; x_wconf 80' lang='grc' dir='ltr'><strong>ἐπικαλούμενος</strong></span> 
     </span>
    </p>
   </div>
   <div class='ocr_carea' id='block_1_14' title="bbox 30 552 823 589">
    <p class='ocr_par' dir='ltr' id='par_1_14' title="bbox 30 552 823 589">
     <span class='ocr_line' id='line_1_14' title="bbox 30 552 823 589; baseline 0.001 -10"><span class='ocrx_word' id='word_1_72' title='bbox 30 553 107 585; x_wconf 71' lang='grc' dir='ltr'>θεοὺς</span> <span class='ocrx_word' id='word_1_73' title='bbox 120 554 155 583; x_wconf 75' lang='grc'><strong>’⁷,</strong></span> <span class='ocrx_word' id='word_1_74' title='bbox 174 552 337 589; x_wconf 85' lang='grc' dir='ltr'>σμικρύνειν</span> <span class='ocrx_word' id='word_1_75' title='bbox 356 553 386 579; x_wconf 77' lang='grc' dir='ltr'><strong>τὸ</strong></span> <span class='ocrx_word' id='word_1_76' title='bbox 408 553 501 588; x_wconf 83' lang='grc' dir='ltr'>θαῦμα</span> <span class='ocrx_word' id='word_1_77' title='bbox 513 554 542 579; x_wconf 78' lang='grc' dir='ltr'><strong>ἐν</strong></span> <span class='ocrx_word' id='word_1_78' title='bbox 557 553 597 589; x_wconf 85' lang='grc' dir='ltr'>τῷ</span> <span class='ocrx_word' id='word_1_79' title='bbox 619 554 681 589; x_wconf 77' lang='grc' dir='ltr'>μηδ’</span> <span class='ocrx_word' id='word_1_80' title='bbox 696 554 778 580; x_wconf 81' lang='grc' dir='ltr'>αὐτόν</span> <span class='ocrx_word' id='word_1_81' title='bbox 796 563 823 581; x_wconf 89' lang='grc' dir='ltr'><strong>τι</strong></span> 
     </span>
    </p>
   </div>
   <div class='ocr_carea' id='block_1_15' title="bbox 30 598 824 633">
    <p class='ocr_par' dir='ltr' id='par_1_15' title="bbox 30 598 824 633">
     <span class='ocr_line' id='line_1_15' title="bbox 30 598 824 633; baseline 0.001 -8"><span class='ocrx_word' id='word_1_82' title='bbox 30 598 128 625; x_wconf 79' lang='grc' dir='ltr'>παθεῖν</span> <span class='ocrx_word' id='word_1_83' title='bbox 149 598 359 633; x_wconf 79' lang='grc' dir='ltr'><strong>διατεινόμενος.</strong></span> <span class='ocrx_word' id='word_1_84' title='bbox 380 598 417 624; x_wconf 78' lang='grc' dir='ltr'><strong>Τὸ</strong></span> <span class='ocrx_word' id='word_1_85' title='bbox 436 598 465 624; x_wconf 84' lang='grc' dir='ltr'>δὲ</span> <span class='ocrx_word' id='word_1_86' title='bbox 488 598 569 626; x_wconf 81' lang='grc' dir='ltr'>πλέον</span> <span class='ocrx_word' id='word_1_87' title='bbox 587 598 703 633; x_wconf 81' lang='grc' dir='ltr'>ηὔξετο·</span> <span class='ocrx_word' id='word_1_88' title='bbox 725 599 824 626; x_wconf 81' lang='grc' dir='ltr'>αὐτίκα</span> 
     </span>
    </p>
   </div>
   <div class='ocr_carea' id='block_1_16' title="bbox 31 640 826 680">
    <p class='ocr_par' dir='ltr' id='par_1_16' title="bbox 31 640 826 680">
     <span class='ocr_line' id='line_1_16' title="bbox 31 640 826 680; baseline -0.001 -8"><span class='ocrx_word' id='word_1_89' title='bbox 31 646 85 680; x_wconf 74' lang='grc' dir='ltr'><strong>γὰρ</strong></span> <span class='ocrx_word' id='word_1_90' title='bbox 100 640 180 677; x_wconf 72' lang='grc' dir='ltr'>οὗτος</span> <span class='ocrx_word' id='word_1_91' title='bbox 197 644 284 680; x_wconf 83' lang='grc' dir='ltr'>πυρὸς</span> <span class='ocrx_word' id='word_1_92' title='bbox 293 644 400 679; x_wconf 84' lang='grc' dir='ltr'>δαπάνη</span> <span class='ocrx_word' id='word_1_93' title='bbox 416 644 463 670; x_wconf 67' lang='grc' dir='ltr'><strong>καίΙ</strong></span> <span class='ocrx_word' id='word_1_94' title='bbox 477 644 566 679; x_wconf 77' lang='grc' dir='ltr'>τέφρα</span> <span class='ocrx_word' id='word_1_95' title='bbox 587 644 735 673; x_wconf 76' lang='grc' dir='ltr'>ἐδείκνυτο.</span> <span class='ocrx_word' id='word_1_96' title='bbox 767 644 826 677; x_wconf 81' lang='grc' dir='ltr'><strong>Ἐξ-</strong></span> 
     </span>
    </p>
   </div>
   <div class='ocr_carea' id='block_1_17' title="bbox 31 689 824 727">
    <p class='ocr_par' dir='ltr' id='par_1_17' title="bbox 31 689 824 727">
     <span class='ocr_line' id='line_1_17' title="bbox 31 689 824 727; baseline -0.004 -8"><span class='ocrx_word' id='word_1_97' title='bbox 31 692 178 727; x_wconf 77' lang='grc' dir='ltr'>απορήσας</span> <span class='ocrx_word' id='word_1_98' title='bbox 193 690 222 717; x_wconf 82' lang='grc' dir='ltr'>δὲ</span> <span class='ocrx_word' id='word_1_99' title='bbox 233 691 248 717; x_wconf 84' lang='grc' dir='ltr'>ὀ</span> <span class='ocrx_word' id='word_1_100' title='bbox 262 689 386 722; x_wconf 79' lang='grc' dir='ltr'><strong>κολάζων</strong></span> <span class='ocrx_word' id='word_1_101' title='bbox 395 689 572 724; x_wconf 81' lang='grc' dir='ltr'>ἀναπέμπειν</span> <span class='ocrx_word' id='word_1_102' title='bbox 588 690 659 724; x_wconf 80' lang='grc' dir='ltr'>ἔγνω</span> <span class='ocrx_word' id='word_1_103' title='bbox 669 691 733 722; x_wconf 84' lang='grc' dir='ltr'>τοὺς</span> <span class='ocrx_word' id='word_1_104' title='bbox 753 690 824 726; x_wconf 86' lang='grc' dir='ltr'>μάρ-</span> 
     </span>
    </p>
   </div>
   <div class='ocr_carea' id='block_1_18' title="bbox 32 734 825 770">
    <p class='ocr_par' dir='ltr' id='par_1_18' title="bbox 32 734 825 770">
     <span class='ocr_line' id='line_1_18' title="bbox 32 734 825 770; baseline -0.003 -7"><span class='ocrx_word' id='word_1_105' title='bbox 32 745 119 770; x_wconf 82' lang='grc' dir='ltr'>τυρας</span> <span class='ocrx_word' id='word_1_106' title='bbox 135 735 207 770; x_wconf 83' lang='grc' dir='ltr'>πρὸς</span> <span class='ocrx_word' id='word_1_107' title='bbox 226 735 428 770; x_wconf 82' lang='grc' dir='ltr'>Διυκλητιανὺν,</span> <span class='ocrx_word' id='word_1_108' title='bbox 443 734 553 769; x_wconf 81' lang='grc' dir='ltr'>γράψας</span> <span class='ocrx_word' id='word_1_109' title='bbox 570 735 617 762; x_wconf 73' lang='grc' dir='ltr'>καὶ</span> <span class='ocrx_word' id='word_1_110' title='bbox 633 735 651 761; x_wconf 79' lang='grc' dir='ltr'><strong>ἀ</strong></span> <span class='ocrx_word' id='word_1_111' title='bbox 662 743 693 761; x_wconf 84' lang='grc' dir='ltr'>τε</span> <span class='ocrx_word' id='word_1_112' title='bbox 712 734 825 762; x_wconf 82' lang='grc' dir='ltr'>πάθοιεν</span> 
     </span>
    </p>
   </div>
   <div class='ocr_carea' id='block_1_19' title="bbox 32 780 826 816">
    <p class='ocr_par' dir='ltr' id='par_1_19' title="bbox 32 780 826 816">
     <span class='ocr_line' id='line_1_19' title="bbox 32 780 826 816; baseline -0.003 -7"><span class='ocrx_word' id='word_1_113' title='bbox 32 784 78 810; x_wconf 76' lang='grc' dir='ltr'><strong>καὶ</strong></span> <span class='ocrx_word' id='word_1_114' title='bbox 102 783 143 814; x_wconf 88' lang='grc' dir='ltr'><strong>ὡς</strong></span> <span class='ocrx_word' id='word_1_115' title='bbox 166 782 309 814; x_wconf 82' lang='grc' dir='ltr'>κρείττους</span> <span class='ocrx_word' id='word_1_116' title='bbox 335 781 433 808; x_wconf 81' lang='grc' dir='ltr'>πασῶν</span> <span class='ocrx_word' id='word_1_117' title='bbox 448 780 472 797; x_wconf 78' lang='grc'><strong>’³</strong></span> <span class='ocrx_word' id='word_1_118' title='bbox 495 782 549 808; x_wconf 81' lang='grc' dir='ltr'>εἰσι</span> <span class='ocrx_word' id='word_1_119' title='bbox 576 781 712 816; x_wconf 82' lang='grc' dir='ltr'>βασάνων.</span> <span class='ocrx_word' id='word_1_120' title='bbox 746 781 776 808; x_wconf 88' lang='grc' dir='ltr'><strong>Ὀ</strong></span> <span class='ocrx_word' id='word_1_121' title='bbox 797 781 826 807; x_wconf 83' lang='grc' dir='ltr'>δὲ</span> 
     </span>
    </p>
   </div>
   <div class='ocr_carea' id='block_1_20' title="bbox 31 826 827 863">
    <p class='ocr_par' dir='ltr' id='par_1_20' title="bbox 31 826 827 863">
     <span class='ocr_line' id='line_1_20' title="bbox 31 826 827 863; baseline -0.001 -9"><span class='ocrx_word' id='word_1_122' title='bbox 31 828 119 855; x_wconf 83' lang='grc' dir='ltr'>ταῦτα</span> <span class='ocrx_word' id='word_1_123' title='bbox 136 829 166 854; x_wconf 81' lang='grc' dir='ltr'><strong>ὲν</strong></span> <span class='ocrx_word' id='word_1_124' title='bbox 182 829 215 863; x_wconf 86' lang='grc' dir='ltr'>τῇ</span> <span class='ocrx_word' id='word_1_125' title='bbox 237 828 411 863; x_wconf 83' lang='grc' dir='ltr'>Νικομήδους</span> <span class='ocrx_word' id='word_1_126' title='bbox 426 828 552 862; x_wconf 88' lang='grc' dir='ltr'>διαγνοὺς</span> <span class='ocrx_word' id='word_1_127' title='bbox 570 828 738 863; x_wconf 83' lang='grc' dir='ltr'>προστάσσει</span> <span class='ocrx_word' id='word_1_128' title='bbox 757 826 827 862; x_wconf 78' lang='grc' dir='ltr'>πρὸς</span> 
     </span>
    </p>
   </div>
   <div class='ocr_carea' id='block_1_21' title="bbox 868 232 1661 267">
    <p class='ocr_par' dir='ltr' id='par_1_21' title="bbox 868 232 1661 267">
     <span class='ocr_line' id='line_1_21' title="bbox 868 232 1661 267; baseline -0.004 -6"><span class='ocrx_word' id='word_1_129' title='bbox 868 235 894 261; x_wconf 93' lang='lat' dir='ltr'><strong>in</strong></span> <span class='ocrx_word' id='word_1_130' title='bbox 911 233 1077 261; x_wconf 71' lang='lat' dir='ltr'><strong>cruciatibus</strong></span> <span class='ocrx_word' id='word_1_131' title='bbox 1100 234 1288 267; x_wconf 65' lang='lat' dir='ltr'><strong>perdurarent,</strong></span> <span class='ocrx_word' id='word_1_132' title='bbox 1301 240 1334 259; x_wconf 91' lang='lat' dir='ltr'><strong>ac</strong></span> <span class='ocrx_word' id='word_1_133' title='bbox 1353 232 1442 266; x_wconf 88' lang='lat' dir='ltr'><strong>potius</strong></span> <span class='ocrx_word' id='word_1_134' title='bbox 1457 232 1528 259; x_wconf 87' lang='lat' dir='ltr'><strong>velut</strong></span> <span class='ocrx_word' id='word_1_135' title='bbox 1544 233 1571 259; x_wconf 94' lang='lat' dir='ltr'><strong>in</strong></span> <span class='ocrx_word' id='word_1_136' title='bbox 1599 239 1661 259; x_wconf 89' lang='lat' dir='ltr'><strong>rore</strong></span> 
     </span>
    </p>
   </div>
   <div class='ocr_carea' id='block_1_22' title="bbox 869 279 1659 314">
    <p class='ocr_par' dir='ltr' id='par_1_22' title="bbox 869 279 1659 314">
     <span class='ocr_line' id='line_1_22' title="bbox 869 279 1659 314; baseline -0.003 -7"><span class='ocrx_word' id='word_1_137' title='bbox 869 281 964 313; x_wconf 82' lang='lat' dir='ltr'><strong>Deum,</strong></span> <span class='ocrx_word' id='word_1_138' title='bbox 979 280 1050 314; x_wconf 88' lang='lat' dir='ltr'><strong>quod</strong></span> <span class='ocrx_word' id='word_1_139' title='bbox 1079 279 1224 306; x_wconf 85' lang='lat' dir='ltr'><strong>tormentis</strong></span> <span class='ocrx_word' id='word_1_140' title='bbox 1249 279 1402 313; x_wconf 85' lang='lat' dir='ltr'><strong>superiores</strong></span> <span class='ocrx_word' id='word_1_141' title='bbox 1426 279 1590 312; x_wconf 78' lang='lat' dir='ltr'><strong>evasissent,</strong></span> <span class='ocrx_word' id='word_1_142' title='bbox 1606 279 1659 306; x_wconf 72' lang='lat' dir='ltr'><strong>laeti</strong></span> 
     </span>
    </p>
   </div>
   <div class='ocr_carea' id='block_1_23' title="bbox 869 320 1662 360">
    <p class='ocr_par' dir='ltr' id='par_1_23' title="bbox 869 320 1662 360">
     <span class='ocr_line' id='line_1_23' title="bbox 869 320 1662 360; baseline -0.004 -6"><span class='ocrx_word' id='word_1_143' title='bbox 869 326 1024 358; x_wconf 84' lang='lat' dir='ltr'><strong>laudarent,</strong></span> <span class='ocrx_word' id='word_1_144' title='bbox 1038 325 1203 352; x_wconf 75' lang='lat' dir='ltr'><strong>Athanasius</strong></span> <span class='ocrx_word' id='word_1_145' title='bbox 1215 324 1326 360; x_wconf 89' lang='lat' dir='ltr'><strong>quidam</strong></span> <span class='ocrx_word' id='word_1_146' title='bbox 1345 326 1438 356; x_wconf 83' lang='lat' dir='ltr'><strong>miser,</strong></span> <span class='ocrx_word' id='word_1_147' title='bbox 1448 320 1599 352; x_wconf 70' lang='lat' dir='ltr'><strong>daemonum</strong></span> <span class='ocrx_word' id='word_1_148' title='bbox 1615 333 1662 352; x_wconf 90' lang='lat' dir='ltr'><strong>sa-</strong></span> 
     </span>
    </p>
   </div>
   <div class='ocr_carea' id='block_1_24' title="bbox 870 371 1663 407">
    <p class='ocr_par' dir='ltr' id='par_1_24' title="bbox 870 371 1663 407">
     <span class='ocr_line' id='line_1_24' title="bbox 870 371 1663 407; baseline -0.004 -7"><span class='ocrx_word' id='word_1_149' title='bbox 870 373 1058 404; x_wconf 87' lang='lat' dir='ltr'><strong>cerdos,beato</strong></span> <span class='ocrx_word' id='word_1_150' title='bbox 1067 372 1282 407; x_wconf 80' lang='lat' dir='ltr'><strong>Cyprianoantea</strong></span> <span class='ocrx_word' id='word_1_151' title='bbox 1294 371 1492 405; x_wconf 83' lang='lat' dir='ltr'><strong>perfamiliaris.</strong></span> <span class='ocrx_word' id='word_1_152' title='bbox 1502 375 1529 398; x_wconf 87' lang='lat' dir='ltr'><strong>et</strong></span> <span class='ocrx_word' id='word_1_153' title='bbox 1540 378 1663 398; x_wconf 86' lang='lat' dir='ltr'><strong>assessor</strong></span> 
     </span>
    </p>
   </div>
   <div class='ocr_carea' id='block_1_25' title="bbox 872 416 1660 452">
    <p class='ocr_par' dir='ltr' id='par_1_25' title="bbox 872 416 1660 452">
     <span class='ocr_line' id='line_1_25' title="bbox 872 416 1660 452; baseline -0.004 -6"><span class='ocrx_word' id='word_1_154' title='bbox 872 424 927 446; x_wconf 92' lang='lat' dir='ltr'><strong>tum</strong></span> <span class='ocrx_word' id='word_1_155' title='bbox 943 418 1122 452; x_wconf 82' lang='lat' dir='ltr'><strong>fortejudicis</strong></span> <span class='ocrx_word' id='word_1_156' title='bbox 1137 422 1270 445; x_wconf 85' lang='lat' dir='ltr'><strong>tormenta</strong></span> <span class='ocrx_word' id='word_1_157' title='bbox 1283 416 1434 448; x_wconf 74' lang='lat' dir='ltr'><strong>inferentis,</strong></span> <span class='ocrx_word' id='word_1_158' title='bbox 1457 417 1555 444; x_wconf 87' lang='lat' dir='ltr'><strong>mentis</strong></span> <span class='ocrx_word' id='word_1_159' title='bbox 1579 417 1660 444; x_wconf 71' lang='lat' dir='ltr'><strong>caeci-</strong></span> 
     </span>
    </p>
   </div>
   <div class='ocr_carea' id='block_1_26' title="bbox 872 463 1664 499">
    <p class='ocr_par' dir='ltr' id='par_1_26' title="bbox 872 463 1664 499">
     <span class='ocr_line' id='line_1_26' title="bbox 872 463 1664 499; baseline -0.005 -7"><span class='ocrx_word' id='word_1_160' title='bbox 872 469 927 492; x_wconf 86' lang='lat' dir='ltr'><strong>tate</strong></span> <span class='ocrx_word' id='word_1_161' title='bbox 935 469 1086 499; x_wconf 82' lang='lat' dir='ltr'><strong>correptus,</strong></span> <span class='ocrx_word' id='word_1_162' title='bbox 1099 471 1182 491; x_wconf 82' lang='lat' dir='ltr'><strong>ausus</strong></span> <span class='ocrx_word' id='word_1_163' title='bbox 1193 469 1245 496; x_wconf 89' lang='lat' dir='ltr'><strong>est,</strong></span> <span class='ocrx_word' id='word_1_164' title='bbox 1260 463 1326 491; x_wconf 87' lang='lat' dir='ltr'><strong>deos</strong></span> <span class='ocrx_word' id='word_1_165' title='bbox 1343 471 1405 490; x_wconf 90' lang='lat' dir='ltr'><strong>suos</strong></span> <span class='ocrx_word' id='word_1_166' title='bbox 1421 463 1569 490; x_wconf 81' lang='lat' dir='ltr'><strong>familiares</strong></span> <span class='ocrx_word' id='word_1_167' title='bbox 1588 464 1664 489; x_wconf 87' lang='lat' dir='ltr'><strong>invo-</strong></span> 
     </span>
    </p>
   </div>
   <div class='ocr_carea' id='block_1_27' title="bbox 872 508 1663 546">
    <p class='ocr_par' dir='ltr' id='par_1_27' title="bbox 872 508 1663 546">
     <span class='ocr_line' id='line_1_27' title="bbox 872 508 1663 546; baseline -0.005 -8"><span class='ocrx_word' id='word_1_168' title='bbox 872 511 985 541; x_wconf 83' lang='lat' dir='ltr'><strong>cans.in</strong></span> <span class='ocrx_word' id='word_1_169' title='bbox 1001 510 1093 546; x_wconf 73' lang='lat' dir='ltr'><strong>ignem</strong></span> <span class='ocrx_word' id='word_1_170' title='bbox 1112 517 1219 544; x_wconf 89' lang='lat' dir='ltr'><strong>quoque</strong></span> <span class='ocrx_word' id='word_1_171' title='bbox 1237 509 1353 544; x_wconf 82' lang='lat' dir='ltr'><strong>ingredi,</strong></span> <span class='ocrx_word' id='word_1_172' title='bbox 1367 510 1414 536; x_wconf 83' lang='lat' dir='ltr'><strong>sed</strong></span> <span class='ocrx_word' id='word_1_173' title='bbox 1426 509 1489 536; x_wconf 88' lang='lat' dir='ltr'><strong>dum</strong></span> <span class='ocrx_word' id='word_1_174' title='bbox 1504 508 1663 536; x_wconf 83' lang='lat' dir='ltr'><strong>miraculum</strong></span> 
     </span>
    </p>
   </div>
   <div class='ocr_carea' id='block_1_28' title="bbox 872 555 1664 590">
    <p class='ocr_par' dir='ltr' id='par_1_28' title="bbox 872 555 1664 590">
     <span class='ocr_line' id='line_1_28' title="bbox 872 555 1664 590; baseline -0.006 -5"><span class='ocrx_word' id='word_1_175' title='bbox 872 563 1022 585; x_wconf 83' lang='lat' dir='ltr'><strong>extenuare</strong></span> <span class='ocrx_word' id='word_1_176' title='bbox 1038 557 1144 588; x_wconf 86' lang='lat' dir='ltr'><strong>nititur,</strong></span> <span class='ocrx_word' id='word_1_177' title='bbox 1155 557 1178 583; x_wconf 93' lang='lat' dir='ltr'><strong>si</strong></span> <span class='ocrx_word' id='word_1_178' title='bbox 1193 560 1219 584; x_wconf 92' lang='lat' dir='ltr'><strong>et</strong></span> <span class='ocrx_word' id='word_1_179' title='bbox 1236 556 1293 590; x_wconf 86' lang='lat' dir='ltr'><strong>ipse</strong></span> <span class='ocrx_word' id='word_1_180' title='bbox 1310 555 1369 583; x_wconf 88' lang='lat' dir='ltr'><strong>sine</strong></span> <span class='ocrx_word' id='word_1_181' title='bbox 1385 562 1456 582; x_wconf 83' lang='lat' dir='ltr'><strong>noxa</strong></span> <span class='ocrx_word' id='word_1_182' title='bbox 1475 555 1572 582; x_wconf 85' lang='lat' dir='ltr'><strong>ibidem</strong></span> <span class='ocrx_word' id='word_1_183' title='bbox 1597 561 1664 589; x_wconf 87' lang='lat' dir='ltr'><strong>per-</strong></span> 
     </span>
    </p>
   </div>
   <div class='ocr_carea' id='block_1_29' title="bbox 874 600 1665 637">
    <p class='ocr_par' dir='ltr' id='par_1_29' title="bbox 874 600 1665 637">
     <span class='ocr_line' id='line_1_29' title="bbox 874 600 1665 637; baseline -0.005 -6"><span class='ocrx_word' id='word_1_184' title='bbox 874 603 996 636; x_wconf 84' lang='lat' dir='ltr'><strong>duraret,</strong></span> <span class='ocrx_word' id='word_1_185' title='bbox 1019 603 1104 637; x_wconf 79' lang='lat' dir='ltr'><strong>magis</strong></span> <span class='ocrx_word' id='word_1_186' title='bbox 1117 602 1181 629; x_wconf 90' lang='lat' dir='ltr'><strong>illud</strong></span> <span class='ocrx_word' id='word_1_187' title='bbox 1197 602 1281 629; x_wconf 81' lang='lat' dir='ltr'><strong>auxit.</strong></span> <span class='ocrx_word' id='word_1_188' title='bbox 1299 601 1448 629; x_wconf 88' lang='lat' dir='ltr'><strong>Confestim</strong></span> <span class='ocrx_word' id='word_1_189' title='bbox 1466 601 1537 627; x_wconf 90' lang='lat' dir='ltr'><strong>enim</strong></span> <span class='ocrx_word' id='word_1_190' title='bbox 1561 600 1665 635; x_wconf 78' lang='lat' dir='ltr'><strong>abigne</strong></span> 
     </span>
    </p>
   </div>
   <div class='ocr_carea' id='block_1_30' title="bbox 874 646 1666 684">
    <p class='ocr_par' dir='ltr' id='par_1_30' title="bbox 874 646 1666 684">
     <span class='ocr_line' id='line_1_30' title="bbox 874 646 1666 684; baseline -0.005 -8"><span class='ocrx_word' id='word_1_191' title='bbox 874 651 1036 684; x_wconf 87' lang='lat' dir='ltr'><strong>absumptus</strong></span> <span class='ocrx_word' id='word_1_192' title='bbox 1060 650 1085 675; x_wconf 93' lang='lat' dir='ltr'><strong>in</strong></span> <span class='ocrx_word' id='word_1_193' title='bbox 1103 648 1221 675; x_wconf 89' lang='lat' dir='ltr'><strong>cinerem</strong></span> <span class='ocrx_word' id='word_1_194' title='bbox 1249 655 1344 675; x_wconf 88' lang='lat' dir='ltr'><strong>versus</strong></span> <span class='ocrx_word' id='word_1_195' title='bbox 1368 653 1419 675; x_wconf 89' lang='lat' dir='ltr'><strong>est.</strong></span> <span class='ocrx_word' id='word_1_196' title='bbox 1446 646 1577 673; x_wconf 64' lang='lat' dir='ltr'><strong>Haesimus</strong></span> <span class='ocrx_word' id='word_1_197' title='bbox 1601 653 1666 680; x_wconf 81' lang='lat' dir='ltr'><strong>ergo</strong></span> 
     </span>
    </p>
   </div>
   <div class='ocr_carea' id='block_1_31' title="bbox 873 692 1665 730">
    <p class='ocr_par' dir='ltr' id='par_1_31' title="bbox 873 692 1665 730">
     <span class='ocr_line' id='line_1_31' title="bbox 873 692 1665 730; baseline -0.005 -8"><span class='ocrx_word' id='word_1_198' title='bbox 873 695 965 730; x_wconf 83' lang='lat' dir='ltr'><strong>judex,</strong></span> <span class='ocrx_word' id='word_1_199' title='bbox 982 695 1105 722; x_wconf 84' lang='lat' dir='ltr'><strong>decrevit</strong></span> <span class='ocrx_word' id='word_1_200' title='bbox 1124 699 1259 729; x_wconf 83' lang='lat' dir='ltr'><strong>martyres</strong></span> <span class='ocrx_word' id='word_1_201' title='bbox 1276 694 1310 721; x_wconf 91' lang='lat' dir='ltr'><strong>ad</strong></span> <span class='ocrx_word' id='word_1_202' title='bbox 1332 693 1528 721; x_wconf 83' lang='lat' dir='ltr'><strong>Diocletianum</strong></span> <span class='ocrx_word' id='word_1_203' title='bbox 1546 692 1665 723; x_wconf 88' lang='lat' dir='ltr'><strong>mittere,</strong></span> 
     </span>
    </p>
   </div>
   <div class='ocr_carea' id='block_1_32' title="bbox 875 740 1668 775">
    <p class='ocr_par' dir='ltr' id='par_1_32' title="bbox 875 740 1668 775">
     <span class='ocr_line' id='line_1_32' title="bbox 875 740 1668 775; baseline -0.005 -7"><span class='ocrx_word' id='word_1_204' title='bbox 875 746 901 768; x_wconf 90' lang='lat' dir='ltr'><strong>et</strong></span> <span class='ocrx_word' id='word_1_205' title='bbox 910 741 942 768; x_wconf 89' lang='lat' dir='ltr'><strong>ad</strong></span> <span class='ocrx_word' id='word_1_206' title='bbox 951 749 1024 774; x_wconf 87' lang='lat' dir='ltr'><strong>eum,</strong></span> <span class='ocrx_word' id='word_1_207' title='bbox 1035 746 1090 767; x_wconf 90' lang='lat' dir='ltr'><strong>tum</strong></span> <span class='ocrx_word' id='word_1_208' title='bbox 1101 748 1160 774; x_wconf 67' lang='lat' dir='ltr'><strong>quae</strong></span> <span class='ocrx_word' id='word_1_209' title='bbox 1170 740 1343 775; x_wconf 89' lang='lat' dir='ltr'><strong>pertulissent</strong></span> <span class='ocrx_word' id='word_1_210' title='bbox 1351 744 1496 771; x_wconf 88' lang='lat' dir='ltr'><strong>tormenta,</strong></span> <span class='ocrx_word' id='word_1_211' title='bbox 1507 743 1562 765; x_wconf 92' lang='lat' dir='ltr'><strong>tum</strong></span> <span class='ocrx_word' id='word_1_212' title='bbox 1572 745 1668 773; x_wconf 62' lang='lat' dir='ltr'><strong>quem-</strong></span> 
     </span>
    </p>
   </div>
   <div class='ocr_carea' id='block_1_33' title="bbox 876 786 1667 822">
    <p class='ocr_par' dir='ltr' id='par_1_33' title="bbox 876 786 1667 822">
     <span class='ocr_line' id='line_1_33' title="bbox 876 786 1667 822; baseline -0.004 -8"><span class='ocrx_word' id='word_1_213' title='bbox 876 788 1020 815; x_wconf 85' lang='lat' dir='ltr'><strong>admodum</strong></span> <span class='ocrx_word' id='word_1_214' title='bbox 1040 788 1128 822; x_wconf 64' lang='lat' dir='ltr'><strong>poenis</strong></span> <span class='ocrx_word' id='word_1_215' title='bbox 1150 791 1241 814; x_wconf 88' lang='lat' dir='ltr'><strong>essent</strong></span> <span class='ocrx_word' id='word_1_216' title='bbox 1266 786 1392 814; x_wconf 86' lang='lat' dir='ltr'><strong>omnibus</strong></span> <span class='ocrx_word' id='word_1_217' title='bbox 1413 786 1583 820; x_wconf 85' lang='lat' dir='ltr'><strong>superiores,</strong></span> <span class='ocrx_word' id='word_1_218' title='bbox 1605 792 1667 819; x_wconf 91' lang='lat' dir='ltr'><strong>per-</strong></span> 
     </span>
    </p>
   </div>
   <div class='ocr_carea' id='block_1_34' title="bbox 877 830 1667 867">
    <p class='ocr_par' dir='ltr' id='par_1_34' title="bbox 877 830 1667 867">
     <span class='ocr_line' id='line_1_34' title="bbox 877 830 1667 867; baseline -0.004 -8"><span class='ocrx_word' id='word_1_219' title='bbox 877 833 1007 860; x_wconf 85' lang='lat' dir='ltr'><strong>scribere.</strong></span> <span class='ocrx_word' id='word_1_220' title='bbox 1023 831 1088 865; x_wconf 75' lang='lat' dir='ltr'><strong>Qua&#39;:</strong></span> <span class='ocrx_word' id='word_1_221' title='bbox 1101 839 1162 859; x_wconf 87' lang='lat' dir='ltr'><strong>cum</strong></span> <span class='ocrx_word' id='word_1_222' title='bbox 1181 832 1328 867; x_wconf 83' lang='lat' dir='ltr'><strong>imperator</strong></span> <span class='ocrx_word' id='word_1_223' title='bbox 1341 830 1506 858; x_wconf 69' lang='lat' dir='ltr'><strong>Nicomedia:</strong></span> <span class='ocrx_word' id='word_1_224' title='bbox 1521 830 1667 858; x_wconf 83' lang='lat' dir='ltr'><strong>intellexis-</strong></span> 
     </span>
    </p>
   </div>
   <div class='ocr_carea' id='block_1_35' title="bbox 32 871 824 914">
    <p class='ocr_par' dir='ltr' id='par_1_35' title="bbox 32 874 824 911">
     <span class='ocr_line' id='line_1_35' title="bbox 32 874 824 911; baseline -0.001 -9"><span class='ocrx_word' id='word_1_225' title='bbox 32 875 71 910; x_wconf 83' lang='grc' dir='ltr'>τῷ</span> <span class='ocrx_word' id='word_1_226' title='bbox 88 874 291 911; x_wconf 77' lang='grc' dir='ltr'>παρακειμένῳ</span> <span class='ocrx_word' id='word_1_227' title='bbox 308 875 340 909; x_wconf 80' lang='grc' dir='ltr'>τῇ</span> <span class='ocrx_word' id='word_1_228' title='bbox 358 875 435 901; x_wconf 86' lang='grc' dir='ltr'>πόλει</span> <span class='ocrx_word' id='word_1_229' title='bbox 453 875 569 910; x_wconf 80' lang='grc' dir='ltr'>ποταμῷ</span> <span class='ocrx_word' id='word_1_230' title='bbox 587 875 596 910; x_wconf 93' lang='grc'>(</span> <span class='ocrx_word' id='word_1_231' title='bbox 609 874 710 907; x_wconf 82' lang='grc' dir='ltr'>Γάλλος</span> <span class='ocrx_word' id='word_1_232' title='bbox 723 874 745 901; x_wconf 86' lang='grc' dir='ltr'>δ’</span> <span class='ocrx_word' id='word_1_233' title='bbox 763 874 824 901; x_wconf 86' lang='grc' dir='ltr'><strong>ὠνό-</strong></span> 
     </span>
    </p>
   </div>
   <div class='ocr_carea' id='block_1_36' title="bbox 881 871 1666 914">
    <p class='ocr_par' dir='ltr' id='par_1_36' title="bbox 881 875 1666 914">
     <span class='ocr_line' id='line_1_36' title="bbox 881 875 1666 914; baseline -0.005 -8"><span class='ocrx_word' id='word_1_234' title='bbox 881 878 1073 912; x_wconf 66' lang='lat' dir='ltr'><strong>set,przecepit</strong></span> <span class='ocrx_word' id='word_1_235' title='bbox 1090 883 1226 914; x_wconf 84' lang='lat' dir='ltr'><strong>martyres</strong></span> <span class='ocrx_word' id='word_1_236' title='bbox 1254 878 1287 906; x_wconf 87' lang='lat' dir='ltr'><strong>ad</strong></span> <span class='ocrx_word' id='word_1_237' title='bbox 1315 878 1436 905; x_wconf 91' lang='lat' dir='ltr'><strong>vicinum</strong></span> <span class='ocrx_word' id='word_1_238' title='bbox 1465 876 1525 904; x_wconf 88' lang='lat' dir='ltr'><strong>urbi</strong></span> <span class='ocrx_word' id='word_1_239' title='bbox 1555 875 1666 909; x_wconf 81' lang='lat' dir='ltr'><strong>ﬂumen,</strong></span> 
     </span>
    </p>
   </div>
   <div class='ocr_carea' id='block_1_37' title="bbox 34 919 824 955">
    <p class='ocr_par' dir='ltr' id='par_1_37' title="bbox 34 919 824 955">
     <span class='ocr_line' id='line_1_37' title="bbox 34 919 824 955; baseline -0.001 -8"><span class='ocrx_word' id='word_1_240' title='bbox 34 921 142 955; x_wconf 80' lang='grc' dir='ltr'>μαστο)</span> <span class='ocrx_word' id='word_1_241' title='bbox 164 920 215 950; x_wconf 72' lang='grc' dir='ltr'>τὰς</span> <span class='ocrx_word' id='word_1_242' title='bbox 233 919 357 954; x_wconf 71' lang='grc' dir='ltr'>κεφαλὰς</span> <span class='ocrx_word' id='word_1_243' title='bbox 377 920 440 952; x_wconf 87' lang='grc' dir='ltr'>τοὺς</span> <span class='ocrx_word' id='word_1_244' title='bbox 458 920 600 955; x_wconf 84' lang='grc' dir='ltr'>μάρτυρας</span> <span class='ocrx_word' id='word_1_245' title='bbox 621 920 824 955; x_wconf 85' lang='grc' dir='ltr'>ἀποτμηθῆναι.</span> 
     </span>
    </p>
   </div>
   <div class='ocr_carea' id='block_1_38' title="bbox 32 962 824 1000">
    <p class='ocr_par' dir='ltr' id='par_1_38' title="bbox 32 962 824 1000">
     <span class='ocr_line' id='line_1_38' title="bbox 32 962 824 1000; baseline -0.001 -8"><span class='ocrx_word' id='word_1_246' title='bbox 32 967 85 993; x_wconf 64' lang='grc' dir='ltr'><strong>Σὺν</strong></span> <span class='ocrx_word' id='word_1_247' title='bbox 109 962 153 997; x_wconf 79' lang='grc' dir='ltr'>οἷς</span> <span class='ocrx_word' id='word_1_248' title='bbox 181 965 229 992; x_wconf 68' lang='grc' dir='ltr'>καὶ</span> <span class='ocrx_word' id='word_1_249' title='bbox 256 965 416 997; x_wconf 80' lang='grc' dir='ltr'>Θεόκτιστος</span> <span class='ocrx_word' id='word_1_250' title='bbox 446 964 572 1000; x_wconf 81' lang='grc' dir='ltr'>αὐθωρδν</span> <span class='ocrx_word' id='word_1_251' title='bbox 600 964 678 1000; x_wconf 79' lang='grc' dir='ltr'>ὤφθη</span> <span class='ocrx_word' id='word_1_252' title='bbox 708 966 824 1000; x_wconf 79' lang='grc' dir='ltr'>μάρτυς,</span> 
     </span>
    </p>
   </div>
   <div class='ocr_carea' id='block_1_39' title="bbox 32 1010 825 1046">
    <p class='ocr_par' dir='ltr' id='par_1_39' title="bbox 32 1010 825 1046">
     <span class='ocr_line' id='line_1_39' title="bbox 32 1010 825 1046; baseline 0 -8"><span class='ocrx_word' id='word_1_253' title='bbox 32 1013 146 1046; x_wconf 74' lang='grc' dir='ltr'>ἔλεγχον</span> <span class='ocrx_word' id='word_1_254' title='bbox 168 1010 259 1046; x_wconf 83' lang='grc' dir='ltr'>εὑρὼν</span> <span class='ocrx_word' id='word_1_255' title='bbox 284 1011 334 1046; x_wconf 84' lang='grc' dir='ltr'>τῆς</span> <span class='ocrx_word' id='word_1_256' title='bbox 361 1010 504 1043; x_wconf 78' lang='grc' dir='ltr'>εὐσεϐείας</span> <span class='ocrx_word' id='word_1_257' title='bbox 522 1011 553 1037; x_wconf 88' lang='grc' dir='ltr'>τὸ</span> <span class='ocrx_word' id='word_1_258' title='bbox 583 1011 825 1046; x_wconf 79' lang='grc' dir='ltr'>προσφθέγξασθαι</span> 
     </span>
    </p>
   </div>
   <div class='ocr_carea' id='block_1_40' title="bbox 31 1056 825 1094">
    <p class='ocr_par' dir='ltr' id='par_1_40' title="bbox 31 1056 825 1094">
     <span class='ocr_line' id='line_1_40' title="bbox 31 1056 825 1094; baseline -0.001 -10"><span class='ocrx_word' id='word_1_259' title='bbox 31 1058 70 1093; x_wconf 80' lang='grc' dir='ltr'>τῷ</span> <span class='ocrx_word' id='word_1_260' title='bbox 88 1058 212 1094; x_wconf 78' lang='grc' dir='ltr'>μάρτυρι</span> <span class='ocrx_word' id='word_1_261' title='bbox 228 1057 342 1092; x_wconf 80' lang='grc' dir='ltr'>Κυρίου.</span> <span class='ocrx_word' id='word_1_262' title='bbox 359 1057 399 1083; x_wconf 83' lang='grc' dir='ltr'><strong>Τὰ</strong></span> <span class='ocrx_word' id='word_1_263' title='bbox 411 1056 440 1083; x_wconf 73' lang='grc' dir='ltr'>δὲ</span> <span class='ocrx_word' id='word_1_264' title='bbox 455 1057 570 1092; x_wconf 82' lang='grc' dir='ltr'>λείψανα</span> <span class='ocrx_word' id='word_1_265' title='bbox 588 1057 642 1083; x_wconf 84' lang='grc' dir='ltr'><strong>τῶν</strong></span> <span class='ocrx_word' id='word_1_266' title='bbox 657 1057 743 1090; x_wconf 82' lang='grc' dir='ltr'>ἁγίων</span> <span class='ocrx_word' id='word_1_267' title='bbox 757 1057 825 1083; x_wconf 87' lang='grc' dir='ltr'>ναῦ-</span> 
     </span>
    </p>
   </div>
   <div class='ocr_carea' id='block_1_41' title="bbox 31 1099 826 1139">
    <p class='ocr_par' dir='ltr' id='par_1_41' title="bbox 31 1099 826 1139">
     <span class='ocr_line' id='line_1_41' title="bbox 31 1099 826 1139; baseline -0.001 -9"><span class='ocrx_word' id='word_1_268' title='bbox 31 1104 76 1130; x_wconf 80' lang='grc' dir='ltr'><strong>ταί</strong></span> <span class='ocrx_word' id='word_1_269' title='bbox 91 1112 166 1135; x_wconf 87' lang='grc' dir='ltr'>τινες</span> <span class='ocrx_word' id='word_1_270' title='bbox 189 1103 243 1130; x_wconf 67' lang='grc' dir='ltr'>ἀπὸ</span> <span class='ocrx_word' id='word_1_271' title='bbox 266 1103 376 1138; x_wconf 85' lang='grc' dir='ltr'>Ῥώμης</span> <span class='ocrx_word' id='word_1_272' title='bbox 397 1102 629 1138; x_wconf 82' lang='grc' dir='ltr'>ἐπιδεδήμηκὸτες</span> <span class='ocrx_word' id='word_1_273' title='bbox 644 1104 718 1139; x_wconf 82' lang='grc' dir='ltr'>ἄρτι,</span> <span class='ocrx_word' id='word_1_274' title='bbox 735 1099 772 1130; x_wconf 80' lang='grc' dir='ltr'><strong>ὧν</strong></span> <span class='ocrx_word' id='word_1_275' title='bbox 791 1100 826 1138; x_wconf 86' lang='grc' dir='ltr'><strong>ἦν</strong></span> 
     </span>
    </p>
   </div>
   <div class='ocr_carea' id='block_1_42' title="bbox 33 1145 826 1185">
    <p class='ocr_par' dir='ltr' id='par_1_42' title="bbox 33 1145 826 1185">
     <span class='ocr_line' id='line_1_42' title="bbox 33 1145 826 1185; baseline 0 -9"><span class='ocrx_word' id='word_1_276' title='bbox 33 1152 143 1185; x_wconf 79' lang='grc' dir='ltr'>ἑταῖρος</span> <span class='ocrx_word' id='word_1_277' title='bbox 155 1150 203 1176; x_wconf 76' lang='grc' dir='ltr'>καὶ</span> <span class='ocrx_word' id='word_1_278' title='bbox 214 1150 229 1176; x_wconf 84' lang='grc' dir='ltr'>ὁ</span> <span class='ocrx_word' id='word_1_279' title='bbox 242 1149 346 1184; x_wconf 75' lang='grc' dir='ltr'>μάρτυς</span> <span class='ocrx_word' id='word_1_280' title='bbox 357 1149 529 1181; x_wconf 73' lang='grc' dir='ltr'>Θεόκτιστος,</span> <span class='ocrx_word' id='word_1_281' title='bbox 542 1145 615 1176; x_wconf 69' lang='grc' dir='ltr'>οὗτοι</span> <span class='ocrx_word' id='word_1_282' title='bbox 626 1149 754 1181; x_wconf 79' lang='grc' dir='ltr'>λαθόντες</span> <span class='ocrx_word' id='word_1_283' title='bbox 764 1151 826 1181; x_wconf 81' lang='grc' dir='ltr'>τοὺς</span> 
     </span>
    </p>
   </div>
   <div class='ocr_carea' id='block_1_43' title="bbox 33 1194 827 1231">
    <p class='ocr_par' dir='ltr' id='par_1_43' title="bbox 33 1194 827 1231">
     <span class='ocr_line' id='line_1_43' title="bbox 33 1194 827 1231; baseline -0.001 -8"><span class='ocrx_word' id='word_1_284' title='bbox 33 1197 159 1230; x_wconf 71' lang='grc' dir='ltr'>φύλακας</span> <span class='ocrx_word' id='word_1_285' title='bbox 173 1195 313 1231; x_wconf 75' lang='grc' dir='ltr'>ἀνείλοντο</span> <span class='ocrx_word' id='word_1_286' title='bbox 330 1195 378 1221; x_wconf 75' lang='grc' dir='ltr'>καὶ</span> <span class='ocrx_word' id='word_1_287' title='bbox 399 1195 439 1226; x_wconf 89' lang='grc' dir='ltr'><strong>εἰς</strong></span> <span class='ocrx_word' id='word_1_288' title='bbox 465 1194 575 1230; x_wconf 86' lang='grc' dir='ltr'>Ῥώμην</span> <span class='ocrx_word' id='word_1_289' title='bbox 593 1195 784 1230; x_wconf 81' lang='grc' dir='ltr'>ἀπεκόμισαν,</span> <span class='ocrx_word' id='word_1_290' title='bbox 798 1197 827 1222; x_wconf 77' lang='grc' dir='ltr'><strong>ὲν</strong></span> 
     </span>
    </p>
   </div>
   <div class='ocr_carea' id='block_1_44' title="bbox 32 1240 827 1279">
    <p class='ocr_par' dir='ltr' id='par_1_44' title="bbox 32 1240 827 1279">
     <span class='ocr_line' id='line_1_44' title="bbox 32 1240 827 1279; baseline -0.003 -10"><span class='ocrx_word' id='word_1_291' title='bbox 32 1240 48 1279; x_wconf 76' lang='grc' dir='ltr'>ᾗ</span> <span class='ocrx_word' id='word_1_292' title='bbox 64 1243 114 1269; x_wconf 80' lang='grc' dir='ltr'>καὶ</span> <span class='ocrx_word' id='word_1_293' title='bbox 129 1241 195 1272; x_wconf 81' lang='grc' dir='ltr'>ναὸς</span> <span class='ocrx_word' id='word_1_294' title='bbox 209 1241 302 1272; x_wconf 83' lang='grc' dir='ltr'>αὐτοῖς</span> <span class='ocrx_word' id='word_1_295' title='bbox 315 1240 497 1276; x_wconf 85' lang='grc' dir='ltr'>περικαλλὴς,</span> <span class='ocrx_word' id='word_1_296' title='bbox 512 1241 629 1275; x_wconf 76' lang='grc' dir='ltr'>ὲγγίζων</span> <span class='ocrx_word' id='word_1_297' title='bbox 643 1242 681 1277; x_wconf 82' lang='grc' dir='ltr'>τῷ</span> <span class='ocrx_word' id='word_1_298' title='bbox 695 1241 827 1268; x_wconf 81' lang='grc' dir='ltr'>Κλαυδίου</span> 
     </span>
    </p>
   </div>
   <div class='ocr_carea' id='block_1_45' title="bbox 32 1285 828 1324">
    <p class='ocr_par' dir='ltr' id='par_1_45' title="bbox 32 1285 828 1324">
     <span class='ocr_line' id='line_1_45' title="bbox 32 1285 828 1324; baseline 0 -9"><span class='ocrx_word' id='word_1_299' title='bbox 32 1289 120 1324; x_wconf 71' lang='grc' dir='ltr'>ςόρῳ,</span> <span class='ocrx_word' id='word_1_300' title='bbox 139 1287 281 1322; x_wconf 79' lang='grc' dir='ltr'>ἀνηγέρθη</span> <span class='ocrx_word' id='word_1_301' title='bbox 293 1306 300 1318; x_wconf 86' lang='grc'><strong>,</strong></span> <span class='ocrx_word' id='word_1_302' title='bbox 316 1287 396 1322; x_wconf 78' lang='grc' dir='ltr'>ἔργον</span> <span class='ocrx_word' id='word_1_303' title='bbox 416 1286 560 1322; x_wconf 83' lang='grc' dir='ltr'>Ῥουφίνης</span> <span class='ocrx_word' id='word_1_304' title='bbox 575 1288 780 1324; x_wconf 81' lang='grc' dir='ltr'>εὐσεϐόφρονος,</span> <span class='ocrx_word' id='word_1_305' title='bbox 794 1285 828 1324; x_wconf 83' lang='grc' dir='ltr'>ἧς</span> 
     </span>
    </p>
   </div>
   <div class='ocr_carea' id='block_1_46' title="bbox 31 1332 830 1370">
    <p class='ocr_par' dir='ltr' id='par_1_46' title="bbox 31 1332 830 1370">
     <span class='ocr_line' id='line_1_46' title="bbox 31 1332 830 1370; baseline 0.001 -8"><span class='ocrx_word' id='word_1_306' title='bbox 31 1337 62 1363; x_wconf 69' lang='grc' dir='ltr'>τὸ</span> <span class='ocrx_word' id='word_1_307' title='bbox 76 1336 159 1368; x_wconf 80' lang='grc' dir='ltr'>γένος</span> <span class='ocrx_word' id='word_1_308' title='bbox 173 1335 214 1365; x_wconf 87' lang='grc' dir='ltr'><strong>είς</strong></span> <span class='ocrx_word' id='word_1_309' title='bbox 229 1334 259 1360; x_wconf 80' lang='grc' dir='ltr'>τὸ</span> <span class='ocrx_word' id='word_1_310' title='bbox 275 1333 409 1361; x_wconf 75' lang='grc' dir='ltr'>Κλαυδίου</span> <span class='ocrx_word' id='word_1_311' title='bbox 425 1333 560 1361; x_wconf 74' lang='grc' dir='ltr'>διέϐαινεν</span> <span class='ocrx_word' id='word_1_312' title='bbox 576 1332 655 1370; x_wconf 76' lang='grc' dir='ltr'>αἷμα.</span> <span class='ocrx_word' id='word_1_313' title='bbox 671 1335 764 1363; x_wconf 86' lang='grc' dir='ltr'>Ταῦτα</span> <span class='ocrx_word' id='word_1_314' title='bbox 782 1337 830 1363; x_wconf 77' lang='grc' dir='ltr'>καὶ.</span> 
     </span>
    </p>
   </div>
   <div class='ocr_carea' id='block_1_47' title="bbox 31 1381 298 1418">
    <p class='ocr_par' dir='ltr' id='par_1_47' title="bbox 31 1381 298 1418">
     <span class='ocr_line' id='line_1_47' title="bbox 31 1381 298 1418; baseline -0.015 -8"><span class='ocrx_word' id='word_1_315' title='bbox 31 1385 45 1410; x_wconf 83' lang='grc' dir='ltr'><strong>ό</strong></span> <span class='ocrx_word' id='word_1_316' title='bbox 57 1385 80 1400; x_wconf 71' lang='grc' dir='ltr'>’θ</span> <span class='ocrx_word' id='word_1_317' title='bbox 94 1382 191 1418; x_wconf 80' lang='grc' dir='ltr'>τρίτος</span> <span class='ocrx_word' id='word_1_318' title='bbox 208 1381 298 1415; x_wconf 85' lang='grc' dir='ltr'>λόγος.</span> 
     </span>
    </p>
   </div>
   <div class='ocr_carea' id='block_1_48' title="bbox 368 1427 476 1460">
    <p class='ocr_par' dir='ltr' id='par_1_48' title="bbox 368 1427 476 1460">
     <span class='ocr_line' id='line_1_48' title="bbox 368 1427 476 1460; baseline 0.028 -7"><span class='ocrx_word' id='word_1_319' title='bbox 368 1446 380 1460; x_wconf 82' lang='grc'><em>,</em></span> <span class='ocrx_word' id='word_1_320' title='bbox 393 1427 476 1456; x_wconf 86' lang='grc' dir='ltr'><strong>ΡΘΕ’.</strong></span> 
     </span>
    </p>
   </div>
   <div class='ocr_carea' id='block_1_49' title="bbox 64 1474 765 1510">
    <p class='ocr_par' dir='ltr' id='par_1_49' title="bbox 64 1474 765 1510">
     <span class='ocr_line' id='line_1_49' title="bbox 64 1474 765 1510; baseline 0.001 -8"><span class='ocrx_word' id='word_1_321' title='bbox 64 1474 236 1502; x_wconf 77' lang='grc' dir='ltr'>Διονυσίου</span> <span class='ocrx_word' id='word_1_322' title='bbox 248 1474 359 1509; x_wconf 75' lang='grc' dir='ltr'>Αἰγέως</span> <span class='ocrx_word' id='word_1_323' title='bbox 374 1474 547 1503; x_wconf 80' lang='grc' dir='ltr'>Δικτυακῶν</span> <span class='ocrx_word' id='word_1_324' title='bbox 571 1474 720 1510; x_wconf 68' lang='grc' dir='ltr'>κεφάλαια</span> <span class='ocrx_word' id='word_1_325' title='bbox 726 1478 765 1510; x_wconf 65' lang='grc' dir='ltr'>μ.</span> 
     </span>
    </p>
   </div>
   <div class='ocr_carea' id='block_1_50' title="bbox 84 1520 832 1557">
    <p class='ocr_par' dir='ltr' id='par_1_50' title="bbox 84 1520 832 1557">
     <span class='ocr_line' id='line_1_50' title="bbox 84 1520 832 1557; baseline 0.003 -11"><span class='ocrx_word' id='word_1_326' title='bbox 84 1520 261 1554; x_wconf 79' lang='grc' dir='ltr'>’Δνεγνώσθη</span> <span class='ocrx_word' id='word_1_327' title='bbox 281 1521 289 1536; x_wconf 82' lang='grc'>¹</span> <span class='ocrx_word' id='word_1_328' title='bbox 336 1521 501 1556; x_wconf 72' lang='grc' dir='ltr'>βιϐλιδάριον</span> <span class='ocrx_word' id='word_1_329' title='bbox 535 1521 674 1548; x_wconf 85' lang='grc' dir='ltr'>Διονυσίου</span> <span class='ocrx_word' id='word_1_330' title='bbox 708 1522 832 1557; x_wconf 75' lang='grc' dir='ltr'>Αἰγέως,</span> 
     </span>
    </p>
   </div>
   <div class='ocr_carea' id='block_1_51' title="bbox 29 1564 830 1604">
    <p class='ocr_par' dir='ltr' id='par_1_51' title="bbox 29 1564 830 1604">
     <span class='ocr_line' id='line_1_51' title="bbox 29 1564 830 1604; baseline 0.001 -10"><span class='ocrx_word' id='word_1_331' title='bbox 29 1567 212 1594; x_wconf 79' lang='grc' dir='ltr'>Δικτυακῶν</span> <span class='ocrx_word' id='word_1_332' title='bbox 225 1567 383 1602; x_wconf 78' lang='grc' dir='ltr'>ἐπιγραφὴν</span> <span class='ocrx_word' id='word_1_333' title='bbox 397 1567 469 1602; x_wconf 79' lang='grc' dir='ltr'>ἕχον,</span> <span class='ocrx_word' id='word_1_334' title='bbox 487 1569 516 1594; x_wconf 81' lang='grc' dir='ltr'><strong>ὲν</strong></span> <span class='ocrx_word' id='word_1_335' title='bbox 534 1564 557 1602; x_wconf 81' lang='grc' dir='ltr'>ᾧ</span> <span class='ocrx_word' id='word_1_336' title='bbox 572 1568 708 1601; x_wconf 82' lang='grc' dir='ltr'>κεφάλαια</span> <span class='ocrx_word' id='word_1_337' title='bbox 725 1569 830 1604; x_wconf 86' lang='grc' dir='ltr'>περιεί-</span> 
     </span>
    </p>
   </div>
   <div class='ocr_carea' id='block_1_52' title="bbox 30 1613 830 1650">
    <p class='ocr_par' dir='ltr' id='par_1_52' title="bbox 30 1613 830 1650">
     <span class='ocr_line' id='line_1_52' title="bbox 30 1613 830 1650; baseline 0.004 -11"><span class='ocrx_word' id='word_1_338' title='bbox 30 1614 123 1648; x_wconf 77' lang='grc' dir='ltr'>ληπτο</span> <span class='ocrx_word' id='word_1_339' title='bbox 137 1614 185 1639; x_wconf 82' lang='grc' dir='ltr'>τὸν</span> <span class='ocrx_word' id='word_1_340' title='bbox 203 1613 322 1649; x_wconf 75' lang='grc' dir='ltr'>ἀριθμὸν</span> <span class='ocrx_word' id='word_1_341' title='bbox 346 1617 377 1649; x_wconf 93' lang='grc' dir='ltr'><strong>ρ’.</strong></span> <span class='ocrx_word' id='word_1_342' title='bbox 394 1614 509 1648; x_wconf 86' lang='grc' dir='ltr'>Πρῶτον</span> <span class='ocrx_word' id='word_1_343' title='bbox 527 1615 568 1641; x_wconf 82' lang='grc' dir='ltr'>ὅτι</span> <span class='ocrx_word' id='word_1_344' title='bbox 591 1615 620 1648; x_wconf 76' lang='grc' dir='ltr'><strong>ἐξ</strong></span> <span class='ocrx_word' id='word_1_345' title='bbox 634 1615 798 1650; x_wconf 78' lang='grc' dir='ltr'>ἀμφοτέρων</span> <span class='ocrx_word' id='word_1_346' title='bbox 813 1616 830 1650; x_wconf 82' lang='grc' dir='ltr'><strong>ἡ</strong></span> 
     </span>
    </p>
   </div>
   <div class='ocr_carea' id='block_1_53' title="bbox 30 1660 832 1697">
    <p class='ocr_par' dir='ltr' id='par_1_53' title="bbox 30 1660 832 1697">
     <span class='ocr_line' id='line_1_53' title="bbox 30 1660 832 1697; baseline 0.002 -11"><span class='ocrx_word' id='word_1_347' title='bbox 30 1661 80 1687; x_wconf 74' lang='grc' dir='ltr'><strong>τοῦ</strong></span> <span class='ocrx_word' id='word_1_348' title='bbox 100 1660 262 1695; x_wconf 82' lang='grc' dir='ltr'>σπέρματος</span> <span class='ocrx_word' id='word_1_349' title='bbox 278 1660 417 1696; x_wconf 74' lang='grc' dir='ltr'>καταϐολὴ</span> <span class='ocrx_word' id='word_1_350' title='bbox 430 1661 476 1687; x_wconf 69' lang='grc' dir='ltr'><strong>καὶ</strong></span> <span class='ocrx_word' id='word_1_351' title='bbox 491 1660 633 1695; x_wconf 78' lang='grc' dir='ltr'>ζωογονία,</span> <span class='ocrx_word' id='word_1_352' title='bbox 650 1661 776 1697; x_wconf 84' lang='grc' dir='ltr'>δεύτερον</span> <span class='ocrx_word' id='word_1_353' title='bbox 791 1663 832 1688; x_wconf 53' lang='grc' dir='ltr'>ὅτι</span> 
     </span>
    </p>
   </div>
   <div class='ocr_carea' id='block_1_54' title="bbox 32 1705 832 1742">
    <p class='ocr_par' dir='ltr' id='par_1_54' title="bbox 32 1705 832 1742">
     <span class='ocr_line' id='line_1_54' title="bbox 32 1705 832 1742; baseline 0 -10"><span class='ocrx_word' id='word_1_354' title='bbox 32 1707 85 1732; x_wconf 79' lang='grc' dir='ltr'>οὐκ</span> <span class='ocrx_word' id='word_1_355' title='bbox 99 1705 131 1738; x_wconf 79' lang='grc' dir='ltr'>ἐξ</span> <span class='ocrx_word' id='word_1_356' title='bbox 144 1705 323 1740; x_wconf 82' lang='grc' dir='ltr'>ἀμφοτέρων·</span> <span class='ocrx_word' id='word_1_357' title='bbox 338 1706 429 1741; x_wconf 86' lang='grc' dir='ltr'>τρίτον</span> <span class='ocrx_word' id='word_1_358' title='bbox 443 1707 484 1733; x_wconf 82' lang='grc' dir='ltr'>ὅτι</span> <span class='ocrx_word' id='word_1_359' title='bbox 499 1707 546 1741; x_wconf 77' lang='grc' dir='ltr'>ἀφ’</span> <span class='ocrx_word' id='word_1_360' title='bbox 561 1707 622 1733; x_wconf 84' lang='grc' dir='ltr'>ὅλου</span> <span class='ocrx_word' id='word_1_361' title='bbox 637 1707 683 1733; x_wconf 80' lang='grc' dir='ltr'>τοῦ</span> <span class='ocrx_word' id='word_1_362' title='bbox 707 1706 832 1742; x_wconf 85' lang='grc' dir='ltr'>σώματος</span> 
     </span>
    </p>
   </div>
   <div class='ocr_carea' id='block_1_55' title="bbox 32 1752 833 1788">
    <p class='ocr_par' dir='ltr' id='par_1_55' title="bbox 32 1752 833 1788">
     <span class='ocr_line' id='line_1_55' title="bbox 32 1752 833 1788; baseline 0 -9"><span class='ocrx_word' id='word_1_363' title='bbox 32 1754 49 1788; x_wconf 83' lang='grc' dir='ltr'><strong>ἡ</strong></span> <span class='ocrx_word' id='word_1_364' title='bbox 62 1753 114 1780; x_wconf 80' lang='grc' dir='ltr'><strong>τοῦ</strong></span> <span class='ocrx_word' id='word_1_365' title='bbox 133 1752 294 1787; x_wconf 84' lang='grc' dir='ltr'>σπέρματος</span> <span class='ocrx_word' id='word_1_366' title='bbox 307 1752 432 1788; x_wconf 79' lang='grc' dir='ltr'>ἔκκρισις</span> <span class='ocrx_word' id='word_1_367' title='bbox 445 1753 562 1786; x_wconf 81' lang='grc' dir='ltr'>γίνεται,</span> <span class='ocrx_word' id='word_1_368' title='bbox 582 1752 711 1787; x_wconf 85' lang='grc' dir='ltr'>τέταρτον</span> <span class='ocrx_word' id='word_1_369' title='bbox 727 1753 768 1779; x_wconf 82' lang='grc' dir='ltr'>ὅτι</span> <span class='ocrx_word' id='word_1_370' title='bbox 783 1753 833 1779; x_wconf 84' lang='grc' dir='ltr'>οὐκ</span> 
     </span>
    </p>
   </div>
   <div class='ocr_carea' id='block_1_56' title="bbox 31 1797 833 1833">
    <p class='ocr_par' dir='ltr' id='par_1_56' title="bbox 31 1797 833 1833">
     <span class='ocr_line' id='line_1_56' title="bbox 31 1797 833 1833; baseline -0.001 -8"><span class='ocrx_word' id='word_1_371' title='bbox 31 1799 80 1832; x_wconf 69' lang='grc' dir='ltr'>ἀφ’</span> <span class='ocrx_word' id='word_1_372' title='bbox 104 1798 182 1830; x_wconf 77' lang='grc' dir='ltr'>ὅλου,</span> <span class='ocrx_word' id='word_1_373' title='bbox 210 1797 269 1824; x_wconf 80' lang='grc' dir='ltr'>ἀλλ’</span> <span class='ocrx_word' id='word_1_374' title='bbox 293 1798 348 1824; x_wconf 83' lang='grc' dir='ltr'><strong>ἀπὸ</strong></span> <span class='ocrx_word' id='word_1_375' title='bbox 371 1797 426 1824; x_wconf 85' lang='grc' dir='ltr'><strong>τῶν</strong></span> <span class='ocrx_word' id='word_1_376' title='bbox 452 1798 581 1833; x_wconf 75' lang='grc' dir='ltr'><strong>διδύμων⁸</strong></span> <span class='ocrx_word' id='word_1_377' title='bbox 597 1797 617 1824; x_wconf 88' lang='grc' dir='ltr'><strong>ε’</strong></span> <span class='ocrx_word' id='word_1_378' title='bbox 644 1799 685 1824; x_wconf 79' lang='grc' dir='ltr'><strong>ὅτι</strong></span> <span class='ocrx_word' id='word_1_379' title='bbox 708 1799 725 1832; x_wconf 84' lang='grc' dir='ltr'>ὴ</span> <span class='ocrx_word' id='word_1_380' title='bbox 751 1798 833 1832; x_wconf 86' lang='grc' dir='ltr'>πέψις</span> 
     </span>
    </p>
   </div>
   <div class='ocr_carea' id='block_1_57' title="bbox 31 1843 835 1880">
    <p class='ocr_par' dir='ltr' id='par_1_57' title="bbox 31 1843 835 1880">
     <span class='ocr_line' id='line_1_57' title="bbox 31 1843 835 1880; baseline -0.001 -9"><span class='ocrx_word' id='word_1_381' title='bbox 31 1844 179 1880; x_wconf 79' lang='grc' dir='ltr'>θερμασίᾳ</span> <span class='ocrx_word' id='word_1_382' title='bbox 200 1843 317 1877; x_wconf 84' lang='grc' dir='ltr'>γίνεται,</span> <span class='ocrx_word' id='word_1_383' title='bbox 338 1847 365 1876; x_wconf 84' lang='grc' dir='ltr'>ς’</span> <span class='ocrx_word' id='word_1_384' title='bbox 386 1845 428 1870; x_wconf 80' lang='grc' dir='ltr'>ὅτι</span> <span class='ocrx_word' id='word_1_385' title='bbox 454 1845 556 1879; x_wconf 73' lang='grc' dir='ltr'>καὶ²ὴ</span> <span class='ocrx_word' id='word_1_386' title='bbox 581 1844 664 1878; x_wconf 80' lang='grc' dir='ltr'>πέψις</span> <span class='ocrx_word' id='word_1_387' title='bbox 684 1844 715 1870; x_wconf 87' lang='grc' dir='ltr'>οὑ</span> <span class='ocrx_word' id='word_1_388' title='bbox 730 1844 835 1878; x_wconf 86' lang='grc' dir='ltr'>γίνεται</span> 
     </span>
    </p>
   </div>
   <div class='ocr_carea' id='block_1_58' title="bbox 31 1889 835 1926">
    <p class='ocr_par' dir='ltr' id='par_1_58' title="bbox 31 1889 835 1926">
     <span class='ocr_line' id='line_1_58' title="bbox 31 1889 835 1926; baseline -0.001 -9"><span class='ocrx_word' id='word_1_389' title='bbox 31 1890 189 1926; x_wconf 73' lang='grc' dir='ltr'>θερμασίᾳ·</span> <span class='ocrx_word' id='word_1_390' title='bbox 202 1889 224 1921; x_wconf 77' lang='grc' dir='ltr'><strong>ζ’</strong></span> <span class='ocrx_word' id='word_1_391' title='bbox 238 1890 279 1916; x_wconf 82' lang='grc' dir='ltr'>ὅτι</span> <span class='ocrx_word' id='word_1_392' title='bbox 295 1890 386 1925; x_wconf 86' lang='grc' dir='ltr'>τρίψει</span> <span class='ocrx_word' id='word_1_393' title='bbox 399 1891 416 1926; x_wconf 84' lang='grc' dir='ltr'>ὴ</span> <span class='ocrx_word' id='word_1_394' title='bbox 432 1890 525 1924; x_wconf 85' lang='grc' dir='ltr'>πέψις,</span> <span class='ocrx_word' id='word_1_395' title='bbox 539 1889 564 1925; x_wconf 83' lang='grc' dir='ltr'>η’</span> <span class='ocrx_word' id='word_1_396' title='bbox 580 1891 627 1916; x_wconf 80' lang='grc' dir='ltr'>καὶ</span> <span class='ocrx_word' id='word_1_397' title='bbox 641 1891 682 1917; x_wconf 82' lang='grc' dir='ltr'>ὅτι</span> <span class='ocrx_word' id='word_1_398' title='bbox 699 1890 729 1916; x_wconf 77' lang='grc' dir='ltr'>οὐ</span> <span class='ocrx_word' id='word_1_399' title='bbox 743 1890 835 1925; x_wconf 83' lang='grc' dir='ltr'>τρίψει</span> 
     </span>
    </p>
   </div>
   <div class='ocr_carea' id='block_1_59' title="bbox 30 1934 836 1971">
    <p class='ocr_par' dir='ltr' id='par_1_59' title="bbox 30 1934 836 1971">
     <span class='ocr_line' id='line_1_59' title="bbox 30 1934 836 1971; baseline 0.001 -9"><span class='ocrx_word' id='word_1_400' title='bbox 30 1937 47 1971; x_wconf 76' lang='grc' dir='ltr'>ἡ</span> <span class='ocrx_word' id='word_1_401' title='bbox 62 1937 162 1971; x_wconf 77' lang='grc' dir='ltr'>πέψις·</span> <span class='ocrx_word' id='word_1_402' title='bbox 179 1934 201 1961; x_wconf 84' lang='lat'><strong>0&#39;</strong></span> <span class='ocrx_word' id='word_1_403' title='bbox 217 1935 258 1962; x_wconf 82' lang='grc' dir='ltr'>ὅτι</span> <span class='ocrx_word' id='word_1_404' title='bbox 273 1935 384 1970; x_wconf 78' lang='grc' dir='ltr'>ἰδιότητι</span> <span class='ocrx_word' id='word_1_405' title='bbox 395 1935 552 1970; x_wconf 76' lang='grc' dir='ltr'>πνεύματος</span> <span class='ocrx_word' id='word_1_406' title='bbox 567 1937 584 1971; x_wconf 83' lang='grc' dir='ltr'>ἡ</span> <span class='ocrx_word' id='word_1_407' title='bbox 599 1936 691 1971; x_wconf 87' lang='grc' dir='ltr'>πέψις,</span> <span class='ocrx_word' id='word_1_408' title='bbox 707 1939 721 1962; x_wconf 83' lang='grc' dir='ltr'>ι’</span> <span class='ocrx_word' id='word_1_409' title='bbox 737 1937 782 1962; x_wconf 79' lang='grc' dir='ltr'>καὶ</span> <span class='ocrx_word' id='word_1_410' title='bbox 795 1937 836 1963; x_wconf 84' lang='grc' dir='ltr'>ὅτι</span> 
     </span>
    </p>
   </div>
   <div class='ocr_carea' id='block_1_60' title="bbox 30 1981 837 2017">
    <p class='ocr_par' dir='ltr' id='par_1_60' title="bbox 30 1981 837 2017">
     <span class='ocr_line' id='line_1_60' title="bbox 30 1981 837 2017; baseline 0.001 -10"><span class='ocrx_word' id='word_1_411' title='bbox 30 1982 83 2008; x_wconf 65' lang='grc' dir='ltr'>οὐκ</span> <span class='ocrx_word' id='word_1_412' title='bbox 97 1981 217 2016; x_wconf 72' lang='grc' dir='ltr'>ἰδιότητι</span> <span class='ocrx_word' id='word_1_413' title='bbox 230 1982 389 2015; x_wconf 84' lang='grc' dir='ltr'>πνεύματος</span> <span class='ocrx_word' id='word_1_414' title='bbox 406 1983 422 2016; x_wconf 84' lang='grc' dir='ltr'><strong>ἡ</strong></span> <span class='ocrx_word' id='word_1_415' title='bbox 442 1982 536 2016; x_wconf 83' lang='grc' dir='ltr'>πέψις·</span> <span class='ocrx_word' id='word_1_416' title='bbox 555 1985 588 2008; x_wconf 84' lang='grc' dir='ltr'>ια’</span> <span class='ocrx_word' id='word_1_417' title='bbox 602 1982 644 2008; x_wconf 78' lang='grc' dir='ltr'>ὅτι</span> <span class='ocrx_word' id='word_1_418' title='bbox 658 1982 738 2016; x_wconf 82' lang='grc' dir='ltr'>σήψει</span> <span class='ocrx_word' id='word_1_419' title='bbox 752 1983 768 2017; x_wconf 82' lang='grc' dir='ltr'>ἡ</span> <span class='ocrx_word' id='word_1_420' title='bbox 788 1982 837 2008; x_wconf 84' lang='grc' dir='ltr'>πέ-</span> 
     </span>
    </p>
   </div>
   <div class='ocr_carea' id='block_1_61' title="bbox 30 2027 837 2064">
    <p class='ocr_par' dir='ltr' id='par_1_61' title="bbox 30 2027 837 2064">
     <span class='ocr_line' id='line_1_61' title="bbox 30 2027 837 2064; baseline 0 -9"><span class='ocrx_word' id='word_1_421' title='bbox 30 2029 92 2062; x_wconf 74' lang='grc' dir='ltr'>ψις,</span> <span class='ocrx_word' id='word_1_422' title='bbox 113 2027 150 2063; x_wconf 75' lang='grc' dir='ltr'><strong>ιβ’</strong></span> <span class='ocrx_word' id='word_1_423' title='bbox 166 2028 214 2055; x_wconf 76' lang='grc' dir='ltr'><strong>καὶ</strong></span> <span class='ocrx_word' id='word_1_424' title='bbox 231 2028 272 2054; x_wconf 80' lang='grc' dir='ltr'>ὅτι</span> <span class='ocrx_word' id='word_1_425' title='bbox 287 2029 318 2055; x_wconf 83' lang='grc' dir='ltr'>οὐ</span> <span class='ocrx_word' id='word_1_426' title='bbox 335 2028 415 2063; x_wconf 81' lang='grc' dir='ltr'>σήψει</span> <span class='ocrx_word' id='word_1_427' title='bbox 430 2029 446 2063; x_wconf 81' lang='grc' dir='ltr'>ἡ</span> <span class='ocrx_word' id='word_1_428' title='bbox 464 2029 560 2062; x_wconf 82' lang='grc' dir='ltr'>πέψις·</span> <span class='ocrx_word' id='word_1_429' title='bbox 578 2031 611 2062; x_wconf 82' lang='grc' dir='ltr'><strong>ιγ’</strong></span> <span class='ocrx_word' id='word_1_430' title='bbox 628 2029 670 2055; x_wconf 83' lang='grc' dir='ltr'><strong>ὅτι</strong></span> <span class='ocrx_word' id='word_1_431' title='bbox 685 2029 837 2064; x_wconf 82' lang='grc' dir='ltr'>θερμασίας</span> 
     </span>
    </p>
   </div>
   <div class='ocr_carea' id='block_1_62' title="bbox 32 2074 838 2110">
    <p class='ocr_par' dir='ltr' id='par_1_62' title="bbox 32 2074 838 2110">
     <span class='ocr_line' id='line_1_62' title="bbox 32 2074 838 2110; baseline 0 -9"><span class='ocrx_word' id='word_1_432' title='bbox 32 2076 154 2110; x_wconf 67' lang='grc' dir='ltr'>ἰδιότητι</span> <span class='ocrx_word' id='word_1_433' title='bbox 170 2075 188 2108; x_wconf 87' lang='grc' dir='ltr'>ἡ</span> <span class='ocrx_word' id='word_1_434' title='bbox 203 2074 296 2109; x_wconf 83' lang='grc' dir='ltr'>πέψις,</span> <span class='ocrx_word' id='word_1_435' title='bbox 312 2074 343 2101; x_wconf 81' lang='grc' dir='ltr'>ιδ’</span> <span class='ocrx_word' id='word_1_436' title='bbox 356 2075 405 2102; x_wconf 73' lang='grc' dir='ltr'>καὶ</span> <span class='ocrx_word' id='word_1_437' title='bbox 419 2075 461 2102; x_wconf 79' lang='grc' dir='ltr'>ὅτι</span> <span class='ocrx_word' id='word_1_438' title='bbox 476 2075 506 2101; x_wconf 88' lang='grc' dir='ltr'>οὺ</span> <span class='ocrx_word' id='word_1_439' title='bbox 520 2075 616 2110; x_wconf 86' lang='grc' dir='ltr'>χυμῶν</span> <span class='ocrx_word' id='word_1_440' title='bbox 633 2074 744 2110; x_wconf 76' lang='grc' dir='ltr'>ἰδιότητι</span> <span class='ocrx_word' id='word_1_441' title='bbox 760 2076 775 2109; x_wconf 86' lang='grc' dir='ltr'>ἡ</span> <span class='ocrx_word' id='word_1_442' title='bbox 790 2075 838 2101; x_wconf 84' lang='grc' dir='ltr'>πέ-</span> 
     </span>
    </p>
   </div>
   <div class='ocr_carea' id='block_1_63' title="bbox 30 2120 837 2156">
    <p class='ocr_par' dir='ltr' id='par_1_63' title="bbox 30 2120 837 2156">
     <span class='ocr_line' id='line_1_63' title="bbox 30 2120 837 2156; baseline -0.001 -8"><span class='ocrx_word' id='word_1_443' title='bbox 30 2122 90 2155; x_wconf 68' lang='grc' dir='ltr'>ψις·</span> <span class='ocrx_word' id='word_1_444' title='bbox 114 2123 146 2147; x_wconf 78' lang='grc' dir='ltr'>ιε’</span> <span class='ocrx_word' id='word_1_445' title='bbox 164 2120 206 2147; x_wconf 78' lang='grc' dir='ltr'>ὅτι</span> <span class='ocrx_word' id='word_1_446' title='bbox 226 2120 351 2154; x_wconf 78' lang='grc' dir='ltr'>διαφέρει</span> <span class='ocrx_word' id='word_1_447' title='bbox 364 2120 395 2146; x_wconf 84' lang='grc' dir='ltr'>τὸ</span> <span class='ocrx_word' id='word_1_448' title='bbox 411 2121 513 2156; x_wconf 81' lang='grc' dir='ltr'>θερμὸν</span> <span class='ocrx_word' id='word_1_449' title='bbox 534 2120 670 2156; x_wconf 81' lang='grc' dir='ltr'>ποιότητι,</span> <span class='ocrx_word' id='word_1_450' title='bbox 691 2123 729 2153; x_wconf 84' lang='grc' dir='ltr'>ις’</span> <span class='ocrx_word' id='word_1_451' title='bbox 743 2121 784 2147; x_wconf 78' lang='grc' dir='ltr'>ὅτι</span> <span class='ocrx_word' id='word_1_452' title='bbox 805 2121 837 2147; x_wconf 80' lang='grc' dir='ltr'>οὐ</span> 
     </span>
    </p>
   </div>
   <div class='ocr_carea' id='block_1_64' title="bbox 30 2165 838 2202">
    <p class='ocr_par' dir='ltr' id='par_1_64' title="bbox 30 2165 838 2202">
     <span class='ocr_line' id='line_1_64' title="bbox 30 2165 838 2202; baseline -0.001 -10"><span class='ocrx_word' id='word_1_453' title='bbox 30 2167 164 2201; x_wconf 71' lang='grc' dir='ltr'>διαφέρει</span> <span class='ocrx_word' id='word_1_454' title='bbox 187 2165 220 2192; x_wconf 87' lang='grc' dir='ltr'><strong>τὺ</strong></span> <span class='ocrx_word' id='word_1_455' title='bbox 242 2166 344 2200; x_wconf 76' lang='grc' dir='ltr'>θερμὸν</span> <span class='ocrx_word' id='word_1_456' title='bbox 368 2166 514 2200; x_wconf 85' lang='grc' dir='ltr'>ποιότητι·</span> <span class='ocrx_word' id='word_1_457' title='bbox 539 2167 571 2198; x_wconf 77' lang='grc' dir='ltr'>ιζ’</span> <span class='ocrx_word' id='word_1_458' title='bbox 591 2167 632 2193; x_wconf 74' lang='grc' dir='ltr'>δὴ</span> <span class='ocrx_word' id='word_1_459' title='bbox 659 2166 797 2202; x_wconf 79' lang='grc' dir='ltr'>θερμασίᾳ</span> <span class='ocrx_word' id='word_1_460' title='bbox 821 2167 838 2201; x_wconf 84' lang='grc' dir='ltr'>ὴ</span> 
     </span>
    </p>
   </div>
   <div class='ocr_carea' id='block_1_65' title="bbox 876 922 1668 959">
    <p class='ocr_par' dir='ltr' id='par_1_65' title="bbox 876 922 1668 959">
     <span class='ocr_line' id='line_1_65' title="bbox 876 922 1668 959; baseline -0.004 -8"><span class='ocrx_word' id='word_1_461' title='bbox 876 925 918 952; x_wconf 90' lang='lat' dir='ltr'><strong>cui</strong></span> <span class='ocrx_word' id='word_1_462' title='bbox 935 923 1031 959; x_wconf 68' lang='lat'><strong>129!)</strong></span> <span class='ocrx_word' id='word_1_463' title='bbox 1057 923 1133 952; x_wconf 85' lang='lat' dir='ltr'><strong>Gallo</strong></span> <span class='ocrx_word' id='word_1_464' title='bbox 1146 932 1255 957; x_wconf 89' lang='lat' dir='ltr'><strong>nomen,</strong></span> <span class='ocrx_word' id='word_1_465' title='bbox 1274 924 1362 959; x_wconf 85' lang='lat' dir='ltr'><strong>capite</strong></span> <span class='ocrx_word' id='word_1_466' title='bbox 1386 923 1517 950; x_wconf 88' lang='lat' dir='ltr'><strong>truncari.</strong></span> <span class='ocrx_word' id='word_1_467' title='bbox 1531 923 1597 950; x_wconf 86' lang='lat' dir='ltr'><strong>Cum</strong></span> <span class='ocrx_word' id='word_1_468' title='bbox 1613 922 1668 954; x_wconf 81' lang='lat' dir='ltr'><strong>his.</strong></span> 
     </span>
    </p>
   </div>
   <div class='ocr_carea' id='block_1_66' title="bbox 875 967 1669 1004">
    <p class='ocr_par' dir='ltr' id='par_1_66' title="bbox 875 967 1669 1004">
     <span class='ocr_line' id='line_1_66' title="bbox 875 967 1669 1004; baseline -0.004 -7"><span class='ocrx_word' id='word_1_469' title='bbox 875 976 904 998; x_wconf 92' lang='lat' dir='ltr'><strong>et</strong></span> <span class='ocrx_word' id='word_1_470' title='bbox 929 972 1024 998; x_wconf 82' lang='lat' dir='ltr'><strong>eadem</strong></span> <span class='ocrx_word' id='word_1_471' title='bbox 1040 971 1097 1004; x_wconf 89' lang='lat' dir='ltr'><strong>ipsa</strong></span> <span class='ocrx_word' id='word_1_472' title='bbox 1114 970 1180 997; x_wconf 88' lang='lat' dir='ltr'><strong>hora</strong></span> <span class='ocrx_word' id='word_1_473' title='bbox 1197 969 1370 997; x_wconf 84' lang='lat' dir='ltr'><strong>Tlteoctistos</strong></span> <span class='ocrx_word' id='word_1_474' title='bbox 1389 969 1446 1004; x_wconf 67' lang='lat'><strong>(15)</strong></span> <span class='ocrx_word' id='word_1_475' title='bbox 1464 969 1586 1004; x_wconf 81' lang='lat' dir='ltr'><strong>martyrii</strong></span> <span class='ocrx_word' id='word_1_476' title='bbox 1611 967 1669 1002; x_wconf 86' lang='lat' dir='ltr'><strong>pal-</strong></span> 
     </span>
    </p>
   </div>
   <div class='ocr_carea' id='block_1_67' title="bbox 877 1013 1668 1050">
    <p class='ocr_par' dir='ltr' id='par_1_67' title="bbox 877 1013 1668 1050">
     <span class='ocr_line' id='line_1_67' title="bbox 877 1013 1668 1050; baseline -0.005 -7"><span class='ocrx_word' id='word_1_477' title='bbox 877 1025 949 1043; x_wconf 85' lang='lat' dir='ltr'><strong>mam</strong></span> <span class='ocrx_word' id='word_1_478' title='bbox 964 1017 1078 1050; x_wconf 80' lang='lat' dir='ltr'><strong>accepit,</strong></span> <span class='ocrx_word' id='word_1_479' title='bbox 1104 1016 1213 1050; x_wconf 84' lang='lat' dir='ltr'><strong>pietatis</strong></span> <span class='ocrx_word' id='word_1_480' title='bbox 1228 1024 1283 1042; x_wconf 69' lang='lat' dir='ltr'><strong>sua:</strong></span> <span class='ocrx_word' id='word_1_481' title='bbox 1311 1016 1363 1043; x_wconf 81' lang='lat' dir='ltr'><strong>hoc</strong></span> <span class='ocrx_word' id='word_1_482' title='bbox 1391 1015 1450 1042; x_wconf 89' lang='lat' dir='ltr'><strong>solo</strong></span> <span class='ocrx_word' id='word_1_483' title='bbox 1469 1015 1532 1041; x_wconf 86' lang='lat' dir='ltr'><strong>dato</strong></span> <span class='ocrx_word' id='word_1_484' title='bbox 1558 1013 1668 1045; x_wconf 77' lang='lat' dir='ltr'><strong>indicio,</strong></span> 
     </span>
    </p>
   </div>
   <div class='ocr_carea' id='block_1_68' title="bbox 879 1059 1669 1097">
    <p class='ocr_par' dir='ltr' id='par_1_68' title="bbox 879 1059 1669 1097">
     <span class='ocr_line' id='line_1_68' title="bbox 879 1059 1669 1097; baseline -0.008 -8"><span class='ocrx_word' id='word_1_485' title='bbox 879 1063 949 1097; x_wconf 89' lang='lat' dir='ltr'><strong>quod</strong></span> <span class='ocrx_word' id='word_1_486' title='bbox 964 1067 1113 1097; x_wconf 83' lang='lat' dir='ltr'><strong>martyrem</strong></span> <span class='ocrx_word' id='word_1_487' title='bbox 1122 1061 1227 1088; x_wconf 88' lang='lat' dir='ltr'><strong>Christi</strong></span> <span class='ocrx_word' id='word_1_488' title='bbox 1242 1061 1396 1088; x_wconf 85' lang='lat' dir='ltr'><strong>salutasset.</strong></span> <span class='ocrx_word' id='word_1_489' title='bbox 1406 1060 1545 1094; x_wconf 76' lang='lat' dir='ltr'><strong>Reliquias</strong></span> <span class='ocrx_word' id='word_1_490' title='bbox 1555 1059 1669 1085; x_wconf 84' lang='lat' dir='ltr'><strong>istorum</strong></span> 
     </span>
    </p>
   </div>
   <div class='ocr_carea' id='block_1_69' title="bbox 878 1103 1668 1141">
    <p class='ocr_par' dir='ltr' id='par_1_69' title="bbox 878 1103 1668 1141">
     <span class='ocr_line' id='line_1_69' title="bbox 878 1103 1668 1141; baseline -0.008 -6"><span class='ocrx_word' id='word_1_491' title='bbox 878 1113 1035 1136; x_wconf 90' lang='lat' dir='ltr'><strong>sanctorum</strong></span> <span class='ocrx_word' id='word_1_492' title='bbox 1056 1112 1144 1134; x_wconf 74' lang='lat' dir='ltr'><strong>natme</strong></span> <span class='ocrx_word' id='word_1_493' title='bbox 1164 1106 1273 1141; x_wconf 91' lang='lat' dir='ltr'><strong>quidam</strong></span> <span class='ocrx_word' id='word_1_494' title='bbox 1298 1106 1382 1133; x_wconf 78' lang='lat' dir='ltr'><strong>Roma</strong></span> <span class='ocrx_word' id='word_1_495' title='bbox 1405 1113 1437 1133; x_wconf 91' lang='lat' dir='ltr'><strong>eo</strong></span> <span class='ocrx_word' id='word_1_496' title='bbox 1471 1112 1557 1139; x_wconf 90' lang='lat' dir='ltr'><strong>nuper</strong></span> <span class='ocrx_word' id='word_1_497' title='bbox 1575 1103 1668 1132; x_wconf 78' lang='lat' dir='ltr'><strong>delth</strong></span> 
     </span>
    </p>
   </div>
   <div class='ocr_carea' id='block_1_70' title="bbox 879 1149 1670 1189">
    <p class='ocr_par' dir='ltr' id='par_1_70' title="bbox 879 1149 1670 1189">
     <span class='ocr_line' id='line_1_70' title="bbox 879 1149 1670 1189; baseline -0.009 -8"><span class='ocrx_word' id='word_1_498' title='bbox 879 1153 977 1189; x_wconf 88' lang='lat' dir='ltr'><strong>quibus</strong></span> <span class='ocrx_word' id='word_1_499' title='bbox 987 1158 1014 1181; x_wconf 91' lang='lat' dir='ltr'><strong>et</strong></span> <span class='ocrx_word' id='word_1_500' title='bbox 1030 1152 1203 1180; x_wconf 79' lang='lat' dir='ltr'><strong>Theoctistus</strong></span> <span class='ocrx_word' id='word_1_501' title='bbox 1230 1156 1333 1187; x_wconf 83' lang='lat' dir='ltr'><strong>martyr</strong></span> <span class='ocrx_word' id='word_1_502' title='bbox 1347 1158 1413 1178; x_wconf 89' lang='lat' dir='ltr'><strong>ttsus</strong></span> <span class='ocrx_word' id='word_1_503' title='bbox 1437 1149 1526 1177; x_wconf 85' lang='lat' dir='ltr'><strong>fuerat</strong></span> <span class='ocrx_word' id='word_1_504' title='bbox 1554 1149 1670 1176; x_wconf 75' lang='lat' dir='ltr'><strong>familia-</strong></span> 
     </span>
    </p>
   </div>
   <div class='ocr_carea' id='block_1_71' title="bbox 879 1195 1672 1232">
    <p class='ocr_par' dir='ltr' id='par_1_71' title="bbox 879 1195 1672 1232">
     <span class='ocr_line' id='line_1_71' title="bbox 879 1195 1672 1232; baseline -0.008 -5"><span class='ocrx_word' id='word_1_505' title='bbox 879 1201 960 1232; x_wconf 87' lang='lat' dir='ltr'><strong>riter,</strong></span> <span class='ocrx_word' id='word_1_506' title='bbox 977 1199 1047 1227; x_wconf 87' lang='lat' dir='ltr'><strong>clam</strong></span> <span class='ocrx_word' id='word_1_507' title='bbox 1067 1198 1226 1226; x_wconf 84' lang='lat' dir='ltr'><strong>custodibus</strong></span> <span class='ocrx_word' id='word_1_508' title='bbox 1242 1197 1423 1229; x_wconf 86' lang='lat' dir='ltr'><strong>abstulerunt,</strong></span> <span class='ocrx_word' id='word_1_509' title='bbox 1441 1195 1610 1229; x_wconf 85' lang='lat' dir='ltr'><strong>Romamque</strong></span> <span class='ocrx_word' id='word_1_510' title='bbox 1624 1201 1672 1222; x_wconf 88' lang='lat' dir='ltr'><strong>ve-</strong></span> 
     </span>
    </p>
   </div>
   <div class='ocr_carea' id='block_1_72' title="bbox 879 1238 1669 1278">
    <p class='ocr_par' dir='ltr' id='par_1_72' title="bbox 879 1238 1669 1278">
     <span class='ocr_line' id='line_1_72' title="bbox 879 1238 1669 1278; baseline -0.009 -6"><span class='ocrx_word' id='word_1_511' title='bbox 879 1249 988 1276; x_wconf 83' lang='lat' dir='ltr'><strong>xerunt,</strong></span> <span class='ocrx_word' id='word_1_512' title='bbox 1024 1244 1069 1271; x_wconf 93' lang='lat' dir='ltr'><strong>ubi</strong></span> <span class='ocrx_word' id='word_1_513' title='bbox 1085 1249 1113 1270; x_wconf 93' lang='lat' dir='ltr'><strong>et</strong></span> <span class='ocrx_word' id='word_1_514' title='bbox 1141 1243 1284 1278; x_wconf 88' lang='lat' dir='ltr'><strong>pulchrum</strong></span> <span class='ocrx_word' id='word_1_515' title='bbox 1309 1242 1375 1276; x_wconf 87' lang='lat' dir='ltr'><strong>ipsis</strong></span> <span class='ocrx_word' id='word_1_516' title='bbox 1405 1240 1534 1275; x_wconf 88' lang='lat' dir='ltr'><strong>templum</strong></span> <span class='ocrx_word' id='word_1_517' title='bbox 1561 1238 1669 1266; x_wconf 81' lang='lat' dir='ltr'><strong>Claudii</strong></span> 
     </span>
    </p>
   </div>
   <div class='ocr_carea' id='block_1_73' title="bbox 881 1285 1672 1325">
    <p class='ocr_par' dir='ltr' id='par_1_73' title="bbox 881 1285 1672 1325">
     <span class='ocr_line' id='line_1_73' title="bbox 881 1285 1672 1325; baseline -0.01 -7"><span class='ocrx_word' id='word_1_518' title='bbox 881 1291 941 1318; x_wconf 86' lang='lat' dir='ltr'><strong>foro</strong></span> <span class='ocrx_word' id='word_1_519' title='bbox 962 1290 1119 1325; x_wconf 84' lang='lat' dir='ltr'><strong>proximum</strong></span> <span class='ocrx_word' id='word_1_520' title='bbox 1140 1289 1298 1321; x_wconf 77' lang='lat' dir='ltr'><strong>excitatum,</strong></span> <span class='ocrx_word' id='word_1_521' title='bbox 1324 1294 1406 1322; x_wconf 81' lang='lat' dir='ltr'><strong>opera</strong></span> <span class='ocrx_word' id='word_1_522' title='bbox 1424 1285 1527 1313; x_wconf 68' lang='lat' dir='ltr'><strong>Ruﬁna:</strong></span> <span class='ocrx_word' id='word_1_523' title='bbox 1546 1285 1596 1320; x_wconf 73' lang='lat' dir='ltr'><strong>pize</strong></span> <span class='ocrx_word' id='word_1_524' title='bbox 1616 1292 1672 1311; x_wconf 90' lang='lat' dir='ltr'><strong>ma-</strong></span> 
     </span>
    </p>
   </div>
   <div class='ocr_carea' id='block_1_74' title="bbox 884 1333 1673 1371">
    <p class='ocr_par' dir='ltr' id='par_1_74' title="bbox 884 1333 1673 1371">
     <span class='ocr_line' id='line_1_74' title="bbox 884 1333 1673 1371; baseline -0.008 -7"><span class='ocrx_word' id='word_1_525' title='bbox 884 1342 979 1368; x_wconf 68' lang='lat' dir='ltr'><strong>tronm,</strong></span> <span class='ocrx_word' id='word_1_526' title='bbox 999 1343 1058 1371; x_wconf 71' lang='lat' dir='ltr'><strong>quae</strong></span> <span class='ocrx_word' id='word_1_527' title='bbox 1073 1337 1183 1371; x_wconf 71' lang='lat' dir='ltr'><strong>generis</strong></span> <span class='ocrx_word' id='word_1_528' title='bbox 1201 1336 1312 1369; x_wconf 87' lang='lat' dir='ltr'><strong>stirpem</strong></span> <span class='ocrx_word' id='word_1_529' title='bbox 1330 1341 1345 1361; x_wconf 89' lang='lat' dir='ltr'><strong>a</strong></span> <span class='ocrx_word' id='word_1_530' title='bbox 1370 1333 1482 1360; x_wconf 87' lang='lat' dir='ltr'><strong>Claudio</strong></span> <span class='ocrx_word' id='word_1_531' title='bbox 1507 1333 1673 1368; x_wconf 81' lang='lat' dir='ltr'><strong>imperatore</strong></span> 
     </span>
    </p>
   </div>
   <div class='ocr_carea' id='block_1_75' title="bbox 883 1379 1481 1418">
    <p class='ocr_par' dir='ltr' id='par_1_75' title="bbox 883 1379 1481 1418">
     <span class='ocr_line' id='line_1_75' title="bbox 883 1379 1481 1418; baseline -0.008 -8"><span class='ocrx_word' id='word_1_532' title='bbox 883 1384 1032 1418; x_wconf 84' lang='lat' dir='ltr'><strong>repetebat.</strong></span> <span class='ocrx_word' id='word_1_533' title='bbox 1052 1382 1085 1409; x_wconf 84' lang='lat' dir='ltr'><strong>Et</strong></span> <span class='ocrx_word' id='word_1_534' title='bbox 1104 1382 1161 1409; x_wconf 72' lang='lat' dir='ltr'><strong>haec</strong></span> <span class='ocrx_word' id='word_1_535' title='bbox 1179 1381 1289 1415; x_wconf 88' lang='lat' dir='ltr'><strong>quidem</strong></span> <span class='ocrx_word' id='word_1_536' title='bbox 1309 1381 1379 1406; x_wconf 84' lang='lat' dir='ltr'><strong>libro</strong></span> <span class='ocrx_word' id='word_1_537' title='bbox 1391 1379 1481 1406; x_wconf 86' lang='lat' dir='ltr'><strong>tertio.</strong></span> 
     </span>
    </p>
   </div>
   <div class='ocr_carea' id='block_1_76' title="bbox 1199 1424 1354 1454">
    <p class='ocr_par' dir='ltr' id='par_1_76' title="bbox 1199 1424 1354 1454">
     <span class='ocr_line' id='line_1_76' title="bbox 1199 1424 1354 1454; baseline 0.006 -1"><span class='ocrx_word' id='word_1_538' title='bbox 1199 1424 1354 1454; x_wconf 75' lang='lat' dir='ltr'><strong>CLXXXV.</strong></span> 
     </span>
    </p>
   </div>
   <div class='ocr_carea' id='block_1_77' title="bbox 1096 1471 1461 1507">
    <p class='ocr_par' dir='ltr' id='par_1_77' title="bbox 1096 1471 1461 1507">
     <span class='ocr_line' id='line_1_77' title="bbox 1096 1471 1461 1507; baseline -0.005 -8"><span class='ocrx_word' id='word_1_539' title='bbox 1096 1473 1218 1507; x_wconf 76' lang='lat' dir='ltr'><strong>Dionysii</strong></span> <span class='ocrx_word' id='word_1_540' title='bbox 1227 1471 1306 1507; x_wconf 59' lang='lat' dir='ltr'><strong>(Egei</strong></span> <span class='ocrx_word' id='word_1_541' title='bbox 1323 1471 1461 1506; x_wconf 67' lang='lat' dir='ltr'><strong>Dictynna.</strong></span> 
     </span>
    </p>
   </div>
   <div class='ocr_carea' id='block_1_78' title="bbox 919 1515 1675 1555">
    <p class='ocr_par' dir='ltr' id='par_1_78' title="bbox 919 1515 1675 1555">
     <span class='ocr_line' id='line_1_78' title="bbox 919 1515 1675 1555; baseline -0.005 -9"><span class='ocrx_word' id='word_1_542' title='bbox 919 1519 984 1555; x_wconf 78' lang='lat' dir='ltr'><strong>Legi</strong></span> <span class='ocrx_word' id='word_1_543' title='bbox 999 1518 1097 1546; x_wconf 88' lang='lat' dir='ltr'><strong>belluut</strong></span> <span class='ocrx_word' id='word_1_544' title='bbox 1117 1518 1236 1553; x_wconf 80' lang='lat' dir='ltr'><strong>Dionysii</strong></span> <span class='ocrx_word' id='word_1_545' title='bbox 1257 1517 1347 1551; x_wconf 65' lang='lat' dir='ltr'><strong>Egei,</strong></span> <span class='ocrx_word' id='word_1_546' title='bbox 1384 1517 1426 1544; x_wconf 88' lang='lat' dir='ltr'><strong>cui</strong></span> <span class='ocrx_word' id='word_1_547' title='bbox 1449 1516 1575 1551; x_wconf 75' lang='lat' dir='ltr'><strong>Diclyaca</strong></span> <span class='ocrx_word' id='word_1_548' title='bbox 1602 1515 1675 1543; x_wconf 90' lang='lat' dir='ltr'><strong>titu—</strong></span> 
     </span>
    </p>
   </div>
   <div class='ocr_carea' id='block_1_79' title="bbox 885 1561 1675 1599">
    <p class='ocr_par' dir='ltr' id='par_1_79' title="bbox 885 1561 1675 1599">
     <span class='ocr_line' id='line_1_79' title="bbox 885 1561 1675 1599; baseline -0.006 -6"><span class='ocrx_word' id='word_1_549' title='bbox 885 1565 926 1593; x_wconf 89' lang='lat' dir='ltr'><strong>lus</strong></span> <span class='ocrx_word' id='word_1_550' title='bbox 942 1570 994 1597; x_wconf 82' lang='lat' dir='ltr'><strong>est,</strong></span> <span class='ocrx_word' id='word_1_551' title='bbox 1008 1565 1095 1599; x_wconf 81' lang='lat' dir='ltr'><strong>capita</strong></span> <span class='ocrx_word' id='word_1_552' title='bbox 1110 1565 1165 1599; x_wconf 70' lang='grc' dir='ltr'><strong>(Μ)</strong></span> <span class='ocrx_word' id='word_1_553' title='bbox 1182 1569 1290 1591; x_wconf 80' lang='lat' dir='ltr'><strong>centum</strong></span> <span class='ocrx_word' id='word_1_554' title='bbox 1313 1563 1601 1597; x_wconf 82' lang='lat' dir='ltr'><strong>comprehendentem.</strong></span> <span class='ocrx_word' id='word_1_555' title='bbox 1614 1561 1675 1589; x_wconf 77' lang='lat' dir='ltr'><strong>Pri-</strong></span> 
     </span>
    </p>
   </div>
   <div class='ocr_carea' id='block_1_80' title="bbox 883 1609 1676 1646">
    <p class='ocr_par' dir='ltr' id='par_1_80' title="bbox 883 1609 1676 1646">
     <span class='ocr_line' id='line_1_80' title="bbox 883 1609 1676 1646; baseline -0.004 -7"><span class='ocrx_word' id='word_1_556' title='bbox 883 1620 957 1639; x_wconf 90' lang='lat' dir='ltr'><strong>mum</strong></span> <span class='ocrx_word' id='word_1_557' title='bbox 972 1615 1015 1639; x_wconf 86' lang='lat' dir='ltr'><strong>est</strong></span> <span class='ocrx_word' id='word_1_558' title='bbox 1034 1612 1070 1639; x_wconf 92' lang='lat' dir='ltr'><strong>ab</strong></span> <span class='ocrx_word' id='word_1_559' title='bbox 1085 1617 1201 1646; x_wconf 90' lang='lat' dir='ltr'><strong>utroque</strong></span> <span class='ocrx_word' id='word_1_560' title='bbox 1218 1615 1331 1645; x_wconf 88' lang='lat' dir='ltr'><strong>parente</strong></span> <span class='ocrx_word' id='word_1_561' title='bbox 1353 1616 1446 1637; x_wconf 87' lang='lat' dir='ltr'><strong>semen</strong></span> <span class='ocrx_word' id='word_1_562' title='bbox 1472 1609 1571 1641; x_wconf 90' lang='lat' dir='ltr'><strong>emitti,</strong></span> <span class='ocrx_word' id='word_1_563' title='bbox 1589 1609 1676 1644; x_wconf 77' lang='lat' dir='ltr'><strong>gigni-</strong></span> 
     </span>
    </p>
   </div>
   <div class='ocr_carea' id='block_1_81' title="bbox 882 1655 1674 1695">
    <p class='ocr_par' dir='ltr' id='par_1_81' title="bbox 882 1655 1674 1695">
     <span class='ocr_line' id='line_1_81' title="bbox 882 1655 1674 1695; baseline -0.006 -8"><span class='ocrx_word' id='word_1_564' title='bbox 882 1668 935 1695; x_wconf 88' lang='lat' dir='ltr'><strong>que</strong></span> <span class='ocrx_word' id='word_1_565' title='bbox 950 1659 1060 1686; x_wconf 84' lang='lat' dir='ltr'><strong>animal.</strong></span> <span class='ocrx_word' id='word_1_566' title='bbox 1074 1659 1102 1688; x_wconf 72' lang='grc'><strong>2.</strong></span> <span class='ocrx_word' id='word_1_567' title='bbox 1121 1658 1286 1690; x_wconf 86' lang='lat' dir='ltr'><strong>Secundum,</strong></span> <span class='ocrx_word' id='word_1_568' title='bbox 1310 1657 1336 1684; x_wconf 90' lang='lat' dir='ltr'><strong>id</strong></span> <span class='ocrx_word' id='word_1_569' title='bbox 1353 1664 1406 1683; x_wconf 93' lang='lat' dir='ltr'><strong>non</strong></span> <span class='ocrx_word' id='word_1_570' title='bbox 1426 1657 1459 1683; x_wconf 86' lang='lat' dir='ltr'><strong>ab</strong></span> <span class='ocrx_word' id='word_1_571' title='bbox 1475 1660 1590 1690; x_wconf 89' lang='lat' dir='ltr'><strong>utroque</strong></span> <span class='ocrx_word' id='word_1_572' title='bbox 1604 1655 1674 1682; x_wconf 87' lang='lat' dir='ltr'><strong>lieri.</strong></span> 
     </span>
    </p>
   </div>
   <div class='ocr_carea' id='block_1_82' title="bbox 883 1701 1677 1740">
    <p class='ocr_par' dir='ltr' id='par_1_82' title="bbox 883 1701 1677 1740">
     <span class='ocr_line' id='line_1_82' title="bbox 883 1701 1677 1740; baseline -0.008 -7"><span class='ocrx_word' id='word_1_573' title='bbox 883 1706 909 1733; x_wconf 77' lang='lat'><strong>5.</strong></span> <span class='ocrx_word' id='word_1_574' title='bbox 936 1706 956 1733; x_wconf 89' lang='lat' dir='ltr'><strong>E</strong></span> <span class='ocrx_word' id='word_1_575' title='bbox 985 1711 1041 1733; x_wconf 86' lang='lat' dir='ltr'><strong>toto</strong></span> <span class='ocrx_word' id='word_1_576' title='bbox 1065 1713 1179 1740; x_wconf 87' lang='lat' dir='ltr'><strong>corpore</strong></span> <span class='ocrx_word' id='word_1_577' title='bbox 1208 1704 1322 1732; x_wconf 88' lang='lat' dir='ltr'><strong>seminis</strong></span> <span class='ocrx_word' id='word_1_578' title='bbox 1351 1703 1408 1730; x_wconf 81' lang='lat' dir='ltr'><strong>fieri</strong></span> <span class='ocrx_word' id='word_1_579' title='bbox 1434 1702 1627 1729; x_wconf 82' lang='lat' dir='ltr'><strong>excretionem.</strong></span> <span class='ocrx_word' id='word_1_580' title='bbox 1650 1701 1677 1728; x_wconf 72' lang='grc'><strong>4·</strong></span> 
     </span>
    </p>
   </div>
   <div class='ocr_carea' id='block_1_83' title="bbox 884 1747 1676 1786">
    <p class='ocr_par' dir='ltr' id='par_1_83' title="bbox 884 1747 1676 1786">
     <span class='ocr_line' id='line_1_83' title="bbox 884 1747 1676 1786; baseline -0.009 -6"><span class='ocrx_word' id='word_1_581' title='bbox 884 1752 942 1780; x_wconf 80' lang='grc' dir='ltr'>’Νοιι</span> <span class='ocrx_word' id='word_1_582' title='bbox 960 1760 975 1780; x_wconf 92' lang='lat' dir='ltr'><strong>e</strong></span> <span class='ocrx_word' id='word_1_583' title='bbox 997 1756 1054 1779; x_wconf 92' lang='lat' dir='ltr'><strong>toto</strong></span> <span class='ocrx_word' id='word_1_584' title='bbox 1070 1759 1196 1786; x_wconf 73' lang='lat' dir='ltr'><strong>corpore,</strong></span> <span class='ocrx_word' id='word_1_585' title='bbox 1217 1750 1263 1777; x_wconf 87' lang='lat' dir='ltr'><strong>sed</strong></span> <span class='ocrx_word' id='word_1_586' title='bbox 1283 1756 1298 1777; x_wconf 92' lang='lat' dir='ltr'><strong>e</strong></span> <span class='ocrx_word' id='word_1_587' title='bbox 1321 1749 1447 1777; x_wconf 87' lang='lat' dir='ltr'><strong>testibus.</strong></span> <span class='ocrx_word' id='word_1_588' title='bbox 1469 1748 1495 1775; x_wconf 83' lang='grc'><strong>5.</strong></span> <span class='ocrx_word' id='word_1_589' title='bbox 1514 1747 1676 1774; x_wconf 85' lang='lat' dir='ltr'><strong>Concoctio-</strong></span> 
     </span>
    </p>
   </div>
   <div class='ocr_carea' id='block_1_84' title="bbox 886 1793 1677 1834">
    <p class='ocr_par' dir='ltr' id='par_1_84' title="bbox 886 1793 1677 1834">
     <span class='ocr_line' id='line_1_84' title="bbox 886 1793 1677 1834; baseline -0.009 -7"><span class='ocrx_word' id='word_1_590' title='bbox 886 1807 948 1827; x_wconf 83' lang='lat' dir='ltr'><strong>nent</strong></span> <span class='ocrx_word' id='word_1_591' title='bbox 970 1806 1018 1834; x_wconf 90' lang='lat' dir='ltr'><strong>per</strong></span> <span class='ocrx_word' id='word_1_592' title='bbox 1040 1798 1158 1826; x_wconf 83' lang='lat' dir='ltr'><strong>calorem</strong></span> <span class='ocrx_word' id='word_1_593' title='bbox 1185 1798 1256 1825; x_wconf 89' lang='lat' dir='ltr'><strong>lieri.</strong></span> <span class='ocrx_word' id='word_1_594' title='bbox 1273 1797 1299 1824; x_wconf 86' lang='lat'><strong>6.</strong></span> <span class='ocrx_word' id='word_1_595' title='bbox 1324 1795 1535 1823; x_wconf 87' lang='lat' dir='ltr'><strong>Concoctionem</strong></span> <span class='ocrx_word' id='word_1_596' title='bbox 1551 1801 1603 1821; x_wconf 91' lang='lat' dir='ltr'><strong>non</strong></span> <span class='ocrx_word' id='word_1_597' title='bbox 1619 1793 1677 1820; x_wconf 81' lang='lat' dir='ltr'><strong>fieri</strong></span> 
     </span>
    </p>
   </div>
   <div class='ocr_carea' id='block_1_85' title="bbox 886 1839 1679 1880">
    <p class='ocr_par' dir='ltr' id='par_1_85' title="bbox 886 1839 1679 1880">
     <span class='ocr_line' id='line_1_85' title="bbox 886 1839 1679 1880; baseline -0.009 -8"><span class='ocrx_word' id='word_1_598' title='bbox 886 1853 934 1880; x_wconf 90' lang='lat' dir='ltr'><strong>per</strong></span> <span class='ocrx_word' id='word_1_599' title='bbox 943 1845 1073 1872; x_wconf 83' lang='lat' dir='ltr'><strong>calorem.</strong></span> <span class='ocrx_word' id='word_1_600' title='bbox 1090 1845 1118 1871; x_wconf 87' lang='grc'><strong>7.</strong></span> <span class='ocrx_word' id='word_1_601' title='bbox 1135 1844 1185 1871; x_wconf 82' lang='lat' dir='ltr'><strong>Per</strong></span> <span class='ocrx_word' id='word_1_602' title='bbox 1199 1844 1320 1870; x_wconf 86' lang='lat' dir='ltr'><strong>attritum</strong></span> <span class='ocrx_word' id='word_1_603' title='bbox 1340 1843 1398 1870; x_wconf 88' lang='lat' dir='ltr'><strong>sive</strong></span> <span class='ocrx_word' id='word_1_604' title='bbox 1419 1841 1604 1868; x_wconf 82' lang='lat' dir='ltr'><strong>subactionem</strong></span> <span class='ocrx_word' id='word_1_605' title='bbox 1619 1839 1679 1875; x_wconf 86' lang='lat' dir='ltr'><strong>[ali-</strong></span> 
     </span>
    </p>
   </div>
   <div class='ocr_carea' id='block_1_86' title="bbox 887 1885 1680 1928">
    <p class='ocr_par' dir='ltr' id='par_1_86' title="bbox 887 1885 1680 1928">
     <span class='ocr_line' id='line_1_86' title="bbox 887 1885 1680 1928; baseline -0.011 -8"><span class='ocrx_word' id='word_1_606' title='bbox 887 1891 983 1928; x_wconf 89' lang='lat' dir='ltr'><strong>menti]</strong></span> <span class='ocrx_word' id='word_1_607' title='bbox 1002 1891 1204 1918; x_wconf 83' lang='lat' dir='ltr'><strong>concoctionetn</strong></span> <span class='ocrx_word' id='word_1_608' title='bbox 1221 1890 1289 1916; x_wconf 79' lang='lat' dir='ltr'><strong>fieri.</strong></span> <span class='ocrx_word' id='word_1_609' title='bbox 1307 1889 1334 1916; x_wconf 90' lang='lat'><strong>8.</strong></span> <span class='ocrx_word' id='word_1_610' title='bbox 1364 1888 1422 1915; x_wconf 82' lang='lat' dir='ltr'><strong>Non</strong></span> <span class='ocrx_word' id='word_1_611' title='bbox 1441 1887 1510 1914; x_wconf 84' lang='lat' dir='ltr'><strong>fieri.</strong></span> <span class='ocrx_word' id='word_1_612' title='bbox 1526 1887 1553 1914; x_wconf 86' lang='lat'><strong>9.</strong></span> <span class='ocrx_word' id='word_1_613' title='bbox 1567 1885 1680 1920; x_wconf 87' lang='lat' dir='ltr'><strong>Proprio</strong></span> 
     </span>
    </p>
   </div>
   <div class='ocr_carea' id='block_1_87' title="bbox 887 1932 1678 1973">
    <p class='ocr_par' dir='ltr' id='par_1_87' title="bbox 887 1932 1678 1973">
     <span class='ocr_line' id='line_1_87' title="bbox 887 1932 1678 1973; baseline -0.009 -8"><span class='ocrx_word' id='word_1_614' title='bbox 887 1938 999 1972; x_wconf 79' lang='lat' dir='ltr'><strong>spiritus</strong></span> <span class='ocrx_word' id='word_1_615' title='bbox 1023 1936 1138 1973; x_wconf 83' lang='lat' dir='ltr'><strong>[calore]</strong></span> <span class='ocrx_word' id='word_1_616' title='bbox 1155 1936 1298 1963; x_wconf 87' lang='lat' dir='ltr'><strong>concoctio</strong></span> <span class='ocrx_word' id='word_1_617' title='bbox 1333 1936 1373 1962; x_wconf 77' lang='lat' dir='ltr'><strong>fit.</strong></span> <span class='ocrx_word' id='word_1_618' title='bbox 1399 1934 1444 1961; x_wconf 87' lang='lat'><strong>10.</strong></span> <span class='ocrx_word' id='word_1_619' title='bbox 1468 1935 1498 1961; x_wconf 89' lang='lat' dir='ltr'><strong>ld</strong></span> <span class='ocrx_word' id='word_1_620' title='bbox 1527 1938 1615 1967; x_wconf 79' lang='lat' dir='ltr'><strong>negat.</strong></span> <span class='ocrx_word' id='word_1_621' title='bbox 1634 1932 1678 1959; x_wconf 80' lang='lat'><strong>11.</strong></span> 
     </span>
    </p>
   </div>
   <div class='ocr_carea' id='block_1_88' title="bbox 888 1974 1679 2014">
    <p class='ocr_par' dir='ltr' id='par_1_88' title="bbox 888 1974 1679 2014">
     <span class='ocr_line' id='line_1_88' title="bbox 888 1974 1679 2014; baseline -0.008 -3"><span class='ocrx_word' id='word_1_622' title='bbox 888 1983 1092 2011; x_wconf 81' lang='lat' dir='ltr'><strong>Putrefactione</strong></span> <span class='ocrx_word' id='word_1_623' title='bbox 1119 1983 1328 2010; x_wconf 85' lang='lat' dir='ltr'><strong>concoctionem</strong></span> <span class='ocrx_word' id='word_1_624' title='bbox 1358 1981 1429 2009; x_wconf 83' lang='lat' dir='ltr'><strong>ﬂeri.</strong></span> <span class='ocrx_word' id='word_1_625' title='bbox 1455 1979 1498 2007; x_wconf 76' lang='lat'><strong>12.</strong></span> <span class='ocrx_word' id='word_1_626' title='bbox 1515 1974 1600 2014; x_wconf 76' lang='lat' dir='ltr'><strong>Negat</strong></span> <span class='ocrx_word' id='word_1_627' title='bbox 1617 1979 1679 2005; x_wconf 86' lang='lat' dir='ltr'><strong>hoc.</strong></span> 
     </span>
    </p>
   </div>
   <div class='ocr_carea' id='block_1_89' title="bbox 888 2026 1680 2064">
    <p class='ocr_par' dir='ltr' id='par_1_89' title="bbox 888 2026 1680 2064">
     <span class='ocr_line' id='line_1_89' title="bbox 888 2026 1680 2064; baseline -0.009 -7"><span class='ocrx_word' id='word_1_628' title='bbox 888 2029 1056 2057; x_wconf 75' lang='lat' dir='ltr'><strong>15.(1aloris</strong></span> <span class='ocrx_word' id='word_1_629' title='bbox 1086 2029 1144 2064; x_wconf 68' lang='lat'><strong>(15)</strong></span> <span class='ocrx_word' id='word_1_630' title='bbox 1177 2028 1344 2064; x_wconf 77' lang='lat' dir='ltr'><strong>proprietate</strong></span> <span class='ocrx_word' id='word_1_631' title='bbox 1371 2026 1576 2054; x_wconf 87' lang='lat' dir='ltr'><strong>concoctionem</strong></span> <span class='ocrx_word' id='word_1_632' title='bbox 1608 2031 1680 2051; x_wconf 87' lang='lat' dir='ltr'><strong>esse.</strong></span> 
     </span>
    </p>
   </div>
   <div class='ocr_carea' id='block_1_90' title="bbox 888 2068 1679 2107">
    <p class='ocr_par' dir='ltr' id='par_1_90' title="bbox 888 2068 1679 2107">
     <span class='ocr_line' id='line_1_90' title="bbox 888 2068 1679 2107; baseline -0.009 -6"><span class='ocrx_word' id='word_1_633' title='bbox 888 2075 933 2101; x_wconf 74' lang='lat'><strong>11.</strong></span> <span class='ocrx_word' id='word_1_634' title='bbox 950 2073 1008 2101; x_wconf 86' lang='lat' dir='ltr'><strong>Non</strong></span> <span class='ocrx_word' id='word_1_635' title='bbox 1028 2077 1178 2101; x_wconf 87' lang='lat' dir='ltr'><strong>succorum‘</strong></span> <span class='ocrx_word' id='word_1_636' title='bbox 1190 2073 1358 2107; x_wconf 84' lang='lat' dir='ltr'><strong>proprietate</strong></span> <span class='ocrx_word' id='word_1_637' title='bbox 1371 2071 1577 2099; x_wconf 79' lang='lat' dir='ltr'><strong>concoctionem</strong></span> <span class='ocrx_word' id='word_1_638' title='bbox 1610 2068 1679 2095; x_wconf 83' lang='lat' dir='ltr'><strong>ﬁeri.</strong></span> 
     </span>
    </p>
   </div>
   <div class='ocr_carea' id='block_1_91' title="bbox 889 2115 1680 2158">
    <p class='ocr_par' dir='ltr' id='par_1_91' title="bbox 889 2115 1680 2158">
     <span class='ocr_line' id='line_1_91' title="bbox 889 2115 1680 2158; baseline -0.009 -9"><span class='ocrx_word' id='word_1_639' title='bbox 889 2122 934 2149; x_wconf 79' lang='grc'><strong>15.</strong></span> <span class='ocrx_word' id='word_1_640' title='bbox 945 2121 1068 2158; x_wconf 84' lang='lat' dir='ltr'><strong>Calorem</strong></span> <span class='ocrx_word' id='word_1_641' title='bbox 1082 2120 1204 2147; x_wconf 88' lang='lat' dir='ltr'><strong>nativunt</strong></span> <span class='ocrx_word' id='word_1_642' title='bbox 1232 2119 1266 2146; x_wconf 93' lang='lat' dir='ltr'><strong>ad</strong></span> <span class='ocrx_word' id='word_1_643' title='bbox 1295 2118 1454 2154; x_wconf 90' lang='lat' dir='ltr'><strong>qualitatem</strong></span> <span class='ocrx_word' id='word_1_644' title='bbox 1468 2117 1616 2152; x_wconf 88' lang='lat' dir='ltr'><strong>pertinere.</strong></span> <span class='ocrx_word' id='word_1_645' title='bbox 1635 2115 1680 2142; x_wconf 84' lang='lat'><strong>16.</strong></span> 
     </span>
    </p>
   </div>
   <div class='ocr_carea' id='block_1_92' title="bbox 889 2162 1682 2199">
    <p class='ocr_par' dir='ltr' id='par_1_92' title="bbox 889 2162 1682 2199">
     <span class='ocr_line' id='line_1_92' title="bbox 889 2162 1682 2199; baseline -0.01 -4"><span class='ocrx_word' id='word_1_646' title='bbox 889 2168 1013 2196; x_wconf 85' lang='lat' dir='ltr'><strong>Calorem</strong></span> <span class='ocrx_word' id='word_1_647' title='bbox 1028 2168 1102 2195; x_wconf 88' lang='lat' dir='ltr'><strong>illum</strong></span> <span class='ocrx_word' id='word_1_648' title='bbox 1120 2167 1154 2194; x_wconf 89' lang='lat' dir='ltr'><strong>ad</strong></span> <span class='ocrx_word' id='word_1_649' title='bbox 1167 2167 1237 2193; x_wconf 88' lang='lat' dir='ltr'><strong>hanc</strong></span> <span class='ocrx_word' id='word_1_650' title='bbox 1268 2173 1320 2192; x_wconf 88' lang='lat' dir='ltr'><strong>oon</strong></span> <span class='ocrx_word' id='word_1_651' title='bbox 1349 2165 1497 2199; x_wconf 86' lang='lat' dir='ltr'><strong>pertinere.</strong></span> <span class='ocrx_word' id='word_1_652' title='bbox 1514 2162 1557 2189; x_wconf 86' lang='lat'><strong>17.</strong></span> <span class='ocrx_word' id='word_1_653' title='bbox 1574 2162 1626 2189; x_wconf 84' lang='lat' dir='ltr'><strong>Per</strong></span> <span class='ocrx_word' id='word_1_654' title='bbox 1638 2168 1682 2188; x_wconf 86' lang='lat' dir='ltr'><strong>ca-</strong></span> 
     </span>
    </p>
   </div>
   <div class='ocr_carea' id='block_1_93' title="bbox 31 2209 824 2252">
    <p class='ocr_par' dir='ltr' id='par_1_93' title="bbox 31 2212 822 2248">
     <span class='ocr_line' id='line_1_93' title="bbox 31 2212 822 2248; baseline 0.001 -10"><span class='ocrx_word' id='word_1_655' title='bbox 31 2213 179 2244; x_wconf 68' lang='grc' dir='ltr'>ἀνάδοσις,</span> <span class='ocrx_word' id='word_1_656' title='bbox 200 2215 236 2247; x_wconf 84' lang='grc' dir='ltr'>ιη’</span> <span class='ocrx_word' id='word_1_657' title='bbox 251 2213 299 2239; x_wconf 76' lang='grc' dir='ltr'>καὶ</span> <span class='ocrx_word' id='word_1_658' title='bbox 314 2213 355 2238; x_wconf 84' lang='grc' dir='ltr'>ὃτι</span> <span class='ocrx_word' id='word_1_659' title='bbox 369 2213 399 2239; x_wconf 82' lang='grc' dir='ltr'>οὐ</span> <span class='ocrx_word' id='word_1_660' title='bbox 415 2213 564 2248; x_wconf 68' lang='grc' dir='ltr'>θερμασίᾳ.-</span> <span class='ocrx_word' id='word_1_661' title='bbox 579 2212 611 2239; x_wconf 84' lang='grc' dir='ltr'>ιθ’</span> <span class='ocrx_word' id='word_1_662' title='bbox 624 2213 665 2240; x_wconf 83' lang='grc' dir='ltr'>ὅτι</span> <span class='ocrx_word' id='word_1_663' title='bbox 680 2213 697 2248; x_wconf 83' lang='grc' dir='ltr'>ἡ</span> <span class='ocrx_word' id='word_1_664' title='bbox 714 2213 822 2240; x_wconf 81' lang='grc' dir='ltr'>ἀνάδοσι</span> 
     </span>
    </p>
   </div>
   <div class='ocr_carea' id='block_1_94' title="bbox 881 2209 1680 2252">
    <p class='ocr_par' dir='ltr' id='par_1_94' title="bbox 892 2209 1680 2246">
     <span class='ocr_line' id='line_1_94' title="bbox 892 2209 1680 2246; baseline -0.011 -4"><span class='ocrx_word' id='word_1_665' title='bbox 892 2215 978 2242; x_wconf 84' lang='lat' dir='ltr'><strong>loretn</strong></span> <span class='ocrx_word' id='word_1_666' title='bbox 1002 2214 1059 2242; x_wconf 86' lang='lat' dir='ltr'><strong>fieri</strong></span> <span class='ocrx_word' id='word_1_667' title='bbox 1092 2213 1216 2241; x_wconf 87' lang='lat' dir='ltr'><strong>ciborum</strong></span> <span class='ocrx_word' id='word_1_668' title='bbox 1230 2211 1425 2246; x_wconf 77' lang='lat' dir='ltr'><strong>digestionem.</strong></span> <span class='ocrx_word' id='word_1_669' title='bbox 1440 2209 1484 2236; x_wconf 89' lang='lat'><strong>18.</strong></span> <span class='ocrx_word' id='word_1_670' title='bbox 1498 2209 1571 2236; x_wconf 88' lang='lat' dir='ltr'><strong>ldetn</strong></span> <span class='ocrx_word' id='word_1_671' title='bbox 1590 2212 1680 2242; x_wconf 78' lang='lat' dir='ltr'><strong>negat.</strong></span> 
     </span>
    </p>
   </div>
   <div class='ocr_carea' id='block_1_95' title="bbox 32 2253 824 2294">
    <p class='ocr_par' dir='ltr' id='par_1_95' title="bbox 32 2256 824 2294">
     <span class='ocr_line' id='line_1_95' title="bbox 32 2256 824 2294; baseline -0.001 -9"><span class='ocrx_word' id='word_1_672' title='bbox 32 2258 64 2285; x_wconf 79' lang='grc' dir='ltr'><strong>τὸ</strong></span> <span class='ocrx_word' id='word_1_673' title='bbox 78 2258 131 2294; x_wconf 75' lang='grc' dir='ltr'>τὴν</span> <span class='ocrx_word' id='word_1_674' title='bbox 150 2257 384 2293; x_wconf 49' lang='lat' dir='ltr'><strong>emptum/{218</strong></span> <span class='ocrx_word' id='word_1_675' title='bbox 400 2256 446 2293; x_wconf 81' lang='lat' dir='ltr'><strong>IL]</strong></span> <span class='ocrx_word' id='word_1_676' title='bbox 462 2258 505 2292; x_wconf 74' lang='grc' dir='ltr'><strong>ἐφ’</strong></span> <span class='ocrx_word' id='word_1_677' title='bbox 522 2257 621 2292; x_wconf 78' lang='grc' dir='ltr'>ἑαυτὴν</span> <span class='ocrx_word' id='word_1_678' title='bbox 638 2257 738 2289; x_wconf 72' lang='grc' dir='ltr'>ἕλκειν.</span> <span class='ocrx_word' id='word_1_679' title='bbox 756 2256 779 2284; x_wconf 87' lang='grc' dir='ltr'>κ’</span> <span class='ocrx_word' id='word_1_680' title='bbox 792 2266 824 2284; x_wconf 83' lang='grc' dir='ltr'><strong>κα</strong></span> 
     </span>
    </p>
   </div>
   <div class='ocr_carea' id='block_1_96' title="bbox 881 2253 1684 2294">
    <p class='ocr_par' dir='ltr' id='par_1_96' title="bbox 894 2253 1684 2294">
     <span class='ocr_line' id='line_1_96' title="bbox 894 2253 1684 2294; baseline -0.011 -7"><span class='ocrx_word' id='word_1_681' title='bbox 894 2260 938 2287; x_wconf 88' lang='grc'>19.</span> <span class='ocrx_word' id='word_1_682' title='bbox 953 2260 1136 2294; x_wconf 71' lang='lat' dir='ltr'><strong>Digestioucm</strong></span> <span class='ocrx_word' id='word_1_683' title='bbox 1156 2266 1189 2285; x_wconf 79' lang='lat' dir='ltr'><strong>ex</strong></span> <span class='ocrx_word' id='word_1_684' title='bbox 1209 2265 1241 2285; x_wconf 91' lang='lat' dir='ltr'><strong>eo</strong></span> <span class='ocrx_word' id='word_1_685' title='bbox 1258 2257 1316 2284; x_wconf 87' lang='lat' dir='ltr'><strong>ﬁeri</strong></span> <span class='ocrx_word' id='word_1_686' title='bbox 1333 2256 1401 2292; x_wconf 80' lang='lat'><strong>(16),</strong></span> <span class='ocrx_word' id='word_1_687' title='bbox 1421 2255 1494 2290; x_wconf 89' lang='lat' dir='ltr'><strong>quod</strong></span> <span class='ocrx_word' id='word_1_688' title='bbox 1511 2253 1585 2282; x_wconf 89' lang='lat' dir='ltr'><strong>calor</strong></span> <span class='ocrx_word' id='word_1_689' title='bbox 1599 2253 1632 2279; x_wconf 86' lang='lat' dir='ltr'><strong>ad</strong></span> <span class='ocrx_word' id='word_1_690' title='bbox 1654 2259 1684 2279; x_wconf 87' lang='lat' dir='ltr'><strong>se</strong></span> 
     </span>
    </p>
   </div>
   <div class='ocr_carea' id='block_1_97' title="bbox 34 2302 838 2339">
    <p class='ocr_par' dir='ltr' id='par_1_97' title="bbox 34 2302 838 2339">
     <span class='ocr_line' id='line_1_97' title="bbox 34 2302 838 2339; baseline 0 -9"><span class='ocrx_word' id='word_1_691' title='bbox 34 2304 78 2330; x_wconf 77' lang='grc' dir='ltr'>ὅτι</span> <span class='ocrx_word' id='word_1_692' title='bbox 97 2305 152 2330; x_wconf 77' lang='grc' dir='ltr'>οὐκ</span> <span class='ocrx_word' id='word_1_693' title='bbox 171 2303 320 2338; x_wconf 75' lang='grc' dir='ltr'>ἐφέλκεται</span> <span class='ocrx_word' id='word_1_694' title='bbox 340 2304 370 2330; x_wconf 86' lang='grc' dir='ltr'>τὸ</span> <span class='ocrx_word' id='word_1_695' title='bbox 393 2303 504 2338; x_wconf 85' lang='grc' dir='ltr'>θερμόν·</span> <span class='ocrx_word' id='word_1_696' title='bbox 524 2302 567 2330; x_wconf 86' lang='grc' dir='ltr'>κα’</span> <span class='ocrx_word' id='word_1_697' title='bbox 583 2303 625 2330; x_wconf 86' lang='grc' dir='ltr'>ὅτι</span> <span class='ocrx_word' id='word_1_698' title='bbox 644 2303 683 2338; x_wconf 86' lang='grc' dir='ltr'>τῷ</span> <span class='ocrx_word' id='word_1_699' title='bbox 703 2303 838 2339; x_wconf 81' lang='grc' dir='ltr'>πνεύματι</span> 
     </span>
    </p>
   </div>
   <div class='ocr_carea' id='block_1_98' title="bbox 31 2348 837 2385">
    <p class='ocr_par' dir='ltr' id='par_1_98' title="bbox 31 2348 837 2385">
     <span class='ocr_line' id='line_1_98' title="bbox 31 2348 837 2385; baseline -0.001 -9"><span class='ocrx_word' id='word_1_700' title='bbox 31 2351 48 2385; x_wconf 72' lang='grc' dir='ltr'>ἡ</span> <span class='ocrx_word' id='word_1_701' title='bbox 63 2350 214 2380; x_wconf 77' lang='grc' dir='ltr'>ἀνάδοσις,</span> <span class='ocrx_word' id='word_1_702' title='bbox 233 2349 276 2383; x_wconf 77' lang='grc' dir='ltr'><strong>κβ’</strong></span> <span class='ocrx_word' id='word_1_703' title='bbox 294 2349 342 2376; x_wconf 76' lang='grc' dir='ltr'>καὶ</span> <span class='ocrx_word' id='word_1_704' title='bbox 358 2349 399 2375; x_wconf 86' lang='grc' dir='ltr'>ὃτι</span> <span class='ocrx_word' id='word_1_705' title='bbox 414 2349 444 2375; x_wconf 90' lang='grc' dir='ltr'>οὺ</span> <span class='ocrx_word' id='word_1_706' title='bbox 459 2348 500 2384; x_wconf 80' lang='grc' dir='ltr'><strong>τῷ</strong></span> <span class='ocrx_word' id='word_1_707' title='bbox 518 2348 655 2384; x_wconf 84' lang='grc' dir='ltr'>πνεύματι</span> <span class='ocrx_word' id='word_1_708' title='bbox 670 2349 686 2383; x_wconf 84' lang='grc' dir='ltr'><strong>ἠ</strong></span> <span class='ocrx_word' id='word_1_709' title='bbox 702 2349 837 2380; x_wconf 87' lang='grc' dir='ltr'>ἀνάδοσις·</span> 
     </span>
    </p>
   </div>
   <div class='ocr_carea' id='block_1_99' title="bbox 31 2395 837 2431">
    <p class='ocr_par' dir='ltr' id='par_1_99' title="bbox 31 2395 837 2431">
     <span class='ocr_line' id='line_1_99' title="bbox 31 2395 837 2431; baseline -0.002 -8"><span class='ocrx_word' id='word_1_710' title='bbox 31 2401 76 2430; x_wconf 54' lang='grc' dir='ltr'>κγ</span> <span class='ocrx_word' id='word_1_711' title='bbox 87 2398 135 2423; x_wconf 69' lang='grc' dir='ltr'><strong>ὂτι</strong></span> <span class='ocrx_word' id='word_1_712' title='bbox 150 2397 187 2431; x_wconf 78' lang='grc' dir='ltr'><strong>τῇ</strong></span> <span class='ocrx_word' id='word_1_713' title='bbox 202 2395 259 2422; x_wconf 88' lang='grc' dir='ltr'><strong>τῶν</strong></span> <span class='ocrx_word' id='word_1_714' title='bbox 274 2396 417 2431; x_wconf 85' lang='grc' dir='ltr'>ἀρτηριῶν</span> <span class='ocrx_word' id='word_1_715' title='bbox 437 2395 590 2431; x_wconf 84' lang='grc' dir='ltr'>παραθέσει</span> <span class='ocrx_word' id='word_1_716' title='bbox 607 2396 624 2430; x_wconf 85' lang='grc' dir='ltr'><strong>ἡ</strong></span> <span class='ocrx_word' id='word_1_717' title='bbox 639 2395 775 2427; x_wconf 81' lang='grc' dir='ltr'>ἀνάδοσις,</span> <span class='ocrx_word' id='word_1_718' title='bbox 799 2395 837 2422; x_wconf 89' lang='grc' dir='ltr'>κδ’</span> 
     </span>
    </p>
   </div>
   <div class='ocr_carea' id='block_1_100' title="bbox 30 2441 836 2478">
    <p class='ocr_par' dir='ltr' id='par_1_100' title="bbox 30 2441 836 2478">
     <span class='ocr_line' id='line_1_100' title="bbox 30 2441 836 2478; baseline -0.002 -8"><span class='ocrx_word' id='word_1_719' title='bbox 30 2445 81 2470; x_wconf 70' lang='grc' dir='ltr'>καὶ</span> <span class='ocrx_word' id='word_1_720' title='bbox 95 2444 143 2470; x_wconf 78' lang='grc' dir='ltr'>ὅτι</span> <span class='ocrx_word' id='word_1_721' title='bbox 159 2443 192 2469; x_wconf 79' lang='grc' dir='ltr'>οὐ</span> <span class='ocrx_word' id='word_1_722' title='bbox 207 2444 241 2478; x_wconf 80' lang='grc' dir='ltr'>τῇ</span> <span class='ocrx_word' id='word_1_723' title='bbox 259 2442 314 2469; x_wconf 87' lang='grc' dir='ltr'><strong>τῶν</strong></span> <span class='ocrx_word' id='word_1_724' title='bbox 329 2442 469 2478; x_wconf 84' lang='grc' dir='ltr'>ἀρτηριῶν</span> <span class='ocrx_word' id='word_1_725' title='bbox 496 2442 647 2477; x_wconf 83' lang='grc' dir='ltr'>παραθέσει</span> <span class='ocrx_word' id='word_1_726' title='bbox 662 2443 679 2476; x_wconf 86' lang='grc' dir='ltr'><strong>ἡ</strong></span> <span class='ocrx_word' id='word_1_727' title='bbox 696 2441 836 2472; x_wconf 81' lang='grc' dir='ltr'>ἀνάδοσις·</span> 
     </span>
    </p>
   </div>
   <div class='ocr_carea' id='block_1_101' title="bbox 894 2299 1683 2335">
    <p class='ocr_par' dir='ltr' id='par_1_101' title="bbox 894 2299 1683 2335">
     <span class='ocr_line' id='line_1_101' title="bbox 894 2299 1683 2335; baseline -0.009 -3"><span class='ocrx_word' id='word_1_728' title='bbox 894 2306 994 2332; x_wconf 86' lang='lat' dir='ltr'><strong>trahat.</strong></span> <span class='ocrx_word' id='word_1_729' title='bbox 1013 2305 1060 2333; x_wconf 72' lang='lat'><strong>20.</strong></span> <span class='ocrx_word' id='word_1_730' title='bbox 1072 2304 1131 2331; x_wconf 87' lang='lat' dir='ltr'><strong>Non</strong></span> <span class='ocrx_word' id='word_1_731' title='bbox 1143 2304 1282 2331; x_wconf 85' lang='lat' dir='ltr'><strong>attrahere</strong></span> <span class='ocrx_word' id='word_1_732' title='bbox 1297 2303 1431 2330; x_wconf 84' lang='lat' dir='ltr'><strong>calorem.</strong></span> <span class='ocrx_word' id='word_1_733' title='bbox 1446 2301 1492 2328; x_wconf 74' lang='grc'>21.</span> <span class='ocrx_word' id='word_1_734' title='bbox 1509 2300 1610 2335; x_wconf 86' lang='lat' dir='ltr'><strong>Spiritu</strong></span> <span class='ocrx_word' id='word_1_735' title='bbox 1625 2299 1683 2326; x_wconf 88' lang='lat' dir='ltr'><strong>licri</strong></span> 
     </span>
    </p>
   </div>
   <div class='ocr_carea' id='block_1_102' title="bbox 892 2347 1684 2386">
    <p class='ocr_par' dir='ltr' id='par_1_102' title="bbox 892 2347 1684 2386">
     <span class='ocr_line' id='line_1_102' title="bbox 892 2347 1684 2386; baseline -0.011 -7"><span class='ocrx_word' id='word_1_736' title='bbox 892 2352 1085 2386; x_wconf 81' lang='lat' dir='ltr'><strong>digestionem.</strong></span> <span class='ocrx_word' id='word_1_737' title='bbox 1100 2350 1147 2377; x_wconf 72' lang='lat'><strong>22.</strong></span> <span class='ocrx_word' id='word_1_738' title='bbox 1171 2350 1244 2377; x_wconf 86' lang='lat' dir='ltr'><strong>ldcm</strong></span> <span class='ocrx_word' id='word_1_739' title='bbox 1276 2353 1366 2384; x_wconf 70' lang='lat' dir='ltr'><strong>negat.</strong></span> <span class='ocrx_word' id='word_1_740' title='bbox 1381 2348 1426 2375; x_wconf 75' lang='lat'><strong>‘25.</strong></span> <span class='ocrx_word' id='word_1_741' title='bbox 1441 2347 1609 2374; x_wconf 85' lang='lat' dir='ltr'><strong>Arteriarum</strong></span> <span class='ocrx_word' id='word_1_742' title='bbox 1637 2353 1684 2378; x_wconf 84' lang='lat' dir='ltr'><strong>ap-</strong></span> 
     </span>
    </p>
   </div>
   <div class='ocr_carea' id='block_1_103' title="bbox 891 2391 1685 2432">
    <p class='ocr_par' dir='ltr' id='par_1_103' title="bbox 891 2391 1685 2432">
     <span class='ocr_line' id='line_1_103' title="bbox 891 2391 1685 2432; baseline -0.008 -8"><span class='ocrx_word' id='word_1_743' title='bbox 891 2397 1037 2432; x_wconf 89' lang='lat' dir='ltr'><strong>plicatione</strong></span> <span class='ocrx_word' id='word_1_744' title='bbox 1053 2397 1232 2431; x_wconf 81' lang='lat' dir='ltr'><strong>digestionem</strong></span> <span class='ocrx_word' id='word_1_745' title='bbox 1250 2395 1319 2422; x_wconf 83' lang='lat' dir='ltr'><strong>ﬁeri.</strong></span> <span class='ocrx_word' id='word_1_746' title='bbox 1330 2395 1376 2422; x_wconf 67' lang='lat'><strong>24.</strong></span> <span class='ocrx_word' id='word_1_747' title='bbox 1396 2394 1424 2421; x_wconf 92' lang='lat' dir='ltr'><strong>ld</strong></span> <span class='ocrx_word' id='word_1_748' title='bbox 1444 2398 1533 2427; x_wconf 71' lang='lat' dir='ltr'><strong>negat.</strong></span> <span class='ocrx_word' id='word_1_749' title='bbox 1549 2392 1593 2419; x_wconf 69' lang='lat'><strong>25.</strong></span> <span class='ocrx_word' id='word_1_750' title='bbox 1609 2391 1685 2424; x_wconf 86' lang='lat' dir='ltr'><strong>Quod</strong></span> 
     </span>
    </p>
   </div>
   <div class='ocr_carea' id='block_1_104' title="bbox 893 2438 1683 2478">
    <p class='ocr_par' dir='ltr' id='par_1_104' title="bbox 893 2438 1683 2478">
     <span class='ocr_line' id='line_1_104' title="bbox 893 2438 1683 2478; baseline -0.008 -9"><span class='ocrx_word' id='word_1_751' title='bbox 893 2451 942 2478; x_wconf 84' lang='lat' dir='ltr'><strong>per</strong></span> <span class='ocrx_word' id='word_1_752' title='bbox 958 2443 1103 2476; x_wconf 86' lang='lat' dir='ltr'><strong>defectum,</strong></span> <span class='ocrx_word' id='word_1_753' title='bbox 1122 2443 1166 2477; x_wconf 92' lang='lat' dir='ltr'><strong>qui</strong></span> <span class='ocrx_word' id='word_1_754' title='bbox 1182 2450 1244 2469; x_wconf 86' lang='lat' dir='ltr'><strong>cum</strong></span> <span class='ocrx_word' id='word_1_755' title='bbox 1263 2441 1402 2469; x_wconf 79' lang='lat' dir='ltr'><strong>vacuitate</strong></span> <span class='ocrx_word' id='word_1_756' title='bbox 1418 2444 1469 2473; x_wconf 81' lang='lat' dir='ltr'><strong>est,</strong></span> <span class='ocrx_word' id='word_1_757' title='bbox 1483 2439 1597 2473; x_wconf 81' lang='lat' dir='ltr'><strong>digestio</strong></span> <span class='ocrx_word' id='word_1_758' title='bbox 1626 2438 1683 2470; x_wconf 81' lang='lat' dir='ltr'><strong>fiat.</strong></span> 
     </span>
    </p>
   </div>
   <div class='ocr_carea' id='block_1_105' title="bbox 709 2498 1053 2527">
    <p class='ocr_par' dir='ltr' id='par_1_105' title="bbox 709 2498 1053 2527">
     <span class='ocr_line' id='line_1_105' title="bbox 709 2498 1053 2527; baseline 0.003 -2"><span class='ocrx_word' id='word_1_759' title='bbox 709 2498 830 2526; x_wconf 70' lang='grc' dir='ltr'>νΑιιιιΕ</span> <span class='ocrx_word' id='word_1_760' title='bbox 849 2499 1053 2527; x_wconf 74' lang='lat' dir='ltr'><strong>LECTIONES.</strong></span> 
     </span>
    </p>
   </div>
   <div class='ocr_carea' id='block_1_106' title="bbox 66 2542 1686 2582">
    <p class='ocr_par' dir='ltr' id='par_1_106' title="bbox 66 2542 1686 2582">
     <span class='ocr_line' id='line_1_106' title="bbox 66 2542 1686 2582; baseline -0.006 -5"><span class='ocrx_word' id='word_1_761' title='bbox 66 2550 95 2567; x_wconf 82' lang='lat'><strong>&quot;</strong></span> <span class='ocrx_word' id='word_1_762' title='bbox 113 2547 154 2578; x_wconf 73' lang='grc' dir='ltr'><strong>ὧν</strong></span> <span class='ocrx_word' id='word_1_763' title='bbox 172 2549 213 2576; x_wconf 77' lang='lat' dir='ltr'><strong>A:</strong></span> <span class='ocrx_word' id='word_1_764' title='bbox 231 2545 263 2576; x_wconf 66' lang='grc' dir='ltr'><strong>οἵ»</strong></span> <span class='ocrx_word' id='word_1_765' title='bbox 281 2557 311 2580; x_wconf 83' lang='grc' dir='ltr'>ς.</span> <span class='ocrx_word' id='word_1_766' title='bbox 349 2548 372 2565; x_wconf 81' lang='grc'><strong>⁵⁸</strong></span> <span class='ocrx_word' id='word_1_767' title='bbox 386 2546 428 2582; x_wconf 78' lang='grc' dir='ltr'>τε]</span> <span class='ocrx_word' id='word_1_768' title='bbox 452 2547 542 2574; x_wconf 87' lang='lat' dir='ltr'><strong>malim</strong></span> <span class='ocrx_word' id='word_1_769' title='bbox 560 2547 598 2575; x_wconf 87' lang='grc' dir='ltr'>δέ.</span> <span class='ocrx_word' id='word_1_770' title='bbox 637 2547 660 2564; x_wconf 75' lang='grc'><strong>⁸⁷</strong></span> <span class='ocrx_word' id='word_1_771' title='bbox 681 2547 758 2579; x_wconf 82' lang='grc' dir='ltr'>θεούς</span> <span class='ocrx_word' id='word_1_772' title='bbox 773 2548 795 2575; x_wconf 88' lang='grc' dir='ltr'><strong>Λ</strong></span> <span class='ocrx_word' id='word_1_773' title='bbox 811 2556 817 2562; x_wconf 92' lang='grc'><strong>·</strong></span> <span class='ocrx_word' id='word_1_774' title='bbox 833 2547 910 2580; x_wconf 79' lang='grc' dir='ltr'>θεοὺς</span> <span class='ocrx_word' id='word_1_775' title='bbox 927 2548 973 2575; x_wconf 70' lang='grc' dir='ltr'><strong>καί</strong></span> <span class='ocrx_word' id='word_1_776' title='bbox 993 2557 1023 2580; x_wconf 77' lang='grc' dir='ltr'><strong>ς,</strong></span> <span class='ocrx_word' id='word_1_777' title='bbox 1065 2548 1088 2564; x_wconf 72' lang='grc'><strong>³⁸</strong></span> <span class='ocrx_word' id='word_1_778' title='bbox 1104 2546 1212 2582; x_wconf 70' lang='grc' dir='ltr'>πασῶν]</span> <span class='ocrx_word' id='word_1_779' title='bbox 1224 2546 1351 2573; x_wconf 80' lang='grc' dir='ltr'>ἁπάντων</span> <span class='ocrx_word' id='word_1_780' title='bbox 1435 2545 1457 2560; x_wconf 71' lang='lat'><strong>9&#39;</strong></span> <span class='ocrx_word' id='word_1_781' title='bbox 1476 2543 1567 2582; x_wconf 72' lang='lat' dir='ltr'><strong>b_ad_d.</strong></span> <span class='ocrx_word' id='word_1_782' title='bbox 1607 2542 1686 2582; x_wconf 42' lang='lat' dir='ltr'><strong>&quot;Av:</strong></span> 
     </span>
    </p>
   </div>
   <div class='ocr_carea' id='block_1_107' title="bbox 32 2578 1686 2628">
    <p class='ocr_par' dir='ltr' id='par_1_107' title="bbox 32 2578 1686 2628">
     <span class='ocr_line' id='line_1_107' title="bbox 32 2578 1686 2628; baseline -0.006 -15"><span class='ocrx_word' id='word_1_783' title='bbox 32 2586 168 2628; x_wconf 67' lang='grc' dir='ltr'>ετνώσθη</span> <span class='ocrx_word' id='word_1_784' title='bbox 184 2600 221 2605; x_wconf 92' lang='grc'><strong><em>-</em></strong></span> <span class='ocrx_word' id='word_1_785' title='bbox 240 2578 326 2615; x_wconf 68' lang='lat' dir='ltr'><strong>156b,</strong></span> <span class='ocrx_word' id='word_1_786' title='bbox 349 2583 394 2610; x_wconf 78' lang='lat'><strong>25.</strong></span> <span class='ocrx_word' id='word_1_787' title='bbox 420 2578 565 2610; x_wconf 76' lang='grc' dir='ltr'>ἀνεύθυνον</span> <span class='ocrx_word' id='word_1_788' title='bbox 581 2591 636 2611; x_wconf 93' lang='lat' dir='ltr'><strong>om.</strong></span> <span class='ocrx_word' id='word_1_789' title='bbox 659 2583 692 2610; x_wconf 88' lang='lat' dir='ltr'><strong>A.</strong></span> <span class='ocrx_word' id='word_1_790' title='bbox 705 2584 803 2618; x_wconf 84' lang='lat' dir='ltr'><strong>quippe</strong></span> <span class='ocrx_word' id='word_1_791' title='bbox 836 2578 1084 2618; x_wconf 43' lang='lat' dir='ltr'><strong>quae-infra—(cod.</strong></span> <span class='ocrx_word' id='word_1_792' title='bbox 1101 2583 1164 2618; x_wconf 75' lang='grc'>211)</span> <span class='ocrx_word' id='word_1_793' title='bbox 1183 2578 1335 2609; x_wconf 73' lang='lat' dir='ltr'><strong>t‘ecnrraut.</strong></span> <span class='ocrx_word' id='word_1_794' title='bbox 1375 2580 1437 2606; x_wconf 80' lang='grc' dir='ltr'>’ὅτι</span> <span class='ocrx_word' id='word_1_795' title='bbox 1452 2578 1512 2615; x_wconf 80' lang='grc' dir='ltr'>καί]</span> <span class='ocrx_word' id='word_1_796' title='bbox 1537 2578 1620 2605; x_wconf 88' lang='lat' dir='ltr'><strong>immo</strong></span> <span class='ocrx_word' id='word_1_797' title='bbox 1639 2578 1686 2604; x_wconf 72' lang='grc' dir='ltr'>καὶ</span> 
     </span>
    </p>
   </div>
   <div class='ocr_carea' id='block_1_108' title="bbox 31 2631 90 2648">
    <p class='ocr_par' dir='ltr' id='par_1_108' title="bbox 31 2631 90 2648">
     <span class='ocr_line' id='line_1_108' title="bbox 31 2631 90 2648; baseline 0 0"><span class='ocrx_word' id='word_1_798' title='bbox 31 2631 90 2648; x_wconf 72' lang='grc' dir='ltr'><strong>ὁτι.</strong></span> 
     </span>
    </p>
   </div>
   <div class='ocr_carea' id='block_1_109' title="bbox 810 2663 927 2691">
    <p class='ocr_par' dir='ltr' id='par_1_109' title="bbox 810 2663 927 2691">
     <span class='ocr_line' id='line_1_109' title="bbox 810 2663 927 2691; baseline 0 -1"><span class='ocrx_word' id='word_1_799' title='bbox 810 2663 927 2691; x_wconf 73' lang='lat' dir='ltr'><strong>NOTAE.</strong></span> 
     </span>
    </p>
   </div>
   <div class='ocr_carea' id='block_1_110' title="bbox 69 2710 841 2750">
    <p class='ocr_par' dir='ltr' id='par_1_110' title="bbox 69 2710 841 2750">
     <span class='ocr_line' id='line_1_110' title="bbox 69 2710 841 2750; baseline -0.005 -9"><span class='ocrx_word' id='word_1_800' title='bbox 69 2714 131 2750; x_wconf 49' lang='lat'><strong>(41</strong></span> <span class='ocrx_word' id='word_1_801' title='bbox 152 2712 238 2746; x_wconf 86' lang='lat' dir='ltr'><strong>Cujus</strong></span> <span class='ocrx_word' id='word_1_802' title='bbox 255 2719 344 2746; x_wconf 85' lang='lat' dir='ltr'><strong>neque</strong></span> <span class='ocrx_word' id='word_1_803' title='bbox 362 2711 403 2750; x_wconf 45' lang='grc' dir='ltr'><strong>ίιι⁸</strong></span> <span class='ocrx_word' id='word_1_804' title='bbox 411 2711 502 2750; x_wconf 70' lang='grc' dir='ltr'><strong>ῐίριηἸ</strong></span> <span class='ocrx_word' id='word_1_805' title='bbox 518 2710 659 2750; x_wconf 55' lang='grc' dir='ltr'>Ματιρίιςοί.</span> <span class='ocrx_word' id='word_1_806' title='bbox 676 2714 723 2736; x_wconf 92' lang='lat' dir='ltr'><strong>aut</strong></span> <span class='ocrx_word' id='word_1_807' title='bbox 738 2710 841 2750; x_wconf 48' lang='lat' dir='ltr'><strong>_Gr:_1:co</strong></span> 
     </span>
    </p>
   </div>
   <div class='ocr_carea' id='block_1_111' title="bbox 31 2745 842 2783">
    <p class='ocr_par' dir='ltr' id='par_1_111' title="bbox 31 2745 842 2783">
     <span class='ocr_line' id='line_1_111' title="bbox 31 2745 842 2783; baseline -0.004 -7"><span class='ocrx_word' id='word_1_808' title='bbox 31 2745 176 2783; x_wconf 70' lang='lat' dir='ltr'><strong>Ménoiog.</strong></span> <span class='ocrx_word' id='word_1_809' title='bbox 192 2745 281 2780; x_wconf 74' lang='lat' dir='ltr'><strong>neque</strong></span> <span class='ocrx_word' id='word_1_810' title='bbox 297 2745 367 2781; x_wconf 86' lang='lat' dir='ltr'><strong>apud</strong></span> <span class='ocrx_word' id='word_1_811' title='bbox 388 2746 417 2773; x_wconf 90' lang='lat' dir='ltr'><strong>D.</strong></span> <span class='ocrx_word' id='word_1_812' title='bbox 436 2746 566 2783; x_wconf 62' lang='lat' dir='ltr'><strong>Naziana.</strong></span> <span class='ocrx_word' id='word_1_813' title='bbox 583 2746 638 2783; x_wconf 71' lang='lat' dir='ltr'><strong>ulla</strong></span> <span class='ocrx_word' id='word_1_814' title='bbox 660 2747 772 2774; x_wconf 88' lang='lat' dir='ltr'><strong>mentio.</strong></span> <span class='ocrx_word' id='word_1_815' title='bbox 788 2745 842 2773; x_wconf 83' lang='lat' dir='ltr'><strong>Eu-</strong></span> 
     </span>
    </p>
   </div>
   <div class='ocr_carea' id='block_1_112' title="bbox 31 2780 716 2814">
    <p class='ocr_par' dir='ltr' id='par_1_112' title="bbox 31 2780 716 2814">
     <span class='ocr_line' id='line_1_112' title="bbox 31 2780 716 2814; baseline -0.006 -4"><span class='ocrx_word' id='word_1_816' title='bbox 31 2780 257 2813; x_wconf 44' lang='lat' dir='ltr'><strong>dm-iam‘tamen</strong></span> <span class='ocrx_word' id='word_1_817' title='bbox 279 2780 388 2809; x_wconf 81' lang='lat' dir='ltr'><strong>secutus</strong></span> <span class='ocrx_word' id='word_1_818' title='bbox 399 2787 441 2808; x_wconf 80' lang='lat' dir='ltr'><strong>est</strong></span> <span class='ocrx_word' id='word_1_819' title='bbox 460 2782 529 2808; x_wconf 83' lang='lat' dir='ltr'><strong>Sim.</strong></span> <span class='ocrx_word' id='word_1_820' title='bbox 540 2780 716 2814; x_wconf 80' lang='lat' dir='ltr'><strong>Metaphrast.</strong></span> 
     </span>
    </p>
   </div>
   <div class='ocr_carea' id='block_1_113' title="bbox 70 2812 837 2854">
    <p class='ocr_par' dir='ltr' id='par_1_113' title="bbox 70 2812 837 2854">
     <span class='ocr_line' id='line_1_113' title="bbox 70 2812 837 2854; baseline -0.009 -8"><span class='ocrx_word' id='word_1_821' title='bbox 70 2819 134 2854; x_wconf 70' lang='grc'><strong>(44)</strong></span> <span class='ocrx_word' id='word_1_822' title='bbox 144 2817 244 2846; x_wconf 88' lang='lat' dir='ltr'><strong>Omnia</strong></span> <span class='ocrx_word' id='word_1_823' title='bbox 259 2818 316 2844; x_wconf 71' lang='lat' dir='ltr'><strong>hanc</strong></span> <span class='ocrx_word' id='word_1_824' title='bbox 327 2818 414 2852; x_wconf 84' lang='lat' dir='ltr'><strong>capita</strong></span> <span class='ocrx_word' id='word_1_825' title='bbox 430 2817 541 2854; x_wconf 78' lang='lat' dir='ltr'><strong>totidem</strong></span> <span class='ocrx_word' id='word_1_826' title='bbox 552 2812 620 2851; x_wconf 75' lang='lat' dir='ltr'><strong>pene</strong></span> <span class='ocrx_word' id='word_1_827' title='bbox 630 2815 731 2847; x_wconf 79' lang='lat' dir='ltr'><strong>verbis,</strong></span> <span class='ocrx_word' id='word_1_828' title='bbox 749 2812 837 2854; x_wconf 64' lang='lat' dir='ltr'><strong>addita</strong></span> 
     </span>
    </p>
   </div>
   <div class='ocr_carea' id='block_1_114' title="bbox 35 2847 836 2886">
    <p class='ocr_par' dir='ltr' id='par_1_114' title="bbox 35 2847 836 2886">
     <span class='ocr_line' id='line_1_114' title="bbox 35 2847 836 2886; baseline -0.011 -4"><span class='ocrx_word' id='word_1_829' title='bbox 35 2847 179 2882; x_wconf 65' lang='lat' dir='ltr'><strong>duntaxat</strong></span> <span class='ocrx_word' id='word_1_830' title='bbox 216 2859 332 2881; x_wconf 80' lang='lat' dir='ltr'><strong>censura</strong></span> <span class='ocrx_word' id='word_1_831' title='bbox 361 2847 559 2881; x_wconf 51' lang='lat' dir='ltr'><strong>&#39;brevissiutaf</strong></span> <span class='ocrx_word' id='word_1_832' title='bbox 583 2854 741 2886; x_wconf 86' lang='lat' dir='ltr'><strong>repetuntur</strong></span> <span class='ocrx_word' id='word_1_833' title='bbox 773 2847 836 2874; x_wconf 80' lang='lat' dir='ltr'><strong>iul‘r.</strong></span> 
     </span>
    </p>
   </div>
   <div class='ocr_carea' id='block_1_115' title="bbox 895 2710 1040 2738">
    <p class='ocr_par' dir='ltr' id='par_1_115' title="bbox 895 2710 1040 2738">
     <span class='ocr_line' id='line_1_115' title="bbox 895 2710 1040 2738; baseline 0.007 -1"><span class='ocrx_word' id='word_1_834' title='bbox 895 2710 956 2737; x_wconf 87' lang='lat' dir='ltr'><strong>cod.</strong></span> <span class='ocrx_word' id='word_1_835' title='bbox 977 2710 1040 2738; x_wconf 69' lang='grc' dir='ltr'><strong>ΞΗ.</strong></span> 
     </span>
    </p>
   </div>
   <div class='ocr_carea' id='block_1_116' title="bbox 923 2740 1685 2780">
    <p class='ocr_par' dir='ltr' id='par_1_116' title="bbox 923 2740 1685 2780">
     <span class='ocr_line' id='line_1_116' title="bbox 923 2740 1685 2780; baseline -0.005 -8"><span class='ocrx_word' id='word_1_836' title='bbox 923 2746 980 2780; x_wconf 74' lang='grc'><strong>(45)</strong></span> <span class='ocrx_word' id='word_1_837' title='bbox 998 2746 1064 2773; x_wconf 87' lang='lat' dir='ltr'><strong>Cod.</strong></span> <span class='ocrx_word' id='word_1_838' title='bbox 1080 2745 1144 2774; x_wconf 74' lang='grc'><strong>211⁸.</strong></span> <span class='ocrx_word' id='word_1_839' title='bbox 1156 2744 1205 2772; x_wconf 84' lang='lat' dir='ltr'><strong>inf.</strong></span> <span class='ocrx_word' id='word_1_840' title='bbox 1226 2745 1371 2779; x_wconf 83' lang='lat' dir='ltr'><strong>utriusque</strong></span> <span class='ocrx_word' id='word_1_841' title='bbox 1386 2743 1482 2770; x_wconf 87' lang='lat' dir='ltr'><strong>horum</strong></span> <span class='ocrx_word' id='word_1_842' title='bbox 1504 2741 1621 2776; x_wconf 88' lang='lat' dir='ltr'><strong>capituut</strong></span> <span class='ocrx_word' id='word_1_843' title='bbox 1634 2740 1685 2768; x_wconf 84' lang='lat' dir='ltr'><strong>ad-</strong></span> 
     </span>
    </p>
   </div>
   <div class='ocr_carea' id='block_1_117' title="bbox 897 2780 1307 2815">
    <p class='ocr_par' dir='ltr' id='par_1_117' title="bbox 897 2780 1307 2815">
     <span class='ocr_line' id='line_1_117' title="bbox 897 2780 1307 2815; baseline -0.005 -8"><span class='ocrx_word' id='word_1_844' title='bbox 897 2788 976 2808; x_wconf 83' lang='lat' dir='ltr'><strong>versa</strong></span> <span class='ocrx_word' id='word_1_845' title='bbox 997 2782 1145 2815; x_wconf 85' lang='lat' dir='ltr'><strong>disputatio</strong></span> <span class='ocrx_word' id='word_1_846' title='bbox 1162 2780 1307 2807; x_wconf 84' lang='lat' dir='ltr'><strong>indicatur.</strong></span> 
     </span>
    </p>
   </div>
   <div class='ocr_carea' id='block_1_118' title="bbox 930 2813 1528 2851">
    <p class='ocr_par' dir='ltr' id='par_1_118' title="bbox 930 2813 1528 2851">
     <span class='ocr_line' id='line_1_118' title="bbox 930 2813 1528 2851; baseline -0.008 -7"><span class='ocrx_word' id='word_1_847' title='bbox 930 2816 986 2851; x_wconf 85' lang='lat'><strong>(16)</strong></span> <span class='ocrx_word' id='word_1_848' title='bbox 1003 2813 1046 2843; x_wconf 45' lang='lat' dir='ltr'><strong>Ex&#39;</strong></span> <span class='ocrx_word' id='word_1_849' title='bbox 1060 2817 1116 2845; x_wconf 90' lang='lat' dir='ltr'><strong>cod.</strong></span> <span class='ocrx_word' id='word_1_850' title='bbox 1135 2816 1165 2843; x_wconf 67' lang='grc' dir='ltr'><strong>ει</strong></span> <span class='ocrx_word' id='word_1_851' title='bbox 1175 2816 1198 2849; x_wconf 87' lang='lat' dir='ltr'><strong>l,</strong></span> <span class='ocrx_word' id='word_1_852' title='bbox 1211 2816 1270 2851; x_wconf 73' lang='lat' dir='ltr'><strong>[ego</strong></span> <span class='ocrx_word' id='word_1_853' title='bbox 1285 2815 1327 2842; x_wconf 88' lang='lat' dir='ltr'><strong>hic</strong></span> <span class='ocrx_word' id='word_1_854' title='bbox 1342 2814 1414 2848; x_wconf 75' lang='grc' dir='ltr'><strong>τῷ...</strong></span> <span class='ocrx_word' id='word_1_855' title='bbox 1429 2813 1528 2840; x_wconf 73' lang='grc' dir='ltr'>ἕλκειν.</span> 
     </span>
    </p>
   </div>
  </div>
