1923 3091
262 149 315 183 543

810 151 925 182 PHOTI
929 151 942 181 Ι
957 145 1212 182 PATRIARCIIE
1225 153 1280 182 CP.

1841 147 1896 180 544

263 207 311 235 26.
322 206 380 235 Non
397 214 446 242 per
464 206 598 235 delectum
628 207 760 235 incertum
783 207 840 236 sive
859 215 1047 243 quemcunque

1103 211 1140 234 κε’
1155 208 1196 234 ὅτι
1214 209 1247 243 τῇ
1267 208 1338 234 κατὰ
1355 207 1386 233 τὺ
1412 205 1490 233 κενὸν
1514 204 1635 240 ἀπουσίᾳ
1651 205 1667 239 ἠ
1684 200 1824 236 ἆνάδοσις,
1847 207 1896 236 ις’

263 252 442 286 digestionem
466 253 534 280 ﬁeri.
562 252 608 281 27.
634 253 825 281 GlauCedinem
851 261 884 280 ex
913 260 946 281 eo
975 254 1053 287 oriri,

264 299 338 330 quod
356 302 460 324 meatus
480 297 592 324 visualis
607 297 734 324 alimento
747 297 921 326 destituatur.
937 297 983 325 28.
998 297 1052 324 Ne-

264 346 309 374 gat
323 341 359 368 id.
375 341 420 369 29.
439 342 490 370 Per
506 344 647 378 sanguinis
660 343 782 378 illapsum
797 344 826 371 in
836 344 968 372 visualem
982 352 1054 371 mea-

263 391 331 419 tum,
349 386 535 421 glaucedinem
552 388 620 415 ﬁeri.
646 388 691 415 30.
707 388 792 424 Negat
816 390 854 416 id.
867 389 911 416 51.
923 390 1053 417 Crassitie

263 432 407 460 humorum
432 438 515 468 atque
547 434 720 462 exhalatione
757 435 945 470 glaucedinem
980 436 1051 463 ﬁeri.

265 477 360 513 130a
380 479 424 506 5'2.
454 479 526 506 Idem
550 480 695 507 inticiatur.
721 480 767 508 ’55.
788 480 980 508 'Phrenitidem
1003 489 1052 516 per

262 523 396 557 meningis
409 523 614 557 distensiouem,
633 526 827 560 sanguinisque
850 526 1050 560 corruptionem

261 568 332 595 licri.
355 568 406 602 154.
436 568 620 597 Phrenitidem
650 571 687 598 ita
724 571 783 598 ﬁeri
810 577 933 606 negatur.
955 572 1000 599 55.
1031 573 1051 600 Ε

262 613 362 640 caloris
398 615 480 641 nimia
515 616 679 643 abundantia
708 617 890 651 phrenitidem
916 618 1050 646 accidere.

261 658 307 685 56.
321 659 396 691 Quod
414 660 538 694 sequitur
560 666 644 696 caput
662 661 731 689 idem
751 669 842 697 negat.
868 663 913 690 5⁵1.
940 663 1052 691 Contin-

264 711 329 737 gere
350 705 818 738 phrenitidemexindammatione.
844 709 890 735 58.
919 708 1049 743 Negatur.

261 749 307 776 59.
324 749 487 785 Lethargum
517 751 728 779 inﬂammatione
755 753 840 789 gigni.
851 754 897 781 40.
912 754 1050 782 Moxidem

265 801 357 830 negat.
376 797 421 824 -Η,
441 796 635 832 Lethargicum
657 800 781 826 morbum
806 800 973 828 distentione
992 801 1050 829 ﬁeri

260 847 288 868 et
300 844 484 877 corruptione.
500 843 546 870 42.
560 844 752 879 Lethargicum
773 853 825 873 non
840 846 876 874 ob
902 847 1052 875 multitudi-

262 894 334 919 nem,
347 888 393 915 sed
407 889 441 916 ob
464 890 623 924 qualitatem
638 898 744 923 eorum,
759 899 818 926 quae
838 893 999 921 exhalantur
1008 902 1051 922 ac-
1066 885 1088 911 Β

261 934 363 962 cidere.
380 935 426 962 43.
443 935 544 963 Edendi
558 937 723 972 bibendique
735 939 885 973 appetitunt
915 944 971 967 toto
990 947 1051 968 cor-

265 986 331 1014 pore
347 980 472 1009 ditl‘undi.
497 981 543 1009 44.
563 981 620 1009 Non
643 982 670 1009 in
689 987 744 1010 toto
764 991 877 1017 corpore
893 984 965 1013 hunc
991 994 1052 1014 esse

260 1024 420 1059 appetitum,
437 1025 485 1053 sed
510 1027 535 1054 in
554 1028 705 1056 stomacho.
724 1029 769 1056 45.
795 1029 902 1058 Edendi
925 1031 1050 1059 bibendi-

258 1078 312 1104 que
327 1071 476 1105 appetitqu
495 1071 522 1099 in
540 1073 734 1108 imaginatione
750 1083 821 1104 esse.
836 1076 884 1105 46.
907 1077 986 1105 Sitim
1004 1086 1052 1105 na-

259 1117 298 1143 sci
313 1124 347 1143 ex
360 1117 503 1144 humorum
517 1117 681 1154 indigentia.
694 1121 739 1148 47.
760 1121 819 1149 Non
838 1123 865 1149 in
879 1124 1049 1151 humidorum

260 1163 364 1190 defectu
377 1163 452 1191 sitim
469 1171 540 1192 esse.
556 1165 601 1192 48.
619 1166 756 1200 Duplicem
770 1169 915 1202 quamdam
949 1177 1010 1197 esse
1024 1170 1050 1197 in

259 1209 400 1236 stomacho
424 1210 621 1244 operationem.
639 1211 684 1240 49,
711 1213 769 1240 [Ioc
788 1219 878 1250 negat.
902 1214 948 1242 50.
968 1215 1051 1244 Exte—

260 1253 359 1280 riorem
386 1255 459 1282 illam
474 1257 579 1283 cerebri
605 1257 769 1292 pelliculam,
786 1267 850 1294 qum
866 1261 893 1288 in
909 1269 977 1288 cavo
997 1267 1050 1296 est,

259 1299 421 1334 principium
441 1308 502 1328 esse
526 1310 681 1331 nervorum.
713 1305 759 1333 5t.
782 1305 840 1335 Hoc
868 1307 940 1336 idem
964 1317 1050 1344 nega-

259 1351 312 1373 tur.
346 1347 390 1374 52.
419 1347 570 1376 Pharmaca
590 1357 651 1377 cum
676 1358 726 1384 per
756 1360 854 1387 corpus
875 1361 1049 1390 sparguntur,

256 1399 385 1425 purgare.
403 1392 448 1420 55.
461 1392 518 1420 Non
534 1401 595 1422 cum
626 1395 825 1431 diﬂ‘unduntur,
843 1400 891 1427 sed
918 1400 978 1435 ipso
1009 1402 1050 1429 al-

259 1435 334 1470 lapsu
350 1445 400 1464 suo
418 1446 535 1473 purgare
549 1442 660 1469 asserit.
687 1442 731 1470 54.
745 1442 904 1472 Pharmacis
917 1448 1048 1475 utendum

257 1488 319 1507 esse
331 1482 488 1517 purgativis.
513 1483 556 1511 55.
582 1485 684 1513 Deinde
712 1488 737 1515 id
761 1489 917 1526 uegat.}56.
945 1492 1048 1520 Venam

1105 255 1151 281 καὶ
1167 255 1208 281 ὁτι
1223 255 1253 280 οὺ
1263 255 1296 290 τῇ
1314 254 1385 280 κατὰ
1394 253 1425 279 τὸ
1438 251 1535 287 ἄδηλον
1551 251 1670 286 ἀπουσίᾳ
1679 250 1841 285 ὴὰνάδοσις·
1852 249 1897 281 κζ’

1104 300 1145 326 ὅτι
1159 300 1194 326 δι’
1205 300 1337 335 ἀτροφίαν
1351 299 1396 326 τοῦ
1412 298 1539 334 ὁρατικοῦ
1552 298 1637 332 πόρου
1650 298 1666 332 ἠ
1682 295 1898 330 ἀπογλαύκωσις

1103 346 1219 381 γίνεται,
1246 349 1288 381 κη’
1310 346 1358 373 καὶ
1378 345 1419 372 ὃτι
1446 344 1475 371 οὐ
1493 344 1527 371 δι’
1547 343 1678 378 ἀτροφίαν
1696 343 1743 370 τοῦ
1763 342 1897 378 ὁρατικοῦ

1104 393 1187 427 πόρου
1202 393 1219 428 ἡ
1231 391 1441 425 ἀπογλαύκωσις
1456 390 1571 424 γίνεταιι
1588 388 1630 415 κθ¹
1644 390 1685 415 ὄτι
1698 389 1769 416 κατά
1783 389 1898 424 παρέμ-

1103 447 1207 465 πτωσιν
1219 438 1336 472 αῐματος
1350 437 1391 468 εις
1412 436 1457 463 τὸν
1477 435 1604 471 ὁρατικὸν
1623 435 1708 470 πόρον
1722 435 1738 470 ἡ
1752 435 1897 468 ἀπογλαὺ-

1103 494 1188 518 κωσις
1206 486 1321 520 γίνεται,
1338 484 1360 510 λ’
1374 483 1422 511 καὶ
1437 484 1480 510 ὅτι
1495 484 1526 509 οὐ
1545 482 1616 509 κατὰ
1633 481 1835 517 παρέμπτωσιν
1849 481 1897 508 αῐ-

1104 541 1190 567 ματος
1200 533 1239 563 εἰς
1249 531 1293 557 τὸν
1303 531 1430 566 ὁρατικὸν
1440 529 1522 563 πόρον
1531 529 1547 564 ἡ
1556 528 1766 562 ἁπογλαὺκωσις
1773 528 1894 561 γίνεται·

1101 578 1142 605 λα’
1156 578 1197 605 ὃτι
1214 577 1274 604 καθ’
1292 577 1383 611 ὑγρῶν
1399 576 1487 611 πάχος
1505 577 1552 601 καὶ
1572 573 1702 608 διαπνοὴν
1717 574 1733 608 ἡ
1752 573 1897 606 ἀπογλαύ-

1101 633 1187 655 κωσις
1200 624 1313 658 γίνεται,
1329 622 1369 657 λβ¹
1385 622 1432 648 καὶ
1450 622 1491 647 ὅτι
1504 621 1533 647 οὑ
1556 620 1618 647 καθ’
1637 620 1729 655 ὑγρῶν
1742 620 1831 654 πάχος
1846 620 1896 645 καὶ

1101 670 1232 706 διαπνοὴν
1246 670 1263 704 ὴ
1286 668 1498 702 ἀπογλαύκωσις
1521 667 1635 701 γίνεται·
1653 666 1714 702 [421
1733 665 1831 702 1ί.]λγ¹
1851 668 1896 692 ὁτι

1101 718 1118 752 ἡ
1134 717 1254 752 φρενῖτις
1268 714 1339 741 κατά
1351 714 1492 740 διάστασιν
1506 713 1557 748 τῆς
1575 713 1706 748 μήνιγγος
1725 711 1773 739 καὶ
1787 711 1897 746 φθορὰν

1101 763 1147 790 τοῦ
1168 763 1282 796 αἵματος
1305 761 1427 795 γίνεται,
1443 760 1480 786 λδι
1498 759 1545 786 καὶ
1566 759 1609 786 ὅτι
1633 760 1662 785 οὐ
1685 758 1729 785 διὰ
1749 759 1854 793 ταύτην
1879 759 1897 792 ἡ

1102 810 1225 845 φρενῖτις
1241 808 1355 842 γίνεται·
1370 806 1406 833 λε’
1422 807 1462 833 ὅτι
1474 806 1545 832 κατὰ
1558 805 1710 840 θερμασίας
1723 805 1898 840 πλεονασμὸν

1103 855 1120 889 ἡ
1140 855 1260 889 φρενῖτις
1278 853 1433 888 συμϐαίνει,
1455 852 1498 884 λς’
1518 852 1565 878 καὶ
1581 851 1622 878 ὅτι
1643 851 1673 877 οὐ
1690 850 1733 877 διὰ
1747 851 1838 877 τοῦτο·
1854 851 1897 883 λζ’

1101 902 1141 928 ὃτι
1160 901 1203 927 διὰ
1220 899 1373 935 φλεγμονὴν
1389 900 1405 934 ὴ
1421 899 1541 933 φρενῖτις
1558 898 1713 932 συμϐαίνει,
1732 896 1774 932 λη’
1790 897 1838 923 καὶ
1851 899 1897 924 ὁτι

1101 947 1131 973 οὐ
1145 946 1190 973 διὰ
1204 945 1375 980 φλεγμονήν·
1392 944 1431 970 λθ¹
1446 945 1487 971 ὅτι
1501 945 1515 970 ὁ
1530 943 1668 979 λήθαργος
1683 943 1755 970 κατὰ
1769 943 1896 977 φλεγμο-

1101 992 1148 1028 νὴν
1161 992 1265 1025 γίνεται
1279 1012 1286 1024 ,
1305 994 1331 1025 μ’
1344 991 1390 1017 καὶ
1405 991 1445 1017 ὅτι
1461 991 1476 1017 ὁ
1489 990 1626 1024 λήθαργος
1644 990 1674 1015 οὺ
1695 989 1800 1023 γίνεται
1821 989 1897 1016 κατᾶ

1102 1039 1267 1075 φλεγμονὴν·
1284 1041 1328 1072 μα’
1339 1039 1380 1064 ὁτι
1393 1037 1463 1064 κατὰ
1473 1037 1614 1064 διάστασιν
1628 1037 1651 1062 οἱ
1665 1036 1830 1070 ληθαργικοὶ
1844 1036 1897 1062 καὶ

1102 1086 1214 1122 φθοράν·
1230 1085 1273 1120 μβ¹
1285 1085 1325 1111 ὅτι
1341 1083 1506 1119 ληθαργικὸς
1519 1083 1550 1109 οὑ
1564 1082 1640 1116 παρά
1650 1082 1680 1108 τὺ
1694 1081 1807 1115 πλῆθος,
1823 1081 1897 1108 ἀλλὰ

1100 1131 1150 1166 τὴν
1167 1130 1299 1165 ποιότητα
1314 1130 1368 1156 τῶν
1382 1128 1586 1163 διαπνεομένων
1609 1127 1764 1163 συμϐαίνει⁵
1787 1131 1834 1163 μγ⁹
1851 1129 1895 1154 ὅτι

1101 1178 1166 1212 περὶ
1186 1177 1247 1203 ὅλον
1267 1177 1298 1202 τὸ
1323 1177 1404 1211 σῶμα
1425 1176 1442 1210 ὴ
1463 1175 1552 1213 δρεξις
1569 1173 1616 1201 τοῦ
1639 1175 1736 1209 φαγεῖν
1754 1173 1802 1200 καὶ
1818 1175 1895 1200 πιεῖν

1102 1224 1231 1258 ὑπάρχει,
1244 1222 1286 1258 μδ¹
1298 1223 1346 1249 καὶ
1360 1223 1400 1249 ὅτι
1416 1222 1447 1248 οὐ
1459 1222 1523 1256 περὶ
1537 1220 1608 1253 ὅλον,
1619 1220 1686 1248 ἀλλὰ
1699 1221 1762 1255 περὶ
1773 1220 1820 1246 τὸν
1834 1220 1895 1246 στό-

1103 1277 1189 1304 μαχον
1201 1277 1208 1284 θ
1226 1267 1268 1304 με’
1286 1269 1327 1295 ὃτι
1339 1269 1356 1302 ἡ
1371 1268 1418 1295 τοῦ
1442 1269 1540 1302 φαγεῖν
1562 1268 1609 1294 καὶ
1629 1269 1701 1294 πιεῖν
1721 1266 1810 1302 ὅρεξις
1826 1267 1895 1301 περὶ

1100 1314 1219 1341 διάνοιάν
1229 1315 1298 1340 ἐστι·
1316 1317 1365 1349 μς¹
1378 1315 1418 1340 ὅτι
1436 1314 1498 1341 καθ’
1512 1313 1604 1348 ὑγρῶν
1621 1313 1725 1339 ἔνδειαν
1738 1312 1845 1346 γίνεται
1860 1312 1895 1338 τὸ

1101 1361 1186 1395 δίψος,
1208 1361 1251 1395 μζν
1265 1360 1311 1387 καὶ
1324 1360 1366 1386 ὅτι
1381 1360 1430 1395 οὐχ
1443 1360 1536 1395 ὑγρῶν
1552 1359 1670 1393 ἐλλείψει
1681 1359 1788 1392 γίνεται
1804 1357 1837 1384 τὸ
1853 1357 1895 1383 δί-

1100 1407 1160 1442 ψος·
1179 1407 1223 1440 μη¹
1237 1406 1279 1433 ὅτι
1295 1406 1360 1441 περὶ
1375 1405 1421 1432 τὸν
1441 1405 1576 1440 στόμαχόν
1589 1403 1646 1431 ἐστί
1662 1413 1704 1435 τις
1716 1403 1797 1438 διπλῆ
1812 1402 1893 1438 ὲνέρ-

1101 1460 1174 1486 γεια,
1194 1451 1236 1486 μθ¹
1252 1452 1299 1478 καὶ
1319 1451 1361 1477 ὃτι
1382 1451 1433 1477 οὐκ
1453 1450 1510 1476 ἔστι
1527 1449 1607 1485 διπλῆ
1628 1458 1670 1481 τις
1685 1449 1811 1484 ἐνέργεια
1825 1449 1893 1482 περὶ

1101 1499 1148 1526 τὸν
1163 1499 1308 1533 στόμαχον·
1323 1497 1344 1524 ν’
1358 1497 1403 1524 ὅτι
1418 1498 1435 1532 ὴ
1451 1497 1527 1528 ἐκτὸς
1543 1496 1644 1532 μῆνιγξ
1658 1497 1675 1532 ή
1692 1496 1720 1522 ὲν
1735 1495 1773 1530 τῷ
1794 1495 1894 1522 κοιλὼ-

258 1525 579 1560 (47)οεεθὶηοὶᾱειι‹ίιιιιι.
595 1531 641 1559 57.
657 1532 715 1560 Non
740 1541 800 1562 esse
819 1525 869 1564 ait.
888 1538 933 1565 58.
953 1538 1047 1566 Febri-

1103 1525 1317 1582 ματιάρχὴττῶν
1332 1525 1438 1580 νεύρων
1457 1525 1526 1570 se:th
1543 1525 1583 1570 ναἱ
1595 1544 1636 1570 ὅτι
1648 1525 1695 1577 οδχ
1707 1543 1724 1576 ἡ
1741 1542 1817 1573 ἐκτὸς
1835 1543 1874 1577 μῆ

256 1572 403 1601 vitantibus
425 1582 478 1602 non
501 1577 604 1611 utiliter
627 1579 728 1614 porrigi
751 1582 844 1610 vinum
866 1584 975 1612 asserit.
1001 1584 1045 1613 59.

255 1617 342 1646 Itectc
357 1619 391 1647 iis
411 1622 525 1654 praeberi
539 1624 641 1652 vinum.
670 1624 717 1654 60.
742 1627 973 1658 Febricitantibus
987 1639 1048 1659 esse

254 1665 382 1693 balneum
417 1668 608 1699 adhibendum.
634 1672 679 1700 61.
697 1673 771 1701 Idetn
793 1681 883 1710 negat.
897 1676 943 1704 62.
961 1677 1047 1714 Opor-

257 1715 315 1738 tere
337 1712 363 1739 in
386 1714 541 1742 morborum
574 1718 752 1748 incrementis
775 1721 892 1756 clystere
916 1725 966 1752 uti.
985 1712 1043 1753 >63.

253 1757 340 1792 Negat
373 1759 410 1786 id.
440 1760 486 1788 64.
516 1761 650 1791 Utendum
677 1773 739 1793 esse
773 1766 978 1798 inunctionibus
1015 1772 1041 1799 in

255 1803 408 1850 principiis.
425 1806 470 1834 65.
486 1807 556 1835 Idem
575 1815 666 1845 negat.
680 1810 725 1838 66.
743 1811 801 1840 Non
817 1821 877 1842 esse
903 1821 983 1850 caput
998 1825 1045 1844 ca-

257 1849 426 1883 taplasmatis
439 1854 600 1887 curandum,
618 1856 665 1882 sed
680 1856 823 1885 olfactoria
850 1849 982 1888 duntaitat
994 1863 1045 1889 ad.

255 1894 382 1922 hibenda.
397 1897 442 1924 67.
462 1897 595 1926 Utendum
612 1902 712 1928 essein
726 1903 814 1938 capite
828 1906 1044 1939 cataplasmatis.

255 1940 300 1968 68.
317 1941 382 1974 Quae
400 1944 530 1971 vomitum
543 1952 691 1980 provocent
711 1948 819 1984 juvarc.
842 1951 888 1979 69.
901 1952 960 1979 Non
985 1961 1046 1981 esse

254 1988 384 2014 utendum
399 1989 431 2015 iis
446 1997 506 2023 qua:
515 1992 644 2019 vomitum
659 1993 743 2022 cient.
759 1995 802 2023 70.
817 1996 870 2024 Cor
883 1999 1044 2033 sanguinem

255 2041 309 2061 non
339 2035 475 2064 emittere.
511 2037 556 2065 7i.
593 2038 697 2067 Tamen
724 2041 749 2068 id
781 2044 889 2071 asserit.
917 2045 960 2072 72.
992 2046 1046 2074 Cor

254 2079 380 2114 spiritum
395 2089 448 2108 non
463 2083 599 2118 emittere,
612 2085 659 2113 sed
672 2087 788 2116 arterias
806 2089 879 2116 illum
892 2091 1042 2120 attrahere.

253 2125 300 2152 73.
318 2126 373 2153 Cor
399 2127 524 2162 spiritum
549 2130 686 2163 emittere,
703 2140 792 2166 neque
811 2135 844 2162 ab
874 2137 985 2165 arteriis
1005 2143 1045 2165 at-

254 2172 336 2199 trahi.
353 2173 400 2200 74.
412 2173 466 2200 Cor
481 2182 530 2209 per
545 2183 574 2202 se
604 2179 717 2207 moveri.
732 2179 776 2208 75.
800 2180 871 2208 Idem
896 2173 1043 2212 inticiatur.

255 2214 299 2242 76.
317 2215 440 2244 Arterias
459 2224 493 2244 ex
513 2224 610 2247 natura
633 2224 794 2257 sanguinem
826 2227 978 2255 continuere.
1000 2228 1042 2256 77.
1060 2228 1082 2255 D

256 2260 379 2289 Arterias
392 2269 446 2289 non
456 2270 517 2290 esse
530 2266 675 2300 sanguinis
699 2271 910 2304 receptaculum.
925 2273 969 2301 78.
984 2275 1046 2302 0m-

254 2307 298 2334 nia
322 2315 388 2336 vasa
404 2309 447 2336 IIIJI
466 2312 621 2345 prominent
647 2321 680 2341 ac
706 2321 825 2352 turgent,
843 2319 940 2355 simpla
971 2330 1044 2351 esse.

255 2353 301 2381 79.
315 2354 495 2390 Receptacula
512 2365 572 2385 esse
585 2362 659 2386 texta
677 2362 829 2391 involucra.
843 2353 957 2394 80.'Per
982 2376 1045 2396 ner-

252 2406 302 2426 vus
320 2408 428 2428 sensum
450 2409 483 2430 ac
505 2402 598 2438 1300
624 2411 727 2433 motum
747 2409 851 2442 perlici.
878 2411 922 2440 8i.
951 2412 979 2441 Id
1007 2414 1044 2442 ita

254 2445 312 2472 licri
335 2451 426 2482 negat.
440 2447 486 2475 82.
501 2448 636 2477 Venarum
654 2452 817 2488 principium
833 2464 882 2484 cor
896 2465 969 2486 esse.
997 2460 1042 2488 85.

254 2490 330 2518 Idem
343 2493 436 2520 statim
452 2498 544 2528 negat.
565 2495 610 2522 84.
631 2495 714 2525 Jecur
737 2507 798 2528 esse
820 2509 950 2532 venarutn
971 2506 1044 2540 prin-

253 2536 365 2570 cipium.
380 2537 426 2565 85.
437 2537 499 2565 Mox
517 2539 543 2567 id
565 2541 712 2571 inticiatur.
724 2544 770 2574 86.
788 2545 924 2576 Venarum
942 2536 1043 2585 princi-

253 2582 329 2616 pium
343 2590 404 2610 esse
426 2585 618 2614 ventriculum.
630 2587 675 2615 87.
692 2589 720 2617 Id
739 2599 802 2619 mox
818 2593 924 2623 inﬁcias
938 2582 978 2624 ire
990 2605 1042 2625 non

255 2627 371 2656 dubitat.
384 2628 429 2656 88.
445 2628 690 2665 Receptaculorum
705 2638 826 2666 omnium
834 2640 967 2676 originem
980 2651 1041 2671 esse

1097 1592 1159 1626 νιγξ
1178 1591 1250 1627 ἀρχὴ
1263 1590 1319 1617 τῶν
1332 1589 1435 1625 νεύρων
1447 1588 1526 1615 ἑστία
1545 1588 1585 1622 νβ’
1602 1589 1643 1614 ὅτι
1661 1587 1843 1622 ἁναδιδόμενα
1857 1587 1895 1613 τὰ

1098 1639 1234 1675 φάρμακα
1248 1636 1387 1671 καθαίρει,
1400 1638 1439 1670 νγ¹
1452 1635 1493 1661 ὅτι
1506 1634 1557 1660 οὒκ
1573 1633 1753 1668 ἀναδιδόμενα
1765 1633 1802 1660 τὰ
1817 1633 1895 1669 φάρ-

1099 1692 1185 1720 μακα,
1193 1682 1260 1709 ἀλλὰ
1269 1681 1340 1709 κατὰ
1346 1682 1397 1716 τὴν
1409 1680 1583 1716 πρόσπτωσιν
1590 1680 1770 1714 καθαίρει-νδ
1779 1680 1820 1706 ὅτι
1827 1689 1895 1715 χρη-

1098 1731 1174 1757 στέον
1187 1730 1244 1761 τοῖς
1263 1729 1452 1764 καθαρτικοῖς,
1469 1731 1504 1755 ve’
1518 1728 1565 1754 καὶ
1577 1727 1619 1754 ὅτι
1634 1727 1665 1753 οὑ
1678 1727 1812 1763 χρηστέον
1823 1735 1830 1742 ·
1846 1727 1894 1759 νς’

1096 1778 1138 1804 ὅτι
1155 1776 1322 1811 φλεϐοτομίᾳ
1338 1775 1487 1810 χρηστέον,
1509 1774 1547 1806 νζ¹
1568 1775 1616 1801 καὶ
1631 1775 1671 1800 ὃτι
1685 1775 1715 1800 οὐ
1735 1774 1871 1809 χρηστέον
1884 1783 1893 1789 ·

1096 1826 1137 1858 νη¹
1150 1822 1191 1849 ὅτι
1207 1822 1278 1848 οἴνου
1289 1821 1363 1852 δόσις
1376 1821 1407 1846 οὗ
1421 1821 1543 1856 χρησίμη
1560 1821 1607 1847 ἐπὶ
1618 1820 1672 1846 τῶν
1687 1821 1893 1855 πυρεσσόντων,

1096 1869 1134 1896 νϐ’
1148 1869 1196 1896 καὶ
1221 1868 1262 1895 ὃτι
1282 1866 1353 1898 οἶνος
1374 1867 1464 1898 δοτὲος
1487 1868 1544 1898 τοῖς
1565 1867 1744 1902 πυρέσσουσι·
1760 1865 1782 1899 ξ’
1795 1868 1838 1894 ὃτι
1862 1867 1894 1893 τὸ

1095 1914 1207 1950 λουτρὸν
1222 1914 1278 1945 τοῖς
1295 1913 1480 1948 πυρέσσουσιν
1496 1912 1629 1938 ἐπακτέον
1639 1931 1646 1943 ι
1665 1912 1704 1945 ξα¹
1723 1912 1771 1938 καὶ
1785 1913 1827 1939 ὅτι
1840 1907 1894 1961 οὖλε

1095 1961 1239 1988 ἐπακτέον
1252 1960 1289 1995 ξβ¹
1305 1960 1346 1986 ὅτι
1358 1959 1399 1986 δεῖ
1418 1959 1446 1986 ἐν
1460 1960 1520 1990 ταῖς
1549 1959 1693 1985 ἑπιτάσεσι
1714 1957 1836 1991 κλύζειν,
1850 1958 1887 1992 ξγ

1095 2008 1143 2033 καὶ
1160 2007 1201 2033 ὅτι
1222 2007 1252 2033 οὑ
1271 2006 1320 2032 δεῖ·
1339 2005 1374 2038 ξδ’
1389 2006 1430 2032 ὅτι
1452 2005 1492 2032 δεῖ
1507 2006 1536 2031 ἐν
1557 2006 1617 2036 ταῖς
1632 2006 1730 2040 ἀρχαῖς
1744 2004 1892 2039 ὲπαλείψει

1096 2052 1224 2087 χρῆσθαι,
1243 2051 1279 2084 Es’
1291 2051 1339 2078 καὶ
1352 2051 1392 2077 ὅτι
1409 2051 1440 2076 οὐ
1453 2051 1502 2077 δεῖ·
1521 2050 1563 2083 Eg’
1573 2051 1614 2077 ὅτι
1627 2051 1659 2076 οὐ
1674 2050 1715 2076 δεῖ
1731 2051 1895 2077 καταπλάσ-

1097 2105 1153 2123 σειν
1168 2097 1218 2130 τὴν
1231 2096 1364 2132 κεφαλὴν,
1380 2095 1447 2122 ἀλλά
1463 2097 1519 2127 τοῖς
1534 2097 1696 2131 όσφραντοίς
1717 2095 1808 2129 μόνοις
1821 2098 1895 2131 χρῆ-

1097 2141 1170 2173 σθαι,
1187 2142 1226 2175 ξζ¹
1249 2142 1296 2168 καὶ
1312 2141 1352 2168 ὅτι
1375 2140 1416 2168 δεῖ
1428 2141 1438 2157 ³
1452 2141 1571 2176 χρῆσθαι
1595 2141 1826 2175 καταπλάσμασιν
1843 2142 1894 2168 ἐπὶ

1095 2187 1146 2222 τῆς
1168 2186 1304 2222 κεφαλῆς-
1315 2185 1372 2222 ’ξτῗ
1389 2187 1431 2213 ὅτι
1446 2187 1603 2222 ὲμετοποιία
1621 2187 1770 2221 συμφέρει,
1787 2185 1825 2219 ξῦ¹
1845 2188 1895 2213 καὶ

1097 2233 1138 2260 ὅτι
1158 2234 1188 2260 οὺ
1203 2233 1337 2269 χρηστέον
1355 2233 1526 2269 ἑμετοποιίᾳ·
1543 2236 1563 2259 ο¹
1577 2233 1682 2260 ὅτιούκ
1702 2233 1859 2268 ἐπιπέμπει
1877 2235 1894 2269 ἡ

1097 2280 1197 2315 καρδία
1215 2277 1304 2314 αἷμα,
1322 2282 1361 2306 οα¹
1383 2279 1430 2306 καὶ
1450 2280 1491 2306 ὃτι
1512 2279 1682 2313 ἐπιπέμπει·
1699 2278 1738 2313 οβ’
1749 2279 1790 2305 ὅτι
1804 2280 1855 2313 οὐχ
1874 2281 1892 2314 ὴ

1098 2325 1196 2361 καρδία
1217 2325 1371 2360 ἐπιπέμπει
1397 2324 1428 2351 τὸ
1444 2324 1564 2359 πνεῦμα,
1582 2323 1640 2350 ἀλλ’
1657 2324 1684 2350 al
1700 2324 1832 2359 ἀρτηρίαι
1848 2324 1894 2350 ’ἐλ-

1098 2369 1251 2405 κουσιν,ογ’
1265 2371 1313 2397 καὶ
1334 2370 1376 2396 ὅτι
1395 2371 1411 2405 ὴ
1433 2369 1533 2405 καρδία
1553 2369 1705 2404 ἐπιπέμπει
1724 2369 1755 2395 τὸ
1770 2369 1892 2404 πνεῦμα,

1098 2419 1146 2444 καὶ
1163 2417 1223 2452 οὐχὶ
1239 2418 1267 2443 αἱ
1281 2415 1412 2451 ἀρτηρίαι
1428 2415 1554 2441 ἕλκουσιν
1565 2423 1572 2429 ·
1587 2414 1623 2441 οδ¹
1645 2415 1686 2441 ὅτι
1705 2414 1735 2447 ἐξ
1755 2415 1859 2449 ἑαυτῆς
1875 2415 1894 2449 ἡ

1097 2463 1196 2498 καρδία
1213 2463 1340 2495 κινεῖται,
1355 2465 1391 2488 οε¹
1408 2462 1455 2488 καὶ
1476 2461 1517 2488 ὅτι
1530 2461 1580 2488 οὐκ
1600 2460 1629 2492 ἐξ
1642 2460 1742 2495 ἑαυτῆς
1757 2461 1775 2496 ἡ
1792 2461 1894 2496 καρδία

1096 2510 1227 2535 κινεῖται·
1240 2512 1282 2541 ος¹
1297 2509 1339 2535 ὅτι
1353 2508 1425 2535 κατὰ
1443 2507 1524 2543 φύσιν
1537 2505 1606 2542 αἷμα
1624 2508 1652 2533 ὲν
1666 2508 1727 2538 ταῖς
1743 2508 1893 2543 ἀρτηρίαις

1097 2555 1234 2590 ὑπάρχει,
1248 2555 1286 2586 οξ¹
1310 2554 1375 2591 [219
1397 2553 1444 2590 IL]
1465 2554 1506 2581 ὅτι
1526 2554 1575 2589 οὐχ
1593 2553 1709 2588 αἵματος
1729 2554 1843 2588 ἀγγεῖον
1863 2556 1893 2581 αι

1093 2601 1235 2636 ἀρτηρίαι·
1253 2603 1292 2636 οη¹
1303 2600 1346 2628 ὅτι
1359 2600 1450 2627 πάντα
1463 2600 1498 2626 τὰ
1519 2600 1618 2634 ἀγγεῖα
1632 2601 1662 2627 ἐν
1675 2600 1715 2635 τῷ
1727 2600 1804 2634 δγκῳ
1818 2601 1893 2628 ἁπλᾶ

1093 2647 1179 2678 ἐστιν,
1202 2647 1241 2673 00'
1256 2648 1304 2674 καὶ
1320 2647 1361 2674 ὅτι
1379 2647 1438 2673 ἐστὶ
1451 2645 1486 2672 τὰ
1507 2646 1608 2681 ἀγγεῖα
1625 2645 1790 2681 πλέγματα·
1807 2650 1834 2674 τέ
1849 2647 1891 2674 δτι

922 2709 1042 2739 νΑιιιλΕ
1059 2712 1268 2742 LECTIONES.

1009 2779 1114 2808 NOTAE
1120 2802 1127 2809 .

291 2733 367 2769 ³δεῖ]
394 2733 453 2762 libri
476 2735 507 2762 οὐ
534 2735 584 2764 δεῖ.

289 2815 541 2867 (ΑΠῇὺειιηιιιιτυίε
556 2818 624 2867 lduo
638 2819 724 2854 capita
744 2821 804 2849 eod.
824 2822 886 2867 git.
914 2832 1027 2867 quorum
1049 2827 1108 2855 loco
1136 2828 1169 2855 15
1185 2832 1211 2856 et
1239 2828 1270 2855 Η
1292 2828 1387 2863 Capitis
1416 2829 1527 2858 adversa
1549 2831 1682 2858 sententia
1710 2831 1763 2860 illis
1793 2839 1889 2867 propo-

256 2853 339 2878 nitur.
356 2851 392 2878 lla
406 2857 524 2887 cupitum
537 2851 681 2889 utrobique
690 2864 818 2884 numerus
833 2851 903 2887 idem
919 2851 1042 2888 cllicitur.
