1923 3091
228 163 280 194 555

227 265 431 296 Laomedontis,
457 267 485 291 et
507 262 607 290 Priami
638 270 718 290 soror
747 262 807 290 fuit.
834 263 909 290 Hane
924 263 1021 290 Prote-

226 312 310 339 silaus
324 319 384 338 eum
409 310 470 338 aliis
489 310 605 345 captivis
625 317 657 337 ex
674 309 722 337 llio
752 311 866 338 navibus
890 310 1020 344 avehens,

225 358 350 385 Mendem
376 357 448 384 inter
472 362 499 384 et
514 355 641 384 Seioncm
665 360 728 390 post
741 357 832 384 varias
846 361 1021 391 tempestates

226 404 271 430 vix
296 410 378 430 naves
403 401 537 437 appellit:
554 409 670 435 eumque
701 407 831 436 aquatum
856 401 1021 429 Protesilaus

225 457 286 477 eum
299 450 356 476 suis
367 449 494 476 omnibus
506 448 612 483 longius
633 455 648 474 a
673 447 764 474 littore
784 448 818 475 ad
835 447 964 475 interiora
978 454 1021 474 re-

227 495 316 530 gionis
331 495 389 523 loca
406 498 593 529 procurreret,
618 499 675 520 tum
698 494 769 520 inter
796 498 892 521 extera
907 492 1020 521 Ethilla

224 541 344 575 reliquas
363 540 480 568 allocuta
493 541 624 575 captivas,
651 540 691 573 Si,
718 540 814 575 inquit,
838 547 900 568 eum
916 540 1020 567 Graecis

223 587 253 614 in
266 587 398 614 Greciam
412 586 584 619 abducimur,
611 594 693 613 aurea
709 587 799 618 nobis,
823 594 883 621 qua:
905 586 938 613 ad
951 585 1020 613 Tro-

222 633 278 666 jam
294 633 454 667 pertulimus
476 633 601 666 adversa,
621 633 774 660 videantur.
811 631 950 659 Persuasit
967 631 1018 659 ita-

224 687 276 714 que
292 679 406 706 navibus
427 679 503 714 ignes
519 679 666 706 immittere
691 678 759 714 (79).
779 678 849 705 Hine
876 678 918 705 vel
939 678 1017 705 inviti

223 733 285 752 eum
299 725 366 760 ipsis
381 724 467 752 Graaei
491 725 518 751 in
544 725 638 751 eadem
666 724 708 752 illa
738 724 847 759 regione
865 729 1018 756 remanent,

222 771 372 805 urbemque
384 770 510 797 Seionem
527 771 562 797 ibi
575 771 712 798 conditam
730 778 781 797 una
798 771 961 798 habuerunt.

259 817 471 850 Quartadeeima
486 821 529 844 est
547 818 579 844 de
599 817 777 852 Endymione,
788 817 833 851 qui
844 817 950 844 Aethno
961 817 1018 852 (80)

223 862 296 890 Jovis
320 863 388 894 ﬁlio,
415 868 443 890 et
460 862 637 897 Protogeneia
662 861 835 889 Deucalionis
852 862 907 889 lilia
925 868 1017 896 natus,

807 160 940 191 PHOTlI
954 160 1207 191 PATRIARCILE
1227 162 1281 192 ΕΡ.

265 218 366 254 133a
383 217 491 244 Decima
507 216 586 244 tertia
604 216 731 244 refertae
743 216 867 249 tEtltillu,
884 225 943 252 quae
960 217 1013 244 lilia
1033 221 1056 250 Α

1812 161 1865 194 556

1113 217 1146 244 Ἦ
1157 218 1186 244 δὲ
1203 221 1236 251 ιγ’
1252 217 1286 244 τὰ
1308 219 1371 254 περὶ
1390 218 1516 250 Αἱοίλλας
1534 217 1672 251 διέξεισιν,
1686 218 1747 253 ἥτις
1762 217 1797 253 ἦν
1816 219 1866 246 θυ-

1073 263 1164 300 γάτηρ
1188 264 1238 299 μὲν
1261 264 1456 300 Λαομέδοντος,
1475 264 1578 300 ἀδελφὴ
1590 264 1619 291 δὲ
1634 265 1772 300 Πριάμου.
1790 265 1865 292 Ταύ-

1073 318 1125 345 την
1141 309 1334 345 Πρωτεσίλαος
1344 311 1367 326 ⁵⁸
1380 310 1410 343 ἐξ
1426 311 1504 337 Ἰλίου
1521 311 1590 346 μετὰ
1603 311 1650 337 καὶ
1665 310 1753 337 ἄλλων
1768 311 1866 346 νηυσὶν

1072 356 1147 390 ἄγων
1172 356 1389 391 αἱχμάλωτονδτ,
1413 358 1454 389 εἰς
1481 357 1527 383 τὸν
1552 357 1656 392 μεταξὺ
1688 357 1797 392 Μένδης
1817 357 1866 384 καὶ

1072 401 1195 437 Σκιώνης
1212 402 1281 437 μετὰ
1301 401 1415 434 πολλοὺς
1429 401 1568 437 χειμῶνας
1589 401 1667 437 μόλις
1693 401 1864 438 ὁρμίζονται.

1072 448 1127 475 Καὶ
1145 448 1214 483 πρὸς
1234 448 1342 483 ὑδρείαν
1368 448 1423 475 τῶν
1449 449 1513 483 περὶ
1533 448 1722 484 Πρωτεσίλαον
1737 448 1866 474 ἁπάντων

1071 494 1119 521 τοῦ
1141 494 1266 528 αἰγιαλοῦ
1287 494 1392 521 ἄνωθεν
1418 495 1488 529 πρὸς
1509 495 1560 530 τὴν
1579 494 1672 531 χώραν
1692 494 1866 528 ἀναδραμόν-

1070 549 1137 573 των,
1149 541 1217 568 ἄλλα
1231 549 1262 567 τε
1276 541 1292 576 ὴ
1306 541 1419 567 Δὶθίλλα
1434 542 1495 572 ταῖς
1507 539 1754 576 συναιχμαλώτισιν
1771 539 1866 566 εἰποῦ-

1073 595 1117 620 σα,
1146 587 1193 614 καὶ
1211 587 1261 620 ὼς,
1278 588 1303 614 εί
1319 587 1462 621 ἀφίκοιντο
1478 588 1526 614 σὺν
1539 589 1596 618 τοῖς
1613 587 1743 623 Ἕλλησιν
1761 588 1802 618 είς
1817 586 1866 620 τὴν

1075 633 1200 667 Ἐλλάδα,
1224 634 1324 669 χρυσὸς
1350 633 1384 659 ἂν
1404 633 1501 664 αὑταῖς
1527 633 1614 666 δόξειε
1636 634 1670 660 τὰ
1693 634 1743 668 τῆς
1765 633 1866 667 Τροίας

1069 680 1156 712 κακὰ,
1175 680 1263 706 πείθει
1287 679 1343 715 πῦρ
1363 680 1463 706 ὲνείναι
1478 680 1539 710 ταῖς
1552 679 1641 706 ναυσί.
1663 679 1718 705 Καὶ
1740 679 1862 714 καταμέ-

1069 735 1145 753 νουσι
1163 727 1211 752 σὺν
1227 727 1324 757 αὐταῖς
1343 726 1372 752 ὲν
1391 727 1424 761 τῇ
1444 725 1521 761 χώρᾳ
1533 725 1580 752 καὶ
1594 725 1706 757 ἄκοντες
1725 726 1750 752 οἱ
1765 724 1866 759 ’Ἑλλησ

1069 780 1125 804 νες,
1143 773 1191 798 καὶ
1206 771 1283 798 πόλιν
1298 771 1421 803 κτίζουσι
1436 771 1569 807 Σκιώνην,
1581 771 1630 798 καὶ
1655 771 1863 803 συνοικίζουσιν.

1111 815 1145 842 Ἥ
1164 816 1192 842 ιδ’
1215 817 1250 842 τὰ
1276 816 1341 851 περὶ
1371 816 1549 851 Ἐνδυμίωνος
1569 817 1679 852 ἱστορεῖ,
1695 817 1735 843 ὅτι
1751 825 1779 842 τε
1799 818 1864 848 παῖς

1070 859 1104 898 ἦν
1125 862 1244 889 Ἀεθλίου
1255 863 1277 878 ⁸³
1297 862 1344 890 τοῦ
1366 863 1426 894 Διὸς
1447 864 1495 890 καὶ
1511 864 1715 899 Πρωτογενείας
1727 865 1778 899 τῆς
1796 865 1864 890 Δευ-

225 910 305 937 binos
322 910 441 945 suscepit
457 895 566 942 liberos,
591 909 745 945 Eurypylen
756 909 812 944 (81)
841 915 869 937 et
886 895 1016 938 {Etoluim

1076 895 1213 940 ίαλίωνος,
1228 909 1275 935 καὶ
1290 909 1329 940 ὡς
1345 908 1392 935 δύο
1412 909 1502 941 τέκοι,
1523 895 1623 941 σιαϊδας
1635 895 1800 945 Εὑρυπύλην
1815 911 1863 936 καὶ

223 955 274 982 llic
289 963 305 983 e
318 955 504 990 Peloponneso
528 955 615 990 patria
635 955 738 982 ditioue
765 955 900 982 excedens
916 954 972 990 (82)
991 956 1018 982 in

223 1002 375 1036 oppositam
394 1001 531 1035 regionem
548 1009 608 1028 cum
631 1001 802 1035 sequentium
820 1001 910 1032 turba,
932 1001 1015 1035 pulsis

222 1047 367 1075 Curetibus
396 1047 465 1083 (85).
507 1047 696 1082 eommigravnt
714 1056 721 1073 :
738 1052 767 1074 et
800 1055 849 1082 pro
873 1047 1013 1080 Curetide,

222 1093 339 1122 [Etolida
353 1094 488 1121 nominari
515 1093 590 1120 fecit.
615 1091 766 1129 Eurypyles
782 1101 848 1121 vero
869 1099 897 1121 et
915 1093 1017 1128 Neptu—

227 1141 254 1168 ni
275 1140 346 1168 ﬁlius
367 1140 424 1175 (84)
459 1140 536 1173 Elis,
567 1145 676 1167 mortuo
705 1147 756 1167 avo
772 1145 896 1167 tnatcrno
928 1140 1017 1176 Endy-

222 1187 313 1214 mione
329 1187 406 1222 (85),
445 1193 557 1220 regnum
589 1187 730 1221 suscepit,
759 1186 952 1221 conditamque
980 1189 1014 1214 ab

223 1232 390 1267 Endymione
402 1231 495 1258 urbem
506 1231 575 1258 Elim
591 1232 751 1259 nominavit.

259 1321 358 1355 Quinta
375 1321 481 1348 decima
498 1321 531 1347 de
546 1319 858 1356 Pheneatensibus(86),
869 1325 897 1348 et
908 1320 1011 1348 Cerere

224 1374 306 1404 atque
321 1367 496 1402 Proserpina,
514 1375 595 1401 quam
612 1366 690 1394 Pluto
703 1372 810 1402 raptam
825 1372 914 1395 matre
928 1368 1015 1395 inscia

225 1415 259 1442 ad
281 1413 367 1441 infera
395 1421 476 1447 regna
508 1412 639 1444 abduxit,
673 1417 757 1447 utque
784 1413 1016 1440 Pbcneatensibus

223 1461 317 1493 Ceres,
341 1459 414 1495 quod
431 1459 482 1494 ipsi
500 1458 590 1485 locum
610 1459 805 1492 ostendissent,
833 1466 885 1493 qua
902 1459 1016 1487 descen-

223 1509 336 1535 deretur
349 1506 420 1541 (erat
433 1506 455 1533 is
464 1505 555 1532 hiatus
567 1506 594 1531 in
607 1504 711 1540 Cylina)
723 1504 790 1539 (ετ),
807 1512 868 1532 cum
884 1505 935 1532 alia
947 1506 1015 1533 bona

1069 953 1198 986 Αἰτωλὸν,
1223 954 1252 985 ὃς
1275 956 1308 981 ὲκ
1332 955 1537 990 Πελοποννήσου
1558 956 1607 991 τὴν
1631 956 1762 991 πατρῴαν
1775 956 1863 983 λιπὼν

1068 1000 1155 1036 ἀρχὴν
1173 1002 1213 1032 εἰς
1232 1000 1280 1036 τὴν
1298 1001 1432 1035 ἀντίπερα
1455 1001 1557 1036 ταύτης
1576 1001 1630 1036 γῆν
1649 1002 1718 1036 μετὰ
1732 1001 1782 1036 τῆς
1799 1002 1863 1028 ἑπο-

1070 1047 1155 1082 μένης
1170 1047 1277 1082 μοίρας,
1301 1047 1447 1082 Κουρῆτας
1463 1047 1597 1080 ἐκϐαλὼν,
1616 1047 1718 1083 ᾤκησε,
1741 1048 1788 1074 καὶ
1801 1048 1863 1075 ἀντὶ

1069 1093 1237 1129 Κουρήτιδος
1250 1093 1385 1120 Λίτωλίδα
1396 1093 1418 1110 ⁵⁹
1433 1094 1576 1121 καλεῖσθαι
1600 1093 1717 1120 δίδωσιν.
1733 1093 1797 1130 [452
1814 1093 1862 1130 Κ]

1073 1139 1103 1165 Ὀ
1121 1139 1151 1165 δ’.
1162 1138 1326 1174 Εὐρυπύλης
1343 1140 1390 1166 καὶ
1417 1140 1585 1171 Ποσειδῶνος
1605 1141 1671 1172 παῖς
1689 1138 1769 1172 Ἦλις
1779 1141 1801 1156 ⁸ο
1816 1149 1863 1166 τε-

1067 1185 1248 1220 λευτήσαντος
1284 1185 1330 1211 τοῦ
1367 1185 1575 1221 μητροπάτορος
1607 1186 1788 1221 Ἐνδυμίωνος
1811 1187 1863 1222 τὴν

1070 1230 1212 1265 βασιλείαν
1239 1230 1393 1265 ἐκδέχεται,
1409 1230 1458 1257 καὶ
1481 1232 1515 1266 τῇ
1539 1232 1684 1268 κτισθείσῃ
1699 1232 1777 1258 πόλει
1808 1232 1864 1259 ὑπὸ

1074 1275 1252 1310 Ἐνδυμίωνος
1263 1273 1345 1301 Ἶίλιν
1360 1276 1505 1311 ἐπώνυμον
1519 1276 1604 1304 ἔθετο.

1109 1321 1142 1348 Ἡ
1158 1321 1190 1348 ιε’
1207 1322 1271 1357 περὶ
1294 1323 1434 1348 Φενεατῶν
1458 1323 1506 1349 καὶ
1529 1324 1674 1359 Δήμητρος
1687 1324 1735 1351 καὶ
1757 1324 1862 1360 Κόρης,

1066 1368 1100 1402 ἢν
1119 1367 1247 1394 Πλούτων
1265 1368 1393 1403 ἀρπάσας
1419 1369 1465 1395 καὶ
1479 1368 1568 1396 λαϐὼν
1584 1370 1634 1405 τὴν
1651 1370 1759 1406 μητέρα
1772 1371 1812 1402 εἰς
1828 1371 1864 1397 τὰ

1067 1414 1143 1441 κάτω
1158 1415 1280 1449 βασίλεια
1296 1415 1384 1450 ἧγαγε
1394 1423 1401 1430 ο
1416 1416 1464 1442 καὶ
1487 1416 1525 1447 ὡς
1549 1417 1696 1448 Φενεάταις
1719 1417 1859 1452 μηνύσασι

1067 1460 1194 1496 Δήμητρι
1215 1460 1245 1487 τὸ
1270 1462 1370 1496 χωρίον
1387 1462 1420 1488 δι’
1436 1459 1466 1489 οὗ
1487 1462 1504 1496 ἡ
1525 1462 1638 1494 κάθοδος
1651 1461 1695 1498 (ἦν
1718 1463 1747 1489 δέ
1763 1471 1791 1489 τι
1809 1465 1862 1499 χά-

1068 1514 1124 1540 σμα
1140 1505 1168 1532 ἐν
1187 1506 1317 1543 Κυλλήνῃ
1329 1507 1362 1542 ⁵⁸)
1380 1507 1448 1533 ἄλλα
1470 1516 1500 1534 τε
1529 1508 1618 1541 ἀγαθὰ
1638 1508 1795 1543 ἐχαρίσατο,
1814 1509 1864 1535 καὶ

223 1553 261 1581 sit
276 1552 384 1588 largita,
413 1556 468 1579 tum
492 1551 564 1586 quod
588 1559 726 1586 nunquam
745 1552 911 1586 permissura
926 1556 1010 1584 esset,

1076 1551 1206 1586 ιηδὲποτε
1234 1552 1378 1587 ὑπεριδεῖν
1405 1553 1502 1580 ἑκατὸν
1524 1553 1652 1588 ἄνδρας⁶¹
1667 1554 1808 1582 Φενεατῶν
1834 1556 1864 1581 ὲν

223 1604 254 1627 ut
270 1603 379 1627 centqu
399 1598 600 1625 Pheneatenses
615 1598 641 1624 iu
658 1597 727 1624 bello
741 1598 880 1624 caderent.

261 1647 342 1673 Sexta
369 1645 474 1672 decima
490 1644 524 1671 de
540 1643 693 1671 Promaeho
709 1643 765 1680 (88)
789 1649 817 1671 et
844 1643 1016 1672 Leueocoma

228 1692 352 1718 Gnossus
372 1703 377 1718 :
398 1692 462 1718 urbs
497 1695 588 1717 autem
618 1689 705 1717 Creta:
740 1689 860 1717 Gnossus
879 1690 935 1725 (89)
963 1697 1015 1718 est.

224 1738 364 1771 Quomodo
397 1735 564 1763 Promaehus
590 1734 730 1768 pulchrum
756 1733 952 1762 LeUcoeomam
975 1736 1017 1762 ad-

224 1786 388 1812 olcscentent
414 1783 568 1815 adamarit;
597 1786 624 1808 et
643 1781 780 1815 quomodo
806 1781 914 1808 labores
935 1786 1017 1815 atque

223 1830 373 1858 certamina
388 1829 424 1856 illi
451 1835 549 1862 magna
581 1833 608 1855 et
628 1827 810 1862 periculorum
829 1826 905 1861 plena
919 1834 1017 1861 propo-

223 1876 320 1908 suerit,
331 1883 392 1910 quaz
403 1875 496 1902 omnia
507 1873 803 1908 Promaehuspotiundi
814 1880 861 1906 spe
871 1874 1016 1907 superarit.

225 1922 275 1956 Qui
291 1922 336 1949 ubi
360 1929 394 1949 ne
420 1928 468 1955 per
491 1921 548 1947 haec
577 1920 685 1955 quidem
703 1919 757 1946 voti
782 1927 893 1954 compos
920 1920 1015 1952 evasit,

224 1968 423 1996 Leucoeomam
459 1967 591 1994 vicisssim
623 1965 745 1993 molestia
775 1965 876 1998 aﬂ'eeit,
909 1967 1018 2000 quando

225 2015 348 2042 ultimum
381 2021 459 2040 suum
480 2013 619 2046 przemium
637 2011 724 2047 (galea
749 2017 837 2038 autem
860 2016 919 2038 erat
946 2011 1017 2038 fama

226 2058 373 2092 celebrata)
387 2057 464 2084 alteri
479 2057 588 2083 cuidam
604 2055 717 2090 pulchro
729 2054 834 2088 juveni,
850 2053 1017 2081 Leueoeoma

225 2110 377 2140 spectante,
405 2104 543 2139 imposuit.
582 2103 651 2129 llinc
681 2102 753 2129 enim
781 2100 912 2135 zelotypia
930 2101 1017 2127 vietus

226 2153 280 2184 hic,
297 2151 371 2178 ferro
383 2158 412 2178 se
429 2151 486 2185 ipse
502 2148 650 2176 interemit.

264 2198 384 2231 Septima
421 2197 537 2224 decima.
584 2195 688 2222 Diemus
713 2198 740 2220 ct
773 2192 870 2228 Syleus
900 2193 1016 2225 fratres,

1070 1597 1182 1633 πολέμῳ
1194 1600 1298 1624 πεσεῖν.

1111 1643 1143 1670 Ἦ
1160 1647 1197 1676 ις’
1207 1644 1242 1670 τὰ
1272 1644 1339 1677 περὶ
1364 1645 1511 1680 Προμάχου
1547 1646 1593 1673 καὶ
1619 1647 1784 1682 Λευκοκόμα
1810 1648 1866 1675 τῶν

1071 1684 1219 1717 Κνωσσίων
1235 1691 1324 1726 (πόλις
1337 1691 1366 1718 δὲ
1395 1693 1508 1728 Κρήτης
1527 1694 1544 1728 ἡ
1566 1693 1708 1729 Κνωσσὸς)
1723 1694 1864 1727 διέξεισιν,

1069 1735 1107 1766 ὡς
1133 1736 1187 1771 ἦρα
1218 1736 1363 1772 Πρόμαχος
1388 1738 1496 1764 νεανίου
1518 1738 1602 1765 καλοῦ
1622 1739 1669 1766 τοῦ
1687 1740 1864 1775 Λευκοκόμα,

1070 1781 1108 1812 ὠς
1149 1779 1217 1808 ἆθλα
1246 1782 1320 1817 αὐτῷ
1346 1783 1453 1818 μεγάλα
1480 1784 1624 1820 προῦτεινε
1657 1785 1704 1812 καὶ
1733 1786 1866 1813 κινδύνων

1073 1827 1171 1862 μεστὰ,
1197 1828 1235 1859 ὡς
1257 1829 1346 1855 πάντα
1372 1829 1475 1866 ὑπέστη
1491 1831 1636 1866 Πρόμαχος
1650 1831 1737 1857 ἐλπίδι
1752 1833 1801 1859 τοῦ
1818 1842 1866 1859 τυ-

1070 1875 1138 1908 χεῖν,
1158 1874 1196 1905 ὠς
1213 1874 1266 1900 οὐδ’
1283 1875 1354 1901 οὕτω
1365 1876 1388 1891 ⁵³
1402 1877 1542 1911 τυγχάνει,
1567 1878 1614 1904 καὶ
1629 1877 1774 1904 ἁντιλυπεί
1795 1879 1866 1905 Λευ-

1071 1919 1203 1953 κοκόμαν,
1217 1919 1246 1946 τὸ
1258 1920 1414 1948 τελευταῖον
1434 1922 1488 1948 τῶν
1507 1922 1595 1949 ἄθλων
1607 1923 1719 1958 (κράνος
1731 1924 1754 1950 δ’
1765 1922 1802 1960 ἦν
1816 1934 1867 1952 πε-

1072 1963 1207 1999 ριϐόητον)
1234 1965 1285 2001 [ἐν]
1310 1966 1396 2001 ἑτέρῳ
1413 1966 1488 2002 καλῷ
1499 1968 1593 2004 νεανίᾳ
1607 1969 1726 2003 ὁρῶντος
1741 1971 1867 2005 περιθεὶς

1070 2009 1117 2035 τοῦ
1133 2010 1296 2045 Λευκοκόμα
1306 2018 1313 2025 ·
1342 2012 1389 2038 καὶ.
1408 2011 1438 2043 ὃς
1447 2012 1470 2028 ⁸⁸
1484 2013 1534 2039 οὐκ
1552 2013 1673 2047 ἐνεγκὼν
1688 2013 1739 2049 τὴν
1752 2014 1869 2050 ζηλοτυ-

1072 2054 1138 2081 πίαν
1153 2054 1224 2088 ξίφει
1238 2055 1335 2082 ἑαυτὸν
1354 2055 1527 2092 διεχρήσατο.

1113 2196 1146 2222 Ἦ
1160 2195 1204 2229 ιζ’,
1220 2197 1329 2229 Δίκαιος
1350 2199 1397 2226 καὶ
1424 2199 1525 2231 Σολεὺς
1551 2199 1661 2234 ἀδελφοὶ
1674 2221 1681 2234 ,
1694 2202 1865 2235 Ποσειδῶνος

225 2245 341 2281 Neptuni
357 2244 416 2276 filii,
434 2243 468 2270 ad
483 2242 593 2270 Peleum
614 2240 760 2268 Thessalia:
777 2244 896 2266 montem
913 2240 1016 2267 habita-

1076 2243 1136 2277 υἱοὶ,
1159 2244 1225 2278 περὶ
1243 2245 1379 2280 τδΠὴλιον
1399 2246 1462 2282 ὅρος
1485 2247 1536 2282 τῆς
1560 2247 1742 2279 Θεσσαλίας⁶⁸
1761 2248 1863 2284 ᾠκουν.

886 2305 1001 2334 VARIIE
1019 2308 1225 2338 LECTlONES.

259 2375 282 2390 '°
296 2371 499 2422 Πρωτεσίλαος)
517 2370 656 2398 Cononem
675 2374 726 2394 non
744 2367 946 2409 Πρωτεσίλαος,
965 2369 1012 2395 sed
1030 2370 1130 2405 οἱπερὶ
1151 2371 1340 2405 Πρωτεσίλαον
1356 2371 1501 2405 scripsisse
1521 2372 1605 2399 videri
1622 2377 1715 2400 monet
1726 2373 1862 2402 Kannius.

262 2411 270 2422 ο.
292 2411 303 2422 Α
323 2419 329 2422 .
343 2409 397 2422 -;-η.
413 2417 432 2422 -
477 2407 488 2422 ο
513 2404 694 2422 nmmum“
709 2410 729 2422 (-
757 2402 869 2422 Σνιῑίλυγτμ
888 2412 907 2422 ι-
960 2403 984 2419 δα
1000 2404 1121 2422 manu“.
1150 2405 1270 2422 ιί.....›;..ο
1287 2415 1293 2421 .
1312 2407 1372 2422 m...:
1401 2407 1512 2422 ulmum.
1562 2409 1583 2422 sn
1613 2408 1702 2422 .....i:...
1735 2409 1858 2422 Ai_.Ar__

226 2411 274 2438 καί
288 2411 310 2437 Δ
322 2407 330 2436 Ξ
342 2409 397 2436 τῶν
412 2407 499 2444 ς.η⁸⁷
512 2407 695 2444 αἰχμαλλιξδῖξυῖ
709 2410 740 2444 ς-
756 2407 885 2444 ξκιοχηξ,

294 2445 317 2461 ιο
328 2437 432 2474 Ἡλεῖοξ
448 2437 597 2477 Πεγιιὶυέη
612 2440 632 2454 ⁴⁵¹
645 2437 754 2477 Κυλήνη
766 2437 803 2464 A:
817 2437 921 2473 Κυλίνη
933 2447 963 2470 ς.

229 2473 252 2497 ί⁵
267 2480 317 2515 τῆς
348 2473 500 2508 Θεσσαλίας
520 2477 543 2502 A
561 2473 731 2502 ;Θεσσαλίαν
762 2481 793 2504 ς.

512 2404 694 2440 αἰχμαλώτων
709 2410 740 2440 ς.
756 2402 869 2440 Σξκιό-νης
881 2412 918 2440 Δς.
960 2403 984 2419 ⁸⁸
1000 2402 1121 2431 Ἀεθλίου
1149 2402 1271 2433 Kannius
1287 2415 1293 2434 :
1311 2407 1373 2433 libri
1401 2402 1523 2434 ’λέονοω
1562 2409 1583 2423 ⁵³³

1004 2441 1025 2455 ’⁵³
1034 2440 1134 2475 ἄνδρας
1153 2442 1249 2467 ἑκατόν
1264 2450 1294 2474 ς.

1613 2408 1702 2434 malim
1729 2409 1867 2436 Αἰτωλίαν

1330 2442 1352 2457 ⁸³
1366 2441 1452 2468 οὺδ¹Λ
1466 2451 1472 2468 ;
1485 2442 1507 2469 δ’
1520 2441 1576 2469 οὐδ’
1586 2451 1616 2474 ς.
1653 2442 1676 2457 ⁸⁸
1687 2443 1715 2474 ὃς
1728 2444 1751 2471 Α
1763 2453 1771 2472 ;
1783 2444 1821 2476 ὡς
1835 2454 1866 2477 ς.

1002 2518 1120 2547 ΝΟΤίΕ.

262 2584 320 2620 (79)
338 2581 601 2620 :StephanLByzt-int.
618 2578 712 2620 eadem
728 2578 752 2620 in
766 2576 881 2620 finitum.

265 2612 321 2655 (δυ)
338 2612 532 2646 Patisan.lib.'|
543 2614 658 2641 Eliac.ct
679 2613 832 2646 Apollodor.
847 2614 874 2639 in
895 2612 1022 2640 Biblioth.

233 2656 351 2683 Aetlinm
366 2658 474 2680 vocant.

264 2691 322 2725 (81)
339 2689 455 2716 Pausan.
472 2686 677 2725 Euryeyden.m
779 2720 784 2725 _
910 2718 921 2725 ὓ
956 2723 960 2725 Α
988 2719 994 2724 _

262 2718 319 2761 (82)
336 2725 429 2761 §tepli.
455 2718 632 2761 a_S:ilinoiieo
648 2720 723 2748 Pissa
740 2720 846 2755 pulsum
878 2718 964 2746 refert
988 2719 1014 2745 in

230 2758 318 2789 [ΕἸοίζ
335 2758 406 2794 Lege
421 2764 449 2786 et
462 2758 578 2784 Pausan.
600 2763 661 2790 sup.

263 2797 318 2832 (85)
338 2796 435 2833 §trabo
449 2794 500 2833 lib‘.‘
513 2801 539 2819 x.

264 2827 318 2868 (δή)
338 2832 454 2868 Pausan.
469 2827 557 2868 Ιξίειιι.
581 2862 598 2868 γ’
667 2858 669 2863 η

263 2862 320 2901 (δὴ)
342 2867 462 2901 l’ausnn._
476 2862 614 2901 Enslrallt.
646 2898 651 2901 _
719 2896 734 2901 η
826 2897 831 2901 ι
949 2895 953 2900 .

264 2896 320 2938 (δυ)
342 2902 435 2936 Steph.
451 2899 583 2927 Pheneum
597 2899 623 2925 in
638 2896 752 2924 Arcadia
771 2897 856 2931 ponit,
870 2901 896 2924 et
909 2896 1019 2930 quidem

1078 2582 1127 2608 sub
1142 2581 1252 2617 Cyllene
1266 2588 1367 2611 monte.

1110 2618 1168 2652 (87)
1200 2618 1338 2653 Cyllenem
1361 2619 1485 2646 Arcadia:
1510 2623 1630 2646 montem
1658 2626 1691 2646 ex
1718 2619 1812 2648 Strab.
1842 2626 1870 2648 et

1078 2652 1172 2714 Slteph.
1189 2652 1307 2688 intelligo
1322 2664 1328 2682 :
1343 2655 1414 2688 apud
1428 2661 1509 2689 quem
1535 2654 1626 2690 Stygis
1649 2661 1739 2689 aquae,
1759 2655 1867 2682 Eustat.

1070 2696 1086 2714 e
1114 2697 1127 2713 il
1142 2696 1170 2714 ΙΙ.

1104 2706 1316 2758 (ἓὶξϊΑιῑὶηεοτο
1353 2724 1479 2752 videntur
1512 2725 1583 2753 hanc
1619 2725 1738 2752 fabulam
1769 2725 1870 2752 Strabo

1072 2758 1121 2785 lib.
1131 2766 1158 2796 ξ,
1171 2766 1203 2785 ex
1218 2759 1406 2796 'l'heophrasto
1415 2760 1452 2786 De
1465 2769 1564 2792 amore,
1577 2765 1605 2788 et
1617 2760 1688 2788 Plut.
1703 2760 1848 2796 Ἐρωτικῷ
1861 2770 1868 2788 :

1073 2794 1144 2833 apud
1169 2802 1237 2828 quos
1259 2794 1436 2822 Euxiathetus
1461 2803 1510 2830 pro
1533 2797 1584 2824 hoc
1610 2796 1763 2823 Promacbo
1786 2794 1868 2824 indu-

1074 2834 1155 2899 “(illi
1171 2863 1268 2892 Minois
1283 2864 1366 2900 regia.
1383 2864 1460 2894 Hom.
1479 2871 1505 2894 et
1524 2867 1580 2895 alii.
1599 2865 1666 2894 Vide
1681 2865 1771 2894 Strab.
1787 2874 1861 2902 supr.
