  <div class='ocr_page' id='page_1' title='image "/cluster/home/n/w/nwhite01/storage/ocr_20150623/103/njp.32101010943882/354.png"; bbox 0 0 1923 3091; ppageno 0'>
   <div class='ocr_carea' id='block_1_1' title="bbox 100 135 1199 174">
    <p class='ocr_par' dir='ltr' id='par_1_1' title="bbox 100 135 1199 174">
     <span class='ocr_line' id='line_1_1' title="bbox 100 135 1199 174; baseline -0.009 0"><span class='ocrx_word' id='word_1_1' title='bbox 100 142 140 174; x_wconf 74' lang='grc'><strong>557</strong></span> <span class='ocrx_word' id='word_1_2' title='bbox 581 137 845 168; x_wconf 80' lang='lat' dir='ltr'><strong>BIBLIOTHECA.</strong></span> <span class='ocrx_word' id='word_1_3' title='bbox 866 149 901 154; x_wconf 91' lang='lat'><strong>—</strong></span> <span class='ocrx_word' id='word_1_4' title='bbox 922 135 1003 166; x_wconf 85' lang='lat' dir='ltr'><strong>COD.</strong></span> <span class='ocrx_word' id='word_1_5' title='bbox 1021 135 1199 166; x_wconf 82' lang='lat' dir='ltr'><strong>CLXXXVI.</strong></span> 
     </span>
    </p>
   </div>
   <div class='ocr_carea' id='block_1_2' title="bbox 1648 134 1700 166">
    <p class='ocr_par' dir='ltr' id='par_1_2' title="bbox 1648 134 1700 166">
     <span class='ocr_line' id='line_1_2' title="bbox 1648 134 1700 166; baseline -0.019 0"><span class='ocrx_word' id='word_1_6' title='bbox 1648 134 1700 166; x_wconf 79' lang='grc'><strong>558</strong></span> 
     </span>
    </p>
   </div>
   <div class='ocr_carea' id='block_1_3' title="bbox 101 191 858 236">
    <p class='ocr_par' dir='ltr' id='par_1_3' title="bbox 101 194 854 236">
     <span class='ocr_line' id='line_1_3' title="bbox 101 194 854 236; baseline -0.009 -9"><span class='ocrx_word' id='word_1_7' title='bbox 101 201 141 227; x_wconf 74' lang='grc' dir='ltr'><strong>Καὶ</strong></span> <span class='ocrx_word' id='word_1_8' title='bbox 151 197 181 236; x_wconf 83' lang='grc' dir='ltr'><strong>ἦν</strong></span> <span class='ocrx_word' id='word_1_9' title='bbox 196 199 209 226; x_wconf 80' lang='grc' dir='ltr'><strong>ό</strong></span> <span class='ocrx_word' id='word_1_10' title='bbox 227 199 273 234; x_wconf 85' lang='grc' dir='ltr'><strong>μὲν</strong></span> <span class='ocrx_word' id='word_1_11' title='bbox 282 198 398 230; x_wconf 83' lang='grc' dir='ltr'>δίκαιος,</span> <span class='ocrx_word' id='word_1_12' title='bbox 413 197 460 225; x_wconf 77' lang='grc' dir='ltr'>καὶ</span> <span class='ocrx_word' id='word_1_13' title='bbox 474 197 512 228; x_wconf 86' lang='grc' dir='ltr'>ὠς</span> <span class='ocrx_word' id='word_1_14' title='bbox 533 195 702 231; x_wconf 79' lang='grc' dir='ltr'><strong>ὠνομάζετο,</strong></span> <span class='ocrx_word' id='word_1_15' title='bbox 717 195 789 222; x_wconf 82' lang='grc' dir='ltr'>οὕτω</span> <span class='ocrx_word' id='word_1_16' title='bbox 806 194 854 220; x_wconf 77' lang='grc' dir='ltr'>καὶ</span> 
     </span>
    </p>
   </div>
   <div class='ocr_carea' id='block_1_4' title="bbox 910 191 1698 236">
    <p class='ocr_par' dir='ltr' id='par_1_4' title="bbox 910 191 1698 228">
     <span class='ocr_line' id='line_1_4' title="bbox 910 191 1698 228; baseline 0 -9"><span class='ocrx_word' id='word_1_17' title='bbox 910 194 980 219; x_wconf 83' lang='lat' dir='ltr'><strong>bant.</strong></span> <span class='ocrx_word' id='word_1_18' title='bbox 1003 192 1086 220; x_wconf 91' lang='lat' dir='ltr'><strong>lnhis</strong></span> <span class='ocrx_word' id='word_1_19' title='bbox 1098 192 1203 220; x_wconf 68' lang='grc' dir='ltr'>υἰεωιιε</span> <span class='ocrx_word' id='word_1_20' title='bbox 1216 191 1272 228; x_wconf 85' lang='grc'><strong>(90)</strong></span> <span class='ocrx_word' id='word_1_21' title='bbox 1286 192 1394 227; x_wconf 84' lang='lat' dir='ltr'><strong>quidem</strong></span> <span class='ocrx_word' id='word_1_22' title='bbox 1419 196 1490 224; x_wconf 86' lang='lat' dir='ltr'><strong>erat,</strong></span> <span class='ocrx_word' id='word_1_23' title='bbox 1513 191 1585 227; x_wconf 84' lang='lat' dir='ltr'><strong>quod</strong></span> <span class='ocrx_word' id='word_1_24' title='bbox 1600 199 1698 219; x_wconf 85' lang='lat' dir='ltr'><strong>nomen</strong></span> 
     </span>
    </p>
   </div>
   <div class='ocr_carea' id='block_1_5' title="bbox 97 242 856 282">
    <p class='ocr_par' dir='ltr' id='par_1_5' title="bbox 97 242 856 282">
     <span class='ocr_line' id='line_1_5' title="bbox 97 242 856 282; baseline -0.008 -9"><span class='ocrx_word' id='word_1_25' title='bbox 97 245 135 282; x_wconf 79' lang='grc' dir='ltr'><strong>ἦν·</strong></span> <span class='ocrx_word' id='word_1_26' title='bbox 157 245 231 272; x_wconf 83' lang='grc' dir='ltr'><strong>Συλέα</strong></span> <span class='ocrx_word' id='word_1_27' title='bbox 256 245 284 272; x_wconf 82' lang='grc' dir='ltr'>δὲ</span> <span class='ocrx_word' id='word_1_28' title='bbox 315 245 446 280; x_wconf 69' lang='grc' dir='ltr'>ὑϐριστὴν</span> <span class='ocrx_word' id='word_1_29' title='bbox 474 243 539 270; x_wconf 73' lang='grc' dir='ltr'>ὄντα</span> <span class='ocrx_word' id='word_1_30' title='bbox 573 243 712 278; x_wconf 80' lang='grc' dir='ltr'><strong>Ἡρακλῆς</strong></span> <span class='ocrx_word' id='word_1_31' title='bbox 738 242 856 276; x_wconf 83' lang='grc' dir='ltr'>ἀναιρεῖ,</span> 
     </span>
    </p>
   </div>
   <div class='ocr_carea' id='block_1_6' title="bbox 97 287 856 324">
    <p class='ocr_par' dir='ltr' id='par_1_6' title="bbox 97 287 856 324">
     <span class='ocr_line' id='line_1_6' title="bbox 97 287 856 324; baseline -0.008 -6"><span class='ocrx_word' id='word_1_32' title='bbox 97 290 210 323; x_wconf 77' lang='grc' dir='ltr'>Ξενίζεται</span> <span class='ocrx_word' id='word_1_33' title='bbox 220 291 239 317; x_wconf 82' lang='grc' dir='ltr'>δ’</span> <span class='ocrx_word' id='word_1_34' title='bbox 255 290 307 318; x_wconf 81' lang='grc' dir='ltr'><strong>ὑπὸ</strong></span> <span class='ocrx_word' id='word_1_35' title='bbox 323 290 447 323; x_wconf 80' lang='grc' dir='ltr'>Δικαίου,</span> <span class='ocrx_word' id='word_1_36' title='bbox 461 290 506 316; x_wconf 81' lang='grc' dir='ltr'>καὶ</span> <span class='ocrx_word' id='word_1_37' title='bbox 523 289 574 324; x_wconf 79' lang='grc' dir='ltr'>ἐρᾷ</span> <span class='ocrx_word' id='word_1_38' title='bbox 588 289 638 323; x_wconf 86' lang='grc' dir='ltr'>τῆς</span> <span class='ocrx_word' id='word_1_39' title='bbox 653 287 757 318; x_wconf 76' lang='grc' dir='ltr'>Σολέως</span> <span class='ocrx_word' id='word_1_40' title='bbox 770 287 856 320; x_wconf 90' lang='grc' dir='ltr'>θυγα-</span> 
     </span>
    </p>
   </div>
   <div class='ocr_carea' id='block_1_7' title="bbox 96 333 858 372">
    <p class='ocr_par' dir='ltr' id='par_1_7' title="bbox 96 333 858 372">
     <span class='ocr_line' id='line_1_7' title="bbox 96 333 858 372; baseline -0.007 -8"><span class='ocrx_word' id='word_1_41' title='bbox 96 337 154 371; x_wconf 78' lang='grc' dir='ltr'>τρὸς,</span> <span class='ocrx_word' id='word_1_42' title='bbox 168 337 222 363; x_wconf 84' lang='grc' dir='ltr'>ἰδὼν</span> <span class='ocrx_word' id='word_1_43' title='bbox 231 337 314 372; x_wconf 82' lang='grc' dir='ltr'>αὐτὴν</span> <span class='ocrx_word' id='word_1_44' title='bbox 328 337 393 371; x_wconf 83' lang='grc' dir='ltr'>παρ’</span> <span class='ocrx_word' id='word_1_45' title='bbox 406 335 479 371; x_wconf 85' lang='grc' dir='ltr'>αὐτῷ</span> <span class='ocrx_word' id='word_1_46' title='bbox 489 334 674 370; x_wconf 81' lang='grc' dir='ltr'><strong>τρεφομένην,</strong></span> <span class='ocrx_word' id='word_1_47' title='bbox 691 334 738 360; x_wconf 82' lang='grc' dir='ltr'>καὶ</span> <span class='ocrx_word' id='word_1_48' title='bbox 761 333 858 367; x_wconf 79' lang='grc' dir='ltr'><strong>ἄγεται</strong></span> 
     </span>
    </p>
   </div>
   <div class='ocr_carea' id='block_1_8' title="bbox 96 379 857 418">
    <p class='ocr_par' dir='ltr' id='par_1_8' title="bbox 96 379 857 418">
     <span class='ocr_line' id='line_1_8' title="bbox 96 379 857 418; baseline -0.007 -8"><span class='ocrx_word' id='word_1_49' title='bbox 96 385 127 415; x_wconf 80' lang='grc' dir='ltr'><strong>εἰς</strong></span> <span class='ocrx_word' id='word_1_50' title='bbox 150 385 264 418; x_wconf 77' lang='grc' dir='ltr'>γυναῖκα.</span> <span class='ocrx_word' id='word_1_51' title='bbox 287 383 321 409; x_wconf 91' lang='lat' dir='ltr'><strong>&#39;H</strong></span> <span class='ocrx_word' id='word_1_52' title='bbox 345 382 374 409; x_wconf 84' lang='grc' dir='ltr'>δὲ</span> <span class='ocrx_word' id='word_1_53' title='bbox 394 381 621 417; x_wconf 67' lang='grc' dir='ltr'><strong>ἀποδημήσαντος</strong></span> <span class='ocrx_word' id='word_1_54' title='bbox 653 379 820 416; x_wconf 78' lang='grc' dir='ltr'><strong>Ἡρακλέους</strong></span> <span class='ocrx_word' id='word_1_55' title='bbox 834 379 857 394; x_wconf 81' lang='grc'><strong>⁸⁸</strong></span> 
     </span>
    </p>
   </div>
   <div class='ocr_carea' id='block_1_9' title="bbox 95 426 856 464">
    <p class='ocr_par' dir='ltr' id='par_1_9' title="bbox 95 426 856 464">
     <span class='ocr_line' id='line_1_9' title="bbox 95 426 856 464; baseline -0.007 -8"><span class='ocrx_word' id='word_1_56' title='bbox 95 429 124 463; x_wconf 83' lang='grc' dir='ltr'>τῷ</span> <span class='ocrx_word' id='word_1_57' title='bbox 134 430 187 463; x_wconf 83' lang='grc' dir='ltr'>περὶ</span> <span class='ocrx_word' id='word_1_58' title='bbox 200 429 278 456; x_wconf 79' lang='grc' dir='ltr'>αὐτὸν</span> <span class='ocrx_word' id='word_1_59' title='bbox 293 429 375 464; x_wconf 75' lang='grc' dir='ltr'>ἔρωτι</span> <span class='ocrx_word' id='word_1_60' title='bbox 396 428 444 455; x_wconf 77' lang='grc' dir='ltr'>καὶ</span> <span class='ocrx_word' id='word_1_61' title='bbox 461 428 536 463; x_wconf 85' lang='grc' dir='ltr'>πόθῳ</span> <span class='ocrx_word' id='word_1_62' title='bbox 552 427 704 463; x_wconf 74' lang='grc' dir='ltr'><strong>βαλλομένη</strong></span> <span class='ocrx_word' id='word_1_63' title='bbox 726 426 839 461; x_wconf 84' lang='grc' dir='ltr'>θνήσκει</span> <span class='ocrx_word' id='word_1_64' title='bbox 849 433 856 440; x_wconf 67' lang='grc' dir='ltr'><strong>θ</strong></span> 
     </span>
    </p>
   </div>
   <div class='ocr_carea' id='block_1_10' title="bbox 95 471 857 510">
    <p class='ocr_par' dir='ltr' id='par_1_10' title="bbox 95 471 857 510">
     <span class='ocr_line' id='line_1_10' title="bbox 95 471 857 510; baseline -0.004 -9"><span class='ocrx_word' id='word_1_65' title='bbox 95 476 130 502; x_wconf 79' lang='grc' dir='ltr'><strong>καὶ</strong></span> <span class='ocrx_word' id='word_1_66' title='bbox 145 476 185 501; x_wconf 80' lang='grc' dir='ltr'><strong>ἐπὶ</strong></span> <span class='ocrx_word' id='word_1_67' title='bbox 208 475 353 510; x_wconf 72' lang='grc' dir='ltr'><strong>προσφάτῳ</strong></span> <span class='ocrx_word' id='word_1_68' title='bbox 388 476 422 510; x_wconf 82' lang='grc' dir='ltr'>τῇ</span> <span class='ocrx_word' id='word_1_69' title='bbox 446 474 542 509; x_wconf 84' lang='grc' dir='ltr'><strong>κηδείᾳ</strong></span> <span class='ocrx_word' id='word_1_70' title='bbox 569 473 686 500; x_wconf 76' lang='grc' dir='ltr'>ἐπανιὼν</span> <span class='ocrx_word' id='word_1_71' title='bbox 715 472 777 508; x_wconf 68' lang='grc'><strong>[222</strong></span> <span class='ocrx_word' id='word_1_72' title='bbox 811 471 857 507; x_wconf 65' lang='grc' dir='ltr'><strong>ιι]</strong></span> 
     </span>
    </p>
   </div>
   <div class='ocr_carea' id='block_1_11' title="bbox 97 518 856 556">
    <p class='ocr_par' dir='ltr' id='par_1_11' title="bbox 97 518 856 556">
     <span class='ocr_line' id='line_1_11' title="bbox 97 518 856 556; baseline -0.003 -10"><span class='ocrx_word' id='word_1_73' title='bbox 97 521 213 555; x_wconf 79' lang='grc' dir='ltr'><strong>Ἡρακλῆς</strong></span> <span class='ocrx_word' id='word_1_74' title='bbox 231 520 341 556; x_wconf 77' lang='grc' dir='ltr'>ἔμελλεν</span> <span class='ocrx_word' id='word_1_75' title='bbox 360 520 443 547; x_wconf 84' lang='grc' dir='ltr'>αὐτὸν</span> <span class='ocrx_word' id='word_1_76' title='bbox 467 520 500 555; x_wconf 81' lang='grc' dir='ltr'><strong>τῇ</strong></span> <span class='ocrx_word' id='word_1_77' title='bbox 523 520 603 555; x_wconf 83' lang='grc' dir='ltr'>πυρᾷ</span> <span class='ocrx_word' id='word_1_78' title='bbox 632 518 856 553; x_wconf 80' lang='grc' dir='ltr'>συγκατακαίειν,</span> 
     </span>
    </p>
   </div>
   <div class='ocr_carea' id='block_1_12' title="bbox 92 566 858 602">
    <p class='ocr_par' dir='ltr' id='par_1_12' title="bbox 92 566 858 602">
     <span class='ocr_line' id='line_1_12' title="bbox 92 566 858 602; baseline -0.003 -10"><span class='ocrx_word' id='word_1_79' title='bbox 92 567 110 592; x_wconf 80' lang='grc' dir='ltr'><strong>εί</strong></span> <span class='ocrx_word' id='word_1_80' title='bbox 127 567 159 602; x_wconf 79' lang='grc' dir='ltr'>μὴ</span> <span class='ocrx_word' id='word_1_81' title='bbox 182 569 205 594; x_wconf 87' lang='grc' dir='ltr'><strong>οί</strong></span> <span class='ocrx_word' id='word_1_82' title='bbox 224 567 357 602; x_wconf 76' lang='grc' dir='ltr'>παρόντες</span> <span class='ocrx_word' id='word_1_83' title='bbox 373 567 465 601; x_wconf 85' lang='grc' dir='ltr'>λόγοις</span> <span class='ocrx_word' id='word_1_84' title='bbox 480 566 673 602; x_wconf 80' lang='grc' dir='ltr'><strong>παρηγοροῦσι</strong></span> <span class='ocrx_word' id='word_1_85' title='bbox 698 566 773 600; x_wconf 82' lang='grc' dir='ltr'>μόλις</span> <span class='ocrx_word' id='word_1_86' title='bbox 791 566 858 591; x_wconf 77' lang='grc' dir='ltr'><strong>ἑκώ-</strong></span> 
     </span>
    </p>
   </div>
   <div class='ocr_carea' id='block_1_13' title="bbox 92 611 859 648">
    <p class='ocr_par' dir='ltr' id='par_1_13' title="bbox 92 611 859 648">
     <span class='ocr_line' id='line_1_13' title="bbox 92 611 859 648; baseline -0.001 -11"><span class='ocrx_word' id='word_1_87' title='bbox 92 612 168 639; x_wconf 72' lang='grc' dir='ltr'>λυσαν.</span> <span class='ocrx_word' id='word_1_88' title='bbox 187 613 238 639; x_wconf 74' lang='grc' dir='ltr'>Καὶ</span> <span class='ocrx_word' id='word_1_89' title='bbox 256 613 422 645; x_wconf 82' lang='grc' dir='ltr'><strong>ἀπελθόντος</strong></span> <span class='ocrx_word' id='word_1_90' title='bbox 443 612 611 648; x_wconf 74' lang='grc' dir='ltr'>Ἡρακλέους</span> <span class='ocrx_word' id='word_1_91' title='bbox 624 612 647 627; x_wconf 77' lang='grc'><strong>⁸⁷</strong></span> <span class='ocrx_word' id='word_1_92' title='bbox 668 611 700 638; x_wconf 78' lang='grc' dir='ltr'>τὸ</span> <span class='ocrx_word' id='word_1_93' title='bbox 715 612 790 646; x_wconf 79' lang='grc' dir='ltr'>σῆμα</span> <span class='ocrx_word' id='word_1_94' title='bbox 809 611 859 645; x_wconf 84' lang='grc' dir='ltr'>τῆς</span> 
     </span>
    </p>
   </div>
   <div class='ocr_carea' id='block_1_14' title="bbox 92 656 860 694">
    <p class='ocr_par' dir='ltr' id='par_1_14' title="bbox 92 656 860 694">
     <span class='ocr_line' id='line_1_14' title="bbox 92 656 860 694; baseline -0.001 -11"><span class='ocrx_word' id='word_1_95' title='bbox 92 657 159 692; x_wconf 80' lang='grc' dir='ltr'>κόρης</span> <span class='ocrx_word' id='word_1_96' title='bbox 173 659 196 684; x_wconf 86' lang='grc' dir='ltr'>οἱ</span> <span class='ocrx_word' id='word_1_97' title='bbox 215 659 355 694; x_wconf 78' lang='grc' dir='ltr'>πρόσοικοι</span> <span class='ocrx_word' id='word_1_98' title='bbox 371 659 595 694; x_wconf 83' lang='grc' dir='ltr'>περιεδείμαντο,</span> <span class='ocrx_word' id='word_1_99' title='bbox 612 657 660 684; x_wconf 77' lang='grc' dir='ltr'><strong>καὶ</strong></span> <span class='ocrx_word' id='word_1_100' title='bbox 675 657 736 684; x_wconf 79' lang='grc' dir='ltr'>ἀντὶ</span> <span class='ocrx_word' id='word_1_101' title='bbox 749 656 860 692; x_wconf 80' lang='grc' dir='ltr'>μνήμα-</span> 
     </span>
    </p>
   </div>
   <div class='ocr_carea' id='block_1_15' title="bbox 92 704 558 740">
    <p class='ocr_par' dir='ltr' id='par_1_15' title="bbox 92 704 558 740">
     <span class='ocr_line' id='line_1_15' title="bbox 92 704 558 740; baseline 0.002 -11"><span class='ocrx_word' id='word_1_102' title='bbox 92 711 126 735; x_wconf 85' lang='grc' dir='ltr'><strong>τος</strong></span> <span class='ocrx_word' id='word_1_103' title='bbox 139 705 202 739; x_wconf 73' lang='grc' dir='ltr'>ἱερὸν</span> <span class='ocrx_word' id='word_1_104' title='bbox 223 704 391 740; x_wconf 80' lang='grc' dir='ltr'>Ἡρακλέους</span> <span class='ocrx_word' id='word_1_105' title='bbox 403 704 558 739; x_wconf 82' lang='grc' dir='ltr'>ἀπέφηναν.</span> 
     </span>
    </p>
   </div>
   <div class='ocr_carea' id='block_1_16' title="bbox 122 791 858 829">
    <p class='ocr_par' dir='ltr' id='par_1_16' title="bbox 122 791 858 829">
     <span class='ocr_line' id='line_1_16' title="bbox 122 791 858 829; baseline -0.003 -9"><span class='ocrx_word' id='word_1_106' title='bbox 122 791 149 819; x_wconf 83' lang='grc' dir='ltr'><strong>Ἦ</strong></span> <span class='ocrx_word' id='word_1_107' title='bbox 169 796 210 828; x_wconf 79' lang='grc' dir='ltr'>ιη’,</span> <span class='ocrx_word' id='word_1_108' title='bbox 236 793 337 829; x_wconf 61' lang='grc' dir='ltr'><strong>Λοκροὶ⁴</strong></span> <span class='ocrx_word' id='word_1_109' title='bbox 365 793 525 828; x_wconf 82' lang='grc' dir='ltr'>μαχόμενοι,</span> <span class='ocrx_word' id='word_1_110' title='bbox 541 792 603 819; x_wconf 78' lang='grc' dir='ltr'>ἐπεὶ</span> <span class='ocrx_word' id='word_1_111' title='bbox 621 791 754 827; x_wconf 77' lang='grc' dir='ltr'><strong>συγγενὴς</strong></span> <span class='ocrx_word' id='word_1_112' title='bbox 768 792 858 823; x_wconf 75' lang='grc' dir='ltr'>αὐτοῖς</span> 
     </span>
    </p>
   </div>
   <div class='ocr_carea' id='block_1_17' title="bbox 89 836 858 875">
    <p class='ocr_par' dir='ltr' id='par_1_17' title="bbox 89 836 858 875">
     <span class='ocr_line' id='line_1_17' title="bbox 89 836 858 875; baseline 0.001 -12"><span class='ocrx_word' id='word_1_113' title='bbox 89 837 142 870; x_wconf 74' lang='grc' dir='ltr'>Δίας</span> <span class='ocrx_word' id='word_1_114' title='bbox 161 836 243 875; x_wconf 78' lang='grc' dir='ltr'><strong>ἦν,ἐν</strong></span> <span class='ocrx_word' id='word_1_115' title='bbox 265 840 300 875; x_wconf 83' lang='grc' dir='ltr'>τῇ</span> <span class='ocrx_word' id='word_1_116' title='bbox 323 839 476 875; x_wconf 75' lang='grc' dir='ltr'><strong>παρατάξει</strong></span> <span class='ocrx_word' id='word_1_117' title='bbox 500 838 592 874; x_wconf 88' lang='grc' dir='ltr'>χώραν</span> <span class='ocrx_word' id='word_1_118' title='bbox 615 838 696 874; x_wconf 80' lang='grc' dir='ltr'>κενὴν</span> <span class='ocrx_word' id='word_1_119' title='bbox 716 838 808 871; x_wconf 76' lang='grc' dir='ltr'><strong>ἐῶσιν,</strong></span> <span class='ocrx_word' id='word_1_120' title='bbox 821 837 858 869; x_wconf 85' lang='grc' dir='ltr'>ὠς</span> 
     </span>
    </p>
   </div>
   <div class='ocr_carea' id='block_1_18' title="bbox 89 882 858 922">
    <p class='ocr_par' dir='ltr' id='par_1_18' title="bbox 89 882 858 922">
     <span class='ocr_line' id='line_1_18' title="bbox 89 882 858 922; baseline -0.001 -12"><span class='ocrx_word' id='word_1_121' title='bbox 89 883 154 918; x_wconf 81' lang='grc' dir='ltr'>δῆθεν</span> <span class='ocrx_word' id='word_1_122' title='bbox 177 886 240 918; x_wconf 72' lang='grc' dir='ltr'>Αἴας</span> <span class='ocrx_word' id='word_1_123' title='bbox 265 886 295 912; x_wconf 84' lang='grc' dir='ltr'>ὲν</span> <span class='ocrx_word' id='word_1_124' title='bbox 363 885 574 920; x_wconf 82' lang='grc' dir='ltr'>παρατάττοιτο.</span> <span class='ocrx_word' id='word_1_125' title='bbox 604 883 858 920; x_wconf 72' lang='grc' dir='ltr'>Παρατεταγμένων</span> 
     </span>
    </p>
   </div>
   <div class='ocr_carea' id='block_1_19' title="bbox 90 929 858 967">
    <p class='ocr_par' dir='ltr' id='par_1_19' title="bbox 90 929 858 967">
     <span class='ocr_line' id='line_1_19' title="bbox 90 929 858 967; baseline 0.001 -12"><span class='ocrx_word' id='word_1_126' title='bbox 90 929 126 955; x_wconf 71' lang='grc' dir='ltr'>οὖν</span> <span class='ocrx_word' id='word_1_127' title='bbox 141 931 167 957; x_wconf 85' lang='grc' dir='ltr'>ὲν</span> <span class='ocrx_word' id='word_1_128' title='bbox 185 933 216 967; x_wconf 83' lang='grc' dir='ltr'>τῇ</span> <span class='ocrx_word' id='word_1_129' title='bbox 229 931 299 967; x_wconf 82' lang='grc' dir='ltr'>πρὸς</span> <span class='ocrx_word' id='word_1_130' title='bbox 318 931 512 966; x_wconf 79' lang='grc' dir='ltr'><strong>Κροτωνιάτας</strong></span> <span class='ocrx_word' id='word_1_131' title='bbox 529 931 614 967; x_wconf 83' lang='grc' dir='ltr'><strong>μάχῃ,</strong></span> <span class='ocrx_word' id='word_1_132' title='bbox 627 930 769 956; x_wconf 80' lang='grc' dir='ltr'>Αὐτολέων</span> <span class='ocrx_word' id='word_1_133' title='bbox 784 930 858 964; x_wconf 78' lang='grc' dir='ltr'>Κρο-</span> 
     </span>
    </p>
   </div>
   <div class='ocr_carea' id='block_1_20' title="bbox 88 976 860 1012">
    <p class='ocr_par' dir='ltr' id='par_1_20' title="bbox 88 976 860 1012">
     <span class='ocr_line' id='line_1_20' title="bbox 88 976 860 1012; baseline 0 -11"><span class='ocrx_word' id='word_1_134' title='bbox 88 976 202 1011; x_wconf 79' lang='grc' dir='ltr'>τωνιάτης</span> <span class='ocrx_word' id='word_1_135' title='bbox 224 977 364 1012; x_wconf 75' lang='grc' dir='ltr'>ἠϐουλήθη</span> <span class='ocrx_word' id='word_1_136' title='bbox 392 976 437 1004; x_wconf 84' lang='grc' dir='ltr'><strong>διὰ</strong></span> <span class='ocrx_word' id='word_1_137' title='bbox 464 976 511 1003; x_wconf 80' lang='grc' dir='ltr'><strong>τοῦ</strong></span> <span class='ocrx_word' id='word_1_138' title='bbox 540 976 724 1008; x_wconf 84' lang='grc' dir='ltr'>διαλείποντος</span> <span class='ocrx_word' id='word_1_139' title='bbox 750 976 860 1002; x_wconf 87' lang='grc' dir='ltr'>διεκπε-</span> 
     </span>
    </p>
   </div>
   <div class='ocr_carea' id='block_1_21' title="bbox 89 1020 857 1057">
    <p class='ocr_par' dir='ltr' id='par_1_21' title="bbox 89 1020 857 1057">
     <span class='ocr_line' id='line_1_21' title="bbox 89 1020 857 1057; baseline 0.003 -12"><span class='ocrx_word' id='word_1_140' title='bbox 89 1020 159 1046; x_wconf 82' lang='grc' dir='ltr'><strong>σεῑν⁶⁸</strong></span> <span class='ocrx_word' id='word_1_141' title='bbox 174 1022 271 1057; x_wconf 80' lang='grc' dir='ltr'>μέρους</span> <span class='ocrx_word' id='word_1_142' title='bbox 303 1023 352 1049; x_wconf 83' lang='grc' dir='ltr'>καὶ</span> <span class='ocrx_word' id='word_1_143' title='bbox 377 1022 570 1049; x_wconf 83' lang='grc' dir='ltr'>κυκλώσασθαι</span> <span class='ocrx_word' id='word_1_144' title='bbox 605 1023 669 1054; x_wconf 83' lang='grc' dir='ltr'>τοὺς</span> <span class='ocrx_word' id='word_1_145' title='bbox 700 1021 857 1056; x_wconf 84' lang='grc' dir='ltr'>πολεμίους.</span> 
     </span>
    </p>
   </div>
   <div class='ocr_carea' id='block_1_22' title="bbox 87 1066 859 1104">
    <p class='ocr_par' dir='ltr' id='par_1_22' title="bbox 87 1066 859 1104">
     <span class='ocr_line' id='line_1_22' title="bbox 87 1066 859 1104; baseline 0.001 -12"><span class='ocrx_word' id='word_1_146' title='bbox 87 1066 190 1100; x_wconf 82' lang='grc' dir='ltr'>Τρωθεὶς</span> <span class='ocrx_word' id='word_1_147' title='bbox 211 1068 234 1094; x_wconf 85' lang='grc' dir='ltr'>δ’</span> <span class='ocrx_word' id='word_1_148' title='bbox 256 1068 309 1095; x_wconf 80' lang='grc' dir='ltr'>ὑπὸ</span> <span class='ocrx_word' id='word_1_149' title='bbox 332 1069 477 1103; x_wconf 82' lang='grc' dir='ltr'><strong>φάσματος</strong></span> <span class='ocrx_word' id='word_1_150' title='bbox 491 1069 536 1095; x_wconf 86' lang='grc' dir='ltr'>τὸν</span> <span class='ocrx_word' id='word_1_151' title='bbox 558 1068 645 1104; x_wconf 72' lang='grc' dir='ltr'>μηρὸν</span> <span class='ocrx_word' id='word_1_152' title='bbox 666 1068 813 1103; x_wconf 84' lang='grc' dir='ltr'>ἀπετράπη</span> <span class='ocrx_word' id='word_1_153' title='bbox 823 1067 859 1099; x_wconf 64' lang='grc'><strong>⁸⁸³,</strong></span> 
     </span>
    </p>
   </div>
   <div class='ocr_carea' id='block_1_23' title="bbox 88 1113 859 1150">
    <p class='ocr_par' dir='ltr' id='par_1_23' title="bbox 88 1113 859 1150">
     <span class='ocr_line' id='line_1_23' title="bbox 88 1113 859 1150; baseline 0.004 -14"><span class='ocrx_word' id='word_1_154' title='bbox 88 1113 124 1138; x_wconf 79' lang='grc' dir='ltr'>καὶ</span> <span class='ocrx_word' id='word_1_155' title='bbox 137 1113 322 1148; x_wconf 73' lang='grc' dir='ltr'>ἐσφακέλιζεν,</span> <span class='ocrx_word' id='word_1_156' title='bbox 340 1115 392 1146; x_wconf 79' lang='grc' dir='ltr'>ἕως</span> <span class='ocrx_word' id='word_1_157' title='bbox 409 1115 442 1142; x_wconf 83' lang='grc' dir='ltr'>ἂν</span> <span class='ocrx_word' id='word_1_158' title='bbox 459 1115 529 1141; x_wconf 85' lang='grc' dir='ltr'>κατὰ</span> <span class='ocrx_word' id='word_1_159' title='bbox 548 1113 672 1150; x_wconf 79' lang='grc' dir='ltr'>χρησμὸν</span> <span class='ocrx_word' id='word_1_160' title='bbox 696 1114 735 1145; x_wconf 82' lang='grc' dir='ltr'>εἰς</span> <span class='ocrx_word' id='word_1_161' title='bbox 758 1113 807 1148; x_wconf 84' lang='grc' dir='ltr'>τὴν</span> <span class='ocrx_word' id='word_1_162' title='bbox 830 1114 859 1139; x_wconf 87' lang='grc' dir='ltr'><strong>ὲν</strong></span> 
     </span>
    </p>
   </div>
   <div class='ocr_carea' id='block_1_24' title="bbox 88 1157 860 1195">
    <p class='ocr_par' dir='ltr' id='par_1_24' title="bbox 88 1157 860 1195">
     <span class='ocr_line' id='line_1_24' title="bbox 88 1157 860 1195; baseline 0.003 -12"><span class='ocrx_word' id='word_1_163' title='bbox 88 1157 164 1192; x_wconf 81' lang='grc' dir='ltr'>Πόντῳ</span> <span class='ocrx_word' id='word_1_164' title='bbox 177 1159 323 1194; x_wconf 81' lang='grc' dir='ltr'>Ἀχίλλειον</span> <span class='ocrx_word' id='word_1_165' title='bbox 338 1161 419 1195; x_wconf 82' lang='grc' dir='ltr'>νῆσον</span> <span class='ocrx_word' id='word_1_166' title='bbox 431 1160 500 1195; x_wconf 75' lang='grc' dir='ltr'>(ἐστι</span> <span class='ocrx_word' id='word_1_167' title='bbox 513 1160 534 1187; x_wconf 83' lang='grc' dir='ltr'>δ’</span> <span class='ocrx_word' id='word_1_168' title='bbox 548 1159 617 1195; x_wconf 77' lang='grc' dir='ltr'>αὕτη</span> <span class='ocrx_word' id='word_1_169' title='bbox 635 1159 860 1195; x_wconf 76' lang='grc' dir='ltr'>παραπλεύσαντι</span> 
     </span>
    </p>
   </div>
   <div class='ocr_carea' id='block_1_25' title="bbox 86 1203 859 1242">
    <p class='ocr_par' dir='ltr' id='par_1_25' title="bbox 86 1203 859 1242">
     <span class='ocr_line' id='line_1_25' title="bbox 86 1203 859 1242; baseline 0 -12"><span class='ocrx_word' id='word_1_170' title='bbox 86 1203 123 1229; x_wconf 78' lang='grc' dir='ltr'>τὸν</span> <span class='ocrx_word' id='word_1_171' title='bbox 137 1205 235 1241; x_wconf 82' lang='grc' dir='ltr'>Ἴστρον</span> <span class='ocrx_word' id='word_1_172' title='bbox 257 1206 329 1242; x_wconf 82' lang='grc' dir='ltr'>ὑπὲρ</span> <span class='ocrx_word' id='word_1_173' title='bbox 347 1208 397 1241; x_wconf 82' lang='grc' dir='ltr'>τῆς</span> <span class='ocrx_word' id='word_1_174' title='bbox 418 1206 570 1241; x_wconf 85' lang='grc' dir='ltr'>Ταυρικῆς)</span> <span class='ocrx_word' id='word_1_175' title='bbox 593 1206 683 1231; x_wconf 76' lang='grc' dir='ltr'>ἐκεῖσε</span> <span class='ocrx_word' id='word_1_176' title='bbox 701 1213 859 1240; x_wconf 81' lang='grc' dir='ltr'>παραγεγο-</span> 
     </span>
    </p>
   </div>
   <div class='ocr_carea' id='block_1_26' title="bbox 86 1247 861 1287">
    <p class='ocr_par' dir='ltr' id='par_1_26' title="bbox 86 1247 861 1287">
     <span class='ocr_line' id='line_1_26' title="bbox 86 1247 861 1287; baseline 0 -11"><span class='ocrx_word' id='word_1_177' title='bbox 86 1247 137 1282; x_wconf 82' lang='grc' dir='ltr'>νὼς,</span> <span class='ocrx_word' id='word_1_178' title='bbox 148 1251 193 1276; x_wconf 75' lang='grc' dir='ltr'>καὶ</span> <span class='ocrx_word' id='word_1_179' title='bbox 207 1251 273 1283; x_wconf 82' lang='grc' dir='ltr'>τούς</span> <span class='ocrx_word' id='word_1_180' title='bbox 285 1260 314 1278; x_wconf 85' lang='grc' dir='ltr'><strong>τε</strong></span> <span class='ocrx_word' id='word_1_181' title='bbox 330 1251 429 1283; x_wconf 78' lang='grc' dir='ltr'>ἄλλους</span> <span class='ocrx_word' id='word_1_182' title='bbox 441 1252 543 1287; x_wconf 76' lang='grc' dir='ltr'>ἥρωας</span> <span class='ocrx_word' id='word_1_183' title='bbox 557 1250 792 1286; x_wconf 80' lang='grc' dir='ltr'>ὲκμειλιξὰμενος,</span> <span class='ocrx_word' id='word_1_184' title='bbox 809 1250 861 1284; x_wconf 88' lang='grc' dir='ltr'><strong>μά-</strong></span> 
     </span>
    </p>
   </div>
   <div class='ocr_carea' id='block_1_27' title="bbox 86 1294 860 1333">
    <p class='ocr_par' dir='ltr' id='par_1_27' title="bbox 86 1294 860 1333">
     <span class='ocr_line' id='line_1_27' title="bbox 86 1294 860 1333; baseline 0.003 -13"><span class='ocrx_word' id='word_1_185' title='bbox 86 1294 150 1322; x_wconf 64' lang='grc' dir='ltr'>λιστα</span> <span class='ocrx_word' id='word_1_186' title='bbox 167 1297 195 1324; x_wconf 84' lang='grc' dir='ltr'>δὲ</span> <span class='ocrx_word' id='word_1_187' title='bbox 214 1297 264 1333; x_wconf 82' lang='grc' dir='ltr'><strong>τὴν</strong></span> <span class='ocrx_word' id='word_1_188' title='bbox 283 1297 397 1329; x_wconf 81' lang='grc' dir='ltr'>Αῐαντος</span> <span class='ocrx_word' id='word_1_189' title='bbox 410 1296 456 1324; x_wconf 82' lang='grc' dir='ltr'>τοῦ</span> <span class='ocrx_word' id='word_1_190' title='bbox 471 1296 577 1333; x_wconf 78' lang='grc' dir='ltr'>Λοκροῦ</span> <span class='ocrx_word' id='word_1_191' title='bbox 591 1297 693 1332; x_wconf 75' lang='grc' dir='ltr'>ψυχὴν,</span> <span class='ocrx_word' id='word_1_192' title='bbox 711 1296 784 1332; x_wconf 82' lang='grc' dir='ltr'>ἰάθη.</span> <span class='ocrx_word' id='word_1_193' title='bbox 801 1296 860 1323; x_wconf 82' lang='grc' dir='ltr'><strong>Κά-</strong></span> 
     </span>
    </p>
   </div>
   <div class='ocr_carea' id='block_1_28' title="bbox 85 1341 861 1377">
    <p class='ocr_par' dir='ltr' id='par_1_28' title="bbox 85 1341 861 1377">
     <span class='ocr_line' id='line_1_28' title="bbox 85 1341 861 1377; baseline 0.003 -12"><span class='ocrx_word' id='word_1_194' title='bbox 85 1341 159 1367; x_wconf 81' lang='grc' dir='ltr'>κεῖθεν</span> <span class='ocrx_word' id='word_1_195' title='bbox 171 1342 307 1374; x_wconf 70' lang='grc' dir='ltr'>ὲξιόντατθ</span> <span class='ocrx_word' id='word_1_196' title='bbox 319 1342 503 1377; x_wconf 81' lang='grc' dir='ltr'>ἀπαγγέλλειν</span> <span class='ocrx_word' id='word_1_197' title='bbox 516 1341 597 1369; x_wconf 79' lang='grc' dir='ltr'>αὐτὸν</span> <span class='ocrx_word' id='word_1_198' title='bbox 612 1343 771 1377; x_wconf 75' lang='grc' dir='ltr'>Στησιχόρῳ</span> <span class='ocrx_word' id='word_1_199' title='bbox 787 1341 861 1368; x_wconf 72' lang='grc' dir='ltr'><strong>Ἐλέ-</strong></span> 
     </span>
    </p>
   </div>
   <div class='ocr_carea' id='block_1_29' title="bbox 84 1387 859 1424">
    <p class='ocr_par' dir='ltr' id='par_1_29' title="bbox 84 1387 859 1424">
     <span class='ocr_line' id='line_1_29' title="bbox 84 1387 859 1424; baseline 0.003 -11"><span class='ocrx_word' id='word_1_200' title='bbox 84 1395 110 1422; x_wconf 84' lang='grc' dir='ltr'><strong>νη</strong></span> <span class='ocrx_word' id='word_1_201' title='bbox 129 1387 230 1414; x_wconf 78' lang='grc' dir='ltr'>κελεύει</span> <span class='ocrx_word' id='word_1_202' title='bbox 249 1389 302 1424; x_wconf 78' lang='grc' dir='ltr'>τὴν</span> <span class='ocrx_word' id='word_1_203' title='bbox 322 1390 362 1421; x_wconf 82' lang='grc' dir='ltr'><strong>εἰς</strong></span> <span class='ocrx_word' id='word_1_204' title='bbox 382 1389 468 1423; x_wconf 86' lang='grc' dir='ltr'>αὐτὴν</span> <span class='ocrx_word' id='word_1_205' title='bbox 480 1389 564 1424; x_wconf 76' lang='grc' dir='ltr'>ᾅδειν,</span> <span class='ocrx_word' id='word_1_206' title='bbox 579 1390 603 1415; x_wconf 79' lang='grc' dir='ltr'>εἰ</span> <span class='ocrx_word' id='word_1_207' title='bbox 624 1389 696 1422; x_wconf 87' lang='grc' dir='ltr'>φιλεῖ</span> <span class='ocrx_word' id='word_1_208' title='bbox 710 1389 759 1418; x_wconf 76' lang='grc' dir='ltr'><strong>τὰς</strong></span> <span class='ocrx_word' id='word_1_209' title='bbox 773 1388 859 1423; x_wconf 75' lang='grc' dir='ltr'>όψεις,</span> 
     </span>
    </p>
   </div>
   <div class='ocr_carea' id='block_1_30' title="bbox 85 1433 860 1470">
    <p class='ocr_par' dir='ltr' id='par_1_30' title="bbox 85 1433 860 1470">
     <span class='ocr_line' id='line_1_30' title="bbox 85 1433 860 1470; baseline 0.005 -13"><span class='ocrx_word' id='word_1_210' title='bbox 85 1433 244 1470; x_wconf 75' lang='grc' dir='ltr'>παλινῳδίαν.</span> <span class='ocrx_word' id='word_1_211' title='bbox 264 1436 433 1470; x_wconf 79' lang='grc' dir='ltr'>Στησίχορος</span> <span class='ocrx_word' id='word_1_212' title='bbox 458 1435 481 1462; x_wconf 85' lang='grc' dir='ltr'>δ’</span> <span class='ocrx_word' id='word_1_213' title='bbox 497 1435 597 1461; x_wconf 85' lang='grc' dir='ltr'>αὐτίκα</span> <span class='ocrx_word' id='word_1_214' title='bbox 624 1435 724 1470; x_wconf 83' lang='grc' dir='ltr'>ὕμνους</span> <span class='ocrx_word' id='word_1_215' title='bbox 751 1434 860 1470; x_wconf 81' lang='grc' dir='ltr'>Ἑλένης</span> 
     </span>
    </p>
   </div>
   <div class='ocr_carea' id='block_1_31' title="bbox 85 1480 637 1517">
    <p class='ocr_par' dir='ltr' id='par_1_31' title="bbox 85 1480 637 1517">
     <span class='ocr_line' id='line_1_31' title="bbox 85 1480 637 1517; baseline 0.007 -13"><span class='ocrx_word' id='word_1_216' title='bbox 85 1480 208 1508; x_wconf 81' lang='grc' dir='ltr'>συντάττει</span> <span class='ocrx_word' id='word_1_217' title='bbox 223 1483 270 1508; x_wconf 81' lang='grc' dir='ltr'>καὶ</span> <span class='ocrx_word' id='word_1_218' title='bbox 286 1482 336 1517; x_wconf 86' lang='grc' dir='ltr'>τὴν</span> <span class='ocrx_word' id='word_1_219' title='bbox 353 1481 414 1515; x_wconf 72' lang='grc' dir='ltr'>ὄψιν</span> <span class='ocrx_word' id='word_1_220' title='bbox 431 1481 637 1516; x_wconf 79' lang='grc' dir='ltr'>ἀνακομίζεται.</span> 
     </span>
    </p>
   </div>
   <div class='ocr_carea' id='block_1_32' title="bbox 117 1569 858 1607">
    <p class='ocr_par' dir='ltr' id='par_1_32' title="bbox 117 1569 858 1607">
     <span class='ocr_line' id='line_1_32' title="bbox 117 1569 858 1607; baseline 0 -11"><span class='ocrx_word' id='word_1_221' title='bbox 117 1569 146 1596; x_wconf 86' lang='grc' dir='ltr'><strong>Ἠ</strong></span> <span class='ocrx_word' id='word_1_222' title='bbox 163 1570 193 1597; x_wconf 88' lang='grc' dir='ltr'>ιθ¹</span> <span class='ocrx_word' id='word_1_223' title='bbox 203 1572 240 1604; x_wconf 85' lang='grc' dir='ltr'>ὡς</span> <span class='ocrx_word' id='word_1_224' title='bbox 256 1571 379 1606; x_wconf 83' lang='grc' dir='ltr'>Ψαμάθη</span> <span class='ocrx_word' id='word_1_225' title='bbox 395 1572 412 1607; x_wconf 87' lang='grc' dir='ltr'>ή</span> <span class='ocrx_word' id='word_1_226' title='bbox 434 1570 584 1606; x_wconf 82' lang='grc' dir='ltr'>Κροτώπου</span> <span class='ocrx_word' id='word_1_227' title='bbox 593 1570 615 1586; x_wconf 88' lang='grc'><strong>⁷¹</strong></span> <span class='ocrx_word' id='word_1_228' title='bbox 642 1571 671 1604; x_wconf 80' lang='grc' dir='ltr'><strong>ὲξ</strong></span> <span class='ocrx_word' id='word_1_229' title='bbox 690 1570 858 1602; x_wconf 82' lang='grc' dir='ltr'>Ἀπόλλωνος</span> 
     </span>
    </p>
   </div>
   <div class='ocr_carea' id='block_1_33' title="bbox 82 1614 859 1652">
    <p class='ocr_par' dir='ltr' id='par_1_33' title="bbox 82 1614 859 1652">
     <span class='ocr_line' id='line_1_33' title="bbox 82 1614 859 1652; baseline 0.004 -12"><span class='ocrx_word' id='word_1_230' title='bbox 82 1614 142 1648; x_wconf 80' lang='grc' dir='ltr'>κύει,</span> <span class='ocrx_word' id='word_1_231' title='bbox 157 1618 203 1644; x_wconf 75' lang='grc' dir='ltr'>καὶ</span> <span class='ocrx_word' id='word_1_232' title='bbox 218 1618 350 1649; x_wconf 80' lang='grc' dir='ltr'>τεκοῦσα,</span> <span class='ocrx_word' id='word_1_233' title='bbox 370 1617 432 1644; x_wconf 76' lang='grc' dir='ltr'>ἐπεὶ</span> <span class='ocrx_word' id='word_1_234' title='bbox 443 1618 489 1644; x_wconf 83' lang='grc' dir='ltr'><strong>τὸν</strong></span> <span class='ocrx_word' id='word_1_235' title='bbox 505 1618 612 1652; x_wconf 77' lang='grc' dir='ltr'>πατέρα</span> <span class='ocrx_word' id='word_1_236' title='bbox 627 1617 769 1650; x_wconf 77' lang='grc' dir='ltr'>ἐδεδοίκει,</span> <span class='ocrx_word' id='word_1_237' title='bbox 786 1616 859 1643; x_wconf 81' lang='grc' dir='ltr'>ἐκτί-</span> 
     </span>
    </p>
   </div>
   <div class='ocr_carea' id='block_1_34' title="bbox 83 1660 859 1698">
    <p class='ocr_par' dir='ltr' id='par_1_34' title="bbox 83 1660 859 1698">
     <span class='ocr_line' id='line_1_34' title="bbox 83 1660 859 1698; baseline 0.003 -12"><span class='ocrx_word' id='word_1_238' title='bbox 83 1660 156 1694; x_wconf 78' lang='grc' dir='ltr'>θεται,</span> <span class='ocrx_word' id='word_1_239' title='bbox 170 1663 246 1690; x_wconf 87' lang='grc' dir='ltr'>Λίνον</span> <span class='ocrx_word' id='word_1_240' title='bbox 265 1664 436 1698; x_wconf 84' lang='grc' dir='ltr'>ὀνομάσασα.</span> <span class='ocrx_word' id='word_1_241' title='bbox 461 1664 517 1690; x_wconf 81' lang='grc' dir='ltr'><strong>Καὶ</strong></span> <span class='ocrx_word' id='word_1_242' title='bbox 540 1664 554 1690; x_wconf 82' lang='grc' dir='ltr'>ὁ</span> <span class='ocrx_word' id='word_1_243' title='bbox 581 1663 727 1697; x_wconf 77' lang='grc' dir='ltr'>δεξάμενος</span> <span class='ocrx_word' id='word_1_244' title='bbox 757 1663 859 1698; x_wconf 86' lang='grc' dir='ltr'>ποιμὴν</span> 
     </span>
    </p>
   </div>
   <div class='ocr_carea' id='block_1_35' title="bbox 83 1705 860 1745">
    <p class='ocr_par' dir='ltr' id='par_1_35' title="bbox 83 1705 860 1745">
     <span class='ocr_line' id='line_1_35' title="bbox 83 1705 860 1745; baseline -0.004 -8"><span class='ocrx_word' id='word_1_245' title='bbox 83 1705 112 1737; x_wconf 68' lang='grc' dir='ltr'>ὡς</span> <span class='ocrx_word' id='word_1_246' title='bbox 127 1708 186 1734; x_wconf 70' lang='grc' dir='ltr'>[διον</span> <span class='ocrx_word' id='word_1_247' title='bbox 201 1709 348 1745; x_wconf 84' lang='grc' dir='ltr'>ἀνέτρεφε,</span> <span class='ocrx_word' id='word_1_248' title='bbox 363 1709 410 1736; x_wconf 80' lang='grc' dir='ltr'><strong>καί</strong></span> <span class='ocrx_word' id='word_1_249' title='bbox 427 1718 493 1736; x_wconf 82' lang='grc' dir='ltr'>ποτε</span> <span class='ocrx_word' id='word_1_250' title='bbox 517 1709 542 1735; x_wconf 76' lang='grc' dir='ltr'>οἱ</span> <span class='ocrx_word' id='word_1_251' title='bbox 566 1709 616 1744; x_wconf 83' lang='grc' dir='ltr'>τῆς</span> <span class='ocrx_word' id='word_1_252' title='bbox 636 1710 756 1744; x_wconf 83' lang='grc' dir='ltr'>ποίμνης</span> <span class='ocrx_word' id='word_1_253' title='bbox 779 1709 860 1740; x_wconf 84' lang='grc' dir='ltr'>κύνες</span> 
     </span>
    </p>
   </div>
   <div class='ocr_carea' id='block_1_36' title="bbox 83 1751 860 1791">
    <p class='ocr_par' dir='ltr' id='par_1_36' title="bbox 83 1751 860 1791">
     <span class='ocr_line' id='line_1_36' title="bbox 83 1751 860 1791; baseline 0.006 -14"><span class='ocrx_word' id='word_1_254' title='bbox 83 1751 215 1782; x_wconf 80' lang='grc' dir='ltr'>διέσπασαν</span> <span class='ocrx_word' id='word_1_255' title='bbox 232 1756 328 1783; x_wconf 78' lang='grc' dir='ltr'>αὐτόν.</span> <span class='ocrx_word' id='word_1_256' title='bbox 352 1755 384 1782; x_wconf 93' lang='grc' dir='ltr'><strong>Ἡ</strong></span> <span class='ocrx_word' id='word_1_257' title='bbox 401 1756 429 1782; x_wconf 77' lang='grc' dir='ltr'>δὲ</span> <span class='ocrx_word' id='word_1_258' title='bbox 448 1756 670 1791; x_wconf 80' lang='grc' dir='ltr'>ὑπερπαθήσασα</span> <span class='ocrx_word' id='word_1_259' title='bbox 695 1755 860 1791; x_wconf 83' lang='grc' dir='ltr'>κατάφωρος</span> 
     </span>
    </p>
   </div>
   <div class='ocr_carea' id='block_1_37' title="bbox 82 1799 861 1838">
    <p class='ocr_par' dir='ltr' id='par_1_37' title="bbox 82 1799 861 1838">
     <span class='ocr_line' id='line_1_37' title="bbox 82 1799 861 1838; baseline 0.005 -14"><span class='ocrx_word' id='word_1_260' title='bbox 82 1799 245 1836; x_wconf 52' lang='lat' dir='ltr'><strong>Theseu-:12)“</strong></span> <span class='ocrx_word' id='word_1_261' title='bbox 260 1803 356 1837; x_wconf 79' lang='grc' dir='ltr'>πατρὶ.</span> <span class='ocrx_word' id='word_1_262' title='bbox 370 1802 418 1828; x_wconf 75' lang='grc' dir='ltr'>καὶ</span> <span class='ocrx_word' id='word_1_263' title='bbox 428 1801 535 1834; x_wconf 75' lang='grc' dir='ltr'>δικάζει</span> <span class='ocrx_word' id='word_1_264' title='bbox 543 1803 612 1838; x_wconf 86' lang='grc' dir='ltr'>αὐτῇ</span> <span class='ocrx_word' id='word_1_265' title='bbox 623 1802 748 1834; x_wconf 86' lang='grc' dir='ltr'>θάνατον,</span> <span class='ocrx_word' id='word_1_266' title='bbox 758 1811 861 1838; x_wconf 87' lang='grc' dir='ltr'>πεπορ-</span> 
     </span>
    </p>
   </div>
   <div class='ocr_carea' id='block_1_38' title="bbox 82 1843 860 1884">
    <p class='ocr_par' dir='ltr' id='par_1_38' title="bbox 82 1843 860 1884">
     <span class='ocr_line' id='line_1_38' title="bbox 82 1843 860 1884; baseline 0.006 -15"><span class='ocrx_word' id='word_1_267' title='bbox 82 1843 176 1872; x_wconf 80' lang='grc' dir='ltr'>νεῦσθαι</span> <span class='ocrx_word' id='word_1_268' title='bbox 200 1847 247 1874; x_wconf 81' lang='grc' dir='ltr'>καὶ</span> <span class='ocrx_word' id='word_1_269' title='bbox 275 1848 494 1882; x_wconf 71' lang='grc' dir='ltr'>καταψεύδεσθαι</span> <span class='ocrx_word' id='word_1_270' title='bbox 518 1848 602 1884; x_wconf 82' lang='grc' dir='ltr'>αὐτὴν</span> <span class='ocrx_word' id='word_1_271' title='bbox 620 1847 787 1879; x_wconf 79' lang='grc' dir='ltr'>Ἀπόλλωνος</span> <span class='ocrx_word' id='word_1_272' title='bbox 802 1848 860 1884; x_wconf 78' lang='grc' dir='ltr'>οἰη-</span> 
     </span>
    </p>
   </div>
   <div class='ocr_carea' id='block_1_39' title="bbox 82 1888 860 1930">
    <p class='ocr_par' dir='ltr' id='par_1_39' title="bbox 82 1888 860 1930">
     <span class='ocr_line' id='line_1_39' title="bbox 82 1888 860 1930; baseline -0.003 -9"><span class='ocrx_word' id='word_1_273' title='bbox 82 1888 138 1921; x_wconf 76' lang='grc' dir='ltr'>θείς.</span> <span class='ocrx_word' id='word_1_274' title='bbox 158 1893 298 1921; x_wconf 82' lang='grc' dir='ltr'>Ἀπόλλων</span> <span class='ocrx_word' id='word_1_275' title='bbox 318 1894 346 1920; x_wconf 85' lang='grc' dir='ltr'>δὲ</span> <span class='ocrx_word' id='word_1_276' title='bbox 369 1895 409 1930; x_wconf 82' lang='grc' dir='ltr'>τῷ</span> <span class='ocrx_word' id='word_1_277' title='bbox 424 1895 474 1929; x_wconf 83' lang='grc' dir='ltr'>τῆς</span> <span class='ocrx_word' id='word_1_278' title='bbox 486 1895 628 1930; x_wconf 78' lang='grc' dir='ltr'>ἐρωμένης</span> <span class='ocrx_word' id='word_1_279' title='bbox 643 1894 716 1929; x_wconf 81' lang='grc' dir='ltr'>φόνῳ</span> <span class='ocrx_word' id='word_1_280' title='bbox 730 1893 860 1930; x_wconf 75' lang='grc' dir='ltr'>χολωθεὶς</span> 
     </span>
    </p>
   </div>
   <div class='ocr_carea' id='block_1_40' title="bbox 82 1933 859 1976">
    <p class='ocr_par' dir='ltr' id='par_1_40' title="bbox 82 1933 859 1976">
     <span class='ocr_line' id='line_1_40' title="bbox 82 1933 859 1976; baseline 0.004 -12"><span class='ocrx_word' id='word_1_281' title='bbox 82 1933 135 1970; x_wconf 64' lang='grc'><strong>[555</strong></span> <span class='ocrx_word' id='word_1_282' title='bbox 149 1938 191 1975; x_wconf 57' lang='grc' dir='ltr'><strong>ἢ]</strong></span> <span class='ocrx_word' id='word_1_283' title='bbox 205 1940 296 1976; x_wconf 81' lang='grc' dir='ltr'>λοιμῷ</span> <span class='ocrx_word' id='word_1_284' title='bbox 310 1940 420 1972; x_wconf 79' lang='grc' dir='ltr'>κολάζει</span> <span class='ocrx_word' id='word_1_285' title='bbox 447 1941 512 1972; x_wconf 69' lang='grc' dir='ltr'>τοὺς</span> <span class='ocrx_word' id='word_1_286' title='bbox 531 1940 681 1976; x_wconf 81' lang='grc' dir='ltr'>Ἀργείους.</span> <span class='ocrx_word' id='word_1_287' title='bbox 707 1941 763 1967; x_wconf 75' lang='grc' dir='ltr'><strong>Καὶ</strong></span> <span class='ocrx_word' id='word_1_288' title='bbox 787 1949 859 1976; x_wconf 86' lang='grc' dir='ltr'>χρω-</span> 
     </span>
    </p>
   </div>
   <div class='ocr_carea' id='block_1_41' title="bbox 83 1984 860 2023">
    <p class='ocr_par' dir='ltr' id='par_1_41' title="bbox 83 1984 860 2023">
     <span class='ocr_line' id='line_1_41' title="bbox 83 1984 860 2023; baseline 0.005 -13"><span class='ocrx_word' id='word_1_289' title='bbox 83 1984 160 2017; x_wconf 74' lang='grc' dir='ltr'>μένοις</span> <span class='ocrx_word' id='word_1_290' title='bbox 184 1987 254 2023; x_wconf 82' lang='grc' dir='ltr'>ὑπὲρ</span> <span class='ocrx_word' id='word_1_291' title='bbox 277 1986 439 2022; x_wconf 78' lang='grc' dir='ltr'>ἀπαλλαγῆς</span> <span class='ocrx_word' id='word_1_292' title='bbox 459 1987 598 2022; x_wconf 76' lang='grc' dir='ltr'>Ψαμάθην</span> <span class='ocrx_word' id='word_1_293' title='bbox 619 1987 709 2014; x_wconf 78' lang='grc' dir='ltr'>ἀνεῖλε</span> <span class='ocrx_word' id='word_1_294' title='bbox 723 1987 771 2014; x_wconf 73' lang='grc' dir='ltr'>καὶ</span> <span class='ocrx_word' id='word_1_295' title='bbox 782 1987 860 2014; x_wconf 85' lang='grc' dir='ltr'>Λίνον</span> 
     </span>
    </p>
   </div>
   <div class='ocr_carea' id='block_1_42' title="bbox 81 2029 861 2069">
    <p class='ocr_par' dir='ltr' id='par_1_42' title="bbox 81 2029 861 2069">
     <span class='ocr_line' id='line_1_42' title="bbox 81 2029 861 2069; baseline 0.005 -13"><span class='ocrx_word' id='word_1_296' title='bbox 81 2029 235 2061; x_wconf 78' lang='grc' dir='ltr'>ἱλάσκεσθαι.</span> <span class='ocrx_word' id='word_1_297' title='bbox 254 2035 288 2060; x_wconf 86' lang='grc' dir='ltr'><strong>Οἱ</strong></span> <span class='ocrx_word' id='word_1_298' title='bbox 305 2034 333 2060; x_wconf 84' lang='grc' dir='ltr'>δὲ</span> <span class='ocrx_word' id='word_1_299' title='bbox 347 2034 380 2060; x_wconf 84' lang='grc' dir='ltr'>τά</span> <span class='ocrx_word' id='word_1_300' title='bbox 394 2042 423 2059; x_wconf 87' lang='grc' dir='ltr'><strong>τε</strong></span> <span class='ocrx_word' id='word_1_301' title='bbox 446 2033 514 2060; x_wconf 83' lang='grc' dir='ltr'>ἄλλα</span> <span class='ocrx_word' id='word_1_302' title='bbox 536 2034 670 2069; x_wconf 77' lang='grc' dir='ltr'>ἐτίμησαν</span> <span class='ocrx_word' id='word_1_303' title='bbox 684 2034 793 2066; x_wconf 79' lang='grc' dir='ltr'>αὐτοὺς,</span> <span class='ocrx_word' id='word_1_304' title='bbox 814 2034 861 2060; x_wconf 81' lang='grc' dir='ltr'>καὶ</span> 
     </span>
    </p>
   </div>
   <div class='ocr_carea' id='block_1_43' title="bbox 81 2075 861 2115">
    <p class='ocr_par' dir='ltr' id='par_1_43' title="bbox 81 2075 861 2115">
     <span class='ocr_line' id='line_1_43' title="bbox 81 2075 861 2115; baseline 0.004 -13"><span class='ocrx_word' id='word_1_305' title='bbox 81 2075 166 2108; x_wconf 74' lang='grc' dir='ltr'>γύναια</span> <span class='ocrx_word' id='word_1_306' title='bbox 180 2079 238 2114; x_wconf 74' lang='grc' dir='ltr'>ἅμα</span> <span class='ocrx_word' id='word_1_307' title='bbox 259 2080 357 2114; x_wconf 80' lang='grc' dir='ltr'>κόραις</span> <span class='ocrx_word' id='word_1_308' title='bbox 380 2079 506 2114; x_wconf 79' lang='grc' dir='ltr'>ἔπεμπον</span> <span class='ocrx_word' id='word_1_309' title='bbox 535 2079 645 2115; x_wconf 84' lang='grc' dir='ltr'>θρηνεῖν</span> <span class='ocrx_word' id='word_1_310' title='bbox 671 2079 766 2107; x_wconf 78' lang='grc' dir='ltr'>Δίνον⁸</span> <span class='ocrx_word' id='word_1_311' title='bbox 782 2080 811 2107; x_wconf 77' lang='grc' dir='ltr'>αἱ</span> <span class='ocrx_word' id='word_1_312' title='bbox 832 2079 861 2106; x_wconf 84' lang='grc' dir='ltr'>δὲ</span> 
     </span>
    </p>
   </div>
   <div class='ocr_carea' id='block_1_44' title="bbox 81 2122 861 2161">
    <p class='ocr_par' dir='ltr' id='par_1_44' title="bbox 81 2122 861 2161">
     <span class='ocr_line' id='line_1_44' title="bbox 81 2122 861 2161; baseline 0.001 -10"><span class='ocrx_word' id='word_1_313' title='bbox 81 2122 183 2158; x_wconf 80' lang='grc' dir='ltr'>θρήνους</span> <span class='ocrx_word' id='word_1_314' title='bbox 201 2126 372 2158; x_wconf 80' lang='grc' dir='ltr'>ἀντιὸολίαις</span> <span class='ocrx_word' id='word_1_315' title='bbox 392 2127 523 2161; x_wconf 75' lang='grc' dir='ltr'>μιγνῦσαι</span> <span class='ocrx_word' id='word_1_316' title='bbox 549 2126 598 2158; x_wconf 82' lang='grc' dir='ltr'>τάς</span> <span class='ocrx_word' id='word_1_317' title='bbox 620 2135 649 2152; x_wconf 83' lang='grc' dir='ltr'><strong>τε</strong></span> <span class='ocrx_word' id='word_1_318' title='bbox 675 2126 787 2152; x_wconf 80' lang='grc' dir='ltr'>ἐκείνων</span> <span class='ocrx_word' id='word_1_319' title='bbox 814 2126 861 2152; x_wconf 81' lang='grc' dir='ltr'>καὶ</span> 
     </span>
    </p>
   </div>
   <div class='ocr_carea' id='block_1_45' title="bbox 78 2167 860 2207">
    <p class='ocr_par' dir='ltr' id='par_1_45' title="bbox 78 2167 860 2207">
     <span class='ocr_line' id='line_1_45' title="bbox 78 2167 860 2207; baseline -0.003 -7"><span class='ocrx_word' id='word_1_320' title='bbox 78 2167 120 2200; x_wconf 77' lang='grc' dir='ltr'><strong>τὰς</strong></span> <span class='ocrx_word' id='word_1_321' title='bbox 134 2173 266 2207; x_wconf 78' lang='grc' dir='ltr'>σφετέρας</span> <span class='ocrx_word' id='word_1_322' title='bbox 286 2172 430 2199; x_wconf 84' lang='grc' dir='ltr'>ἀνέκλαιον</span> <span class='ocrx_word' id='word_1_323' title='bbox 444 2172 539 2207; x_wconf 82' lang='grc' dir='ltr'>τύχας.</span> <span class='ocrx_word' id='word_1_324' title='bbox 560 2173 615 2198; x_wconf 82' lang='grc' dir='ltr'><strong>Καὶ</strong></span> <span class='ocrx_word' id='word_1_325' title='bbox 641 2171 727 2203; x_wconf 80' lang='grc' dir='ltr'>οὕτως</span> <span class='ocrx_word' id='word_1_326' title='bbox 752 2169 787 2207; x_wconf 82' lang='grc' dir='ltr'><strong>ἦν</strong></span> <span class='ocrx_word' id='word_1_327' title='bbox 815 2172 860 2198; x_wconf 82' lang='grc' dir='ltr'><strong>ὲκ-</strong></span> 
     </span>
    </p>
   </div>
   <div class='ocr_carea' id='block_1_46' title="bbox 909 236 1700 273">
    <p class='ocr_par' dir='ltr' id='par_1_46' title="bbox 909 236 1700 273">
     <span class='ocr_line' id='line_1_46' title="bbox 909 236 1700 273; baseline 0 -9"><span class='ocrx_word' id='word_1_328' title='bbox 909 245 1016 272; x_wconf 80' lang='lat' dir='ltr'><strong>quoque</strong></span> <span class='ocrx_word' id='word_1_329' title='bbox 1031 236 1152 272; x_wconf 70' lang='lat' dir='ltr'><strong>praefert,</strong></span> <span class='ocrx_word' id='word_1_330' title='bbox 1175 237 1289 271; x_wconf 86' lang='lat' dir='ltr'><strong>justus:</strong></span> <span class='ocrx_word' id='word_1_331' title='bbox 1308 237 1417 273; x_wconf 85' lang='lat' dir='ltr'><strong>Syleum</strong></span> <span class='ocrx_word' id='word_1_332' title='bbox 1443 237 1538 272; x_wconf 76' lang='lat'><strong>1330</strong></span> <span class='ocrx_word' id='word_1_333' title='bbox 1564 245 1630 265; x_wconf 89' lang='lat' dir='ltr'><strong>vero</strong></span> <span class='ocrx_word' id='word_1_334' title='bbox 1656 238 1700 264; x_wconf 82' lang='lat' dir='ltr'><strong>in-</strong></span> 
     </span>
    </p>
   </div>
   <div class='ocr_carea' id='block_1_47' title="bbox 906 283 1699 320">
    <p class='ocr_par' dir='ltr' id='par_1_47' title="bbox 906 283 1699 320">
     <span class='ocr_line' id='line_1_47' title="bbox 906 283 1699 320; baseline 0 -9"><span class='ocrx_word' id='word_1_335' title='bbox 906 284 1005 318; x_wconf 72' lang='lat' dir='ltr'><strong>iuriam</strong></span> <span class='ocrx_word' id='word_1_336' title='bbox 1032 284 1088 320; x_wconf 88' lang='lat'><strong>(9|)</strong></span> <span class='ocrx_word' id='word_1_337' title='bbox 1115 283 1175 312; x_wconf 89' lang='lat' dir='ltr'><strong>aliis</strong></span> <span class='ocrx_word' id='word_1_338' title='bbox 1202 283 1364 311; x_wconf 77' lang='lat' dir='ltr'><strong>inferentem</strong></span> <span class='ocrx_word' id='word_1_339' title='bbox 1395 283 1525 311; x_wconf 84' lang='lat' dir='ltr'><strong>Hercules</strong></span> <span class='ocrx_word' id='word_1_340' title='bbox 1551 284 1699 311; x_wconf 87' lang='lat' dir='ltr'><strong>interfecit.</strong></span> 
     </span>
    </p>
   </div>
   <div class='ocr_carea' id='block_1_48' title="bbox 909 331 1701 367">
    <p class='ocr_par' dir='ltr' id='par_1_48' title="bbox 909 331 1701 367">
     <span class='ocr_line' id='line_1_48' title="bbox 909 331 1701 367; baseline -0.001 -8"><span class='ocrx_word' id='word_1_341' title='bbox 909 334 932 360; x_wconf 77' lang='grc' dir='ltr'>Α</span> <span class='ocrx_word' id='word_1_342' title='bbox 947 332 1036 359; x_wconf 69' lang='lat' dir='ltr'><strong>Dictaeo</strong></span> <span class='ocrx_word' id='word_1_343' title='bbox 1048 331 1146 359; x_wconf 88' lang='lat' dir='ltr'><strong>deinde</strong></span> <span class='ocrx_word' id='word_1_344' title='bbox 1161 332 1281 367; x_wconf 83' lang='lat' dir='ltr'><strong>hospitio</strong></span> <span class='ocrx_word' id='word_1_345' title='bbox 1301 336 1443 366; x_wconf 81' lang='lat' dir='ltr'><strong>exceptus,</strong></span> <span class='ocrx_word' id='word_1_346' title='bbox 1469 336 1496 358; x_wconf 90' lang='lat' dir='ltr'><strong>et</strong></span> <span class='ocrx_word' id='word_1_347' title='bbox 1523 338 1617 359; x_wconf 89' lang='lat' dir='ltr'><strong>amore</strong></span> <span class='ocrx_word' id='word_1_348' title='bbox 1639 331 1701 358; x_wconf 72' lang='lat' dir='ltr'><strong>tilia:</strong></span> 
     </span>
    </p>
   </div>
   <div class='ocr_carea' id='block_1_49' title="bbox 910 378 1699 415">
    <p class='ocr_par' dir='ltr' id='par_1_49' title="bbox 910 378 1699 415">
     <span class='ocr_line' id='line_1_49' title="bbox 910 378 1699 415; baseline -0.001 -9"><span class='ocrx_word' id='word_1_349' title='bbox 910 379 981 414; x_wconf 82' lang='lat' dir='ltr'><strong>Sylei</strong></span> <span class='ocrx_word' id='word_1_350' title='bbox 992 379 1059 415; x_wconf 76' lang='lat'><strong>(92),</strong></span> <span class='ocrx_word' id='word_1_351' title='bbox 1071 387 1152 414; x_wconf 86' lang='lat' dir='ltr'><strong>quam</strong></span> <span class='ocrx_word' id='word_1_352' title='bbox 1161 379 1232 412; x_wconf 87' lang='lat' dir='ltr'><strong>apud</strong></span> <span class='ocrx_word' id='word_1_353' title='bbox 1249 378 1322 405; x_wconf 91' lang='lat' dir='ltr'><strong>illum</strong></span> <span class='ocrx_word' id='word_1_354' title='bbox 1340 378 1449 405; x_wconf 76' lang='lat' dir='ltr'><strong>educari</strong></span> <span class='ocrx_word' id='word_1_355' title='bbox 1466 378 1580 410; x_wconf 85' lang='lat' dir='ltr'><strong>viderat,</strong></span> <span class='ocrx_word' id='word_1_356' title='bbox 1593 382 1699 412; x_wconf 81' lang='lat' dir='ltr'><strong>captus,</strong></span> 
     </span>
    </p>
   </div>
   <div class='ocr_carea' id='block_1_50' title="bbox 910 425 1701 459">
    <p class='ocr_par' dir='ltr' id='par_1_50' title="bbox 910 425 1701 459">
     <span class='ocr_line' id='line_1_50' title="bbox 910 425 1701 459; baseline -0.003 -6"><span class='ocrx_word' id='word_1_357' title='bbox 910 433 1022 453; x_wconf 85' lang='lat' dir='ltr'><strong>uxorem</strong></span> <span class='ocrx_word' id='word_1_358' title='bbox 1050 433 1109 452; x_wconf 83' lang='lat' dir='ltr'><strong>eam</strong></span> <span class='ocrx_word' id='word_1_359' title='bbox 1124 425 1212 452; x_wconf 78' lang='lat' dir='ltr'><strong>duxit.</strong></span> <span class='ocrx_word' id='word_1_360' title='bbox 1251 425 1299 451; x_wconf 86' lang='lat' dir='ltr'><strong>illa</strong></span> <span class='ocrx_word' id='word_1_361' title='bbox 1327 425 1435 452; x_wconf 89' lang='lat' dir='ltr'><strong>interim</strong></span> <span class='ocrx_word' id='word_1_362' title='bbox 1460 431 1571 459; x_wconf 79' lang='lat' dir='ltr'><strong>peregre</strong></span> <span class='ocrx_word' id='word_1_363' title='bbox 1595 425 1701 459; x_wconf 76' lang='lat' dir='ltr'><strong>agentis</strong></span> 
     </span>
    </p>
   </div>
   <div class='ocr_carea' id='block_1_51' title="bbox 910 469 1701 506">
    <p class='ocr_par' dir='ltr' id='par_1_51' title="bbox 910 469 1701 506">
     <span class='ocr_line' id='line_1_51' title="bbox 910 469 1701 506; baseline -0.001 -7"><span class='ocrx_word' id='word_1_364' title='bbox 910 471 1034 499; x_wconf 85' lang='lat' dir='ltr'><strong>Herculis</strong></span> <span class='ocrx_word' id='word_1_365' title='bbox 1058 471 1192 499; x_wconf 87' lang='lat' dir='ltr'><strong>desiderio</strong></span> <span class='ocrx_word' id='word_1_366' title='bbox 1214 478 1362 506; x_wconf 90' lang='lat' dir='ltr'><strong>amoreque</strong></span> <span class='ocrx_word' id='word_1_367' title='bbox 1388 471 1490 504; x_wconf 87' lang='lat' dir='ltr'><strong>saucia,</strong></span> <span class='ocrx_word' id='word_1_368' title='bbox 1523 471 1637 499; x_wconf 91' lang='lat' dir='ltr'><strong>interiit.</strong></span> <span class='ocrx_word' id='word_1_369' title='bbox 1661 469 1701 498; x_wconf 86' lang='lat' dir='ltr'><strong>lbi</strong></span> 
     </span>
    </p>
   </div>
   <div class='ocr_carea' id='block_1_52' title="bbox 911 516 1700 546">
    <p class='ocr_par' dir='ltr' id='par_1_52' title="bbox 911 516 1700 546">
     <span class='ocr_line' id='line_1_52' title="bbox 911 516 1700 546; baseline -0.003 -1"><span class='ocrx_word' id='word_1_370' title='bbox 911 517 1041 546; x_wconf 87' lang='lat' dir='ltr'><strong>Hercules</strong></span> <span class='ocrx_word' id='word_1_371' title='bbox 1058 525 1120 545; x_wconf 88' lang='lat' dir='ltr'><strong>cum</strong></span> <span class='ocrx_word' id='word_1_372' title='bbox 1144 525 1242 545; x_wconf 83' lang='lat' dir='ltr'><strong>recens</strong></span> <span class='ocrx_word' id='word_1_373' title='bbox 1259 522 1373 544; x_wconf 67' lang='lat' dir='ltr'><strong>mortua:</strong></span> <span class='ocrx_word' id='word_1_374' title='bbox 1400 516 1487 543; x_wconf 82' lang='lat' dir='ltr'><strong>funeri</strong></span> <span class='ocrx_word' id='word_1_375' title='bbox 1505 516 1576 544; x_wconf 89' lang='lat' dir='ltr'><strong>forte</strong></span> <span class='ocrx_word' id='word_1_376' title='bbox 1593 516 1700 544; x_wconf 82' lang='lat' dir='ltr'><strong>rediens</strong></span> 
     </span>
    </p>
   </div>
   <div class='ocr_carea' id='block_1_53' title="bbox 911 563 1702 598">
    <p class='ocr_par' dir='ltr' id='par_1_53' title="bbox 911 563 1702 598">
     <span class='ocr_line' id='line_1_53' title="bbox 911 563 1702 598; baseline -0.001 -7"><span class='ocrx_word' id='word_1_377' title='bbox 911 563 1114 595; x_wconf 86' lang='lat' dir='ltr'><strong>intervenisset,</strong></span> <span class='ocrx_word' id='word_1_378' title='bbox 1131 563 1158 590; x_wconf 90' lang='lat' dir='ltr'><strong>in</strong></span> <span class='ocrx_word' id='word_1_379' title='bbox 1171 563 1260 598; x_wconf 83' lang='lat' dir='ltr'><strong>ignem</strong></span> <span class='ocrx_word' id='word_1_380' title='bbox 1274 570 1325 590; x_wconf 85' lang='lat' dir='ltr'><strong>una</strong></span> <span class='ocrx_word' id='word_1_381' title='bbox 1337 563 1510 590; x_wconf 87' lang='lat' dir='ltr'><strong>cremandum</strong></span> <span class='ocrx_word' id='word_1_382' title='bbox 1522 569 1551 590; x_wconf 84' lang='lat' dir='ltr'><strong>se</strong></span> <span class='ocrx_word' id='word_1_383' title='bbox 1568 563 1702 598; x_wconf 85' lang='lat' dir='ltr'><strong>conjecis-</strong></span> 
     </span>
    </p>
   </div>
   <div class='ocr_carea' id='block_1_54' title="bbox 910 608 1702 643">
    <p class='ocr_par' dir='ltr' id='par_1_54' title="bbox 910 608 1702 643">
     <span class='ocr_line' id='line_1_54' title="bbox 910 608 1702 643; baseline -0.003 -6"><span class='ocrx_word' id='word_1_384' title='bbox 910 613 961 642; x_wconf 84' lang='lat' dir='ltr'><strong>set,</strong></span> <span class='ocrx_word' id='word_1_385' title='bbox 990 609 1042 636; x_wconf 89' lang='lat' dir='ltr'><strong>nisi</strong></span> <span class='ocrx_word' id='word_1_386' title='bbox 1055 609 1100 643; x_wconf 92' lang='lat' dir='ltr'><strong>qui</strong></span> <span class='ocrx_word' id='word_1_387' title='bbox 1113 609 1227 636; x_wconf 86' lang='lat' dir='ltr'><strong>aderant</strong></span> <span class='ocrx_word' id='word_1_388' title='bbox 1256 609 1403 643; x_wconf 77' lang='lat' dir='ltr'><strong>exsequiis,</strong></span> <span class='ocrx_word' id='word_1_389' title='bbox 1428 616 1500 643; x_wconf 65' lang='lat' dir='ltr'><strong>aegre</strong></span> <span class='ocrx_word' id='word_1_390' title='bbox 1520 608 1629 636; x_wconf 91' lang='lat' dir='ltr'><strong>tandem</strong></span> <span class='ocrx_word' id='word_1_391' title='bbox 1645 609 1702 635; x_wconf 89' lang='lat' dir='ltr'><strong>dis-</strong></span> 
     </span>
    </p>
   </div>
   <div class='ocr_carea' id='block_1_55' title="bbox 910 653 1701 690">
    <p class='ocr_par' dir='ltr' id='par_1_55' title="bbox 910 653 1701 690">
     <span class='ocr_line' id='line_1_55' title="bbox 910 653 1701 690; baseline 0 -8"><span class='ocrx_word' id='word_1_392' title='bbox 910 655 1059 687; x_wconf 85' lang='lat' dir='ltr'><strong>suadendo.</strong></span> <span class='ocrx_word' id='word_1_393' title='bbox 1089 655 1303 690; x_wconf 84' lang='lat' dir='ltr'><strong>prohibuissent.</strong></span> <span class='ocrx_word' id='word_1_394' title='bbox 1343 653 1431 681; x_wconf 80' lang='lat' dir='ltr'><strong>Vicini</strong></span> <span class='ocrx_word' id='word_1_395' title='bbox 1462 662 1554 688; x_wconf 91' lang='lat' dir='ltr'><strong>porro,</strong></span> <span class='ocrx_word' id='word_1_396' title='bbox 1584 654 1701 682; x_wconf 85' lang='lat' dir='ltr'><strong>Hercule</strong></span> 
     </span>
    </p>
   </div>
   <div class='ocr_carea' id='block_1_56' title="bbox 907 700 1700 736">
    <p class='ocr_par' dir='ltr' id='par_1_56' title="bbox 907 700 1700 736">
     <span class='ocr_line' id='line_1_56' title="bbox 907 700 1700 736; baseline -0.001 -7"><span class='ocrx_word' id='word_1_397' title='bbox 907 701 964 736; x_wconf 81' lang='lat' dir='ltr'><strong>jam</strong></span> <span class='ocrx_word' id='word_1_398' title='bbox 976 701 1109 736; x_wconf 83' lang='lat' dir='ltr'><strong>profecto,</strong></span> <span class='ocrx_word' id='word_1_399' title='bbox 1130 701 1226 736; x_wconf 69' lang='lat' dir='ltr'><strong>puella:</strong></span> <span class='ocrx_word' id='word_1_400' title='bbox 1247 701 1400 736; x_wconf 80' lang='lat' dir='ltr'><strong>sepulcrum</strong></span> <span class='ocrx_word' id='word_1_401' title='bbox 1415 700 1529 728; x_wconf 61' lang='lat' dir='ltr'><strong>aedilicio</strong></span> <span class='ocrx_word' id='word_1_402' title='bbox 1545 702 1700 734; x_wconf 86' lang='lat' dir='ltr'><strong>cinxerunt,</strong></span> 
     </span>
    </p>
   </div>
   <div class='ocr_carea' id='block_1_57' title="bbox 910 746 1621 782">
    <p class='ocr_par' dir='ltr' id='par_1_57' title="bbox 910 746 1621 782">
     <span class='ocr_line' id='line_1_57' title="bbox 910 746 1621 782; baseline -0.001 -7"><span class='ocrx_word' id='word_1_403' title='bbox 910 754 942 775; x_wconf 85' lang='lat' dir='ltr'><strong>ac</strong></span> <span class='ocrx_word' id='word_1_404' title='bbox 954 755 1002 782; x_wconf 92' lang='lat' dir='ltr'><strong>pro</strong></span> <span class='ocrx_word' id='word_1_405' title='bbox 1019 752 1195 775; x_wconf 88' lang='lat' dir='ltr'><strong>monumento</strong></span> <span class='ocrx_word' id='word_1_406' title='bbox 1210 747 1302 775; x_wconf 85' lang='lat' dir='ltr'><strong>fanum</strong></span> <span class='ocrx_word' id='word_1_407' title='bbox 1320 747 1444 775; x_wconf 86' lang='lat' dir='ltr'><strong>Herculis</strong></span> <span class='ocrx_word' id='word_1_408' title='bbox 1463 746 1621 775; x_wconf 77' lang='lat' dir='ltr'><strong>eﬁ&#39;ecerunt.</strong></span> 
     </span>
    </p>
   </div>
   <div class='ocr_carea' id='block_1_58' title="bbox 942 793 1704 828">
    <p class='ocr_par' dir='ltr' id='par_1_58' title="bbox 942 793 1704 828">
     <span class='ocr_line' id='line_1_58' title="bbox 942 793 1704 828; baseline -0.001 -7"><span class='ocrx_word' id='word_1_409' title='bbox 942 793 1043 822; x_wconf 88' lang='lat' dir='ltr'><strong>Octava</strong></span> <span class='ocrx_word' id='word_1_410' title='bbox 1068 794 1171 822; x_wconf 85' lang='lat' dir='ltr'><strong>decima</strong></span> <span class='ocrx_word' id='word_1_411' title='bbox 1192 802 1200 822; x_wconf 91' lang='lat'><strong>:</strong></span> <span class='ocrx_word' id='word_1_412' title='bbox 1219 793 1298 821; x_wconf 88' lang='lat' dir='ltr'><strong>Locri</strong></span> <span class='ocrx_word' id='word_1_413' title='bbox 1327 797 1488 828; x_wconf 77' lang='lat' dir='ltr'><strong>pugnantes,</strong></span> <span class='ocrx_word' id='word_1_414' title='bbox 1512 794 1584 828; x_wconf 88' lang='lat' dir='ltr'><strong>quod</strong></span> <span class='ocrx_word' id='word_1_415' title='bbox 1615 793 1704 828; x_wconf 84' lang='lat' dir='ltr'><strong>gentis</strong></span> 
     </span>
    </p>
   </div>
   <div class='ocr_carea' id='block_1_59' title="bbox 911 839 1701 876">
    <p class='ocr_par' dir='ltr' id='par_1_59' title="bbox 911 839 1701 876">
     <span class='ocr_line' id='line_1_59' title="bbox 911 839 1701 876; baseline -0.001 -8"><span class='ocrx_word' id='word_1_416' title='bbox 911 841 1030 876; x_wconf 87' lang='lat' dir='ltr'><strong>ejusdem</strong></span> <span class='ocrx_word' id='word_1_417' title='bbox 1046 841 1114 875; x_wconf 83' lang='lat' dir='ltr'><strong>Ajax</strong></span> <span class='ocrx_word' id='word_1_418' title='bbox 1130 840 1221 874; x_wconf 85' lang='lat' dir='ltr'><strong>fuerit,</strong></span> <span class='ocrx_word' id='word_1_419' title='bbox 1243 841 1270 868; x_wconf 91' lang='lat' dir='ltr'><strong>in</strong></span> <span class='ocrx_word' id='word_1_420' title='bbox 1295 841 1354 867; x_wconf 82' lang='lat' dir='ltr'><strong>acie</strong></span> <span class='ocrx_word' id='word_1_421' title='bbox 1379 840 1512 867; x_wconf 88' lang='lat' dir='ltr'><strong>instructa</strong></span> <span class='ocrx_word' id='word_1_422' title='bbox 1535 846 1650 867; x_wconf 89' lang='lat' dir='ltr'><strong>vacuum</strong></span> <span class='ocrx_word' id='word_1_423' title='bbox 1662 839 1701 867; x_wconf 88' lang='lat' dir='ltr'><strong>illi</strong></span> 
     </span>
    </p>
   </div>
   <div class='ocr_carea' id='block_1_60' title="bbox 912 884 1701 920">
    <p class='ocr_par' dir='ltr' id='par_1_60' title="bbox 912 884 1701 920">
     <span class='ocr_line' id='line_1_60' title="bbox 912 884 1701 920; baseline -0.003 -7"><span class='ocrx_word' id='word_1_424' title='bbox 912 886 1000 914; x_wconf 82' lang='lat' dir='ltr'><strong>locum</strong></span> <span class='ocrx_word' id='word_1_425' title='bbox 1015 886 1171 920; x_wconf 88' lang='lat' dir='ltr'><strong>relinquere</strong></span> <span class='ocrx_word' id='word_1_426' title='bbox 1181 886 1279 918; x_wconf 86' lang='lat' dir='ltr'><strong>solent,</strong></span> <span class='ocrx_word' id='word_1_427' title='bbox 1299 885 1411 920; x_wconf 90' lang='lat' dir='ltr'><strong>perinde</strong></span> <span class='ocrx_word' id='word_1_428' title='bbox 1423 892 1455 912; x_wconf 89' lang='lat' dir='ltr'><strong>ac</strong></span> <span class='ocrx_word' id='word_1_429' title='bbox 1469 884 1492 912; x_wconf 85' lang='lat' dir='ltr'><strong>si</strong></span> <span class='ocrx_word' id='word_1_430' title='bbox 1511 884 1538 912; x_wconf 93' lang='lat' dir='ltr'><strong>in</strong></span> <span class='ocrx_word' id='word_1_431' title='bbox 1555 891 1588 912; x_wconf 86' lang='lat' dir='ltr'><strong>eo</strong></span> <span class='ocrx_word' id='word_1_432' title='bbox 1606 884 1701 911; x_wconf 92' lang='lat' dir='ltr'><strong>ordine</strong></span> 
     </span>
    </p>
   </div>
   <div class='ocr_carea' id='block_1_61' title="bbox 909 930 1701 967">
    <p class='ocr_par' dir='ltr' id='par_1_61' title="bbox 909 930 1701 967">
     <span class='ocr_line' id='line_1_61' title="bbox 909 930 1701 967; baseline -0.004 -7"><span class='ocrx_word' id='word_1_433' title='bbox 909 932 1088 960; x_wconf 82' lang='lat' dir='ltr'><strong>constitisset.</strong></span> <span class='ocrx_word' id='word_1_434' title='bbox 1116 932 1153 959; x_wconf 90' lang='lat' dir='ltr'><strong>Ita</strong></span> <span class='ocrx_word' id='word_1_435' title='bbox 1178 939 1244 967; x_wconf 87' lang='lat' dir='ltr'><strong>ergo</strong></span> <span class='ocrx_word' id='word_1_436' title='bbox 1264 939 1326 958; x_wconf 90' lang='lat' dir='ltr'><strong>cum</strong></span> <span class='ocrx_word' id='word_1_437' title='bbox 1347 931 1463 958; x_wconf 77' lang='lat' dir='ltr'><strong>ordinati</strong></span> <span class='ocrx_word' id='word_1_438' title='bbox 1486 935 1591 958; x_wconf 87' lang='lat' dir='ltr'><strong>starent</strong></span> <span class='ocrx_word' id='word_1_439' title='bbox 1618 930 1645 957; x_wconf 93' lang='lat' dir='ltr'><strong>in</strong></span> <span class='ocrx_word' id='word_1_440' title='bbox 1667 936 1701 957; x_wconf 87' lang='lat' dir='ltr'><strong>eo</strong></span> 
     </span>
    </p>
   </div>
   <div class='ocr_carea' id='block_1_62' title="bbox 909 976 1686 1014">
    <p class='ocr_par' dir='ltr' id='par_1_62' title="bbox 909 976 1686 1014">
     <span class='ocr_line' id='line_1_62' title="bbox 909 976 1686 1014; baseline -0.003 -9"><span class='ocrx_word' id='word_1_441' title='bbox 909 978 1006 1014; x_wconf 66' lang='lat' dir='ltr'><strong>proelio</strong></span> <span class='ocrx_word' id='word_1_442' title='bbox 1017 977 1089 1012; x_wconf 89' lang='lat' dir='ltr'><strong>quod</strong></span> <span class='ocrx_word' id='word_1_443' title='bbox 1102 978 1169 1013; x_wconf 83' lang='lat' dir='ltr'><strong>ipsis</strong></span> <span class='ocrx_word' id='word_1_444' title='bbox 1182 985 1243 1005; x_wconf 93' lang='lat' dir='ltr'><strong>cum</strong></span> <span class='ocrx_word' id='word_1_445' title='bbox 1259 977 1425 1004; x_wconf 89' lang='lat' dir='ltr'><strong>Crotoniatis</strong></span> <span class='ocrx_word' id='word_1_446' title='bbox 1439 976 1501 1009; x_wconf 85' lang='lat' dir='ltr'><strong>fuit,</strong></span> <span class='ocrx_word' id='word_1_447' title='bbox 1515 976 1601 1003; x_wconf 89' lang='lat' dir='ltr'><strong>voluit</strong></span> <span class='ocrx_word' id='word_1_448' title='bbox 1614 977 1686 1003; x_wconf 84' lang='lat' dir='ltr'><strong>Aulo</strong></span> 
     </span>
    </p>
   </div>
   <div class='ocr_carea' id='block_1_63' title="bbox 910 1023 1698 1059">
    <p class='ocr_par' dir='ltr' id='par_1_63' title="bbox 910 1023 1698 1059">
     <span class='ocr_line' id='line_1_63' title="bbox 910 1023 1698 1059; baseline -0.003 -7"><span class='ocrx_word' id='word_1_449' title='bbox 910 1025 969 1052; x_wconf 90' lang='lat' dir='ltr'><strong>leon</strong></span> <span class='ocrx_word' id='word_1_450' title='bbox 980 1024 1150 1052; x_wconf 86' lang='lat' dir='ltr'><strong>Crotoniates</strong></span> <span class='ocrx_word' id='word_1_451' title='bbox 1162 1031 1210 1059; x_wconf 88' lang='lat' dir='ltr'><strong>per</strong></span> <span class='ocrx_word' id='word_1_452' title='bbox 1220 1031 1332 1051; x_wconf 80' lang='lat' dir='ltr'><strong>vacuam</strong></span> <span class='ocrx_word' id='word_1_453' title='bbox 1344 1023 1416 1050; x_wconf 87' lang='lat' dir='ltr'><strong>illam</strong></span> <span class='ocrx_word' id='word_1_454' title='bbox 1429 1028 1532 1058; x_wconf 89' lang='lat' dir='ltr'><strong>partem</strong></span> <span class='ocrx_word' id='word_1_455' title='bbox 1546 1029 1698 1056; x_wconf 82' lang='lat' dir='ltr'><strong>erumpere,</strong></span> 
     </span>
    </p>
   </div>
   <div class='ocr_carea' id='block_1_64' title="bbox 910 1068 1698 1106">
    <p class='ocr_par' dir='ltr' id='par_1_64' title="bbox 910 1068 1698 1106">
     <span class='ocr_line' id='line_1_64' title="bbox 910 1068 1698 1106; baseline -0.003 -8"><span class='ocrx_word' id='word_1_456' title='bbox 910 1071 1058 1106; x_wconf 85' lang='lat' dir='ltr'><strong>h05tesque</strong></span> <span class='ocrx_word' id='word_1_457' title='bbox 1080 1071 1200 1105; x_wconf 87' lang='lat' dir='ltr'><strong>cingere.</strong></span> <span class='ocrx_word' id='word_1_458' title='bbox 1236 1069 1334 1097; x_wconf 87' lang='lat' dir='ltr'><strong>Verum</strong></span> <span class='ocrx_word' id='word_1_459' title='bbox 1346 1077 1361 1096; x_wconf 89' lang='lat' dir='ltr'><strong>a</strong></span> <span class='ocrx_word' id='word_1_460' title='bbox 1374 1075 1482 1104; x_wconf 83' lang='lat' dir='ltr'><strong>spectro</strong></span> <span class='ocrx_word' id='word_1_461' title='bbox 1499 1069 1654 1096; x_wconf 85' lang='lat' dir='ltr'><strong>vulneratus</strong></span> <span class='ocrx_word' id='word_1_462' title='bbox 1671 1068 1698 1096; x_wconf 91' lang='lat' dir='ltr'><strong>in</strong></span> 
     </span>
    </p>
   </div>
   <div class='ocr_carea' id='block_1_65' title="bbox 910 1116 1699 1152">
    <p class='ocr_par' dir='ltr' id='par_1_65' title="bbox 910 1116 1699 1152">
     <span class='ocr_line' id='line_1_65' title="bbox 910 1116 1699 1152; baseline 0 -8"><span class='ocrx_word' id='word_1_463' title='bbox 910 1118 1025 1151; x_wconf 90' lang='lat' dir='ltr'><strong>femore,</strong></span> <span class='ocrx_word' id='word_1_464' title='bbox 1050 1117 1117 1152; x_wconf 82' lang='lat' dir='ltr'><strong>fugit</strong></span> <span class='ocrx_word' id='word_1_465' title='bbox 1135 1122 1215 1152; x_wconf 90' lang='lat' dir='ltr'><strong>atque</strong></span> <span class='ocrx_word' id='word_1_466' title='bbox 1228 1117 1420 1144; x_wconf 88' lang='lat' dir='ltr'><strong>contabescerc</strong></span> <span class='ocrx_word' id='word_1_467' title='bbox 1444 1117 1536 1151; x_wconf 76' lang='lat' dir='ltr'><strong>coepit,</strong></span> <span class='ocrx_word' id='word_1_468' title='bbox 1565 1116 1651 1144; x_wconf 90' lang='lat' dir='ltr'><strong>donec</strong></span> <span class='ocrx_word' id='word_1_469' title='bbox 1664 1124 1699 1144; x_wconf 86' lang='lat' dir='ltr'><strong>ex</strong></span> 
     </span>
    </p>
   </div>
   <div class='ocr_carea' id='block_1_66' title="bbox 911 1162 1698 1198">
    <p class='ocr_par' dir='ltr' id='par_1_66' title="bbox 911 1162 1698 1198">
     <span class='ocr_line' id='line_1_66' title="bbox 911 1162 1698 1198; baseline -0.001 -7"><span class='ocrx_word' id='word_1_470' title='bbox 911 1164 1020 1192; x_wconf 92' lang='lat' dir='ltr'><strong>oraculo</strong></span> <span class='ocrx_word' id='word_1_471' title='bbox 1042 1164 1068 1191; x_wconf 95' lang='lat' dir='ltr'><strong>in</strong></span> <span class='ocrx_word' id='word_1_472' title='bbox 1086 1163 1202 1192; x_wconf 86' lang='lat' dir='ltr'><strong>insulam</strong></span> <span class='ocrx_word' id='word_1_473' title='bbox 1225 1163 1304 1191; x_wconf 87' lang='lat' dir='ltr'><strong>Ponti</strong></span> <span class='ocrx_word' id='word_1_474' title='bbox 1333 1163 1483 1191; x_wconf 83' lang='lat' dir='ltr'><strong>Achilleum</strong></span> <span class='ocrx_word' id='word_1_475' title='bbox 1506 1162 1577 1198; x_wconf 66' lang='lat' dir='ltr'><strong>(qute</strong></span> <span class='ocrx_word' id='word_1_476' title='bbox 1602 1162 1698 1190; x_wconf 83' lang='lat' dir='ltr'><strong>Istrum</strong></span> 
     </span>
    </p>
   </div>
   <div class='ocr_carea' id='block_1_67' title="bbox 910 1209 1699 1246">
    <p class='ocr_par' dir='ltr' id='par_1_67' title="bbox 910 1209 1699 1246">
     <span class='ocr_line' id='line_1_67' title="bbox 910 1209 1699 1246; baseline -0.003 -8"><span class='ocrx_word' id='word_1_477' title='bbox 910 1211 1150 1246; x_wconf 71' lang='lat' dir='ltr'><strong>pmternaviganti</strong></span> <span class='ocrx_word' id='word_1_478' title='bbox 1174 1218 1254 1246; x_wconf 86' lang='lat' dir='ltr'><strong>supra</strong></span> <span class='ocrx_word' id='word_1_479' title='bbox 1272 1209 1415 1237; x_wconf 83' lang='lat' dir='ltr'><strong>Tauricam</strong></span> <span class='ocrx_word' id='word_1_480' title='bbox 1431 1210 1483 1238; x_wconf 87' lang='lat' dir='ltr'><strong>sita</strong></span> <span class='ocrx_word' id='word_1_481' title='bbox 1502 1210 1566 1245; x_wconf 82' lang='lat' dir='ltr'><strong>est),</strong></span> <span class='ocrx_word' id='word_1_482' title='bbox 1582 1209 1699 1243; x_wconf 87' lang='lat' dir='ltr'><strong>delatus,</strong></span> 
     </span>
    </p>
   </div>
   <div class='ocr_carea' id='block_1_68' title="bbox 911 1254 1700 1289">
    <p class='ocr_par' dir='ltr' id='par_1_68' title="bbox 911 1254 1700 1289">
     <span class='ocr_line' id='line_1_68' title="bbox 911 1254 1700 1289; baseline -0.004 -5"><span class='ocrx_word' id='word_1_483' title='bbox 911 1266 971 1285; x_wconf 90' lang='lat' dir='ltr'><strong>cum</strong></span> <span class='ocrx_word' id='word_1_484' title='bbox 999 1257 1067 1284; x_wconf 87' lang='lat' dir='ltr'><strong>alios</strong></span> <span class='ocrx_word' id='word_1_485' title='bbox 1097 1257 1132 1284; x_wconf 89' lang='lat' dir='ltr'><strong>ibi</strong></span> <span class='ocrx_word' id='word_1_486' title='bbox 1164 1256 1270 1289; x_wconf 82' lang='lat' dir='ltr'><strong>heroas,</strong></span> <span class='ocrx_word' id='word_1_487' title='bbox 1304 1260 1358 1282; x_wconf 92' lang='lat' dir='ltr'><strong>tum</strong></span> <span class='ocrx_word' id='word_1_488' title='bbox 1376 1262 1441 1283; x_wconf 87' lang='lat' dir='ltr'><strong>vero</strong></span> <span class='ocrx_word' id='word_1_489' title='bbox 1467 1255 1584 1282; x_wconf 85' lang='lat' dir='ltr'><strong>maxime</strong></span> <span class='ocrx_word' id='word_1_490' title='bbox 1611 1254 1700 1288; x_wconf 75' lang='lat' dir='ltr'><strong>Aiacis</strong></span> 
     </span>
    </p>
   </div>
   <div class='ocr_carea' id='block_1_69' title="bbox 911 1301 1699 1337">
    <p class='ocr_par' dir='ltr' id='par_1_69' title="bbox 911 1301 1699 1337">
     <span class='ocr_line' id='line_1_69' title="bbox 911 1301 1699 1337; baseline -0.001 -7"><span class='ocrx_word' id='word_1_491' title='bbox 911 1303 1056 1331; x_wconf 86' lang='lat' dir='ltr'><strong>Locrensis</strong></span> <span class='ocrx_word' id='word_1_492' title='bbox 1082 1310 1175 1330; x_wconf 87' lang='lat' dir='ltr'><strong>manes</strong></span> <span class='ocrx_word' id='word_1_493' title='bbox 1193 1302 1334 1337; x_wconf 87' lang='lat' dir='ltr'><strong>placando,</strong></span> <span class='ocrx_word' id='word_1_494' title='bbox 1350 1306 1460 1329; x_wconf 81' lang='lat' dir='ltr'><strong>sanatus</strong></span> <span class='ocrx_word' id='word_1_495' title='bbox 1473 1307 1523 1330; x_wconf 88' lang='lat' dir='ltr'><strong>est.</strong></span> <span class='ocrx_word' id='word_1_496' title='bbox 1542 1301 1699 1336; x_wconf 63' lang='lat' dir='ltr'><strong>,Decedenti</strong></span> 
     </span>
    </p>
   </div>
   <div class='ocr_carea' id='block_1_70' title="bbox 910 1345 1699 1381">
    <p class='ocr_par' dir='ltr' id='par_1_70' title="bbox 910 1345 1699 1381">
     <span class='ocr_line' id='line_1_70' title="bbox 910 1345 1699 1381; baseline 0.003 -8"><span class='ocrx_word' id='word_1_497' title='bbox 910 1352 1000 1374; x_wconf 86' lang='lat' dir='ltr'><strong>autem</strong></span> <span class='ocrx_word' id='word_1_498' title='bbox 1018 1346 1080 1374; x_wconf 88' lang='lat' dir='ltr'><strong>inde</strong></span> <span class='ocrx_word' id='word_1_499' title='bbox 1097 1345 1196 1374; x_wconf 87' lang='lat' dir='ltr'><strong>Helena</strong></span> <span class='ocrx_word' id='word_1_500' title='bbox 1214 1346 1350 1381; x_wconf 83' lang='lat' dir='ltr'><strong>negotium</strong></span> <span class='ocrx_word' id='word_1_501' title='bbox 1365 1346 1450 1378; x_wconf 84' lang='lat' dir='ltr'><strong>dedit,</strong></span> <span class='ocrx_word' id='word_1_502' title='bbox 1465 1345 1618 1374; x_wconf 89' lang='lat' dir='ltr'><strong>Stesichoro</strong></span> <span class='ocrx_word' id='word_1_503' title='bbox 1643 1347 1699 1381; x_wconf 82' lang='lat'><strong>(95)</strong></span> 
     </span>
    </p>
   </div>
   <div class='ocr_carea' id='block_1_71' title="bbox 911 1393 1700 1428">
    <p class='ocr_par' dir='ltr' id='par_1_71' title="bbox 911 1393 1700 1428">
     <span class='ocr_line' id='line_1_71' title="bbox 911 1393 1700 1428; baseline 0.001 -8"><span class='ocrx_word' id='word_1_504' title='bbox 911 1397 939 1420; x_wconf 90' lang='lat' dir='ltr'><strong>ut</strong></span> <span class='ocrx_word' id='word_1_505' title='bbox 956 1393 1100 1425; x_wconf 79' lang='lat' dir='ltr'><strong>nuntiaret,</strong></span> <span class='ocrx_word' id='word_1_506' title='bbox 1124 1393 1147 1420; x_wconf 87' lang='lat' dir='ltr'><strong>si</strong></span> <span class='ocrx_word' id='word_1_507' title='bbox 1163 1393 1257 1420; x_wconf 90' lang='lat' dir='ltr'><strong>oculos</strong></span> <span class='ocrx_word' id='word_1_508' title='bbox 1279 1397 1472 1427; x_wconf 87' lang='lat' dir='ltr'><strong>aspectnmque</strong></span> <span class='ocrx_word' id='word_1_509' title='bbox 1484 1399 1598 1426; x_wconf 87' lang='lat' dir='ltr'><strong>amaret,</strong></span> <span class='ocrx_word' id='word_1_510' title='bbox 1613 1394 1700 1428; x_wconf 89' lang='lat' dir='ltr'><strong>palin-</strong></span> 
     </span>
    </p>
   </div>
   <div class='ocr_carea' id='block_1_72' title="bbox 910 1439 1698 1474">
    <p class='ocr_par' dir='ltr' id='par_1_72' title="bbox 910 1439 1698 1474">
     <span class='ocr_line' id='line_1_72' title="bbox 910 1439 1698 1474; baseline 0.003 -8"><span class='ocrx_word' id='word_1_511' title='bbox 910 1439 1000 1466; x_wconf 90' lang='lat' dir='ltr'><strong>odiam</strong></span> <span class='ocrx_word' id='word_1_512' title='bbox 1034 1447 1129 1467; x_wconf 86' lang='lat' dir='ltr'><strong>eorum</strong></span> <span class='ocrx_word' id='word_1_513' title='bbox 1156 1444 1284 1470; x_wconf 85' lang='lat' dir='ltr'><strong>caneret,</strong></span> <span class='ocrx_word' id='word_1_514' title='bbox 1311 1447 1371 1473; x_wconf 69' lang='lat' dir='ltr'><strong>quae</strong></span> <span class='ocrx_word' id='word_1_515' title='bbox 1395 1440 1423 1467; x_wconf 86' lang='lat' dir='ltr'><strong>in</strong></span> <span class='ocrx_word' id='word_1_516' title='bbox 1447 1447 1477 1468; x_wconf 89' lang='lat' dir='ltr'><strong>sc</strong></span> <span class='ocrx_word' id='word_1_517' title='bbox 1504 1441 1698 1474; x_wconf 80' lang='lat' dir='ltr'><strong>conspexisset.</strong></span> 
     </span>
    </p>
   </div>
   <div class='ocr_carea' id='block_1_73' title="bbox 913 1484 1701 1522">
    <p class='ocr_par' dir='ltr' id='par_1_73' title="bbox 913 1484 1701 1522">
     <span class='ocr_line' id='line_1_73' title="bbox 913 1484 1701 1522; baseline 0.003 -10"><span class='ocrx_word' id='word_1_518' title='bbox 913 1484 1087 1512; x_wconf 87' lang='lat' dir='ltr'><strong>Stesichorus</strong></span> <span class='ocrx_word' id='word_1_519' title='bbox 1103 1485 1186 1519; x_wconf 80' lang='lat' dir='ltr'><strong>igitur</strong></span> <span class='ocrx_word' id='word_1_520' title='bbox 1199 1486 1342 1514; x_wconf 89' lang='lat' dir='ltr'><strong>confestim</strong></span> <span class='ocrx_word' id='word_1_521' title='bbox 1355 1487 1469 1522; x_wconf 88' lang='lat' dir='ltr'><strong>hymnos</strong></span> <span class='ocrx_word' id='word_1_522' title='bbox 1484 1487 1510 1513; x_wconf 91' lang='lat' dir='ltr'><strong>in</strong></span> <span class='ocrx_word' id='word_1_523' title='bbox 1523 1485 1630 1514; x_wconf 64' lang='lat' dir='ltr'><strong>Helenae</strong></span> <span class='ocrx_word' id='word_1_524' title='bbox 1643 1487 1701 1514; x_wconf 86' lang='lat' dir='ltr'><strong>lau-</strong></span> 
     </span>
    </p>
   </div>
   <div class='ocr_carea' id='block_1_74' title="bbox 871 1532 1664 1572">
    <p class='ocr_par' dir='ltr' id='par_1_74' title="bbox 871 1532 1664 1572">
     <span class='ocr_line' id='line_1_74' title="bbox 871 1532 1664 1572; baseline 0.003 -14"><span class='ocrx_word' id='word_1_525' title='bbox 871 1541 894 1572; x_wconf 76' lang='lat' dir='ltr'>C</span> <span class='ocrx_word' id='word_1_526' title='bbox 912 1533 972 1559; x_wconf 86' lang='lat' dir='ltr'><strong>dem</strong></span> <span class='ocrx_word' id='word_1_527' title='bbox 989 1532 1150 1566; x_wconf 86' lang='lat' dir='ltr'><strong>composuit,</strong></span> <span class='ocrx_word' id='word_1_528' title='bbox 1167 1532 1361 1566; x_wconf 84' lang='lat' dir='ltr'><strong>oculorumque</strong></span> <span class='ocrx_word' id='word_1_529' title='bbox 1378 1532 1468 1559; x_wconf 91' lang='lat' dir='ltr'><strong>lumen</strong></span> <span class='ocrx_word' id='word_1_530' title='bbox 1485 1534 1664 1567; x_wconf 80' lang='lat' dir='ltr'><strong>recuperavit.</strong></span> 
     </span>
    </p>
   </div>
   <div class='ocr_carea' id='block_1_75' title="bbox 943 1577 1701 1614">
    <p class='ocr_par' dir='ltr' id='par_1_75' title="bbox 943 1577 1701 1614">
     <span class='ocr_line' id='line_1_75' title="bbox 943 1577 1701 1614; baseline 0.003 -10"><span class='ocrx_word' id='word_1_531' title='bbox 943 1577 1019 1605; x_wconf 86' lang='lat' dir='ltr'><strong>Nona</strong></span> <span class='ocrx_word' id='word_1_532' title='bbox 1031 1578 1135 1605; x_wconf 86' lang='lat' dir='ltr'><strong>decima</strong></span> <span class='ocrx_word' id='word_1_533' title='bbox 1149 1578 1376 1614; x_wconf 68' lang='lat' dir='ltr'><strong>:Psamathe(94)</strong></span> <span class='ocrx_word' id='word_1_534' title='bbox 1384 1578 1492 1613; x_wconf 91' lang='lat' dir='ltr'><strong>Crotopi</strong></span> <span class='ocrx_word' id='word_1_535' title='bbox 1509 1579 1562 1606; x_wconf 82' lang='lat' dir='ltr'><strong>filia</strong></span> <span class='ocrx_word' id='word_1_536' title='bbox 1579 1587 1612 1606; x_wconf 91' lang='lat' dir='ltr'><strong>ex</strong></span> <span class='ocrx_word' id='word_1_537' title='bbox 1621 1579 1701 1614; x_wconf 81' lang='lat' dir='ltr'><strong>Apol-</strong></span> 
     </span>
    </p>
   </div>
   <div class='ocr_carea' id='block_1_76' title="bbox 908 1623 1699 1659">
    <p class='ocr_par' dir='ltr' id='par_1_76' title="bbox 908 1623 1699 1659">
     <span class='ocr_line' id='line_1_76' title="bbox 908 1623 1699 1659; baseline 0.003 -9"><span class='ocrx_word' id='word_1_538' title='bbox 908 1623 962 1651; x_wconf 92' lang='lat' dir='ltr'><strong>line</strong></span> <span class='ocrx_word' id='word_1_539' title='bbox 986 1625 1097 1659; x_wconf 89' lang='lat' dir='ltr'><strong>gravida</strong></span> <span class='ocrx_word' id='word_1_540' title='bbox 1123 1625 1239 1658; x_wconf 82' lang='lat' dir='ltr'><strong>peperit,</strong></span> <span class='ocrx_word' id='word_1_541' title='bbox 1268 1630 1428 1659; x_wconf 87' lang='lat' dir='ltr'><strong>patremque</strong></span> <span class='ocrx_word' id='word_1_542' title='bbox 1459 1624 1543 1651; x_wconf 85' lang='lat' dir='ltr'><strong>verita</strong></span> <span class='ocrx_word' id='word_1_543' title='bbox 1568 1625 1699 1652; x_wconf 83' lang='lat' dir='ltr'><strong>infantem</strong></span> 
     </span>
    </p>
   </div>
   <div class='ocr_carea' id='block_1_77' title="bbox 908 1669 1701 1705">
    <p class='ocr_par' dir='ltr' id='par_1_77' title="bbox 908 1669 1701 1705">
     <span class='ocr_line' id='line_1_77' title="bbox 908 1669 1701 1705; baseline 0 -9"><span class='ocrx_word' id='word_1_544' title='bbox 908 1670 1044 1704; x_wconf 80' lang='lat' dir='ltr'><strong>exposuit,</strong></span> <span class='ocrx_word' id='word_1_545' title='bbox 1064 1669 1125 1696; x_wconf 86' lang='lat' dir='ltr'><strong>Lini</strong></span> <span class='ocrx_word' id='word_1_546' title='bbox 1153 1670 1367 1697; x_wconf 89' lang='lat' dir='ltr'><strong>nomineindito.</strong></span> <span class='ocrx_word' id='word_1_547' title='bbox 1386 1669 1481 1697; x_wconf 84' lang='lat' dir='ltr'><strong>Pastor</strong></span> <span class='ocrx_word' id='word_1_548' title='bbox 1497 1675 1632 1704; x_wconf 88' lang='lat' dir='ltr'><strong>repertum</strong></span> <span class='ocrx_word' id='word_1_549' title='bbox 1651 1677 1701 1705; x_wconf 85' lang='lat' dir='ltr'><strong>pro</strong></span> 
     </span>
    </p>
   </div>
   <div class='ocr_carea' id='block_1_78' title="bbox 909 1714 1700 1751">
    <p class='ocr_par' dir='ltr' id='par_1_78' title="bbox 909 1714 1700 1751">
     <span class='ocr_line' id='line_1_78' title="bbox 909 1714 1700 1751; baseline 0 -9"><span class='ocrx_word' id='word_1_550' title='bbox 909 1722 960 1742; x_wconf 87' lang='lat' dir='ltr'><strong>suo</strong></span> <span class='ocrx_word' id='word_1_551' title='bbox 982 1715 1126 1747; x_wconf 80' lang='lat' dir='ltr'><strong>educavit,</strong></span> <span class='ocrx_word' id='word_1_552' title='bbox 1152 1716 1199 1743; x_wconf 90' lang='lat' dir='ltr'><strong>sed</strong></span> <span class='ocrx_word' id='word_1_553' title='bbox 1221 1715 1311 1751; x_wconf 83' lang='lat' dir='ltr'><strong>gregis</strong></span> <span class='ocrx_word' id='word_1_554' title='bbox 1329 1722 1410 1742; x_wconf 85' lang='lat' dir='ltr'><strong>canes</strong></span> <span class='ocrx_word' id='word_1_555' title='bbox 1432 1714 1561 1742; x_wconf 88' lang='lat' dir='ltr'><strong>infantem</strong></span> <span class='ocrx_word' id='word_1_556' title='bbox 1577 1715 1647 1742; x_wconf 81' lang='lat' dir='ltr'><strong>forte</strong></span> <span class='ocrx_word' id='word_1_557' title='bbox 1660 1715 1700 1742; x_wconf 84' lang='lat' dir='ltr'><strong>la-</strong></span> 
     </span>
    </p>
   </div>
   <div class='ocr_carea' id='block_1_79' title="bbox 909 1761 1700 1789">
    <p class='ocr_par' dir='ltr' id='par_1_79' title="bbox 909 1761 1700 1789">
     <span class='ocr_line' id='line_1_79' title="bbox 909 1761 1700 1789; baseline 0.001 -2"><span class='ocrx_word' id='word_1_558' title='bbox 909 1766 1050 1788; x_wconf 87' lang='lat' dir='ltr'><strong>cerarunt.</strong></span> <span class='ocrx_word' id='word_1_559' title='bbox 1075 1761 1122 1788; x_wconf 92' lang='lat' dir='ltr'><strong>llla</strong></span> <span class='ocrx_word' id='word_1_560' title='bbox 1147 1769 1212 1789; x_wconf 85' lang='lat' dir='ltr'><strong>vero</strong></span> <span class='ocrx_word' id='word_1_561' title='bbox 1237 1769 1298 1788; x_wconf 86' lang='lat' dir='ltr'><strong>cum</strong></span> <span class='ocrx_word' id='word_1_562' title='bbox 1321 1761 1414 1788; x_wconf 88' lang='lat' dir='ltr'><strong>dolore</strong></span> <span class='ocrx_word' id='word_1_563' title='bbox 1436 1769 1469 1788; x_wconf 92' lang='lat' dir='ltr'><strong>ex</strong></span> <span class='ocrx_word' id='word_1_564' title='bbox 1487 1769 1519 1789; x_wconf 91' lang='lat' dir='ltr'><strong>eo</strong></span> <span class='ocrx_word' id='word_1_565' title='bbox 1536 1761 1613 1788; x_wconf 85' lang='lat' dir='ltr'><strong>valde</strong></span> <span class='ocrx_word' id='word_1_566' title='bbox 1624 1769 1700 1788; x_wconf 92' lang='lat' dir='ltr'><strong>com-</strong></span> 
     </span>
    </p>
   </div>
   <div class='ocr_carea' id='block_1_80' title="bbox 909 1808 1700 1843">
    <p class='ocr_par' dir='ltr' id='par_1_80' title="bbox 909 1808 1700 1843">
     <span class='ocr_line' id='line_1_80' title="bbox 909 1808 1700 1843; baseline 0.001 -9"><span class='ocrx_word' id='word_1_567' title='bbox 909 1812 1074 1841; x_wconf 87' lang='lat' dir='ltr'><strong>moveretur,</strong></span> <span class='ocrx_word' id='word_1_568' title='bbox 1099 1808 1311 1842; x_wconf 87' lang='lat' dir='ltr'><strong>deprehenditur</strong></span> <span class='ocrx_word' id='word_1_569' title='bbox 1328 1816 1343 1835; x_wconf 88' lang='lat' dir='ltr'><strong>a</strong></span> <span class='ocrx_word' id='word_1_570' title='bbox 1361 1814 1448 1843; x_wconf 86' lang='lat' dir='ltr'><strong>patre,</strong></span> <span class='ocrx_word' id='word_1_571' title='bbox 1474 1808 1519 1842; x_wconf 90' lang='lat' dir='ltr'><strong>qui</strong></span> <span class='ocrx_word' id='word_1_572' title='bbox 1545 1813 1700 1842; x_wconf 86' lang='lat' dir='ltr'><strong>corruptam</strong></span> 
     </span>
    </p>
   </div>
   <div class='ocr_carea' id='block_1_81' title="bbox 909 1853 1700 1887">
    <p class='ocr_par' dir='ltr' id='par_1_81' title="bbox 909 1853 1700 1887">
     <span class='ocr_line' id='line_1_81' title="bbox 909 1853 1700 1887; baseline 0 -7"><span class='ocrx_word' id='word_1_573' title='bbox 909 1861 980 1885; x_wconf 87' lang='lat' dir='ltr'><strong>eam,</strong></span> <span class='ocrx_word' id='word_1_574' title='bbox 1006 1858 1034 1880; x_wconf 90' lang='lat' dir='ltr'><strong>et</strong></span> <span class='ocrx_word' id='word_1_575' title='bbox 1061 1853 1130 1880; x_wconf 82' lang='lat' dir='ltr'><strong>falso</strong></span> <span class='ocrx_word' id='word_1_576' title='bbox 1146 1854 1172 1880; x_wconf 89' lang='lat' dir='ltr'><strong>in</strong></span> <span class='ocrx_word' id='word_1_577' title='bbox 1188 1853 1339 1887; x_wconf 86' lang='lat' dir='ltr'><strong>Apollinem</strong></span> <span class='ocrx_word' id='word_1_578' title='bbox 1355 1853 1449 1880; x_wconf 88' lang='lat' dir='ltr'><strong>vitium</strong></span> <span class='ocrx_word' id='word_1_579' title='bbox 1465 1853 1567 1881; x_wconf 84' lang='lat' dir='ltr'><strong>referre</strong></span> <span class='ocrx_word' id='word_1_580' title='bbox 1582 1853 1700 1880; x_wconf 84' lang='lat' dir='ltr'><strong>arbitra-</strong></span> 
     </span>
    </p>
   </div>
   <div class='ocr_carea' id='block_1_82' title="bbox 911 1897 1699 1933">
    <p class='ocr_par' dir='ltr' id='par_1_82' title="bbox 911 1897 1699 1933">
     <span class='ocr_line' id='line_1_82' title="bbox 911 1897 1699 1933; baseline 0 -9"><span class='ocrx_word' id='word_1_581' title='bbox 911 1902 963 1928; x_wconf 85' lang='lat' dir='ltr'><strong>tus,</strong></span> <span class='ocrx_word' id='word_1_582' title='bbox 973 1898 1070 1933; x_wconf 91' lang='lat' dir='ltr'><strong>capitis</strong></span> <span class='ocrx_word' id='word_1_583' title='bbox 1084 1897 1206 1924; x_wconf 86' lang='lat' dir='ltr'><strong>damnat.</strong></span> <span class='ocrx_word' id='word_1_584' title='bbox 1221 1897 1311 1931; x_wconf 85' lang='lat' dir='ltr'><strong>Quare</strong></span> <span class='ocrx_word' id='word_1_585' title='bbox 1319 1897 1424 1931; x_wconf 87' lang='lat' dir='ltr'><strong>Apollo,</strong></span> <span class='ocrx_word' id='word_1_586' title='bbox 1436 1898 1471 1925; x_wconf 91' lang='lat' dir='ltr'><strong>ob</strong></span> <span class='ocrx_word' id='word_1_587' title='bbox 1488 1902 1584 1924; x_wconf 73' lang='lat' dir='ltr'><strong>amata:</strong></span> <span class='ocrx_word' id='word_1_588' title='bbox 1599 1897 1699 1924; x_wconf 63' lang='lat' dir='ltr'><strong>caedem</strong></span> 
     </span>
    </p>
   </div>
   <div class='ocr_carea' id='block_1_83' title="bbox 910 1943 1701 1978">
    <p class='ocr_par' dir='ltr' id='par_1_83' title="bbox 910 1943 1701 1978">
     <span class='ocr_line' id='line_1_83' title="bbox 910 1943 1701 1978; baseline 0.001 -8"><span class='ocrx_word' id='word_1_589' title='bbox 910 1943 949 1970; x_wconf 92' lang='lat' dir='ltr'><strong>ira</strong></span> <span class='ocrx_word' id='word_1_590' title='bbox 964 1947 1126 1975; x_wconf 87' lang='lat' dir='ltr'><strong>commotus,</strong></span> <span class='ocrx_word' id='word_1_591' title='bbox 1142 1947 1220 1978; x_wconf 87' lang='lat' dir='ltr'><strong>peste</strong></span> <span class='ocrx_word' id='word_1_592' title='bbox 1238 1943 1353 1977; x_wconf 87' lang='lat' dir='ltr'><strong>Argivos</strong></span> <span class='ocrx_word' id='word_1_593' title='bbox 1376 1943 1493 1976; x_wconf 80' lang='lat' dir='ltr'><strong>vexavit,</strong></span> <span class='ocrx_word' id='word_1_594' title='bbox 1506 1943 1701 1977; x_wconf 83' lang='lat' dir='ltr'><strong>consultusque</strong></span> 
     </span>
    </p>
   </div>
   <div class='ocr_carea' id='block_1_84' title="bbox 910 1989 1701 2025">
    <p class='ocr_par' dir='ltr' id='par_1_84' title="bbox 910 1989 1701 2025">
     <span class='ocr_line' id='line_1_84' title="bbox 910 1989 1701 2025; baseline 0.001 -9"><span class='ocrx_word' id='word_1_595' title='bbox 910 1990 944 2016; x_wconf 87' lang='lat' dir='ltr'><strong>de</strong></span> <span class='ocrx_word' id='word_1_596' title='bbox 958 1990 1166 2016; x_wconf 89' lang='lat' dir='ltr'><strong>averruncando</strong></span> <span class='ocrx_word' id='word_1_597' title='bbox 1194 1989 1275 2022; x_wconf 91' lang='lat' dir='ltr'><strong>malo,</strong></span> <span class='ocrx_word' id='word_1_598' title='bbox 1298 1989 1461 2017; x_wconf 85' lang='lat' dir='ltr'><strong>Psamathen</strong></span> <span class='ocrx_word' id='word_1_599' title='bbox 1490 1994 1517 2016; x_wconf 88' lang='lat' dir='ltr'><strong>et</strong></span> <span class='ocrx_word' id='word_1_600' title='bbox 1531 1989 1627 2017; x_wconf 90' lang='lat' dir='ltr'><strong>Linum</strong></span> <span class='ocrx_word' id='word_1_601' title='bbox 1643 1990 1701 2025; x_wconf 90' lang='lat' dir='ltr'><strong>pla-</strong></span> 
     </span>
    </p>
   </div>
   <div class='ocr_carea' id='block_1_85' title="bbox 911 2036 1701 2071">
    <p class='ocr_par' dir='ltr' id='par_1_85' title="bbox 911 2036 1701 2071">
     <span class='ocr_line' id='line_1_85' title="bbox 911 2036 1701 2071; baseline 0.001 -9"><span class='ocrx_word' id='word_1_602' title='bbox 911 2036 1014 2063; x_wconf 88' lang='lat' dir='ltr'><strong>candos</strong></span> <span class='ocrx_word' id='word_1_603' title='bbox 1030 2036 1180 2071; x_wconf 89' lang='lat' dir='ltr'><strong>respondit.</strong></span> <span class='ocrx_word' id='word_1_604' title='bbox 1211 2036 1251 2063; x_wconf 92' lang='lat' dir='ltr'><strong>llli</strong></span> <span class='ocrx_word' id='word_1_605' title='bbox 1265 2043 1330 2064; x_wconf 91' lang='lat' dir='ltr'><strong>vero</strong></span> <span class='ocrx_word' id='word_1_606' title='bbox 1343 2041 1441 2070; x_wconf 80' lang='lat' dir='ltr'><strong>praeter</strong></span> <span class='ocrx_word' id='word_1_607' title='bbox 1457 2041 1569 2064; x_wconf 78' lang='lat' dir='ltr'><strong>caeteros</strong></span> <span class='ocrx_word' id='word_1_608' title='bbox 1585 2036 1701 2063; x_wconf 84' lang='lat' dir='ltr'><strong>honores</strong></span> 
     </span>
    </p>
   </div>
   <div class='ocr_carea' id='block_1_86' title="bbox 911 2080 1701 2115">
    <p class='ocr_par' dir='ltr' id='par_1_86' title="bbox 911 2080 1701 2115">
     <span class='ocr_line' id='line_1_86' title="bbox 911 2080 1701 2115; baseline 0 -8"><span class='ocrx_word' id='word_1_609' title='bbox 911 2080 964 2107; x_wconf 88' lang='lat' dir='ltr'><strong>illis</strong></span> <span class='ocrx_word' id='word_1_610' title='bbox 979 2080 1126 2113; x_wconf 78' lang='lat' dir='ltr'><strong>exhibitos,</strong></span> <span class='ocrx_word' id='word_1_611' title='bbox 1163 2080 1278 2108; x_wconf 80' lang='lat' dir='ltr'><strong>feminas</strong></span> <span class='ocrx_word' id='word_1_612' title='bbox 1301 2081 1384 2108; x_wconf 81' lang='lat' dir='ltr'><strong>etiam</strong></span> <span class='ocrx_word' id='word_1_613' title='bbox 1410 2088 1471 2108; x_wconf 89' lang='lat' dir='ltr'><strong>cum</strong></span> <span class='ocrx_word' id='word_1_614' title='bbox 1495 2080 1644 2115; x_wconf 85' lang='lat' dir='ltr'><strong>virginibus</strong></span> <span class='ocrx_word' id='word_1_615' title='bbox 1666 2081 1701 2107; x_wconf 88' lang='lat' dir='ltr'><strong>ad</strong></span> 
     </span>
    </p>
   </div>
   <div class='ocr_carea' id='block_1_87' title="bbox 911 2126 1702 2161">
    <p class='ocr_par' dir='ltr' id='par_1_87' title="bbox 911 2126 1702 2161">
     <span class='ocr_line' id='line_1_87' title="bbox 911 2126 1702 2161; baseline 0 -8"><span class='ocrx_word' id='word_1_616' title='bbox 911 2126 1008 2153; x_wconf 89' lang='lat' dir='ltr'><strong>Linum</strong></span> <span class='ocrx_word' id='word_1_617' title='bbox 1035 2127 1230 2161; x_wconf 86' lang='lat' dir='ltr'><strong>deplorandum</strong></span> <span class='ocrx_word' id='word_1_618' title='bbox 1253 2127 1386 2154; x_wconf 83' lang='lat' dir='ltr'><strong>miserunt</strong></span> <span class='ocrx_word' id='word_1_619' title='bbox 1403 2136 1409 2153; x_wconf 89' lang='lat'>:</span> <span class='ocrx_word' id='word_1_620' title='bbox 1425 2134 1484 2161; x_wconf 83' lang='lat' dir='ltr'><strong>quae</strong></span> <span class='ocrx_word' id='word_1_621' title='bbox 1500 2134 1561 2154; x_wconf 92' lang='lat' dir='ltr'><strong>cum</strong></span> <span class='ocrx_word' id='word_1_622' title='bbox 1578 2126 1702 2161; x_wconf 86' lang='lat' dir='ltr'><strong>deplora-</strong></span> 
     </span>
    </p>
   </div>
   <div class='ocr_carea' id='block_1_88' title="bbox 913 2172 1700 2204">
    <p class='ocr_par' dir='ltr' id='par_1_88' title="bbox 913 2172 1700 2204">
     <span class='ocr_line' id='line_1_88' title="bbox 913 2172 1700 2204; baseline -0.001 -5"><span class='ocrx_word' id='word_1_623' title='bbox 913 2172 999 2200; x_wconf 87' lang='lat' dir='ltr'><strong>tiones</strong></span> <span class='ocrx_word' id='word_1_624' title='bbox 1009 2173 1234 2200; x_wconf 85' lang='lat' dir='ltr'><strong>obtestationibus</strong></span> <span class='ocrx_word' id='word_1_625' title='bbox 1247 2173 1406 2204; x_wconf 84' lang='lat' dir='ltr'><strong>miscerent,</strong></span> <span class='ocrx_word' id='word_1_626' title='bbox 1417 2180 1471 2200; x_wconf 92' lang='lat' dir='ltr'><strong>non</strong></span> <span class='ocrx_word' id='word_1_627' title='bbox 1483 2173 1590 2200; x_wconf 83' lang='lat' dir='ltr'><strong>illorum</strong></span> <span class='ocrx_word' id='word_1_628' title='bbox 1599 2173 1700 2203; x_wconf 89' lang='lat' dir='ltr'><strong>solum,</strong></span> 
     </span>
    </p>
   </div>
   <div class='ocr_carea' id='block_1_89' title="bbox 80 2216 858 2253">
    <p class='ocr_par' dir='ltr' id='par_1_89' title="bbox 80 2216 858 2253">
     <span class='ocr_line' id='line_1_89' title="bbox 80 2216 858 2253; baseline -0.003 -9"><span class='ocrx_word' id='word_1_629' title='bbox 80 2216 176 2251; x_wconf 80' lang='grc' dir='ltr'>πρεπὴς</span> <span class='ocrx_word' id='word_1_630' title='bbox 191 2218 205 2243; x_wconf 80' lang='grc' dir='ltr'>ὁ</span> <span class='ocrx_word' id='word_1_631' title='bbox 218 2218 267 2244; x_wconf 78' lang='grc' dir='ltr'>ἐπὶ</span> <span class='ocrx_word' id='word_1_632' title='bbox 282 2217 357 2253; x_wconf 86' lang='grc' dir='ltr'>Λίνῳ</span> <span class='ocrx_word' id='word_1_633' title='bbox 373 2217 481 2252; x_wconf 81' lang='grc' dir='ltr'>θρῆνος,</span> <span class='ocrx_word' id='word_1_634' title='bbox 494 2217 532 2248; x_wconf 83' lang='grc' dir='ltr'>ὡς</span> <span class='ocrx_word' id='word_1_635' title='bbox 557 2217 606 2244; x_wconf 80' lang='grc' dir='ltr'><strong>ἀπ’</strong></span> <span class='ocrx_word' id='word_1_636' title='bbox 619 2217 731 2244; x_wconf 74' lang='grc' dir='ltr'>ἐκείνων</span> <span class='ocrx_word' id='word_1_637' title='bbox 745 2217 792 2243; x_wconf 74' lang='grc' dir='ltr'>καὶ</span> <span class='ocrx_word' id='word_1_638' title='bbox 806 2217 858 2248; x_wconf 79' lang='grc' dir='ltr'>τοῖς</span> 
     </span>
    </p>
   </div>
   <div class='ocr_carea' id='block_1_90' title="bbox 910 2216 1698 2253">
    <p class='ocr_par' dir='ltr' id='par_1_90' title="bbox 915 2217 1698 2253">
     <span class='ocr_line' id='line_1_90' title="bbox 915 2217 1698 2253; baseline 0 -7"><span class='ocrx_word' id='word_1_639' title='bbox 915 2218 961 2246; x_wconf 85' lang='lat' dir='ltr'><strong>sed</strong></span> <span class='ocrx_word' id='word_1_640' title='bbox 973 2225 1022 2245; x_wconf 89' lang='lat' dir='ltr'><strong>sua</strong></span> <span class='ocrx_word' id='word_1_641' title='bbox 1035 2219 1117 2246; x_wconf 87' lang='lat' dir='ltr'><strong>etiam</strong></span> <span class='ocrx_word' id='word_1_642' title='bbox 1136 2217 1285 2246; x_wconf 84' lang='lat' dir='ltr'><strong>infortunia</strong></span> <span class='ocrx_word' id='word_1_643' title='bbox 1307 2219 1494 2253; x_wconf 79' lang='lat' dir='ltr'><strong>deplorabant.</strong></span> <span class='ocrx_word' id='word_1_644' title='bbox 1512 2219 1587 2246; x_wconf 84' lang='lat' dir='ltr'><strong>Adeo</strong></span> <span class='ocrx_word' id='word_1_645' title='bbox 1609 2223 1698 2246; x_wconf 86' lang='lat' dir='ltr'><strong>autem</strong></span> 
     </span>
    </p>
   </div>
   <div class='ocr_carea' id='block_1_91' title="bbox 79 2259 860 2298">
    <p class='ocr_par' dir='ltr' id='par_1_91' title="bbox 79 2259 860 2298">
     <span class='ocr_line' id='line_1_91' title="bbox 79 2259 860 2298; baseline 0.003 -12"><span class='ocrx_word' id='word_1_646' title='bbox 79 2259 161 2288; x_wconf 77' lang='grc' dir='ltr'>ἔπειτα</span> <span class='ocrx_word' id='word_1_647' title='bbox 185 2264 317 2298; x_wconf 81' lang='grc' dir='ltr'>ποιηταῖς</span> <span class='ocrx_word' id='word_1_648' title='bbox 339 2265 440 2296; x_wconf 74' lang='grc' dir='ltr'>παντὸς</span> <span class='ocrx_word' id='word_1_649' title='bbox 462 2263 567 2294; x_wconf 85' lang='grc' dir='ltr'>πάθους</span> <span class='ocrx_word' id='word_1_650' title='bbox 593 2262 753 2298; x_wconf 86' lang='grc' dir='ltr'>παρενθήκη</span> <span class='ocrx_word' id='word_1_651' title='bbox 782 2262 860 2293; x_wconf 83' lang='grc' dir='ltr'>Λίνος</span> 
     </span>
    </p>
   </div>
   <div class='ocr_carea' id='block_1_92' title="bbox 915 2263 1701 2299">
    <p class='ocr_par' dir='ltr' id='par_1_92' title="bbox 915 2263 1701 2299">
     <span class='ocr_line' id='line_1_92' title="bbox 915 2263 1701 2299; baseline 0.001 -9"><span class='ocrx_word' id='word_1_652' title='bbox 915 2263 1041 2291; x_wconf 86' lang='lat' dir='ltr'><strong>decenter</strong></span> <span class='ocrx_word' id='word_1_653' title='bbox 1049 2263 1144 2291; x_wconf 88' lang='lat' dir='ltr'><strong>Linum</strong></span> <span class='ocrx_word' id='word_1_654' title='bbox 1162 2264 1214 2292; x_wconf 59' lang='lat' dir='ltr'><strong>illa</strong></span> <span class='ocrx_word' id='word_1_655' title='bbox 1226 2264 1364 2297; x_wconf 88' lang='lat' dir='ltr'><strong>luxerunt,</strong></span> <span class='ocrx_word' id='word_1_656' title='bbox 1379 2269 1408 2291; x_wconf 87' lang='lat' dir='ltr'><strong>ut</strong></span> <span class='ocrx_word' id='word_1_657' title='bbox 1419 2271 1452 2291; x_wconf 89' lang='lat' dir='ltr'><strong>ex</strong></span> <span class='ocrx_word' id='word_1_658' title='bbox 1462 2271 1495 2292; x_wconf 89' lang='lat' dir='ltr'><strong>eo</strong></span> <span class='ocrx_word' id='word_1_659' title='bbox 1508 2272 1522 2291; x_wconf 88' lang='lat' dir='ltr'><strong>a</strong></span> <span class='ocrx_word' id='word_1_660' title='bbox 1536 2264 1621 2299; x_wconf 87' lang='lat' dir='ltr'><strong>poetis</strong></span> <span class='ocrx_word' id='word_1_661' title='bbox 1632 2264 1701 2299; x_wconf 84' lang='lat'><strong>(95),</strong></span> 
     </span>
    </p>
   </div>
   <div class='ocr_carea' id='block_1_93' title="bbox 725 2350 1069 2379">
    <p class='ocr_par' dir='ltr' id='par_1_93' title="bbox 725 2350 1069 2379">
     <span class='ocr_line' id='line_1_93' title="bbox 725 2350 1069 2379; baseline 0.003 -2"><span class='ocrx_word' id='word_1_662' title='bbox 725 2350 846 2378; x_wconf 71' lang='lat' dir='ltr'><strong>VARIAS</strong></span> <span class='ocrx_word' id='word_1_663' title='bbox 865 2350 1069 2379; x_wconf 88' lang='lat' dir='ltr'><strong>LECTIONES.</strong></span> 
     </span>
    </p>
   </div>
   <div class='ocr_carea' id='block_1_94' title="bbox 116 2419 1702 2482">
    <p class='ocr_par' dir='ltr' id='par_1_94' title="bbox 116 2419 1702 2482">
     <span class='ocr_line' id='line_1_94' title="bbox 116 2419 1702 2459; baseline 0.003 -10"><span class='ocrx_word' id='word_1_664' title='bbox 116 2421 136 2437; x_wconf 84' lang='lat'>&quot;</span> <span class='ocrx_word' id='word_1_665' title='bbox 157 2421 376 2458; x_wconf 72' lang='grc' dir='ltr'>ἩρακλέωςΑῖ</span> <span class='ocrx_word' id='word_1_666' title='bbox 398 2420 430 2447; x_wconf 84' lang='grc' dir='ltr'><strong>Ἦ</strong></span> <span class='ocrx_word' id='word_1_667' title='bbox 450 2421 548 2452; x_wconf 86' lang='grc' dir='ltr'>ακλέος</span> <span class='ocrx_word' id='word_1_668' title='bbox 563 2429 593 2452; x_wconf 89' lang='grc' dir='ltr'>ς.</span> <span class='ocrx_word' id='word_1_669' title='bbox 628 2419 650 2436; x_wconf 78' lang='grc'><strong>⁸⁷</strong></span> <span class='ocrx_word' id='word_1_670' title='bbox 666 2420 698 2446; x_wconf 91' lang='grc' dir='ltr'><strong>Ἡ</strong></span> <span class='ocrx_word' id='word_1_671' title='bbox 718 2420 815 2451; x_wconf 84' lang='grc' dir='ltr'>ακλέος</span> <span class='ocrx_word' id='word_1_672' title='bbox 827 2429 857 2452; x_wconf 84' lang='grc' dir='ltr'>ς.</span> <span class='ocrx_word' id='word_1_673' title='bbox 896 2420 919 2437; x_wconf 79' lang='grc'><strong>⁸⁸</strong></span> <span class='ocrx_word' id='word_1_674' title='bbox 931 2421 1056 2447; x_wconf 76' lang='grc' dir='ltr'>ἐκπεσεῖν</span> <span class='ocrx_word' id='word_1_675' title='bbox 1070 2429 1100 2452; x_wconf 84' lang='grc' dir='ltr'>ς.</span> <span class='ocrx_word' id='word_1_676' title='bbox 1142 2422 1164 2438; x_wconf 68' lang='grc'><strong>⁸³</strong></span> <span class='ocrx_word' id='word_1_677' title='bbox 1179 2423 1310 2459; x_wconf 84' lang='grc' dir='ltr'>ἀπεσάπη</span> <span class='ocrx_word' id='word_1_678' title='bbox 1336 2423 1461 2452; x_wconf 81' lang='lat' dir='ltr'><strong>Pierson.</strong></span> <span class='ocrx_word' id='word_1_679' title='bbox 1490 2424 1574 2454; x_wconf 82' lang='lat' dir='ltr'><strong>Moer.</strong></span> <span class='ocrx_word' id='word_1_680' title='bbox 1588 2426 1650 2455; x_wconf 86' lang='lat' dir='ltr'><strong>add.</strong></span> <span class='ocrx_word' id='word_1_681' title='bbox 1673 2431 1702 2453; x_wconf 83' lang='lat' dir='ltr'><strong>et</strong></span> 
     </span>
     <span class='ocr_line' id='line_1_95' title="bbox 116 2429 1275 2482; baseline 0 0"><span class='ocrx_word' id='word_1_682' title='bbox 116 2457 166 2482; x_wconf 71' lang='lat' dir='ltr'><strong>riu.</strong></span> <span class='ocrx_word' id='word_1_683' title='bbox 179 2459 212 2482; x_wconf 83' lang='lat' dir='ltr'><strong>ad</strong></span> <span class='ocrx_word' id='word_1_684' title='bbox 227 2466 254 2482; x_wconf 75' lang='grc' dir='ltr'><strong>ι).</strong></span> <span class='ocrx_word' id='word_1_685' title='bbox 268 2457 334 2482; x_wconf 65' lang='lat'><strong>542.</strong></span> <span class='ocrx_word' id='word_1_686' title='bbox 371 2457 394 2472; x_wconf 77' lang='lat'><strong>7°</strong></span> <span class='ocrx_word' id='word_1_687' title='bbox 409 2429 490 2482; x_wconf 58' lang='grc' dir='ltr'><strong>ἐξιών</strong></span> <span class='ocrx_word' id='word_1_688' title='bbox 498 2456 531 2482; x_wconf 82' lang='lat' dir='ltr'><strong>A.</strong></span> <span class='ocrx_word' id='word_1_689' title='bbox 570 2455 591 2471; x_wconf 92' lang='grc'><strong>⁷¹</strong></span> <span class='ocrx_word' id='word_1_690' title='bbox 606 2429 729 2482; x_wconf 59' lang='grc' dir='ltr'>Ψαμήξη</span> <span class='ocrx_word' id='word_1_691' title='bbox 754 2456 771 2482; x_wconf 75' lang='grc' dir='ltr'>ἡ</span> <span class='ocrx_word' id='word_1_692' title='bbox 784 2456 928 2482; x_wconf 77' lang='grc' dir='ltr'>Κροτώπου</span> <span class='ocrx_word' id='word_1_693' title='bbox 948 2456 984 2482; x_wconf 80' lang='grc' dir='ltr'><strong>Α.</strong></span> <span class='ocrx_word' id='word_1_694' title='bbox 1013 2457 1045 2472; x_wconf 85' lang='grc'><strong>-’¹³</strong></span> <span class='ocrx_word' id='word_1_695' title='bbox 1059 2456 1108 2482; x_wconf 78' lang='grc' dir='ltr'><strong>τῶ]</strong></span> <span class='ocrx_word' id='word_1_696' title='bbox 1130 2458 1176 2482; x_wconf 74' lang='grc' dir='ltr'>καὶ</span> <span class='ocrx_word' id='word_1_697' title='bbox 1190 2457 1230 2482; x_wconf 83' lang='grc' dir='ltr'><strong>τῶ</strong></span> <span class='ocrx_word' id='word_1_698' title='bbox 1242 2459 1275 2482; x_wconf 82' lang='grc' dir='ltr'><strong>Α.</strong></span> 
     </span>
    </p>
   </div>
   <div class='ocr_carea' id='block_1_95' title="bbox 78 2455 693 2493">
    <p class='ocr_par' dir='ltr' id='par_1_95' title="bbox 78 2455 693 2493">
     <span class='ocr_line' id='line_1_96' title="bbox 78 2455 693 2493; baseline 0 -12"><span class='ocrx_word' id='word_1_699' title='bbox 78 2457 166 2493; x_wconf 85' lang='lat' dir='ltr'><strong>corrig.</strong></span> <span class='ocrx_word' id='word_1_700' title='bbox 179 2455 213 2485; x_wconf 75' lang='lat' dir='ltr'><strong>ad</strong></span> <span class='ocrx_word' id='word_1_701' title='bbox 227 2466 254 2492; x_wconf 92' lang='lat' dir='ltr'><strong>p.</strong></span> <span class='ocrx_word' id='word_1_702' title='bbox 268 2457 334 2485; x_wconf 66' lang='grc'><strong>542.</strong></span> <span class='ocrx_word' id='word_1_703' title='bbox 371 2457 394 2472; x_wconf 74' lang='grc' dir='ltr'><strong>⁷ο</strong></span> <span class='ocrx_word' id='word_1_704' title='bbox 409 2455 490 2488; x_wconf 79' lang='grc' dir='ltr'><strong>ἐξιών</strong></span> <span class='ocrx_word' id='word_1_705' title='bbox 498 2456 531 2482; x_wconf 82' lang='lat' dir='ltr'><strong>A.</strong></span> <span class='ocrx_word' id='word_1_706' title='bbox 570 2455 591 2471; x_wconf 92' lang='grc'><strong>⁷¹</strong></span> <span class='ocrx_word' id='word_1_707' title='bbox 606 2455 693 2491; x_wconf 83' lang='grc' dir='ltr'>Ψαμή</span> 
     </span>
    </p>
   </div>
   <div class='ocr_carea' id='block_1_96' title="bbox 713 2456 1275 2493">
    <p class='ocr_par' dir='ltr' id='par_1_96' title="bbox 713 2456 1275 2493">
     <span class='ocr_line' id='line_1_97' title="bbox 713 2456 1275 2493; baseline 0.007 -12"><span class='ocrx_word' id='word_1_708' title='bbox 713 2465 730 2491; x_wconf 89' lang='grc' dir='ltr'><strong>η</strong></span> <span class='ocrx_word' id='word_1_709' title='bbox 754 2456 772 2491; x_wconf 80' lang='grc' dir='ltr'><strong>ἡ</strong></span> <span class='ocrx_word' id='word_1_710' title='bbox 784 2456 928 2490; x_wconf 77' lang='grc' dir='ltr'>Κροτώπου</span> <span class='ocrx_word' id='word_1_711' title='bbox 948 2456 984 2483; x_wconf 80' lang='grc' dir='ltr'><strong>Α.</strong></span> <span class='ocrx_word' id='word_1_712' title='bbox 1013 2457 1045 2472; x_wconf 86' lang='grc'><strong>·’¹³</strong></span> <span class='ocrx_word' id='word_1_713' title='bbox 1059 2456 1109 2493; x_wconf 83' lang='grc' dir='ltr'><strong>τῷ]</strong></span> <span class='ocrx_word' id='word_1_714' title='bbox 1130 2458 1176 2485; x_wconf 79' lang='grc' dir='ltr'>καὶ</span> <span class='ocrx_word' id='word_1_715' title='bbox 1190 2457 1230 2493; x_wconf 86' lang='grc' dir='ltr'>τῷ</span> <span class='ocrx_word' id='word_1_716' title='bbox 1242 2459 1275 2485; x_wconf 82' lang='grc' dir='ltr'><strong>Α.</strong></span> 
     </span>
    </p>
   </div>
   <div class='ocr_carea' id='block_1_97' title="bbox 821 2522 929 2551">
    <p class='ocr_par' dir='ltr' id='par_1_97' title="bbox 821 2522 929 2551">
     <span class='ocr_line' id='line_1_98' title="bbox 821 2522 929 2551; baseline 0.009 -1"><span class='ocrx_word' id='word_1_717' title='bbox 821 2522 929 2551; x_wconf 70' lang='grc' dir='ltr'>ΝΟΤιΕ</span> 
     </span>
    </p>
   </div>
   <div class='ocr_carea' id='block_1_98' title="bbox 109 2580 858 2620">
    <p class='ocr_par' dir='ltr' id='par_1_98' title="bbox 109 2580 858 2620">
     <span class='ocr_line' id='line_1_99' title="bbox 109 2580 858 2620; baseline -0.008 -6"><span class='ocrx_word' id='word_1_718' title='bbox 109 2585 158 2620; x_wconf 79' lang='lat'><strong>(90)</strong></span> <span class='ocrx_word' id='word_1_719' title='bbox 179 2586 301 2613; x_wconf 72' lang='lat' dir='ltr'><strong>Dicaeam</strong></span> <span class='ocrx_word' id='word_1_720' title='bbox 315 2584 431 2611; x_wconf 78' lang='lat' dir='ltr'><strong>Thracia</strong></span> <span class='ocrx_word' id='word_1_721' title='bbox 457 2583 553 2609; x_wconf 88' lang='lat' dir='ltr'><strong>urbem</strong></span> <span class='ocrx_word' id='word_1_722' title='bbox 575 2581 610 2608; x_wconf 84' lang='lat' dir='ltr'><strong>ab</strong></span> <span class='ocrx_word' id='word_1_723' title='bbox 626 2580 677 2608; x_wconf 89' lang='lat' dir='ltr'><strong>hoc</strong></span> <span class='ocrx_word' id='word_1_724' title='bbox 688 2587 784 2607; x_wconf 87' lang='lat' dir='ltr'><strong>nomen</strong></span> <span class='ocrx_word' id='word_1_725' title='bbox 803 2585 858 2608; x_wconf 85' lang='lat' dir='ltr'><strong>tra-</strong></span> 
     </span>
    </p>
   </div>
   <div class='ocr_carea' id='block_1_99' title="bbox 79 2619 526 2655">
    <p class='ocr_par' dir='ltr' id='par_1_99' title="bbox 79 2619 526 2655">
     <span class='ocr_line' id='line_1_100' title="bbox 79 2619 526 2655; baseline -0.002 -10"><span class='ocrx_word' id='word_1_726' title='bbox 79 2621 142 2647; x_wconf 78' lang='lat' dir='ltr'><strong>xisse</strong></span> <span class='ocrx_word' id='word_1_727' title='bbox 152 2621 247 2655; x_wconf 88' lang='lat' dir='ltr'><strong>Steph.</strong></span> <span class='ocrx_word' id='word_1_728' title='bbox 266 2620 351 2648; x_wconf 87' lang='lat' dir='ltr'><strong>tradit</strong></span> <span class='ocrx_word' id='word_1_729' title='bbox 364 2619 390 2646; x_wconf 89' lang='lat' dir='ltr'><strong>in</strong></span> <span class='ocrx_word' id='word_1_730' title='bbox 403 2625 434 2655; x_wconf 87' lang='lat' dir='ltr'><strong>ea</strong></span> <span class='ocrx_word' id='word_1_731' title='bbox 450 2625 526 2655; x_wconf 70' lang='lat' dir='ltr'><strong>voce.</strong></span> 
     </span>
    </p>
   </div>
   <div class='ocr_carea' id='block_1_100' title="bbox 103 2650 858 2692">
    <p class='ocr_par' dir='ltr' id='par_1_100' title="bbox 103 2650 858 2692">
     <span class='ocr_line' id='line_1_101' title="bbox 103 2650 858 2692; baseline -0.011 -6"><span class='ocrx_word' id='word_1_732' title='bbox 103 2655 153 2692; x_wconf 89' lang='lat'><strong>(9|)</strong></span> <span class='ocrx_word' id='word_1_733' title='bbox 170 2650 336 2692; x_wconf 74' lang='lat' dir='ltr'><strong>Peregrinos</strong></span> <span class='ocrx_word' id='word_1_734' title='bbox 351 2653 538 2692; x_wconf 41' lang='lat' dir='ltr'><strong>per-Aulidem</strong></span> <span class='ocrx_word' id='word_1_735' title='bbox 546 2652 597 2692; x_wconf 77' lang='lat' dir='ltr'><strong>iter</strong></span> <span class='ocrx_word' id='word_1_736' title='bbox 607 2650 858 2692; x_wconf 35' lang='lat' dir='ltr'><strong>facienteslterram</strong></span> 
     </span>
    </p>
   </div>
   <div class='ocr_carea' id='block_1_101' title="bbox 79 2686 857 2726">
    <p class='ocr_par' dir='ltr' id='par_1_101' title="bbox 79 2686 857 2726">
     <span class='ocr_line' id='line_1_102' title="bbox 79 2686 857 2726; baseline -0.001 -11"><span class='ocrx_word' id='word_1_737' title='bbox 79 2686 160 2726; x_wconf 70' lang='lat' dir='ltr'><strong>fodere</strong></span> <span class='ocrx_word' id='word_1_738' title='bbox 175 2686 587 2726; x_wconf 34' lang='lat' dir='ltr'><strong>comﬁulisse‘relertAApollod.</strong></span> <span class='ocrx_word' id='word_1_739' title='bbox 616 2686 663 2713; x_wconf 90' lang='lat' dir='ltr'><strong>lib.</strong></span> <span class='ocrx_word' id='word_1_740' title='bbox 680 2693 699 2713; x_wconf 87' lang='grc' dir='ltr'><strong>ιι</strong></span> <span class='ocrx_word' id='word_1_741' title='bbox 728 2686 857 2714; x_wconf 75' lang='grc' dir='ltr'>Βὶθίίοιίι.</span> 
     </span>
    </p>
   </div>
   <div class='ocr_carea' id='block_1_102' title="bbox 103 2722 860 2761">
    <p class='ocr_par' dir='ltr' id='par_1_102' title="bbox 103 2722 860 2761">
     <span class='ocr_line' id='line_1_103' title="bbox 103 2722 860 2761; baseline -0.008 -7"><span class='ocrx_word' id='word_1_742' title='bbox 103 2725 154 2761; x_wconf 67' lang='lat'><strong>(9‘2)</strong></span> <span class='ocrx_word' id='word_1_743' title='bbox 169 2722 328 2754; x_wconf 78' lang='lat' dir='ltr'><strong>Xenodicen</strong></span> <span class='ocrx_word' id='word_1_744' title='bbox 344 2730 432 2761; x_wconf 79' lang='lat' dir='ltr'><strong>tamen</strong></span> <span class='ocrx_word' id='word_1_745' title='bbox 449 2723 522 2757; x_wconf 81' lang='lat' dir='ltr'><strong>Sylei</strong></span> <span class='ocrx_word' id='word_1_746' title='bbox 538 2722 621 2749; x_wconf 83' lang='lat' dir='ltr'><strong>ﬁliam</strong></span> <span class='ocrx_word' id='word_1_747' title='bbox 635 2729 688 2748; x_wconf 90' lang='lat' dir='ltr'><strong>una</strong></span> <span class='ocrx_word' id='word_1_748' title='bbox 705 2729 766 2749; x_wconf 89' lang='lat' dir='ltr'><strong>cum</strong></span> <span class='ocrx_word' id='word_1_749' title='bbox 782 2728 860 2757; x_wconf 84' lang='lat' dir='ltr'><strong>patre</strong></span> 
     </span>
    </p>
   </div>
   <div class='ocr_carea' id='block_1_103' title="bbox 79 2759 775 2797">
    <p class='ocr_par' dir='ltr' id='par_1_103' title="bbox 79 2759 775 2797">
     <span class='ocr_line' id='line_1_104' title="bbox 79 2759 775 2797; baseline -0.007 -10"><span class='ocrx_word' id='word_1_750' title='bbox 79 2759 186 2797; x_wconf 72' lang='lat' dir='ltr'><strong>occisam</strong></span> <span class='ocrx_word' id='word_1_751' title='bbox 204 2759 440 2797; x_wconf 63' lang='lat' dir='ltr'><strong>scribitApollod.</strong></span> <span class='ocrx_word' id='word_1_752' title='bbox 457 2765 531 2797; x_wconf 76' lang='lat' dir='ltr'><strong>supr.</strong></span> <span class='ocrx_word' id='word_1_753' title='bbox 572 2791 592 2797; x_wconf 59' lang='grc' dir='ltr'>η</span> <span class='ocrx_word' id='word_1_754' title='bbox 612 2791 617 2797; x_wconf 46' lang='grc' dir='ltr'><strong>Ι</strong></span> <span class='ocrx_word' id='word_1_755' title='bbox 730 2791 746 2797; x_wconf 71' lang='lat'>_</span> <span class='ocrx_word' id='word_1_756' title='bbox 770 2792 775 2797; x_wconf 42' lang='lat' dir='ltr'><strong>I</strong></span> 
     </span>
    </p>
   </div>
   <div class='ocr_carea' id='block_1_104' title="bbox 107 2791 859 2830">
    <p class='ocr_par' dir='ltr' id='par_1_104' title="bbox 107 2791 859 2830">
     <span class='ocr_line' id='line_1_105' title="bbox 107 2791 859 2830; baseline -0.005 -8"><span class='ocrx_word' id='word_1_757' title='bbox 107 2796 157 2830; x_wconf 71' lang='lat'><strong>(93)</strong></span> <span class='ocrx_word' id='word_1_758' title='bbox 175 2797 244 2824; x_wconf 82' lang='lat' dir='ltr'><strong>Vide</strong></span> <span class='ocrx_word' id='word_1_759' title='bbox 268 2791 395 2823; x_wconf 69' lang='lat' dir='ltr'><strong>Isocratis</strong></span> <span class='ocrx_word' id='word_1_760' title='bbox 407 2791 553 2830; x_wconf 68' lang='lat' dir='ltr'><strong>ErteonIion</strong></span> <span class='ocrx_word' id='word_1_761' title='bbox 568 2791 674 2819; x_wconf 62' lang='lat' dir='ltr'><strong>Helena;</strong></span> <span class='ocrx_word' id='word_1_762' title='bbox 688 2800 714 2830; x_wconf 46' lang='grc' dir='ltr'>ς.</span> <span class='ocrx_word' id='word_1_763' title='bbox 729 2791 812 2830; x_wconf 85' lang='lat' dir='ltr'><strong>Suid_._</strong></span> <span class='ocrx_word' id='word_1_764' title='bbox 830 2796 859 2819; x_wconf 86' lang='lat' dir='ltr'><strong>et</strong></span> 
     </span>
    </p>
   </div>
   <div class='ocr_carea' id='block_1_105' title="bbox 79 2827 857 2865">
    <p class='ocr_par' dir='ltr' id='par_1_105' title="bbox 79 2827 857 2865">
     <span class='ocr_line' id='line_1_106' title="bbox 79 2827 857 2865; baseline -0.005 -8"><span class='ocrx_word' id='word_1_765' title='bbox 79 2827 178 2865; x_wconf 45' lang='lat' dir='ltr'><strong>Qy‘ral&#39;d.</strong></span> <span class='ocrx_word' id='word_1_766' title='bbox 190 2831 263 2859; x_wconf 72' lang='lat' dir='ltr'><strong>Hist.</strong></span> <span class='ocrx_word' id='word_1_767' title='bbox 279 2836 350 2865; x_wconf 84' lang='lat' dir='ltr'><strong>poet.</strong></span> <span class='ocrx_word' id='word_1_768' title='bbox 360 2830 437 2857; x_wconf 86' lang='lat' dir='ltr'><strong>Dion.</strong></span> <span class='ocrx_word' id='word_1_769' title='bbox 447 2829 674 2865; x_wconf 34' lang='lat' dir='ltr'><strong>Chrysost10rat.</strong></span> <span class='ocrx_word' id='word_1_770' title='bbox 686 2827 730 2865; x_wconf 69' lang='lat' dir='ltr'><strong>ll,</strong></span> <span class='ocrx_word' id='word_1_771' title='bbox 741 2827 857 2865; x_wconf 66' lang='lat' dir='ltr'><strong>etalios.</strong></span> 
     </span>
    </p>
   </div>
   <div class='ocr_carea' id='block_1_106' title="bbox 81 2861 855 2896">
    <p class='ocr_par' dir='ltr' id='par_1_106' title="bbox 81 2861 855 2896">
     <span class='ocr_line' id='line_1_107' title="bbox 81 2861 855 2896; baseline -0.006 -2"><span class='ocrx_word' id='word_1_772' title='bbox 81 2861 150 2894; x_wconf 62' lang='lat' dir='ltr'><strong>Filso</strong></span> <span class='ocrx_word' id='word_1_773' title='bbox 165 2873 256 2896; x_wconf 85' lang='lat' dir='ltr'><strong>autem</strong></span> <span class='ocrx_word' id='word_1_774' title='bbox 271 2861 342 2894; x_wconf 79' lang='lat' dir='ltr'><strong>hanc</strong></span> <span class='ocrx_word' id='word_1_775' title='bbox 356 2861 541 2893; x_wconf 76' lang='lat' dir='ltr'><strong>narrationem</strong></span> <span class='ocrx_word' id='word_1_776' title='bbox 557 2861 659 2891; x_wconf 77' lang='lat' dir='ltr'><strong>referre</strong></span> <span class='ocrx_word' id='word_1_777' title='bbox 671 2863 729 2890; x_wconf 89' lang='lat' dir='ltr'><strong>vult</strong></span> <span class='ocrx_word' id='word_1_778' title='bbox 741 2862 855 2891; x_wconf 86' lang='lat' dir='ltr'><strong>Ptolem.</strong></span> 
     </span>
    </p>
   </div>
   <div class='ocr_carea' id='block_1_107' title="bbox 913 2581 1268 2615">
    <p class='ocr_par' dir='ltr' id='par_1_107' title="bbox 913 2581 1268 2615">
     <span class='ocr_line' id='line_1_108' title="bbox 913 2581 1268 2615; baseline 0.008 -8"><span class='ocrx_word' id='word_1_779' title='bbox 913 2581 1049 2615; x_wconf 79' lang='lat' dir='ltr'><strong>Hephaest.</strong></span> <span class='ocrx_word' id='word_1_780' title='bbox 1064 2582 1111 2609; x_wconf 83' lang='lat' dir='ltr'><strong>inf.</strong></span> <span class='ocrx_word' id='word_1_781' title='bbox 1129 2583 1190 2609; x_wconf 91' lang='lat' dir='ltr'><strong>cod.</strong></span> <span class='ocrx_word' id='word_1_782' title='bbox 1207 2582 1268 2610; x_wconf 74' lang='lat'><strong>{90.</strong></span> 
     </span>
    </p>
   </div>
   <div class='ocr_carea' id='block_1_108' title="bbox 947 2617 1722 2652">
    <p class='ocr_par' dir='ltr' id='par_1_108' title="bbox 947 2617 1722 2652">
     <span class='ocr_line' id='line_1_109' title="bbox 947 2617 1722 2652; baseline 0.009 -8"><span class='ocrx_word' id='word_1_783' title='bbox 947 2617 1003 2651; x_wconf 70' lang='lat'><strong>(94)</strong></span> <span class='ocrx_word' id='word_1_784' title='bbox 1021 2617 1208 2644; x_wconf 84' lang='lat' dir='ltr'><strong>Narratiouem</strong></span> <span class='ocrx_word' id='word_1_785' title='bbox 1237 2619 1305 2645; x_wconf 83' lang='lat' dir='ltr'><strong>hanc</strong></span> <span class='ocrx_word' id='word_1_786' title='bbox 1328 2626 1389 2646; x_wconf 89' lang='lat' dir='ltr'><strong>cum</strong></span> <span class='ocrx_word' id='word_1_787' title='bbox 1417 2620 1533 2648; x_wconf 84' lang='lat' dir='ltr'><strong>Pausan.</strong></span> <span class='ocrx_word' id='word_1_788' title='bbox 1563 2621 1590 2648; x_wconf 91' lang='lat' dir='ltr'><strong>in</strong></span> <span class='ocrx_word' id='word_1_789' title='bbox 1617 2623 1722 2652; x_wconf 77' lang='grc' dir='ltr'><strong>Αιιίε..</strong></span> 
     </span>
    </p>
   </div>
   <div class='ocr_carea' id='block_1_109' title="bbox 913 2653 1414 2686">
    <p class='ocr_par' dir='ltr' id='par_1_109' title="bbox 913 2653 1414 2686">
     <span class='ocr_line' id='line_1_110' title="bbox 913 2653 1414 2686; baseline 0.004 -7"><span class='ocrx_word' id='word_1_790' title='bbox 913 2659 1072 2685; x_wconf 88' lang='lat' dir='ltr'><strong>comparare</strong></span> <span class='ocrx_word' id='word_1_791' title='bbox 1089 2653 1203 2684; x_wconf 88' lang='lat' dir='ltr'><strong>pretium</strong></span> <span class='ocrx_word' id='word_1_792' title='bbox 1221 2661 1309 2686; x_wconf 75' lang='lat' dir='ltr'><strong>opera:</strong></span> <span class='ocrx_word' id='word_1_793' title='bbox 1324 2654 1414 2682; x_wconf 85' lang='lat' dir='ltr'><strong>fuerit.</strong></span> 
     </span>
    </p>
   </div>
   <div class='ocr_carea' id='block_1_110' title="bbox 947 2687 1700 2731">
    <p class='ocr_par' dir='ltr' id='par_1_110' title="bbox 947 2687 1700 2731">
     <span class='ocr_line' id='line_1_111' title="bbox 947 2687 1700 2731; baseline 0.008 -18"><span class='ocrx_word' id='word_1_794' title='bbox 947 2687 1098 2731; x_wconf 47' lang='lat' dir='ltr'><strong>(9.5LQnod</strong></span> <span class='ocrx_word' id='word_1_795' title='bbox 1110 2692 1210 2731; x_wconf 52' lang='lat' dir='ltr'><strong>praeter</strong></span> <span class='ocrx_word' id='word_1_796' title='bbox 1221 2688 1610 2731; x_wconf 39' lang='lat' dir='ltr'><strong>Homer‘un&#39;t‘etianlHesiodus</strong></span> <span class='ocrx_word' id='word_1_797' title='bbox 1620 2692 1700 2731; x_wconf 81' lang='lat' dir='ltr'><strong>docet</strong></span> 
     </span>
    </p>
   </div>
   <div class='ocr_carea' id='block_1_111' title="bbox 909 2721 1700 2794">
    <p class='ocr_par' dir='ltr' id='par_1_111' title="bbox 909 2721 1700 2794">
     <span class='ocr_line' id='line_1_112' title="bbox 911 2721 1700 2762; baseline 0.008 -14"><span class='ocrx_word' id='word_1_798' title='bbox 911 2723 980 2762; x_wconf 83' lang='lat' dir='ltr'><strong>apud</strong></span> <span class='ocrx_word' id='word_1_799' title='bbox 994 2722 1119 2749; x_wconf 86' lang='lat' dir='ltr'><strong>Eustath.</strong></span> <span class='ocrx_word' id='word_1_800' title='bbox 1136 2721 1170 2748; x_wconf 82' lang='lat' dir='ltr'><strong>ad</strong></span> <span class='ocrx_word' id='word_1_801' title='bbox 1184 2730 1255 2750; x_wconf 82' lang='lat' dir='ltr'><strong>vers.</strong></span> <span class='ocrx_word' id='word_1_802' title='bbox 1271 2723 1333 2757; x_wconf 81' lang='lat'><strong>570,</strong></span> <span class='ocrx_word' id='word_1_803' title='bbox 1350 2724 1433 2753; x_wconf 79' lang='lat' dir='ltr'><strong>Iliad.</strong></span> <span class='ocrx_word' id='word_1_804' title='bbox 1450 2726 1478 2753; x_wconf 81' lang='grc' dir='ltr'><strong>Σ.</strong></span> <span class='ocrx_word' id='word_1_805' title='bbox 1497 2726 1547 2753; x_wconf 88' lang='lat' dir='ltr'><strong>Ubi</strong></span> <span class='ocrx_word' id='word_1_806' title='bbox 1566 2726 1641 2760; x_wconf 91' lang='lat' dir='ltr'><strong>plura</strong></span> <span class='ocrx_word' id='word_1_807' title='bbox 1666 2729 1700 2754; x_wconf 88' lang='lat' dir='ltr'><strong>de</strong></span> 
     </span>
     <span class='ocr_line' id='line_1_113' title="bbox 909 2756 1697 2794; baseline 0.006 -11"><span class='ocrx_word' id='word_1_808' title='bbox 909 2756 989 2789; x_wconf 78' lang='lat' dir='ltr'><strong>Lino,</strong></span> <span class='ocrx_word' id='word_1_809' title='bbox 1006 2758 1093 2794; x_wconf 74' lang='lat' dir='ltr'><strong>deque</strong></span> <span class='ocrx_word' id='word_1_810' title='bbox 1104 2757 1238 2794; x_wconf 73' lang='lat' dir='ltr'><strong>appellato</strong></span> <span class='ocrx_word' id='word_1_811' title='bbox 1248 2759 1281 2794; x_wconf 83' lang='lat' dir='ltr'><strong>ab</strong></span> <span class='ocrx_word' id='word_1_812' title='bbox 1292 2767 1324 2786; x_wconf 90' lang='lat' dir='ltr'><strong>eo</strong></span> <span class='ocrx_word' id='word_1_813' title='bbox 1335 2761 1466 2793; x_wconf 84' lang='lat' dir='ltr'><strong>carmine,</strong></span> <span class='ocrx_word' id='word_1_814' title='bbox 1477 2761 1547 2794; x_wconf 87' lang='lat' dir='ltr'><strong>quod</strong></span> <span class='ocrx_word' id='word_1_815' title='bbox 1557 2766 1582 2787; x_wconf 88' lang='lat' dir='ltr'><strong>et</strong></span> <span class='ocrx_word' id='word_1_816' title='bbox 1591 2762 1697 2788; x_wconf 80' lang='grc' dir='ltr'>Αἴλινον</span> 
     </span>
    </p>
   </div>
   <div class='ocr_carea' id='block_1_112' title="bbox 909 2792 1698 2832">
    <p class='ocr_par' dir='ltr' id='par_1_112' title="bbox 909 2792 1698 2832">
     <span class='ocr_line' id='line_1_114' title="bbox 909 2792 1698 2832; baseline 0.006 -14"><span class='ocrx_word' id='word_1_817' title='bbox 909 2796 952 2819; x_wconf 76' lang='lat' dir='ltr'><strong>est</strong></span> <span class='ocrx_word' id='word_1_818' title='bbox 967 2792 1145 2832; x_wconf 80' lang='lat' dir='ltr'><strong>nominatum.</strong></span> <span class='ocrx_word' id='word_1_819' title='bbox 1159 2792 1311 2832; x_wconf 65' lang='lat' dir='ltr'><strong>Hesychius</strong></span> <span class='ocrx_word' id='word_1_820' title='bbox 1321 2803 1427 2832; x_wconf 80' lang='lat' dir='ltr'><strong>quoque</strong></span> <span class='ocrx_word' id='word_1_821' title='bbox 1435 2792 1514 2832; x_wconf 66' lang='grc' dir='ltr'>Αἶνον</span> <span class='ocrx_word' id='word_1_822' title='bbox 1527 2796 1599 2832; x_wconf 82' lang='grc' dir='ltr'>ᾠδῆς</span> <span class='ocrx_word' id='word_1_823' title='bbox 1612 2797 1698 2832; x_wconf 84' lang='grc' dir='ltr'>ὄνομα</span> 
     </span>
    </p>
   </div>
   <div class='ocr_carea' id='block_1_113' title="bbox 909 2827 1696 2866">
    <p class='ocr_par' dir='ltr' id='par_1_113' title="bbox 909 2827 1696 2866">
     <span class='ocr_line' id='line_1_115' title="bbox 909 2827 1696 2866; baseline 0.011 -15"><span class='ocrx_word' id='word_1_824' title='bbox 909 2827 981 2866; x_wconf 45' lang='lat' dir='ltr'><strong>Est-siit</strong></span> <span class='ocrx_word' id='word_1_825' title='bbox 1010 2828 1064 2866; x_wconf 58' lang='grc' dir='ltr'>μέν</span> <span class='ocrx_word' id='word_1_826' title='bbox 1086 2835 1163 2858; x_wconf 78' lang='grc' dir='ltr'>τινας</span> <span class='ocrx_word' id='word_1_827' title='bbox 1183 2828 1243 2866; x_wconf 49' lang='grc' dir='ltr'>-ᾁπὺ</span> <span class='ocrx_word' id='word_1_828' title='bbox 1261 2829 1313 2866; x_wconf 58' lang='lat'><strong>506</strong></span> <span class='ocrx_word' id='word_1_829' title='bbox 1329 2827 1463 2866; x_wconf 45' lang='lat' dir='ltr'><strong>adibam?)</strong></span> <span class='ocrx_word' id='word_1_830' title='bbox 1477 2827 1561 2866; x_wconf 77' lang='grc' dir='ltr'>λίνου,</span> <span class='ocrx_word' id='word_1_831' title='bbox 1576 2827 1696 2861; x_wconf 66' lang='lat' dir='ltr'><strong>notavit.</strong></span> 
     </span>
    </p>
   </div>
   <div class='ocr_carea' id='block_1_114' title="bbox 912 2861 1466 2898">
    <p class='ocr_par' dir='ltr' id='par_1_114' title="bbox 912 2861 1466 2898">
     <span class='ocr_line' id='line_1_116' title="bbox 912 2861 1466 2898; baseline 0.007 -8"><span class='ocrx_word' id='word_1_832' title='bbox 912 2861 978 2891; x_wconf 85' lang='lat' dir='ltr'><strong>Vide</strong></span> <span class='ocrx_word' id='word_1_833' title='bbox 990 2861 1017 2891; x_wconf 78' lang='lat' dir='ltr'><strong>et</strong></span> <span class='ocrx_word' id='word_1_834' title='bbox 1034 2861 1165 2891; x_wconf 85' lang='lat' dir='ltr'><strong>Thesaur.</strong></span> <span class='ocrx_word' id='word_1_835' title='bbox 1181 2863 1245 2898; x_wconf 89' lang='lat' dir='ltr'><strong>liug.</strong></span> <span class='ocrx_word' id='word_1_836' title='bbox 1256 2863 1356 2893; x_wconf 67' lang='lat' dir='ltr'><strong>Graecae</strong></span> <span class='ocrx_word' id='word_1_837' title='bbox 1372 2864 1405 2892; x_wconf 93' lang='lat' dir='ltr'><strong>ll.</strong></span> <span class='ocrx_word' id='word_1_838' title='bbox 1425 2866 1466 2894; x_wconf 82' lang='lat' dir='ltr'><strong>St.</strong></span> 
     </span>
    </p>
   </div>
   <div class='ocr_carea' id='block_1_115' title="bbox 1411 2925 1425 2937">
    <p class='ocr_par' dir='ltr' id='par_1_115' title="bbox 1411 2925 1425 2937">
     <span class='ocr_line' id='line_1_117' title="bbox 1411 2925 1425 2937; baseline 0 -2"><span class='ocrx_word' id='word_1_839' title='bbox 1411 2925 1425 2937; x_wconf 71' lang='grc' dir='ltr'><strong>ρ</strong></span> 
     </span>
    </p>
   </div>
  </div>
