1923 3091
212 173 267 204 559

789 172 923 203 PHOTII
937 172 1190 203 PATRIARCHE
1209 172 1263 202 ΟΡ.

1786 171 1839 202 560

213 232 259 265 qui
287 231 413 265 deinceps
437 230 520 257 secuti
533 235 606 263 sunt,
631 231 656 258 in
679 214 751 258 omni
767 238 844 265 paene
868 231 999 258 lamenta-

1059 231 1155 266 ᾅδεται.
1171 231 1253 265 Μῆνά
1265 239 1294 257 τε
1305 229 1450 266 ὠνόμασαν
1463 231 1580 266 άρνεῖον,
1594 230 1635 256 ὅτι
1647 231 1744 265 άρνάσι
1759 231 1839 262 Λίνος

214 275 317 302 tionum
331 281 430 310 genere
443 274 526 302 Linus
540 275 698 303 decantatus
718 276 863 303 inseratur.
884 276 954 309 Quin
971 282 999 303 et

212 327 334 347 mensem
345 319 444 355 134a
459 320 577 348 Arueum
586 321 642 356 (96)
655 321 834 355 appellarunt,
847 322 917 356 quod
930 322 999 349 inter

214 372 297 399 agnos
306 365 388 393 Linus
400 366 531 394 edttcatns
540 366 645 394 fuisset.
663 367 718 394 lmo
725 368 890 395 sacrificium
899 369 997 400 eidem,

213 409 366 446 festumque
381 412 463 444 diem,
486 412 586 439 Aruida
601 418 746 448 utrumque
761 414 938 448 nominatum,
958 415 1000 441 iu-

213 456 369 488 stituerunt,
390 462 540 490 mactanles
553 466 585 484 eo
600 459 652 492 die,
677 463 810 494 quotquot
835 459 940 494 uspiam
957 466 1000 486 re-

206 502 301 537 perire
314 511 397 530 canes
418 504 580 538 potuissent.
599 504 634 530 At
659 512 692 532 ne
707 505 746 531 sic
762 505 869 538 quidem
883 506 1001 532 cessavit

1051 277 1238 312 συνανετρᾶφη
1249 285 1255 291 ·
1273 277 1320 303 καὶ
1338 277 1432 303 θυσίαν
1452 277 1549 311 ἄγουσι
1564 278 1610 304 καὶ
1623 276 1720 312 ἑορτὴν
1731 277 1838 312 άρνίδα,

1051 324 1202 355 κτείνοντες
1216 324 1276 350 ἑν⁷³
1289 323 1382 360 ἐκείνῃ
1396 325 1429 359 τῇ
1439 324 1531 360 ἡμέρα
1540 324 1586 350 καὶ
1602 324 1691 350 κυνῶν
1707 323 1787 355 ὅσους
1806 323 1841 350 ἂν

1051 370 1162 406 εὕρωσι.
1193 370 1247 396 Καὶ
1261 369 1316 396 οὐδ’
1333 369 1419 401 οὕτως
1435 369 1527 404 ἐλώφα
1541 370 1572 396 τὸ
1587 369 1683 400 κακὸν,
1697 370 1749 400 ἔως
1767 369 1839 403 Κρό-

1050 424 1140 448 τωπος
1157 415 1229 442 κατὰ
1245 416 1370 451 χρησμὸν
1393 416 1469 443 ἔλιπε
1493 418 1523 442 τδ
1541 416 1652 451 Ἄργος.
1680 415 1725 441 καὶ
1743 414 1842 445 κτίσας

1053 462 1131 488 πόλιν
1145 463 1174 488 ἐν
1198 463 1232 497 τῇ
1259 461 1393 497 Μεγαρίδι
1409 462 1457 488 καὶ
1469 461 1661 497 Τριποδίσκιον
1674 458 1843 488 ἐπικαλέσας

1053 507 1225 543 κατῴκησεν.

210 549 323 582 malum,
339 550 425 577 donec
439 549 573 584 Crotopns
590 550 645 585 (97)
667 551 723 585 ipse
739 551 827 585 Argos
841 559 874 579 ex
890 552 1000 579 oraculo
1017 553 1136 589 reliquit,
1162 554 1351 589 conditamque
1366 553 1459 581 urbem
1486 553 1513 580 in
1535 551 1672 587 Megaride
1698 551 1840 586 Tripodis-

210 597 282 625 cium
300 598 409 624 nomine
419 598 591 625 lnliahitavit.

247 644 381 671 Vicesitna
395 653 402 670 :
415 644 548 671 Thcoelus
560 644 746 672 Chalcidensis
756 649 851 679 captus
865 653 878 672 a
888 645 996 673 Bisaltia

213 691 348 727 (’l‘ltracire
359 690 386 717 hi
396 690 486 724 populi
495 693 607 723 sunt,ex
618 691 760 718 adversum
772 691 998 718 Palleneshaben-

212 736 278 771 tes)
295 736 486 764 Chalcidenses
503 737 560 772 (98)
583 737 688 764 occulte
711 739 865 771 accersens,
885 737 999 764 Bisaltas

214 783 346 818 prodidit.
360 782 515 813 Turbarunt
529 783 618 817 itaque
630 784 744 818 primttm
758 783 793 810 illi
808 784 894 810 subita
903 791 951 811 sua
964 784 1000 810 ir-

214 829 339 863 ruptiunc
358 828 482 860 Bisaltas,
510 833 570 864 post.
595 830 675 856 etiam
705 829 775 856 intra
806 830 905 857 inmitia
928 838 996 857 com-

1088 646 1120 673 Ἦ
1150 649 1174 672 κ’
1201 645 1239 676 ὡς
1262 644 1403 675 Θέοκλοςό
1417 642 1570 674 Χαλκιδεὺς
1595 641 1767 677 αίχμάλωτος
1789 640 1844 667 ὑπὸ

1050 692 1189 719 Βισαλτῶν
1202 690 1321 725 γεγονὼς
1336 690 1371 726 (oi
1385 690 1414 717 δὲ
1432 688 1560 716 Βισάλται
1589 687 1727 723 Θρᾳκικὸν
1753 686 1842 718 ἔθνος,

1050 738 1183 773 ἀντίπερα
1209 737 1353 772 Παλλήνης
1369 735 1528 767 οἰκοῦντες),
1542 731 1619 765 οὗτος
1633 732 1777 764 Χαλκιδεῖς
1790 732 1843 760 λά-

1052 783 1104 817 θρα
1117 782 1140 798 ⁷⁸
1168 781 1419 817 μεταπεμψάμενος
1442 780 1587 816 προδίδωσι
1617 778 1768 809 Βισάλταςθ
1792 778 1843 804 καὶ

1053 828 1131 855 αὐτοὶ
1145 827 1254 864 πρῶτον
1269 828 1317 862 μὲν
1331 828 1371 862 τῷ
1386 826 1513 861 αίξνιδὶῳ
1538 825 1672 861 ἐτάραξαν
1696 825 1841 857 Βισάλτας,

213 874 315 910 pulsos,
327 879 353 902 et
368 874 461 901 Bucoli
474 882 505 901 ac
516 873 574 902 Doli
591 876 660 908 apud
675 882 721 902 eos
736 876 902 908 captivorum
919 883 999 910 opera

1059 874 1113 902 εἶτα
1128 875 1266 910 τειχήρεις
1287 876 1450 909 ποιήσαντες
1467 873 1594 908 βουκόλου
1616 872 1684 909 δόλῳ
1702 871 1844 907 αἰχμαλώ-

213 922 309 948 urbem
324 921 462 954 capientes
474 940 481 953 ,
499 920 613 948 Bisaltas
629 921 750 955 ejiciuut.
767 921 894 948 llucolum
910 926 998 948 tamen

214 966 377 999 proditorem
392 970 468 1000 rupta
481 966 532 992 lide
542 965 597 998 jam
611 966 672 992 data
691 974 752 992 cum
768 967 941 998 occidissent,
958 966 1000 993 di-

214 1012 278 1039 vina
300 1017 440 1046 propterea
465 1012 490 1038 in
507 1018 554 1038 eos
577 1011 616 1038 ira
641 1011 728 1044 irruit,
745 1011 830 1039 donec
844 1020 875 1039 ex
891 1013 1000 1039 oraculo

214 1056 356 1093 pulchrum
382 1057 480 1084 Bucolo
509 1057 547 1084 illi
573 1063 776 1084 monumentum
807 1063 947 1092 ponentes,
974 1061 1001 1085 et

215 1107 343 1137 tanquam
374 1102 450 1129 lteroi
468 1102 668 1134 sacrificantes,
684 1102 784 1130 malum
800 1104 906 1130 tandem
923 1111 1002 1131 aver-

215 1152 315 1176 terunt.

249 1238 384 1266 Vicesitna
406 1238 492 1272 prima
513 1247 519 1265 :
543 1237 684 1266 Dardanus
699 1243 727 1266 et
744 1238 826 1266 Jason
838 1238 912 1266 lovis
922 1243 1001 1266 erant

215 1285 264 1313 ﬁlii
287 1292 322 1312 ex
350 1284 457 1311 Electra
478 1284 596 1311 Atlantis
627 1284 693 1317 ﬁlia,
716 1284 927 1319 habitabautque
949 1285 1000 1312 Sa-

215 1333 392 1360 mothraciam
423 1332 547 1358 insulam.
574 1332 673 1360 Verum
688 1332 770 1360 .lason
798 1332 854 1367 (99)
869 1340 1001 1366 apparens

213 1377 323 1406 Cereris
340 1383 476 1413 speclrum
493 1378 597 1406 foedare
627 1383 722 1412 stupro
747 1383 872 1410 conatus,
890 1378 1002 1406 fulmine

216 1425 286 1452 ictus
302 1424 416 1451 interiit.
428 1423 571 1451 Dardanus
586 1428 674 1451 autent
692 1423 784 1451 fratris
799 1424 920 1459 exemplo
935 1432 1002 1452 con-

218 1469 328 1498 territus
341 1469 366 1496 in
382 1469 532 1504 oppositant
553 1474 663 1502 terram,
676 1470 720 1497 tibi
733 1470 790 1504 agri
805 1470 893 1503 multi,
909 1478 1002 1498 mons-

216 1523 270 1551 que
282 1515 326 1542 Ida
341 1514 401 1547 fuit,
419 1515 522 1542 ratibus
533 1515 662 1550 (nondum
677 1516 749 1543 enim
758 1515 926 1551 navigiorum
939 1524 1002 1544 usus

1053 922 1132 949 του⁷⁸
1149 921 1215 957 παρ’
1226 922 1315 948 αὐτῶν
1339 921 1524 956 γεγενημένου
1549 920 1658 956 αἱροῦσι
1680 919 1730 955 τὴν
1753 919 1844 950 πόλιν,

1053 966 1231 1000 ὲκδιώξαντες
1247 967 1312 998 τοὺς
1330 965 1475 998 Βισάλτας.
1492 965 1543 992 Τὸν
1571 965 1600 992 δὲ
1624 964 1757 1000 προδότην
1779 963 1845 998 βου-

1054 1013 1142 1045 κόλον,
1176 1012 1348 1048 παραϐάντες
1366 1013 1415 1044 τὰς
1441 1012 1588 1047 συνθήκας,
1618 1011 1764 1038 κτείνουσι.
1787 1011 1847 1038 Καὶ

1056 1060 1137 1095 μῆνις
1153 1059 1245 1090 αὐτοῖς
1262 1059 1306 1086 διὰ
1320 1058 1400 1085 τοῦτο
1414 1058 1506 1085 θεόθεν
1518 1057 1581 1094 [125
1594 1057 1640 1093 Η.Ι
1659 1056 1792 1092 ἐνέσκηψε
1807 1057 1845 1084 ⁷⁸.

1055 1106 1109 1132 Καὶ
1127 1105 1198 1132 κατὰ
1213 1105 1338 1139 χρησμὸν
1357 1104 1443 1138 τάφον
1467 1102 1618 1139 περικαλλῆ
1641 1102 1778 1138 χώσαντες
1804 1102 1847 1138 τῷ

1055 1151 1176 1186 βουκόλῳ
1192 1151 1240 1177 καὶ
1255 1150 1292 1182 ὠς
1308 1149 1380 1184 ἥρωϊ
1399 1149 1509 1180 θύοντες
1522 1148 1570 1176 τοῦ
1586 1149 1671 1176 κακοῦ
1687 1146 1849 1184 ἀπηλλάγη-

1055 1206 1116 1225 σαν.

1095 1243 1129 1269 Ἦ
1145 1245 1198 1275 καθ,
1214 1241 1349 1277 Δάρδανος
1362 1241 1410 1269 καὶ
1429 1240 1524 1268 Ἰάσων
1534 1240 1556 1256 ⁷⁷
1576 1239 1669 1272 παῖδες
1681 1239 1768 1274 ἦστην
1782 1238 1847 1270 Διὸς

1055 1287 1084 1320 ἐξ
1104 1287 1255 1322 Ἠλέκτρας
1284 1286 1334 1322 τῆς
1360 1285 1540 1317 Ἀτλαντίδος,
1560 1285 1608 1311 καὶ
1636 1284 1723 1320 ᾤκουν
1755 1283 1847 1318 Σαμοο

1056 1333 1162 1369 θρᾴκην
1175 1332 1225 1368 τὴν
1242 1332 1333 1367 νῆσον.
1361 1332 1432 1358 Ἀλλ’
1451 1332 1465 1358 ὁ
1483 1332 1532 1367 μὲν
1555 1331 1650 1358 Ἰάσων
1669 1330 1765 1364 φάσμα
1791 1330 1847 1364 Δή-

1057 1387 1160 1414 μητρος
1178 1378 1309 1414 αἰσχῦναι
1332 1378 1484 1414 βουληθεὶς,
1502 1376 1690 1412 ἐκεραυνώθη,
1708 1376 1847 1411 Δάρδανος

1055 1425 1084 1452 δὲ
1097 1426 1143 1451 ἐπὶ
1162 1425 1286 1460 τάδελφῷ
1304 1424 1450 1460 συγχυθεὶς
1470 1424 1510 1455 εἰς
1521 1423 1571 1459 τὴν
1586 1423 1723 1458 ἀντίπερα
1738 1421 1802 1456 γῆν,
1818 1422 1847 1448 ὲν

1055 1469 1072 1509 ᾖ
1095 1472 1143 1499 καὶ⁴
1172 1471 1265 1503 πεδιὰς
1292 1471 1376 1506 πολλὴ
1400 1470 1495 1497 καὶτὸ
1519 1470 1582 1504 ὅρος
1605 1470 1621 1505 ή
1640 1468 1706 1503 Ἴδη,
1726 1468 1848 1503 σχεδίαις

1057 1518 1168 1551 (πλοίων
1190 1517 1244 1553 γὰρ
1270 1517 1366 1552 χρῆσις
1389 1516 1494 1542 οὐδέπω
1510 1513 1554 1551 ἦν)
1572 1515 1715 1542 διαϐαίνει.
1734 1512 1798 1549 Εἶχε
1819 1514 1849 1540 δὲ

217 1548 288 1596 erat)
311 1559 449 1594 profectus
463 1565 514 1587 est.
533 1548 570 1587 lia
594 1568 660 1588 vero
683 1548 845 1596 tempestate
867 1562 1002 1597 regionem

1059 1548 1086 1591 τὸ
1105 1548 1205 1599 κράτος
1217 1548 1347 1597 {cs-.965
1364 1561 1456 1598 χώρας
1471 1562 1485 1587 ὁ
1500 1548 1679 1596 Σκαμάνδρου
1694 1559 1740 1586 τοῦ
1761 1567 1849 1586 ποτα-

217 1606 290 1634 illatn
307 1606 415 1634 tenebat
429 1605 544 1640 Teucer,
567 1606 724 1634 Scamandri
746 1607 865 1635 ﬂuminis
880 1613 908 1636 et
925 1616 1004 1643 nym-

219 1652 279 1687 phae
294 1651 382 1687 [Idaeae
399 1651 456 1687 (l)]
473 1651 543 1679 lilius
561 1660 568 1679 :
589 1661 603 1679 a
619 1660 673 1686 quo
699 1652 797 1680 Teucri
818 1653 912 1680 incola:
927 1654 1002 1686 dicti,

217 1703 248 1726 et
260 1697 374 1726 Teucria
391 1699 475 1733 regio.
489 1697 557 1726 Cum
579 1698 624 1726 illo
650 1699 790 1726 Dardanus
815 1706 941 1726 sermone
959 1699 1006 1726 ha-

219 1744 277 1772 bito
291 1744 430 1771 dimidiam
445 1744 563 1779 regionis
583 1749 686 1779 partetn
709 1745 827 1780 accipit:
846 1745 1004 1780 urbemque.

220 1790 265 1817 ubi
273 1791 375 1818 ratibus
382 1790 508 1825 appulsus
518 1791 705 1822 exscenderat,
713 1791 876 1818 Dardaniam
886 1791 1004 1822 nomine,

219 1835 374 1863 a:dilicavit.
396 1835 502 1863 Teucro
514 1836 610 1863 deinde
620 1836 674 1863 vita
687 1836 791 1870 functo,
812 1837 901 1864 omnis
914 1844 946 1864 ea
957 1844 1005 1864 ora

221 1882 247 1908 in
263 1881 379 1908 Dardani
396 1882 524 1909 ditionem
545 1882 686 1909 concessit.

178 1922 182 1930 ⁵
256 1928 392 1956 Vicesima
421 1929 539 1955 secunda
556 1927 594 1964 (2)
612 1928 753 1957 :Cretensi
779 1937 863 1965 puero
877 1934 1005 1965 tanquam

222 1980 272 2008 pro
286 1973 388 2000 amasio
405 1973 485 2001 datus
500 1979 543 2001 est
562 1975 688 2002 draconis
718 1975 800 2003 fetus.
818 1975 895 2003 Hunc
909 1983 942 2003 eo
959 1985 1006 2004 us-

220 2027 273 2054 que
285 2019 410 2046 educavit
425 2019 480 2053 ille.
506 2020 684 2056 studioseque
705 2023 821 2055 curavit,
845 2023 908 2050 dum
925 2031 1008 2057 gran-

221 2065 280 2093 dior
292 2064 381 2093 factus
392 2071 491 2092 metum
504 2067 584 2093 etiam
600 2068 694 2095 incolis
708 2067 842 2103 injiceret.
856 2068 1009 2104 Coegerunt

221 2111 313 2146 itaque
336 2119 449 2146 puerutn
468 2112 494 2138 in
510 2112 682 2140 solitudinem
718 2114 864 2142 draconem
891 2114 1006 2142 deferre.

221 2157 254 2185 Et
266 2158 356 2192 paruit
375 2158 429 2190 ille,
454 2158 565 2185 multum
591 2159 710 2194 plorans.
727 2160 846 2188 Tandem
869 2169 932 2189 vero
947 2169 1008 2188 cum

221 2203 254 2230 ad
270 2204 440 2231 venationem
452 2203 596 2239 aliquando
617 2205 773 2234 adolescens
785 2214 911 2242 egressus
924 2206 950 2234 in
969 2207 1008 2233 la-

221 2251 313 2274 trones
346 2247 496 2282 incidisset,
524 2257 656 2285 opemque
680 2251 856 2279 inclamasset
881 2261 888 2279 :
916 2252 1007 2286 agnita

222 2299 289 2320 voce
305 2292 399 2328 draco,
412 2300 440 2322 et
452 2298 613 2331 corporibus
624 2305 685 2325 sese
699 2298 853 2332 implicatus,
869 2298 1009 2333 prazdones

222 2338 332 2372 occidit,
350 2346 431 2376 atque
446 2343 662 2377 adolescentem,
680 2345 781 2371 veteris
799 2344 875 2379 signa
891 2343 1008 2371 necessi-

223 2385 325 2414 tudinis
337 2388 494 2422 ostendens,
509 2390 629 2423 periculo
643 2390 752 2425 eripuit.

1059 1610 1110 1646 μοῦ
1128 1611 1174 1637 καὶ
1188 1610 1298 1644 νύμφης
1315 1609 1447 1644 Τεῦκρος.
1469 1608 1499 1641 ἐξ
1518 1605 1548 1634 οὗ
1563 1606 1680 1643 Τεῦκροί
1694 1615 1723 1633 τε
1735 1607 1760 1632 ol
1772 1606 1850 1640 οἰκή-

1057 1663 1137 1692 τορες
1153 1655 1200 1681 καί¹
1221 1654 1343 1689 Τευκρία
1357 1654 1374 1689 ἠ
1389 1653 1437 1688 γῆ·
1455 1649 1477 1687 ᾧ
1494 1652 1565 1679 κατὰ
1594 1651 1692 1685 λόγους
1713 1650 1850 1677 συνελθὼν

1057 1701 1193 1737 Δάρδανος
1218 1700 1352 1735 λαμϐάνει
1379 1699 1429 1735 τὴν
1457 1699 1595 1734 ἡμίσειαν,
1617 1698 1663 1724 καὶ
1678 1697 1766 1730 πόλιν,
1781 1697 1812 1722 ὲν
1827 1693 1851 1731 ᾧ

1058 1749 1108 1784 τῆς
1131 1747 1239 1783 σχεδίας
1266 1747 1368 1782 ἀπέϐη,
1383 1746 1470 1778 κτίζει
1488 1745 1650 1780 Δαρδανίαν.
1668 1744 1803 1780 ’Ύστερον
1820 1744 1850 1770 δὲ

1058 1795 1270 1830 τελευτήσαντος
1284 1793 1406 1829 Τεύκρου
1426 1793 1443 1828 ἠ
1465 1793 1541 1819 πᾶσα
1561 1791 1612 1827 τῆς
1634 1790 1726 1826 χώρας
1746 1791 1787 1821 είς
1802 1790 1853 1817 αὑ-

1058 1841 1105 1869 τὸν
1118 1841 1191 1877 ἁρχὴ
1205 1839 1362 1876 περιῆλθεν.

1100 1932 1133 1959 Ἦ
1146 1932 1187 1967 κβ·
1207 1931 1343 1967 μειρακίῳ
1360 1930 1448 1965 Κρητὶ
1473 1929 1596 1965 γέννημα
1624 1928 1771 1965 δράκοντος
1787 1929 1853 1963 ὲρα-

1062 1979 1127 2014 στὴς
1158 1979 1300 2013 δωρεῖται.
1323 1977 1352 2003 Ὀ
1373 1976 1402 2003 δὲ
1426 1976 1524 2012 ἐτρεφέ
1542 1984 1572 2002 τε
1602 1976 1650 2003 καὶ
1675 1974 1850 2009 ἐπεμελεῖτο,

1061 2026 1113 2057 ἕως
1123 2025 1231 2060 ηὐξήθη
1247 2025 1295 2052 καὶ
1310 2023 1392 2059 φόϐον
1405 2023 1522 2049 ἐνεποίει
1533 2022 1557 2038 ’⁷⁸
1573 2023 1586 2049 ὁ
1596 2021 1704 2058 δράκων
1721 2022 1777 2051 τοῖς
1786 2021 1850 2047 ὲπι-

1061 2071 1172 2107 χωρίοις
1181 2081 1188 2086 ·
1205 2069 1279 2098 οὗτοι
1290 2070 1343 2106 γὰρ
1358 2070 1418 2096 τότε
1430 2069 1590 2103 ἠνάγκασαν
1605 2068 1635 2094 τὸ
1648 2067 1791 2102 μειράκιον
1803 2068 1852 2093 ὲκ-

1063 2115 1149 2142 θείναι
1160 2114 1190 2141 τὸ
1199 2114 1294 2149 θηρίον
1303 2115 1349 2140 ἐπὶ
1362 2113 1412 2148 τῆς
1427 2113 1555 2148 ἐρημίας,
1565 2111 1704 2139 καὶπολλὰ
1713 2111 1818 2138 κλαίων
1828 2112 1852 2128 "

1063 2161 1181 2193 ἐξέθετο,
1194 2160 1329 2195 ’Ὕστερον
1347 2159 1371 2186 δ’
1382 2160 1429 2186 ἐπὶ
1450 2159 1536 2194 θήραν
1555 2158 1710 2192 ἐξελθόντος
1727 2157 1773 2184 τοῦ
1792 2167 1853 2193 μει-

1065 2206 1161 2242 ρακίου
1176 2206 1223 2233 καὶ
1240 2206 1351 2241 λῃσταῖς
1370 2205 1566 2241 περιπεσόντος
1574 2203 1609 2238 ⁸⁸,
1628 2203 1852 2238 ἀνακαλουμένου

1062 2254 1126 2284 τοὺς
1162 2252 1346 2288 βοηθήσοντας
1358 2251 1392 2284 “,
1408 2251 1601 2286 ἀναγνωρίσας
1625 2250 1639 2276 ό
1671 2249 1781 2285 δράκων
1802 2250 1853 2284 τὴν

1063 2299 1155 2334 φωνὴν
1172 2300 1235 2330 τοὺς
1253 2298 1303 2333 μὲν
1319 2297 1421 2334 λῃστάς
1436 2297 1600 2332 διέφθειρεν,
1624 2296 1732 2331 ἑκάστῳ
1747 2305 1855 2332 περιει-

1062 2345 1167 2380 ληθεὶς,
1183 2345 1285 2379 σημεῖα
1299 2344 1328 2370 δὲ
1345 2343 1384 2378 τῷ
1400 2343 1475 2370 παιδὶ
1495 2343 1613 2375 παλαιᾶς
1637 2343 1791 2378 αἰσθήσεως
1807 2344 1852 2370 ἐν-

1062 2391 1220 2426 δειξάμενος
1235 2389 1404 2417 ἀπαλλάσσει
1419 2390 1468 2425 τῆς
1479 2390 1635 2424 ἐπιϐουλῆς.

864 2456 981 2485 νΛιιιΑς
999 2456 1209 2484 LECTIONES.

255 2501 280 2517 "
296 2501 326 2540 ἓν(
350 2502 410 2530 τιάά·
429 2503 461 2531 Αο
499 2505 521 2521 ’⁵
536 2505 674 2540 Χαλκίδης
702 2503 957 2540 μεταγπεμψάμενθς
982 2503 1070 2540 λάθρα
1085 2512 1114 2540 ς·
1157 2503 1180 2518 ’⁸
1196 2502 1259 2540 libr}
1284 2501 1405 2540 βουκέέῳ
1422 2502 1470 2540 καὶ
1496 2500 1854 2540 δάἔίιξ.α¹χμ3λξδτφ.ῖ.γε-

223 2537 377 2574 χενῃμένῳ.
393 2545 571 2568 correxerunt
586 2536 710 2567 Kaunius
723 2545 749 2567 et
768 2536 896 2574 lleytiitts.
937 2539 959 2554 ⁷⁸
979 2536 1121 2573 ἐπέσκηψε
1134 2547 1164 2570 ς.
1178 2573 1181 2574 ν
1195 2537 1218 2553 τ⁷
1234 2536 1338 2574 Ἰασίων
1355 2536 1475 2574 Heynius
1488 2538 1541 2574 Ecl.
1559 2536 1621 2563 Car.
1640 2536 1724 2574 Qtfr._
1745 2536 1852 2574 Miiller.

223 2571 384 2598 Orcltotneu.
403 2580 429 2606 p.
441 2574 506 2603 265.
540 2576 562 2591 ⁷⁸
579 2575 666 2602 ἐποίει
678 2575 710 2601 Α.
745 2575 768 2591 ¹¹⁹
779 2571 873 2600 κλαῖον
889 2583 918 2606 ς.

195 2634 203 2643 ,
224 2606 423 2641 βοηθήσαντας.

956 2574 979 2589 ⁸⁰
994 2571 1124 2609 περιπένσ.
1141 2573 1188 2599 καὶ
1199 2571 1314 2599 ἀνακαλ.
1332 2581 1362 2604 ς.
1399 2572 1421 2588 ⁶¹
1436 2571 1619 2606 βοηθήσοντας
1639 2571 1777 2606 lleynius:
1792 2572 1854 2598 libri

986 2658 1100 2687 ΝΟΤᾹΞ.

271 2707 316 2742 96)
332 2707 456 2735 Euatath.
473 2714 580 2741 quoque
596 2711 673 2734 teste.

271 2740 316 2779 9T)
333 2743 449 2779 l’ausan.
466 2740 583 2779 Coruébo
600 2743 655 2769 haec
672 2740 776 2768 tribuit.

259 2779 317 2813 (98)
337 2778 407 2813 Lege
421 2778 574 2809 Χαλκιδεῖς.

259 2811 315 2850 (99)
330 2811 402 2874 Lege
418 2813 513 2848 Steph.
530 2821 594 2840 voce
621 2812 744 2839 Dardan.
759 2816 786 2840 et
802 2811 895 2840 Strab.
913 2814 960 2854 lib.
976 2822 1012 2842 vn

262 2854 348 2874 tremo
390 2857 403 2874 ε
418 2848 607 2874 Sumat/truce:
624 2848 747 2874 Anollod.
773 2855 880 2874 nuoauc
904 2849 952 2874 lih.
982 2857 1011 2874 ιιι

224 2848 348 2875 extremo
368 2848 403 2875 De
418 2848 607 2880 Sumat/truce;
624 2848 747 2882 Apollod.
773 2855 880 2882 quoque
904 2849 952 2876 lib.
981 2857 1012 2877 ιιι

224 2890 260 2910 ex
271 2891 324 2918 quo
339 2884 395 2912 haec
406 2892 482 2919 panic
497 2885 529 2912 ad
543 2885 652 2911 verbum
664 2883 798 2917 descripta
815 2885 951 2918 narratio;
968 2885 1013 2913 ubi

1066 2713 1093 2734 et
1106 2707 1197 2744 .lasion
1216 2708 1266 2743 legi
1281 2708 1480 2736 observandum
1496 2713 1571 2744 puto.

1102 2743 1185 2782 (l)_ld
1199 2745 1333 2782 _ny_mpha2
1354 2751 1463 2782 uolneri,
1480 2743 1561 2782 quod
1572 2744 1635 2782 hinc
1650 2744 1721 2773 forte
1736 2745 1853 2782 fugerat.

1065 2785 1098 2818 ea
1137 2778 1300 2812 Apollodoro
1331 2785 1358 2807 et
1381 2779 1459 2807 Diod.
1489 2779 1581 2806 Siculo
1605 2779 1653 2807 lib.
1677 2788 1703 2807 IV
1724 2778 1854 2810 remeare

1065 2820 1166 2840 νιειιιιι.

1101 2849 1139 2883 (2)
1159 2848 1253 2876 Rel'ert
1283 2849 1354 2878 hanc
1376 2850 1457 2879 etiam
1483 2849 1608 2879 Elianus
1631 2850 1735 2879 Variar.
1752 2851 1853 2879 lliuor.

1065 2883 1114 2911 lib.
1130 2891 1190 2916 xm,
1203 2891 1262 2918 cap.
1280 2884 1326 2912 46.
