1923 3091
84 152 126 184 561
572 155 834 186 BIBLIOTHECA.
853 166 888 174 -·-

119 213 149 239 Ἦ
162 211 204 246 κγ’
216 211 253 244 ὠς
271 211 444 248 Ἀλεξάνδρου
466 212 513 240 τοῦ
537 213 652 249 Πάριδος
663 215 686 229 ³⁸
701 214 747 240 καὶ
770 213 854 240 Οῑνώ-
870 215 891 243 Δ

85 266 136 293 νης,
150 258 182 293 ῆν
198 259 320 294 ἐγήματο
333 259 399 293 πρὶν
413 259 430 294 ἢ
440 259 489 294 τὴν
512 259 622 294 Ἑλένην
639 260 773 296 ἁρπάσαι,
789 260 853 291 παῖς

86 305 195 339 Κόρυθος
218 303 332 338 γίνεται,
347 304 441 331 κάλλει
457 304 540 331 νικῶν
555 305 601 331 τὸν
623 305 737 340 πατέρα.
755 304 856 331 Τοῦτον

85 350 98 383 ἡ
114 349 198 385 μήτηρ
219 349 312 386 Ἑλένῃ
333 350 524 385 προσέπεμπε,
540 350 704 385 ζηλοτυπίαν
723 359 752 377 τε
768 350 856 376 κινοῦ-

87 404 115 421 σα
136 395 299 432 Ἀλεξάνδρῳ
314 397 361 423 καὶ
381 397 466 423 κακόν
480 405 506 423 τι
529 396 760 432 διαμηχανωμένη
784 397 858 424 Ἐλέο

86 448 122 476 νη.
135 441 180 473 Ὧς
194 442 222 467 δὲ
240 442 359 478 συνήθης
369 443 392 459 ⁸³
407 444 421 470 ὀ
444 442 568 478 Κόρυθος
586 444 655 478 πρὸς
675 443 783 478 Ἑλένην
795 443 857 477 ἐγέ-

87 495 147 518 νετο,
166 486 338 523 Ἀλέξανδρός
359 497 424 515 ποτε
450 489 593 525 παρελθὼν
617 489 657 520 είς
675 489 721 516 τὸν
737 489 857 524 θάλαμον

87 532 141 568 [356
165 533 210 569 R.]
228 535 276 560 καὶ
307 534 473 570 θεασάμενος
492 535 538 562 τὸν
563 535 685 570 Κόρυθον
709 537 742 571 τῇ
764 535 857 571 Ἑλένῃ

86 578 262 614 παρεξόμενον
286 583 333 607 καὶ
363 581 544 616 ἀναφλεχθεὶς
575 581 604 614 ἐξ
632 581 749 616 ὑποψίας
777 582 858 613 εὐθὺς

85 625 189 659 ἀναιρεῖ.
205 626 261 652 Καὶ
276 626 380 662 Οἰνώνη
403 627 454 662 τῆς
469 636 497 654 τε
514 629 554 659 είς
576 627 662 662 αὐτὴν
685 628 791 662 ὕϐρεως
812 629 860 655 καὶ

85 670 127 705 τῆς
139 671 183 698 τοῦ
199 672 296 704 παιδὸς
311 674 478 708 ἀναιρέσεως
499 674 583 701 πολλὰ
604 674 777 710 Ἀλέξανδρον
790 675 860 710 ἀρα-

86 718 191 752 σαμένη,
207 719 254 744 καὶ
269 719 419 745 ὲπειποῦσα
435 720 493 754 (καὶ
516 720 571 755 γὰρ
593 718 628 756 ἦν
640 720 773 751 ἐπίπνους
790 729 859 755 μανκ

84 761 150 793 τεὶας
163 762 208 788 καὶ
227 763 313 798 τομῆς
334 766 487 800 φαρμάκων
508 765 679 800 ἐπιστήμων)
693 765 731 797 ὡς
745 765 860 801 τρωθείς

85 816 142 833 ποτε
157 809 202 834 ὑπ’
223 808 340 844 Ἀχαιῶν
354 810 399 836 καὶ
418 809 455 845 μὴ
472 811 614 845 τυγχάνων
628 811 778 846 θεραπείας
795 811 859 846 δεή-

86 861 152 880 σεται
166 855 262 889 αὐτῆς,
278 855 369 882 οἴκαδε
386 855 440 890 ᾔει.
456 855 588 893 ’Ὕστερον
597 856 618 882 δ’
641 856 812 892 Ἀλέξανδρος
829 858 859 882 ὲν

84 900 111 934 τῇ
130 899 194 934 πρὸς
217 901 344 935 Ἀχαιοὺς
366 901 436 936 ὑπὲρ
463 902 564 936 Τροίας
585 902 659 938 μάχῃ
679 902 793 938 τρωθεὶς
808 902 860 928 ὑπὸ

85 944 236 980 ιιιιλοκτήτου
252 947 301 972 καὶ
327 946 421 978 δεινῶς
443 946 514 982 ἔχων
539 947 573 974 δι’
589 949 696 983 ἀπήνης
717 947 860 982 ἐκομίζετο

876 888 897 915 Β

84 989 142 1024 πρὸς
162 991 209 1026 τὴν
226 991 312 1026 Ἴδην,
340 992 386 1018 καὶ
417 992 615 1027 προεκπέμψας
641 993 750 1028 κήρυκα
775 993 860 1020 ἐδεῖτο

83 1031 204 1072 θὶνώνης·
224 1038 241 1073 ἡ
261 1039 289 1065 δὲ
305 1038 470 1074 ὑϐριστικῶς
487 1039 560 1074 μάλα
575 1039 620 1065 τὸν
639 1040 747 1074 κήρυκα
759 1039 860 1066 διωσα-

84 1082 143 1118 μὲνη
160 1083 228 1118 πρὸς
247 1084 360 1120 Ἑλένην
376 1085 444 1111 ίέναι
465 1084 638 1121 Ἀλέξανδρον
660 1085 813 1118 ἐξωνείδιζε
824 1085 858 1112 ⁸⁵.

84 1129 130 1155 Καὶ
149 1130 322 1165 Ἀλέξανδρος
342 1131 391 1165 μὲν
409 1130 480 1157 κατὰ
498 1131 548 1165 τὴν
562 1131 620 1158 ὁδὸν
637 1131 689 1158 ὑπὸ
713 1131 760 1158 τοῦ
773 1131 859 1167 τραύ-

84 1183 157 1208 ματος
171 1176 297 1212 τελευτᾷ,
308 1177 356 1212 τὴν
369 1177 397 1204 δὲ
415 1178 498 1213 μήπω
510 1178 689 1213 πεπυσμένην
706 1178 755 1214 τὴν
768 1179 860 1205 τελευ-

82 1219 123 1254 τὴν
139 1221 291 1257 μετάμελος
316 1223 392 1257 ὅμως
403 1223 489 1254 δεινὸς
502 1223 525 1239 ⁸⁵
543 1220 611 1259 εἶχε,
636 1224 683 1249 καὶ
701 1224 860 1259 δρεψαμένη

82 1265 124 1300 τῆς
136 1266 202 1299 πόας
215 1267 275 1294 ἑθει
291 1267 391 1302 φθάσαι
403 1269 578 1304 ἐπειγομένη.
597 1269 640 1301 Ὠς
650 1270 672 1296 δ’
686 1269 770 1305 ἔμαθε
784 1271 860 1306 παρὰ

82 1311 120 1337 τοῦ
135 1313 252 1348 κήρυκος
278 1314 320 1340 ὅτι
337 1314 465 1350 τεθνήκοι
480 1316 527 1342 καὶ
542 1316 582 1343 ὅτι
598 1317 666 1352 αὑτὴ
690 1317 771 1345 αὑτὸν
793 1317 859 1353 ἀνῄ-

83 1367 166 1392 ρηκεν,
178 1361 284 1386 ἐκεῖνον
300 1361 349 1395 μὲν
368 1360 432 1397 [224
447 1361 494 1398 PL]
510 1363 559 1397 τῆς
569 1362 592 1378 ⁸⁸
606 1362 721 1399 ὕϐρεως,
735 1363 801 1400 λίθῳ
811 1364 860 1400 τὴν

83 1405 191 1441 κεφαλὴν
206 1406 366 1438 πατάξασα,
387 1407 505 1443 ἀναιρεῖ,
522 1408 561 1444 τῷ
576 1408 598 1435 δ’
620 1409 795 1446 Ἀλεξάνδρου
815 1419 860 1437 νε-

83 1451 133 1486 κρῷ
150 1452 342 1488 περιχυθεῖσα,
357 1453 404 1479 καὶ
418 1452 506 1480 πολλὰ
525 1453 570 1480 τὸν
585 1454 673 1482 κοινὸν
692 1455 794 1490 ἀμφοῖν
808 1464 860 1482 κα-

82 1497 275 1533 ταμεμψαμένη
293 1497 419 1533 δαίμονα,
435 1499 537 1535 ἑαυτὴν
548 1500 688 1536 ἀνήρτησε
711 1502 743 1536 τῇ
757 1500 840 1538 ζώνῃ.

118 1586 147 1614 Ἦ
164 1587 213 1622 κδ’,
227 1589 257 1616 ὲν
277 1589 398 1626 Θεσπείᾳ
427 1591 477 1626 τῆς
492 1591 624 1622 Βοιωτίας
637 1591 739 1626 (ἔστιδ’
753 1592 769 1627 ἡ
786 1592 863 1625 πόλις
877 1554 900 1584 c

82 1633 123 1668 οὑχ
138 1634 201 1667 ἑκὰς
213 1636 279 1667 τοὺς
301 1635 456 1672 Ἑλικῶνος)
473 1638 535 1669 παῖς
550 1636 601 1672 ἔφυ
618 1637 774 1673 Νάρκισσος
792 1638 863 1665 πάνυ

84 1680 154 1712 καλὸς
168 1683 214 1708 καὶ
234 1682 396 1717 ὑπερόπτης
412 1683 533 1717 Ἔρωτός
552 1692 581 1710 τε
597 1684 645 1711 καὶ
662 1684 795 1719 ὲραστῶν.
808 1685 863 1712 Καὶ

84 1726 103 1750 οἱ
119 1726 164 1760 μὲν
184 1727 259 1754 ἄλλοι
281 1727 336 1754 τῶν
361 1728 485 1763 ἐραστῶν
508 1728 626 1764 ἐρῶντες
650 1729 842 1764 ἀπηγόρευσαν
855 1749 863 1762 ,

90 1771 215 1806 Ἀμεινίας
229 1773 252 1790 ⁸⁷
265 1774 294 1801 δὲ
306 1774 388 1806 πολὺς
400 1773 434 1810 ἦν
451 1776 587 1810 ἐπιμένων
609 1775 656 1802 καὶ
671 1775 797 1811 δεόμενος
807 1783 814 1790 θ
826 1776 865 1807 ὡς

85 1816 103 1841 δ’
115 1817 142 1843 οὐ
163 1819 293 1854 προσίετο
306 1819 374 1846 ἀλλὰ
388 1820 435 1846 καὶ
451 1820 528 1854 ξίφος
543 1820 751 1856 προσέπεμψεν,
767 1820 864 1847 ἑαυτὸν

86 1863 130 1897 πρὸ
152 1864 204 1890 τῶν
231 1864 324 1900 θυρῶν
352 1865 512 1900 Ναρκίσσου
551 1865 758 1900 διαχειρίζεται,
780 1865 864 1893 πολλὰ

85 1907 273 1942 καθικετεύσας
298 1911 418 1946 τιμωρόν
433 1911 458 1937 οἱ
479 1911 607 1946 γενέσθαι
622 1912 669 1938 τὸν
694 1913 764 1940 θεόν.
793 1913 822 1940 '0
835 1913 864 1940 δὲ

86 1953 227 1989 Νάρκισσος
247 1955 312 1984 ἰδὼν
325 1956 408 1983 αὐτοῦ
424 1957 475 1992 τὴν
489 1957 550 1992 ὄψιν
568 1958 616 1984 καὶ
629 1958 680 1993 τὴν
695 1959 802 1995 μορφὴν
818 1959 864 1986 ἐπὶ

90 2001 182 2036 κρήνης
199 2002 394 2037 ίνδαλλομένην
406 2003 445 2038 τῷ
465 2002 552 2036 ὕδατι,
568 2004 616 2030 καὶ
632 2005 712 2038 μόνος
725 2005 772 2031 καὶ
786 2005 864 2040 πρῶ-

85 2053 123 2077 τος
138 2048 231 2075 ἑαυτοῦ
256 2048 365 2083 γίνεται
391 2049 491 2082 ἄτοπος
518 2050 646 2086 ἐραστής.
677 2050 760 2082 Τέλος
790 2052 863 2087 ἀμη-

87 2094 172 2127 χανῶν,
190 2096 237 2122 καὶ
253 2095 349 2122 δὲκαια
375 2096 492 2131 πάσχειν
511 2097 614 2132 οἰηθεὶς
636 2096 695 2123 ἀνθ’
710 2093 748 2124 ὦν
772 2097 864 2133 Ἀμει-

87 2138 134 2165 νίου
149 2140 272 2178 ἐξύϐρισε
300 2142 364 2173 τοὺς
385 2142 501 2177 ἔρωτας,
517 2142 613 2169 ἑαυτὸν
634 2143 790 2178 διαχρᾶται.
809 2138 864 2170 Καὶ

87 2185 110 2218 ἐξ
131 2187 230 2214 ἐκείνου
252 2188 382 2220 Θεσπιεῖς
392 2189 414 2204 ⁸⁸
426 2189 526 2224 μᾶλλον
545 2189 629 2224 τιμᾷν
652 2190 700 2216 καὶ
721 2190 863 2225 γεραίρειν

87 2231 124 2257 τὸν
139 2233 244 2268 Ἔρωτα
265 2234 315 2260 καὶ
329 2235 398 2270 πρὸς
407 2234 430 2250 ⁸³
443 2235 502 2265 ταῖς
522 2235 626 2266 κοιναῖς
644 2224 862 2270 θεραπείαιςνκαὶ
879 2224 902 2251 D

89 2276 134 2312 ἰδίᾳ
147 2278 218 2306 θύειν
233 2279 368 2314 ἔγνωσαν.
383 2279 497 2307 Δοκοῦσι
510 2280 564 2307 δὀἱ
578 2280 721 2316 ἐπιχώριοι
732 2282 778 2308 τὸν
793 2281 857 2316 νάρ-

87 2330 180 2357 κισσονο
191 2326 221 2353 τὸ
244 2326 325 2358 ἄνθος
349 2325 379 2360 ἐξ
398 2326 506 2361 ἐκείνης
530 2326 637 2362 πρῶτον
655 2325 706 2361 τῆς
720 2326 773 2361 γῆς
795 2326 863 2353 ἀνα-

89 2372 162 2405 σχεῖν,
173 2373 212 2406 είς
225 2373 260 2409 ἢν
275 2373 391 2410 ἐξεχύθη
403 2375 434 2402 τὸ
448 2375 495 2402 τοῦ
513 2375 670 2412 Ναρκίσσου
686 2373 770 2412 αἷμα.

903 155 985 185 COD.
1003 155 1182 187 CLXXXVI.
1637 157 1698 190 562'

941 213 1036 250 13g;
1050 213 1182 242 Vicesima
1205 214 1301 242 tertia:
1320 214 1465 242 Alexandri
1482 222 1528 243 seu
1543 215 1649 243 Paridis
1664 221 1691 244 et

904 259 1076 296 (Enones(3)
1086 259 1177 295 (quam
1188 259 1298 286 uxorem"
1310 261 1465 296 priusquam
1478 261 1603 289 Helenam
1615 270 1692 296 rape—

906 310 958 338 ret,
972 307 1080 333 domum
1102 305 1225 340 duxerat)
1249 305 1319 333 ﬁlius
1339 306 1388 333 fuit
1411 306 1558 342 Corythus,
1574 307 1692 342 pulchri-

906 353 998 379 tudine
1022 355 1126 386 patrem
1147 359 1288 386 superans.
1306 352 1383 378 liunc
1400 357 1485 380 mater
1513 353 1545 380 ad
1563 353 1691 380 Helenam

907 398 991 430 misit,
1008 405 1068 425 cum
1086 401 1114 424 ut
1132 397 1314 424 Alexandrum
1333 398 1366 424 ad
1381 398 1544 433 zelotypiam
1560 406 1692 433 provoca-

908 448 960 475 rct,
977 447 1033 469 tum
1048 447 1076 469 nt
1091 441 1198 470 Helenae
1218 443 1316 470 malum
1347 445 1559 471 machinaretur.
1577 445 1614 472 Ut
1629 452 1692 480 ergo

907 488 1042 523 Corythus
1057 486 1165 514 Helenae
1186 487 1344 514 familiarior
1367 496 1426 515 esse
1448 489 1541 522 cmpit,
1567 496 1694 523 superve-

909 533 984 560 niens
1007 533 1153 568 aliquando
1169 533 1195 560 in
1215 533 1360 560 thalamum
1387 533 1556 565 Alexander,
1581 539 1608 561 et
1631 542 1692 561 cum

908 577 1008 605 Helena
1025 577 1108 605 liliqu
1122 578 1261 605 sedentem
1287 579 1469 613 conspicatus,
1492 580 1530 606 ira
1557 581 1694 612 incensus,

908 628 1062 658 suspectum
1076 628 1186 658 gnatum
1201 624 1312 651 occidit.
1333 624 1454 656 (Euone,
1474 629 1501 652 et
1515 626 1549 652 ob
1565 626 1634 653 hanc
1654 626 1696 652 in-

906 669 1016 703 iuriam,
1031 674 1058 696 et
1073 670 1107 697 ob
1122 669 1168 696 lilii
1192 670 1348 702 interitum,
1367 671 1449 698 multa
1465 671 1620 698 Alexandro
1643 671 1695 698 im-

909 721 1028 751 precata,
1053 715 1103 742 hoc
1124 715 1235 751 insuper
1257 716 1357 750 adjecit
1387 716 1427 750 (nt
1446 722 1506 744 erat
1532 717 1696 744 vaticinandi

909 762 995 796 perita
1011 762 1060 797 (4),
1075 762 1302 797 legendarumque
1314 762 1458 789 herbarum
1479 762 1516 798 (5)
1529 762 1623 797 gnara)
1637 762 1696 789 vnl-

909 813 1032 835 neratnm
1046 816 1106 835 eum
1121 808 1266 842 aliquando
1281 808 1314 835 ab
1326 809 1451 842 Achivis,
1462 816 1550 843 neque
1564 808 1697 835 medelam

913 855 1104 889 rrperienlem,
1122 862 1152 882 se
1165 854 1247 881 etiam
1262 854 1486 888 obsecraturum;
1503 859 1584 889 atque
1600 855 1636 881 ita
1650 855 1700 881 do-

914 908 984 927 mum
1009 900 1143 928 discessit.
1165 900 1231 928 l‘ost
1248 901 1330 936 igitur
1344 901 1420 928 Paris
1442 901 1480 936 (6)
1500 902 1526 928 in
1546 909 1632 936 pugna
1650 909 1700 935 pro

912 945 992 982 Troja
1022 947 1152 974 adversus
1171 947 1288 974 Achivos
1321 954 1336 973 a
1367 947 1514 975 Philoctete
1532 948 1699 978 vulneratus,

911 993 1083 1028 graviterque
1115 994 1234 1026 saucius,
1263 994 1296 1020 ad
1320 993 1393 1020 Illam
1425 1001 1507 1021 curru
1538 995 1698 1026 vehebatur,

911 1040 1103 1074 praemissoque
1142 1039 1257 1072 nuntio,
1285 1038 1426 1067 (Enonem
1463 1040 1624 1073 deprecatus
1647 1043 1698 1065 est.

912 1085 974 1112 Haec
986 1084 1178 1112 contumeliose
1192 1084 1270 1112 valde
1284 1085 1378 1112 nuntio
1391 1084 1502 1118 reiecto,
1520 1085 1553 1111 ad
1572 1085 1700 1112 Helenam

911 1131 951 1157 ire
962 1130 1088 1157 Paridem
1102 1137 1148 1164 per
1171 1130 1324 1157 convicium
1343 1129 1434 1164 jussit.
1450 1129 1494 1157 llle
1518 1130 1626 1158 interim
1652 1137 1700 1164 per

911 1176 982 1203 viam
993 1183 1025 1203 ex
1043 1175 1156 1202 vulnere
1169 1175 1241 1202 diem
1254 1175 1352 1202 clausit
1366 1180 1529 1202 extremum.
1545 1178 1698 1210 Antequam

911 1230 1000 1252 tamen
1021 1227 1054 1252 de
1066 1224 1136 1251 illius
1148 1222 1259 1250 interitu
1278 1223 1425 1258 quidquam
1450 1221 1562 1250 OEnone
1580 1221 1700 1249 inaudis—

910 1276 962 1304 set,
973 1270 1131 1305 pcenilentia
1143 1269 1218 1303 gravi
1229 1269 1309 1296 ducta
1321 1274 1372 1300 est.
1386 1268 1530 1302 herbisque
1542 1268 1629 1300 lectis,
1641 1275 1701 1294 cur-

912 1317 998 1344 riculo
1013 1316 1159 1344 festinabat
1182 1320 1357 1350 prmvertere.
1371 1315 1406 1341 At
1421 1315 1464 1342 ubi
1483 1319 1618 1341 mortuum
1640 1321 1701 1341 esse

908 1363 976 1398 jam,
993 1367 1022 1390 et
1040 1362 1148 1397 quidem
1182 1362 1216 1388 ab
1231 1369 1263 1389 ea
1283 1367 1409 1388 necatum
1424 1381 1430 1391 ,
1462 1361 1572 1388 nuntius
1599 1360 1699 1392 retulit,

912 1410 984 1437 hunc
996 1409 1125 1444 primunt,
1141 1408 1230 1442 lapide
1252 1408 1279 1435 in
1300 1411 1380 1442 caput
1402 1407 1532 1441 impacto,
1553 1407 1588 1434 ob
1601 1407 1700 1434 illatam

913 1453 1128 1491 {exprobrando}
1145 1453 1272 1487 injuriam
1287 1452 1397 1484 occidit,
1417 1452 1533 1479 Cadaver
1546 1459 1610 1479 vero
1624 1451 1702 1478 Pari-

913 1501 954 1527 dis
973 1499 1107 1534 amplexa,
1122 1503 1149 1526 et
1162 1505 1334 1525 communem
1349 1498 1492 1533 utriusque
1505 1496 1643 1525 fortunam
1655 1497 1702 1524 diu

915 1550 1022 1580 questa,
1040 1551 1108 1571 zona
1123 1545 1240 1578 scipsam
1257 1542 1447 1578 strangulavit.

949 1589 1085 1618 Vicesima
1113 1595 1207 1624 quarta
1225 1598 1232 1616 :
1249 1588 1277 1616 ln
1304 1589 1413 1616 Bmotia:
1439 1589 1550 1618 civitate
1569 1589 1702 1622 Thespeia

914 1645 976 1672 quae
987 1643 1040 1664 non
1054 1635 1133 1670 longe
1144 1636 1177 1662 ab
1190 1634 1319 1662 lleliconc
1332 1635 1384 1662 sita
1398 1640 1449 1667 est,
1466 1643 1533 1669 puer
1545 1640 1624 1662 natus
1635 1635 1704 1661 Nar-

915 1684 1013 1716 cissus,
1033 1682 1147 1718 pulcher
1163 1681 1319 1713 admodum,
1349 1681 1396 1708 sed
1411 1681 1512 1708 amoris
1534 1686 1703 1708 amatorum-

914 1737 967 1765 que
987 1732 1170 1762 contemptor.
1187 1727 1278 1760 Quare
1298 1727 1342 1754 alii
1359 1727 1466 1762 quidem
1484 1727 1651 1761 despondere
1664 1727 1702 1761 (7)

914 1775 1035 1802 animum
1059 1779 1182 1802 amantes
1205 1778 1348 1808 coeperunt
1370 1782 1378 1801 :
1401 1773 1578 1808 Aminiasque
1599 1778 1703 1800 tantum

914 1822 1041 1850 assiduus
1063 1825 1124 1848 erat
1142 1825 1169 1848 et
1186 1822 1311 1855 pertinax
1326 1825 1462 1855 precator.
1481 1820 1515 1847 At
1533 1828 1594 1848 cum
1617 1827 1704 1856 neque

918 1869 990 1896 hunc
1005 1868 1111 1896 audiret
1130 1867 1186 1899 ille,
1207 1867 1254 1894 sed
1270 1867 1387 1901 gladium
1405 1867 1515 1901 insuper
1532 1867 1661 1897 mitteret.
1676 1873 1705 1892 se

915 1915 974 1949 ipse
987 1920 1037 1948 pro
1054 1912 1174 1940 Narcissi
1193 1911 1298 1939 foribus
1309 1911 1418 1942 occidit.
1438 1911 1517 1937 deum
1531 1911 1706 1938 vehementer

914 1963 1052 1994 precatus,
1080 1957 1153 1984 ultor
1169 1957 1218 1984 sibi
1248 1961 1277 1984 ut
1304 1956 1391 1983 fieret.
1409 1955 1552 1983 Narcissus
1567 1956 1605 1991 (8)
1624 1956 1705 1990 igitur

915 2005 1018 2032 vultum
1044 2003 1189 2038 aliquando
1211 2010 1289 2029 suum
1318 2002 1534 2036 contemplatus.
1559 2001 1708 2036 fortunaque

915 2050 1092 2078 simulacrum
1107 2048 1133 2075 in
1149 2055 1217 2082 aqua
1242 2047 1326 2075 fontis
1350 2055 1494 2082 apparens,
1523 2053 1551 2075 et
1578 2048 1651 2076 solus
1678 2054 1705 2076 et

915 2096 1018 2130 primus
1032 2093 1125 2128 incipit
1141 2100 1214 2120 caeco
1238 2092 1278 2120 sui
1295 2098 1388 2119 amore
1408 2092 1534 2127 ﬂagrare.
1551 2093 1621 2128 Ergo
1637 2100 1706 2120 cou-

915 2141 966 2169 silii
986 2140 1093 2168 tandem
1106 2139 1194 2173 inops,
1210 2143 1238 2165 et
1252 2138 1340 2172 justas
1360 2145 1419 2165 sese
1434 2139 1498 2165 dare
1518 2146 1612 2172 pcnuas
1631 2138 1704 2165 arbi-

917 2193 1014 2221 tratus,
1041 2186 1113 2221 quod
1135 2185 1272 2212 Aminiam
1288 2189 1436 2212 amatorem
1453 2184 1551 2219 injuria
1579 2185 1703 2218 lmsissct,

917 2238 1031 2262 mortem
1046 2232 1098 2260 sibi
1116 2231 1260 2259 conscivit.
1287 2231 1326 2258 Ex
1351 2238 1402 2264 eo,
1423 2239 1552 2265 responso
1579 2233 1650 2264 dato,
1677 2236 1708 2259 ut

917 2287 994 2308 amor
1009 2278 1096 2313 magis
1117 2277 1296 2305 honoraretur
1305 2278 1506 2312 colereturque,
1520 2283 1619 2313 praeter
1631 2286 1706 2306 (ξοπιε-

919 2333 1028 2354 munem
1055 2323 1151 2359 135a
1173 2323 1274 2351 cultum
1288 2343 1296 2356 ,
1320 2323 1445 2358 privatim
1468 2331 1576 2358 quoque
1600 2325 1706 2352 sacrifi-

917 2379 980 2400 care
991 2372 1179 2398 decreverunt.
1195 2369 1233 2396 Ea
1248 2373 1338 2396 autem
1348 2369 1496 2396 incolarum
1505 2369 1596 2404 opinio
1605 2374 1646 2397 est
1655 2371 1704 2405 (9),

920 2417 1035 2452 primum
1051 2422 1082 2442 ex
1104 2413 1148 2440 illa
1168 2418 1239 2440 terra
1255 2413 1392 2440 exstitisse
1418 2414 1570 2441 narcissum
1594 2413 1701 2447 florem,

920 2463 947 2488 in
964 2467 1044 2494 quam
1063 2458 1165 2486 eﬂusus
1177 2458 1297 2486 Narcissi
1313 2459 1425 2493 sanguis
1437 2458 1542 2487 fuisset.

716 2508 834 2536 VARUE
850 2507 1055 2537 [.ECTIONES.

133 2548 154 2593 ξ’
164 2550 296 2593 ῌάριδοςὶ
308 2551 355 2578 καὶ
382 2552 642 2593 ῌρριροςβριιίίςξτ.
651 2590 664 2593 _
675 2555 699 2571 ⁸³
716 2556 847 2593 συνήθης]
876 2555 990 2593 μυηθείς
1017 2555 1051 2581 Α.
1078 2553 1112 2593 _“_‘
1125 2552 1279 2593 ὲξῳνείᾷιξε
1294 2552 1346 2593 ,Αηι
1359 2551 1505 2593 διὶωνεὶδιζε
1518 2561 1564 2593 gn”
1581 2552 1605 2593 ξ’
1616 2552 1702 2593 δεινός

89 2589 150 2627 corr,t
167 2585 188 2611 Α
200 2594 212 2627 ε⁸
221 2585 317 2618 δεινῶς
331 2587 414 2627 ς.“⁸⁶
426 2585 483 2627 ’τῆς
497 2589 519 2615 Α
535 2597 542 2615 :
559 2585 622 2627 ἀντὶ
632 2590 682 2624 τῆς
699 2599 728 2623 ς.
756 2585 782 2607 ⁸⁷’
794 2585 861 2627 ἀπιῇ

914 2585 1023 2626 ιῦθησαν
1039 2587 1203 2623 ς.Ἀμινίας
1214 2586 1363 2619 A.etinfra
1381 2587 1514 2622 Ἀμινίου.
1543 2588 1565 2603 ³⁸
1581 2587 1703 2619 θεσπιεῖς

842 2660 957 2689 NOTAE.

93 2618 110 2643 Δ
122 2629 128 2644 :
138 2618 265 2653 θεσπίσας
290 2631 321 2655 ς.
336 2618 342 2619 ί
360 2622 383 2638 ⁸³
398 2623 446 2649 καὶ
460 2618 530 2650 ante
555 2625 624 2659 πρὸς
635 2618 750 2653 ιιιῙίΙ.Ἀ.

122 2696 155 2741 (ξ)
173 2697 542 2741 [ιθεςῬπιὶιειιπἜρωτικῶν
558 2710 621 2737 cap.
637 2703 654 2730 4
664 2709 691 2731 et
705 2704 750 2736 54,
767 2711 794 2732 et
808 2703 862 2741 Ly-

94 2733 223 2772 cophron;
232 2735 347 2772 tiassan.
361 2733 473 2770 ejusque
485 2733 598 2772 interpr.

123 2766 156 2807 (ἦ)
170 2769 191 2794 Α
206 2769 280 2807 Rhea
294 2766 399 2804 educta,
419 2766 448 2798 ut
465 2772 520 2799 vult
539 2766 664 2807 A'pollod.
685 2775 732 2802 lib.
751 2783 792 2806 ιιι,
818 2775 863 2802 ubi

94 2806 116 2826 et
127 2803 195 2834 plura
211 2806 243 2831 de
257 2806 306 2833 his.

126 2836 160 2876 ηεξ)
175 2838 246 2865 Dono
259 2840 398 2875 Apnlliuis,
415 2845 445 2868 ut
466 2842 524 2877 ipsa
539 2851 588 2870 sua
600 2845 679 2872 docet
690 2845 804 2879 cpistola
827 2846 860 2872 ad

96 2869 204 2897 Paridem
220 2877 288 2897 anml
301 2877 377 2897 (tum.
395 2876 420 2897 in
433 2877 467 2897 lin

114 2873 204 2908 strident
220 2873 289 2908 apud
301 2877 378 2903 Ovid.
394 2876 420 2903 ill
433 2873 479 2904 ll".

127 2908 160 2942 ιδ)
174 2907 232 2936 ιιωο
242 2910 274 2944 Q.
292 2911 406 2940 Calaber
429 2913 578 2948 posteriore
596 2921 672 2950 parte
695 2915 755 2944 libri
777 2915 859 2948 suis,

916 2704 994 2739 paulo
1026 2704 1105 2731 aliter
1129 2702 1280 2739 describit;
1297 2700 1379 2739 Vult»
1393 2702 1464 2739 enim
1485 2703 1540 2729 fato
1564 2705 1702 2729 decretum

916 2735 1000 2767 fuisse
1014 2745 1043 2766 ut
1056 2747 1108 2776 non
1125 2738 1177 2765 nisi
1194 2739 1226 2765 ab
1241 2736 1352 2776 0E_npue
1451 2738 1539 2764 curari
1555 2743 1656 2772 posset,
1676 2745 1704 2766 et

917 2776 1000 2809 ipsam
1020 2782 1048 2801 se
1065 2775 1090 2800 in
1107 2781 1201 2807 rogum
1217 2772 1305 2799 mariti
1319 2772 1479 2805 conjeciSse,
1494 2777 1547 2799 cto.

952 2810 990 2844 (7)
1007 2809 1111 2843 Sequor
1124 2809 1155 2844 τό
1169 2808 1371 2844 ἀπηγόρευσανΣ

951 2841 988 2880 (8)
1004 2841 1120 2872 Pausan.
1141 2841 1251 2870 Bwotic.
1275 2841 1423 2878 legendus,
1447 2846 1474 2869 et
1492 2842 1571 2870 Ovid.
1592 2841 1701 2870 Metam.

951 2915 990 2951 (9)
1007 2916 1060 2943 Sed
1074 2923 1151 2949 vana,
1170 2919 1197 2942 ut
1210 2915 1286 2943 docet
1301 2914 1418 2944 Pausan.
1434 2913 1540 2942 Βωοιὶε.
