1923 3091
205 142 260 174 ὂ63

245 202 378 230 Vicosima
393 201 498 237 quinta.
519 201 605 230 Minos
631 201 706 229 Juvis
732 207 760 229 et
787 201 900 238 Europa:
921 203 991 231 ﬁlius
1007 205 1030 234 Α

209 246 316 276 Cretam
325 256 371 276 rex
379 249 475 281 tenuit,
485 248 735 284 DmdalumqueUO)
744 250 997 283 qumsiturusclasse

209 295 341 323 instructa
358 296 492 330 navigavit
512 296 538 322 in
555 295 695 323 Sicaniam
714 296 785 331 (qua:
798 297 879 324 hodie
901 296 997 324 Sicilia

210 341 332 376 dicitur),
343 342 386 368 ubi
405 349 419 367 a
435 341 526 368 Cocali
543 349 598 368 ora:
612 341 682 369 illius
698 342 768 376 regis
783 341 888 370 ﬁliabus
900 349 942 370 est
956 344 997 370 in-

211 387 349 415 terfectus.
362 387 441 414 Natio
463 388 525 415 hinc
541 387 725 421 Cretensium,
743 389 816 424 regis
838 389 878 416 sui
895 390 996 417 caedem

209 435 310 467 ultura,
329 435 427 462 bellum
442 435 573 462 adversus
586 434 693 462 Siculos
709 436 840 470 suscepit.
858 435 911 464 Sed
933 437 997 464 victi

209 481 305 509 Cretes
325 489 386 509 cum
404 481 512 508 domum
527 481 653 513 redeunt,
674 481 708 509 ad
725 482 837 517 lapygas
863 483 920 517 (11)
934 487 997 510 sunt

211 532 372 562 tempestate
382 527 463 554 delati
475 536 482 554 :
493 527 584 562 ibique
596 533 651 554 tum
660 528 737 556 sedes
747 529 996 565 ﬁxerunt,lapyges

212 582 264 609 pro
271 574 450 602 Cretensibus
463 573 538 601 facti.
553 573 618 601 Post
631 574 725 602 horqu
742 583 806 610 pars
815 576 937 610 quaedam
951 584 998 610 per

211 620 370 648 seditionem
399 620 460 648 inde
477 620 586 654 expulsa
601 640 609 653 ,
630 621 732 648 oraculi
755 629 913 656 responsum
932 623 997 650 illud

211 666 384 693 consulentes
407 671 582 698 acceperunt,
607 667 651 694 ubi
673 667 735 701 quis
761 668 827 702 ipsis
853 672 953 695 terram
972 674 999 695 et

211 718 309 745 aquam
328 711 470 746 prabberet,
492 712 527 738 ibi
544 716 572 738 ut
586 712 748 740 habitarent.
769 714 858 748 Atque
883 715 919 742 ita
938 715 999 741 Βοι-

213 756 335 783 tizeorum
353 761 451 783 terram
471 755 650 783 incoluerunt.
672 755 710 784 lbi
725 757 796 784 enim
818 757 906 792 pueri,
922 758 1000 792 panis

213 807 429 837 ceterorumque
454 802 688 829 condimentorum
717 803 790 831 varia
820 811 920 838 genera
953 812 1001 839 per

211 847 304 875 ludutn
317 851 344 875 et
364 847 453 882 jocum
467 855 500 875 ex
517 848 573 875 luto
596 848 739 883 ﬁngentes,
763 849 918 883 petentibus
934 850 1000 884 ipsis

784 144 919 175 ΡΗΟΤΙΙ
930 145 1185 177 ΡΛΤΒΙΛΗΕΗΑΞ
1204 148 1259 177 CP.

1086 204 1118 230 Ἦ
1134 204 1173 230 κε’
1186 204 1223 235 ὡς
1247 203 1339 235 Μίνως
1359 204 1415 235 υἱὸς
1432 203 1492 234 Διὸς
1505 203 1553 230 καὶ
1576 202 1720 238 Εὐρώπης,
1734 203 1749 229 ό
1761 203 1839 238 βασι-

1049 250 1135 277 λεύων
1149 251 1272 286 Κρήτης,
1283 251 1355 277 κατὰ
1371 251 1485 286 ζήτησιν
1508 249 1637 277 Δαιδάλου
1653 249 1740 285 στόλῳ
1756 250 1839 276 πλεύ-

1049 305 1098 328 σας
1112 298 1152 328 είς
1163 297 1292 324 Σικανίαν
1313 297 1392 333 (αῦτη
1405 297 1427 323 δ’
1447 296 1522 323 ἐστὶν
1539 297 1556 332 ἡ
1578 295 1626 323 νῦν
1647 296 1768 331 Σικελία)
1785 297 1840 322 ὑπὸ

1047 343 1102 370 τῶν
1119 343 1252 370 Κωκάλου
1273 343 1430 378 θυγατέρων
1448 342 1601 378 (ἐϐασίλευε
1623 341 1645 369 δ’
1660 339 1738 373 οὗτος
1758 342 1841 368 Σικε-

1049 389 1102 416 λῶν
1116 389 1150 424 “)
1165 390 1328 424 ἀναιρεῖται.
1346 389 1400 416 Καὶ
1420 389 1451 415 τὺ
1469 389 1607 424 Κρητικὸν
1629 388 1743 423 πολεμεί
1758 388 1838 414 Σικε-

1049 437 1104 468 λοῖς
1119 437 1189 472 ὑπὲρ
1204 436 1251 463 τοῦ
1266 436 1408 472 βασιλέως,
1428 437 1475 462 καὶ
1489 436 1616 471 ἡττᾶται.
1633 434 1689 462 Καὶ
1714 435 1841 462 ἐπανιόν-

1048 492 1094 515 τες
1109 483 1161 510 ὑπὸ
1174 483 1310 518 χειμῶνος
1319 483 1447 516 ἐξέπεσον
1461 483 1501 514 εἰς
1519 482 1658 515 Ἰάπυγας,
1677 482 1725 508 καὶ
1743 480 1841 507 αὐτόθι

1048 530 1109 556 τότε
1137 530 1289 563 ἱδρύσαντο,
1310 529 1371 557 ἀντὶ
1392 529 1510 565 Κρητῶν
1536 529 1680 564 γεγονότες
1698 529 1839 562 Ἰάπυγες.

1049 575 1145 612 Χρόνῳ
1156 576 1184 602 δὲ
1197 576 1308 611 ὕστερον
1325 575 1408 611 μοῖρά
1421 584 1463 608 τις
1475 575 1545 602 κατὰ
1563 576 1657 603 στάσιν
1673 575 1841 606 ἐκπεσόντες

1049 623 1098 658 τῆς
1111 622 1203 658 χώρας
1212 622 1334 658 χρησμὸν
1347 621 1452 653 ἔλαϐον,
1464 621 1528 648 ἔνθα
1538 621 1715 653 ἁντιςαὺτοῖς
1725 621 1777 656 γῆν
1788 622 1841 648 καὶ

1050 669 1121 705 ὕδωρ
1132 669 1215 704 ὀρέξῃ
1229 669 1264 702 ³³,
1279 669 1397 696 ἐνταῦθα
1418 668 1578 700 οἰκίζεσθαι.
1597 667 1653 694 Καὶ
1679 668 1791 703 ᾤκησαν
1816 668 1841 684 ’¹

1049 715 1098 750 τὴν
1114 715 1274 742 Βοττιαίων·
1291 715 1350 741 ἐκεῖ
1366 715 1420 750 γὰρ
1433 715 1526 746 παῖδες
1546 714 1636 749 ἄρτων
1655 713 1712 749 εἴδη
1728 714 1776 740 καὶ
1791 713 1843 740 ἄλ-

1050 762 1103 788 λων
1116 762 1189 796 6ψων
1205 761 1349 794 παίζοντες
1370 761 1425 788 ἀπὸ
1439 760 1525 796 πηλοῦ
1543 761 1589 786 καὶ
1605 760 1778 791 πλάττοντες,
1794 760 1842 786 αι-

1049 808 1192 844 τουμένοις
1210 808 1350 835 ἐπέδωκαν
1374 807 1466 838 αὺτοῖς
1485 807 1545 834 ἀντὶ
1565 806 1656 841 ἄρτων
1678 806 1742 838 τοὺς
1758 806 1842 841 πηλί-

1050 864 1112 886 νους
1136 855 1253 890 ἄρτους·
1277 854 1324 880 καὶ
1349 853 1376 880 oi
1396 862 1428 888 γε
1458 853 1504 879 τὸν
1527 852 1652 888 χρησμὸν
1682 851 1842 878 τετελέσθαι

212 894 290 928 panis
305 893 365 921 loco
381 894 578 921 distribuerunt
603 893 689 921 luteos
714 902 798 928 panes
814 903 821 922 :
841 900 869 922 et
884 895 921 921 illi
947 896 996 922 im-

1058 900 1211 935 κομίσαντες
1233 901 1369 935 ᾐτήσαντο
1383 899 1430 926 τὸν
1454 898 1566 934 βασιλέα
1588 898 1762 929 Μακεδόνων,
1789 898 1843 924 καὶ

212 939 314 974 pietqu
332 947 393 967 esse
408 939 546 966 oraculum
562 940 743 974 interpretati,
766 941 857 968 sedem
873 948 888 967 a
911 940 1000 969 Mace-

212 985 311 1012 donum
329 993 392 1020 rege
405 985 580 1020 postulantes,
599 985 774 1013 Boni-urorum
785 994 860 1013 oram
876 987 1000 1014 habitan-

212 1032 273 1059 dam
293 1038 465 1067 acceperunt,
481 1037 508 1060 et
528 1033 699 1060 Cretensium
730 1041 827 1061 nomen
843 1034 898 1069 jam
921 1036 1000 1063 tertio

211 1086 272 1104 cum
296 1077 469 1106 Bottiaeorum
484 1084 693 1113 commutantes,
723 1080 812 1114 portio
835 1088 907 1108 nunc
936 1087 1001 1108 sunt

211 1124 399 1152 Macedonum.

249 1170 383 1199 Vicesima
405 1175 481 1198 serta
503 1176 597 1199 narrat
626 1172 759 1207 Apollinis
779 1178 931 1208 spectrutn,
957 1173 999 1200 cui

209 1217 370 1253 Carno(l2)
398 1225 507 1249 nomen.
536 1218 683 1246 Dorienses
707 1219 784 1253 sequi
815 1219 935 1252 solitum,
967 1220 1000 1247 ab

210 1263 326 1298 liippota
341 1264 397 1299 (15)
413 1264 530 1298 quodam
556 1272 571 1292 e
605 1265 689 1298 stirpe
718 1264 842 1292 Herculis
863 1271 918 1292 tum
941 1273 1001 1293 esse

211 1310 397 1342 interfectum,
411 1318 471 1336 cum
487 1311 512 1336 in
528 1309 742 1344 Peloponnesum
763 1310 911 1338 Heraclida:
930 1313 1001 1338 rcdi-

212 1361 282 1384 rent.
299 1355 367 1382 Cum
380 1364 444 1390 ergo
456 1361 599 1390 propterea
613 1362 688 1391 peste
700 1357 820 1390 graviter
833 1357 1000 1390 laborarent,

212 1401 325 1430 oraculo
356 1407 466 1437 accepto
492 1410 508 1430 ο
533 1403 631 1430 castris
659 1403 791 1438 llippoten
828 1405 999 1437 expulerunt.

217 1449 280 1476 Erat
296 1455 386 1476 autem
403 1454 541 1484 spectrum
571 1451 622 1477 hoc
649 1449 826 1478 Dorieusibus
841 1452 910 1478 vatis
930 1451 1002 1479 loro.

215 1495 250 1523 Et
269 1495 416 1524 Heraclidae
447 1496 556 1531 quidem
577 1501 633 1523 tum
661 1498 686 1524 in
708 1497 924 1532 Peloponnesum
946 1506 1002 1526 tra-

212 1543 337 1578 jeceruut
354 1551 360 1569 :
380 1542 509 1577 Hippotes
520 1550 585 1570 vero
596 1542 641 1569 ille
651 1542 793 1576 oberrans,
808 1544 891 1571 ﬁlium
908 1547 1002 1580 genuit

213 1589 256 1616 cui
289 1596 321 1615 ex
349 1596 379 1615 re
403 1588 487 1616 Aleta:
510 1589 566 1624 (Η)
589 1596 685 1616 nonten
717 1589 801 1616 dedit.
822 1589 870 1618 Hic
891 1592 935 1618 ubi
969 1592 1001 1619 ad
1016 1580 1038 1608 c'

214 1637 322 1660 {etatem
361 1632 466 1660 virilem
503 1634 647 1667 pervenit,
682 1633 770 1661 Dorici
800 1635 890 1669 populi
926 1641 1003 1670 parte

214 1679 340 1709 collecta,
366 1678 507 1714 pulsisque
535 1679 701 1714 Sisyphidis,
732 1681 778 1715 qui
803 1686 859 1708 tum
878 1681 1003 1709 Corinthi

214 1730 295 1759 reges
308 1729 398 1754 erant,
412 1731 473 1751 cum
489 1723 609 1758 ipsorum
625 1725 708 1752 sociis
722 1725 843 1758 lonilms,
864 1727 958 1754 urbem
974 1728 1005 1754 il-

215 1770 268 1797 lam
301 1769 390 1797 denuo
411 1769 507 1796 incolis
539 1770 635 1804 replet,
667 1772 850 1807 pergebatque
874 1774 1005 1801 adversus

216 1817 347 1847 Atticam,
363 1824 423 1843 cuin
438 1815 542 1842 oraculi
557 1823 716 1850 responsum
733 1818 820 1845 eidem
832 1818 923 1846 datum
935 1838 944 1851 ,
966 1820 1006 1846 vi-

216 1869 318 1891 ctorem
330 1863 398 1895 fore,
408 1862 430 1889 si
441 1861 475 1888 ab
483 1861 690 1889 Atheniensium
700 1871 761 1899 rege
772 1865 923 1892 abstineret
934 1866 1004 1900 (l5).

216 1909 273 1937 lloc
287 1908 398 1936 oraculo
411 1908 444 1934 ab
465 1907 678 1936 Atheniensibus
695 1910 816 1944 cognito.
836 1911 926 1939 Codro
948 1920 1006 1947 sep-

217 1955 378 1990 tuageuario
393 1954 566 1989 persuadent,
593 1954 681 1982 libens
703 1963 733 1983 se
747 1964 795 1990 pro
812 1957 898 1992 patria
915 1963 943 1985 ut
961 1959 1007 1986 de-

216 2008 323 2029 voveat.
343 2002 390 2029 llle
414 2008 489 2031 veste
514 2007 629 2034 mutata,
649 2002 727 2036 quasi
754 2002 917 2037 lignatorum
937 2012 1006 2031 unus

217 2055 302 2081 esset,
319 2056 334 2075 a
355 2049 477 2076 Dorieusi
495 2050 611 2084 quodam
628 2049 800 2076 interﬁcitur.
818 2048 961 2077 Dorienses
978 2057 1007 2077 re

218 2101 311 2129 postea
329 2096 447 2130 cognita,
462 2096 495 2123 de
510 2095 623 2123 victoria
637 2096 822 2130 desperantes,
841 2104 901 2123 cum
923 2097 1008 2125 Athe—

217 2142 358 2169 niensibus
380 2143 454 2177 pacis
468 2143 570 2170 fmdera
588 2143 718 2180 inierunt.

260 2187 390 2215 Vicesima
414 2189 530 2223 septima
547 2188 632 2215 refert
653 2188 686 2215 de
719 2189 799 2215 rebus
823 2188 1003 2222 Deucalionis,

217 2234 264 2269 qui
279 2234 305 2261 in
317 2234 475 2262 Phthiotide
490 2235 623 2269 regnavit,
651 2234 739 2268 deque
759 2233 870 2261 Gru'cia:
892 2235 1007 2262 inunda-

189 2288 193 2289 '
217 2282 293 2309 tione
316 2281 378 2316 ejus
403 2282 570 2316 temporibus
593 2290 599 2308 :
622 2289 655 2308 ac
683 2281 716 2308 de
739 2281 848 2308 llellenc
874 2282 929 2309 ﬁlio
951 2283 1010 2317 ejus

221 2327 315 2362 13517
334 2327 455 2362 (quidam
469 2326 544 2354 Jovis
556 2334 616 2353 esse
632 2326 735 2356 dicunt)
748 2325 792 2359 qui
803 2331 828 2352 et
846 2326 1009 2353 Deucalione

220 2379 339 2406 mortuo,
359 2374 385 2400 in
403 2381 486 2407 regno
503 2372 644 2404 successit,
663 2371 813 2405 habuitque
845 2371 914 2398 ﬁlios
944 2377 1009 2399 tres.

220 2419 260 2445 Ex
281 2419 323 2446 his|
338 2419 447 2446 Αἰθιιιιιι
475 2422 538 2444 natu
561 2416 722 2447 maximum.
738 2416 835 2442 merito
853 2416 937 2442 voluit
953 2416 1010 2449 ejus

223 2465 341 2499 regionis
359 2469 496 2499 sceptrum
513 2463 674 2497 tonere,_cui
693 2462 806 2496 ipsemet
819 2467 898 2488 antea
924 2462 1010 2496 impe-

1050 946 1146 973 ἔλαϐον
1172 947 1257 973 οὶκεῑν
1278 946 1328 982 τὴν
1355 947 1515 977 Βοττιαίων,
1542 945 1606 982 [157
1632 944 1678 981 R.]
1699 945 1744 972 καὶ
1773 944 1841 971 Βοτ-

1049 994 1133 1019 τιαῖοι
1156 993 1205 1027 μὲν
1228 993 1320 1028 τρίτον
1343 993 1421 1027 γένος
1448 993 1502 1019 ἀπὸ
1527 991 1645 1028 Κρητῶν
1671 991 1841 1027 ἀμείψαντες

1053 1041 1135 1076 μοῖρα
1153 1039 1200 1067 νῦν
1215 1040 1268 1066 εῐσὶ
1280 1039 1455 1067 Μακεδόνων.

1095 1175 1127 1201 Ἦ
1141 1177 1187 1207 κς¹
1213 1174 1339 1206 διέξεισιν
1365 1174 1404 1205 ὼς
1428 1173 1525 1208 φάσμα
1549 1172 1730 1204 Ἀπόλλωνος,
1755 1171 1845 1207 ὕνομα

1052 1221 1172 1256 Κάρνος,
1188 1219 1336 1254 Δωριεῦσιν
1349 1219 1494 1253 ἑπόμενον,
1516 1218 1647 1252 Ἱππότης
1663 1227 1706 1249 τις
1723 1217 1778 1244 τῶν
1794 1217 1846 1251 ἀφ’

1058 1266 1225 1301 Ἡρακλέους
1239 1267 1356 1301 ἀναιρεῖ.
1368 1265 1412 1292 ὅτε
1427 1265 1566 1300 κατῄεσαν
1584 1266 1624 1296 εἰς
1639 1265 1846 1299 Πελοπόννησον

1058 1313 1246 1348 Ἡρακλεῖδαι.
1258 1312 1313 1338 Καὶ
1327 1312 1423 1347 λοιμοῦ
1435 1311 1543 1343 τούτοις
1556 1311 1768 1346 προσπεσόντος.
1780 1319 1847 1345 χρη-

1054 1359 1122 1394 σμὸν
1136 1359 1160 1375 ’³
1177 1359 1305 1390 λαὸὁντες
1323 1358 1427 1394 ἤλασαν
1450 1358 1496 1384 τδν
1517 1358 1647 1391 Ἱππότην
1661 1355 1708 1383 τοῦ
1729 1364 1847 1392 στρατο-

1054 1406 1146 1433 πέδου.
1162 1406 1267 1437 Μάντις
1289 1403 1358 1440 δ’ἦν
1381 1406 1413 1431 τὸ
1437 1405 1534 1439 φάσμα
1551 1405 1574 1420 ⁸⁵
1599 1405 1654 1435 τοῖς
1679 1403 1843 1438 Δωριεῦσιν.

1061 1452 1251 1488 Ἡρακλείδαις
1281 1452 1329 1487 μὲν
1353 1451 1467 1482 κάθοδος
1495 1451 1535 1481 εἰς
1565 1449 1768 1484 Πελοπόννησον
1783 1448 1847 1483 ἐγέ-

1054 1508 1132 1526 νετο·
1157 1500 1171 1526 ὁ
1193 1498 1215 1525 δ’
1238 1498 1366 1531 Ἱππότης
1392 1497 1535 1532 ἀλώμενος
1547 1497 1570 1512 ’⁸
1584 1496 1672 1522 τίκτει
1698 1495 1792 1527 παῖδα,
1814 1495 1848 1521 ἐκ

1054 1545 1100 1572 τοῦ
1119 1545 1281 1580 πράγματος
1303 1544 1419 1579 ’Δλήτην
1439 1543 1569 1575 καλέσας,
1584 1542 1614 1574 ὃς
1634 1541 1784 1577 ἀνδρωθεὶς
1798 1541 1849 1567 καὶ⁸

1056 1593 1153 1627 μοῖραν
1174 1591 1222 1617 τοῦ
1235 1589 1359 1625 Δωρικοῦ
1378 1589 1519 1622 συλλέξας,
1536 1589 1583 1615 καὶ
1599 1588 1744 1623 Σισυφίδας
1761 1588 1849 1614 ἐκϐα-

1054 1638 1108 1664 λὼν
1133 1637 1267 1672 Κορίνθου
1289 1635 1418 1671 βασιλέας
1436 1635 1517 1666 ὄντας
1541 1635 1670 1667 καὶτοὺς
1685 1635 1733 1662 σὺν
1754 1635 1850 1666 αὐτοῖς

1057 1685 1164 1716 Ἴωνας.
1180 1684 1312 1716 ἀνοικίζει
1334 1683 1384 1719 τὴν
1399 1683 1477 1710 πόλιν
1487 1683 1533 1709 καὶ
1548 1682 1627 1718 ἐπῄει
1642 1683 1712 1708 κατὰ
1722 1682 1772 1716 τῆς
1786 1682 1850 1707 Ἀτ-

1055 1731 1145 1766 τικῆς,
1163 1730 1227 1766 (29.5
1247 1729 1293 1766 Η.]
1308 1730 1352 1756 ὅτε
1366 1730 1413 1756 καὶ
1428 1728 1551 1764 χρησμὸν
1563 1728 1697 1764 λαμϐάνει
1712 1727 1848 1762 νικήσειν,

1056 1779 1081 1804 εἰ
1107 1777 1270 1812 ἀπόσχοιντο
1292 1776 1340 1802 τοῦ
1371 1775 1505 1810 βασιλέως
1531 1774 1692 1810 Ἀθηναίων,
1724 1774 1780 1800 Καὶ
1800 1773 1850 1800 τοῦ

1056 1823 1182 1858 χρησμοῦ
1207 1821 1375 1856 γνωσθέντος
1400 1821 1572 1856 Ἀθηναίοις,
1599 1820 1723 1846 πείθουσι
1745 1818 1852 1854 Κόδρον

1057 1868 1310 1903 ὲὸδομηκοντούτην
1334 1867 1401 1894 ὅντα
1425 1867 1523 1893 ἑκόντα
1548 1865 1640 1892 δοῦναι
1660 1864 1756 1891 ἑαυτὸν
1779 1865 1852 1900 ὑπὲρ

1057 1915 1106 1950 τῆς
1126 1914 1266 1950 πατρίδος.
1285 1915 1339 1940 Καὶ
1360 1913 1548 1948 ἀμειψάμενος
1562 1912 1610 1947 τὴν
1634 1911 1741 1946 στολὴν,
1759 1911 1797 1941 ὡς
1811 1907 1854 1942 εἷς

1057 1961 1112 1988 τῶν
1129 1960 1283 1996 ξυλοφόρων
1308 1960 1352 1994 ὑφ’
1379 1960 1437 1991 ἐνὸς
1465 1960 1518 1986 τῶν
1536 1958 1662 1994 Δωριέων
1685 1958 1851 1992 ἀναιρεῖται.

1058 2007 1113 2034 Καὶ
1133 2007 1244 2042 γνόντες
1266 2007 1379 2040 ὕστερον
1395 2006 1518 2040 Δωριεῖς,
1538 2005 1585 2031 καὶ
1608 2003 1775 2038 ἀπογνόντες
1800 2002 1854 2038 τὴν

1059 2052 1148 2086 νίκην,
1160 2051 1323 2078 ἐσπείσαντο
1342 2050 1506 2086 Ἀθηναίοις.

1101 2187 1135 2213 Ἦ
1148 2186 1188 2219 κζ’
1208 2186 1242 2213 τὰ
1255 2186 1320 2221 περὶ
1336 2184 1521 2216 Δευκαλίωνος
1539 2182 1717 2217 ἀπαγγέλλει,
1737 2181 1768 2213 ὃς
1789 2181 1839 2208 ὲεα
1849 2196 1857 2199 -

1063 2232 1153 2260 σίλευε
1175 2233 1198 2248 ’⁸
1220 2231 1271 2266 τῆς
1292 2231 1447 2264 Φθιώτιδος,
1465 2232 1513 2258 καὶ
1536 2230 1582 2257 τοῦ
1604 2230 1664 2257 κατ’
1694 2229 1776 2256 αὐτὸν
1803 2229 1857 2264 τῆς

1068 2279 1192 2310 Ἑλλάδος
1205 2278 1399 2313 κατακλυσμοῦ
1411 2286 1417 2292 ·
1436 2279 1483 2304 καὶ
1501 2278 1565 2313 περὶ
1581 2276 1713 2311 Ἕλληνος
1725 2275 1774 2302 τοῦ
1792 2285 1856 2302 παι-

1061 2326 1105 2358 δὸς
1121 2325 1216 2356 αὑτοῦ,
1240 2325 1269 2352 ὃν
1291 2325 1356 2352 ἔνιοι
1371 2324 1418 2351 τοῦ
1439 2324 1500 2356 Διὸς
1520 2325 1602 2351 παῖδα
1626 2321 1695 2350 εἶναί
1715 2331 1809 2358 φασιν,
1825 2323 1858 2354 ὃς

1062 2373 1110 2399 καὶ
1123 2372 1259 2405 διεδέξατο
1280 2371 1331 2406 τὴν
1353 2370 1493 2405 βασιλείαν
1516 2369 1729 2404 τελευτήσαντος
1752 2370 1858 2395 Δευκα-

1062 2418 1168 2450 λίωνος,
1184 2418 1230 2444 καὶ
1253 2418 1341 2444 τίκτει
1367 2417 1465 2448 παῖδας
1478 2416 1502 2432 ’⁷
1521 2417 1605 2452 τρεῖς.
1617 2413 1669 2441 Ἦν
1693 2414 1791 2442 Αἴολον
1806 2414 1858 2449 μὲν

1062 2464 1107 2491 τὸν
1128 2464 1236 2499 πρῶτον
1270 2463 1422 2498 βασιλεύειν
1449 2462 1606 2489 ἐδικαίωσεν
1634 2459 1668 2498 ἦς
1695 2459 1765 2497 ἦρχε
1793 2463 1858 2496 γῆς,

873 2531 991 2559 VARl/E
1011 2533 1203 2561 LECTIONES
1213 2554 1220 2561 .

257 2585 279 2601 ⁵⁸
290 2583 411 2611 Σικελῶν
424 2590 501 2618 mg.)
516 2581 577 2618 libri
591 2581 704 2618 Etxetiiv.
724 2580 765 2618 __'f
784 2579 873 2618 ὀρέξει
886 2589 917 2613 ς.
927 2581 1098 2618 reﬂuum
1116 2592 1146 2615 ς.
1171 2583 1195 2598 ’³
1207 2581 1344 2618 χρησμόν]
1364 2582 1412 2608 καὶ
1424 2580 1549 2618 χρησμόν
1559 2581 1593 2608 Α.
1623 2580 1647 2596 ⁸⁵
1661 2580 1811 2616 φάντασμα
1823 2588 1854 2612 ":-

224 2621 246 2637 ⁹³
258 2618 409 2654 ἀλώμενος]
427 2615 463 2645 cf.
478 2617 623 2644 Ruhnken.
633 2617 668 2644 ad
685 2615 778 2650 Vellej.
800 2624 826 2651 p.
842 2616 884 2642 12.
923 2617 946 2633 ⁸⁸
958 2617 1002 2643 ὲὸα

1058 2626 1118 2644 ευσε
1133 2627 1165 2650 ς.
1208 2615 1233 2634 ﬁ

1264 2617 1362 2649 παῖδας
1381 2626 1437 2645 οιιι.
1453 2617 1486 2644 A.

984 2675 1101 2706 NOT/E.

259 2728 316 2763 (10)
330 2728 401 2763 Lege
411 2725 652 2763 Pausatt._ﬁchaic.
670 2727 730 2753 init.

261 2761 318 2798 (11)
338 2761 403 2790 Vide
420 2763 511 2789 Strab.
532 2761 584 2798 lih_._
595 2769 631 2787 vt.

261 2796 323 2840 (l2)_
335 2798 437 2839 llaacfle
446 2797 537 2829 (ἔστιιο
550 2796 630 2824 aliter
643 2797 782 2832 aliquanto
798 2796 880 2823 refert
894 2796 1010 2823 l’ausan.

264 2837 290 2862 tu
307 2835 432 2864 Laconia.

262 2869 317 2906 (15)
331 2870 416 2904 Quem
433 2869 567 2906 Phylantii
594 2870 676 2898 ﬁlium
706 2867 771 2896 facit
799 2866 914 2895 l’ausau.
948 2874 1008 2894 cum

1065 2726 1192 2760 Apollod.
1203 2727 1250 2754 lib.
1265 2735 1282 2755 ιι
1292 2726 1431 2760 ΒὶὺιὶοιΙι.,
1445 2725 1490 2760 qui
1499 2726 1569 2753 hanc
1577 2725 1610 2752 ad
1625 2723 1793 2759 Naupactum
1808 2731 1857 2758 pa-

1067 2768 1166 2789 tratam
1184 2763 1285 2790 cmdem
1300 2763 1391 2789 tradit.

1103 2798 1159 2832 (1-1)
1176 2798 1259 2831 Quasi
1275 2796 1404 2824 Erroncm
1423 2804 1437 2823 a
1454 2795 1576 2831 parentis
1590 2794 1729 2824 erroribus
1743 2793 1856 2822 dixeris.

1103 2833 1158 2867 (15)
1174 2833 1294 2861 Pausan.
1313 2832 1373 2860 iuit.
1389 2832 1555 2860 Corinthiac.
