1923 3091
71 160 123 193 565

583 160 847 191 BlBLIOTHECA.
867 172 902 178 -
916 159 998 190 COD.
1010 158 1188 189 CLXXXVI.

1652 156 1704 193 5‘16

70 216 190 252 *Ασωπῷ
204 217 252 243 καὶ
266 217 371 244 Ἐνιπεῖ
380 217 439 244 δυσὶ
460 219 593 252 ποταμοῖς
608 218 657 254 τὴν
676 217 764 253 ἀρχὴν
777 217 862 251 διορι-

916 219 1033 246 raverat,
1062 222 1199 249 quamque
1220 215 1311 250 Asopo
1333 219 1359 242 et
1380 215 1481 251 Enipeo
1496 215 1584 244 ﬂuviis
1610 218 1706 245 dister.

72 265 200 299 σάμενος,
212 264 242 296 ἐξ
261 260 291 290 οὗ
310 264 340 290 τὺ
358 263 482 291 Αἰολικὸν
496 264 647 298 κατάγεται
661 264 738 298 γένος
749 271 758 280 ⁸
770 264 862 299 Δῶρος

71 310 93 336 δ’
103 310 119 336 ό
129 309 258 345 δεύτερος
274 311 370 345 μοῖραν
385 310 432 337 τοῦ
457 310 521 337 λαοῦ
536 310 627 338 λαϐὼν
647 311 723 347 παρὰ
743 311 790 338 τοῦ
808 320 862 338 πα-

71 356 134 390 τρὸς
154 356 339 389 ὰποικίζεται,
359 357 406 384 καὶ
429 357 481 383 ὑπὸ
504 357 549 384 τὸν
565 358 726 393 Παρνασσὸν
751 358 781 384 τὸ
800 358 863 394 ὅρος

57 402 159 434 ,κτίζει
183 402 287 436 πόλεις,
314 403 400 435 Βοιὺν,
422 403 549 430 Κυτίνιον
569 404 603 434 νδ,
629 403 757 439 Ἐρινέον,
783 404 813 436 ἐξ
832 402 862 432 οὗ

70 448 203 482 Δωριεῖς·
235 448 249 473 ό
274 447 302 474 δὲ
327 447 460 479 νεώτατος
492 448 623 484 Ἀθήναζε
642 449 667 466 ⁸⁸
698 449 862 485 ἀφικόμενος

71 494 159 526 κτίζει
188 495 350 529 τετράπολιν
379 495 551 530 καλουμένην
577 497 626 530 τῆς
654 496 790 530 Ἀττικῆς,
816 496 863 522 καὶ

69 541 156 574 γαμεῖ
168 541 309 576 Κρέουσαν
324 540 373 575 τὴν
395 541 555 576 Ἐρεχθέως,
573 542 619 568 καὶ
632 542 717 569 τίκτει
732 542 761 574 ἐξ
778 542 863 576 αὐτῆς

75 585 186 620 Ἀχαιὸν
203 587 250 612 καὶ
268 587 358 613 Ἴωνα.
376 587 431 613 Καὶ
446 588 460 614 ὁ
484 588 532 622 μὲν
550 587 656 622 Ἀχαιὺς
671 588 798 614 ἀκούσιον
813 589 862 622 φό-

69 640 114 658 νον
129 633 320 667 ἐργασάμενος
334 633 431 668 ipson,
444 633 491 660 καὶ
502 634 541 666 εἰς
556 635 761 670 Πελοπόννησον
777 635 863 662 ἐλθὼν

76 678 190 712 Ἀχαΐαν
202 678 289 710 κτίζει
310 679 484 714 τετράπολιν,
500 679 530 712 ἐξ
548 677 579 707 οὗ
600 679 721 715 Ἀχαιοί·
739 681 802 707 Ἴων
821 681 861 712 δὲ,

69 724 197 755 θανόντος
218 725 266 751 τοῦ
292 726 511 760 μητροπάτορος,
531 725 576 753 διά
595 735 623 752 τε
636 726 685 761 τὴν
703 726 804 762 ἀρετὴν
815 727 862 753 καὶ

67 765 116 806 ’ἒὴν
129 771 214 806 ἄλλην
234 771 348 804 ἀξίωσιν
364 772 485 807 αἱρεθεὶς
503 772 814 808 βασιλεύειἈθηναίων,
833 773 863 805 ἐξ

67 815 96 843 οὗ
119 817 215 848 Ἴωνες
235 817 303 844 οἵτε
323 818 461 853 Ἀθηναῖοι
481 817 598 854 ἤρξαντο
614 818 756 845 καλεῖσθαι
768 818 815 845 καὶ
832 818 862 845 τὸ

67 860 132 887 ἄλλο
146 861 202 888 πᾶν
219 861 350 888 Ἰωνικόν.

108 993 143 1022 Ἦ
156 997 200 1030 κη’
211 995 248 1027 ὡς
259 996 361 1031 Τέννης
371 997 418 1023 καὶ
434 997 551 1032 Ἡμιθέα
562 999 657 1031 παῖδες
669 1000 755 1036 ἤστην
765 1001 865 1037 Κύκνῳ

67 1041 179 1077 βασιλεῖ
196 1042 335 1078 Τρῳάδος,
357 1044 404 1069 καὶ
425 1044 552 1074 ΚύκνοςΙ
581 1045 771 1082 ἀποθανούσης
790 1048 864 1083 αὑτῷ

64 1089 117 1122 τῆς
132 1089 266 1122 γυναικὸς
281 1089 378 1125 ἑτέραν
401 1091 579 1124 ὲπεισάγεται
591 1100 597 1106 ·
618 1092 634 1127 ἡ
660 1092 683 1119 δ’
699 1094 864 1129 ἐπιμανεῖσα

66 1135 157 1171 Τέννῃ
171 1136 220 1162 καὶ
238 1136 275 1170 μὴ
289 1136 461 1171 τυγχάνουσα
485 1139 684 1173 καταψεύδεται
697 1139 744 1166 τοῦ
770 1141 864 1173 παιδὸς

65 1182 100 1208 τά
114 1182 218 1215 ἑαυτῆς
228 1190 234 1197 ·
251 1182 299 1209 καὶ
312 1183 327 1208 ὁ
341 1183 434 1218 πατὴρ
447 1183 568 1220 ἀκρίτως
582 1185 622 1217 εἰς
638 1186 762 1221 λάρνακα
775 1187 785 1202 ¹
797 1187 864 1214 Τέν-

66 1236 117 1263 νην
136 1228 308 1261 κατακλείει,
327 1229 396 1255 ἀλλὰ
411 1229 460 1256 καὶ
473 1229 522 1265 τὴν
540 1230 674 1266 Ἡμιθέαν
698 1233 864 1267 περιαλγοῦο

65 1282 117 1300 σαν
145 1273 282 1308 τάδελφοῦ
297 1274 317 1306 ⁸,
332 1275 380 1301 καὶ
401 1274 497 1309 ἀφίησι
524 1277 557 1310 τῇ
581 1275 714 1313 θαλάσσῃ.
737 1277 769 1304 'H
783 1277 804 1303 δ’
823 1278 864 1309 εἰς

64 1321 149 1355 νῆσον
163 1320 320 1355 ἐκφέρεται,
337 1321 386 1348 καὶ
396 1322 422 1348 οἱ
440 1322 584 1358 ἐπιχώριοι
598 1323 648 1358 τὴν
660 1323 783 1358 λάρνακα
796 1325 862 1351 ἀνα-

64 1364 239 1400 κομίζονται,
256 1366 345 1392 καὶτὸ
355 1366 456 1401 κράτος
471 1366 521 1401 τῆς
539 1367 592 1402 γῆς
610 1367 718 1404 ἐκείνης
734 1369 839 1404 ῖσχουσι
852 1369 864 1385 ⁸

64 1413 171 1447 Τέννης
187 1411 236 1438 καὶ
255 1412 382 1447 Ἣμιοέα,
396 1413 443 1440 καὶ
460 1414 476 1448 ἡ
492 1414 574 1448 νῆσος
589 1414 700 1446 Τένεδος
715 1416 777 1442 ἀντὶ
795 1416 863 1442 Λευ-

63 1459 189 1492 κόφρυος
210 1457 369 1493 ὠνομάσθη.
392 1458 422 1485 '0
443 1459 471 1485 δὲ
499 1459 607 1492 Κύκνος
636 1462 788 1496 μεταγνοὺς
815 1462 862 1488 καὶ

62 1505 255 1541 ὁρμισάμενος
270 1505 339 1540 πρὸς
351 1505 401 1540 τὴν
417 1506 510 1540 νῆσον,
527 1507 613 1534 ἐδεῖτο
628 1506 676 1534 τοῦ
702 1509 795 1540 παιδὸς
808 1509 862 1535 ἀπὸ

62 1552 115 1586 τῆς
127 1550 198 1582 νεὼς
212 1551 365 1598 άμνηστίαν
375 1551 461 1598 νέχειν.
476 1552 507 1579 '0
520 1553 558 1585 δὲ,
575 1553 614 1585 ὡς
631 1554 668 1589 μὴ
683 1554 797 1588 ἐπιϐαίη
810 1555 860 1589 τῆς
876 1567 898 1598 C

61 1598 160 1632 νήσου,
188 1596 306 1623 πέλεκυν
330 1597 467 1633 ἀράμενος
494 1598 528 1625 τὰ
555 1599 695 1635 πείσματα
717 1601 768 1634 τῆς
794 1601 862 1633 νεὼς

60 1643 208 1671 διακόπτει
220 1652 228 1658 '
248 1643 311 1680 [410
328 1643 373 1680 IL]
389 1645 435 1671 καὶ
452 1645 500 1671 ἀπ’
515 1645 598 1672 αὑτοῦ
622 1647 646 1672 oi
663 1646 803 1682 ἄνθρωποι
815 1647 863 1674 ἐπὶ

62 1689 168 1721 παντὸς
193 1690 334 1724 ἀποτόμου
363 1690 528 1726 πράγματος
551 1691 597 1718 τὸν
616 1691 716 1718 Τέννου
745 1692 863 1720 πέλεκυν

63 1735 249 1769 ἐπιλέγουσιν.

104 1826 139 1852 Ἦ
154 1825 196 1852 κθ¹
214 1825 252 1857 ὡς
266 1827 415 1863 Μάγνητες
429 1829 453 1854 οξ
479 1829 642 1864 Μαγνησίαν
663 1829 712 1865 τὴν
729 1830 759 1857 ἐν
784 1830 864 1866 Ἀσίᾳ

63 1873 112 1899 νῦν
124 1872 267 1905 οἰκοῦντες
278 1873 308 1900 τὸ
322 1874 456 1910 πρότερον
466 1875 531 1911 περὶ
547 1876 661 1911 Πηνειὸν
678 1876 802 1912 ποταμὸν
814 1877 864 1903 καὶ

62 1918 94 1944 τὸ
122 1918 226 1954 Πήλιον
253 1919 315 1954 ὅρος
348 1919 478 1956 ᾤκησαν,
507 1922 556 1947 καὶ
589 1922 824 1958 συνεστράτευσαν
852 1923 863 1938 ⁵

70 1964 192 1998 Ἀχαιοῖς
219 1965 291 1992 κατὰ
307 1966 408 2002 Τροίας
433 1967 587 2002 ἡγουμένου
612 1968 704 1994 αὐτῶν
729 1969 863 2004 Προθόου,

63 2011 114 2037 καὶ
129 2010 279 2038 ἐκαλοῦντο
302 2012 460 2047 Μάγνητες.
481 2012 550 2040 Εἶτα
564 2014 664 2050 δεκάτη
681 2015 691 2030 ⁸
708 2017 864 2051 Μαγνήτων

64 2058 312 2093 ἀνακομιζομένων
331 2059 422 2087 αὐτῶν
437 2059 491 2086 ἀπὸ
513 2060 614 2096 Τροίας
629 2060 728 2092 οἰκίζει
742 2063 802 2089 κατ’
819 2063 865 2089 εὺ-

64 2103 116 2138 χὰς
141 2104 182 2135 εἰς
199 2103 329 2137 Δελφούς.
355 2104 433 2131 Μετὰ
457 2104 552 2140 χρόνον
577 2105 607 2131 δὲ
627 2105 793 2137 ἀναστάντες
815 2105 863 2132 τοῦ

67 2150 143 2185 ἱεροῦ
159 2150 208 2176 καὶ
223 2151 365 2183 κατιόντες
376 2152 424 2178 ἐπὶ
443 2152 581 2179 Θάλασσαν
597 2152 807 2188 ἐπεραιώθησαν
824 2154 864 2185 εἰς

65 2196 182 2232 Κρήτην
196 2196 216 2223 ⁷.
235 2197 370 2231 ’Ύστερον
386 2197 450 2233 [226
463 2197 508 2234 H.]
522 2198 550 2224 δὲ
568 2198 726 2234 βιασθέντες
747 2199 863 2234 ἀνέστη-

914 261 1076 288 minaverat.
1092 262 1181 295 Atque
1198 261 1260 288 hinc
1285 261 1420 289 Aiolicum
1447 269 1531 297 genus
1557 264 1704 291 derivatur.

913 309 990 336 Alter
1006 309 1104 336 deinde
1117 309 1214 342 Dorus,
1225 313 1334 343 accepta
1349 317 1363 336 a
1381 315 1493 343 parente
1507 311 1596 346 populi
1614 317 1705 346 parte,

915 355 1049 382 coloniam
1061 354 1114 382 alio
1127 355 1257 388 traduxit,
1274 355 1450 391 condiditque
1466 357 1515 385 ltas
1527 359 1559 385 ad
1576 358 1704 386 Parnassi

914 402 1013 429 montis
1026 401 1143 429 radicetn
1155 401 1503 437 urbes,B(eum,Cytinium
1518 409 1544 431 et
1561 403 1702 432 Erineum.

914 448 956 475 Ab
978 448 1029 475 hoc
1044 447 1129 475 Dores
1154 448 1231 474 dicti.
1254 446 1323 474 Natu
1341 447 1458 482 denique
1489 449 1617 477 minimus
1642 458 1704 478 cum

914 495 1035 522 Athenas
1052 494 1174 528 pervenit
1188 493 1256 530 (16),
1271 494 1368 521 Atticae
1391 503 1472 530 quam
1496 500 1594 523 vocant
1620 487 1706 524 tetra?

916 540 1000 574 polim
1017 540 1074 575 (17)
1089 540 1231 567 aedificavit
1247 559 1255 572 ,
1271 540 1400 575 duxitque
1428 548 1540 568 uxorem
1577 541 1705 569 Creusam

914 584 1059 612 Erechthei
1085 584 1179 618 filiam,
1198 592 1214 612 e
1237 592 1289 619 qtta
1303 585 1431 612 Achaeum
1456 589 1483 612 et
1500 585 1561 612 Iona
1576 586 1629 621 (l8)
1644 593 1705 613 sits-

915 630 984 658 tulit.
998 630 1113 657 Achzeus
1128 630 1181 664 hic,
1191 638 1252 658 cum
1265 631 1365 658 caedem
1381 631 1543 666 imprudens
1559 637 1705 666 patrasset,

914 677 1018 712 pulsus,
1029 677 1056 703 in
1066 676 1282 711 Peloponnesum
1295 677 1378 709 venit,
1389 676 1564 711 condiditque
1575 677 1705 704 Achaiam

916 723 1079 758 tetrapolitn.
1101 724 1123 750 A
1147 730 1201 758 quo
1214 723 1296 750 etiam
1322 723 1413 750 Achaei
1439 723 1572 758 originem
1591 724 1704 751 ducttnt.

914 769 960 796 Ion
973 777 1049 801 vero,
1064 774 1172 796 mortuo
1184 777 1233 796 avo
1248 774 1370 797 materno
1401 769 1565 802 Erechtheo,
1577 777 1637 797 cum
1651 771 1706 797 vir-

914 815 989 847 tutis,
1008 820 1063 842 tum
1079 815 1190 850 reliquie
1202 816 1341 850 dignitatis
1357 823 1421 851 ergo
1432 821 1540 844 creatus
1551 824 1609 849 rex,
1624 817 1707 843 Athe-

915 861 1054 889 niensibus
1069 861 1222 895 imperavit.
1242 861 1317 889 Unde
1343 865 1370 889 et
1398 863 1475 889 lones
1505 861 1633 897 appellari
1650 869 1704 889 οω-

917 911 1014 942 perunt
1040 906 1237 940 Athenienses,
1267 909 1414 943 omttisque
1441 909 1507 936 adeo
1534 908 1609 943 regio
1632 907 1708 935 Ionia

916 953 998 980 dicta.

953 998 1087 1027 Vicesima
1100 1005 1194 1027 octava
1205 1000 1329 1035 :_Tennes
1343 1007 1369 1028 et
1384 1000 1526 1028 Hemithea
1536 1001 1615 1028 liberi
1626 1005 1704 1027 erant

917 1045 1000 1081 Cycni
1032 1046 1103 1081 regis
1125 1045 1240 1074 Troadis
1256 1046 1321 1082 (19).
1344 1047 1452 1082 Cycnus
1483 1052 1572 1074 autem
1600 1051 1707 1074 mortua

915 1091 1030 1126 conjuge
1045 1092 1119 1119 duxit
1132 1092 1244 1120 alteram
1262 1092 1330 1128 (9.0),
1349 1100 1408 1127 qum
1426 1093 1521 1120 insano
1534 1093 1635 1120 'i‘enna:
1650 1093 1708 1128 pri-

915 1138 987 1173 vigni
1005 1145 1098 1166 amore
1111 1143 1202 1173 capta,
1215 1147 1274 1166 cutn
1286 1140 1365 1174 potiri
1383 1147 1434 1166 non
1447 1144 1548 1174 posset,
1563 1147 1640 1167 suum
1657 1140 1708 1166 cri-

915 1191 976 1211 men
1006 1184 1075 1211 falso
1099 1184 1138 1211 illi
1164 1184 1305 1220 imponens
1329 1186 1478 1214 accusavit.
1503 1185 1605 1213 Parens
1627 1185 1708 1219 igitur

915 1230 1014 1257 indicta
1029 1239 1110 1258 causa
1125 1230 1246 1258 Tennent
1269 1231 1353 1259 filium
1373 1233 1471 1260 arculm
1499 1232 1619 1266 inclusit,
1640 1231 1706 1267 quin

914 1282 941 1304 et
955 1285 1007 1303 tina
1024 1276 1203 1310 llemitheam,
1226 1277 1318 1305 fratris
1333 1278 1481 1305 infortunio
1504 1278 1648 1306 immodice
1660 1278 1706 1305 dn-

915 1322 1025 1354 lcntem,
1044 1328 1125 1356 atque
1153 1322 1189 1350 ita
1217 1324 1283 1350 mari
1305 1324 1453 1351 comtnisit.
1480 1324 1543 1351 llaec
1562 1323 1654 1352 arcula
1681 1325 1708 1350 in

914 1368 1029 1396 insulam
1057 1368 1200 1403 quamdam
1236 1370 1336 1403 delata,
1355 1375 1437 1405 atque
1468 1370 1501 1397 ab
1520 1370 1619 1398 incolis
1643 1371 1710 1398 sub-

914 1415 968 1442 lata
988 1419 1040 1446 est.
1057 1419 1084 1441 et
1099 1415 1182 1442 totius
1211 1416 1332 1450 regionis
1348 1416 1463 1451 imperio
1478 1417 1618 1451 potiuntur
1636 1416 1708 1443 Ten-

915 1469 963 1489 nes
993 1466 1076 1496 atque
1102 1461 1268 1489 Hemithea:
1288 1462 1346 1497 ipsa
1378 1469 1442 1490 vero
1475 1463 1562 1490 insula
1585 1462 1709 1490 Tenedos

914 1515 962 1542 pro
977 1507 1138 1543 Leucophry
1159 1507 1210 1534 dici
1223 1512 1324 1542 coepta.
1339 1507 1448 1543 Cycnus
1463 1513 1556 1543 postea
1571 1507 1636 1535 facti
1653 1515 1710 1543 pm-

916 1555 1016 1585 nitens,
1032 1557 1058 1580 et
1074 1553 1107 1579 ad
1131 1552 1246 1580 insulam
1271 1552 1421 1588 profectus,
1438 1553 1521 1580 filium
1543 1553 1710 1588 precabatur

914 1607 930 1626 e
949 1598 1023 1630 navi.
1040 1597 1244 1632 prreteritarum
1268 1605 1358 1624 rerum
1379 1602 1408 1624 ιιι
1423 1598 1640 1625 oblivisceretur.
1663 1597 1710 1624 llic

915 1650 1018 1678 autem,
1032 1652 1065 1671 tte
1081 1644 1114 1671 ad
1142 1643 1258 1671 insulam
1284 1644 1434 1679 appelleret
1459 1652 1570 1678 parens.
1592 1644 1709 1671 securim

915 1691 1053 1726 arripiens
1065 1691 1142 1718 navis
1159 1689 1308 1718 retinacula
1330 1690 1474 1717 dissecuit.
1493 1689 1571 1717 Unde
1583 1689 1634 1717 dici
1652 1696 1709 1717 ctr-

916 1741 991 1771 ptum
1007 1736 1033 1763 in
1051 1737 1125 1763 omni
1141 1737 1257 1771 abrupto
1274 1741 1355 1771 atqtte
1371 1736 1485 1771 prmciso
1500 1737 1620 1771 negotio,
1636 1736 1708 1763 Teu-

915 1790 956 1809 naa
969 1782 1025 1818 (21)
1040 1783 1186 1818 bipennem
1204 1783 1287 1811 fuisse
1299 1783 1459 1810 adhibitam.

951 1829 1085 1856 Vicesima
1108 1837 1177 1856 nona
1195 1838 1202 1856 :
1224 1829 1372 1864 Magnetes.
1393 1829 1438 1864 qui
1454 1829 1622 1863 Magnesiam
1637 1828 1709 1855 Asia:

915 1883 988 1903 nttnc
1001 1876 1131 1908 incolunt,
1145 1880 1224 1904 antea
1236 1877 1270 1903 ad
1282 1876 1400 1903 Peneum
1424 1875 1523 1903 flumen
1536 1879 1710 1910 montemque

915 1920 1019 1949 Pclium
1037 1922 1204 1954 habitarunt,
1220 1927 1247 1949 et
1274 1922 1405 1949 adversus
1430 1921 1539 1955 Trojam
1563 1922 1643 1948 ductu
1669 1925 1710 1947 at-

916 1975 970 2003 que
993 1968 1124 2002 auspiciis
1140 1967 1253 1995 Prothoi
1282 1968 1430 1995 militantes
1445 1987 1453 2000 ,
1480 1967 1619 2001 Magnetes
1643 1967 1707 1993 item

915 2014 979 2041 dicti
999 2018 1071 2040 sunt.
1092 2013 1137 2040 ille
1149 2020 1240 2049 postea
1267 2014 1326 2046 hos,
1354 2014 1486 2041 decimam
1512 2012 1592 2046 Troia
1613 2019 1709 2047 repor-

916 2064 1017 2092 tantes,
1033 2060 1143 2095 Delphis
1167 2068 1201 2088 ex
1214 2065 1279 2087 voto
1303 2059 1457 2088 collocavit.
1477 2059 1541 2086 Post
1557 2065 1645 2085 tamen
1662 2066 1707 2086 re-

915 2107 980 2134 licto
993 2107 1064 2140 fano,
1078 2108 1248 2141 navibusque
1263 2106 1431 2137 conscensis,
1449 2106 1474 2132 in
1492 2105 1599 2132 Cretam
1621 2109 1710 2131 trans-

916 2153 1062 2180 miserunt.
1078 2153 1142 2179 Inde
1150 2159 1257 2187 quoque
1273 2151 1298 2178 vi
1313 2151 1417 2186 repulsi
1430 2150 1540 2178 Cretam
1566 2150 1707 2180 deserunt.

916 2199 985 2227 etin
1004 2199 1109 2235 1360
1130 2199 1222 2226 Asiam
1239 2199 1445 2233 adnavigantes,
1477 2197 1555 2224 malis
1581 2196 1708 2224 afﬂictam

67 2250 118 2268 σαν
132 2243 166 2269 ἐκ
181 2243 306 2279 Κρήτης,
327 2244 375 2270 καὶ
395 2244 561 2277 πλεύσαντες
583 2246 622 2277 είς
637 2246 687 2280 τὴν
711 2246 804 2273 Ἀσίαν
818 2246 862 2281 ea-

917 2252 1010 2280 nuper
1026 2245 1162 2272 conditam
1188 2245 1289 2280 Ioniam
1321 2249 1403 2278 atque
1421 2243 1558 2271 Eolidem
1581 2242 1708 2273 liberant.

67 2287 165 2321 ρύοντο
181 2287 276 2315 κακῶν
289 2289 444 2316 νεόκτιστον
467 2287 551 2316 οὖσαν
569 2290 619 2326 τὴν
632 2289 736 2316 Ἰωνίαν
749 2290 797 2317 καὶ
812 2290 862 2326 τὴν

918 2295 1069 2326 pugnantes
1084 2298 1136 2318 una
1154 2298 1215 2317 cum
1232 2290 1274 2318 his
1291 2290 1423 2318 adversus
1441 2297 1500 2322 eos,
1518 2289 1565 2324 qui
1581 2288 1651 2315 mala
1664 2287 1709 2314 ilia
1737 2289 1746 2299 '

66 2333 187 2367 Αἰολίδα,
207 2334 414 2370 ωμμαχοῦντες
428 2335 519 2368 αὐτοῖς
535 2335 605 2363 κατὰ
624 2335 680 2362 τῶν
699 2335 861 2371 ἐπιτιθεμέ-

917 2337 1082 2365 inferebant.
1111 2336 1179 2364 Hinc
1204 2336 1321 2371 denique
1348 2337 1443 2364 eodem
1471 2343 1526 2370 quo
1551 2343 1622 2363 nunc
1647 2339 1711 2363 sunt

710 2431 831 2459 VARI/E
848 2430 1054 2459 LECTIONES.

118 2489 142 2505 9‘
170 2488 281 2516 Κτίνιον
298 2497 328 2520 ς’.
360 2489 384 2506 ’⁵
404 2489 551 2526 Ἀθήναζεν
569 2500 597 2523 ς.
635 2492 643 2506 ¹
661 2491 708 2518 καὶ
723 2491 829 2522 Κύκνος
844 2492 866 2517 Α
880 2500 886 2517 :
903 2491 1010 2521 Κύκνος
1022 2490 1050 2518 δέ
1061 2498 1091 2521 ς.
1121 2490 1131 2505 ¹
1145 2489 1184 2520 εἰς
1201 2488 1326 2524 λάρνακα
1342 2489 1363 2514 Α
1385 2497 1392 2515 τ
1409 2488 1525 2523 λάρνακι
1539 2497 1569 2520 ς.
1606 2486 1714 2516 ⁸ἀδελ-

104 2523 119 2540 π
143 2533 163 2540 .-
210 2524 374 2540 omnum“.-.
397 2524 428 2540 Α.
482 2527 493 2540 a
513 2527 556 2540 ...Α
581 2534 696 2540 -....----
727 2526 739 2540 Α
762 2535 768 2540 .
786 2534 901 2540 -..η---.κ
929 2526 954 2540 at
972 2534 990 2540 .-
1051 2527 1061 2540 n
1077 2525 1193 2540 Lux..-“
1209 2533 1228 2540 .-
1278 2525 1287 2540 ’1
1303 2524 1342 2540 ει»
1359 2523 1485 2540 vrso-“.1
1508 2524 1536 2540 ιιι·
1567 2521 1696 2540 Rnlmlmn

67 2523 177 2587 qsﬁvcl.‘
196 2524 222 2564 7‘
234 2524 376 2587 ἁνξεέχουσι
393 2524 428 2554 Δ;
462 2521 469 2526 ’
482 2527 493 2541 ⁵
511 2521 560 2553 καὶ
572 2521 707 2562 -συνεστμ
722 2526 746 2554 Α
762 2535 770 2553 :
785 2521 911 2561 συνεστρ.
928 2526 955 2552 δέ
971 2534 1001 2558 ς.
1051 2527 1061 2542 ⁸
1076 2525 1193 2560 δεκάτην
1209 2521 1245 2556 ςζ
1278 2525 1287 2540 ’¹
1302 2524 1342 2555 εἰς
1359 2521 1486 2559 Κρήτην]
1508 2524 1544 2552 cf.
1565 2521 1710 2552 Ruhnken.

68 2567 84 2586 α
143 2568 158 2587 e
179 2567 215 2587 et.
230 2567 257 2593 p.
308 2579 315 2586 .

838 2625 960 2654 NOTAE.

105 2673 158 2708 (l6)
176 2673 276 2711 Strabo
294 2674 340 2711 lib.
358 2682 426 2711 Vlll,7
442 2674 522 2711 initio
538 2674 647 2705 Achaiae
664 2672 784 2699 Xulhum
811 2679 860 2699 no-
915 2674 941 2711 in
955 2673 1063 2702 Troade
1089 2679 1191 2711 tamen.
1216 2675 1285 2703 Vide
1306 2675 1445 2711 7Lycopltr.
1462 2675 1562 2711 interp.
1587 2678 1614 2701 et
1641 2673 1708 2701 Ser-

71 2709 164 2742 minat,
182 2710 227 2745 ubi
247 2711 317 2737 hanc
330 2709 403 2745 leges
420 2710 574 2745 historiam.
650 2744 676 2745 77
805 2742 829 2745 __
913 2708 998 2745 vium.
1038 2717 1070 2737 ac
1095 2710 1213 2737 Pausan.
1246 2711 1274 2737 in
1297 2708 1429 2738 Pﬁocicis.
1461 2709 1572 2737 Diodori
1601 2717 1710 2743 quoque

107 2745 161 2778 (Π)
177 2744 304 2776 (Enoen.
318 2742 534 2777 Probalinthum,
549 2744 748 2777 Tricorilltutn,
760 2747 788 2771 et
805 2742 861 2770 Ma-
913 2743 998 2771 Sicul.
1014 2749 1137 2772 extremo
1149 2746 1195 2772 lib.
1215 2754 1242 2772 v.
1529 2764 1531 2766 -

72 2781 195 2812 rathona,
208 2785 240 2807 ut
255 2780 339 2808 refert
349 2780 444 2815 Steph.
460 2785 487 2808 et
505 2780 604 2808 Strabo
615 2787 689 2812 supr.
787 2814 791 2815 7
949 2779 1006 2814 (9.0)
1023 2779 1200 2808 Pltilonomen
1215 2785 1294 2808 vocat
1312 2781 1406 2814 Steph.
1423 2781 1448 2808 in
1472 2780 1586 2807 Tenedos
1598 2786 1609 2806 .'
1625 2786 1706 2814 quem

107 2815 163 2850 (l8)
178 2816 274 2850 Steph.
305 2816 331 2843 in
361 2815 439 2843 Ionia
464 2816 529 2843 facit
552 2823 614 2843 eutn
633 2822 666 2842 ex
695 2814 855 2842 Atheniens.
913 2815 1003 2851 fusius
1018 2816 1075 2851 haec
1087 2820 1249 2843 tractantem
1269 2816 1336 2849 lege,
1349 2817 1472 2850 ctAdag.
1492 2823 1571 2851 opus.

73 2851 198 2884 opinione
212 2849 346 2886 Apollinis
361 2855 389 2878 et
404 2851 520 2879 Creissa:
532 2851 626 2878 filium.
788 2885 791 2886 7
827 2885 830 2886 7
916 2885 919 2886 7
949 2850 1005 2884 (2|)
1021 2850 1118 2878 Suidas
1132 2852 1213 2878 etiam
1243 2851 1366 2883 Τενέδιος
1383 2849 1526 2886 ἅνθρωπος
1543 2855 1570 2879 et
1585 2849 1706 2881 Τινέδιος

110 2886 162 2920 (19)
179 2886 280 2915 Strabo
296 2887 342 2916 lib.
355 2894 405 2915 xtu
419 2887 665 2916 Colonarumhunc
679 2893 769 2922 regem
781 2885 856 2919 facit,
912 2885 1064 2921 ξυνήγορος
1079 2886 1273 2923 παροιμιωδῶς
1290 2887 1342 2915 dici
1355 2885 1453 2915 refert.
1492 2899 1493 2902 π
