1923 3091
60 149 105 181 569

559 152 822 184 BIBIJOTHECA.
841 166 876 173 —
883 153 966 185 COD.
976 155 1153 186 CLXXXVI.

1621 155 1672 189 570

59 206 132 239 αὐτῳ,
147 204 204 230 ἀλλ’
216 203 311 239 ὠμοὺς
334 204 382 231 καὶ
410 209 598 241 παρανόμους,
626 207 673 240 οὓς
698 209 827 243 Ἡρακλῆς

887 210 1007 238 crudeles
1025 211 1168 238 admodum
1182 215 1263 246 atque
1277 211 1404 246 iniustos,
1418 211 1464 245 qui
1483 215 1544 247 post
1557 212 1590 238 ab
1606 211 1673 240 lier-

61 249 232 285 μισοπόνηρος
246 249 286 276 ὢν
300 251 414 285 ἀναιρεῖ.
433 252 488 278 Καὶ
502 253 593 285 αὐτοῖς
613 254 662 287 μὲν
676 254 696 269 ’⁸
714 255 728 280 ὁ
743 254 834 289 πατὴρ

59 297 128 331 χῶμα
139 296 251 330 ἔχωσεν,
276 297 409 333 Ἡρακλέα
425 298 452 324 δὲ
465 296 508 334 (ἦν
523 299 578 335 γὰρ
599 300 711 335 ἐναγὴς)
730 302 834 337 καθῆρε

59 343 99 369 τοῦ
116 343 192 377 φόνου
197 363 204 369 .

91 389 120 415 Ἦ
133 389 171 422 λγ¹
187 389 226 416 ὡς
255 390 396 424 Δήμοκλος
410 391 424 417 ὁ
445 390 546 425 Δελφὸς
569 392 652 427 γεννᾷ
677 393 758 420 παῖδα
785 395 832 420 ὲκ-

59 437 137 469 πρεπῆ
151 436 272 470 Σμίκρον
289 436 309 451 ¹⁹
324 435 408 471 ὄνομα
418 445 424 452 ·
439 436 487 463 καὶ
498 438 536 468 ὼς
550 437 612 464 πλεῖ
627 439 697 465 κατὰ
711 439 834 474 χρησμὸν

58 481 97 507 ἐπὶ
119 482 251 516 Μιλήτου,
271 482 339 517 ἔχων
365 484 423 517 μεθ’
449 483 545 510 ἑαυτοῦ
568 485 615 511 καὶ
637 485 683 511 τὸν
707 485 790 512 παῖδα
804 486 833 512 ὲν

59 527 156 561 ἡλικία·
182 529 228 554 καὶ
248 528 287 559 ὼς
312 529 511 564 καταλιμπάνει
537 530 633 558 τοῦτον
661 532 762 567 σπουδῇ
786 532 833 559 τοῦ

59 573 192 600 ἐκπλεῦσαι
207 575 255 601 καὶ
275 575 380 610 ἀγνοίᾳ,
395 576 619 609 τρισκαιδέκατον
635 576 732 612 ἔχοντα
755 577 813 609 ἔτος
824 586 831 592 ·

60 618 98 644 καὶ
110 619 144 649 ὡς
168 621 232 651 παῖς
246 620 409 655 Ἐριθάρσου
431 621 541 652 αἰπόλος
568 622 772 657 καταλαμϐάνει
787 623 833 649 τὸν

60 664 163 699 Σμῖκρον
178 665 349 700 ἀουμοῦντα,
367 666 414 693 καὶ
429 667 490 700 ἄγει
503 667 572 701 πρὸς
587 668 632 694 τὸν
652 669 772 704 πατέρα·
785 670 833 696 καὶ

59 709 231 746 ὀἘριθάρσης
256 712 307 738 οὐκ
327 712 438 739 ἔλαττον
452 713 498 739 τοῦ
525 713 589 740 ἰδίου
615 714 720 747 παιδὸς,
740 716 833 750 μαθὼν

59 757 98 782 ti:
111 756 192 790 τύχας
211 757 260 783 καὶ
276 757 306 783 τὸ
318 758 341 773 ¹⁰
358 759 436 792 γένος
450 758 498 785 τοῦ
517 759 649 794 Σμίκρου,
673 760 767 787 τοῦτον
783 770 832 787 πε-

60 802 140 834 ριεῖπε.
156 802 210 829 Καὶ
223 804 290 838 περὶ
301 803 347 830 τοῦ
363 804 470 831 Κύκνου
482 806 528 831 τοῦ
542 805 737 840 συλληφθέντας
750 807 833 842 ἄμφω

59 849 102 878 τοῖς
115 850 198 881 παισὶ,
214 850 264 876 καὶ
282 850 329 884 τῆς
353 850 452 885 ἔριδος,
472 851 520 877 καὶ
538 851 585 878 τοῦ
607 853 657 887 τῆς
679 853 832 885 Λευκοθέας

59 894 193 928 ᾳάσματος,
211 896 251 927 ὡς
265 897 287 911 ²¹
303 897 375 922 εἴποι
390 905 419 923 τε
433 898 489 928 τοῖς
505 898 584 923 παισὶ
599 899 668 933 πρὸς
682 899 830 934 Μιλησίους

59 939 124 971 φάναι
137 941 219 975 τιμᾷν
239 941 327 976 αὐτὴν
347 942 394 968 καὶ
412 942 516 969 παίδων
529 943 624 976 ἀγῶνα
636 945 770 978 γυμνικὸν
783 953 830 971 τε-

57 982 101 1009 λεῖν
114 985 177 1020 αὐτῇ
189 994 196 1001 ·
213 986 335 1021 ἡσθῆναι
351 987 405 1022 γὰρ
420 988 506 1022 αὐτὴν
518 990 551 1024 τῇ
566 989 634 1025 ἔριδι
647 989 701 1016 τῶν
714 991 827 1018 παίδων.

58 1029 101 1056 Καὶ
113 1030 146 1062 ὡς
161 1033 175 1058 ὁ
195 1033 318 1067 Σμῖκρός
345 1042 417 1065 τινος
432 1033 485 1060 τῶν
501 1035 530 1060 ἐν
551 1035 695 1071 Μιλησίοις
717 1037 828 1069 ἐνδόξων

58 1074 174 1111 θυγατέρα
196 1080 294 1111 γαμεῖ,
316 1078 363 1105 καὶ
386 1079 456 1114 αὕτη
483 1080 613 1107 τίκτουσα
633 1082 685 1117 δρᾷ
702 1081 762 1116 ὄψιν
783 1083 828 1109 τὸν

56 1117 116 1150 ἣλιον
139 1120 205 1156 αὐτῇ
223 1122 246 1137 ¹²
265 1121 310 1148 διὰ
335 1123 382 1149 τοῦ
410 1124 544 1158 στόματος
567 1125 692 1153 είσδύντα
720 1126 763 1154 διὰ
779 1127 829 1162 τῆς

57 1165 155 1199 γαστρὸς
171 1167 194 1182 ³³
210 1167 258 1193 καὶ
284 1168 339 1194 τῶν
366 1169 474 1196 αἰδοίων
490 1169 650 1202 διεξελθεῖν·
669 1171 716 1197 καὶ
744 1169 778 1206 ἦν
797 1172 827 1198 τὸ

56 1209 128 1244 ipsum
139 1213 194 1243 τοῖς
207 1214 340 1247 μάντεσιν
354 1215 466 1248 ἀγαθόν.
477 1216 532 1242 Καὶ
543 1216 619 1243 ἔτεκε
632 1217 724 1252 κόρον,
738 1218 828 1253 Βράγ-

57 1263 92 1287 χου
105 1256 152 1282 ἀπὸ
167 1257 213 1284 τοῦ
228 1258 336 1292 ὀνείρου
348 1259 498 1292 καλέσασα,
512 1261 553 1287 ὅτι
570 1261 583 1286 ό
598 1261 673 1296 ἥλιος
686 1262 772 1297 αὐτῆς
782 1263 827 1290 διὰ

58 1300 93 1325 τοῦ
111 1301 224 1337 βράγχου
248 1304 373 1339 διεξῆλθε
389 1305 422 1332 ’⁸,
443 1306 498 1332 Καὶ
511 1304 546 1341 ἦν
562 1308 576 1332 ὁ
593 1309 659 1338 παῖς
684 1307 826 1340 κάλλιστος

58 1347 195 1382 ἀνθρώπων,
213 1351 261 1376 καὶ
279 1351 362 1377 αὐτὸν
385 1351 514 1386 ἐφίλησεν
531 1353 658 1387 ἐρασθεὶς
675 1353 824 1385 Ἀπόλλων,

887 254 956 285 culc,
970 257 1039 288 quod
1055 255 1192 289 improbos
1206 256 1285 282 valde
1304 256 1417 288 odisset,
1433 256 1516 284 occisi
1544 261 1615 284 sunt.
1640 257 1673 283 Et

887 307 985 333 parens
1006 300 1062 334 ipse
1099 300 1230 327 tumulum
1258 300 1314 328 suis
1337 300 1447 334 ell'odit,
1475 301 1672 336 Herculemque

886 346 959 372 caede
976 346 1106 380 pollutum
1121 346 1250 380 expiavit.

920 388 1066 417 Tricesinta
1083 390 1161 417 tertia
1178 399 1185 417 :
1203 389 1345 416 Democlus
1357 390 1472 424 Delphus
1484 389 1567 417 lilium
1579 391 1672 424 genuit

884 435 982 470 insigni
1003 436 1099 467 forma,
1115 436 1157 464 cui
1173 435 1275 463 Smicro
1286 435 1342 470 (29)
1360 443 1467 469 nomen,
1481 437 1671 471 navigavitque

883 482 1001 510 Miletum
1014 483 1048 510 ad
1059 483 1251 509 consulendum
1263 482 1412 512 oraculum.
1424 482 1504 508 ducto
1513 489 1604 508 secum
1616 481 1671 508 lilio

883 537 1014 557 annorum
1030 529 1156 556 tredecim
1172 536 1279 562 :quem,
1294 527 1374 554 nimis
1397 527 1522 554 festinato
1540 527 1670 561 navigan—

884 577 909 603 di
925 576 1028 606 studio.
1050 580 1130 610 alque
1153 574 1319 608 imprudens.
1337 574 1370 600 ibi
1389 574 1509 608 reliquit.
1528 573 1669 600 Inventum

883 622 975 656 itaque
995 622 1098 648 trisletn
1128 620 1275 652 Smicrum,
1309 620 1452 654 caprarius
1471 620 1590 654 quidam,
1608 619 1669 646 Eri-

884 667 967 694 tltarsi
994 667 1078 698 ﬁlius,
1095 666 1128 693 ad
1142 671 1243 700 patrem
1259 666 1366 693 adducit
1380 674 1387 692 :
1401 665 1446 699 qui
1463 672 1514 691 non
1530 673 1608 692 secus
1625 669 1668 691 at—

884 720 937 747 que
947 720 1023 739 suum
1040 712 1138 744 lilium,
1150 711 1256 745 cognita
1272 711 1346 745 pueri
1358 715 1384 737 et
1398 711 1552 738 conditione
1564 716 1591 737 et
1605 712 1669 738 stir-

885 766 928 792 pe,
944 759 1054 785 honeste
1068 765 1128 784 cum
1139 759 1208 791 apud
1221 765 1250 785 se
1264 757 1367 784 habuit.
1381 756 1479 783 Narrat
1493 757 1564 784 etde
1575 757 1667 791 Cycno

884 812 945 832 cum
975 805 1077 832 duobus
1093 804 1154 831 liliis
1170 808 1265 838 capto,
1278 804 1365 837 deque
1382 803 1572 834 contentione,
1590 810 1621 830 ac
1635 802 1668 830 de

884 850 1042 877 Leucotheze
1071 855 1189 885 spectro.
1208 849 1347 883 Quomodo
1360 850 1416 877 hzec
1435 849 1525 884 pueris
1550 849 1665 880 dixerit,

847 881 868 910 Β
881 896 998 923 Milesios
1011 899 1039 922 ιιι
1052 896 1247 928 admonerent,
1262 895 1347 929 ipsam
1361 895 1554 928 ltonoraudam,
1568 898 1594 921 et
1604 901 1668 930 pue-

881 950 971 969 rorum
985 947 1122 969 certamen
1137 942 1291 976 gymnicum
1308 941 1357 975 ipsi
1367 941 1546 968 exhibendum
1561 949 1566 966 :
1580 939 1664 967 laetari

880 988 950 1014 enim
966 995 996 1014 se
1011 995 1154 1022 pueroruut
1166 987 1347 1014 contentione.
1359 986 1539 1018 Additetiatn,
1553 991 1583 1012 ut
1593 985 1665 1012 Smi-

879 1041 957 1065 crus,
975 1033 1041 1060 clari
1055 1033 1194 1066 cujusdam
1215 1033 1284 1067 apud
1297 1033 1414 1060 Milesios
1427 1032 1477 1058 viri
1500 1031 1582 1058 ﬁliam
1596 1038 1664 1057 uxo-

879 1087 935 1106 rem
950 1079 1073 1110 duxerit,
1087 1086 1148 1114 qum
1158 1079 1266 1113 pariens
1282 1079 1429 1106 secundum
1440 1077 1557 1112 quietem
1571 1077 1664 1103 videre

879 1125 934 1152 visa
948 1125 983 1152 sit
996 1145 1003 1157 ,
1017 1125 1102 1152 solem
1114 1133 1162 1159 per
1174 1133 1205 1152 os
1221 1125 1306 1160 ipsam
1315 1124 1421 1156 subire,
1435 1128 1461 1150 et
1479 1130 1525 1157 per
1541 1127 1663 1149 ventrem

878 1176 958 1205 atque
974 1171 1090 1198 verenda
1103 1171 1205 1205 egredi.
1215 1171 1290 1204 Quod
1301 1171 1388 1197 visunt
1400 1170 1497 1196 bonum
1512 1175 1571 1195 esse
1583 1175 1664 1194 otnen

878 1222 952 1244 vates
967 1217 1146 1251 interpretati,
1163 1216 1266 1250 peperit
1281 1216 1324 1242 illa
1341 1215 1423 1242 illium
1438 1235 1445 1245 ,
1459 1214 1665 1247 Brauchumque

877 1270 891 1290 a
904 1263 1010 1290 somnio
1025 1263 1188 1293 nominavit,
1205 1269 1237 1288 eo
1251 1262 1320 1296 quod
1331 1269 1378 1295 per
1392 1261 1484 1287 fauces
1500 1267 1533 1286 ex
1553 1259 1608 1293 ipsa
1618 1259 1660 1286 sol

876 1315 1001 1343 egressus
1007 1313 1078 1335 esset
1085 1305 1580 1343 (50).Hicmortaliumformosissimus
1587 1311 1663 1338 puer,

876 1357 910 1383 ab
921 1356 1042 1391 Apolline
1049 1360 1090 1382 est
1102 1356 1242 1382 adamatus
1252 1374 1259 1384 .
1273 1362 1333 1381 cum
1344 1361 1408 1380 oves
1420 1357 1576 1387 pasoentem
1587 1358 1662 1385 repe-

140 1395 328 1428 ποιμαίνοντα,
345 1395 408 1421 ἔνθα
433 1395 525 1431 βωμὸς
542 1397 711 1430 ’Λπόλλωνος
736 1400 824 1433 φιλίου

879 1402 965 1429 risset.
979 1401 1029 1429 Ubi
1047 1406 1074 1428 et
1085 1409 1129 1428 ara
1141 1400 1273 1435 Apollinis
1284 1399 1401 1427 amantis
1409 1403 1575 1426 consecrata.
1585 1396 1664 1424 Brau-

57 1436 151 1487 ἵδρυται.
170 1439 198 1465 Ὀ
210 1440 237 1466 δὲ
249 1441 374 1475 Βράγχος
387 1441 417 1474 ἑξ
431 1441 598 1474 ’Λπόλλωνος
614 1444 743 1476 ἐπίπνους
758 1454 824 1480 μαν-

879 1450 941 1476 chus
956 1456 1020 1476 vero
1030 1469 1038 1481 ,
1054 1449 1185 1483 Apollinis
1200 1448 1270 1475 dono
1284 1446 1447 1474 vaticinandi
1463 1450 1521 1472 arte
1537 1446 1663 1475 donatus,

57 1485 119 1516 τικῆς
130 1485 243 1518 γεγονὼς
259 1487 288 1512 ὲν
303 1486 431 1521 Διδύμοις
446 1487 485 1522 τῷ
504 1489 596 1523 χωρίῳ
611 1489 689 1524 ἔχρα.
705 1492 758 1518 Καὶ
776 1492 824 1527 μέ-

879 1495 998 1530 Didymis
1027 1495 1137 1522 oracula
1162 1494 1293 1526 reddidit,
1312 1493 1464 1526 hodieque,
1482 1492 1553 1518 inter
1575 1489 1663 1516 omnia

57 1529 123 1579 "
134 1531 177 1556 νῦν
201 1533 379 1567 χρηστηρίων
400 1533 564 1568 Ἑλληνικῶν
580 1532 618 1562 ὧν
645 1535 734 1570 ἴσμεν,
755 1538 824 1572 μετὰ

879 1549 934 1576 quae
951 1541 1090 1573 novimus,
1105 1540 1198 1568 Graeca
1218 1539 1325 1566 oracula
1338 1558 1346 1570 ,
1363 1537 1577 1564 Branchidarum
1599 1542 1665 1561 ora-

58 1573 156 1607 Δελφοὺς
168 1577 313 1611 κράτιστον
330 1579 504 1613 ὁμολογεῖται
528 1580 558 1606 τὺ
575 1580 630 1607 τῶν
654 1581 823 1617 Βραγχιδῶν.

88 1619 115 1646 Ἥ
127 1621 160 1647 λδ¹
173 1623 209 1654 ὡς
227 1624 300 1659 μετὰ
308 1625 438 1660 τελευτὴν
453 1626 629 1662 Ἀλεξάνδρου
644 1628 689 1654 τοῦ
708 1629 827 1663 Πάριδος

59 1665 198 1716 binos/iuet:
209 1671 305 1702 παῖδες
318 1671 429 1703 Ἕλενος
442 1673 489 1698 καὶ
499 1673 633 1708 Δηΐφοϐος
645 1674 740 1709 ἤριζον
753 1675 825 1711 ὑπὲρ

59 1713 100 1761 τίξιν
116 1713 217 1761 ΪΙΞλένης
231 1717 341 1751 γάμων,
363 1718 411 1743 καὶ
431 1719 529 1753 κρατεῖ
543 1719 589 1753 βίᾳ
617 1720 664 1746 καὶ
691 1720 825 1757 θεραπείᾳ

60 1758 100 1782 τῶν
113 1758 224 1788 δυνατῶν
239 1763 383 1798 Δηῖφοὸος,
401 1763 533 1798 νεώτερος
549 1764 587 1791 ὢν
609 1764 729 1794 Ἑλένου,
748 1766 826 1793 Ἕλε-

61 1810 94 1833 VI:
106 1805 139 1837 δὲ,
154 1808 201 1842 τὴν
214 1807 294 1843 ὓϐριν
307 1809 337 1835 οὐ
359 1809 458 1845 φέρων,
476 1811 515 1842 είς
527 1810 577 1846 τὴν
593 1810 665 1847 Ἴδην
676 1813 824 1848 ἀποχωρή-

61 1857 98 1880 σας
112 1852 232 1888 ἡσύχαζε.
249 1855 306 1881 Καὶ
322 1856 393 1881 κατὰ
419 1856 575 1892 συμξουλὰς
587 1857 609 1872 ’⁵
628 1858 786 1893 Κάλχαντος
799 1860 824 1886 οἱ

61 1896 243 1932 πολιορκοῦντες
268 1900 370 1936 Τροίαν
399 1902 530 1937 Ἕλληνες
555 1903 627 1938 λόχῳ
651 1903 696 1930 τὸν
714 1905 824 1933 Ἕλενον

61 1942 266 1978 συλλαμϐάνουσι·
282 1948 329 1974 καὶ
345 1948 380 1974 τὰ
398 1948 448 1983 μὲν
472 1948 598 1981 ἀπειλαῖς
620 1950 654 1976 τὰ
671 1950 699 1977 δὲ
715 1951 822 1987 δώροις,

60 1987 123 2015 πλέον
135 1991 160 2017 δὲ
175 1994 205 2028 τῇ
228 1994 298 2028 πρὸς
314 1993 412 2028 Τρῶας
425 1994 506 2029 ὀργῇ,
527 1995 715 2022 ἀποκαλύπτει
732 1999 823 2030 αὐτοῖς

62 2032 148 2067 Ἕλενος
163 2037 198 2070 ὡς
225 2040 324 2075 ξυλίνῳ
342 2040 418 2074 ῖππῳ
445 2042 627 2075 πεπρωμένον
653 2042 727 2068 ἐστὶν
744 2043 823 2070 Ἴλιον

62 2078 149 2115 ἁλῶναι,
171 2085 213 2110 καὶ
235 2085 268 2111 τὸ
286 2085 451 2116 τελευταῖον,
471 2087 581 2113 ἐπειδὰν
603 2087 705 2122 Ἀχαιοὶ
719 2088 822 2115 λάϐωσι

62 2124 83 2150 τί)
93 2126 199 2161 διοπετὲς
213 2131 329 2166 Ἀθηνᾶς
362 2131 520 2165 Παλλάδιον,
547 2133 654 2160 πολλῶν
679 2134 766 2161 ὄντων
792 2135 822 2162 τὸ

63 2172 226 2206 σμικρότατον.
240 2176 400 2202 Στέλλονται
416 2174 463 2203 οὖν
479 2177 526 2203 ἐπὶ
536 2180 568 2213 τῇ
585 2178 671 2214 κλοπῇ
688 2180 734 2205 τοῦ
748 2180 821 2207 Παλ-

62 2217 130 2243 λαδίου
145 2221 274 2258 Διομήδης
298 2224 344 2250 καὶ
359 2223 514 2256 Ὀδυσσεὺς,
532 2225 579 2251 καὶ
605 2226 747 2252 ἀναϐαίνει
773 2227 820 2254 ἐπὶ
837 2223 858 2251 D

61 2261 83 2286 τδ
93 2266 167 2299 τεῖχος
182 2268 201 2283 ’⁷
213 2269 361 2304 Διομήδης,
374 2269 474 2301 ὲπιῦἁς
487 2270 541 2296 τῶν
554 2270 638 2305 ὤμων
653 2272 803 2304 Ὀδυσσέως
812 2281 820 2289 ·

61 2306 102 2334 ὅδὲ
114 2311 156 2338 οὑκ
168 2314 314 2345 ἀνελκύσας
327 2316 468 2348 Ὀδυσσέα,
483 2317 571 2342 καίτοι
587 2318 636 2348 τὰς
653 2319 746 2352 χεῖρας
758 2319 820 2354 ὀρέ-

62 2359 134 2386 γοντα.
154 2358 194 2393 ᾔει
212 2361 262 2396 τὴν
285 2362 331 2388 ἐπὶ
348 2362 378 2388 τὺ
395 2362 558 2394 Παλλάδιον,
581 2363 630 2390 καὶ
655 2364 820 2399 ἀφελόμενος

63 2399 113 2427 αὒτδ
125 2405 185 2439 πρὸς
207 2406 336 2434 Ὀδυσσέα
351 2408 422 2443 ἔχων
443 2409 607 2443 ὑπέστρεφε.
633 2410 689 2437 Καὶ
711 2410 755 2437 διὰ
771 2411 818 2438 τοῦ

63 2444 134 2497 light!
149 2452 289 2479 κατιόντων
299 2452 493 2489 πυνθανομένῳ
507 2453 570 2489 [Q28
591 2453 638 2489 H.]
655 2455 760 2482 ἕκαστα
778 2455 817 2490 τῷ

70 2489 161 2520 οδυσαεῖ
174 2497 314 2533 Διομήδης,
338 2499 369 2525 τὸ
387 2499 473 2525 δόλιον
491 2500 606 2535 τάνδρὸς
622 2500 644 2516 ³⁸
659 2501 746 2534 εἰδὼς,
764 2489 814 2537 οὐχ

877 1587 967 1615 culum
981 1586 1035 1622 (51)
1054 1591 1115 1620 post
1138 1585 1293 1619 Delphicum
1319 1584 1466 1611 maximum
1487 1582 1658 1616 praedicatur.

912 1631 1060 1659 Tricesima
1070 1636 1175 1666 quarta.
1191 1631 1288 1657 Paride
1302 1634 1417 1660 mortuo,
1434 1628 1549 1655 Ileleuus
1563 1632 1589 1654 et
1605 1626 1665 1653 Dei-

876 1678 979 1713 phobus
994 1677 1094 1704 Priami
1111 1677 1157 1704 lilii
1173 1684 1254 1710 super
1267 1676 1375 1703 Helente
1396 1674 1496 1709 nuptiis
1514 1674 1663 1700 contende-

876 1729 949 1755 runt,
965 1724 1083 1757 vicitque
1094 1730 1142 1757 per
1153 1723 1241 1749 vimet
1252 1722 1398 1756 potentium
1407 1727 1484 1754 opem
1499 1719 1662 1752 Deiphobus,

875 1775 954 1797 aetate
969 1769 1030 1797 licet
1047 1770 1144 1796 minor.
1162 1769 1278 1796 lleleuus
1292 1775 1367 1802 ergo,
1386 1766 1490 1801 injuria:
1508 1765 1662 1799 impatiens,

876 1817 901 1842 iu
918 1817 989 1843 Idam
1006 1815 1101 1851 137a
1116 1815 1247 1842 secedens
1260 1814 1344 1840 otium
1363 1813 1436 1847 egit:
1451 1811 1495 1838 ubi
1506 1809 1663 1838 Calchantis

875 1870 972 1894 suasit,
986 1863 1031 1896 qui
1043 1861 1150 1895 Trojam
1158 1860 1317 1888 obsidebant
1335 1858 1422 1886 Grteci
1434 1866 1467 1885 ex
1485 1857 1588 1884 insidiis
1601 1863 1662 1882 elllll

875 1909 984 1943 capiunt
998 1916 1004 1934 :
1018 1907 1064 1934 ille
1080 1907 1175 1942 partim
1188 1907 1269 1933 mittis
1281 1925 1288 1938 ,
1300 1906 1398 1940 partim
1410 1905 1488 1931 donis
1498 1924 1506 1937 ,
1518 1903 1557 1930 vel
1574 1904 1664 1937 potius

873 1955 935 1982 odio
954 1953 1051 1987 Troja',
1079 1953 1180 1981 Graecis
1194 1953 1332 1984 indicavit,
1350 1952 1438 1986 ligneo
1465 1958 1534 1986 equo
1553 1949 1660 1984 Troiam

874 2000 1048 2034 capiendam.
1062 1999 1117 2026 fato
1138 2006 1199 2027 esse
1213 1999 1395 2033 designatum.
1409 1996 1465 2024 imo
1481 2001 1506 2023 et
1524 1996 1574 2022 hoc
1587 1995 1662 2022 deni-

873 2054 937 2081 que,
950 2054 1009 2074 cum
1023 2046 1115 2073 Achivi
1129 2045 1266 2080 cepissent
1280 2044 1351 2072 cwlo
1371 2043 1507 2078 delapsum
1530 2042 1584 2077 (52)
1598 2041 1662 2068 illud

874 2093 999 2120 lbnervze
1008 2091 1155 2119 Palladium
1168 2091 1237 2127 (55),
1248 2091 1320 2125 quod
1337 2091 1407 2117 inter
1419 2089 1500 2115 multa
1512 2093 1570 2114 erat
1586 2086 1663 2113 mini-

875 2147 958 2166 mum.
977 2138 1060 2172 Igitur
1074 2138 1148 2165 missi
1164 2139 1196 2164 ad
1215 2137 1363 2164 Palladium
1379 2135 1452 2162 furto
1466 2133 1660 2165 auferendum,

875 2185 1015 2212 Diomedes
1026 2189 1053 2211 et
1066 2183 1177 2219 Ulysses
1189 2191 1197 2210 τ
1211 2182 1356 2216 evaditque
1370 2182 1395 2208 in
1405 2188 1510 2207 murum
1521 2187 1569 2213 per
1580 2178 1662 2214 Ulys-

873 2230 911 2257 sis
939 2229 1067 2256 hutneros
1085 2228 1269 2254 conscendens
1287 2225 1441 2257 Diomedes,
1457 2232 1543 2257 neque
1570 2227 1660 2250 tamen

875 2282 971 2301 manus
983 2274 1135 2301 tendentem
1149 2273 1250 2300 socium
1263 2272 1390 2303 attraxit,
1404 2271 1450 2298 sed
1464 2271 1496 2296 ad
1510 2269 1659 2296 Palladium

874 2321 950 2353 abiit,
961 2327 1047 2355 eoque
1062 2320 1162 2351 ablato,
1175 2319 1208 2346 ad
1223 2317 1346 2353 Ulyssem
1358 2317 1477 2344 revertit.
1492 2316 1530 2343 lla
1545 2324 1604 2343 cum
1614 2323 1662 2349 per

873 2366 950 2399 plana
967 2366 1097 2397 redirent,
1117 2364 1294 2398 interroganti
1310 2363 1467 2398 singulatim
1478 2362 1569 2389 omnia
1579 2360 1660 2397 Ulys-

873 2411 914 2443 si,
931 2411 1048 2438 hominis
1061 2411 1188 2437 astutiam
1207 2417 1259 2436 non
1281 2410 1418 2444 ignorans,
1437 2408 1591 2442 respondit,
1607 2415 1660 2434 non

871 2457 941 2492 quod
957 2457 1073 2488 Helenus
1090 2456 1238 2484 Palladium
1254 2456 1401 2483 iudicasset
1409 2462 1438 2482 se
1453 2455 1600 2488 accepisse,
1613 2453 1660 2480 sed

869 2511 917 2538 pro
929 2511 961 2530 eo
980 2503 1052 2531 aliud
1073 2504 1220 2539 quoddam.
1251 2504 1348 2530 Verum
1369 2507 1440 2530 ntoto
1465 2501 1534 2528 forte
1553 2500 1660 2528 fortuna

666 2560 785 2588 VAHIIE
803 2561 1012 2590 LEC'I‘IONES.

65 2596 176 2644 ...ὶῖξιὶγ
197 2608 254 2644 ειη·
275 2606 309 2644 A-

66 2637 225 2677 meriae
246 2642 293 2677 aut
315 2651 345 2674 ς.
381 2637 461 2676 “rei

67 2672 114 2698 κους
125 2669 152 2696 Αη
184 2673 204 2690 ’³
213 2675 259 2702 τοῦ
275 2669 371 2712 ἀνδρός
391 2686 422 2709 ς.

351 2606 372 2623 ¹⁹
388 2606 459 2639 Σμικ
479 2606 508 2638 ός
530 2615 560 2638 ς,
588 2607 610 2622 ¹⁰
623 2607 653 2633 τὸ
670 2616 725 2634 o-n.
743 2609 776 2635 A.
798 2609 820 2624 ἰ
833 2609 855 2634 ὠ

381 2642 403 2657 ³⁵
414 2615 509 2667 ἐξῆλθε
537 2651 567 2667 c.
601 2643 624 2659 ⁷⁸
643 2642 724 2667 ιιένοι
753 2643 803 2667 τοῦ
819 2644 855 2667 vi}

479 2641 509 2668 Θε
537 2651 567 2674 ς.
601 2643 624 2659 ’⁸
642 2642 724 2678 μέχρι
753 2643 803 2670 τοῦ
819 2641 910 2677 νῦν”ς·.

860 2608 883 2644 ς]
899 2611 946 2636 καὶ
961 2610 998 2642 ὡς
1018 2620 1048 2643 ς.
1062 2611 1135 2638 εἴποι
1149 2610 1171 2637 Α
1186 2619 1193 2637 :
1207 2609 1234 2636 εἴ
1248 2618 1288 2636 τοι
1301 2618 1331 2641 ς.
1363 2609 1387 2644 ξ’
1403 2608 1471 2643 αὐτῇ
1483 2606 1528 2644 τδν
1539 2606 1616 2644 ἥλιον
1627 2613 1658 2644 ς.

957 2640 1150 2681 ’⁸-σιῖμϐουλήν
1170 2654 1201 2678 ς.
1239 2640 1319 2671 "ini.
1344 2643 1375 2670 τδ
1395 2640 1495 2679 τείχὸς]
1528 2641 1576 2668 τοῦ
1602 2640 1660 2667 τεί-

754 2724 875 2753 NOT/E.

92 2758 264 2806 ‘g‘QISEIIte-rum
281 2773 360 2806 vocat
379 2769 535 2806 Lactantius
555 2769 588 2795 ad
598 2776 668 2806 vers.
691 2771 808 2801 198,|ib.

68 2794 223 2838 "ﬁliaiam.
242 2794 311 2831 Stat:
321 2794 489 2838 ’Pépi'nfttttt
496 2794 546 2838 pta
552 2794 587 2831 ra
594 2812 626 2831 ex
634 2794 774 2834 ’νοτὶῖῇιὶ

147 2833 249 2873 Εἰσῆλθε
266 2830 354 2873 potius
365 2830 633 2873 legendum'videtur.

93 2862 136 2900 (⁵1)
147 2867 179 2897 De
189 2862 510 2906 είυὸεῖἑξιὶὶῖέῖἓᾘίὶὲῐιᾘ.
525 2862 692 2903 ἧὸἷέὲὶηει.

900 2772 955 2807 (52)
972 2773 1110 2803 Διοπετές.
1125 2772 1163 2801 De
1177 2779 1228 2807 qua
1244 2772 1377 2806 vocelege
1389 2771 1511 2807 Suidatn.

899 2802 955 2843 (:35)
967 2807 1036 2843 Vide
1051 2802 1126 2835 Suid.
1142 2813 1170 2835 et
1182 2802 1294 2843 interpr.
1306 2802 1513 2843 ViFgaApollod.
1528 2804 1590 2832 item
1604 2802 1655 2831 lib.

865 2840 1052 2878 tn‘BiblioIhq
1069 2850 1102 2871 ac
1116 2843 1211 2878 Dictyn
1235 2840 1361 2870 Cretens.
1377 2840 1424 2869 lib.
1440 2849 1456 2868 v
1471 2840 1532 2868 init.
