1923 3091
267 146 316 178 571

839 151 968 180 ΡΗΟΤΙΙ
983 151 1233 181 PATRIARCH/E
1250 153 1304 182 (ΖΡ.

1833 158 1886 189 5τὲ

263 202 389 234 Palladio,
405 201 514 236 agnovit
525 201 633 236 Ulysses
645 201 709 228 illud
734 202 820 236 ipsum
834 211 903 230 esse.
922 203 1009 236 Quare
1025 211 1036 230 a

1091 204 1158 238 ὅπερ
1174 204 1274 239 ἔφησεν
1292 205 1401 236 Ἕλενος
1416 206 1565 232 Παλλάδιον
1589 207 1680 234 λαϐεῖν
1706 209 1800 242 αὐτὸν,
1824 209 1886 238 ἀλλ’

261 253 336 283 tergo
353 256 381 275 se
393 252 512 275 statuens
527 248 673 278 Diomedis,
686 248 875 276 interfecturus
890 249 973 281 illum,
986 250 1042 284 gla-

260 295 332 321 dium
348 294 469 326 strinxit,
486 300 539 328 quo
550 293 779 327 ipsemetAchivis
792 293 936 321 Palladium
963 296 1042 322 οσον-

261 343 311 365 ret.
327 340 359 366 At
376 340 436 366 dum
452 339 556 373 plagam
574 337 722 365 inﬂicturus
750 344 839 372 esset,
858 340 922 367 vidit
936 340 1042 368 Diome-

261 385 308 412 des
318 405 324 417 ,
341 385 499 419 splendente
515 389 570 411 tum
584 384 653 411 forte
665 384 738 416 luna,
753 385 826 412 ensis
836 386 930 413 vibrati
944 386 1040 414 lucem.

259 429 296 457 Ita
311 430 420 466 Ulysses
434 438 448 456 a
464 431 537 458 caede
549 430 687 461 abstinuit,
704 431 851 465 stringente
863 431 978 458 viciSSim
988 432 1041 466 gla-

260 475 332 500 ditnn
351 476 488 508 Diomede,
509 475 554 509 qui
576 480 603 501 et
619 475 788 502 timiditatem
808 475 844 502 illi
864 476 1040 511 exprobrans,

259 525 287 547 et
302 519 380 553 gladii
396 520 493 546 lamina
504 539 511 551 ,
532 520 601 554 quod
627 521 786 549 antecedere
799 521 898 554 nollet,
915 523 1041 550 humeros

260 566 420 598 verberans,
436 567 558 593 eumdem
577 570 638 594 ante
653 574 682 594 se
697 567 762 601 egit.
779 565 856 594 Unde
870 568 1039 601 proverbium

260 611 325 646 (35‘)
343 615 433 637 natum
449 620 456 638 :
472 611 623 638 Diomedeia
636 613 784 645 necessitas,
795 613 915 640 adhiberi
933 612 1039 640 solitum

260 657 285 683 in
302 663 351 689 eo,
367 657 413 692 qui
425 657 526 691 aliquid
539 657 619 684 faciat
633 657 740 685 invitus.

292 788 440 816 Tricesima
461 790 553 824 quinta
581 791 647 818 duos
669 792 768 819 inducit
789 797 910 827 pastores
926 794 958 821 ad
976 794 1040 830 Lys-

256 841 315 860 sum
327 834 452 868 Ephesini
464 836 520 869 agri
531 841 648 862 montem
660 841 799 870 pascentes
811 846 817 864 :
835 838 965 873 quiapum
976 847 1040 867 exa-

1095 250 1152 276 ὰντ*
1167 249 1269 276 ἐκείνου
1286 251 1390 285 ἕτερον,
1408 252 1594 286 ἀποκρίνεται.
1612 254 1774 288 Κινηοέντος
1790 256 1820 282 δὲ
1836 257 1885 282 τοῦ

1096 295 1242 321 Παλλαδίου
1257 297 1326 322 κατά
1343 305 1403 323 τινα
1414 297 1544 332 δαίμονα,
1561 299 1641 332 γνοὺς
1656 299 1801 332 Ὀδυσσεὺς
1815 302 1886 327 αὐτὸ

1094 341 1182 367 ἐκεῖνο
1205 338 1274 368 εἶναι
1291 342 1338 368 καὶ
1361 342 1474 368 κατόπιν
1489 343 1608 376 γεγονὼς
1623 345 1722 372 σπᾶται
1744 346 1773 372 τὺ
1789 346 1884 381 ξίφος,

1094 386 1197 412 ἐκεῖνον
1225 387 1275 421 μὲν
1300 387 1404 413 ἀνελεῖν
1433 386 1584 422 βουληθεὶς,
1604 388 1667 423 [444
1681 389 1726 425 R.]
1750 391 1835 423 αὐτὸς
1862 392 1884 418 δ’

1093 432 1212 466 Ἀχαιοῖς
1224 432 1254 458 τὸ
1267 431 1414 458 Παλλάδιον
1428 432 1561 467 κομίζειν.
1574 434 1628 459 Καὶ
1639 434 1720 461 αὐτοῦ
1734 435 1884 469 μέλλοντος

1094 477 1201 512 πληγὴν
1213 477 1341 512 ἐμϐαλεῖν
1355 476 1398 513 (ἦν
1412 478 1466 513 γὰρ
1481 479 1659 515 σελήνη),ὁρᾷ
1673 481 1811 516 Διομήδης
1830 482 1883 517 τὴν

1093 522 1180 556 αὐγὴν
1193 522 1240 548 τοῦ
1264 523 1366 557 ξίφους.
1387 523 1531 555 Ὀδυσσεὺς
1544 524 1566 550 δ’
1591 525 1712 559 ἀναιρεῖν
1746 526 1797 560 μὲν
1824 527 1882 553 ἀπ-

1093 568 1188 602 έσχετο
1211 568 1447 603 ἀντισπασαμὲνου
1460 569 1587 596 κάκείνου
1612 570 1699 605 ξίφος,
1728 571 1833 598 δειλίαν
1858 573 1881 598 δ’

1093 613 1224 645 ὀνειδίσας
1250 614 1346 640 πλατεῖ
1370 614 1409 649 τῷ
1431 615 1504 649 ξίφει
1530 616 1579 642 οὐκ
1599 616 1725 643 ἐθέλοντα
1751 618 1881 651 προϊέναι

1091 660 1201 686 τύπτων
1223 660 1257 687 τὰ
1277 660 1348 686 νῶτα
1372 661 1497 695 ἦλαυνεν.
1510 661 1554 694 Ἐξ
1575 659 1605 688 οὗ
1626 664 1642 697 ὴ
1670 663 1806 697 παροιμία
1833 673 1843 689 ι
1863 665 1885 698 ἡ

1092 705 1246 740 Διομήδειος
1259 706 1281 721 ’³
1297 706 1413 740 ἀνάγκη,
1436 715 1446 732 ι
1466 707 1511 733 ἐπὶ
1536 708 1635 738 παντὸς
1654 707 1782 734 ἀκουσίου
1798 708 1880 742 λεγο-

1094 751 1172 785 μένη.

1134 797 1166 823 Ἦ
1191 797 1227 823 λε’
1246 798 1292 825 δύο
1320 799 1452 833 ποιμένας
1478 799 1530 825 ὑπὸ
1554 799 1658 826 Λυσσὺν
1683 799 1713 825 τὺ
1732 799 1797 834 ὅρος
1827 800 1879 834 τῆς

1099 843 1223 876 Ἐφεσίας
1244 845 1295 879 γῆς
1313 845 1416 879 εἰσάγει
1428 845 1569 879 νέμοντας,
1601 845 1626 871 οἳ
1642 845 1778 879 μελισσῶν
1792 846 1879 879 ἐσμὸν

257 886 317 906 men
337 879 363 905 in
380 879 511 913 profundo
532 881 647 914 quodam
669 887 750 917 atque
775 883 806 909 ad
823 883 1036 911 descendendum

1094 888 1122 915 ἐν
1132 897 1184 915 τινι
1202 889 1278 924 βαθεῖ
1288 890 1334 916 καὶ
1349 890 1505 924 δυσκαθόδῳ
1520 890 1685 924 θεασάμενοι
1700 891 1840 926 σπηλαίῳ,
1866 893 1879 918 ὁ

256 923 404 959 perdimcili
423 929 502 952 antro
516 933 576 953 eum
594 927 722 954 vidissent
733 948 740 959 .
756 928 824 955 alter
848 930 995 964 sportulam
1011 932 1042 957 ad

257 967 473 994 descendendum
491 968 627 1003 ingressus
644 974 703 1001 est,
720 970 787 998 alter
800 979 858 998 eam
875 979 890 999 e
903 972 965 999 fune
981 981 1042 1000 sus-

256 1022 365 1048 pensam
389 1013 556 1042 demittebat.
574 1014 640 1042 Cum
660 1021 748 1043 autem
777 1017 822 1051 qui
848 1018 1040 1050 descenderat,

257 1060 345 1087 mellis
360 1065 440 1094 atque
450 1061 507 1087 auri
522 1061 656 1095 ingentem
669 1062 774 1096 copiam
792 1063 945 1097 reperisset,
956 1065 1040 1099 impo-

256 1107 337 1133 situm
356 1106 483 1141 sportula:
501 1113 569 1134 onus
585 1107 664 1134 tertio
680 1107 819 1135 attrahere
832 1116 938 1136 sursum
950 1109 1038 1143 jussit.
1068 1113 1070 1115 '

253 1151 328 1178 Auro
341 1152 402 1178 dein
415 1152 686 1186 deiiciente,seipsum
695 1153 820 1187 deinceps
830 1160 946 1188 sportam
955 1156 1040 1190 ingre-

256 1198 281 1225 di
294 1197 464 1226 acclamavit.
479 1199 514 1225 At
529 1203 670 1232 postquam
687 1199 845 1226 insidiarum
857 1201 906 1235 ipsi
922 1202 1039 1236 suspicio

253 1251 314 1271 cum
333 1243 414 1270 verbo
439 1243 483 1270 illo
509 1244 535 1270 in
551 1248 668 1271 mentem
691 1244 780 1277 vertit,
804 1245 919 1279 lapidem
945 1254 994 1281 pro
1010 1255 1039 1275 se

255 1293 354 1323 sporta:
369 1289 514 1322 imposuit,
526 1289 662 1323 iussitque
679 1291 824 1318 attrahere.
839 1291 914 1319 Alter
928 1291 1034 1326 itaque,

256 1335 347 1368 utjam
364 1342 438 1368 pa-ne
453 1335 485 1361 ad
504 1342 577 1361 oram
594 1343 677 1369 usque
686 1335 818 1370 spelunca:
831 1344 901 1364 onus
916 1339 1035 1371 attraxit,

254 1383 328 1405 ratus
343 1386 372 1406 se
382 1379 484 1406 socium
500 1379 633 1411 occidere,
647 1379 786 1407 confestim
803 1388 848 1414 per
860 1382 1036 1415 prtecipitium

254 1422 385 1458 quoddam
402 1428 518 1457 sportam
532 1424 717 1459 praecipitavit,
730 1432 849 1459 auroque
862 1426 936 1453 humi
947 1426 1036 1454 defos-

253 1475 283 1494 so
293 1487 301 1500 ,
317 1468 476 1495 verisimiles
492 1468 524 1495 dc
535 1474 643 1502 pastore
654 1470 699 1504 qui
711 1470 912 1498 desiderabatur
922 1492 929 1504 ,
941 1479 1036 1499 causas

252 1512 479 1547 interrogantibus
494 1519 662 1541 commentus
675 1520 726 1541 est.
747 1515 816 1542 llinc
830 1523 891 1543 cum
907 1516 976 1544 alter
990 1517 1034 1544 ille

251 1557 279 1584 in
296 1558 422 1592 spelunca
438 1558 532 1594 1371)
542 1565 634 1594 pastor
648 1561 747 1587 nullam
765 1561 860 1589 salutis
876 1563 945 1589 viam
963 1571 1036 1597 repe-
1049 1547 1071 1577 θ

251 1603 335 1636 riret,
349 1604 442 1638 Apollo
467 1605 493 1631 in
509 1605 609 1632 somnis
622 1606 700 1639 jussit
713 1626 721 1638 ,
742 1611 772 1633 ut
787 1611 866 1634 acuto
881 1607 969 1642 lapide
984 1607 1036 1636 sibi

250 1656 364 1683 corpore
372 1649 500 1684 lacerato,
509 1651 733 1685 quietusjaceret.
745 1653 837 1681 Paruit
850 1653 894 1681 ille
905 1656 1034 1689 monenti,

250 1697 276 1720 et
295 1694 412 1722 vultures
426 1699 553 1730 tanquam
565 1697 597 1723 ad
611 1697 727 1724 cadaver
739 1698 893 1726 advolantes
902 1718 909 1731 ,
922 1707 1036 1734 ungues-

251 1746 304 1773 que
320 1739 363 1766 alii
381 1747 478 1773 comae,
496 1741 539 1767 alii
558 1743 677 1770 vestibus
701 1744 860 1778 iungentes.
878 1744 904 1771 in
922 1745 1036 1772 sublime

251 1785 387 1812 hominem
402 1786 577 1819 sustulerunt,
591 1795 790 1823 avexeruntque
805 1790 917 1817 illaesum
935 1791 961 1817 in
973 1791 1037 1818 sub-

248 1829 346 1864 jectam
379 1831 484 1858 vallem.
517 1831 580 1859 lude
606 1833 741 1867 profectus
755 1834 780 1860 in
798 1835 898 1862 curiam
913 1855 920 1868 ,
939 1840 1035 1863 cuneta

252 1875 418 1909 magistratui
438 1878 570 1911 exposuit.
601 1878 688 1910 Quare
716 1879 822 1913 Ephesii
848 1881 1034 1912 insidiatorem

251 1921 324 1948 illum
346 1923 516 1956 convictum,
537 1932 685 1959 aurumque
702 1926 838 1954 defossum
859 1928 901 1955 vel
921 1929 1034 1957 invitum

250 1966 391 1994 ostendere
406 1972 529 1995 coactum
544 1968 603 2004 [pro
615 1971 732 2007 meritis]
748 1973 894 2000 multarunt
910 1983 917 2001 :
936 1974 1034 2009 injuria

250 2019 314 2038 vero
339 2012 433 2041 allecto
453 2016 511 2042 auri
537 2017 676 2044 dimidium
709 2019 903 2052 altribuentes,
920 2021 1033 2049 alterum

250 2059 387 2086 dimidium
396 2061 511 2096 Apollini
519 2069 550 2089 ac
559 2062 650 2089 Biante
660 2063 824 2091 obtulerunt.
837 2065 963 2094 Servatus
971 2075 1035 2102 ergo

252 2110 342 2139 pastor
361 2106 421 2139 ille,
440 2115 559 2142 auroque
582 2109 710 2142 donatus,
725 2111 758 2137 ad
780 2118 899 2138 summas
914 2113 1035 2147 pervenit

249 2150 356 2178 divitias
366 2171 375 2185 ,
389 2156 418 2179 et
431 2160 506 2179 aram
519 2155 545 2180 in
561 2161 665 2181 sumtno
686 2155 785 2183 montis
801 2156 899 2184 vertice
907 2158 1033 2192 Apollini,

1095 934 1144 969 μὲν
1155 935 1176 951 ³⁰
1194 936 1233 967 εἰς
1249 935 1367 970 φορμίδα
1384 935 1504 962 κατιέναι
1518 936 1608 970 ἐνέϐη,
1625 937 1638 962 ὁ
1654 936 1682 962 δὲ
1697 936 1789 962 καθίει
1800 937 1879 972 κάλῳ

1092 981 1289 1016 ἀρτησάμενος,
1322 982 1351 1008 '0
1378 982 1561 1008 κατελθὼνδὲ
1592 983 1679 1008 καὶτὸ
1691 983 1710 997 ³¹
1741 983 1803 1017 μέλι
1827 983 1879 1009 καὶ

1092 1025 1191 1061 χρυσὸν
1204 1026 1287 1052 πολὺν
1312 1025 1400 1061 εὑρὼν
1421 1027 1467 1052 καὶ
1480 1028 1512 1062 τῇ
1529 1027 1639 1061 φορμίδι
1662 1027 1714 1059 ἓως
1739 1028 1801 1062 τρὶς
1826 1030 1879 1063 ἒμ-

1094 1071 1182 1098 6αλὼν
1194 1072 1216 1087 “
1231 1073 1330 1107 ἀνιμᾷν
1344 1072 1495 1104 ἐκέλευσεν,
1517 1072 1705 1107 ἐπιλείψαντος
1731 1074 1759 1100 δὲ
1775 1074 1798 1089 ³³
1827 1075 1877 1100 τοῦ

1090 1117 1189 1152 χρυσοῦ
1211 1118 1305 1144 ἑαυτὸν
1329 1117 1469 1153 ἐμϐαίνειν
1492 1119 1584 1145 λοιπὸν
1609 1119 1794 1154 προσϐοήσας,
1812 1121 1879 1146 ἐπεὶ

1089 1162 1235 1197 ἐπιϐουλῆς
1261 1162 1350 1188 ἔννοια
1374 1163 1448 1197 αὐτῷ
1472 1162 1530 1198 ἅμα
1543 1163 1582 1198 τῷ
1598 1164 1701 1198 ῥήματι
1715 1165 1875 1200 συνεισῂει,

1088 1207 1161 1234 λίθον
1170 1208 1228 1234 ἀνθ’
1244 1208 1325 1234 αὑτοῦ
1342 1209 1375 1243 τῇ
1391 1209 1501 1243 φορμίδι
1514 1208 1603 1244 βαλὼν
1621 1210 1762 1236 ἐκέλευσεν
1773 1210 1796 1226 ³⁸
1814 1212 1879 1237 ἀνι-

1090 1253 1153 1288 μᾷν,
1173 1253 1216 1284 Ὦς
1229 1253 1250 1278 δ’
1262 1254 1344 1287 ὲγγὺς
1357 1255 1404 1289 τῆς
1420 1254 1554 1290 στεφάνης
1568 1255 1582 1281 ὁ
1603 1255 1707 1289 ἀνιμῶν
1735 1256 1879 1292 ἀπῃωρῆ-

1088 1309 1164 1331 σατο,
1177 1299 1276 1325 αὐτίκα
1285 1299 1321 1330 ὡς
1346 1300 1499 1334 διαφθερῶν
1508 1301 1530 1316 ³⁵
1555 1301 1600 1327 τὸν
1616 1301 1710 1336 ἓτερον
1725 1302 1746 1317 ³⁸
1771 1302 1877 1337 ἀφίησι

1087 1345 1157 1371 κατά
1171 1353 1244 1376 τινος
1254 1345 1405 1379 φάραγγος,
1426 1347 1471 1372 καὶ
1484 1346 1515 1372 τὸ
1526 1347 1643 1380 χρυσίον
1654 1347 1809 1380 κατορύξας
1824 1357 1876 1374 πι-

1087 1389 1169 1421 θανὰς
1181 1390 1251 1425 ὑπὲρ
1275 1390 1321 1417 τοῦ
1337 1391 1456 1425 ἀφανοῦς
1485 1393 1612 1426 ποιμένος
1639 1393 1786 1419 ἐπλάττετο
1814 1396 1877 1426 τοῖς

1086 1435 1300 1471 πυνθανομένοις
1326 1437 1375 1468 τὰς
1396 1438 1556 1471 προφάσεις.
1596 1438 1631 1469 Ως
1659 1437 1682 1464 δ’
1713 1436 1748 1473 ἦν
1777 1439 1875 1474 ἄπορα

1087 1482 1254 1516 πανταχόθεν
1269 1482 1309 1517 τῷ
1320 1483 1348 1508 ὲν
1361 1482 1400 1516 τῷ
1412 1483 1538 1518 σπηλαίῳ
1561 1483 1672 1518 ποιμένι
1688 1483 1722 1510 τὰ
1739 1484 1789 1520 τῆς
1819 1494 1875 1511 σω-

1087 1526 1198 1561 τηρίας,
1232 1527 1370 1554 Ἀπόλλων
1382 1527 1448 1562 ὄναρ
1465 1528 1570 1554 κελεύει
1584 1528 1640 1561 ὀξεῖ
1661 1528 1727 1563 λίθῳ
1742 1529 1772 1555 τὺ
1789 1530 1875 1565 σῶμα

1087 1572 1232 1607 ἀμύξαντα
1265 1573 1373 1599 κεῖσθαι
1397 1573 1500 1607 ἡρέμα,
1528 1573 1581 1599 Τοῦ
1615 1573 1643 1599 δὲ
1660 1573 1814 1608 πράξαντος
1843 1576 1876 1602 τὸ

1087 1618 1254 1653 προσταχθὲν
1266 1618 1352 1652 γῦπες
1371 1618 1409 1650 ὡς
1421 1618 1469 1644 ἐπὶ
1488 1619 1584 1654 νεκρὸν
1608 1619 1800 1654 ὲφιπτάμενοι,
1824 1622 1875 1647 καὶ

1086 1666 1147 1696 τοὺς
1173 1664 1271 1699 ὄνυχας
1297 1664 1385 1699 οἱμὲν
1414 1665 1454 1695 εἰς
1477 1664 1526 1699 τὴν
1542 1664 1649 1699 χαίτην,
1670 1666 1695 1691 οἱ
1721 1665 1744 1691 δ’
1768 1667 1808 1696 εις
1821 1667 1874 1701 τὴν

1085 1710 1187 1745 ἐσθῆτα
1216 1710 1377 1744 πηξάμενοι,
1397 1710 1540 1744 ἐκούφιζον
1564 1712 1612 1736 καὶ
1623 1711 1872 1746 κατέφεροναὺτὸν

1086 1755 1180 1782 κακῶν
1195 1755 1286 1790 ἀπαθῆ
1311 1757 1357 1782 ἐπὶ
1374 1756 1420 1782 τὸν
1435 1756 1615 1789 ὑποκείμενον
1626 1757 1745 1783 αὐλῶνα.
1769 1757 1873 1784 Ἐλθὼν

1086 1799 1107 1825 δ’
1126 1800 1172 1826 ἐπὶ
1194 1800 1224 1826 τὸ
1238 1800 1346 1834 ἀρχεῖον
1358 1801 1468 1826 ᾶπαντα
1480 1801 1591 1836 φράζει.
1618 1801 1673 1827 Καὶ
1686 1801 1731 1827 τὸν
1746 1801 1796 1836 μὲν
1809 1803 1873 1828 ἐπι-

1087 1845 1268 1872 6ουλεύσαντα
1279 1847 1303 1872 οἱ
1322 1845 1452 1879 Ἐφέσιοι,
1470 1846 1632 1881 ἐλεγχθέντα
1646 1847 1693 1873 καὶ
1707 1847 1753 1873 τὸν
1769 1847 1874 1882 χρυσὸν

1087 1890 1329 1926 κατορωρυγμένον
1339 1891 1385 1917 καὶ
1401 1891 1501 1918 ἄκοντα
1511 1892 1693 1924 ἐπιδείξαντα,
1710 1892 1873 1928 τιμωροῦν-

1085 1944 1140 1967 ται,
1154 1935 1193 1970 τῷ
1209 1935 1231 1961 δ’
1243 1935 1400 1971 ἠδικημένῳ
1411 1937 1460 1971 τὴν
1474 1937 1603 1971 ἡμίσειαν
1617 1936 1664 1963 τοῦ
1681 1937 1785 1972 χρυσοῦ
1812 1938 1871 1963 νεί-

1087 1982 1200 2016 μαντες,
1217 1982 1266 2016 τὴν
1279 1982 1375 2016 ἑτέραν
1388 1983 1517 2017 ἡμίσειαν
1534 1983 1608 2016 ἱερὰν
1622 1983 1765 2018 ἀπέφηναν
1773 1984 1870 2019 Ἀρτέ-

1086 2028 1141 2061 μιδι
1156 2027 1203 2054 καὶ
1227 2027 1382 2054 Ἀπόλλωνι.
1401 2028 1429 2054 '0
1439 2028 1466 2055 δὲ
1481 2028 1625 2060 διασωθεὶς
1636 2029 1684 2056 καὶ
1709 2028 1748 2063 τῷ
1763 2030 1871 2065 χρυσίῳ

1084 2071 1207 2107 τιμηθεὶς
1221 2072 1322 2107 ποιμὴν
1333 2072 1386 2099 τῶν
1402 2081 1433 2099 τε
1448 2074 1519 2100 πάνυ
1541 2074 1675 2100 πλουσίων
1690 2074 1802 2108 ἐγένετο
1817 2078 1868 2103 καὶ

1086 2117 1175 2152 βωμὸν
1187 2118 1230 2144 ἐπ’
1241 2118 1328 2153 ἄκρας
1343 2119 1393 2153 τῆς
1422 2119 1543 2154 κορυφῆς
1555 2119 1602 2146 τοῦ
1624 2120 1704 2154 ὅρους
1727 2120 1869 2148 Ἀπόλλω-

1085 2172 1128 2195 νος
1139 2164 1264 2196 cicaro",
1277 2164 1465 2196 Γυπαιέωςείς
1480 2167 1612 2200 μνημεῖον
1625 2166 1678 2193 τῶν
1690 2167 1869 2202 συνενεχθέν-

253 2196 364 2224 Vulturii
377 2199 495 2232 nomine,
517 2199 542 2226 in
560 2201 597 2227 rei
609 2206 690 2235 gesta:
715 2202 871 2230 memoriam
888 2205 1032 2238 sempiter-

1089 2218 1138 2236 των
1152 2209 1296 2245 ὀνομάσας.

251 2249 322 2274 nam,
335 2242 476 2272 dedicavit.

285 2287 430 2316 Tricesima
442 2295 528 2317 sexta.
541 2290 715 2319 Philonomus
729 2291 946 2322 Lacedaemonius
961 2295 1030 2330 (54),

251 2333 346 2367 Sparta
359 2334 535 2363 Doriensibus
550 2337 669 2371 prodita,
688 2338 813 2373 Amyclas
826 2341 955 2368 mercedis
971 2341 1030 2369 loco

250 2379 371 2414 accepit,
389 2380 415 2406 in
429 2387 541 2415 eamque
561 2389 595 2409 ex
611 2382 698 2410 lmbro
713 2388 794 2418 atque
811 2383 912 2413 Lemno
928 2386 1030 2415 incolas

249 2423 344 2457 coegit.
363 2423 411 2456 Qui
430 2432 490 2451 cum
505 2426 581 2452 tertia
599 2427 659 2454 dein
671 2432 749 2455 :etate
766 2429 921 2458 seditionem
933 2432 1029 2459 adver-

250 2476 296 2495 sus
326 2468 468 2497 Dorienses
500 2472 679 2506 excitassent,
705 2475 824 2510 Amyclis
848 2477 917 2511 pulsi
953 2483 1026 2505 sunt.

249 2514 400 2548 Assumptis
429 2515 518 2550 itaque
541 2524 659 2546 sccume
684 2519 827 2554 Spartiatis
851 2523 1027 2556 quibusdam,

249 2558 413 2594 ducibusque
433 2561 474 2588 usi
494 2561 585 2590 Polide
599 2569 626 2591 et
641 2563 755 2599 Delpho,
772 2565 798 2592 in
819 2565 925 2594 Cretam
946 2569 1028 2594 adna-

1122 2297 1154 2322 'H
1167 2297 1210 2329 λς’
1219 2297 1256 2328 ὼς
1268 2297 1411 2332 Φιλόνομος
1422 2299 1436 2324 ὁ
1456 2298 1629 2333 Σπαρτιάτης
1643 2299 1665 2315 ³³
1677 2299 1794 2333 προδοὺς
1809 2300 1868 2326 Λα,

1082 2342 1227 2377 κεδαίμονα
1240 2343 1371 2379 Δωριεῦσι
1390 2344 1476 2378 δῶρον
1495 2344 1552 2379 ἔχει
1572 2344 1721 2379 Ἀμύκλας,
1735 2346 1784 2371 καὶ
1800 2354 1867 2372 συν-

1080 2387 1182 2419 οικίζειν
1202 2388 1302 2423 ταύτην
1314 2388 1344 2420 ἐξ
1360 2389 1474 2424 Ἴμϐρου
1503 2390 1549 2416 καὶ
1563 2390 1683 2425 Λήμνου.
1715 2389 1802 2425 Τρίτῃ
1834 2391 1866 2417 δὲ

1080 2433 1160 2468 γενεᾷ
1181 2435 1381 2466 στασιάσαντες
1409 2436 1478 2470 πρὸς
1503 2436 1623 2471 Δωριέας
1652 2435 1865 2470 μετανίστανται

1078 2476 1140 2512 [229
1153 2477 1197 2514 Η.]
1216 2479 1366 2514 ’Δμυκλῶν,
1391 2480 1653 2515 συμπαραλαϐόντες
1670 2480 1698 2506 δὲ
1713 2481 1759 2506 καί
1787 2489 1866 2513 τινας

1078 2516 1267 2558 Σπαρτιατῶν,
1280 2525 1439 2559 ἡγουμένων
1454 2526 1544 2557 αὐτοῖς
1559 2526 1668 2556 Πόλιδος
1683 2526 1730 2551 καὶ
1745 2526 1861 2559 Δελφοῦ.

1077 2570 1172 2597 ἔπλεον
1188 2571 1233 2598 ἐπὶ
1249 2571 1299 2606 τῆς
1310 2572 1431 2607 Κρήτης.
1449 2573 1493 2598 Ἐν
1505 2572 1544 2607 τῷ
1556 2571 1692 2608 παράπλῳ
1707 2571 1735 2598 δὲ
1748 2571 1826 2598 τοῦδε
1837 2573 1861 2588 ³⁹

876 2632 994 2661 νΑιιιλΕ
1015 2634 1217 2663 LECTlONES.

251 2706 272 2721 ιι
284 2671 444 2721 ’,ξιιὴΛΔξοίίῖί
512 2674 722 2721 ὃῗιὴριέεΝΜΟὛ

291 2705 319 2732 δέ
331 2705 359 2750 Α
375 2715 382 2733 :
400 2705 444 2734 καί
460 2717 490 2740 ς.
512 2745 518 2750 _
529 2709 551 2726 "
563 2705 743 2750 ἐκέλευεν
771 2713 792 2729 ³³
808 2705 968 2750 διαιροείρων

252 2741 409 2776 gemmam
424 2745 537 2771 corr.A.
575 2746 598 2761 ⁵⁸
610 2746 645 2773 cf.
658 2747 762 2775 Miiller.
780 2741 958 2784 (ιι·ε1ιόιυ.“ρ.
987 2741 1049 2778 316.

736 2679 1066 2731 ν·,ξ“ι,ἑὲἓ;ιηῖἶ.⁶.μὲν1

1075 2681 1149 2718 ὅμως
1165 2684 1179 2708 ὁ
1198 2682 1246 2717 μέν
1268 2683 1300 2710 Α.
1340 2684 1361 2699 ³¹
1380 2684 1426 2710 καὶ
1439 2684 1469 2710 τὸ
1484 2683 1546 2710 add.
1568 2685 1598 2710 A.
1637 2684 1659 2700 ³¹
1670 2683 1813 2718 ἐμϐάλλων
1825 2684 1858 2710 Α.

1069 2716 1198 2756 θιεταῖρον
1224 2724 1295 2756 corr.
1315 2719 1357 2756 pA.
1376 2719 1460 2754 τινος]
1484 2719 1533 2753 τῆς
1548 2716 1692 2746 Κίιιιιιίυε.’
1717 2718 1738 2733 ³⁷
1756 2718 1858 2753 εἴσατο]

1088 2752 1109 2766 ³⁹
1124 2751 1198 2778 τοῦδε
1227 2753 1288 2779 add.
1308 2754 1339 2780 Λ.

998 2807 1112 2836 NOTAE.

290 2846 357 2880 (35‘)
372 2846 448 2880 Quod
464 2848 549 2882 ipsum
564 2850 614 2876 alia
630 2851 710 2878 etiam
723 2852 824 2880 ratione
836 2853 911 2880 allen
924 2853 1029 2881 Snidas.

1132 2855 1186 2890 (δι)
1205 2855 1326 2884 Meminit
1349 2857 1446 2885 Strabo
1463 2858 1509 2885 lib.
1531 2865 1577 2885 vut
1590 2877 1597 2891 ,
1615 2857 1691 2884 initio
1709 2857 1854 2883 Laconica;
