1923 3091
16 153 73 184 573

556 159 823 194 BIBLIOTHECA.
836 179 870 184 —
884 165 966 196 COD.
982 166 1159 198 CLXXXVI.

1612 172 1664 205 574

15 207 65 233 τοῦ
90 206 191 234 στόλου
212 207 306 243 Μῆλον
327 210 497 247 Ἀπόδασμος
519 214 628 247 οίκίζει,
644 217 691 244 καὶ
716 218 748 244 τὸ
762 218 807 244 τῶι

869 221 1004 256 vigarunt.
1018 222 1070 250 Sed
1083 224 1144 251 dum
1161 224 1254 253 classis
1265 228 1482 262 praeternavigat,
1496 228 1663 262 Apodasnms

16 253 153 288 Μηλιέων
170 254 193 269 ¹⁸⁰
207 255 288 288 γένος
302 256 408 284 ἐνθένδε
419 259 571 287 οἰκειοῦται
590 262 764 298 Σπαρτιάτας
782 265 814 292 δ’.

16 299 50 326 Οἱ
69 299 100 325 δὲ
117 299 210 326 λοιποὶ
232 301 353 334 ἅπαντες
377 303 516 340 Γόρτυναν
541 307 656 341 μηδενὸς
678 308 817 344 εἴργοντος

14 345 163 377 λαϐόντες,
191 347 297 383 ταύτην
332 349 389 384 ἅμα
415 350 469 377 τῶν
494 354 642 387 περιοίκων
653 355 676 370 ⁵³
699 356 818 391 Κρητῶν

16 392 238 424 συνοικίζουσιν.

56 438 93 464 Ἡ
106 438 148 471 λζ’
164 439 202 471 ὡς
217 440 271 467 ἀπὸ
282 441 371 467 Θάσου
383 442 430 468 τοῦ
447 444 559 479 Κάδμου
572 446 687 481 ἀδελφοῦ
702 448 790 482 Θάσος
799 451 816 486 ἡ

15 485 100 519 νῆσος
115 485 279 521 ὠνομάσθη·
296 488 355 514 ἐκεῖ
368 488 422 523 γὰρ
434 490 515 517 αὑτὸν
525 493 539 518 6
554 493 678 528 ἀδελφὸς,
693 495 755 528 δοὺς
769 485 816 523 tofi

16 530 140 565 στρατοῦ
156 533 266 566 μοῖραν,
280 533 433 562 ἀπολείπει.
451 537 506 563 Καὶ
532 537 570 569 ὠς
581 539 692 575 Κάδμος
706 542 758 569 ὑπὸ
768 542 815 570 τοῦ

15 576 155 603 Φοινίκων
172 577 318 612 βασιλέως,
337 581 408 615 μέγα
420 582 466 608 καὶ
478 583 560 615 αὐτὸς
577 584 726 619 δυνάμενος
740 589 816 623 παρὰ

15 623 152 656 Φοίνιξιν,
167 625 215 652 ἐπὶ
228 626 277 661 τὴν
289 627 426 663 Εὐρώπην
444 629 568 666 σταλείη.
598 631 629 658 Οί
651 632 680 659 δὲ
693 634 816 667 Φοίνικες

15 669 74 716 τᾷτε
85 669 159 705 [445
172 670 218 706 R.]
235 672 308 706 μέγα
321 681 351 699 τε
368 673 416 708 (ὡς
433 673 522 709 λόγος)
537 675 639 711 ἴσχυον,
655 679 701 705 καὶ
715 681 816 716 πολλὴν

15 715 63 749 τῆς
86 716 189 748 Ἀσίας
204 719 458 755 καταστρεψάμενοι
471 722 500 748 τὸ
513 722 648 757 βασίλειον
669 727 698 752 ὲν
711 715 815 762 Θήϐαις

16 763 76 793 ταῖς
90 763 267 796 Αἰγυπτίαις
289 763 372 800 εἶχον.
392 767 528 802 Σταλῆναι
542 769 570 795 δὲ
584 770 695 806 Κάδμον
713 773 762 808 οὐχ
777 773 815 804 ὡς

17 808 154 843 Ἔλληνές
176 818 262 844 φασι,
286 813 356 839 κατὰ
377 812 491 848 ζήτησιν
510 814 662 850 Εὐρώπης,
682 817 715 852 ἣν
731 820 814 846 παῖδα

15 855 145 886 Φοίνικος
171 853 255 883 οὖσαν
277 857 386 893 ἥρπασε
411 860 479 891 Ζεὺς
502 861 532 887 ἐν
557 862 676 898 σχήματι
699 864 812 900 ταύρου,

871 266 967 295 Melum
986 269 1053 304 (55),
1070 270 1269 299 habitatoribus
1289 273 1398 299 inslrnit
1410 295 1418 307 ,
1436 274 1550 309 indeque
1575 275 1663 302 Pelic-

869 322 946 342 orum
964 323 1049 349 genus
1061 315 1210 350 Spartanos
1222 318 1274 345 sibi
1293 319 1537 347 conciliat.Ca:teri
1553 328 1661 353 omnes,

869 360 1026 396 Gortynam,
1053 368 1220 398 repugnante
1250 365 1374 397 nemine,
1403 372 1577 401 oocupantes,
1608 375 1660 394 una

869 413 928 433 cum
948 406 1117 435 Cretensium
1135 409 1234 436 accolis
1245 417 1304 436 eam
1319 410 1498 438 incoluerunt.

904 451 1050 480 Tricesima
1070 455 1194 488 septima.
1210 454 1332 482 AThaso
1359 456 1421 490 (56)
1448 457 1542 484 Cadmi
1574 458 1659 485 fratre

868 497 988 525 Thasum
1010 499 1124 526 insulam
1149 500 1308 534 appellatam
1328 501 1419 529 refert.
1436 503 1473 529 lbi
1494 504 1563 530 enim
1584 503 1658 530 illum

867 543 952 571 frater
964 564 972 575 ,
994 545 1056 572 data
1066 546 1204 573 exercitus
1218 552 1294 581 parte
1304 568 1311 580 ,
1327 547 1445 582 reliquit.
1460 548 1576 576 Cadmus
1601 550 1656 585 (37)

868 591 913 618 hic
932 600 946 618 a
960 591 1117 619 Phoenicum
1129 601 1191 628 rege
1202 613 1211 625 .
1226 602 1330 630 magna:
1341 596 1459 630 alioquin
1475 601 1502 623 et
1516 597 1574 631 ipse
1586 599 1656 632 apud

867 634 1010 664 Phoenicas
1040 639 1217 671 auctoritatis,
1254 640 1280 666 in
1310 640 1444 675 Europam
1471 642 1570 670 mssus
1597 649 1648 670 est.

867 683 970 718 Quippe
1008 683 1152 712 Phtnnices
1192 693 1225 713 eo
1267 691 1388 721 tempore
1429 689 1532 716 viribus
1570 690 1655 724 pluri-

867 737 940 756 mum
968 738 1000 757 ac
1024 734 1160 766 potentia,
1184 737 1213 759 ut
1244 732 1345 766 ferunt,
1362 733 1513 767 valebant,
1545 743 1656 770 inagna-

865 782 919 810 que
951 775 1021 803 Asia:
1045 782 1123 811 parte
1150 778 1176 804 in
1212 782 1372 812 potestatem
1399 780 1506 806 redacta
1524 800 1532 812 ,
1555 781 1654 814 regiam

865 822 956 848 sedem
974 821 1075 850 Thebis
1094 823 1228 858 Egyptiis
1248 825 1457 852 constituerunt.
1481 825 1579 853 Missus
1591 834 1655 861 ergo

865 866 1001 900 Cadmus,
1012 875 1065 895 non
1082 868 1122 902 (ut
1139 868 1225 896 Graeci
1246 869 1418 905 fabulantur)
1433 871 1568 905 Europam
1580 879 1654 906 qum—

16 902 71 928 ἀλλ’
92 902 191 938 ἀρχὴν
219 903 269 938 μὲν
295 905 364 931 ἰδίαν
389 906 418 931 ἐν
433 906 554 942 Εὐρώπῃ
581 909 777 944 μηχανώμενον
790 911 807 928 ⁸³

865 913 1064 948 siturus,quam
1073 913 1209 942 Phoenicis
1220 914 1312 947 ﬁliani,
1325 916 1394 942 tauri
1405 916 1532 943 mentitus
1540 917 1654 943 formam

15 948 190 975 πλάττεσθαι
205 949 324 984 ἀδελφῆς
338 951 518 986 ἡρπασμένης
537 953 672 981 ποιεῖσθαι
687 955 812 991 ζήτησιν,

16 994 42 1026 ἑξ
53 992 83 1021 οὗ
98 995 154 1021 καὶ
167 995 182 1021 6
201 996 250 1030 τῆς
270 995 407 1031 Εὐρώπης
424 996 509 1031 μῦθος
529 995 596 1034 ἧκεν
611 1000 651 1031 είς
667 1001 811 1037 Ἕλληνας.

17 1039 184 1073 Περιπλέων
198 1040 226 1067 δὲ
242 1040 291 1076 τὴν
308 1040 444 1077 Εὐρώπην
459 1042 506 1068 τὸν
521 1043 571 1077 μὲν
582 1044 698 1079 ἀδελφὸν
714 1047 815 1081 Θάσον,

15 1084 48 1115 ὡς
62 1085 203 1120 εἴρηται,
227 1088 260 1121 τῇ
286 1087 359 1121 νήσῳ
372 1087 472 1120 λείπει,
489 1088 570 1120 αὐτὸς
588 1089 610 1116 δ’
627 1091 666 1122 είς
682 1092 812 1120 Βοιωτίαν

16 1130 140 1162 πλεύσας
164 1131 254 1158 ἄνεισι
269 1133 369 1168 πρὺς⁶⁸
382 1134 430 1166 τὰς
445 1134 494 1161 νῦν
520 1134 690 1170 καλουμένας
707 1138 811 1174 Θήϐας,

16 1178 59 1202 καὶ
76 1177 129 1203 σὺν
163 1178 198 1212 τῇ
227 1178 342 1214 δυνάμει
356 1182 545 1218 περιτειχίσας
561 1183 592 1210 τὸ
605 1183 704 1219 χωρίον
721 1184 813 1219 Θήϐας

17 1221 65 1248 ἀπὸ
81 1223 136 1256 τῆς
153 1222 262 1253 οἰκείας
276 1225 439 1260 ἐπωνόμασε
455 1229 596 1263 πατρίδος.
609 1229 669 1255 Τῶν
686 1230 713 1256 δὲ
728 1231 812 1257 Βοιω-

17 1267 65 1294 τῶν
86 1269 131 1300 εἰς
154 1270 248 1305 μάχην
263 1271 356 1304 αὐτοῖς
373 1273 588 1308 συμπλακέντων
605 1276 738 1310 ἡττῶνται
750 1277 811 1303 Φοί-

17 1321 98 1345 νικες,
121 1312 189 1341 ε’ίτα
202 1317 349 1350 κρατοῦσιν
364 1319 487 1354 ἐνέδραις
499 1321 547 1347 κει)⁵
558 1322 751 1357 προλοχισμοτς
764 1324 813 1351 καὶ

16 1360 44 1393 τῇ
59 1360 148 1394 ἀήθει
164 1360 221 1386 τῶν
233 1361 324 1389 ὃπλων
339 1363 400 1398 ὄψει
414 1373 422 1380 ν
436 1366 537 1400 κράνος
563 1368 617 1402 γὰρ
626 1367 649 1384 ⁸⁵
666 1370 713 1395 καὶ
728 1370 811 1402 ἀσπὶς

15 1404 88 1432 οὖπω
101 1407 166 1438 τοῖς
175 1407 304 1443 Ἕλλησιν
315 1408 446 1443 ἔγνωστο.
462 1411 516 1438 Καὶ
533 1415 629 1448 κρατεί
640 1414 749 1449 Κάδμος
762 1415 811 1450 τῆς

15 1449 142 1478 Βοιωτῶν
167 1453 220 1487 γῆς
232 1472 240 1485 ,
259 1453 305 1480 καὶ
323 1455 462 1489 φυγόντων
485 1457 539 1484 τῶν
560 1458 747 1487 διασωθέντων
763 1449 810 1488 ἐπὶ

14 1496 56 1528 τὰς
72 1497 186 1529 οἰκείας
212 1499 305 1531 πόλεις
319 1501 416 1534 οἰκίζει
432 1503 560 1536 Φοίνικας
574 1505 603 1531 ὲν
616 1505 718 1541 Θήϐαις
728 1527 735 1539 ,
763 1507 810 1534 καὶ

83 1543 200 1577 ’Δρεως
218 1543 241 1559 ⁸⁸
267 1545 314 1571 καὶ
344 1546 507 1583 Ἀφροδίτης
536 1548 683 1583 Ἁρμονίαν
713 1551 806 1585 γαμεῖ.

14 1588 147 1621 Βοιωτοῖς
171 1589 201 1616 δὲ
215 1590 286 1626 πρὸς
300 1592 349 1627 τὴν
367 1593 498 1628 ἔκπληξιν
511 1594 566 1621 τῶν
581 1595 673 1622 ὅπλων
691 1596 738 1622 καὶ
753 1597 807 1622 τῶν

13 1636 212 1672 προλογισμῶν
229 1638 276 1664 καὶ
291 1639 339 1670 τῆς
364 1640 475 1675 ἐνέδρας
491 1641 555 1674 δόξα
574 1642 700 1677 παρέστη
716 1644 809 1676 αὐτοῖς

12 1681 102 1714 ὅπλοις
119 1682 228 1709 ἀνεῖναι
240 1685 290 1718 τῆς
305 1685 356 1719 γῆς
365 1685 386 1700 ⁸⁷
402 1686 465 1717 τοὺς
477 1685 588 1722 ἄνδρας,
602 1688 650 1714 καὶ
665 1688 808 1724 Σπαρτοὺς

11 1728 44 1760 ὡς
68 1730 111 1755 ὲκ,
130 1729 181 1755 τοῦ
205 1730 308 1764 χωρίου
331 1731 432 1765 φύντας
450 1733 550 1765 αὐτοὺς
572 1733 716 1762 ἐκάλεσαν.
742 1735 809 1770 Περὶ

14 1775 58 1808 μὲν
68 1775 92 1790 ιε
108 1774 226 1809 Κάδμου
239 1777 286 1802 καὶ
304 1777 401 1812 Θηϐῶν
414 1779 539 1811 οἰκίσεως
546 1780 569 1796 δ’
583 1777 662 1812 οὗτος
675 1782 690 1808 6
706 1781 809 1817 ἀληθὴς

12 1820 100 1855 λόγος,
116 1822 150 1848 τὸ
164 1822 186 1849 δ’
200 1823 265 1849 ἄλλο
281 1823 365 1858 μῦθος
378 1826 425 1852 καὶ
437 1828 550 1862 γοητεία
561 1828 656 1862 ἀκοῆς.

862 959 968 995 Jupiter
988 961 1132 996 rapuisset,
1156 962 1202 988 sed
1222 962 1358 996 proprium
1373 961 1423 988 sibi
1438 961 1464 989 in
1480 961 1586 997 Europa
1601 963 1653 989 im-

863 1007 968 1041 perium
989 1007 1154 1034 constituere
1172 1007 1294 1039 molitus,
1312 1012 1395 1041 raptae
1418 1008 1520 1034 sororis
1544 1008 1654 1035 investi-

863 1053 998 1087 gationem
1024 1052 1176 1086 przetexuit.
1192 1053 1280 1086 Atque
1307 1053 1370 1079 hinc
1383 1052 1426 1080 illa
1446 1053 1478 1080 de
1493 1053 1600 1088 Europa
1615 1055 1654 1081 la-

863 1098 925 1125 bula
940 1098 973 1125 ad
988 1097 1098 1125 Grazcos
1120 1098 1228 1132 prodiit.
1247 1098 1382 1132 Europam
1399 1098 1481 1133 igitur
1495 1099 1651 1126 circumna-

862 1144 957 1179 vigans
988 1144 1043 1176 ille,
1074 1144 1194 1172 Thasum
1219 1144 1342 1176 fratrem,
1371 1149 1399 1171 ut
1425 1145 1553 1177 diximus,
1575 1146 1601 1171 in
1621 1153 1651 1171 ea

862 1190 948 1218 insula
973 1190 1090 1225 reliquit,
1109 1191 1165 1225 ipse
1188 1191 1213 1218 in
1240 1191 1371 1218 Bteotiam
1410 1192 1533 1222 tendens,
1551 1191 1648 1226 1380

862 1235 969 1262 Thebas
997 1236 1067 1268 illas,
1093 1244 1153 1271 qua;
1179 1244 1251 1263 nunc
1282 1236 1464 1271 appellantur,
1497 1237 1650 1268 aediﬁcavit,

862 1288 993 1315 muroque
1016 1281 1146 1308 comitum
1165 1289 1246 1316 opera
1263 1282 1381 1309 cinctum
1405 1282 1493 1309 locum
1516 1290 1530 1309 a
1557 1282 1653 1316 patriis

862 1327 898 1354 ita
914 1327 1015 1355 Thebis
1029 1327 1183 1362 appellavit.
1200 1327 1307 1356 Bmotis
1322 1333 1410 1355 autem
1436 1336 1522 1363 pugna
1535 1335 1652 1356 concur-

864 1373 999 1406 rentibus,
1014 1373 1077 1400 victi
1090 1374 1205 1407 primum
1217 1373 1373 1406 Phtenices,
1389 1381 1437 1408 per
1457 1374 1567 1401 insidias
1578 1381 1650 1405 mox,

862 1424 893 1443 ac
908 1422 1113 1453 stratagemata,
1129 1423 1156 1445 et
1172 1418 1330 1446 inusitatum
1349 1425 1484 1446 armorum
1499 1424 1650 1454 aspectum,

861 1463 1016 1497 superiores
1037 1469 1200 1491 evaserunt:
1224 1472 1314 1499 neque
1327 1465 1398 1492 enim
1414 1465 1489 1499 galea
1502 1471 1530 1492 et
1544 1470 1651 1492 scutum

861 1507 970 1535 fuerunt
997 1517 1115 1544 unquam
1137 1509 1239 1537 Cra-cis
1262 1511 1294 1537 ad
1309 1518 1368 1538 eam
1382 1511 1462 1538 'diem
1479 1512 1596 1545 cognita.
1612 1511 1650 1539 lta

861 1553 988 1586 Cadmus,
1006 1554 1160 1582 Bmotorum
1175 1556 1277 1590 potitus
1294 1556 1412 1590 regione,
1429 1556 1591 1591 fugientibus
1604 1557 1651 1592 qui

863 1599 933 1626 cladi
960 1605 1119 1634 supererant
1149 1601 1175 1627 iu
1195 1608 1258 1628 suas
1281 1602 1396 1636 quisque
1425 1603 1523 1635 urbes,
1549 1602 1650 1630 Thebis

863 1645 1018 1678 thuicas,
1029 1646 1075 1681 qui
1088 1645 1248 1679 incolerent,
1260 1647 1385 1680 collocat,
1400 1648 1456 1683 ipse
1473 1648 1649 1675 Harmoniam

858 1691 952 1718 Martis
969 1699 1001 1719 ac
1016 1691 1129 1720 Veneris
1155 1692 1235 1719 filiam
1252 1700 1364 1720 uxorem
1392 1694 1476 1721 ducit.
1497 1693 1650 1721 Boeotorum

858 1738 965 1765 interim
985 1739 1101 1771 animis,
1117 1739 1151 1766 ob
1164 1746 1302 1766 armorum
1329 1739 1403 1766 illum
1428 1745 1509 1774 atque
1540 1739 1652 1766 insidia—

857 1792 916 1811 rum
926 1789 1036 1817 metum,
1045 1785 1102 1812 hinc
1117 1786 1207 1819 opinio
1216 1785 1324 1818 insedit,
1335 1794 1396 1813 cum
1405 1787 1488 1813 armis
1498 1786 1565 1820 ipsis
1573 1786 1644 1811 virm;

858 1829 918 1856 illos
929 1835 1027 1857 eterra
1044 1831 1190 1864 exstitisse,
1207 1836 1237 1857 ut
1251 1831 1312 1858 inde
1328 1831 1409 1858 etiam
1428 1832 1541 1867 Spartas
1573 1830 1630 1866 (58)
1642 1862 1650 1873 ν

14 1868 85 1895 velut
101 1876 135 1895 ex
155 1877 190 1896 eo
211 1869 270 1904 ipso
298 1871 357 1899 loco
383 1878 468 1906 satos,
496 1874 672 1901 nominarint.
693 1874 777 1908 igitur
804 1875 837 1903 de
855 1875 958 1903 Cadmo
999 1876 1208 1911 Thebarumque
1221 1876 1417 1905 inhabitatione
1438 1885 1499 1905 vera
1512 1878 1568 1905 haec
1589 1868 1652 1904 nar;

11 1916 78 1941 ratio
89 1920 131 1943 est
148 1925 156 1943 :
169 1916 254 1944 altera
267 1917 327 1949 illa,
342 1918 432 1946 fabula
450 1921 612 1954 auriumque
623 1921 773 1956 prmstigia.

49 1960 82 1986 Ἦ
94 1960 137 1995 λη’
152 1960 192 1992 ὡς
204 1961 338 1996 Μιλήσιός
355 1972 398 1994 τις
411 1965 498 2000 ἀνὴρ,
517 1965 568 2000 τῆς
584 1966 715 2001 πατρίδος
730 1966 805 2002 αὒτῷ

14 2006 62 2032 ὑπὸ
78 2006 225 2041 Ἀρπάγου
244 2007 291 2034 τοῦ
307 2009 400 2044 Κύρου
416 2011 445 2036 ὲν
466 2011 583 2046 κινδύνῳ
599 2011 683 2046 οὔσης
697 2032 704 2043 ,
723 2013 762 2043 εἰς
775 2013 806 2038 τὸ

13 2052 39 2078 ἐν
51 2053 165 2087 Σικελίᾳ
181 2053 370 2088 Ταυρομένιον
384 2056 496 2091 ἀπαίρει
507 2057 541 2089 ⁵ο,
565 2058 646 2084 κάκεῖ
667 2058 736 2094 φίλῳ
753 2058 806 2085 τινὶ

13 2098 166 2134 τραπεζίτῃ
193 2099 384 2134 παραθέμενος
404 2101 434 2127 τὸ
466 2103 577 2137 χρυσίον
601 2104 687 2131 οἴκαδ’
716 2105 804 2133 ἔπλει.

15 2141 77 2170 Εἶτα
100 2138 252 2170 δεδούλωτό
277 2145 326 2179 μὲν
346 2146 467 2182 Μίλητος
481 2148 576 2184 Κύρῳ,
591 2149 676 2176 δεινὸν
691 2150 714 2177 δ’
728 2151 806 2177 οὐδὲν

15 2188 76 2216 ἄλλο
86 2185 124 2215 ὧν
142 2190 290 2225 ὑφεωρᾶτο
298 2192 320 2207 ἰ
334 2192 480 2220 ἐπεπόνθει
490 2201 497 2209 ο
511 2195 559 2221 καὶ
573 2197 587 2221 6
598 2196 730 2231 Μιλήσιος
739 2195 806 2232 ἦκεν

14 2234 53 2266 είς
68 2236 259 2272 Ταυρομένιον
285 2239 517 2275 ἀνακομισάμενος
529 2242 552 2257 ⁵³
577 2242 626 2277 τὴν
644 2252 807 2278 παρακατα-

893 1968 1042 1995 Tricesima
1067 1972 1160 1995 octava
1177 1978 1183 1996 :
1197 1968 1317 1996 Milesius
1342 1969 1464 2003 quidam,
1480 1969 1652 2003 periclitante

857 2014 907 2041 sub
926 2013 1050 2049 Harpago
1077 2013 1139 2049 Cyri
1158 2015 1212 2041 filio
1229 2015 1327 2049 patria,
1356 2015 1580 2047 Tauromenium,
1609 2015 1650 2042 Si—

857 2060 926 2087 ciliae
946 2060 1038 2087 urbem
1064 2060 1257 2095 adnavigavit,
1286 2061 1441 2096 ibidemque
1462 2061 1532 2096 apud
1557 2066 1649 2088 notum

856 2106 997 2140 quemdam
1014 2107 1171 2141 trapezitam
1187 2114 1254 2135 auro
1269 2107 1403 2142 deposito,
1426 2107 1534 2134 domum
1559 2106 1649 2133 rediit.

858 2152 945 2188 Cyrus
970 2155 1032 2187 post
1060 2153 1118 2180 ha-c
1145 2152 1265 2180 Miletum
1293 2153 1320 2180 in
1348 2157 1510 2188 potestatem
1536 2153 1648 2187 redegit,

858 2199 979 2234 nihilque
1003 2199 1029 2226 in
1052 2207 1111 2227 eam
1130 2200 1250 2235 gravius,
1277 2205 1306 2227 ut
1328 2204 1482 2227 metuerant
1499 2199 1648 2226 constituit.

858 2243 950 2271 Rediit
966 2244 1057 2278 itaque
1069 2243 1189 2272 Milesius
1208 2244 1430 2277 Tauromenium,
1447 2250 1476 2272 ut
1498 2244 1649 2278 depositura

16 2281 110 2316 θήκην.
128 2283 160 2309 '0
177 2283 207 2308 δὲ
222 2283 313 2310 λαϐὼν
329 2286 457 2320 ὁμολογεῖ
473 2286 523 2322 μὲν
538 2287 643 2321 λαϐεῖν,
659 2289 804 2316 διετείνετο

867 2289 921 2316 llud
948 2297 1026 2316 suum
1051 2290 1192 2324 reciperet.
1214 2289 1251 2316 lbi
1266 2290 1418 2317 mensarius
1440 2289 1550 2324 quidem
1568 2289 1649 2324 depo-

16 2327 37 2352 6’
51 2329 267 2357 ἀποδεδωκέναι.
292 2330 335 2363 Ὠς
351 2331 379 2358 δὲ
393 2333 463 2366 μετὰ
479 2333 579 2369 πολλὴν
594 2334 651 2369 ἔριν
669 2335 716 2362 καὶ
729 2335 806 2370 λογο-

17 2375 115 2408 μαχίαν
131 2376 146 2401 6
162 2375 297 2410 Μιλήσιος
310 2378 350 2408 είς
365 2377 446 2412 ὅρκον
460 2379 506 2405 τὸν
519 2380 664 2407 ἀδικοῦντα
683 2380 746 2416 [230
759 2381 805 2417 IL]

16 2421 206 2454 προύκαλεῖτο,
219 2423 234 2448 ὁ
247 2423 415 2459 τραπεζίτης
431 2427 587 2460 μηχανᾶται
604 2427 718 2453 τοιόνδε·
730 2427 806 2464 Νάρ-

17 2465 85 2500 οηκα
113 2468 248 2500 κοιλάνας
274 2469 400 2505 καθάπερ
423 2471 505 2498 αὐλὸν
533 2473 582 2499 καὶ
599 2475 732 2508 συντήξας
756 2475 805 2509 τὴν

15 2512 211 2548 παραθήκην⁵³
226 2513 265 2548 τῷ
282 2514 401 2550 νάρθηκι
430 2516 507 2552 ἐγχεῖ
532 2518 579 2544 καὶ
602 2519 782 2552 ὰσφαλίζεται
795 2528 802 2535 ⁸

862 2335 943 2363 silum
976 2336 1116 2370 accepisse
1140 2343 1192 2362 non
1220 2335 1388 2370 abnegabat,
1417 2336 1465 2363 sed
1500 2335 1649 2363 reddidisse

861 2381 1053 2410 contendebat.
1067 2381 1176 2409 Utvero
1196 2381 1327 2412 Milesius,
1350 2385 1409 2416 post
1425 2381 1523 2408 tnultas
1541 2381 1648 2408 tandem

861 2429 937 2456 rixas
951 2434 1032 2463 atque
1047 2428 1247 2460 contentiones,
1262 2428 1295 2455 ad
1305 2427 1496 2463 jusjurandum
1512 2427 1647 2454 hominem

861 2475 961 2509 adegit,
974 2475 1102 2508 trapezita
1117 2474 1169 2502 tale
1182 2474 1246 2508 quid
1260 2473 1433 2501 machinatus
1447 2478 1506 2500 est:
1522 2472 1647 2500 Ferulani

861 2521 932 2548 tibiae
957 2521 1044 2548 instar
1071 2528 1216 2554 excavans,
1240 2521 1265 2547 in
1290 2527 1377 2555 eaque
1400 2520 1550 2554 depositum
1564 2520 1649 2555 lique-

655 2564 768 2602 um
785 2575 989 2603 LECTIONES.

48 2613 73 2658 δέ
84 2614 215 2657 ’Πηλιέων
243 2624 288 2658 g.“
299 2617 405 2658 ἐνθένδε
434 2618 554 2658 Hcynius
569 2630 575 2647 :
594 2620 659 2658 libri
672 2621 784 2658 ὲνθᾴδεη
814 2622 835 2638 ⁸¹
853 2623 1024 2657 Σπαρτιᾶται
1037 2632 1068 2655 ς.
1104 2622 1128 2638 ’θ’
1141 2624 1198 2654 τοῖς
1214 2622 1365 2658 περιοίκοις
1382 2623 1474 2658 Κρησί
1487 2632 1534 2658 ςη
1557 2621 1580 2638 ⁸²
1594 2631 1648 2657 μη-

16 2649 182 2693 ζανρρμενον
196 2659 229 2693 1;:
268 2651 290 2667 “
307 2653 412 2693 πρόςᾼ
428 2663 438 2693 :_
464 2649 511 2693 καί
523 2664 568 2693 ςε-
592 2656 683 2693 λσλγὰρ
710 2657 732 2683 Α
751 2666 758 2684 :
776 2657 805 2684 δέ
823 2666 852 2689 ς,
881 2649 937 2689 τοίς
962 2649 1091 2693 Ἕλλησιν
1108 2659 1130 2684 Δ
1153 2649 1267 2689 ςαύτοῖέ
1286 2666 1316 2689 ς.
1341 2649 1377 2686 cf.
1394 2649 1647 2693 llulicrtrgrchou'i.

159 2685 184 2734 δῖ
197 2686 305 2734 ’ξρεοξη
312 2683 344 2730 ές
366 2683 403 2734 vi"
413 2689 462 2725 τὴν
478 2683 537 2734 γῆν⁷
547 2683 677 2734 ῌογιιίίιδξ
689 2683 837 2734 remediis}
846 2683 1129 2734 legenllunidvlevat:
1233 2683 1377 2734 prodire:
1392 2683 1415 2709 λθ
1494 2683 1550 2734 γοξν
1617 2701 1646 2734 ς.

50 2720 184 2755 οίκήσεως
209 2720 243 2749 Δί
281 2722 305 2738 ¹⁰
330 2724 412 2760 ἀπῄει
435 2720 467 2757 ἐ.
484 2720 490 2724 ”
505 2720 527 2741 5‘
549 2720 678 2761 ὑφωρᾶτο
709 2736 740 2759 ς.
767 2720 801 2743 ’⁵¹
819 2720 1058 2763 ἀνακομισάμενος
1076 2720 1120 2760 ς.’
1145 2728 1168 2744 ⁵³
1191 2720 1438 2764 ιιιαρακαταθείνιην¹
1456 2727 1550 2764 ς.τῷ]
1562 2728 1596 2763 τῇ
1613 2720 1646 2754 Ᾰ.

778 2776 894 2805 NOT/E.

51 2814 106 2859 $65)
120 2815 270 2851 Cycladum
288 2825 339 2846 una
355 2818 450 2854 Steph.
469 2827 532 2848 cum
557 2821 679 2856 ejusdem
695 2777 927 2856 ιιοιηίηξὲτίῇιὶῐ,
943 2823 1073 2859 Stephan.
1094 2825 1209 2852 Tit/mus
1224 2831 1361 2859 gemmato
1376 2825 1454 2852 sibilo
1468 2823 1580 2857 profert.

22 2849 90 2881 urbe-

52 2884 105 2921 t56)
119 2885 371 2922 Apollod.’l‘hasum
383 2889 500 2926 Neptuni
519 2891 602 2921 tilium
619 2891 702 2928 facit,
717 2893 765 2923 lib.
782 2903 812 2923 HI

904 2861 958 2895 (57)
970 2861 1007 2886 De
1021 2860 1122 2888 Cadmo
1134 2860 1250 2888 Pausan.
1270 2861 1397 2896 legendus
1413 2861 1439 2896 in
1452 2859 1561 2887 Boeotia.

905 2896 960 2931 (58)
973 2895 1091 2925 Pausan.
1110 2897 1169 2926 init.
1188 2895 1305 2924 Bmatic.’
1317 2902 1344 2924 et
1361 2895 1434 2923 alibi.
