1923 3091
222 162 274 194 555

221 264 426 295 Laomedontis,
451 267 479 291 et
500 262 601 290 Priami
632 269 711 289 soror
741 262 802 289 fuit.
827 262 903 289 Hanc
919 261 1015 289 Prote-

221 311 304 338 silaus
318 318 378 338 cum
403 310 465 338 aliis
484 310 599 344 captivis
620 317 651 336 ex
668 308 716 336 Ilio
746 309 860 337 navibus
884 309 1014 343 avehens,

220 358 344 384 Mendem
371 357 443 384 inter
466 361 494 383 et
508 355 635 384 Scionem
660 359 722 389 post
735 356 826 383 varias
840 360 1015 390 tempestates

220 403 266 430 vix
291 410 372 430 naves
398 401 532 437 appellit:
548 408 665 435 cumque
696 406 825 436 aquatum
851 400 1016 428 Protesilaus

220 457 281 477 cum
294 450 351 476 suis
362 449 488 476 omnibus
500 447 607 482 longius
628 455 642 473 a
668 446 759 474 littore
779 447 812 474 ad
829 446 959 474 interiora
973 453 1015 473 re-

221 495 311 530 gionis
325 495 384 523 loca
401 497 588 528 procurreret,
613 499 669 520 tum
693 493 764 520 inter
790 497 887 520 caetera
902 491 1015 519 IEthilla

219 540 339 576 reliquas
358 540 475 568 allocuta
488 539 618 574 captivas,
646 539 685 572 Si,
712 539 808 574 inquit,
833 546 894 566 cum
911 538 1015 566 Graecis

218 587 248 614 ln
261 586 393 614 Greciam
407 585 578 618 abducimur,
605 593 688 612 aurea
704 586 794 618 nobis,
817 593 878 620 quae
900 585 933 612 ad
946 584 1015 612 Tro-

216 633 273 666 jam
289 632 449 667 pertulimus
470 633 596 665 adversa,
616 632 769 659 videantur.
805 630 945 658 Persuasit
961 631 1013 657 ita-

219 686 271 714 que
287 679 401 706 navibus
422 679 498 713 ignes
513 679 661 705 immittere
686 677 755 713 (79).
774 677 844 704 Hinc
871 677 913 703 vel
934 677 1012 704 inviti

218 733 279 752 cum
294 724 360 759 ipsis
375 724 462 751 (ἶνιῑοί
485 725 512 751 in
539 724 633 751 eadem
661 723 703 750 illa
733 723 842 758 regione
860 728 1012 755 remanent,

217 770 367 805 urbemque
379 769 505 797 Scionem
522 770 557 797 ibi
570 770 707 797 conditam
724 777 776 796 una
792 770 956 796 habuerunt.

253 817 354 850 Quarta
361 817 466 844 decima
481 821 524 843 est
541 817 574 843 de
593 816 772 851 Endymione,
782 815 828 850 qui
839 816 945 843 Aethno
956 815 1013 851 (80)

217 861 292 890 Jovis
315 862 382 894 lilio,
410 867 438 889 et
455 861 632 897 Protogeneia
656 861 830 888 Deucalionis
847 861 902 888 lilia
920 866 1012 895 natus,

801 159 934 190 PIIOTlI
948 159 1201 190 PATRIARCIUE
1221 161 1275 191 [ΣΡ.

259 217 359 254 133a
377 216 485 244 Decima
501 216 580 244 tertia
599 215 683 244 refert
691 216 725 243 de
737 215 862 248 (Ethilla,
878 224 938 250 qua:
954 216 1007 243 tilia
1026 220 1050 249 Α

1108 216 1180 244 Ἡδὲ
1197 220 1229 250 ιγ’
1246 216 1281 243 τὰ
1302 218 1365 252 περὶ
1384 217 1510 249 monia;
1529 216 1668 250 διέξεισιν,
1680 217 1742 252 ἥτις
1756 216 1792 252 ἦν
1811 218 1862 245 θυ-

1068 262 1158 298 γάτηρ
1182 263 1232 298 μὲν
1256 263 1451 299 Λαομέδοντος,
1470 263 1572 299 ἀδελφὴ
1585 263 1614 289 δὲ
1629 263 1767 299 Πριάμου.
1784 264 1861 291 Ταύ-

1067 317 1119 344 την
1136 309 1328 344 Πρωτεσίλαος
1339 309 1362 325 ⁵⁸
1374 309 1404 342 ἐξ
1421 309 1499 336 Ἰλίου
1515 310 1584 345 μετὰ
1597 310 1645 336 καὶ
1659 309 1748 336 ἄλλων
1762 310 1862 344 νηυσὶν

1066 355 1141 389 ἄγων
1167 355 1384 391 αῑχμάλωτον¹⁷,
1408 356 1449 388 είς
1476 356 1522 382 τὸν
1547 355 1650 391 μεταξὺ
1682 356 1791 391 Μένδης
1811 356 1862 383 καὶ

1067 399 1189 435 Σκιώνης
1206 401 1276 435 μετὰ
1295 400 1410 432 πολλοὺς
1424 400 1562 436 χειμῶνας
1583 401 1662 436 μόλις
1687 400 1860 436 ὁρμίζονται.

1066 447 1122 474 Καὶ
1139 447 1209 482 πρὸς
1229 447 1338 482 ὑδρείαν
1363 447 1418 474 τῶν
1443 447 1508 482 περὶ
1527 447 1717 482 Πρωτεσίλαον
1731 447 1862 473 ἁπάντων

1065 493 1113 520 τοῦ
1135 493 1260 527 αἰγιαλοῦ
1282 493 1387 520 ἄνωθεν
1413 494 1481 528 πρὸς
1503 493 1554 528 τὴν
1574 493 1666 529 χώραν
1686 493 1862 527 ἀναδραμόν-

1065 548 1131 572 των,
1144 539 1212 566 ἄλλα
1226 548 1256 566 τε
1271 540 1287 574 ὴ
1301 539 1414 566 Λίοίλλα
1429 541 1489 571 ταῖς
1501 538 1748 574 συναιχμαλώτισιν
1764 538 1862 565 εἰποῦ-

1067 594 1112 619 σα,
1140 586 1188 613 καὶ
1206 586 1255 619 ὡς,
1273 587 1297 612 εἰ
1314 586 1456 620 ἀφίκοιντο
1472 587 1521 612 σὺν
1534 587 1590 617 τοῖς
1608 586 1737 621 Ἕλλησιν
1756 586 1796 616 εἰς
1811 585 1862 619 τὴν

1069 632 1194 665 Ἐλλάδα,
1219 632 1319 667 χρυσὸς
1344 632 1378 658 ἂν
1399 632 1495 664 αὑταῖς
1522 632 1608 665 δόξειε
1631 633 1664 658 τὰ
1687 632 1737 667 τῆς
1759 631 1862 666 Τροίας

1064 679 1151 711 κακὰ,
1170 678 1258 705 πείθει
1282 678 1337 714 πῦρ
1357 679 1457 705 ἐνεῖναι
1473 679 1533 709 ταῖς
1547 678 1636 705 ναυσί.
1657 678 1712 704 Καὶ
1735 677 1861 712 καταμέο

1064 733 1140 752 νουσι
1158 725 1206 751 σὺν
1222 725 1319 756 αὑταῖς
1338 725 1366 750 ἐν
1386 726 1419 760 τῇ
1439 724 1515 760 χώρᾳ
1527 724 1575 751 καὶ
1589 724 1701 756 ἄκοντες
1720 725 1744 750 οἱ
1759 723 1862 758 ’Ἐλλη-

1063 779 1120 803 νες,
1137 771 1185 797 καὶ
1201 770 1278 797 πόλιν
1293 769 1415 802 κτίζουσι
1431 770 1563 805 Σκιώνην,
1576 770 1625 797 καὶ
1649 770 1860 802 συνοικίζουσιν.

1106 815 1140 841 ’Π
1158 815 1187 841 ιδ’
1210 815 1245 841 τὰ
1270 815 1336 850 περὶ
1366 815 1544 850 Ἐνδυμίωνος
1563 816 1674 851 ἱστορεῖ,
1690 816 1730 842 ὅτι
1745 824 1773 841 τε
1793 817 1861 846 παῖς

1064 858 1099 896 ἦν
1119 861 1239 888 Ἀεθλίου
1250 862 1272 877 ⁵⁸
1292 861 1338 888 τοῦ
1361 862 1420 892 Διὸς
1442 862 1490 888 καὶ
1505 863 1710 897 Πρωτογενείας
1723 864 1772 898 τῆς
1790 863 1861 889 Δευ-

219 909 300 937 binos
316 909 436 944 suscepit
452 893 561 941 liberos,
586 908 739 944 Eurypylen
751 909 807 943 (81)
835 914 864 936 et
880 893 1011 937 jEtolum.

1071 893 1207 939 ιαλίωνος,
1222 907 1270 933 καὶ
1285 908 1324 938 ὼς
1340 907 1387 934 δύο
1406 907 1497 939 τέκοι,
1518 893 1618 940 iam;
1630 893 1794 943 Εὐρυπύλην
1809 910 1860 935 καὶ

218 955 269 982 llic
284 962 300 982 e
312 955 499 990 Peloponneso
523 954 609 988 patria
629 954 732 981 ditione
760 954 894 981 excedens
910 953 967 989 (82)
985 955 1012 981 in

217 1001 370 1036 oppositam
389 1001 526 1034 regionem
543 1007 603 1027 cum
626 999 797 1034 sequentium
815 1000 904 1031 turba,
927 1000 1010 1034 pulsis

217 1047 361 1074 Curetibus
391 1046 459 1081 (85),
501 1046 691 1080 commigrawt
709 1055 716 1072 :
733 1051 761 1073 et
794 1054 843 1080 pro
868 1046 1007 1079 Curetide,

216 1093 334 1121 [Etolida
348 1093 482 1120 nominari
510 1092 585 1119 fecit.
609 1091 761 1128 Eurypyles
777 1099 842 1120 vero
863 1097 891 1120 et
910 1092 1011 1127 Neptu-

222 1141 249 1167 ni
270 1139 341 1167 ﬁlius
361 1139 418 1174 (84)
454 1139 531 1172 Elis,
562 1144 670 1166 mortuo
699 1146 750 1166 avo
767 1144 890 1166 materno
923 1139 1012 1174 Endy-

217 1186 400 1221 inione(85),
439 1193 552 1220 regnum
584 1186 724 1220 suscepit,
753 1185 946 1220 conditamque
975 1187 1008 1212 ab

218 1231 384 1266 Endymione
396 1231 490 1257 urbem
501 1230 570 1257 Elim
585 1231 745 1258 nominavit.

254 1321 353 1353 Quinta
370 1319 475 1346 decima
493 1319 526 1346 de
541 1318 852 1354 l’heneatensibus(86),
864 1324 892 1346 et
903 1319 1006 1347 Cerere

219 1373 301 1402 atque
316 1366 491 1400 Proserpina,
510 1374 590 1400 quam
606 1364 685 1393 Pluto
699 1370 804 1400 raptam
820 1370 909 1394 matre
923 1366 1010 1394 inscia

220 1415 254 1441 ad
276 1412 362 1440 infera
389 1419 471 1445 regna
503 1411 634 1443 abduxit,
668 1416 752 1446 utque
779 1411 1010 1439 Pheneatensibus

218 1460 312 1491 Ceres,
336 1457 409 1494 quod
426 1457 477 1493 ipsi
495 1457 584 1484 locum
604 1458 800 1490 ostendissent,
828 1465 880 1492 qua
897 1457 1010 1485 descen-

218 1508 331 1533 deretur
345 1505 415 1540 (erat
428 1504 549 1532 isliiatus
562 1504 589 1530 in
601 1503 705 1539 Cylina)
718 1503 785 1538 (87),
801 1511 863 1531 cum
879 1504 930 1531 alia
941 1504 1010 1531 bona

1064 952 1192 985 Δίτωλδν,
1218 953 1247 984 ὃς
1270 954 1302 980 ὲκ
1327 953 1531 989 Πελοποννήσου
1553 954 1602 990 τὴν
1626 955 1756 990 πατρῴαν
1770 955 1860 982 λιπὼν

1063 999 1150 1034 ἀρχὴν
1167 1001 1207 1030 είς
1227 999 1275 1034 τὴν
1292 999 1427 1034 ἀντίπερα
1449 999 1552 1034 ταύτης
1571 1000 1625 1034 γῆν
1644 1001 1713 1034 μετὰ
1727 1000 1777 1034 τῆς
1793 1000 1860 1026 ἑπο-

1064 1045 1149 1080 μένης
1165 1046 1271 1081 μοίρας,
1295 1046 1442 1081 Κουρῆτας
1458 1046 1592 1079 ἐκϐαλὼν,
1611 1046 1713 1081 ᾤκησε,
1736 1047 1783 1073 καὶ
1796 1047 1860 1073 ἀντὶ

1063 1091 1232 1127 Κουρήτιδος
1245 1092 1380 1118 Αἰτωλίδα
1391 1092 1413 1108 ⁵⁸
1428 1092 1571 1120 καλεῖσθαι
1594 1092 1712 1119 δίδωσιν.
1728 1092 1792 1128 [452
1809 1092 1858 1129 IL]

1067 1137 1097 1164 ’0
1116 1137 1145 1164 δῖ
1157 1137 1321 1173 Εὐρυπύλης
1337 1139 1385 1164 καὶ
1412 1138 1580 1170 Ποσειδῶνος
1600 1139 1665 1170 παῖς
1683 1136 1763 1170 Ἦλις
1774 1140 1796 1155 ⁸⁸
1811 1147 1859 1165 τε-

1062 1183 1243 1218 λευτήσαντος
1279 1183 1325 1209 τοῦ
1362 1184 1569 1219 μητροπάτορος
1601 1185 1783 1219 Ἐνδυμίωνος
1807 1186 1859 1221 τὴν

1064 1228 1206 1264 βασιλείαν
1235 1228 1387 1263 ἐκδέχεται,
1404 1229 1452 1256 καὶ
1476 1231 1509 1265 τῇ
1534 1230 1679 1266 κτισθείσῃ
1694 1230 1772 1257 πόλει
1803 1231 1860 1258 ὺπδ

1069 1273 1247 1308 Ἐνδυμίωνος
1258 1271 1341 1300 ’Ἦλιν
1355 1274 1500 1310 ἐπώνυμον
1513 1275 1599 1303 ἔθετο.

1104 1320 1137 1346 Ἠ
1153 1320 1184 1346 ιε’
1201 1320 1266 1355 περὶ
1289 1321 1429 1347 Φενεατῶν
1453 1321 1501 1347 καὶ
1523 1322 1669 1358 Δήμητρος
1682 1323 1730 1350 καὶ
1751 1323 1857 1358 Κόρης,

1061 1366 1096 1401 ἢν
1114 1365 1242 1392 Πλούτων
1260 1367 1388 1401 ἁρπάσας
1414 1367 1460 1394 καὶ
1474 1367 1563 1394 λαθὼν
1579 1368 1629 1404 τὴν
1646 1369 1754 1404 μητέρα
1766 1370 1807 1401 είς
1822 1369 1860 1396 τὰ

1062 1412 1138 1440 κάτω
1153 1413 1275 1448 βασίλεια
1291 1414 1378 1449 ἤγαγε
1389 1422 1396 1428 ·
1412 1414 1458 1441 καὶ
1482 1415 1520 1445 ὡς
1543 1415 1691 1446 Φενεάταις
1714 1415 1855 1450 μηνύσασι

1061 1458 1189 1494 Δήμητρι
1210 1459 1240 1485 τὸ
1265 1460 1365 1494 χωρίον
1382 1461 1415 1486 δι’
1431 1457 1462 1487 οὗ
1482 1460 1499 1495 ἡ
1520 1460 1632 1492 κάθοδος
1645 1459 1690 1496 (ἦν
1713 1461 1741 1487 δέ
1758 1470 1786 1487 τι
1803 1463 1858 1498 χά-

1062 1512 1119 1539 σμα
1134 1504 1163 1530 ἐν
1182 1504 1312 1541 Κυλλήνῃ
1325 1505 1357 1540 Μ)
1375 1506 1442 1532 ἄλλα
1464 1515 1495 1532 τε
1524 1507 1613 1540 ἀγαθὰ
1633 1507 1789 1542 ἐχαρίσατο,
1809 1507 1860 1534 καὶ

217 1552 256 1580 sit
271 1551 379 1586 largita,
407 1555 463 1578 tum
486 1550 559 1585 quod
583 1557 721 1585 nunquam
739 1550 906 1584 permissura
920 1555 1005 1583 esset,

1071 1549 1200 1585 ιηδέποτε
1228 1550 1373 1586 ὑπεριδεῖν
1400 1551 1496 1578 ἑκατὸν
1518 1552 1646 1587 ἄνδρας⁸²
1662 1553 1802 1580 Φενεατῶν
1828 1555 1860 1580 ὲν

219 1603 248 1626 ut
265 1602 374 1626 centum
394 1596 594 1624 Pheneatenses
610 1597 636 1623 in
652 1596 722 1623 bello
735 1597 875 1623 caderem.

255 1645 338 1672 Sexta
364 1643 469 1671 decima
485 1643 519 1670 de
535 1642 688 1670 Proniacho
703 1642 760 1678 (88)
784 1648 812 1670 et
839 1642 1011 1670 Leucocoma

219 1690 346 1722 ,(‘inossiis
367 1701 372 1717 :
393 1691 457 1716 urbs
491 1694 582 1716 autem
613 1688 700 1716 Creta:
735 1688 855 1716 Guossus
875 1690 930 1723 (89)
959 1695 1009 1716 est.

219 1737 359 1769 Quomodo
391 1734 559 1762 Promachus
585 1733 726 1767 pulchrum
751 1732 947 1760 Leucocomam
969 1735 1012 1761 ad-

219 1785 382 1811 olescentem
409 1781 563 1813 adamarit;
592 1785 619 1807 et
639 1779 775 1813 quomodo
801 1779 908 1806 labores
930 1784 1012 1814 atque

218 1829 367 1856 certamina
383 1828 419 1854 ilii
447 1834 544 1860 magna
576 1831 603 1853 et
623 1825 806 1860 periculorum
823 1824 900 1859 plena
915 1832 1012 1859 propo-

218 1875 315 1907 suerit,
326 1882 387 1909 qua:
399 1873 490 1900 omnia
502 1872 671 1899 l’romachus
677 1871 798 1906 potiundi
809 1878 856 1904 spe
866 1873 1010 1905 superarit.

219 1921 270 1954 Qui
286 1920 330 1948 ubi
355 1928 389 1947 ne
415 1927 463 1954 per
485 1919 543 1946 haec
571 1918 680 1953 quidem
698 1918 752 1944 voti
777 1925 888 1952 compos
915 1918 1009 1950 evasit,

219 1967 418 1994 Leucocomain
453 1965 586 1992 vicisssini
617 1963 740 1992 molestia
769 1963 871 1996 affecit,
903 1965 1012 1999 quando

220 2013 344 2040 ultimum
376 2019 454 2039 suum
475 2011 614 2045 prannium
632 2009 719 2045 (galea
744 2015 832 2036 autem
855 2014 913 2036 erat
941 2009 1011 2036 fama

220 2057 368 2090 celebrata)
383 2055 459 2082 alteri
474 2056 583 2082 cuidam
599 2054 712 2089 pulchro
724 2052 828 2086 juveni,
844 2052 1012 2080 Leiicocoma

220 2109 372 2139 spectante,
400 2102 538 2137 imposuit.
577 2101 646 2127 llinc
676 2100 748 2127 enim
776 2099 906 2134 zelotypia
925 2100 1012 2126 vietus

220 2151 275 2182 hic,
292 2150 366 2177 ferro
378 2157 407 2176 se
424 2149 481 2183 ipse
497 2146 645 2174 interemit.

258 2196 379 2229 Septima
417 2195 531 2222 decima.
580 2193 683 2220 Dicxus
708 2196 735 2218 et
767 2190 864 2226 Syleus
895 2191 1010 2224 fratres,

1065 1595 1176 1631 πολέμῳ
1189 1598 1293 1623 πεσεῖν.

1106 1642 1138 1669 Ἦ
1154 1645 1191 1675 ις’
1203 1642 1237 1669 τὰ
1267 1643 1333 1676 περὶ
1359 1644 1506 1679 Προμάχου
1541 1645 1588 1672 καὶ
1614 1646 1778 1681 Λευκοκόμα
1803 1647 1863 1673 τῶν

1066 1683 1214 1716 Κνώσσίων
1230 1689 1318 1724 (πόλις
1331 1690 1361 1716 δὲ
1391 1692 1503 1727 Κρήτης
1522 1692 1538 1726 ἡ
1561 1692 1702 1727 Κνωσσὸς)
1718 1693 1861 1726 διέξεισιν,

1064 1733 1102 1765 ὡς
1128 1735 1182 1769 ἥρα
1213 1735 1358 1770 Πρόμαχος
1383 1736 1490 1763 νεανίου
1513 1737 1596 1764 καλοῦ
1617 1737 1664 1764 τοῦ
1682 1738 1861 1774 Λευκοκόμα,

1065 1779 1103 1811 ὡς
1143 1777 1212 1806 ἆθλα
1241 1781 1315 1815 αὐτῷ
1341 1782 1447 1817 μεγάλα
1475 1782 1618 1818 προΰτεινε
1652 1784 1699 1810 καὶ
1727 1784 1862 1812 κινδύνοιν

1067 1826 1165 1861 μεστὰ,
1192 1827 1230 1858 ὡς
1252 1827 1341 1853 πάντα
1367 1828 1470 1864 ὑπέστη
1485 1830 1630 1865 Πρόμαχος
1645 1829 1732 1856 ἑλπίδι
1746 1831 1795 1857 τοῦ
1811 1840 1862 1858 τυ-

1065 1873 1133 1906 χεῖν,
1153 1872 1191 1904 ὡς
1207 1873 1261 1899 οὐδ’
1278 1873 1349 1900 οὕτω
1360 1874 1383 1890 ⁸³
1397 1875 1537 1909 τυγχάνει,
1562 1876 1609 1902 καὶ
1623 1876 1768 1903 ἀντιλυπεῖ
1789 1878 1863 1904 Λευ-

1066 1917 1198 1952 κοκόμαν,
1211 1918 1241 1944 τὸ
1253 1919 1409 1946 τελευταῖον
1428 1921 1482 1946 τῶν
1501 1921 1590 1948 ἄθλων
1602 1922 1714 1957 (κράνος
1727 1922 1748 1949 δ’
1760 1921 1796 1959 ἦν
1809 1933 1863 1951 πε-

1066 1962 1201 1998 ριϐόητον)
1229 1963 1280 1999 [ὲν]
1305 1965 1391 1999 ἑτέρῳ
1408 1965 1483 2000 καλῳ
1494 1967 1588 2002 νεανία
1602 1968 1721 2002 ὁρῶντος
1735 1969 1863 2003 περιθεὶς

1065 2007 1112 2034 τοῦ
1127 2009 1290 2044 Λευκοκόμα
1300 2017 1308 2024 ·
1337 2010 1384 2036 καὶ
1403 2010 1433 2042 ὃς
1441 2011 1464 2026 ⁸⁵
1479 2012 1528 2038 οὐκ
1547 2012 1668 2047 ἐνεγκὼν
1683 2012 1734 2048 τὴν
1747 2013 1865 2049 ζηλοτυ-

1067 2053 1132 2080 πίαν
1147 2053 1219 2087 ξίφει
1232 2054 1330 2081 ἑαυτὸν
1348 2054 1522 2091 διεχρήσατο.

1108 2195 1141 2221 Ἢ
1155 2194 1198 2228 ιζ’,
1214 2196 1324 2228 Δίκαιος
1344 2197 1392 2224 καὶ
1419 2198 1520 2230 Σολεὺς
1545 2198 1656 2234 ἀδελφοὶ
1668 2219 1676 2232 ,
1689 2201 1860 2234 Ποσειδῶνος

220 2243 336 2279 Neptuni
352 2242 411 2274 filii,
429 2241 463 2268 ad
477 2240 587 2268 Peleum
609 2238 755 2266 Thessaliae
772 2242 891 2265 montem
907 2238 1011 2266 habita-

1071 2242 1130 2276 υἱοὶ,
1154 2243 1220 2278 περὶ
1238 2244 1373 2279 τὸΠὴλιον
1393 2245 1457 2280 ope;
1480 2245 1531 2280 τῆς
1555 2246 1736 2278 Θεσσαλίαςεδ
1756 2247 1858 2283 ᾠκουν.

881 2304 995 2333 νΑιιιιιΕ
1013 2307 1220 2336 LECTIONES.

254 2373 277 2388 “
291 2369 494 2420 Πρωτεσίλαος(
512 2368 651 2396 Cononem
670 2373 721 2392 non
739 2365 941 2400 Πρωτεσίλαος,
960 2368 1006 2394 sed
1024 2368 1125 2403 οἱπερὶ
1145 2370 1335 2404 Πρωτεσίλαον
1351 2370 1496 2404 scripsisse
1515 2370 1600 2397 videri
1617 2371 1857 2400 monetKannius.

257 2409 266 2420 ι.
287 2409 299 2420 Α
318 2407 392 2420 .-.-,...
408 2414 427 2420 .-
473 2405 483 2420 ri
507 2402 690 2420 unumunum
704 2409 724 2420 r—
751 2401 864 2420 ἳῖνιιςυνπρ
882 2410 902 2420 ρ-
955 2402 979 2418 u
995 2403 1115 2420 mam»...
1145 2404 1264 2420 ιξ......;...-
1282 2414 1288 2420 .
1307 2406 1366 2420 ιιι...;
1395 2405 1506 2420 vim“-..
1556 2407 1578 2420 an
1607 2407 1696 2420 .....i:...
1730 2408 1852 2420 s:__.:.v_.

221 2409 269 2436 καί
283 2409 305 2434 Α
318 2405 326 2433 Ξ
338 2407 392 2433 τῶν
407 2414 438 2438 ς.
473 2405 483 2420 ⁵

222 2453 252 2474 ς.
289 2442 312 2458 ⁶⁰
324 2436 427 2472 Ἠλεῖοξ
443 2436 571 2475 Heynins.
580 2474 591 2475 η
607 2438 627 2453 ⁵⁸
639 2436 749 2475 Κνᾎήνη
760 2436 798 2463 Ai
811 2436 915 2471 Κυλίνη
927 2446 957 2469 ς·

225 2472 248 2495 δ’
262 2478 313 2513 τῆς
343 2472 495 2506 Θεσσαλίαξ
515 2476 538 2501 Α
556 2472 726 2500 ίΘεσσαλίαν
757 2480 787 2503 ς.

998 2440 1019 2453 ⁸³³
1029 2439 1129 2474 ἄνδρας
1147 2440 1244 2466 ἑκατόν
1258 2449 1289 2472 ς.
1324 2441 1346 2456 ⁸³
1361 2440 1447 2467 οὐδἈ
1461 2450 1467 2467 :
1480 2441 1502 2467 δ’
1515 2440 1611 2473 οὐδ’ς.

507 2402 690 2438 αἰχμαλώτων
704 2409 734 2438 ς.
750 2401 912 2438 Σκιόγνηςις.
955 2402 979 2418 ⁵⁸
995 2401 1116 2430 Ἀεθλίού
1144 2401 1266 2432 Kaimius
1282 2414 1288 2432 ε
1306 2406 1367 2432 libri
1395 2401 1518 2433 ’AéOvou.
1556 2407 1578 2421 ⁸⁸
1607 2407 1696 2432 malim
1723 2408 1861 2435 Αἰτωλίαν

1647 2441 1670 2456 ⁸⁸
1681 2441 1709 2473 ὃς
1723 2442 1745 2469 Α
1758 2452 1766 2470 :
1778 2443 1816 2475 ὡς
1830 2453 1861 2476 ς.

996 2517 1114 2546 NOTAE.

257 2582 315 2618 (79)
333 2579 595 2618 Stephan.__Byzaut.
613 2577 706 2618 eadem
722 2576 747 2618 iii
761 2575 876 2618 Σκιώνη.

259 2610 316 2654 (80)
333 2610 653 2644 Ι)ιιιῖειιιι.1ιι›.ἰΕίίαε.ει
673 2611 826 2644 Apollodor.
842 2610 868 2637 in
890 2610 1016 2638 Bibliolh.

228 2654 346 2682 Aetlimn
361 2657 479 2687 vocant:

258 2690 316 2724 (81)
333 2688 451 2724 l’ausun.
467 2683 636 2724 Eurycyden.

256 2716 314 2759 (82)
331 2723 424 2759 Steph.
450 2716 626 2759 a_Saliiioiici)
643 2718 718 2746 Pissa
735 2719 841 2753 pulsum
872 2716 958 2744 refert
982 2717 1008 2744 in

225 2756 313 2787 Ᾰῖιοιζ
329 2756 401 2793 Lege
416 2756 574 2793 etrPausan.
595 2761 656 2788 sup.

258 2795 314 2830 (85)
333 2794 430 2831 §triibo
444 2792 496 2831 lib‘.‘
507 2799 533 2817 χ.

258 2826 313 2865 (84)
333 2830 449 2856 Pausitn.
464 2826 552 2865 @letu.
586 2860 592 2865 ι
662 2856 663 2861 η

259 2860 315 2899 (⁸5)
337 2864 457 2899 l’ansnn.
471 2860 609 2899 ﬂustra/Ii.

259 2893 315 2935 (δύ)
337 2900 430 2934 Sit-ph.
445 2897 578 2925 Pheneum
592 2897 618 2923 in
633 2894 747 2922 Arcadia
765 2895 851 2929 ponit,
864 2899 891 2922 et
903 2893 1014 2928 quidem

1072 2581 1121 2607 sub
1137 2580 1246 2616 Cyllene
1260 2587 1362 2610 monte.

1105 2616 1163 2650 (87)
1195 2617 1332 2651 Cyllenem
1356 2617 1480 2645 Arcadiae
1505 2622 1625 2645 montem
1653 2625 1686 2644 ex
1713 2617 1806 2646 Strab.
1836 2625 1864 2646 et

1183 2652 1301 2687 intelligo
1316 2663 1322 2680 :
1338 2653 1409 2687 apud
1423 2660 1503 2688 quem
1530 2652 1621 2689 Stygis
1643 2660 1734 2688 aquae,
1753 2653 1861 2681 Eustai.

1098 2721 1311 2756 (88)Aitingere
1348 2723 1474 2750 videntur
1507 2724 1578 2752 hanc
1614 2723 1732 2750 fabulam
1764 2723 1863 2751 Strabo

1067 2757 1115 2783 lib.
1125 2765 1152 2794 ξ,
1165 2764 1198 2783 ex
1213 2757 1400 2794 Theophrasto
1410 2759 1447 2784 De
1460 2767 1559 2791 amore,
1572 2763 1600 2786 el.
1611 2759 1682 2786 Plut.
1697 2759 1861 2794 Ἐρωτικῴξ

1068 2792 1139 2851 aplud
1163 2799 1231 2826 quos
1253 2792 1431 2820 Euxiatlietus
1456 2802 1505 2829 pro
1527 2795 1579 2822 hoc
1604 2794 1757 2821 Promacho
1780 2792 1862 2822 intin-

1069 2834 1092 2852 ci
1109 2835 1150 2852 ur.

1069 2834 1150 2897 “tibi;
1166 2861 1262 2891 Minois
1277 2863 1361 2899 regia.
1378 2863 1455 2893 llom.
1473 2869 1499 2893 et
1518 2865 1574 2893 alii.
1594 2863 1660 2892 Vide
1675 2864 1766 2892 Strab.
1781 2872 1854 2900 supr.
