1923 3091
101 159 142 191 557
587 153 852 184 BIBLIOTHECA.
873 165 908 171 -
928 152 1010 182 COD.
1028 152 1206 183 CLXXXVI.

1654 151 1706 182 558

101 218 143 244 Καὶ
153 214 185 253 ἦν
201 217 214 243 ὸ
232 216 279 251 μὲν
289 215 404 246 δίκαιος,
419 213 467 241 καὶ
481 214 519 245 ὡς
540 212 708 248 ὠνομάζετο,
724 212 796 239 οὕτω
812 211 861 237 καὶ

917 211 987 236 bant.
1010 209 1038 236 ln
1050 209 1093 236 his
1105 209 1209 236 Dicaus
1223 208 1279 244 (90)
1293 208 1401 243 quidem
1426 212 1496 240 erat,
1520 207 1591 243 quod
1606 215 1705 236 nomen

98 261 137 298 ἦν·
160 262 237 289 Συλέα
262 262 291 289 δὲ
321 261 452 297 ὑῆριστὴν
481 259 546 286 ὄντα
579 259 719 295 Ἡρακλῆς
745 259 862 293 ἀναιρεῖ,

98 307 215 340 Ξενίζεται
225 308 246 334 δ’
262 308 314 334 ὑπὸ
330 307 454 340 Δικαὶου,
467 307 513 333 καὶ
530 306 581 341 ἐρᾷ
594 306 645 340 τῆς
660 304 764 335 Συλέως
777 304 863 337 θυγα-

97 354 157 388 τρὸς,
171 353 228 380 ἰδὼν
237 353 321 389 αὐτὴν
335 353 400 388 παρ’
412 352 486 388 αὐτῷ
496 350 680 387 τρεφομένην,
698 351 745 377 καὶ
768 350 864 384 ἄγεται

97 402 128 432 εἰς
153 402 271 434 γυναῖκα.
294 400 327 426 Ἦ
353 399 381 426 δὲ
401 398 628 434 ἀποδημήσαντος
661 396 827 432 Ἡρακλέους
841 395 864 411 ⁸⁸

96 446 126 480 τῷ
136 448 192 481 περὶ
205 446 284 473 αὑτὸν
300 446 382 481 ἔρωτι
403 445 451 472 καὶ
467 444 542 480 πόθῳ
559 443 711 480 βαλλομένη
733 443 862 478 θνήσκει-

96 493 133 519 uel.
148 493 190 518 ἐπὶ
213 492 360 527 προσφάτῳ
395 493 429 526 τῇ
453 490 549 526 κηδείᾳ
575 489 693 517 ἐπανιὼν
721 488 783 525 [222
818 488 864 524 Η,]

99 537 218 572 Ἡρακλῆς
236 537 348 572 ἔμελλεν
367 537 450 564 αὑτὸν
474 537 506 572 τῇ
530 536 609 572 πυρᾷ
639 535 863 570 συγκατακαίειν,

94 585 112 609 εἰ
130 584 163 619 μὴ
187 585 209 611 οἱ
230 584 364 620 παρόντες
380 584 471 618 λόγοις
487 582 680 619 παρηγοροῦσι
705 582 780 617 μόλις
797 582 865 608 ἑκώ-

94 629 172 656 λυσαν.
191 630 244 656 Καὶ
262 630 428 662 ἀπελθόντος
450 629 617 665 Ἡρακλέους
631 629 653 644 ⁸⁷
676 628 706 654 τὸ
722 628 796 662 σῆμα
815 627 866 661 τῆς

94 675 163 710 κόρης
178 676 201 702 οἱ
221 676 362 711 πρόσοικοι
379 676 602 711 περιεδείμαντο,
619 674 667 701 καὶ
681 674 743 700 ἀντὶ
756 673 866 708 μνήμα-

93 729 129 752 τος
142 721 207 757 ἱερὸν
229 721 397 757 Ἡρακλέους
410 721 565 756 ἀπέφηναν.

125 808 153 836 'H
174 813 216 846 ιη’,
243 810 344 846 Λοκροὶ
372 810 532 845 μαχόμενοι,
547 809 610 836 ἐπεὶ
628 808 761 843 συγγενὴς
775 809 865 840 αὐτοῖς

92 855 146 888 Αἶας
166 853 249 892 ἦν,ὲν
272 857 307 892 τῇ
330 856 483 892 παρατάξει
507 855 600 891 χώραν
621 855 703 890 κενὴν
723 854 815 888 ἐῶσιν,
827 855 865 886 ὡς

92 901 158 936 δῆθεν
182 903 247 934 Δίας
272 903 303 929 ὲν
369 902 581 937 παρατάττοιτο.
611 900 865 936 Παρατεταγμένων

93 947 129 973 οὖν
145 949 171 975 ἐν
190 950 222 984 τῇ
235 948 306 984 πρὸς
325 948 519 983 Κροτωνιάτας
537 947 621 984 μάχῃ,
634 946 776 973 Λὺτολέων
791 947 865 981 Κρο-

91 994 207 1029 τωνιάτης
230 993 371 1029 ἠϐουλήθη
399 993 444 1020 διὰ
471 993 518 1020 τοῦ
547 993 731 1024 διαλείποντος
757 992 867 1018 διεκπε-

92 1038 163 1063 σείν⁶⁸
179 1039 278 1074 μέρους
310 1039 358 1065 καὶ
384 1038 577 1066 κυκλώσασθαι
612 1039 676 1070 τοὺς
707 1038 864 1073 πολεμίους.

90 1084 196 1118 Τρωθεὶς
217 1085 240 1111 δ’
263 1085 316 1112 ὑπὸ
339 1086 484 1120 φάσματος
498 1086 543 1112 τὸν
565 1085 652 1120 μηρὸν
673 1084 820 1120 ἀπετράπη
830 1084 866 1115 ⁵³,

90 1130 128 1155 καὶ
141 1131 330 1165 ὲσφακέλιζεν,
347 1132 399 1163 ἕως
416 1131 449 1158 ἂν
465 1131 536 1158 κατὰ
555 1130 679 1166 χρησμὸν
702 1131 742 1162 είς
765 1130 814 1165 τὴν
837 1130 866 1156 ὲν

90 1174 169 1210 Πόντῳ
182 1176 330 1212 Ἀχίλλειον
344 1178 426 1212 νῆσον
438 1177 507 1212 (ἐστι
520 1177 541 1203 δ’
555 1176 624 1211 αὕτη
642 1175 867 1211 παραπλεύσαντι

89 1221 127 1247 τὸν
141 1222 242 1258 Ἵστρον
265 1223 336 1259 ὑπὲρ
353 1224 404 1258 τῆς
425 1222 577 1257 Ταυρικῆς)
600 1222 690 1248 ἐκεῖσε
708 1229 866 1257 παραγεγο-

88 1265 142 1300 νὼς,
153 1269 198 1294 καὶ
212 1268 279 1300 τούς
292 1277 321 1294 τε
337 1268 436 1300 ἄλλους
448 1269 551 1304 ἥρωας
563 1267 799 1303 έκμειλιξάμενος,
816 1267 868 1301 μά-

88 1312 154 1340 λιστα
173 1314 200 1341 δὲ
220 1314 273 1349 τὴν
290 1314 404 1346 Αίαντος
417 1313 464 1341 τοῦ
478 1313 584 1350 Λοκροῦ
599 1314 699 1349 ψυχὴν,
717 1313 791 1348 ἰάθη.
807 1313 867 1340 Κὰ-

88 1359 164 1384 κεῐοεν
176 1360 314 1391 ὲξιόντα⁷ο
327 1359 510 1394 ἀπαγγέλλειν
523 1358 604 1385 αὐτὸν
620 1359 777 1394 Στησιχόρῳ
794 1358 868 1384 Ἑλέ-

87 1413 113 1439 νη
134 1405 236 1432 κελεύει
256 1406 309 1440 τὴν
329 1407 369 1438 εἰς
388 1406 474 1440 αὐτὴν
488 1405 571 1441 ᾄδειν,
586 1406 610 1432 εί
631 1405 704 1439 φιλεί
717 1406 766 1435 τὰς
780 1405 866 1440 δψεις,

88 1450 250 1487 παλινῳδίαν.
272 1452 440 1487 Στησίχορος
465 1452 488 1478 δ’
504 1451 604 1478 αὐτίκα
631 1451 731 1487 ὕμνους
757 1451 868 1486 Ἑλένης

87 1497 214 1525 συντάττει
228 1499 280 1525 καὶ
293 1498 343 1534 τὴν
361 1498 421 1532 ὄψιν
438 1498 643 1533 ἀνακομίζεται.

121 1587 150 1614 Ἦ
167 1588 198 1615 ιϐ’
209 1589 247 1621 ὡς
263 1587 387 1623 Ψαμάθη
402 1588 419 1624 ἠ
441 1587 592 1623 Κροτώπου
600 1587 622 1603 τι
649 1587 679 1620 ἐξ
697 1586 866 1619 ’Λπόλλωνος

85 1631 147 1666 κύει,
162 1635 208 1661 καὶ
224 1635 357 1666 τεκοῦσα,
377 1635 439 1660 ἐπεὶ
450 1635 496 1660 τὸν
511 1634 619 1669 πατέρα
634 1633 776 1666 ἐδεδοίκει,
793 1633 866 1660 ἐκτί-

86 1678 161 1712 Θεται,
175 1681 253 1707 Λίνον
273 1681 443 1715 ὀνομάσασα.
468 1681 524 1707 Καὶ
547 1681 561 1707 ὁ
588 1679 734 1714 δεξάμενος
764 1679 866 1715 ποιμὴν

86 1724 116 1755 ὡς
131 1725 192 1752 ίδιον
207 1726 355 1762 ἀνέτρεφε,
370 1726 417 1752 καί
434 1735 500 1753 ποτε
525 1726 549 1752 οἱ
574 1726 624 1761 τῆς
643 1726 764 1761 ποίμνης
786 1725 867 1757 κύνες

86 1769 221 1799 διέσπασαν
239 1773 336 1800 αὐτόν.
359 1772 392 1799 Ἡ
408 1773 436 1799 δὲ
455 1772 677 1807 ὑπερπαθήσασα
703 1771 867 1807 κατάφωρος

85 1816 252 1854 γίνεταιτῴπ
267 1820 363 1854 πατρὶ.
377 1819 425 1845 καὶ
436 1818 542 1851 δικάζει
551 1819 620 1854 αὐτῇ
631 1819 755 1851 θάνατον,
765 1827 868 1854 πεπορ-

86 1862 183 1890 νεῦσθαι
206 1865 254 1891 καὶ
284 1864 501 1899 καταψεύδεσθαι
525 1864 609 1900 αὐτὴν
628 1864 794 1896 ’Λπόλλωνος
809 1865 867 1900 οίη-

86 1907 142 1939 θείς.
163 1910 306 1938 Ἀπόλλων
325 1911 353 1937 δὲ
376 1911 416 1946 τῷ
432 1911 481 1946 τῆς
493 1911 635 1946 ἐρωμένης
650 1911 723 1945 φόνῳ
738 1910 867 1945 χολωθεὶς

86 1951 140 1989 [655
154 1956 197 1992 3.]
211 1957 303 1992 λοιμῷ
317 1957 428 1989 κολάζει
455 1958 519 1988 τοὺς
538 1957 688 1993 Ἀργείους.
714 1957 770 1984 Καὶ
794 1965 866 1992 χρω-

87 2002 166 2034 μένοις
190 2005 262 2040 ὑπὲρ
286 2003 446 2038 ἀπαλλαγῆς
466 2004 605 2039 Ψαμάθην
627 2004 716 2030 ἀνεῖλε
731 2003 778 2031 καὶ
789 2003 868 2030 Λίνον

85 2047 243 2078 ἱλάσκεσθαι.
261 2052 296 2077 Οἱ
312 2051 340 2076 δὲ
354 2051 388 2077 τά
401 2059 431 2076 τε
453 2050 521 2077 ἄλλα
544 2051 677 2086 ἐτίμησαν
692 2051 800 2083 αὐτοὺς,
821 2050 868 2077 καὶ

85 2093 172 2126 γύναια
186 2097 245 2132 ἅμα
266 2097 364 2131 κόραις
388 2096 513 2131 ἔπεμπον
543 2096 652 2132 θρηνεῖν
678 2096 773 2123 Λίνον·
790 2097 819 2123 αἱ
840 2096 868 2122 δὲ

85 2140 190 2177 θρήνους
208 2143 379 2175 ἀντιϐολίαις
399 2144 531 2178 μιγνῠσαι
556 2143 605 2174 τάς
628 2152 656 2169 τε
682 2143 794 2169 ἐκείνων
821 2143 869 2169 καὶ

83 2185 125 2218 τὰς
139 2191 274 2225 σφετέρας
296 2189 437 2216 ἀνέκλαιον
451 2189 546 2224 τύχας.
568 2189 622 2215 Καὶ
649 2188 735 2220 οὕτως
760 2186 794 2224 ἦν
822 2189 868 2215 ἐκ-

915 261 1023 289 quoque
1038 253 1158 288 prmfert.
1182 253 1271 287 justus
1289 263 1296 280 :
1314 253 1423 289 Syleum
1449 253 1545 288 1330
1571 261 1636 281 vero
1662 254 1707 281 in-

913 300 1012 335 juriam
1038 300 1094 336 (9|)
1121 300 1181 328 aliis
1209 300 1370 327 inferentem
1401 300 1532 327 Hercules
1558 300 1705 328 interfecit.

915 350 938 376 A
954 349 1043 376 Dicaeo
1054 348 1153 376 deinde
1168 348 1288 383 hospitio
1308 353 1449 382 exceptus,
1475 353 1503 374 et
1530 355 1624 375 amore
1645 347 1707 375 filia:

917 395 988 430 Sylei
998 395 1065 431 (92),
1077 403 1158 430 quam
1168 395 1239 429 apud
1256 395 1329 422 illum
1347 395 1456 422 educari
1472 394 1587 427 viderat,
1600 398 1706 429 captus,

917 450 1029 470 uxorem
1056 449 1116 469 eam
1131 442 1219 469 duxit.
1258 441 1305 468 Illa
1333 441 1441 468 interim
1467 447 1577 476 peregre
1601 441 1708 475 agentis

917 487 1041 516 Herculis
1064 488 1199 516 desiderio
1221 494 1368 522 amoreque
1394 487 1497 520 saucia,
1529 487 1643 515 interiit.
1667 485 1707 514 lbi

918 534 1048 562 Hercules
1065 542 1127 562 cum
1151 541 1248 562 recens
1266 538 1379 560 mortuae
1406 532 1494 560 funeri
1511 532 1583 560 forte
1599 533 1707 560 rediens

918 580 1120 612 intervenisset,
1137 580 1165 606 in
1178 579 1267 615 ignem
1281 587 1332 606 una
1344 579 1517 606 cremandum
1528 586 1557 606 se
1575 579 1708 614 conjecis-

917 630 968 658 set,
997 625 1234 660 uisiquiaderaut
1262 625 1409 659 exsequiis,
1435 632 1507 660 aegre
1527 625 1635 652 tandem
1651 625 1708 652 dis-

916 672 1065 703 suadendo.
1096 671 1309 706 prohibuissent.
1350 670 1438 698 Vicini
1469 678 1560 705 porro,
1591 670 1707 698 Hercule

914 717 971 752 jam
983 717 1116 753 profecto,
1137 717 1232 752 puellae
1254 717 1407 752 sepulcrum
1422 717 1536 744 aedificio
1552 718 1706 751 cinxerttnt,

917 771 949 791 ac
961 771 1009 798 pro
1025 768 1201 792 monumento
1218 764 1309 791 fanum
1326 763 1451 791 Herculis
1470 763 1628 792 eﬂ'ecerunt.

949 810 1050 838 Octava
1074 811 1178 838 decima
1199 818 1207 838 :
1226 810 1305 837 Locri
1334 814 1495 844 pugnantes,
1518 811 1591 844 quod
1622 809 1710 844 gentis

917 857 1037 892 ejusdem
1053 857 1120 892 Ajax
1137 857 1228 890 fuerit,
1250 857 1277 884 in
1302 857 1360 884 acie
1386 857 1518 884 instructa
1541 863 1656 883 vacuum
1669 855 1708 883 illi

919 903 1007 930 locum
1022 902 1178 937 relinquere
1188 902 1286 934 solent,
1306 901 1418 936 perinde
1430 909 1462 928 ac
1475 901 1498 929 si
1519 901 1545 928 in
1562 908 1595 928 eo
1613 900 1708 928 ordine

916 949 1094 977 constitisset.
1123 949 1160 975 Ita
1185 956 1250 983 ergo
1271 955 1333 976 cum
1354 947 1471 975 ordinati
1493 951 1598 974 starent
1625 946 1651 974 in
1674 953 1708 973 eo

916 995 1013 1030 prcelio
1024 994 1096 1029 quod
1109 994 1176 1029 ipsis
1188 1001 1250 1022 cum
1265 993 1432 1021 Crotoniatis
1446 993 1508 1024 fuit,
1522 992 1607 1020 voluit
1620 993 1693 1019 Auto

917 1042 976 1069 leon
987 1041 1157 1069 Crotoniates
1169 1048 1217 1075 per
1227 1048 1339 1068 vacuam
1351 1040 1422 1067 illam
1436 1044 1539 1074 partem
1553 1045 1705 1073 erumpere,

917 1088 1065 1122 hostesque
1088 1087 1207 1122 cingere.
1243 1085 1341 1113 Verum
1352 1094 1368 1113 ιι
1381 1091 1489 1120 spectro
1505 1085 1661 1113 vulneratus
1677 1085 1705 1112 in

917 1134 1032 1168 femore,
1057 1133 1124 1169 fugit
1142 1139 1222 1169 atque
1235 1133 1427 1160 contabescere
1450 1133 1543 1167 coepit,
1571 1132 1658 1161 donec
1671 1140 1706 1161 ex

918 1181 1027 1208 oracttlo
1048 1181 1075 1208 in
1093 1180 1209 1208 insulam
1232 1180 1311 1207 Ponti
1340 1179 1490 1208 Achilleum
1513 1179 1584 1215 (qute
1609 1179 1705 1206 Istrum

917 1227 1157 1263 praeternaviganti
1181 1235 1261 1262 supra
1279 1226 1422 1254 Tauricam
1438 1226 1490 1254 sita
1509 1226 1573 1262 est),
1589 1226 1705 1259 delattts,

918 1282 978 1302 cum
1006 1274 1074 1301 alios
1104 1273 1139 1300 ibi
1171 1273 1278 1306 heroas,
1311 1276 1366 1298 tum
1383 1279 1447 1299 vero
1474 1271 1591 1298 maxime
1618 1271 1707 1304 Aiacis

917 1319 1062 1348 Locrensis
1089 1326 1182 1346 manes
1200 1318 1341 1353 placando,
1357 1323 1467 1346 sanatus
1481 1323 1530 1346 est.
1549 1318 1706 1353 pecedenti

917 1368 1006 1391 autem
1026 1363 1087 1390 inde
1104 1362 1203 1390 Helena
1221 1363 1357 1397 negotium
1372 1362 1456 1394 dedit,
1471 1362 1625 1390 Stesichoro
1650 1363 1706 1397 (95)

918 1414 946 1436 ut
963 1410 1107 1442 nuntiaret,
1131 1409 1154 1436 si
1169 1409 1264 1436 oculos
1286 1414 1478 1443 aspectumque
1490 1415 1605 1442 amaret,
1620 1410 1707 1445 palin-

917 1456 1006 1483 odiam
1041 1463 1136 1483 eorum
1163 1460 1291 1487 caneret,
1318 1463 1378 1490 quae
1402 1456 1429 1483 in
1454 1463 1484 1484 se
1511 1457 1705 1491 conspexisset.

919 1501 1094 1529 Stesichorus
1110 1502 1193 1535 igitur
1206 1503 1349 1530 confestim
1363 1503 1476 1537 hymnos
1491 1503 1517 1529 in
1530 1502 1637 1530 Helenm
1650 1503 1708 1530 lau-

879 1557 902 1589 ρ
919 1548 980 1575 dem
996 1548 1157 1582 composuit,
1173 1548 1367 1583 oculorumque
1384 1548 1475 1576 lumen
1492 1550 1671 1584 recuperavit.

950 1593 1026 1622 Nona
1039 1594 1142 1622 decima
1156 1594 1383 1630 :Psamathe(94)
1391 1595 1499 1630 Crotopi
1516 1595 1569 1622 filia
1586 1603 1619 1623 ex
1628 1595 1708 1630 Apol-

915 1639 970 1667 line
993 1641 1104 1676 gravida
1131 1642 1246 1675 peperit,
1275 1647 1436 1675 patremque
1465 1641 1550 1668 verita
1575 1641 1706 1668 infantem

915 1686 1051 1721 exposuit,
1071 1685 1132 1713 Lini
1160 1686 1270 1714 nomine
1281 1687 1374 1714 indito.
1393 1685 1489 1714 Pastor
1504 1691 1639 1720 repertum
1658 1694 1708 1721 pro

916 1739 968 1759 suo
990 1732 1133 1764 educavit,
1159 1732 1206 1759 sed
1228 1732 1318 1767 gregis
1336 1738 1418 1759 canes
1439 1731 1568 1758 infantem
1585 1731 1654 1758 forte
1667 1731 1707 1758 la-

917 1782 1057 1805 cerarunt.
1082 1778 1130 1804 llla
1154 1785 1219 1805 vero
1244 1786 1305 1805 cttm
1328 1778 1420 1805 dolore
1443 1785 1476 1804 cx
1494 1785 1526 1805 eo
1543 1777 1621 1804 valde
1631 1785 1707 1805 com-

916 1829 1082 1857 moveretur,
1106 1825 1318 1858 deprehenditur
1336 1833 1350 1852 a
1368 1830 1454 1859 patre,
1481 1824 1526 1858 qui
1552 1829 1707 1858 corruptam

916 1877 988 1902 eam,
1013 1875 1042 1897 et
1069 1869 1137 1897 falso
1153 1871 1179 1896 in
1195 1870 1346 1904 Apollinem
1362 1870 1456 1897 vitium
1473 1869 1575 1897 referre
1589 1869 1707 1897 arbitra-

918 1918 970 1945 tus,
981 1914 1078 1949 capitis
1091 1914 1214 1941 damnat.
1229 1913 1318 1947 Quare
1326 1913 1431 1948 Apollo,
1443 1915 1478 1941 ob
1495 1918 1591 1940 amatae
1606 1913 1706 1941 caedem

917 1960 957 1987 ira
971 1963 1134 1992 commotus,
1149 1963 1228 1994 peste
1245 1959 1360 1994 Argivos
1383 1960 1500 1992 vexavit,
1513 1959 1708 1994 consultusque

918 2007 952 2033 de
965 2007 1174 2033 averruncando
1201 2006 1282 2039 malo,
1305 2005 1468 2033 Psamathen
1497 2010 1524 2033 et
1538 2005 1634 2033 Linum
1649 2007 1708 2041 pla-

918 2053 1022 2080 candos
1038 2052 1187 2087 respondit.
1218 2052 1258 2080 llli
1272 2059 1336 2080 vero
1350 2057 1448 2086 prmter
1464 2057 1576 2080 exteros
1592 2053 1708 2079 honores

918 2096 972 2124 illis
987 2097 1133 2129 exhibitas,
1170 2096 1285 2124 feminas
1308 2097 1390 2124 etiam
1418 2104 1478 2124 cum
1502 2096 1651 2131 virginibus
1673 2097 1708 2124 ad

918 2142 1016 2170 Linum
1043 2143 1237 2177 deplorandum
1260 2143 1394 2170 miserunt
1410 2152 1416 2170 ε
1432 2150 1491 2177 qua:
1507 2150 1568 2170 cum
1585 2142 1709 2178 deplora-

921 2189 1006 2216 tiones
1016 2189 1241 2217 obtestationibus
1254 2190 1413 2221 miscerent,
1425 2197 1478 2217 non
1490 2189 1597 2216 illorum
1606 2189 1707 2220 solum,

85 2234 183 2268 πρεπὴς
198 2235 212 2261 ὁ
225 2235 275 2261 ἐπὶ
290 2234 364 2270 Λίνῳ
380 2234 488 2269 θρῆνος,
501 2234 539 2265 ὼς
565 2234 614 2261 ἀπ’
626 2233 738 2260 ἐκείνων
752 2233 799 2260 καὶ
814 2233 866 2264 τοῖς

923 2235 969 2263 sed
980 2242 1029 2262 sua
1042 2236 1124 2262 etiam
1144 2234 1293 2262 infortunia
1314 2235 1501 2269 deplorabant.
1519 2235 1594 2263 Adeo
1616 2239 1706 2262 autem

84 2278 168 2306 ἔπειτα
192 2281 325 2315 ποιηταῖς
347 2283 447 2312 παντὸς
469 2280 575 2311 πάθους
601 2279 761 2315 παρενθήκη
789 2279 868 2310 Λίνος

922 2280 1049 2307 decenter
1057 2279 1152 2308 Linum
1169 2280 1221 2308 illae
1234 2281 1372 2314 luxerunt,
1386 2286 1415 2308 ut
1427 2288 1459 2307 ex
1469 2288 1502 2308 eo
1515 2288 1530 2308 a
1543 2281 1628 2315 poetis
1639 2280 1708 2315 (95),

733 2367 853 2395 VARIIE
873 2367 1076 2395 LECTIONES.

123 2439 143 2455 “
165 2439 361 2476 ἩρακλέωςΑ
377 2448 383 2465 :
406 2437 437 2464 'H
458 2437 555 2469 ακλέος
571 2445 600 2468 ς.
636 2435 657 2452 "
674 2437 705 2463 'H
725 2437 822 2468 ακλέος
835 2446 865 2469 ς.
904 2436 926 2453 ⁸³
938 2438 1064 2464 ἐκπεσεῖν
1078 2446 1108 2469 ς.
1150 2438 1172 2455 ⁶⁹
1187 2439 1318 2475 ἀπεσὰπη
1344 2439 1468 2468 Pierson.
1497 2440 1581 2470 Moer.
1596 2442 1657 2471 add.
1681 2447 1709 2469 et

125 2476 172 2505 ria.
187 2476 221 2504 ad
235 2483 262 2505 ν.
277 2474 341 2502 542.
379 2474 401 2489 ⁷⁰
417 2446 497 2505 ὲίιςών
506 2473 539 2498 Α.
577 2472 599 2488 ⁷¹
614 2446 737 2505 Ψαμήθὶη
761 2473 778 2505 ἡ
792 2472 936 2505 Κροτόπου
957 2473 992 2499 .A.
1030 2473 1053 2488 "‘
1066 2473 1116 2505 τῷ]
1137 2474 1183 2501 καὶ
1198 2474 1237 2505 τῷ
1249 2475 1282 2501 Α.

83 2476 172 2510 corrig.
187 2471 221 2504 a‘d
235 2483 262 2509 p.
277 2474 341 2502 542.
379 2474 401 2489 ⁷⁰
417 2471 497 2505 ἐξιών
506 2473 539 2498 Α.
577 2472 599 2488 ⁷¹
614 2471 700 2508 Ψαμή

721 2482 737 2508 η
761 2473 778 2508 ἡ
792 2472 936 2507 Κροτόπου
957 2473 992 2499 .A.
1030 2473 1053 2488 "‘
1066 2473 1116 2509 τῷ]
1137 2474 1183 2501 καὶ
1198 2474 1237 2509 τῷ
1249 2475 1282 2501 Α.

829 2539 936 2567 NOTAE.

116 2602 166 2638 (90)
187 2604 309 2631 Dicaeam
322 2601 438 2638 Thracia
465 2599 561 2626 urbem
582 2597 617 2625 ab
633 2597 684 2624 hoc
695 2603 792 2624 nomen
810 2602 865 2624 tra-

85 2636 149 2665 ﬁsse
160 2638 256 2673 Steph.
274 2637 358 2665 tradit
371 2636 397 2663 iu
411 2642 442 2673 ea
458 2641 534 2673 voce.
553 2669 559 2673 _
616 2667 626 2673 _
659 2667 664 2673 _

109 2673 160 2710 (9t)
178 2667 343 2710 Péregrinos
359 2669 605 2710 per‘Aulidetniter
615 2667 866 2710 facientesAt‘elrram

84 2703 167 2736 foder'e
183 2703 594 2743 compulisse'relert_Apollod.
623 2703 670 2730 lib.
687 2710 707 2729 tt
736 2703 865 2730 Biblioth.

109 2743 162 2779 (92)
176 2738 336 2779 Xenodicen
352 2747 440 2779 tamen
457 2740 530 2774 Sylei
546 2738 629 2765 ﬁliam
643 2745 695 2765 una
712 2745 774 2765 cum
789 2744 867 2773 patre

84 2776 193 2806 oecisam
212 2778 313 2806 scribit
325 2776 448 2811 Apollod.
465 2782 539 2808 supr.

113 2814 165 2848 (95)
182 2815 252 2842 Vide
277 2807 402 2848 Isocratis
415 2807 561 2848 Eucoinion
575 2807 682 2835 Helenen
696 2817 722 2848 ξ.
737 2808 819 2848 Suid_._
838 2812 866 2835 et

85 2843 186 2883 Gfrald.
198 2849 272 2876 Hist.
288 2853 358 2882 poet.
368 2847 445 2874 Dion.
455 2845 682 2883 Chrysost.norat.
694 2843 737 2883 ti,
748 2849 778 2883 et
786 2843 864 2883 alios.

87 2878 157 2913 F5150
172 2890 264 2913 autem
279 2878 350 2912 hanc
364 2878 549 2909 narrationem
565 2878 667 2908 referre
679 2879 736 2907 vult
748 2878 863 2907 Ptolem.

920 2597 1056 2631 Hephmsl.
1071 2598 1119 2625 inf.
1137 2598 1197 2625 cod.
1214 2598 1275 2625 190.

955 2634 1010 2667 (9A)
1029 2633 1216 2660 Narrationettt
1245 2634 1313 2661 hanc
1336 2642 1396 2661 cum
1424 2635 1541 2664 Pausan.
1571 2638 1597 2664 in
1624 2638 1730 2668 Attic..

921 2675 1080 2701 comparare
1097 2669 1211 2701 pretiutn
1228 2676 1317 2702 opera:
1331 2670 1421 2697 fuerit.

955 2703 1011 2737 (95)
1026 2703 1102 2736 Quod
1118 2708 1216 2737 praeter
1228 2704 1375 2731 chterum
1386 2707 1468 2733 etiam
1483 2707 1617 2735 Hesiodus
1628 2708 1709 2736 docet

918 2739 988 2776 apud
1002 2738 1126 2776 Eustath.
1143 2737 1341 2776 ad‘vers._570,
1358 2739 1440 2769 Iliad.
1458 2742 1486 2769 Σ.
1505 2742 1555 2770 Ubi
1574 2743 1649 2776 plura
1674 2745 1708 2770 de

917 2773 997 2805 Lino,
1014 2775 1100 2810 deque
1111 2773 1246 2810 appellato
1255 2774 1288 2810 ab
1300 2783 1332 2802 eo
1343 2777 1474 2809 carmine,
1485 2778 1555 2810 quod
1564 2773 1590 2803 et
1598 2778 1705 2804 Λῖλινον

917 2812 959 2835 est
973 2808 1153 2848 uominatuut.
1166 2808 1318 2848 Hesychius
1328 2818 1435 2848 quoque
1443 2808 1523 2848 Λίνον
1535 2812 1607 2848 ᾠδῆς
1620 2813 1706 2848 ὄνομα

917 2843 988 2882 κατᾶ
1017 2844 1071 2882 μῇ.
1093 2852 1171 2874 τινας
1190 2844 1250 2882 -ᾁπὸ
1269 2845 1320 2882 ξοῦ
1336 2843 1470 2882 έκλωστοῦ
1485 2843 1569 2882 λίνου,
1584 2843 1703 2877 ’ἡυιωίίμ

920 2878 985 2907 Vide
998 2885 1025 2907 et
1042 2878 1172 2907 Thesaur.
1189 2879 1253 2915 ling.
1264 2879 1363 2909 σπι-ωερε
1380 2880 1412 2908 ll.
1433 2882 1474 2910 St.

1418 2942 1432 2953 ρ
