1923 3091
194 179 250 210 559

772 172 906 203 PHOTII
920 169 1172 202 PATRIARCHJE
1191 169 1245 199 (ΣΡ.

1768 163 1820 195 560

197 238 242 271 qui
270 236 397 270 deinceps
420 234 503 261 secuti
516 238 589 266 sunt,
613 233 639 260 in
662 215 734 259 omni
750 238 827 266 ραιηο
851 231 982 257 lamenta-

1051 229 1137 255 .δεται.
1153 227 1235 262 Μῆνά
1248 235 1277 253 τε
1288 225 1433 261 ὠνόμασαν
1446 225 1563 261 ἀρνεῖον,
1577 224 1618 250 ὅτι
1629 224 1726 258 άρνάσι
1742 224 1821 254 Λίνος

198 281 301 308 tienum
315 286 413 314 genere
426 278 509 305 Linus
523 278 682 306 decantatus
701 277 846 304 inseratur.
868 276 937 309 Quin
954 281 982 302 et

197 332 318 352 mensem
329 324 428 360 135.11
443 324 561 350 Arneum
570 323 626 359 (96)
638 322 817 357 appellarunt,
830 322 900 356 quod
913 322 982 348 inter

199 378 282 404 agnos
291 370 372 397 Linus
385 371 514 397 educatus
524 369 629 396 fuisset.
647 369 702 396 lmo
709 368 874 396 sacriﬁcium
883 369 981 398 eidem.

197 415 351 450 festumque
365 417 448 448 diem,
471 415 571 442 Arnida
586 420 731 449 utrumque
746 415 922 447 nominatum,
943 414 984 440 iu-

198 461 355 493 stituerunt,
376 466 525 493 mactanles
538 468 570 487 eo
585 460 637 493 die,
662 465 795 494 quotquot
819 459 924 494 uspiam
941 465 985 486 re-

192 508 288 542 perire
300 515 382 535 canes
403 507 566 542 potuissent.
585 505 619 532 At
645 513 677 533 ne
693 506 732 532 sic
747 505 855 538 quidem
868 505 986 532 cessavit

1034 275 1221 310 συνανετράφη
1232 282 1238 288 ’
1256 274 1303 299 καὶ
1321 273 1416 299 θυσίαν
1435 272 1532 306 ἄγουσι
1547 271 1594 298 καὶ
1607 270 1704 305 ἑορτὴν
1715 269 1820 304 ἀρνῑδα,

1033 322 1186 353 κτείνοντες
1199 321 1259 347 ἐν⁷³
1273 319 1365 355 ἐκείνῃ
1380 320 1413 354 τῇ
1423 318 1514 354 ἡμέρᾳ
1523 318 1570 344 καὶ
1585 317 1674 344 κυνῶν
1691 317 1770 347 ὅσους
1789 316 1822 342 ἂν

1035 368 1146 404 εὕρωσι.
1177 367 1231 393 Καὶ
1245 366 1299 393 οὐδ’
1317 365 1403 396 οὕτως
1418 364 1511 399 ἐλώιρα
1525 364 1556 390 es
1571 363 1667 393 κακὸν,
1681 362 1733 393 ἓως
1751 361 1820 395 Κρό⁴

1035 422 1125 446 τωπος
1142 412 1214 440 κατά
1229 412 1354 448 χρησμὸν
1377 412 1453 438 ἔλιπε
1478 412 1508 437 τὸ
1525 411 1637 445 Ἄργος,
1664 408 1710 434 καὶ
1728 406 1825 437 κτίσας

1037 460 1116 486 πόλιν
1130 461 1158 485 ἐν
1183 459 1216 494 τῇ
1243 457 1378 493 Μεγαρίδι
1393 457 1441 484 καὶ
1453 455 1645 492 Τριποδίσκιον
1658 451 1825 481 ἐπικαλέσας

1038 505 1210 540 κατῴκησεν.

197 555 309 587 malum,
325 555 411 581 donec
425 553 559 586 Crotopus
576 552 631 587 (97)
653 552 709 587 ipse
724 552 813 586 Argos
827 558 860 579 ex
876 551 986 578 oracolo
1002 552 1121 587 reliquit,
1147 551 1337 585 conditamque
1351 549 1445 577 urbem
1471 548 1498 575 in
1520 545 1658 582 Megaride
1683 543 1824 579 Tripodis-

197 603 269 631 cium
287 603 395 630 nomine
406 601 577 628 lnhahitavit.

235 649 368 676 Vicesilna
382 657 389 674 :
402 647 535 674 Theoelus
547 645 732 673 Chalcidensis
743 649 837 679 captus
850 652 865 672 a
874 644 983 672 Bisaltis

200 696 335 732 (Thracia:
346 694 372 721 hi
383 693 473 728 populi
482 696 594 725 sunt,cx
605 693 747 719 adversum
759 691 985 718 Palleneshaben-

203 741 266 776 tes)
282 740 474 769 Chalcidenses
490 739 548 775 (98)
571 739 676 766 occulte
697 739 852 771 accersens,
871 737 986 764 Bisaltas

202 787 334 823 prodidit.
348 786 503 817 Turbaruut
516 786 606 819 itaque
617 785 732 820 primum
745 784 781 810 illi
795 784 881 810 subita
891 791 938 810 sua
951 783 988 809 ir-

202 833 327 868 ruptione
346 831 471 863 Bisaltas,
498 835 559 866 post
583 831 664 858 etiam
692 830 763 856 intra
794 830 892 857 rnmuia
915 837 984 856 cum.

1074 644 1107 670 ἸΙ
1136 646 1160 670 κ’
1188 641 1225 673 ὼς
1248 640 1389 671 Θέοκλοςό
1403 637 1555 668 Χαλκιδεὺς
1580 635 1753 670 αἰχμάλωτος
1775 633 1828 659 ὑπὸ

1036 689 1175 716 Βισαλτῶν
1189 687 1308 722 γεγονὼς
1323 685 1357 722 (οἱ
1372 685 1400 712 δὲ
1419 683 1546 711 Βισάλται
1575 680 1713 717 Θρᾳκικὸν
1740 678 1827 710 ἔθνος,

1037 735 1170 771 ἀντίπερα
1196 733 1340 768 Παλλήνης
1356 730 1515 761 οἰκοῦντες),
1528 725 1605 758 οὗτος
1619 725 1763 757 Χαλκιδεῖς
1777 725 1828 771 λάξ

1039 781 1091 815 θρα
1104 780 1127 795 ⁷⁸
1156 777 1406 814 μεταπεμψάμενος
1430 774 1574 810 προδίδωσι
1604 771 1754 802 Βισάλτας·
1779 770 1829 796 καὶ

1040 826 1118 853 αὐτοὶ
1133 825 1241 861 πρῶτον
1257 824 1305 858 μὲν
1319 823 1358 858 τῷ
1374 821 1500 856 αἰφνιδίῳ
1525 819 1660 854 ἐτάραξαν
1684 817 1827 849 Βισάλτας,

202 879 303 915 pulsos,
316 883 342 906 et
357 877 450 904 Bucoli
463 885 494 904 ac
505 876 563 904 Doli
579 877 649 910 apud
664 883 709 903 eos
724 876 890 909 captivorum
907 882 987 909 opera

1051 872 1101 900 ,ἷτα
1116 873 1254 907 τειχήρεις
1276 872 1438 905 ποιήσαντες
1455 867 1581 903 βουκόλου
1604 866 1672 902 δόλῳ
1689 863 1831 900 αἰχμαλώ-

203 926 298 953 urhem
313 924 451 958 capientes
463 943 470 955 ,
488 922 602 949 Bisaltas
618 922 738 956 ejiciunt.
756 921 883 948 Bttcolurn
899 925 986 947 tamen

203 971 367 1004 proditorem
381 973 458 1004 rupta
470 968 521 995 tide
532 967 586 1001 iam
601 967 661 994 data
680 975 741 993 cum
757 966 930 997 occidissent,
947 965 989 992 di-

204 1017 269 1044 vina
289 1021 430 1050 propterea
454 1014 480 1040 in
497 1020 543 1041 eos
567 1012 606 1040 ira
630 1013 718 1045 irruit,
735 1012 820 1039 donec
834 1019 864 1038 ex
880 1011 989 1038 oraculo

204 1061 346 1098 pulchrum
372 1059 470 1087 Bucolo
499 1059 536 1086 illi
562 1063 766 1086 monumentum
797 1063 936 1092 ponentes,
964 1060 991 1084 et

206 1112 334 1141 tanquam
365 1105 440 1133 heroi
458 1104 658 1135 sacriﬁcantes.
674 1103 774 1130 tualum
789 1103 896 1130 tandem
913 1109 991 1130 aver-

205 1157 306 1180 terunt.

241 1242 375 1270 Vicesima
397 1241 483 1276 prima
504 1250 511 1267 :
534 1239 675 1267 Dardanus
690 1243 718 1267 et
735 1239 817 1266 Jason
830 1238 903 1266 Jovis
913 1241 992 1264 erant

206 1289 256 1318 ﬁlii
279 1296 314 1316 ex
341 1288 449 1315 Electra
470 1287 588 1314 Atlantis
619 1286 685 1318 ﬁlia,
707 1285 919 1318 habitabautque
941 1284 992 1311 Sa—

207 1337 384 1364 mothraciam
414 1335 540 1362 insulam.
565 1334 665 1362 Verum
680 1333 762 1361 Jason
789 1332 846 1368 (99)
861 1339 993 1366 apparens

206 1383 316 1412 Cereris
332 1386 468 1416 spectrum
485 1380 590 1408 fcedare
620 1384 714 1414 stupro
739 1383 864 1410 conatus,
882 1378 994 1405 fulmine

209 1429 280 1456 ictus
295 1427 409 1454 interiit.
421 1427 564 1454 Dardanus
579 1430 667 1453 autem
685 1425 777 1452 fratris
791 1424 912 1459 exemplo
927 1431 994 1451 eou-

211 1473 321 1502 territus
334 1473 360 1500 in
375 1472 526 1507 oppositam
545 1476 656 1503 terram,
669 1471 712 1498 ubi
725 1471 782 1504 agri
798 1470 886 1502 multi,
901 1477 994 1497 mons-

210 1527 264 1555 que
276 1519 320 1546 lda
335 1518 395 1550 fuit,
412 1518 515 1545 ratibus
527 1517 656 1552 (nondum
671 1517 742 1544 enim
751 1516 920 1551 navigiorum
932 1523 995 1543 usus

211 1563 282 1600 erat)
305 1563 443 1598 profectus
457 1568 508 1590 est.
527 1562 564 1589 Ea
588 1569 654 1589 vero
677 1566 839 1596 tempestate
861 1561 997 1595 regionem

212 1611 285 1639 illam
302 1609 409 1637 tenebat
424 1609 538 1642 Teucer,
561 1608 718 1636 Scamandri
740 1607 859 1635 ﬂuminis
875 1612 902 1635 et
919 1614 998 1642 nym-

214 1657 274 1692 pha:
289 1655 377 1691 μύκαι
394 1653 450 1690 (1)]
467 1654 538 1681 lilius
556 1662 563 1681 :
584 1662 598 1680 a
614 1661 667 1688 quo
694 1653 791 1680 Teucri
813 1652 907 1680 incola:
921 1652 997 1684 dicti,

213 1707 243 1730 et
255 1702 368 1730 Teucria
386 1702 471 1736 regio.
485 1700 552 1728 Cum
574 1700 619 1728 illo
645 1699 785 1727 Dardanus
810 1705 936 1726 sermone
953 1698 1000 1724 ha-

215 1749 272 1776 bito
287 1748 426 1775 dimidiam
440 1747 558 1782 regionis
578 1751 681 1780 partem
704 1745 822 1780 accipit:
841 1745 999 1778 urbemque,

217 1794 261 1821 ubi
270 1795 370 1821 ratibus
378 1793 504 1828 appulsus
514 1792 701 1824 exscenderal,
709 1791 871 1819 Dardaniam
881 1790 999 1821 nomine.

216 1839 370 1868 aediﬁcavit.
392 1838 498 1866 Teucro
510 1838 606 1865 deinde
616 1838 670 1864 vita
682 1837 786 1870 functo,
808 1836 897 1864 omnis
909 1843 942 1863 ea
953 1843 1001 1863 ora

218 1887 244 1913 in
260 1885 376 1912 Dardani
393 1884 521 1912 ditionem
542 1884 683 1910 concessit.

254 1932 390 1959 Vicesima
419 1931 536 1958 secunda
553 1928 591 1965 (2)
609 1930 750 1957 :Cretensi
775 1937 859 1965 puero
874 1933 1002 1964 tanquam

219 1985 269 2013 pro
284 1976 386 2004 amasio
403 1976 482 2003 datus
497 1981 541 2003 est
559 1976 685 2003 dracoais
715 1975 797 2003 fetus.
815 1975 893 2002 Hunc
907 1983 939 2002 eo
956 1983 1004 2002 us-

219 2031 272 2058 que
283 2023 408 2050 educavit
423 2022 477 2056 ille,
503 2022 682 2057 studioseque
703 2022 819 2054 curavit,
842 2022 906 2049 dum
923 2029 1005 2056 gran-

220 2071 279 2097 dior
291 2068 378 2096 factus
390 2075 489 2096 metum
502 2069 582 2096 etiam
598 2069 692 2096 incolis
706 2068 841 2104 injiceret.
854 2068 1007 2102 Coegerunt

220 2116 311 2150 itaque
334 2123 447 2149 puerum
466 2115 492 2141 iu
508 2115 680 2142 solitudinem
717 2115 863 2142 draconem
889 2113 1004 2141 deferre.

221 2162 253 2189 Et
266 2162 355 2197 paruit
374 2161 428 2194 ille,
452 2161 564 2188 multum
590 2161 709 2196 plorans.
725 2161 845 2189 Tandem
867 2168 931 2188 vero
946 2168 1006 2187 cum

221 2208 253 2234 ad
270 2208 439 2235 venationem
451 2207 596 2242 aliquando
617 2206 772 2234 adolescens
785 2213 910 2242 egressus
923 2205 949 2233 in
968 2206 1007 2232 la-

221 2256 312 2279 trones
345 2252 496 2284 incidisset,
523 2259 655 2286 opetnque
679 2252 855 2279 inclamasset
879 2261 887 2279 :
915 2251 1006 2285 agnita

221 2304 288 2324 voce
305 2297 398 2332 draco,
412 2303 440 2326 et
452 2300 613 2334 corporibus
625 2306 685 2326 sese
699 2298 853 2333 implicans,
870 2297 1009 2332 przedones

223 2343 332 2377 occidit,
350 2350 432 2380 atque
446 2345 662 2379 adolescentem,
680 2345 781 2372 veteris
799 2344 875 2379 signa
892 2342 1009 2370 necessi-

224 2390 326 2419 tudinis
338 2391 495 2425 ostendeus,
510 2392 629 2426 periculo
644 2391 753 2426 eripuit.

1042 919 1120 947 του⁷⁸
1138 919 1203 954 παρ’
1214 917 1303 944 αὐτῶν
1327 915 1512 951 γεγενημένου
1538 913 1646 950 αἱροῦσι
1669 912 1718 948 τὴν
1742 911 1831 942 πόλιν,

1042 963 1219 997 ὲκδιώξαντες
1236 963 1300 994 τοὺς
1319 961 1464 992 Βισάλτας.
1481 960 1532 986 Τὸν
1560 959 1589 985 δέ
1613 957 1746 993 προδότην
1768 956 1832 991 βου-

1043 1011 1132 1042 κόλον,
1165 1009 1337 1044 παραϐάντες
1355 1008 1404 1039 τὰς
1430 1006 1577 1041 συνθήκας,
1607 1003 1752 1031 κτείνουσι.
1776 1003 1834 1030 Καὶ

1046 1058 1126 1093 μῆνις
1143 1056 1235 1087 αὐτοῖς
1252 1055 1296 1082 διὰ
1310 1053 1389 1080 τοῦτο
1404 1052 1496 1079 θεόθεν
1507 1051 1571 1087 [225
1583 1051 1630 1086 ll.|
1649 1048 1781 1084 ἐνέσκηψε
1795 1049 1833 1075 ⁷⁸.

1044 1103 1098 1130 Καὶ
1117 1102 1188 1129 κατὰ
1203 1100 1328 1136 χρησμὸν
1347 1099 1432 1133 τάφον
1457 1096 1608 1133 περικαλλῆ
1631 1095 1767 1131 χώσαντες
1793 1093 1835 1129 τῷ

1046 1148 1166 1185 βουκόλῳ
1183 1148 1230 1174 καὶ
1245 1146 1282 1178 ὡς
1298 1145 1370 1180 ἦρωῖ
1389 1143 1499 1175 θύοντες
1512 1142 1561 1170 τοῦ
1576 1141 1661 1169 κακοῦ
1677 1139 1838 1176 ἀπηλλάγη-

1046 1204 1106 1222 σαν.

1085 1240 1120 1266 Ἦ
1136 1242 1189 1272 κα’,
1205 1238 1340 1273 Δάρδανος
1353 1236 1401 1264 καὶ
1420 1235 1514 1263 Ἰάσων
1525 1234 1547 1250 ⁷⁷
1567 1231 1660 1265 παῖδες
1672 1232 1759 1267 ἤστην
1773 1230 1837 1261 Διὸς

1046 1285 1075 1318 ἐξ
1095 1284 1246 1319 Ἠλέκτρας
1275 1282 1325 1317 τῆς
1351 1279 1531 1311 ’Δτλαντίδος,
1551 1278 1600 1305 καὶ
1627 1277 1715 1312 ᾤκουν
1746 1275 1837 1310 Σαμο-

1047 1332 1153 1367 θρᾴκην
1166 1329 1217 1365 τὴν
1233 1329 1325 1364 νῆσον.
1352 1327 1423 1354 Ἀλλ’
1443 1327 1457 1352 ὁ
1475 1326 1523 1362 μὲν
1546 1324 1641 1352 Ἰάσων
1661 1323 1757 1357 φάσμα
1783 1321 1838 1356 Δή-

1049 1385 1152 1413 μητρος
1170 1375 1301 1410 αἰσχῦναι
1324 1373 1476 1409 βουληθεὶς,
1494 1369 1682 1406 ἐκεραυνώθη,
1700 1368 1839 1403 Δάρδανος

1048 1423 1076 1450 δέ
1089 1423 1135 1449 ἐπί
1154 1421 1278 1456 τάδελφῷ
1296 1419 1442 1455 συγχυθεὶς
1463 1419 1502 1449 εἰς
1513 1417 1563 1452 τὴν
1579 1415 1715 1450 ἀντίπερα
1730 1413 1793 1448 γῆν,
1809 1413 1839 1439 ἐν

1048 1467 1064 1507 ᾖ
1088 1470 1135 1496 καὶ
1164 1467 1257 1499 πεδιὰς
1284 1466 1368 1501 πολλὴ
1393 1464 1488 1491 καὶτὸ
1512 1464 1575 1498 ὅρος
1598 1463 1614 1498 ὴ
1633 1460 1699 1496 Ἴδη,
1719 1459 1840 1507 σχεδίαις

1049 1504 1161 1548 (πλοίων
1183 1514 1237 1549 γὰρ
1263 1513 1360 1548 χρῆσις
1382 1511 1487 1538 οὐδέπω
1503 1507 1547 1544 ἦν)
1565 1507 1708 1535 διαϐαίνει.
1727 1504 1790 1540 Εἶχε
1812 1505 1842 1532 δὲ

1049 1562 1079 1589 τδ
1098 1561 1198 1596 κράτος
1211 1559 1270 1586 τότε
1290 1558 1340 1592 τῆς
1357 1556 1449 1592 χώρας
1464 1556 1478 1581 ὁ
1494 1553 1672 1590 Σκαμάνδρου
1687 1551 1733 1578 τοῦ
1754 1559 1843 1577 ποτα-

1053 1608 1104 1644 μοῦ
1121 1608 1168 1633 καὶ
1181 1606 1292 1641 νύμφης
1309 1604 1441 1639 Τεῦκρος,
1463 1602 1493 1635 ἐξ
1511 1598 1542 1628 οὗ
1556 1599 1673 1635 Τεῦκροι
1687 1607 1717 1625 τε
1729 1598 1754 1624 οἱ
1765 1598 1845 1644 οἰκῆ-

1051 1641 1131 1689 τορες
1147 1652 1194 1678 καὶ
1215 1649 1337 1685 Τευκρία
1351 1649 1368 1684 ἡ
1383 1648 1432 1682 γῆ·
1487 1646 1559 1673 κατά
1588 1644 1686 1678 λόγους
1707 1641 1845 1689 συνελθὼν

1052 1685 1187 1735 Δάρδανος
1213 1696 1347 1732 λαμΰάνει
1373 1694 1423 1730 τὴν
1451 1693 1590 1729 ἡμίσειαν,
1611 1690 1658 1716 καὶ
1673 1689 1760 1720 πόλιν,
1775 1688 1806 1714 ἐν
1822 1685 1846 1722 ᾧ

1053 1747 1104 1782 τῆς
1126 1743 1234 1780 σχεδίας
1261 1742 1363 1777 ἀπέϐη,
1378 1740 1465 1772 κτίζει
1483 1738 1645 1774 Δαρδανίαν.
1663 1737 1798 1771 ’Ύστερον
1815 1735 1846 1761 δὲ

1054 1792 1265 1826 τελευτήσαντος
1279 1789 1401 1824 Τεύκρου
1421 1788 1439 1823 ﬁ
1460 1787 1536 1813 πᾶσα
1557 1785 1607 1820 τῆς
1629 1782 1722 1819 χώρας
1742 1783 1782 1813 εἰς
1797 1781 1849 1808 αὺ-

1054 1839 1100 1866 τὸν
1114 1838 1187 1874 ἀρχὴ
1201 1835 1358 1872 περιῆλθεν.

1097 1930 1130 1956 Ἢ
1143 1929 1183 1963 κβ’
1204 1926 1339 1963 μειρακίῳ
1356 1924 1444 1960 Κρητὶ
1470 1924 1592 1958 γέννημα
1621 1920 1767 1957 δράκοντος
1783 1920 1851 1954 ἐρα.-

1059 1976 1123 2011 στὴς
1155 1975 1296 2009 δωρεῖται.
1320 1972 1349 1998 '0
1370 1971 1399 1998 δέ
1423 1970 1520 2006 ἑτρεφέ
1539 1978 1569 1996 τε
1599 1969 1646 1996 καὶ
1672 1966 1848 2001 ἐπεμελεῖτο,

1059 2023 1111 2054 ἓως
1121 2021 1228 2057 ηὐξήθη
1245 2020 1292 2047 καὶ
1307 2019 1389 2054 φόϐον
1402 2017 1519 2044 ἐνεποίει
1530 2016 1554 2032 ⁷⁸
1570 2016 1584 2042 ό
1593 2015 1701 2050 δράκων
1718 2014 1773 2043 τοῖς
1783 2013 1849 2038 ἐπι-

1059 2068 1170 2105 χωρίοις
1179 2078 1185 2082 ·
1203 2064 1276 2094 οὗτοι
1287 2066 1341 2101 γὰρ
1355 2065 1416 2091 τότε
1428 2063 1588 2098 ἠνάγκασαν
1603 2060 1633 2087 τὸ
1646 2059 1789 2105 μειράκιον
1801 2059 1851 2085 ἐκ-

1061 2103 1147 2140 θεῖναι
1158 2111 1188 2137 τὺ
1197 2110 1292 2145 Θηριον
1301 2110 1348 2136 ἐπὶ
1360 2108 1410 2143 τῆς
1425 2107 1553 2143 ἐρημίας,
1564 2104 1702 2132 καὶπολλὰ
1712 2103 1816 2130 κλαίων
1827 2104 1852 2120 ⁷⁵

1062 2158 1179 2191 ἐξέθετο.
1193 2156 1327 2191 ’Ὕστερον
1346 2154 1427 2181 δ’ἐπὶ
1449 2153 1535 2188 θήραν
1554 2151 1708 2185 ἐξελθόντος
1725 2149 1772 2176 τοῦ
1790 2159 1853 2185 μει-

1064 2203 1159 2240 ρακίου
1175 2203 1222 2229 καὶ
1239 2202 1350 2237 λῃσταῖς
1369 2198 1565 2235 περιπεσόντος
1573 2197 1609 2230 ⁸⁸,
1627 2195 1853 2230 ἀνακαλουμένου

1062 2251 1125 2282 τοὺς
1162 2249 1345 2285 βοηθήσοντας
1357 2247 1391 2279 ¹¹¹,
1408 2245 1600 2280 ἀναγνωρίσας
1624 2243 1638 2269 ό
1671 2242 1780 2278 δράκων
1801 2242 1854 2276 τὴν

1063 2296 1155 2332 φωνὴν
1172 2296 1234 2326 τοὺς
1253 2294 1302 2329 μὲν
1318 2291 1420 2329 λῃστὰς
1436 2291 1600 2326 διέφθειρεν,
1623 2289 1732 2324 ἑκάστῳ
1747 2296 1856 2323 περιει-

1062 2342 1167 2378 ληθεὶς,
1183 2342 1285 2375 σημεῖα
1300 2339 1329 2366 δὲ
1345 2338 1384 2374 τῷ
1400 2338 1475 2364 παιδὶ
1495 2337 1613 2368 παλαιᾶς
1637 2335 1791 2371 αἰσθήσεως
1807 2336 1854 2361 ἐν-

1063 2388 1220 2423 δειξάμενος
1236 2385 1405 2413 ἀπαλλάσσει
1419 2385 1469 2420 τῆς
1480 2383 1636 2418 ἐπιϐουλῆς.

865 2455 983 2484 νΑιιιᾹι
1000 2453 1210 2482 LECTIONES.

257 2505 281 2521 τι
298 2506 328 2544 ιν
352 2506 412 2533 add.
431 2506 463 2534 Α.
500 2508 522 2524 τι
538 2507 676 2544 xamen;
704 2503 960 2544 μεταπεμψάμενος
982 2501 1071 2544 λάθρα
1087 2510 1116 2544 ς.
1159 2500 1182 2515 π
1197 2498 1260 2544 ἐξιεῖ
1287 2496 1471 2544 {augeant
1497 2493 1858 2544 δὸῥίιιμῐχμίξῇέῦτφςτηγε-

225 2541 380 2576 γενημένῳ.
396 2548 573 2570 correxerunt
588 2539 712 2569 Kauiiius
724 2546 752 2568 et
770 2539 898 2576 Ileynius.

939 2538 961 2552 ⁷⁵
981 2537 1123 2571 ἐπέσκηψε
1137 2544 1166 2567 ς.

1197 2534 1219 2550 ⁷⁷
1235 2528 1340 2559 Ἰασίων
1357 2528 1623 2566 Ηέγιιίιιεεεϊζϐειιέ.
1642 2529 1727 2566 ριΐι·Ἀ
1747 2528 1856 2566 Miillert

958 2573 981 2588 ⁸ο
996 2563 1126 2607 περιτέέσ.
1141 2563 1190 2596 καὶ
1201 2568 1317 2596 ἀνακαλ.
1335 2576 1365 2599 ς.
1398 2563 1423 2583 ῖι
1439 2566 1622 2601 βοηθήσοντας
1642 2563 1780 2599 lleyuius:
1794 2564 1858 2590 libri

197 2639 206 2647 .
227 2610 425 2645 βοηθήσαντας.

989 2656 1104 2685 NOTAE.

275 2711 320 2746 96)
336 2710 460 2738 Eustath.
477 2716 584 2744 quoque
599 2713 676 2746 teste.

275 2741 320 2782 973
337 2747 452 2773 Pausan.
469 2741 587 2782 Cordalio
604 2745 660 2770 lucc
676 2741 780 2768 tribuit.

263 2780 321 2817 (98)
341 2782 411 2817 Lege
425 2780 579 2811 Χαλκιδεῖς.

263 2811 319 2854 (995
335 2811 406 2854 Lege
423 2816 599 2854 bltephavoee
626 2813 748 2854 Dart_i_an_.
763 2816 791 2840 et
807 2811 964 2854 Strab._li_b.
980 2820 1016 2840 vn

229 2849 352 2880 exireino
372 2849 408 2878 De
423 2849 612 2882 Suetonii-ace;
629 2849 752 2883 Apollod.
777 2855 885 2882 quoque
909 2849 956 2875 lib.
986 2856 1016 2875 ιιι

229 2895 265 2916 ex
276 2896 329 2923 quo
344 2888 400 2915 lucc
411 2894 487 2921 pwne
502 2887 534 2913 ad
548 2886 657 2912 verbum
669 2883 804 2918 descripta
820 2885 956 2917 narratio;
973 2883 1018 2911 ubi

1070 2711 1097 2732 et
1109 2704 1201 2732 Jasion
1219 2705 1270 2739 legi
1285 2702 1484 2732 observandum
1499 2707 1574 2738 puto.

1105 2740 1144 2775 (1)
1162 2740 1189 2766 ld
1203 2737 1336 2775 nympha:
1358 2746 1467 2775 nomen,
1484 2737 1565 2775 quod
1576 2737 1639 2775 hinc
1654 2737 1724 2765 forte
1740 2737 1858 2774 fugerat,

1070 2772 1115 2822 ea
1137 2772 1304 2809 "Apollodoro
1335 2780 1362 2802 et
1385 2774 1463 2802 Diod.
1493 2772 1585 2801 Siculo
1610 2772 1657 2800 lib.
1682 2781 1707 2800 IV
1728 2772 1860 2801 revocare

1069 2818 1257 2880 “biginiiefert
1288 2844 1358 2874 hanc
1381 2845 1462 2874 etiam
1488 2843 1613 2873 x’Eiiauus
1636 2843 1740 2871 Variar.
1757 2843 1860 2871 "ister.

1070 2879 1119 2908 lib.
1135 2887 1195 2913 xnt,
1208 2887 1268 2915 cap.
1285 2879 1331 2908 46.
