1923 3091
91 151 134 183 561
579 155 840 186 BIBLIOTHECA.
859 166 895 174 -

126 212 156 238 ⁷11
169 211 210 246 κγ’
222 211 260 243 ὡς
277 211 451 248 Ἀλεξάνδρου
473 211 520 239 τοῦ
544 213 659 248 Πάριδος
670 214 693 229 ⁸⁸
708 213 754 240 καὶ
777 213 860 239 Οίνώ-
877 214 898 243 Α

91 265 142 292 νης,
157 257 190 292 ῆν
205 258 327 293 ἐγήματο
340 258 405 293 πρὶν
419 258 436 293 ἦ
446 258 496 294 τὴν
519 258 629 294 Ἑλένην
646 260 780 295 ἁρπάσαι,
795 260 860 290 παῖς

93 304 202 338 Κόρυθος
225 302 339 336 γίνεται,
354 303 448 330 κάλλει
464 303 546 330 νικῶν
562 304 608 330 τὸν
630 304 744 339 πατέρα.
761 304 862 330 Τοῦτον

92 349 105 382 ἡ
121 348 204 384 μήτηρ
225 348 318 385 Ἑλένῃ
340 350 531 384 προσέπεμπε,
546 349 712 384 ζηλοτυπίαν
730 359 759 376 τε
774 350 863 376 κινοῦ-

94 403 122 420 σα
143 394 305 431 Ἀλεξάνδρῳ
321 396 368 423 καὶ
387 396 472 422 κακόν
487 405 512 423 τι
535 396 766 432 διαμηχανωμένη
791 397 864 424 Ἐλέ-

93 447 128 476 νῃ.
142 439 186 472 Ὠς
200 440 228 467 δὲ
247 441 365 477 συνήθης
375 442 399 458 ⁵³
414 443 427 468 ό
450 441 575 478 Κόρυθος
592 443 661 478 πρὸς
681 443 790 478 Ἑλένην
802 443 864 477 ἐγέ-

93 494 153 518 νετο,
172 486 344 522 Ἀλέξανδρός
365 496 430 514 ποτε
457 488 600 524 παρελθὼν
624 489 663 520 εἰς
682 488 728 515 τὸν
743 488 864 524 θάλαμον

93 531 147 567 [156
172 532 216 568 R.]
235 534 283 560 καὶ
314 533 479 569 θεασάμενος
499 534 544 562 τὸν
570 534 691 570 Κόρυθον
715 536 748 570 τῇ
771 535 864 570 Ἑλένῃ

93 577 268 613 παρεξόμενον
293 582 339 606 καὶ
369 580 550 616 ἀναφλεχθεὶς
582 581 611 614 ἐξ
638 581 756 616 ὑποψίας
783 581 865 613 εὐθὺς

91 624 196 658 ἀναιρεῖ.
212 625 268 651 Kal.
283 625 386 661 Οἰνώνη
409 627 460 661 τῆς
475 636 503 653 τε
520 628 560 658 είς
583 627 668 662 αὐτὴν
691 627 797 662 ὖὸρεως
819 628 865 655 καὶ

91 669 134 703 τῆς
145 671 189 697 τοῦ
205 672 301 703 παιδὸς
317 673 484 708 ἀναιρέσεως
505 673 589 700 πολλὰ
610 674 784 709 Ἀλέξανδρον
797 675 866 710 ἀρα-

93 717 197 751 σειμένη,
213 718 260 744 καὶ
276 718 425 744 ὲπειποῦσα
441 719 499 754 (καὶ
523 719 577 754 γὰρ
599 717 634 755 ἦν
647 720 780 751 ἐπίπνους
797 729 865 755 μαν-

91 761 156 792 τείας
169 761 215 788 καὶ
233 762 320 797 τομῆς
340 765 494 798 φαρμάκων
515 765 685 800 ἐπιστήμων)
699 764 738 796 ὡς
751 764 867 800 τρωθείς

91 815 149 832 ποτε
163 807 208 833 ὑπ’
230 807 346 843 Ἀχαιῶν
360 809 406 835 καὶ
424 809 461 844 μὴ
478 810 620 844 τυγχάνων
634 810 784 845 θεραπείας
802 811 865 846 δεή-

92 861 158 878 σεται
172 853 268 888 αὐτῆς,
284 854 375 881 οἶκαδε
392 855 446 890 ᾔει.
462 855 624 892 ’Υστερονδ
647 855 819 892 Ἀλέξανδρος
835 857 866 882 ὲν

90 899 117 932 τῇ
136 899 201 933 πρὸς
223 900 350 934 Ἀχαιοὺς
372 901 442 935 ὑπὲρ
470 901 570 936 Τροίας
592 902 665 937 μάχῃ
685 901 800 938 τρωθεὶς
814 901 866 928 ὑπὸ

91 943 243 979 Φιλοκτήτου
259 945 307 972 καὶ
333 945 427 978 δεινῶς
450 946 520 982 ἔχων
546 947 579 973 δι’
595 948 702 983 ἀπήνης
724 947 866 982 ἐκομίζετο

90 989 149 1023 πρὸς
168 990 216 1025 τὴν
232 990 318 1025 Ἴδην,
347 991 392 1017 καὶ
423 992 621 1026 προεκπέμψας
647 993 756 1027 κήρυκα
781 993 866 1019 ἐδεῖτο

89 1030 210 1072 Οἰνώνης·
231 1037 247 1072 ἡ
267 1037 295 1064 δὲ
311 1037 476 1073 ὑῦριστικῶς
493 1038 566 1074 μάλα
581 1039 626 1065 τὸν
645 1039 753 1074 κήρυκα
765 1039 866 1066 διωσα-

90 1082 149 1117 μένη
166 1083 234 1117 πρδς
253 1083 366 1119 Ἑλένην
382 1084 450 1111 ἰέναι
471 1083 644 1120 Ἀλέξανδρον
666 1085 819 1117 ἐξωνείδιζε
830 1085 864 1111 “-

90 1128 136 1154 Καὶ
155 1129 329 1164 Ἀλέξανδρος
348 1130 397 1164 μὲν
415 1130 486 1156 κατὰ
504 1130 554 1165 τὴν
568 1130 627 1157 ὁδὸν
644 1131 695 1158 ὑπὸ
719 1130 767 1157 τοῦ
780 1131 865 1167 τραύ-

90 1183 162 1207 ματος
177 1175 303 1211 τελευτᾷ,
314 1176 363 1212 τὴν
375 1176 403 1203 δὲ
421 1177 505 1212 μήπω
516 1177 695 1212 πεπυσμένην
712 1177 761 1214 τὴν
774 1179 866 1205 τελευ-

88 1218 129 1254 τὴν
145 1220 297 1256 μετάμελος
323 1222 397 1256 ὅμως
409 1222 495 1253 δεινὸς
508 1223 531 1238 ⁸⁸
549 1220 617 1258 εἶχε,
642 1223 689 1249 καὶ
707 1223 866 1258 δρεψαμένη

88 1264 130 1299 τῆς
142 1265 207 1298 πόας
221 1267 281 1293 ἔθει
297 1267 398 1302 φθάσαι
409 1269 584 1303 ἐπειγομένη.
604 1269 646 1301 Ὧς
655 1269 677 1295 δ’
691 1269 776 1304 ἔμαθε
790 1271 866 1305 παρὰ

88 1310 126 1336 τοῦ
141 1312 258 1347 κήρυκος
284 1313 326 1340 ὃτι
343 1314 471 1350 τεθνήκοι
486 1316 533 1341 καὶ
548 1315 588 1342 ὅτι
604 1316 672 1352 αὐτὴ
696 1317 777 1344 αὑτὸν
799 1317 865 1352 ἀνῄ-

89 1366 172 1392 ρηκεν,
184 1360 290 1386 ἐκεῖνον
306 1360 355 1394 μὲν
374 1359 439 1396 [ἳ24
453 1361 500 1397 IL]
516 1363 564 1396 τῆς
575 1362 597 1378 ⁸⁸
612 1362 727 1398 ὕϐρεως,
741 1363 807 1399 λίθῳ
816 1363 865 1399 τὴν

88 1404 197 1440 κεφαλὴν
212 1405 372 1438 πατάξασα,
393 1407 511 1442 ἀναιρεῖ,
527 1408 567 1443 τῷ
581 1408 604 1435 δ’
626 1409 801 1446 Ἀλεξάνδρου
821 1419 866 1437 νε-

88 1449 139 1485 κρῷ
156 1451 348 1487 περιχυθεῖσα,
363 1452 410 1478 καὶ
425 1452 512 1479 πολλὰ
531 1453 576 1480 τὸν
590 1454 679 1482 κοινὸν
697 1455 800 1490 ἀμφοῖν
814 1463 865 1482 κα-

87 1496 281 1532 ταμεμψαμὲνη
299 1497 425 1532 δαίμονα,
440 1498 542 1535 ἑαυτὴν
554 1499 694 1535 ἀνήρτησε
716 1502 750 1536 τῇ
763 1500 846 1537 ζώνῃ.

123 1585 152 1613 Ἦ
170 1586 219 1621 κδ’,
233 1588 263 1615 ἐν
283 1588 404 1626 Θεσπείᾳ
433 1590 482 1626 τῆς
498 1590 630 1622 Βοιωτίας
643 1591 745 1625 (ἔστιδ’
758 1592 775 1627 ἡ
792 1591 868 1624 πόλις
883 1553 905 1583 C

88 1632 129 1667 οὐχ
144 1633 207 1666 ἑκὰς
219 1635 285 1666 τοὺς
307 1635 462 1671 Ἑλικῶνος)
479 1637 541 1668 παῖς
556 1636 606 1671 ἔφυ
624 1637 780 1672 Νάρκισσος
797 1638 868 1665 πάνυ

90 1679 158 1711 καλὸς
174 1681 220 1708 καὶ
240 1681 402 1716 ὑπερόπτης
418 1682 538 1717 Ἔρωτός
557 1691 587 1709 τε
603 1684 651 1710 καὶ
667 1684 800 1718 ἐραστῶν.
814 1684 869 1711 Kal.

89 1725 108 1750 οἱ
125 1726 170 1759 μὲν
190 1726 265 1754 ἄλλοι
287 1726 342 1753 τῶν
367 1727 491 1762 ἐραστῶν
513 1727 632 1763 ἐρῶντες
656 1729 869 1764 ἀπηγόρευσαν,

95 1770 220 1805 Ἀμεινίας
235 1772 258 1789 ⁸⁷
271 1773 300 1800 δὲ
312 1773 394 1805 πολὺς
406 1772 440 1809 ἦν
456 1775 594 1809 ἐπιμένων
615 1775 662 1801 καὶ
677 1775 803 1810 δεόμενος
812 1783 819 1790 ·
832 1775 870 1807 ὡς

90 1815 147 1842 δὀὐ
169 1817 299 1853 προσίετο
312 1818 380 1845 ἀλλὰ
394 1819 440 1846 καὶ
456 1819 533 1853 ξίφος
549 1820 757 1855 προσέπεμψεν,
772 1820 869 1847 ἑαυτὸν

91 1862 136 1896 πρὸ
157 1863 210 1889 τῶν
236 1863 330 1899 θυρῶν
358 1864 517 1899 Ναρκίσσου
556 1865 763 1900 διαχειριζεται,
785 1865 870 1893 πολλὰ

91 1906 279 1941 καθικετεύσας
304 1910 424 1945 τιμωρόν
438 1910 463 1936 οἱ
485 1911 613 1945 γενέσθαι
627 1911 674 1938 τὸν
699 1912 770 1940 θεόν.
798 1912 827 1939 '0
841 1913 870 1940 δὲ

91 1952 232 1988 Νάρκισσος
252 1954 317 1983 ἰδὼν
330 1955 413 1982 αὐτοῦ
430 1956 481 1992 τὴν
495 1956 556 1992 ὄψιν
574 1957 621 1984 καὶ
635 1957 685 1993 τὴν
701 1958 808 1994 μορφὴν
824 1959 870 1985 ἐπὶ

95 2000 187 2036 κρήνης
205 2001 399 2037 ἰνδαλλομένην
412 2002 451 2038 τῷ
471 2002 557 2035 ὕδατι,
573 2003 621 2030 καὶ
638 2004 718 2038 μόνος
730 2004 778 2030 καὶ
792 2004 869 2040 πρῶ-

90 2052 129 2076 τος
143 2047 236 2074 ἑαυτοῦ
262 2048 370 2082 γίνεται
396 2048 496 2081 ἄτοπος
525 2050 652 2085 ἐραστής,
683 2050 765 2082 Τέλος
795 2051 869 2086 ἀμη-

91 2093 177 2126 χανῶν,
196 2095 242 2122 καὶ
259 2095 354 2121 δέκαια
381 2095 497 2131 πάσχειν
517 2096 619 2131 οίηθεὶς
642 2095 700 2122 ἀνθ’
716 2093 754 2124 ὧν
777 2097 870 2132 Ἀμει-

91 2136 140 2164 νίου
154 2139 278 2176 ἐξύϐρισε
306 2141 370 2173 τοὺς
391 2141 506 2176 ἔρωτας,
522 2142 619 2168 ἑαυτὸν
639 2142 796 2178 διαχρᾶται.
814 2138 870 2169 Kal

92 2184 116 2216 ἐξ
136 2186 236 2214 ἐκείνου
257 2187 387 2219 Θεσπιεῖς
397 2188 419 2203 ⁸⁸
432 2188 531 2223 μᾶλλον
550 2189 634 2224 τιμᾷν
657 2189 706 2215 καὶ
727 2189 869 2224 γεραίρειν

92 2230 129 2256 τὸν
144 2232 249 2268 Ἔρωτα
271 2233 320 2259 καὶ
334 2234 403 2270 πρὸς
412 2233 436 2250 θ’
448 2235 508 2265 ταῖς
527 2235 631 2265 κοιναῖς
649 2233 809 2270 θεραπείαις
820 2234 868 2262 καὶ
885 2224 907 2251 D

93 2275 139 2312 ἰδίᾳ
152 2277 224 2305 θύειν
238 2279 373 2313 ἔγνωσαν.
388 2279 503 2306 Δοκοῦσι
516 2280 570 2306 δὀί
583 2279 726 2316 ἐπιχώριοι
738 2281 783 2307 τὸν
798 2280 863 2316 vap-

92 2330 185 2356 κισσονβ
196 2325 227 2352 τὸ
249 2325 331 2357 ἄνθος
355 2325 385 2358 ἐξ
403 2325 511 2360 ἐκείνης
535 2325 642 2361 πρῶτον
660 2325 711 2360 τῆς
725 2326 778 2361 γῆς
801 2326 868 2352 ἀνα-

94 2371 167 2404 σχεῖν,
178 2372 218 2404 είς
231 2372 265 2408 ἢν
281 2372 396 2410 ἐξεχύθη
408 2374 439 2401 τὺ
453 2374 500 2401 τοῦ
518 2375 675 2411 Ναρκίσσου
691 2373 776 2411 αἷμα.

882 887 903 915 Β

910 154 992 185 COD.
1009 155 1188 187 CLXXXVI.
1645 157 1704 190 562‘

948 213 1043 249 1350
1057 213 1189 242 Vicesima
1211 214 1308 242 tertia:
1326 215 1472 242 Alexandri
1489 223 1535 243 seu
1550 215 1656 244 Paridis
1671 222 1698 244 et

911 259 1082 295 (Enones(3)
1093 259 1184 295 (quam
1195 259 1304 287 uxorem
1317 261 1472 296 priusquam
1485 261 1610 289 Helenam
1622 270 1699 297 rapc—

913 310 964 337 ret,
979 306 1087 333 domum
1109 305 1232 340 duxerat)
1256 305 1326 333 ﬁlius
1346 307 1395 333 init
1417 306 1564 342 Corythus,
1581 307 1698 342 pulchri-

913 353 1004 379 tudine
1029 355 1132 386 patrem
1153 359 1294 386 superans.
1313 352 1389 378 Hunc
1406 357 1492 380 mater
1520 353 1552 380 ad
1569 353 1698 380 llelenam

914 397 997 431 misit,
1014 405 1075 424 cum
1092 401 1121 424 ut
1139 397 1321 424 Alexandrum
1340 398 1373 424 ad
1388 398 1551 433 zelotypiam
1565 407 1698 433 provoca-

915 448 966 475 ret,
985 447 1039 469 tum
1054 446 1083 468 nt
1097 441 1204 469 Helenae
1225 442 1322 469 malum
1354 445 1566 471 machinaretur.
1584 445 1620 472 Ut
1636 452 1699 480 ergo

913 487 1048 522 Corythus
1063 486 1171 514 Helenae
1192 486 1351 514 familiarior
1373 496 1433 515 esse
1455 489 1548 522 coepit,
1573 497 1700 523 superve-

916 533 991 560 niens
1014 532 1159 567 aliquando
1175 533 1201 560 in
1222 533 1366 560 thalamum
1393 533 1562 565 Alexander,
1588 539 1614 561 et
1638 542 1699 562 cum

915 577 1014 604 llelena
1031 577 1114 604 ﬁliuni
1128 578 1268 605 sedentem
1294 579 1476 612 conspicatus,
1498 580 1536 606 ira
1563 581 1700 612 incensus,

914 628 1068 658 suspectum
1082 627 1192 658 gnatum
1208 624 1318 651 occidit.
1339 624 1460 656 OEnone,
1480 629 1507 652 et
1521 626 1555 652 ob
1571 626 1640 653 hanc
1661 626 1702 652 in-

912 669 1022 702 juriam,
1038 673 1064 696 et
1080 670 1113 697 ob
1129 669 1174 696 lilii
1198 670 1354 702 interitum,
1373 671 1456 698 multa
1471 671 1625 699 Alexandro
1650 672 1702 698 im-

915 721 1035 750 precata,
1059 715 1109 742 hoc
1130 715 1241 750 insuper
1263 716 1363 750 adjecit
1393 717 1434 750 (ιιι
1452 722 1512 744 erat
1538 718 1702 744 vaticinandi

915 762 1001 795 perita
1018 761 1066 797 (4),
1082 762 1308 797 legendarnmque
1320 762 1464 790 herbarum
1485 763 1522 798 (5)
1535 763 1629 798 gnara)
1643 763 1702 790 vul-

916 813 1038 834 neratum
1052 815 1113 835 eum
1127 808 1272 842 aliquando
1287 809 1320 835 ab
1333 809 1457 842 Achivis,
1468 816 1557 843 neque
1571 809 1703 836 medelam

919 855 1110 889 reperientem,
1129 862 1158 881 se
1172 854 1253 881 etiam
1268 854 1492 888 obsecraturum;
1509 860 1591 889 atque
1606 855 1642 882 ita
1656 855 1706 882 de-

919 908 991 927 mum
1015 900 1149 928 discessit.
1171 900 1236 928 Post
1254 901 1335 936 igitur
1351 901 1426 928 Paris
1448 901 1486 936 (6)
1506 903 1532 928 in
1552 909 1638 936 pugna
1656 909 1706 935 pro

918 945 998 981 Troja
1028 947 1158 974 adversus
1177 947 1294 975 Achivos
1327 954 1342 973 a
1373 947 1521 975 Philoctete
1538 948 1705 979 vulneratus,

917 993 1090 1028 graviterque
1121 993 1241 1026 saucius,
1270 993 1302 1020 ad
1326 993 1399 1020 ldam
1431 1001 1512 1021 curru
1545 995 1704 1026 vehebatur,

916 1039 1109 1074 prannissoque
1148 1039 1263 1072 nuntio,
1292 1038 1432 1067 (Enonem
1470 1040 1629 1074 deprecatus
1654 1043 1704 1066 cst.

918 1085 980 1112 llaec
992 1084 1184 1112 contumeliose
1198 1084 1276 1112 valde
1290 1085 1384 1111 nuntio
1397 1084 1508 1118 reiecto,
1526 1085 1559 1111 ad
1577 1085 1706 1112 Helenam

918 1131 957 1157 irc
969 1129 1094 1157 Paridem
1107 1137 1155 1164 per
1177 1130 1329 1157 convicium
1349 1129 1440 1164 jussit.
1456 1129 1500 1157 Ille
1524 1131 1632 1158 interim
1658 1137 1706 1164 per

916 1175 987 1202 viam
999 1183 1032 1202 ex
1049 1174 1161 1202 vulnere
1176 1175 1247 1202 diem
1260 1175 1358 1202 clausit
1371 1179 1535 1202 extremum.
1551 1178 1704 1210 Antequam

918 1229 1006 1252 tamen
1027 1227 1060 1251 de
1071 1223 1142 1250 illius
1154 1222 1265 1250 interitu
1284 1223 1431 1257 quidquam
1457 1221 1568 1250 OEuone
1587 1222 1706 1250 inaudis-

916 1276 968 1303 sel,
979 1269 1137 1305 pmnilentia
1149 1269 1223 1303 gravi
1235 1269 1315 1296 ducta
1327 1273 1377 1299 est,
1392 1268 1536 1303 herbisque
1549 1268 1635 1300 lectis,
1647 1275 1706 1294 cur-

918 1317 1004 1344 riculo
1019 1315 1165 1344 festinabat
1188 1320 1362 1350 prmvertere.
1378 1315 1412 1341 At
1427 1315 1470 1341 ubi
1489 1319 1624 1341 morlnutn
1646 1321 1707 1341 esse

914 1363 981 1398 jam,
999 1367 1028 1390 et
1046 1362 1154 1397 quidem
1188 1361 1222 1388 ab
1237 1368 1269 1388 ea
1289 1366 1415 1388 necatum
1429 1381 1436 1391 ,
1468 1361 1578 1388 nuntius
1605 1361 1706 1392 retulit,

918 1410 989 1437 hunc
1002 1409 1130 1444 primum,
1147 1407 1236 1442 lapide
1258 1407 1285 1435 in
1305 1412 1386 1442 caput
1408 1408 1538 1441 impacto,
1559 1407 1594 1434 ob
1607 1407 1706 1434 illatam

919 1452 1134 1490 [exprobrando]
1151 1453 1278 1487 iujnriam
1292 1452 1403 1484 occidit,
1423 1452 1539 1479 cadaver
1552 1459 1616 1479 vero
1629 1452 1707 1478 Pari-

918 1500 960 1527 dis
979 1499 1113 1533 amplexa,
1128 1503 1155 1525 et
1168 1505 1340 1526 communem
1354 1499 1497 1533 utriusque
1511 1497 1649 1525 fortunam
1661 1497 1708 1525 diu

921 1549 1028 1580 questa,
1045 1551 1114 1570 zona
1129 1545 1246 1578 seipsam
1263 1543 1452 1578 strangulavit.

956 1590 1090 1618 Vicesima
1118 1595 1213 1624 quarta
1231 1597 1238 1616 :
1255 1588 1283 1616 In
1309 1589 1419 1616 Boeotiae
1445 1589 1556 1618 civitate
1575 1589 1708 1622 Thespeia

920 1645 981 1671 qua:
992 1644 1046 1663 non
1060 1635 1138 1670 longe
1149 1636 1183 1662 ab
1196 1635 1325 1662 llelicone
1338 1635 1390 1662 sita
1404 1640 1455 1667 est,
1472 1643 1539 1669 puer
1551 1640 1630 1662 natus
1641 1634 1710 1661 Nar-

920 1684 1018 1716 cissus,
1039 1682 1153 1718 pulcher
1169 1682 1325 1713 admodum,
1355 1681 1402 1708 sed
1417 1682 1518 1708 amoris
1540 1686 1709 1708 amatorum-

920 1736 973 1764 que
993 1732 1175 1762 contemptor.
1192 1727 1283 1760 Quare
1304 1727 1348 1754 alii
1365 1727 1472 1762 quidem
1490 1727 1656 1761 despondere
1670 1727 1708 1762 (7)

920 1775 1040 1802 animum
1065 1778 1187 1802 amantes
1211 1778 1354 1808 cmperunt
1375 1782 1383 1801 :
1407 1774 1584 1808 Aminiasquc
1604 1778 1708 1800 tantum

920 1822 1047 1850 assiduus
1068 1825 1130 1848 erat
1148 1825 1175 1848 et
1191 1822 1317 1855 pertinax
1332 1825 1467 1855 precator.
1486 1820 1521 1847 At
1539 1828 1600 1848 cum
1623 1828 1710 1856 neque

923 1869 995 1896 hunc
1010 1868 1117 1896 audiret
1137 1867 1192 1899 ille,
1213 1867 1259 1894 sed
1275 1867 1392 1902 gladium
1411 1866 1520 1901 insuper
1537 1867 1667 1897 mitteret,
1681 1873 1711 1892 se

921 1915 979 1949 ipse
993 1921 1043 1948 pro
1059 1912 1180 1940 Narcissi
1199 1912 1304 1939 foribus
1315 1912 1423 1943 occidit.
1443 1912 1522 1938 deum
1536 1911 1711 1939 vehementer

919 1963 1057 1994 precatus,
1085 1957 1159 1984 ultor
1174 1957 1224 1984 sibi
1253 1961 1282 1984 ut
1309 1956 1396 1983 ﬁeret.
1414 1955 1558 1983 Narcissus
1572 1956 1610 1991 (8)
1629 1957 1710 1990 igitur

921 2004 1023 2032 vultum
1049 2003 1195 2038 aliquando
1217 2009 1295 2029 suum
1323 2002 1539 2036 contemplatus,
1564 2001 1713 2037 formaque

921 2049 1098 2078 simulacrum
1113 2049 1139 2076 in
1154 2055 1223 2082 aqua
1247 2047 1331 2075 fontis
1355 2055 1499 2082 apparens,
1528 2053 1556 2075 et
1583 2048 1657 2076 solus
1684 2054 1711 2076 et

921 2095 1024 2130 primus
1038 2093 1131 2127 incipit
1147 2100 1219 2120 caeco
1243 2092 1284 2119 sui
1300 2099 1394 2119 amore
1414 2092 1539 2127 ﬂagrare.
1557 2093 1627 2128 Ergo
1643 2101 1711 2120 con-

920 2141 972 2169 silii
991 2140 1098 2167 tandem
1111 2139 1199 2173 inops,
1215 2143 1243 2165 et
1257 2138 1345 2172 justas
1365 2145 1424 2165 sese
1439 2139 1503 2165 dare
1523 2146 1618 2172 pinnas
1636 2138 1710 2166 arbi-

922 2192 1020 2220 tratus,
1045 2185 1119 2221 quod
1141 2185 1277 2212 Aminiam
1292 2189 1442 2212 amatorem
1458 2184 1556 2219 injuria
1584 2185 1708 2218 lzesisset,

923 2238 1036 2261 mortem
1052 2232 1104 2260 sibi
1121 2231 1265 2259 conscivit.
1292 2230 1330 2258 Ex
1356 2239 1408 2264 eo,
1428 2239 1557 2266 responso
1584 2233 1656 2265 dato,
1682 2237 1712 2260 ul.

923 2287 999 2307 amor
1015 2278 1101 2313 magis
1122 2277 1300 2305 honorarctur
1310 2277 1511 2313 coleretnrque,
1526 2283 1624 2313 prazter
1636 2287 1711 2306 com-

924 2332 1033 2354 munem
1060 2323 1156 2359 135a
1179 2323 1301 2356 cultum,
1325 2323 1451 2358 privatim
1473 2331 1581 2358 quoque
1605 2325 1711 2352 sacrili-

923 2379 986 2400 care
996 2372 1184 2398 decreverunt.
1200 2369 1238 2396 Ea
1253 2373 1343 2396 autem
1353 2369 1501 2396 incolarum
1510 2369 1602 2404 opinio
1610 2374 1651 2397 est
1660 2371 1710 2406 (9),

925 2417 1040 2452 primum
1055 2422 1087 2442 ex
1109 2413 1153 2440 illa
1173 2417 1244 2440 terra
1260 2413 1398 2440 exstitisse
1424 2414 1575 2441 narcissum
1599 2413 1706 2447 florem,

925 2463 952 2488 in
969 2467 1049 2494 quam
1068 2458 1170 2486 eti’usus
1183 2458 1302 2485 Narcissi
1319 2459 1430 2493 sanguis
1442 2458 1547 2487 inisset.

722 2507 763 2535 VA
769 2507 839 2536 [UE
855 2506 1060 2536 LECTIONES.

138 2547 158 2598 ξ’
169 2549 301 2598 [Alﬁ-9:60;}.
313 2551 360 2577 καὶ
386 2551 669 2598 ῐέξὶριδοςλδριιξίκςτ.-
681 2555 704 2570 ³³
721 2555 853 2598 συνήθης]
881 2555 995 2598 μυηρείς
1022 2555 1055 2580 Α.
1083 2553 1116 2598 "‘A‘
1131 2551 1286 2598 ἐξωνείδιζε
1299 2551 1350 2598 Ἀρι
1364 2551 1510 2598 δειμνεῖδιζε
1523 2561 1570 2598 g7.“
1586 2552 1610 2598 ξε
1621 2552 1708 2596 δεινός

94 2588 155 2626 ς)ῑηῖ
173 2584 194 2610 Α
205 2593 217 2626 ε,
227 2584 321 2617 δεινῶς
336 2595 387 2626 ς.“
396 2586 418 2604 ⁸⁸
430 2584 488 2626 ’τῆς
502 2588 524 2614 Α
540 2597 547 2615 :
565 2584 626 2626 εστι
637 2589 687 2624 τῆς
704 2599 733 2622 ς.
761 2584 787 2607 ⁸⁷’
799 2584 907 2626 ὰὲήγὸρ

97 2617 115 2642 Λ
126 2627 132 2643 :
143 2617 271 2652 θεσπίσας
296 2630 326 2653 ς’.
341 2617 348 2619 ἡ
365 2622 388 2638 ⁸⁸
404 2622 451 2649 καὶ
466 2617 535 2650 ἰιιιιο
560 2624 629 2659 πρὸς
640 2617 754 2652 υιίίΙ.”Α.

910 2586 1028 2625 εὖθησαν
1044 2587 1208 2623 ς.Ἀμινίας
1219 2586 1368 2618 A,etinfra
1385 2587 1518 2622 ’Λμινίου.
1548 2587 1570 2604 ⁸⁸
1585 2587 1708 2620 θεσπιεῖς

846 2659 962 2688 NOTAE.

127 2695 160 2740 (ξ)
179 2696 548 2740 [ιοεςρξιτιΙιοιιεἜρωτικῶν
563 2709 626 2736 cap.
641 2703 659 2730 4
669 2708 696 2730 ct
711 2703 755 2735 54,
772 2711 800 2731 et
813 2703 867 2740 Ly-

99 2732 352 2772 cophronétlassan.
365 2732 478 2770 ejusque
490 2732 603 2772 interpr:

128 2765 161 2810 ᾗ)
175 2768 196 2794 Α
211 2768 286 2810 linea
298 2765 404 2802 educta,
424 2765 453 2797 ut
471 2771 525 2798 vult
544 2765 669 2807 A'pollod.
690 2774 737 2801 lib.
756 2782 797 2805 ιιι,
823 2774 868 2801 ubi

98 2805 121 2825 et
131 2802 200 2833 plura
215 2805 248 2830 de
262 2804 311 2832 his.

130 2835 164 2875 (ἕξ)
180 2837 251 2864 Dono
264 2839 403 2874 Apollinis,
420 2844 450 2867 ut
471 2841 529 2876 ipsa
545 2850 594 2870 sua
605 2844 684 2872 docet
695 2844 809 2878 epistola
832 2845 865 2871 ad

101 2868 209 2898 Paridem
225 2876 294 2906 apud
305 2875 383 2902 Ovid.
399 2875 424 2902 in
438 2876 485 2903 lin.

132 2906 237 2940 “Ullam
247 2909 279 2942 Q.
297 2910 411 2939 Calaber
434 2912 583 2946 posteriore
600 2920 677 2950 parte
699 2914 760 2943 libri
782 2915 865 2947 suis,

921 2704 1000 2738 paulo
1031 2703 1110 2730 aliter
1134 2701 1285 2738 describit:
1303 2700 1382 2738 Vult__
1398 2702 1469 2728 enim
1490 2703 1546 2730 fato
1569 2705 1708 2730 decretum

922 2735 1005 2766 inisse
1019 2744 1048 2766 ut
1061 2747 1112 2765 non
1129 2738 1182 2764 nisi
1199 2739 1231 2764 ab
1245 2735 1357 2763 OEnonc
1369 2736 1442 2772 [faris
1456 2739 1544 2764 curari
1561 2744 1661 2772 posset,
1682 2745 1710 2766 ct

922 2775 1006 2809 ipsam
1025 2782 1053 2800 se
1069 2774 1095 2800 in
1112 2781 1206 2809 rogan
1222 2772 1310 2799 mariti
1324 2771 1484 2805 conjecisse,
1499 2778 1552 2800 etc.

958 2809 995 2845 (7)
1011 2808 1116 2845 §equor
1129 2808 1167 2845 1:3:
1173 2808 1376 2845 ἀπηγόρευσανἒ

956 2841 994 2879 (8)
1009 2841 1125 2871 Pausan.
1146 2841 1256 2870 Bwutic.
1280 2842 1428 2878 legendus,
1452 2847 1479 2869 et
1497 2842 1576 2870 Ovid.
1597 2841 1706 2870 Metam.

919 2887 960 2907 lli.

956 2914 996 2950 (9)
1012 2915 1065 2943 Sed
1079 2923 1156 2948 vana,
1174 2919 1202 2942 ut
1214 2914 1291 2942 docet
1306 2914 1423 2944 Pausan.
1440 2913 1545 2942 Βωοιὶι.
