1923 3091
202 137 258 169 563

242 197 375 225 Vicesima
390 197 495 232 quinta.
516 196 602 225 Minos
628 195 703 224 Jovis
729 202 757 224 et
784 197 897 233 Europa:
918 198 988 226 ﬁlius
1005 200 1028 230 Α

206 241 313 271 Cretam
323 251 369 271 rex
377 244 472 276 tenuit,
482 243 670 278 Dzmlalnmque
677 243 732 278 (l0)
741 245 995 278 qumsiturusclasse

207 290 338 318 instructa
355 291 489 324 navigavit
509 291 535 317 in
553 290 692 318 Sicaniam
711 291 782 325 (quae
796 292 876 319 hodie
899 291 994 320 Sicilia

207 336 329 370 dicitur),
340 337 383 362 ubi
402 343 416 362 a
432 335 523 363 Cocali
540 344 595 363 orte
609 337 679 364 illius
695 337 765 371 regis
780 337 886 365 ﬁliabus
898 344 940 366 est
954 339 995 365 in-

209 382 346 410 terfectus.
359 382 438 409 Natio
459 383 522 410 hinc
537 382 722 416 Cretensium,
741 384 812 419 regis
835 384 875 411 sui
892 385 994 412 caedem

207 430 307 462 ultnra,
326 429 424 456 bellum
439 430 570 457 adversus
584 428 690 457 Siculos
706 431 837 465 suscepit.
855 431 909 458 Sed
930 431 994 459 victi

207 476 302 504 Cretes
322 483 383 503 cum
401 476 510 503 domum
524 476 650 508 redeunt,
671 477 705 504 ad
721 477 834 512 lapygas
860 478 918 513 (11)
933 482 995 505 sunt

208 527 369 557 tempestate
379 522 460 550 delati
473 531 480 549 :
491 523 582 557 ibique
593 528 648 550 tum
658 523 735 551 sedes
745 524 875 558 ﬁxerunt,
883 525 994 560 lapyges

210 577 261 604 pro
269 569 448 597 Cretensibus
460 569 536 596 facti.
551 568 615 597 Post
629 569 723 597 horum
739 577 803 604 pars
813 571 935 605 quaedam
949 579 996 605 per

209 615 368 642 seditionem
397 615 458 642 inde
475 615 584 649 expulsa
598 635 606 648 .
628 616 729 644 oraculi
752 624 911 652 responsum
930 618 995 644 illud

209 661 382 688 consulentes
405 667 580 693 acceperunt,
605 662 648 689 ubi
671 662 734 696 quis
759 663 825 697 ipsis
851 667 951 690 terram
970 669 997 690 et

209 713 307 740 aquam
326 706 468 741 praeberet,
490 707 525 734 ibi
542 711 570 734 ut
583 707 746 735 habitarent.
766 709 856 743 Atque
880 710 918 737 ita
935 710 998 736 Bot-

211 752 334 778 tiaeorum
351 756 449 777 terram
469 750 648 778 incoluerunt.
669 751 708 779 lbi
723 753 794 779 enim
816 753 904 787 pueri,
920 753 998 787 panis

211 802 427 832 ceterorumque
452 797 686 825 condimentorum
715 798 787 826 varia
818 807 917 833 genera
950 807 998 834 per

209 843 302 870 ludutn
315 847 342 870 et
362 842 451 876 jocum
466 850 498 870 ex
515 843 571 871 luto
594 843 737 878 ﬁngentes,
762 845 916 878 petentibus
932 846 998 879 ipsis

782 139 916 170 ΡΗΟΤΙΙ
927 140 1183 172 ΡΑΤΒΙΑΒΟΗίΕ
1202 143 1256 172 CP.

1084 199 1116 225 'H
1132 199 1170 225 κε’
1183 200 1221 230 ὡς
1244 199 1336 230 Μίνως
1357 198 1413 230 υἱὸς
1430 198 1490 229 Διὸς
1503 198 1550 224 καὶ
1573 197 1718 233 Εὐρώπης,
1732 198 1746 224 ό
1758 198 1836 234 βασι-

1047 245 1132 272 λεύων
1147 246 1269 281 Κρήτης,
1281 245 1352 272 κατὰ
1369 245 1482 281 ζήτησιν
1505 245 1635 272 Δαιδάλου
1650 244 1737 280 στόλῳ
1754 245 1835 272 πλεύ-

1047 300 1096 324 σας
1110 293 1150 323 είς
1161 292 1290 319 Σικανίαν
1311 292 1390 328 (αὕτη
1403 292 1425 318 δ’
1445 291 1519 318 ἐστὶν
1537 292 1554 326 ὴ
1576 291 1623 318 νῦν
1644 291 1765 326 Σικελία)
1782 292 1836 318 ὑπὸ

1045 338 1100 365 τῶν
1117 338 1250 365 Κωκάλου
1271 338 1428 373 θυγατέρων
1446 337 1599 373 (ἐϐασίλευε
1620 337 1642 364 δ’
1657 334 1735 368 οὗτος
1755 337 1837 363 Σικε-

1046 384 1100 411 λῶν
1114 384 1148 420 ⁹⁶)
1163 386 1326 420 ἀναιρεῖται.
1343 384 1398 410 Καὶ
1417 384 1448 410 τὺ
1466 383 1604 419 Κρητικὸν
1626 383 1741 418 πολεμεῖ
1756 383 1835 409 Σικε-

1046 432 1102 463 λοῖς
1117 431 1187 467 ὑπὲρ
1202 431 1249 458 τοῦ
1265 431 1406 466 βασιλέως,
1426 432 1473 457 καὶ
1487 431 1614 466 ἡττᾶται.
1630 429 1686 457 Καὶ
1711 430 1837 457 ἐπανιόν-

1046 487 1092 510 τες
1107 479 1158 505 ὑπὸ
1172 479 1307 514 χειμῶνος
1317 478 1445 511 ἐξέπεσον
1459 478 1499 509 είς
1517 477 1655 510 Ἰάπυγας,
1675 476 1722 503 καὶ
1740 475 1837 503 αὐτόθι

1046 525 1107 552 τότε
1135 525 1287 559 ἱδρύσαντο,
1308 524 1369 552 ἀντὶ
1390 524 1508 560 Κρητῶν
1534 524 1677 559 γεγονότες
1696 524 1836 557 Ἰάπυγες.

1047 571 1143 607 Χρόνῳ
1154 571 1182 598 δὲ
1195 571 1306 606 ὕστερον
1323 571 1405 606 μοῖρά
1419 579 1461 603 τις
1473 570 1543 597 κατὰ
1561 571 1654 598 στάσιν
1671 571 1837 602 ἐκπεσόντες

1047 618 1096 653 τῆς
1110 617 1201 654 χώρας
1210 618 1332 653 χρησμὸν
1345 617 1450 648 ἐλαῦον,
1462 617 1526 643 ἔνθα
1536 616 1712 648 ἇντιςαὺτοῖς
1722 617 1774 651 γῆν
1786 616 1838 643 καὶ

1048 664 1119 699 ὕδωρ
1130 664 1213 700 ὀρέξῃ
1227 664 1262 697 ⁸³,
1277 664 1394 691 ἐνταῦθα
1416 663 1576 696 οἰκίζεσθαι.
1594 662 1651 690 Καὶ
1676 663 1789 698 ᾤκησαν
1813 663 1838 678 ⁹¹

1046 711 1096 745 τὴν
1112 710 1273 738 Βοττιαίωνυ
1289 711 1348 736 ἐκεῖ
1364 710 1417 745 γὰρ
1431 710 1524 741 παῖδες
1543 710 1633 745 ἄρτων
1653 708 1710 744 εἴδη
1726 709 1773 736 καὶ
1788 709 1840 735 ἄλ-

1048 757 1101 783 λων
1114 757 1187 792 δψων
1204 756 1347 788 παίζοντες
1368 755 1423 783 ἀπὸ
1437 755 1523 792 πηλοῦ
1541 756 1587 782 καὶ
1603 755 1776 786 πλάττοντες,
1791 755 1839 781 αἰ-

1047 803 1190 839 τουμένοις
1207 803 1348 829 ἐπέδωκαν
1372 802 1464 833 αὐτοῖς
1483 802 1543 828 ἀντ)¹
1563 801 1654 836 ἄρτων
1676 801 1740 833 τοὺς
1756 801 1839 836 πηλί-

1048 859 1109 882 νους
1134 850 1251 885 ἄρτους·
1275 849 1323 875 καὶ
1347 848 1375 875 οἵ
1394 856 1426 882 γε
1456 848 1502 874 τὸν
1525 848 1650 883 χρησμὸν
1680 846 1838 873 τετελέσθαι

210 889 288 923 panis
304 888 363 916 loco
379 889 576 916 distribuerunt
601 889 687 916 luteos
712 897 796 924 panes
812 899 819 918 :
838 895 866 918 et
881 891 919 917 illi
944 891 994 917 itu-

1055 894 1209 930 ιομίσαντες
1231 895 1368 930 ᾐτήσαντο
1381 893 1428 920 τὸν
1452 894 1564 929 βασιλέα
1587 893 1760 924 Μακεδόνων,
1787 893 1840 918 καὶ

209 934 312 969 pletutu
330 942 391 962 esse
406 934 544 962 oraculum
561 936 741 970 interpretati,
764 936 855 963 sedem
871 944 886 963 a
909 936 998 964 Mace-

210 980 310 1007 donum
327 988 391 1015 rege
403 980 578 1015 postulantes.
596 980 772 1008 Bottiaeorum
782 989 858 1009 oram
874 982 998 1010 habitan-

210 1027 272 1054 dam
291 1033 464 1062 acceperunt,
479 1032 506 1056 et
526 1028 697 1055 Cretensium
728 1036 825 1056 nomen
841 1030 897 1064 jam
919 1031 998 1058 tertio

209 1081 270 1100 cum
294 1073 467 1101 Bottiazorum
482 1079 690 1108 commutantes,
721 1075 809 1109 portio
833 1083 905 1103 nunc
934 1082 998 1104 sunt

210 1119 396 1148 Macedonum.

247 1166 381 1194 Vicesima
403 1170 479 1194 sexta
501 1172 596 1194 narrat
624 1167 757 1203 Apollinis
777 1173 929 1204 spectrum,
955 1169 998 1196 cui

208 1213 368 1248 Carno(l2)
396 1221 505 1245 nomen,
535 1214 681 1241 Dorienses
705 1214 782 1249 sequi
813 1215 933 1248 solitum,
965 1216 998 1242 ab

209 1259 325 1294 llippota
339 1259 396 1294 (15)
411 1261 529 1294 quodam
554 1267 569 1287 e
603 1260 687 1293 stirpe
716 1259 840 1288 Herculis
861 1266 916 1287 tum
939 1268 999 1288 esse

209 1306 396 1338 interfectum,
409 1313 469 1332 cum
484 1306 510 1332 in
526 1305 740 1340 Peloponnesum
760 1305 909 1334 Heraclida:
928 1308 999 1334 redi-

210 1356 281 1380 rent.
297 1351 365 1378 Cum
378 1359 442 1386 ergo
454 1357 596 1386 propterea
611 1357 686 1386 peste
698 1353 818 1386 graviter
830 1352 998 1386 laborarent,

210 1397 324 1426 oraculo
354 1403 464 1433 accepto
490 1407 506 1426 ο
530 1399 629 1426 castris
656 1399 789 1433 llippoten
825 1401 997 1432 expulerunt.

215 1444 278 1472 Erat
293 1451 385 1472 autem
401 1450 539 1480 spectrum
569 1446 619 1473 hoc
646 1445 824 1473 Doriensihus
839 1447 908 1473 vatis
928 1447 999 1475 loco.

213 1491 248 1519 Et
267 1491 414 1520 Heraclida:
445 1492 554 1527 quidem
575 1497 631 1519 tum
658 1493 685 1519 in
706 1492 922 1527 Peloponnesum
944 1501 1000 1521 tra-

210 1538 336 1574 jecerunt
351 1547 358 1565 :
378 1538 507 1573 Hippotes
519 1545 582 1566 vero
594 1538 639 1565 ille
649 1537 791 1571 oberrans,
806 1539 890 1566 ﬁlium
907 1542 1000 1576 genuit

212 1585 255 1612 cui
287 1592 319 1612 ex
348 1592 377 1611 re
401 1584 485 1611 Aletre
508 1584 564 1620 (Η)
587 1591 683 1612 nomen
715 1585 800 1612 dedit.
820 1585 868 1613 llic
889 1588 934 1614 ubi
967 1587 999 1614 ad
1014 1575 1036 1604 (ἶ

212 1633 320 1656 aetatem
359 1628 464 1656 virilem
501 1629 646 1663 pervenit,
680 1629 769 1656 Dorici
798 1631 888 1665 populi
924 1637 1001 1665 parte

212 1675 337 1706 collecta,
364 1675 505 1709 pulsisque
533 1674 699 1710 Sisyphidis,
730 1676 777 1711 qui
802 1681 858 1703 tum
877 1676 1001 1705 Corinthi

212 1726 293 1754 reges
306 1725 396 1750 erant,
410 1727 471 1746 eum
487 1719 607 1754 ipsorum
623 1721 706 1748 sociis
720 1721 842 1753 Iouilms,
862 1722 956 1749 urbem
972 1722 1004 1749 il-

213 1766 266 1793 lam
299 1766 388 1793 denuo
409 1765 505 1793 incolis
537 1766 633 1801 replet,
665 1767 849 1802 pergebatque
873 1769 1003 1796 adversus

214 1813 345 1844 Atticam.
361 1820 421 1839 cum
436 1811 540 1838 oraculi
555 1819 715 1846 responsum
731 1813 818 1840 eidem
830 1813 922 1841 datum
934 1833 942 1846 ,
964 1815 1005 1841 vi-

214 1865 316 1887 ctoretn
328 1859 396 1890 fore,
407 1858 428 1885 si
439 1857 473 1885 ab
481 1857 688 1885 Atheniensium
698 1865 760 1894 rege
771 1859 922 1888 abstineret
933 1862 1002 1896 (l5).

214 1905 272 1932 lloc
285 1905 396 1932 oraculo
410 1904 442 1930 ab
463 1903 676 1931 Atheniensibus
693 1905 814 1940 cognito.
835 1906 924 1934 Codro
946 1915 1004 1942 sep-

215 1951 376 1986 tuagenario
391 1950 565 1985 persuadent,
591 1949 679 1978 libens
701 1958 731 1978 se
746 1959 794 1985 pro
810 1953 897 1987 patria
913 1958 941 1980 ιιι
959 1954 1006 1981 de-

215 2004 321 2025 voveat.
342 1998 388 2026 llle
413 2004 487 2026 veste
512 2003 627 2029 mutata,
648 1998 726 2032 quasi
753 1998 915 2033 lignatorqu
935 2007 1004 2026 unus

216 2051 300 2078 esset,
317 2052 332 2071 a
354 2045 475 2072 Doriensi
493 2045 610 2079 quodam
627 2044 799 2071 interﬁcitur.
815 2043 960 2072 Dorienses
976 2053 1006 2072 re

217 2097 309 2125 postea
327 2092 446 2126 cognita,
461 2092 494 2119 de
509 2091 621 2118 victoria
635 2091 821 2125 desperantes,
839 2099 899 2118 cum
922 2092 1006 2119 Athe-

216 2138 358 2165 niensibus
378 2138 453 2173 pacis
467 2138 568 2165 hedera
587 2138 716 2164 inierunt.

259 2183 388 2211 Vicesima
413 2184 528 2218 septima
546 2183 631 2210 rel‘ert
652 2183 684 2210 de
718 2184 798 2210 rebus
820 2183 1001 2217 Deucalionis,

215 2230 262 2265 qtti
278 2231 304 2257 in
316 2230 473 2258 Phthiotide
489 2230 621 2264 regnavit,
650 2229 738 2263 deque
757 2229 869 2256 Cra-ciae
891 2230 1006 2257 inunda-

187 2283 191 2286 ”
217 2278 291 2305 tione
315 2277 376 2312 ejus
402 2277 569 2310 temporibus
592 2285 598 2303 :
621 2284 653 2302 ac
682 2276 715 2303 de
738 2275 847 2303 llcllene
872 2277 928 2304 ﬁlio
950 2278 1008 2311 ejus

219 2323 314 2358 135i;
333 2322 454 2357 (quidam
468 2320 542 2348 Jovis
555 2329 615 2348 esse
631 2321 734 2352 dicunt)
747 2321 826 2354 quiet
845 2321 1007 2348 Deucalione

219 2374 338 2402 mortuo,
358 2369 384 2395 in
402 2375 484 2401 regno
501 2367 643 2399 successit,
662 2366 811 2400 habuitque
844 2366 912 2393 ﬁlios
943 2372 1007 2394 tres.

219 2415 260 2441 Ex
280 2414 323 2441 his
337 2413 446 2440 [Eolum
474 2417 537 2438 natu
559 2411 721 2442 maximum,
736 2411 833 2438 merito
851 2411 936 2437 voluit
951 2411 1008 2444 ejus

222 2460 340 2494 regionis
358 2463 494 2493 sceptrum
511 2458 673 2492 tettereLcui
691 2457 805 2492 ipsemet
818 2462 896 2484 antea
922 2457 1009 2492 impe-

1048 942 1144 968 ἔλαϐον
1170 943 1255 968 οίκείν
1276 941 1326 976 τὴν
1353 942 1513 972 Βοττιαίων,
1540 940 1603 976 [457
1630 939 1676 976 IL]
1696 940 1742 966 καὶ
1771 939 1839 966 Βοτ-

1047 989 1131 1014 τιαῖοι
1154 988 1203 1023 μὲν
1226 988 1318 1023 τρίτον
1341 987 1419 1022 γένος
1446 988 1500 1014 ἀπὸ
1525 987 1642 1023 Κρητῶν
1669 986 1839 1022 ἀμείψαντες

1051 1036 1133 1071 μοῖρα
1151 1035 1198 1062 νῦν
1213 1035 1266 1061 εἰσὶ
1278 1035 1453 1062 Μακεδόνων.

1093 1170 1125 1196 'll
1139 1173 1184 1202 κς⁸
1210 1169 1337 1201 διέξεισιν
1364 1169 1402 1200 ὡς
1426 1168 1523 1203 φάσμα
1547 1167 1728 1199 Ἀπόλλωνος,
1752 1167 1843 1202 ὄνομα

1050 1216 1170 1252 Κάρνος,
1186 1214 1334 1250 Δωριεῦσιν
1347 1214 1492 1248 ἑπόμενον,
1514 1213 1645 1247 Ἱππότης
1661 1221 1703 1244 τις
1721 1211 1775 1239 τῶν
1792 1212 1844 1246 ἀφ’

1057 1262 1224 1297 Ἡρακλέους
1238 1261 1354 1296 ἀναιρεῖ,
1366 1260 1410 1287 ὅτε
1426 1260 1564 1295 κατῄεσαν
1582 1261 1622 1291 εἰς
1636 1259 1844 1294 Πελοπόννησον

1056 1308 1244 1344 Ἡρακλεῖδαι.
1256 1307 1311 1334 Kal.
1325 1307 1421 1342 λοιμοῦ
1434 1306 1540 1338 τούτοις
1554 1305 1766 1341 προσπεσόντος,
1778 1313 1845 1340 χρη-

1052 1355 1120 1389 σμὸν
1133 1354 1157 1370 ⁸³
1175 1354 1303 1385 λαϐόντες
1321 1353 1425 1389 ἡλασαν
1447 1353 1494 1379 τὸν
1516 1353 1645 1386 Ἱππότην
1659 1350 1706 1378 τοῦ
1727 1359 1845 1386 στρατο-

1052 1401 1144 1428 πέδου.
1160 1401 1265 1432 Μάντις
1287 1401 1309 1426 δ’
1322 1398 1356 1436 ἦν
1379 1401 1411 1426 τὸ
1435 1399 1531 1434 φάσμα
1548 1400 1573 1415 ³⁸
1597 1399 1652 1430 τοῖς
1677 1398 1842 1432 Δωριεῦσιν.

1059 1447 1249 1483 Ἡρακλείδαις
1279 1447 1327 1482 μὲν
1352 1446 1465 1477 κάθοδος
1493 1446 1533 1476 εἰς
1562 1444 1766 1479 Πελοπόννησον
1780 1443 1846 1478 ὲγέ-

1052 1503 1130 1521 νετο·
1155 1495 1169 1521 ό
1191 1493 1213 1520 δ’
1236 1493 1364 1527 Ἱππότης
1391 1492 1532 1527 ἀλώμενος
1545 1492 1568 1507 ³⁵
1582 1491 1670 1518 τίκτει
1696 1490 1789 1522 παῖδα,
1812 1490 1846 1516 ἐκ

1053 1540 1098 1567 τοῦ
1117 1540 1279 1576 πράγματος
1301 1539 1417 1574 ’Λλήτην
1437 1538 1567 1570 καλέσας,
1582 1537 1612 1568 ὃς
1632 1536 1781 1573 ἀνδρωθεὶς
1795 1536 1848 1562 καὶ

1054 1588 1151 1622 μοῖραν
1173 1586 1220 1612 τοῦ
1233 1585 1357 1620 Δωρικοῦ
1376 1584 1517 1617 συλλέξας,
1534 1584 1581 1610 καὶ
1597 1583 1742 1618 Σισυφίδας
1759 1583 1847 1610 ἑκϐα-

1052 1633 1107 1660 λὼν
1132 1632 1266 1668 Κορίνθου
1287 1631 1416 1667 βασιλέας
1434 1630 1515 1661 ὄντας
1539 1631 1667 1662 καὶτοὺς
1683 1630 1731 1656 σὺν
1751 1630 1849 1661 αὐτοῖς

1055 1681 1163 1711 Ἴωνας,
1179 1679 1310 1712 ἁνοικίζει
1332 1679 1382 1714 τὴν
1397 1678 1475 1705 πόλιν
1485 1678 1532 1704 καὶ
1546 1678 1625 1713 ἐπῄει
1639 1678 1710 1704 κατὰ
1720 1677 1769 1712 τῆς
1783 1676 1849 1702 Ἀτ-

1054 1726 1143 1761 τικῆς,
1162 1725 1226 1762 [225
1246 1724 1291 1761 Η.]
1306 1725 1350 1751 ὅτε
1363 1725 1412 1751 καὶ
1426 1724 1549 1759 χρησμὸν
1561 1723 1694 1758 λαμϐάνει
1709 1722 1847 1757 νικήσειν,

1055 1774 1079 1799 εἰ
1106 1773 1268 1807 ἀπόσχοιντο
1291 1771 1338 1798 τοῦ
1369 1770 1502 1805 βασιλέως
1529 1769 1689 1805 Ἀθηναίων.
1722 1769 1777 1795 Καὶ
1798 1768 1849 1795 τοῦ

1054 1818 1180 1854 χρησμοῦ
1206 1817 1373 1851 γνωσθέντος
1399 1816 1570 1852 Ἀθηναίοις,
1597 1815 1720 1841 πείθουσι
1743 1813 1851 1849 Κόδρον

1055 1863 1308 1899 ἑϐδομηκοντούτην
1329 1862 1399 1895 ηὗντα
1424 1862 1521 1888 ἑκόντα
1545 1861 1638 1888 δοῦναι
1658 1859 1753 1886 ἑαυτὸν
1776 1860 1851 1896 ὑπὲρ

1055 1910 1105 1945 τῆς
1124 1909 1264 1944 πατρίδος.
1283 1909 1338 1935 Καὶ
1358 1908 1546 1943 ἀμειψάμενος
1560 1907 1608 1942 τὴν
1632 1906 1738 1941 στολὴν,
1756 1906 1795 1936 ὼς
1809 1903 1852 1938 εἷς

1056 1955 1109 1982 τῶν
1128 1955 1281 1991 Ευλοφόρων
1306 1955 1350 1988 ὑφ’
1378 1955 1436 1986 ἐνὸς
1463 1955 1516 1981 τῶν
1535 1954 1660 1989 Δωριέων
1683 1953 1850 1987 ἀναιρεῖται.

1056 2002 1112 2029 Καὶ
1131 2002 1242 2036 γνόντες
1265 2002 1377 2036 ὕστερον
1393 2001 1516 2035 Δωριεῖς,
1536 2000 1583 2026 καὶ
1606 1998 1772 2034 ἀπογνόντες
1799 1998 1852 2033 τὴν

1057 2047 1146 2081 νίκην,
1159 2046 1321 2072 ἐσπείσαντο
1341 2044 1504 2080 Ἀθηναίοις.

1099 2181 1133 2208 'H
1147 2181 1187 2213 κζ’
1206 2181 1240 2208 τὰ
1254 2180 1318 2216 περὶ
1334 2179 1519 2211 Δευκαλίωνος
1537 2177 1716 2212 ἀπαγγέλλει,
1735 2176 1766 2208 ὃς
1787 2176 1855 2202 ὲεα-

1061 2227 1151 2255 σίλευε
1173 2228 1197 2242 ⁹⁶
1218 2227 1269 2262 τῆς
1291 2226 1445 2259 Φθιώτιδος,
1463 2227 1512 2252 καὶ
1534 2225 1581 2252 τοῦ
1602 2225 1662 2252 κατ’
1692 2224 1774 2251 αὑτὸν
1801 2225 1855 2259 τῆς

1067 2275 1191 2305 Ἑλλάδος
1203 2273 1397 2309 κατακλυσμοῦ
1409 2281 1415 2287 ⁸
1434 2274 1482 2300 κα).
1499 2274 1563 2308 περὶ
1579 2271 1711 2306 ’Ἕλληνος
1724 2270 1772 2297 τοῦ
1790 2280 1855 2298 παι-

1059 2321 1103 2352 δὸς
1119 2320 1214 2352 αὑτοῦ,
1238 2320 1267 2347 ὃν
1289 2320 1355 2347 ἔνιοι
1369 2319 1417 2346 τοῦ
1438 2319 1498 2351 Διὸς
1518 2319 1600 2346 παῖδα
1625 2316 1693 2345 εἷναί
1713 2326 1808 2352 φασιν,
1825 2318 1855 2349 ὃς

1061 2368 1108 2394 καὶ
1122 2367 1257 2400 διεδέξατο
1279 2367 1329 2401 τὴν
1352 2365 1492 2400 βασιλείαν
1514 2364 1727 2399 τελευτήσαντος
1750 2365 1856 2390 Δευκα-

1061 2413 1166 2445 λίωνος,
1182 2413 1229 2439 καὶ
1252 2413 1339 2439 τίκτει
1365 2412 1463 2443 παῖδας
1477 2411 1500 2427 ⁸⁷
1520 2412 1604 2447 τρεῖς.
1616 2408 1667 2437 Ὧν
1691 2409 1789 2436 Αἴολον
1805 2410 1857 2444 μὲν

1060 2459 1106 2486 τὸν
1126 2459 1234 2494 πρῶτον
1268 2457 1420 2494 βασιλεύειν
1447 2457 1604 2484 ἐδικαίωσεν
1632 2455 1666 2493 ἦς
1693 2454 1763 2492 ἦρχε
1791 2458 1857 2492 γῆς,

871 2527 889 2553 ν
895 2528 914 2553 A
920 2527 990 2554 lll/E
1010 2528 1201 2556 LECTIONES
1211 2549 1218 2557 .

255 2580 278 2596 ³⁸
289 2579 410 2606 Σικελῶν
423 2586 478 2612 mg.
493 2586 499 2604 :
514 2577 575 2604 libri
589 2576 703 2612 Σικειῶνξ
722 2576 763 2612 ﬂ“
782 2575 871 2612 ὀρέξει
884 2585 916 2608 ς.
953 2577 976 2592 ⁹¹

992 2577 1097 2612 ᾤκισαν
1115 2587 1144 2610 ς.
1169 2579 1193 2594 ’³
1205 2577 1342 2613 χρησμὸν]
1362 2577 1410 2604 καὶ
1422 2575 1547 2612 χρησμόν
1557 2576 1592 2603 Α.
1621 2575 1646 2592 ’⁵
1659 2576 1809 2611 φάντασμα
1821 2584 1852 2607 ς.

223 2616 245 2632 ⁸³
257 2613 407 2650 ἀλώμενος]
425 2611 462 2641 cf;
476 2612 666 2640 Ruhukeu.ad
683 2611 776 2646 Velle].
798 2619 824 2646 p.
840 2611 883 2638 12.
921 2612 945 2628 ⁹⁸
957 2612 1116 2640 Eliso-flauas
1132 2622 1163 2646 ς.
1206 2611 1231 2630 ῖί

1262 2613 1361 2645 παῖδας
1380 2620 1436 2640 om.
1452 2613 1484 2639 A.

982 2671 1100 2701 ΝΟΤᾸΕ.

257 2723 315 2759 (10)
329 2724 399 2758 Lege
411 2721 651 2759 Pausatnhzlclmic.
669 2722 729 2748 iuit.

259 2756 317 2793 ίΗ)
337 2756 402 2786 Vide
419 2758 509 2784 Strab.
531 2756 630 2793 librvl.

259 2790 322 2835 (12),
333 2793 436 2835 limo-tle
445 2792 536 2824 Canto
549 2790 629 2818 aliter
641 2791 781 2826 aliquanto
797 2791 879 2818 refert
892 2791 1008 2818 Pausan.
1042 2792 1044 2794 ⁷

263 2839 288 2858 ιιι
306 2830 430 2859 Laconic.

260 2865 316 2901 (1'5)
330 2866 415 2899 Quem
432 2864 566 2900 Phylantii
593 2864 675 2892 ﬁlium
705 2862 770 2890 facit
798 2861 913 2891 Pausan.
947 2869 1007 2889 cum

1064 2722 1248 2755 Apollod.1ib.
1263 2721 1429 2755 uBibliot/t.,
1443 2721 1488 2756 qui
1498 2720 1609 2748 hancad
1623 2718 1792 2754 Naupactum
1807 2726 1855 2754 pa-

1066 2763 1164 2784 tralatn
1183 2758 1284 2784 caulem
1299 2757 1390 2784 tradit.

1101 2793 1159 2827 (lli)
1175 2793 1258 2825 Quasi
1274 2791 1403 2818 Erroncm
1422 2799 1436 2818 a
1453 2791 1575 2826 parentis
1588 2789 1728 2819 erroribus
1741 2789 1854 2817 dixeris.

1102 2828 1157 2862 (15)
1173 2828 1292 2856 Pausan.
1311 2827 1372 2855 init.
1387 2827 1553 2855 Coriutltt'ac.
