1923 3091
77 160 121 193 565

570 159 833 191 BIBLIOTIIECA.
853 172 888 178 -
902 159 983 189 COD.
996 158 1174 189 CLXXXVI.

1638 154 1690 193 5376

77 215 180 252 ’Δσωπῷ
194 216 240 243 καὶ
254 217 356 243 Ἐνιπεῖ
366 217 426 243 δυσ)⁸
446 219 579 252 ποταμοῖς
594 217 643 253 τὴν
662 217 749 252 ἀρχὴν
764 217 848 251 διοριι

902 219 1019 246 raverat.
1048 222 1185 249 quamque
1205 215 1296 250 Asopo
1319 219 1345 242 et
1365 214 1467 251 Enipeo
1482 215 1570 244 ﬂuviis
1595 217 1692 245 dister-

78 264 189 298 σάμενος,
201 263 230 295 ἐξ
248 260 277 290 οῦ
296 263 326 289 τὸ
343 263 467 290 Αἰολικὸν
481 264 632 297 κατάγεται
646 264 724 298 γένος
736 271 744 279 ·
756 263 848 300 Δῶρος

77 309 245 344 δ’όδεύτερος
261 311 356 344 μοῖραν
370 309 417 336 τοῦ
442 310 508 337 λαοῦ
522 310 613 338 λαδὼν
633 311 709 347 παρὰ
729 311 776 338 τοῦ
794 320 848 338 ποι-

77 355 129 389 τρὸς
146 355 325 388 ἀποικίζεται,
345 357 392 383 καὶ
415 357 467 383 ὑπὸ
489 357 535 383 τὸν
550 358 712 392 Παρνασσὸν
737 358 768 384 τὺ
786 357 849 394 ὅρος

66 401 150 433 ,κτίζει
171 402 273 435 πόλεις,
300 402 386 434 Βοιὸν,
408 403 535 430 Κυτίνιον
555 404 588 434 ⁹⁸,
615 403 743 439 Ἐρινέον,
769 404 799 436 ἐξ
817 401 849 432 οὗ

76 447 190 481 Δωριεῖς’
220 448 235 473 ὁ
259 447 288 473 δὲ
313 447 446 479 νεώτατος
477 448 609 484 Ἀθήναζε
628 449 652 465 ³⁸
683 449 848 484 ἀφικόμενος

76 493 148 525 κτίζει
174 494 336 528 τετράπολιν
364 495 537 530 καλουμένην
563 496 612 530 τῆς
640 495 775 530 Ἀττικῆς,
801 496 849 522 καὶ

75 540 146 573 γαμεῖ
157 539 295 575 Κρέουσαν
310 540 359 575 τὴν
381 541 540 576 Ἐρεχθέως,
558 542 605 568 καὶ
618 541 703 569 τίκτει
718 542 747 574 ἐξ
764 542 848 576 αὐτῆς

80 584 173 619 Ἀχαιὸν
188 586 234 612 καὶ
253 586 343 612 Ἴωνα.
362 587 417 613 Καὶ
432 587 446 613 ὁ
469 587 518 622 μὲν
535 587 642 621 Ἀχαιὸς
656 588 784 614 ἀκούσιον
799 588 848 622 φό-

75 639 111 656 νον
123 631 306 666 ἐργασάμενος
320 633 417 667 ἠλάθη,
429 633 477 660 καὶ
487 634 527 665 εἰς
543 634 747 669 Πελοπόννησον
763 634 848 661 ἐλθὼν

80 677 176 711 Ἀχαΐαν
187 677 275 709 κτίζει
295 678 470 713 τετράπολιν,
485 679 515 711 ἐξ
534 676 564 706 οὗ
585 679 707 714 Ἀχαιοί·
725 680 788 706 Ἴων
806 680 847 712 δὲ,

75 723 182 754 θανόντος
203 724 251 750 τοῦ
277 725 497 760 μητροπάτορος,
517 725 562 752 διά
580 734 609 752 τε
622 725 670 760 τὴν
689 726 790 762 ἀρετὴν
801 727 848 752 καὶ

73 763 112 804 τὴν
122 769 199 805 ἄλλην
219 770 333 803 ἀξίωσιν
349 771 470 806 αίρεϐεὶς
489 772 800 808 βασιλεύειἍΘηναίων,
818 772 848 805 ἐξ

73 812 97 841 οὗ
115 815 199 847 Ἴωνες
218 817 246 842 οῖ
259 826 288 843 τε
309 817 447 853 Ἀθηναῖοι
467 817 584 853 ἧρξαντο
599 818 741 845 καλεῖσθαι
754 818 800 844 καὶ
817 818 848 844 τὺ

73 858 124 885 ἄλλο
135 860 186 886 πᾶν
202 860 336 888 Ἰωνικόν.

104 991 132 1020 Ἦ
143 997 183 1029 κη’
193 994 231 1026 ὡς
243 995 346 1031 Τέννης
357 996 404 1023 καὶ
420 997 537 1031 Ἡμιθὲα
547 998 642 1031 παῖδες
655 1000 740 1035 ἤστην
750 1001 850 1036 Κύκνῳ

74 1038 163 1073 βασιλεῖ
179 1041 320 1077 Τρῳάδος,
343 1043 390 1069 καὶ
411 1043 538 1073 Κύκνος¹
567 1045 756 1082 ἀποθανούσης
775 1047 849 1082 αὐτῷ

72 1086 111 1120 τῆς
123 1088 249 1120 γυναικὸς
265 1088 364 1124 ἑτέραν
387 1090 582 1124 ὲπεισὰγεται·
605 1092 620 1126 ἡ
646 1091 668 1118 δ’
684 1093 849 1128 ἐπιμανεῖσα

72 1132 143 1170 Τέννῃ
156 1135 202 1160 καὶ
219 1135 258 1169 μὴ
274 1136 446 1171 τυγχάνουσα
471 1138 670 1172 καταψεύδεται
682 1139 729 1165 τοῦ
755 1141 849 1172 παιδὸς

71 1179 98 1205 τὰ
108 1180 200 1215 ἑαυτῆς
210 1189 216 1196 ·
233 1181 284 1208 καὶ
298 1182 312 1207 ὸ
327 1183 419 1217 πατὴρ
433 1183 553 1218 ἀκρίτως
567 1185 607 1216 είς
623 1185 748 1221 λάρνακα
761 1186 770 1202 ¹
783 1187 849 1213 Τέν-

72 1233 110 1260 νην
126 1227 293 1259 κατακλείει,
313 1227 381 1255 ἀλλὰ
396 1228 446 1256 καὶ
459 1229 507 1264 τὴν
526 1229 659 1265 Ἡμιθέαν
683 1232 849 1266 περιαλγοῦ-

72 1279 111 1297 dav
134 1272 266 1308 τάδελφοῦ
282 1273 302 1305 ³,
317 1274 365 1300 καὶ
386 1274 483 1309 ἀφίησι
510 1276 542 1310 τῇ
567 1275 700 1312 θαλάσσῃ.
723 1277 755 1303 'H
768 1277 789 1303 δ’
808 1278 849 1309 εἰς

71 1317 137 1352 νῆσον
148 1319 306 1356 ἐκφέρεται,
322 1321 371 1348 καὶ
382 1321 407 1347 οἱ
426 1322 569 1357 ἐπιχώριοι
583 1322 633 1357 τὴν
645 1323 768 1357 λάρνακα
781 1324 847 1350 ἁνα-

71 1362 220 1397 κομίζονται,
238 1365 330 1392 καὶτὸ
341 1365 442 1400 κράτος
456 1366 506 1400 τῆς
524 1366 578 1401 γῆς
594 1367 703 1403 ἐκείνης
719 1368 824 1403 ἴσχουσι
837 1369 849 1385 δ

71 1409 157 1445 Τέννης
171 1411 217 1438 καὶ
237 1411 368 1446 Ἡμιθέα,
381 1412 428 1439 κα¹1¹
445 1413 461 1448 ή
477 1413 559 1448 νῆσος
575 1413 685 1446 Τένεδος
700 1415 762 1442 ἀντὶ
780 1415 848 1442 Λευ-

70 1455 172 1490 κόφριιος
191 1457 354 1493 ὠνομάσθη.
377 1457 407 1484 '0
428 1458 457 1485 δὲ
484 1459 592 1490 Κύκνος
621 1461 773 1495 μεταγνοὺς
800 1461 848 1488 καὶ

69 1503 237 1539 ὁρμισάμενος
252 1504 324 1539 πρὸς
337 1504 386 1540 τὴν
402 1505 495 1540 νῆσον,
513 1506 599 1533 ἐδεῖτο
614 1505 661 1534 τοῦ
687 1508 780 1540 παιδὸς
793 1508 847 1535 ἀπὸ

69 1548 108 1597 τῇς
119 1549 181 1581 νεὼς
193 1550 350 1597 αμνηστίαν
363 1550 446 1586 ἔχειν.
462 1552 492 1578 '0
505 1552 543 1585 δὲ,
560 1553 599 1584 ὡς
617 1554 653 1588 μὴ
668 1553 781 1588 ἐπιϐαίη
795 1554 845 1588 τῆς
861 1567 884 1597 c

69 1594 148 1628 νήσου,
172 1595 291 1623 πέλεκυν
315 1597 452 1632 ἀράμενος
479 1597 514 1624 τὰ
540 1598 680 1634 πείσματα
702 1600 753 1634 τῆς
779 1600 847 1632 νεὼς

68 1639 190 1669 διακόπτει
202 1652 210 1658 ·
229 1642 296 1679 [440
313 1643 358 1679 [L]
374 1644 420 1670 καὶ
437 1644 485 1670 ἀπ’
500 1645 583 1671 αὐτοῦ
607 1646 631 1671 οἱ
648 1646 788 1681 ἄνθρωποι
800 1647 848 1673 ἐπὶ

69 1687 154 1719 παντὸς
177 1689 319 1724 ἀποτόμου
349 1689 513 1725 πράγματος
535 1691 582 1717 τὸν
601 1691 701 1717 Τέννου
730 1691 848 1719 πέλεκυν

70 1731 230 1767 ἐπιλέγουσιν.

101 1823 129 1850 Ἠ
143 1824 180 1851 κθ¹
196 1825 234 1857 ὡς
248 1826 399 1862 Μάγνητες
414 1828 438 1854 οἱ
464 1828 627 1863 Μαγνησίαν
648 1829 697 1865 τὴν
714 1830 744 1856 ὲν
770 1829 848 1865 Ἀσίᾳ

70 1868 107 1895 νῦν
117 1871 248 1904 οἰκοῦντες
260 1873 293 1900 τὸ
307 1873 440 1909 πρότερον
452 1883 484 1901 πε
489 1875 516 1910 ρὶ
532 1875 646 1910 Πηνειὸν
662 1875 787 1911 ποταμὸν
799 1876 849 1903 καὶ

70 1913 94 1940 τὸ
114 1916 208 1951 Πήλιον
234 1918 300 1954 ὅρος
333 1919 463 1955 ᾤκησαν,
492 1921 540 1947 καὶ
574 1922 810 1958 συνεστράτευσαν
837 1923 849 1938 ⁵

75 1959 176 1995 Ἀχαιοῖς
201 1965 275 1991 κατὰ
292 1965 392 2001 Τροίας
418 1967 572 2001 ἡγουμένου
597 1967 688 1994 αὐτῶν
714 1968 848 2004 Προθόου,

70 2007 108 2033 καὶ
121 2008 261 2037 ἐκαλοῦντο
287 2011 445 2047 Μάγνητες.
467 2011 535 2039 Εἶτα
549 2013 649 2049 δεκάτη
665 2014 676 2030 ³
694 2015 849 2050 Μαγνήτων

70 2053 297 2092 ἀνακομιζομένων
316 2058 406 2087 αὐτῶν
422 2058 475 2085 ἀπὸ
498 2059 599 2095 Τροίας
614 2060 712 2092 οἰκίζει
727 2062 788 2088 κατ’
804 2062 850 2088 εὑ-

70 2098 110 2132 χὰς
131 2102 167 2133 εἰς
182 2102 314 2137 Δελφούς.
340 2103 418 2130 Μετὰ
441 2103 537 2139 χρόνον
562 2103 591 2130 δὲ
611 2105 778 2137 ἀναστάντες
801 2105 848 2132 τοῦ

72 2145 132 2180 ἱεροῦ
146 2149 190 2175 καὶ
204 2150 349 2182 κατιόντες
361 2151 409 2177 ἐπὶ
427 2151 565 2178 Θάλασσαν
582 2151 792 2188 ἐπεραιώθησαν
809 2154 849 2184 είς

71 2190 167 2228 Κρήτην
178 2196 198 2222 ⁷.
217 2196 355 2231 ’Υστερον
371 2196 534 2233 122611.]δὲ
553 2198 710 2233 βιασθέντες
732 2199 847 2234 ἀνέστη-

900 260 1062 288 minaverat.
1078 261 1166 295 Atque
1183 261 1246 288 hinc
1271 261 1406 289 Eolicum
1433 269 1518 297 genus
1543 264 1690 291 derivatur.

899 308 975 336 Alter
992 309 1089 336 deinde
1103 309 1200 342 Dorus,
1211 313 1320 343 accepta
1334 317 1349 336 a
1366 314 1478 343 parente
1493 312 1582 346 populi
1599 318 1690 346 parte,

900 355 1035 382 coloniam
1047 354 1100 382 alio
1113 355 1243 388 traduxit,
1260 355 1435 390 condiditque
1452 358 1500 385 has
1512 359 1545 384 ad
1562 358 1690 386 Parnassi

900 402 999 429 montis
1011 401 1129 429 radicetn
1141 401 1233 434 urbes,
1242 401 1490 437 Bueum,Cytinium
1503 409 1529 431 et
1546 403 1687 432 Erineum.

900 448 942 475 Ab
963 447 1014 475 hoc
1030 447 1115 474 Dores
1140 447 1216 474 dicti.
1239 446 1309 474 Natu
1326 447 1443 482 denique
1475 449 1602 477 minimus
1628 458 1690 478 cum

900 495 1020 521 Athenas
1038 493 1241 530 pervenit(i6),
1257 494 1353 522 Atticae
1377 503 1457 530 quam
1482 500 1579 523 vocant
1606 487 1691 524 tetra?

902 539 985 574 polim
1002 539 1060 575 (17)
1075 540 1218 567 aediﬁcavit
1232 559 1240 572 ,
1257 540 1386 575 duxitque
1414 548 1526 568 uxorem
1562 541 1691 570 Creusam

900 584 1045 611 Erechthei
1071 583 1164 618 ﬁliam,
1183 591 1199 612 e
1222 591 1274 619 qua
1288 585 1416 612 Achaeum
1441 590 1469 612 et
1486 585 1547 612 Iona
1561 586 1615 621 (18)
1629 594 1691 613 Sus-

900 630 970 657 tulit.
983 630 1098 657 Aehreus
1113 630 1167 664 hic,
1177 638 1237 658 cum
1251 631 1350 658 caedem
1367 631 1529 665 imprudens
1544 637 1690 666 patrasset,

899 677 1003 712 pulsus,
1015 677 1041 703 in
1051 675 1267 710 Peloponnesum
1281 677 1363 708 venit,
1375 676 1550 711 condiditque
1560 677 1690 705 Achaiam

901 722 1065 757 tetrapolim.
1086 723 1109 750 A
1132 730 1186 758 quo
1200 723 1282 750 etiam
1308 723 1399 750 Achaei
1424 723 1557 757 originem
1577 724 1690 751 ducunt.

900 768 945 795 Ion
959 777 1035 801 vero,
1050 774 1157 796 mortuo
1169 777 1219 796 avo
1233 774 1356 797 materno
1386 769 1550 803 Erechtheo,
1563 778 1623 797 eum
1636 771 1692 797 vir-

900 814 974 847 tutis,
994 820 1049 842 tum
1064 815 1175 850 reliqua:
1188 815 1326 850 dignitatis
1343 823 1407 851 ergo
1417 821 1525 844 creatus
1537 824 1594 849 rex,
1609 817 1692 843 Athe-

901 861 1039 888 niensibus
1054 861 1208 894 imperavit.
1227 860 1302 888 Unde
1328 865 1356 889 et
1384 863 1461 889 lones
1490 862 1619 896 appellari
1636 869 1689 889 cce-

902 911 999 942 perunt
1025 907 1222 940 Athenienses,
1253 908 1400 942 omnisque
1426 909 1493 935 adeo
1520 908 1594 943 regio
1618 907 1693 935 lonia

902 953 983 980 dicta.

938 997 1072 1027 Vicesima
1085 1004 1179 1027 octava
1190 999 1314 1035 :,Tennes
1328 1006 1355 1028 et
1370 1000 1511 1028 Hemithea
1522 1001 1600 1028 liberi
1612 1004 1690 1027 erant

902 1045 985 1081 Cycni
1017 1045 1088 1080 regis
1110 1045 1225 1074 Troadis
1241 1046 1306 1082 (i9).
1329 1047 1438 1082 Cycnus
1469 1051 1557 1074 autem
1585 1051 1692 1073 mortua

901 1091 1014 1125 conjuge
1030 1092 1104 1119 duxit
1117 1092 1229 1119 alteram
1248 1092 1316 1128 (ΞΟ),
1334 1100 1394 1127 quin
1411 1093 1506 1120 insano
1520 1093 1620 1120 Tenna:
1635 1093 1693 1127 pri~

901 1137 971 1173 vigui
990 1145 1083 1165 amore
1097 1143 1188 1173 capta,
1199 1146 1260 1166 cum
1271 1140 1351 1174 potiri
1368 1147 1419 1166 non
1433 1143 1534 1174 posset,
1548 1147 1626 1166 suum
1642 1140 1694 1166 cri-

901 1191 961 1210 men
991 1184 1060 1211 falso
1084 1184 1123 1211 illi
1150 1184 1290 1220 imponens
1314 1186 1463 1214 accusavit.
1488 1185 1590 1213 Parens
1612 1185 1693 1220 igitur

900 1229 1000 1256 indicta
1014 1238 1095 1257 causa
1110 1230 1231 1258 Tennem
1254 1231 1338 1259 filium
1358 1233 1456 1260 arculas
1484 1232 1605 1266 inclusit,
1625 1231 1692 1267 quin

899 1281 926 1303 et
940 1284 992 1303 una
1008 1276 1188 1310 lleinitheam,
1211 1277 1304 1305 fratris
1318 1278 1466 1305 infortunio
1489 1278 1633 1305 immodice
1646 1278 1691 1305 dn-

900 1322 1010 1354 lentem,
1029 1327 1110 1356 atque
1139 1323 1175 1349 ita
1202 1324 1268 1350 mari
1290 1324 1438 1352 commisit.
1465 1324 1528 1352 llaec
1547 1324 1640 1352 arcula
1666 1325 1693 1351 in

899 1368 1014 1395 insulam
1042 1369 1185 1402 quamdam
1221 1370 1321 1403 delata,
1340 1375 1422 1405 atque
1453 1371 1487 1398 ab
1505 1371 1604 1398 incolis
1628 1371 1695 1399 sub-

899 1415 954 1442 lata
973 1419 1025 1446 est,
1042 1419 1069 1441 et
1085 1415 1167 1442 totius
1197 1415 1318 1450 regionis
1333 1416 1448 1452 imperio
1463 1417 1603 1451 potiuntur
1621 1416 1693 1444 Ten-

900 1469 948 1488 nes
978 1465 1061 1496 atque
1087 1461 1253 1489 Hemithea:
1273 1462 1331 1497 ipsa
1363 1469 1428 1489 vero
1460 1463 1547 1490 insula
1571 1463 1695 1490 Tenedos

899 1515 948 1542 pro
963 1507 1124 1543 Leucophry
1144 1507 1195 1534 dici
1208 1512 1308 1542 coepta.
1324 1507 1433 1543 Cycnus
1448 1513 1541 1542 postea
1556 1508 1620 1535 facti
1638 1516 1695 1543 pm-

901 1554 1001 1584 niteus,
1017 1557 1044 1580 et
1059 1553 1091 1579 ad
1116 1552 1231 1579 insulam
1256 1552 1406 1587 profectus,
1423 1553 1506 1580 filium
1527 1554 1694 1588 precabatur

899 1606 914 1625 e
934 1598 1008 1630 navi,
1025 1597 1229 1632 prmteritarum
1253 1604 1343 1624 rerum
1364 1602 1393 1624 ut
1408 1597 1625 1625 oblivisceretur.
1647 1596 1695 1624 Ille

900 1650 1050 1678 autem,nc
1066 1644 1099 1671 ad
1127 1643 1243 1671 insulam
1269 1644 1418 1679 appelleret
1445 1652 1555 1678 parens,
1577 1644 1694 1671 securim

900 1690 1038 1725 arripiens
1051 1690 1128 1717 navis
1143 1689 1293 1717 retinacula
1316 1690 1459 1717 dissecuit.
1477 1690 1556 1717 Unde
1568 1690 1619 1716 dici
1637 1697 1694 1717 ctr-

901 1741 976 1771 ptum
992 1735 1018 1763 iu
1036 1737 1109 1764 omni
1127 1736 1242 1770 abrupto
1259 1741 1340 1771 atque
1356 1736 1470 1771 praeciso
1486 1736 1605 1771 negotio,
1621 1736 1693 1764 Ten-

900 1790 941 1809 nze
954 1781 1011 1818 (2|)
1025 1783 1171 1818 bipennem
1189 1783 1272 1811 fuisse
1284 1784 1444 1810 adhibitam.

937 1829 1069 1856 Vicesima
1093 1837 1162 1856 nona
1180 1838 1187 1856 :
1209 1829 1357 1864 Magnetes,
1378 1829 1422 1863 qui
1440 1829 1607 1863 Magnesiam
1623 1828 1693 1855 Asius

900 1883 973 1902 nunc
986 1875 1116 1908 incolunt,
1130 1880 1209 1903 antea
1220 1877 1255 1903 ad
1267 1875 1386 1903 Peneum
1408 1875 1508 1903 flumen
1521 1879 1694 1909 montemque

900 1920 1004 1948 Pelium
1022 1921 1190 1953 habitarunt,
1205 1928 1232 1949 et
1259 1922 1389 1949 adversus
1415 1921 1524 1955 Troiam
1548 1922 1628 1948 ductu
1654 1925 1694 1947 at-

901 1974 955 2003 que
978 1967 1109 2002 auspiciis
1126 1967 1238 1994 Prothoi
1266 1967 1438 2000 militantes,
1465 1967 1604 2001 Magnetes
1628 1967 1692 1992 item

900 2013 964 2040 dicti
984 2017 1056 2040 sunt.
1077 2012 1122 2040 llle
1134 2019 1225 2048 postea
1251 2014 1311 2046 hos,
1339 2013 1471 2040 decimam
1497 2012 1577 2046 Troja
1599 2019 1694 2047 repor~

901 2063 1002 2091 tantes,
1018 2059 1128 2095 Delphis
1151 2068 1185 2088 ex
1198 2065 1264 2087 voto
1287 2059 1442 2088 collocavit.
1462 2059 1526 2086 Post
1541 2064 1630 2085 tamen
1647 2066 1692 2085 re-

900 2106 964 2134 licto
978 2107 1049 2139 fano,
1063 2107 1233 2141 navibusque
1248 2106 1415 2137 conscensis,
1433 2105 1459 2132 in
1477 2105 1584 2132 Cretam
1606 2109 1694 2132 trans-

901 2153 1046 2180 miserunt.
1063 2151 1126 2179 inde
1135 2159 1242 2187 quoque
1258 2151 1283 2178 vi
1297 2151 1402 2186 repulsi
1415 2150 1525 2178 Cretam
1551 2150 1691 2179 deserunt,

901 2204 929 2227 et
942 2199 970 2226 in
989 2198 1093 2234 1360
1114 2199 1206 2226 Asiam
1223 2199 1430 2233 adnavigantes.
1461 2197 1539 2224 malis
1565 2196 1693 2224 afﬂictam

72 2244 112 2263 σαν
123 2240 152 2267 ὲκ
166 2241 290 2278 Κρήτης,
311 2243 359 2270 καὶ
379 2243 546 2276 πλεύσαντες
567 2245 607 2276 εἰς
622 2245 672 2279 τὴν
696 2245 789 2272 Ἀσίαν
803 2246 848 2281 ep-

902 2252 994 2279 nuper'
1011 2245 1147 2272 conditam
1172 2244 1274 2271 loniam
1306 2249 1387 2278 atque
1405 2243 1543 2271 [Eolidem
1566 2242 1692 2273 liberant.

73 2281 151 2315 ρύοπο
166 2287 259 2314 κακῶν
272 2288 428 2315 νεόκτιστον
451 2286 536 2315 οὖσαν
554 2289 604 2326 τὴν
617 2288 721 2315 Ἰωνίαν
734 2289 782 2316 καὶ
797 2289 847 2325 τὴν

71 2327 172 2365 Αἰολίδα,
189 2333 399 2369 συμμαχοῦντες
412 2335 504 2367 αὐτοῖς
519 2335 590 2362 κατὰ
608 2335 664 2362 τῶν
684 2335 846 2370 ἐπιτιθεμέ-

902 2295 1054 2326 pugnantes
1069 2297 1120 2318 una
1139 2297 1200 2317 cum
1216 2290 1259 2317 his
1276 2290 1407 2317 adversus
1426 2296 1485 2321 eos,
1503 2288 1549 2324 qui
1566 2287 1636 2315 mala
1648 2287 1693 2314 ilia
1722 2289 1731 2299 '

902 2336 1066 2364 inferebant.
1095 2336 1164 2364 iliuc
1188 2336 1306 2371 denique
1332 2336 1428 2364 eodem
1456 2343 1510 2370 quo
1535 2342 1607 2363 nunc
1632 2339 1695 2362 sunt

695 2430 815 2459 VARUE
833 2429 1038 2458 LECTIONES.

113 2485 133 2501 ⁸⁸
157 2487 264 2525 Κτίνιον
282 2497 312 2520 ς.
344 2488 367 2505 θ’
388 2488 536 2525 Ἀθήναζεν
553 2500 582 2523 ς.
620 2491 627 2506 ¹
645 2490 692 2517 καὶ
707 2490 813 2521 Κύκνος
829 2491 850 2516 A
864 2499 871 2517 :
888 2490 994 2521 Κύκνος
1006 2489 1034 2517 δέ
1045 2497 1076 2520 ς.
1105 2489 1169 2525 ἐἰς
1185 2488 1310 2525 λάρνακα
1326 2488 1376 2525 Α]
1393 2488 1566 2525 λάρνρκιγςμ
1591 2486 1698 2525 Ϋάβελ-

72 2518 161 2558 9955:-
194 2523 205 2538 ⁸
217 2518 360 2558 ἀνίσῇουσι
377 2524 412 2554 A;

73 2555 100 2581 ad
115 2555 200 2585 Vellei.
213 2566 240 2592 p.
254 2555 299 2586 i3:

466 2526 477 2541 ⁵
497 2527 544 2552 καὶ
564 2533 691 2562 συνεστρ.
707 2525 730 2553 Α
747 2534 754 2553 :
769 2534 896 2561 συνεστρ.
912 2525 940 2552 δέ
955 2534 985 2557 ς.

1036 2526 1046 2541 ⁸
1061 2524 1178 2559 δεκάτην
1193 2521 1229 2556 ςξ
1262 2524 1272 2539 ⁷
1287 2524 1326 2555 εἰς
1343 2521 1470 2559 Κρήτην]
1492 2524 1529 2552 cf.
1549 2521 1694 2551 Ruhnken.

823 2624 944 2654 ΝΟΤιΕ.

97 2669 149 2709 ,(16)
164 2671 259 2709 Strabo
279 2673 325 2702 lib.
342 2681 400 2706 vnt,
428 2673 505 2701 initio
523 2673 631 2704 Achaiae
649 2672 768 2699 Xutlium
795 2679 845 2699 no-

75 2709 155 2744 ηιιῃῃ,
170 2708 212 2744 ubi
231 2710 302 2736 hanc
315 2709 387 2744 leges
405 2709 559 2736 historiam.

103 2739 152 2773 (Π)
165 2741 287 2776 (Εηοοη,
302 2739 518 2776 Probalinthum,
534 2743 732 2776 Tricorithum,
744 2747 772 2771 et
789 2741 845 2770 Ma-

76 2775 182 2814 rathona,
195 2783 225 2805 ut
239 2779 428 2814 refertSteph.
444 2785 472 2806 et
489 2780 588 2807 Strabo
599 2787 673 2812 supr.

104 2810 315 2851 (18)Steph._ﬂiu
344 2810 424 2851 Iohia
448 2815 514 2842 facit
536 2823 598 2842 eum
617 2810 650 2842 ex
679 2813 840 2842 Atheniens.

76 2849 186 2884 opinione
199 2849 330 2884 Apollinis
345 2855 373 2877 et
388 2850 504 2878 Creissa:
516 2851 610 2878 ﬁliuni.

106 2881 154 2916 U9)
169 2881 265 2914 Strabo
281 2886 326 2915 lib.
339 2893 389 2914 aut
403 2885 567 2915 Colonarum
577 2886 649 2914 hunc
663 2892 753 2921 regem
766 2884 840 2919 facit,

899 2673 925 2710 in
939 2672 1047 2701 Troade
1074 2678 1175 2710 tamen.
1201 2675 1270 2702 Vide
1294 2674 1429 2710 Lycophr.
1447 2675 1546 2710 interp.
1571 2678 1598 2701 et
1625 2673 1692 2700 Ser-

897 2708 982 2741 vium.
1022 2716 1054 2736 ac
1080 2709 1198 2736 Pausan.
1230 2711 1259 2737 in
1281 2708 1414 2737 Piiocicis.
1445 2709 1556 2737 Diodor;
1585 2716 1694 2743 quoque

898 2743 982 2770 Sicul.
999 2750 1122 2772 extremo
1134 2745 1180 2772 lib.
1199 2753 1226 2772 ν.

933 2779 991 2814 (20)
1007 2779 1184 2807 Philonomen
1199 2784 1278 2808 vocat
1296 2780 1390 2814 Steph.
1407 2781 1432 2807 in
1455 2780 1570 2807 Tenedos
1582 2786 1593 2805 :
1609 2786 1690 2813 quem

898 2815 987 2850 fusius
1003 2815 1060 2842 haec
1072 2820 1233 2843 tractantem
1253 2815 1320 2849 lege,
1333 2820 1360 2843 et
1372 2817 1456 2850 Adag.
1476 2823 1555 2850 opus.

933 2849 990 2884 (2|)
1005 2850 1102 2878 Suidas
1117 2852 1197 2878 etiam
1228 2851 1350 2882 Τενέδιος
1367 2849 1510 2886 ἅνθρωπος
1527 2855 1554 2879 et
1569 2849 1699 2881 Τινέδιος.

896 2885 1048 2922 ξυνήγορος
1064 2886 1256 2923 παροιμιωδῶς
1275 2886 1326 2915 dici
1339 2885 1437 2915 refert.
1476 2899 1478 2902 ν
