1923 3091
233 145 286 178 567

230 201 293 229 luco
313 199 484 236 perveniunt,
500 198 650 233 urbemque
674 197 805 229 condunt,
825 205 905 232 quant
934 197 1018 225 veleri
1034 201 1057 228 Α

231 246 265 274 de
276 246 386 274 nomine
402 245 496 273 natrite
510 244 675 279 Magnesiam
691 245 755 272 item
774 249 974 279 nuncuparunt.

267 335 416 364 Tricesima
433 335 465 363 de
481 335 605 362 Pithenio
620 334 676 369 (22)
689 334 869 370 Apolloniate,
887 336 944 370 qui,
956 343 1021 364 oves

232 383 287 411 Soli
304 390 395 410 sacras
418 389 543 417 pascens,
559 389 620 408 cum
643 389 691 409 sua
707 381 812 409 incuria
830 383 968 415 sexaginta
987 382 1021 410 de

228 437 311 464 grege
324 437 388 457 oves
407 429 460 464 lupi
487 429 707 462 discerpsissent,
730 429 816 457 oculis
831 436 845 454 a
861 429 966 456 civibus
980 434 1023 457 est

230 477 352 508 orbatus,
363 483 447 510 quare
464 475 553 506 tellus,
569 474 639 502 irato
654 474 721 507 Deo,
748 475 854 502 fructus
870 474 1023 510 Apollonia-

230 522 265 548 tis
281 528 334 548 non
349 520 470 555 protulit.
491 520 577 547 donec
599 517 658 547 astu
686 525 713 548 et
736 521 900 548 suburbanis
915 521 1022 556 praediis

230 567 335 595 duobus
351 566 505 594 Pilhenium
521 566 662 601 placantes
685 571 713 594 et
733 574 786 594 una
802 567 913 601 insuper
931 568 1021 599 domo,

230 621 311 647 quam
338 613 454 646 ipsemet
483 612 622 647 elegisset,
655 612 829 640 sterilitatem
857 612 1021 647 eﬁ‘ugerunt.

231 659 298 686 Erat
310 663 400 685 autem
416 657 557 685 Pithenius
572 657 686 685 illustris
701 665 812 693 genere,
824 659 894 686 sicut
907 663 934 685 et
945 663 1024 693 quot-

231 709 297 738 quot
312 703 357 730 alii
372 705 430 738 ejus
455 711 630 732 successores
651 711 792 732 sacrarum
820 712 915 732 curam
932 705 1022 732 ovium

232 754 387 783 gesserunt.
412 749 472 785 Ipsa
489 758 554 778 vero
578 750 720 786 Apollonia
740 751 798 787 (2'5)
816 751 909 779 Graeca
927 751 1024 778 civitas

232 801 275 823 cst
296 796 322 823 in
345 795 450 832 Illyrica
478 797 588 831 regione
610 797 677 824 mari
697 797 837 831 adjacens,
852 805 933 832 quam
953 797 1025 825 Lous

232 843 332 870 ﬂuvius
346 843 415 878 (2i),
428 843 473 878 qui
497 843 524 870 in
543 842 647 875 Ionium
673 851 747 871 mare
762 844 830 877 exit,
846 845 964 871 mediam
981 845 1023 871 di-

232 890 312 915 vidit.

270 935 420 963 Tricesima
437 936 521 969 prima
534 945 541 963 :
552 936 655 964 Tereus
671 936 740 973 (25),
755 936 888 964 Thracum
904 944 962 969 rex,
977 945 1024 964 eo-

233 990 294 1009 rum
315 982 359 1017 qui
384 982 417 1009 ad
443 981 565 1009 Dauliam
590 988 771 1018 caaleramque
794 983 912 1010 Phocida
941 983 1026 1017 perti-

234 1035 311 1062 nent,
326 1037 438 1057 uxorem
455 1029 532 1056 duxit
546 1029 682 1057 Procnen.
702 1029 847 1057 Pandionis
858 1030 1024 1057 Athenarum

235 1075 308 1110 regis
324 1075 420 1103 ﬁliam.
443 1075 493 1103 llic
516 1081 658 1111 postquam
687 1077 783 1104 insano
808 1081 908 1111 captus
921 1083 1024 1109 amore,

234 1127 283 1154 per
303 1120 355 1146 vim
370 1121 560 1155 constupravit
578 1121 690 1148 invitam
703 1120 891 1155 Philomelam,
907 1120 1026 1149 Procnes

235 1173 370 1198 sororem,
391 1166 508 1201 linguam
518 1174 626 1201 quoque
643 1167 702 1201 ejus
715 1167 847 1198 exsecuit,
865 1167 968 1194 veritus
986 1167 1026 1194 ni-

235 1213 334 1239 mirum
352 1220 386 1240 ne
400 1213 499 1239 factum
516 1213 655 1247 proderet.
671 1214 707 1240 At
732 1213 777 1240 illa
799 1213 906 1249 peplum
922 1218 1025 1245 texens,

237 1259 356 1286 dolorem
370 1259 393 1285 ei
413 1266 491 1286 suum
505 1259 556 1286 ﬁlis
571 1259 719 1294 inscripsit.
733 1259 850 1290 Procne,
863 1267 893 1287 re
906 1260 1026 1294 cognita,

1041 875 1063 903 Β

236 1309 264 1331 ct
292 1303 398 1332 l'acinus
425 1304 517 1332 ulcisci
543 1305 673 1340 cupiens,
704 1305 786 1332 ﬁlium
817 1305 899 1342 [Ityn]
928 1306 1027 1334 marito

236 1359 317 1377 suum
340 1351 502 1385 epulandum
523 1351 549 1378 in
564 1358 643 1378 caena
664 1352 798 1386 apposuit_
818 1352 886 1379 Tum
912 1352 1026 1384 Tereus,

238 1397 284 1423 ubi
303 1396 343 1423 vel
359 1405 391 1424 ex
411 1398 466 1431 ipsa
489 1396 594 1425 Procne
606 1398 801 1425 exsecrandum
819 1398 972 1425 convivium
988 1398 1028 1425 di-

237 1443 314 1474 dicit,
339 1447 367 1469 et
395 1443 464 1470 hanc
489 1448 516 1470 et
538 1451 660 1471 sororem
691 1444 774 1471 veluti
800 1444 865 1471 facti
890 1444 1026 1471 consciam

240 1489 330 1523 gladio
345 1496 523 1523 percussurus
538 1489 700 1524 insequitur.
726 1489 782 1517 Illis
801 1497 866 1516 vero
881 1497 930 1524 per
951 1489 1029 1515 fabu—

239 1535 292 1561 lam
307 1535 369 1562 inde
387 1535 511 1569 sublatis,
524 1535 630 1563 Procne
643 1535 751 1570 quidem
767 1536 793 1562 in
806 1535 946 1563 lusciniam
961 1535 1027 1570 (26),

239 1581 389 1609 Philomela
411 1590 475 1609 vero
488 1582 514 1609 in
527 1582 701 1610 hirundinem
725 1582 853 1614 vertitur,
875 1567 1065 1616 canumqueC

239 1634 369 1663 perpetuo
393 1636 456 1656 suas
483 1628 544 1656 illas
570 1629 749 1656 calamitates.
763 1628 816 1656 Sed
837 1633 865 1656 et
881 1628 985 1656 Tereus
1003 1628 1028 1655 in

239 1681 357 1709 upupam
373 1682 463 1708 avem,
478 1681 507 1702 ut
520 1675 619 1703 fabula:
638 1675 772 1709 referunt,
789 1675 1030 1702 mutatus:aiuut-

239 1731 292 1758 que
316 1725 378 1757 hos,
400 1731 434 1751 ne
460 1732 522 1752 aves
543 1724 652 1759 quidem
674 1724 771 1756 factos.
796 1725 864 1752 iram
889 1724 1064 1758 deposuisse,

240 1773 300 1798 nias
318 1772 495 1800 insectantur.

279 1817 429 1845 Tricesima
443 1819 560 1846 secunda
575 1828 581 1846 :
596 1818 810 1854 DeEuropa(27)
823 1818 960 1846 Phoenicis
972 1818 1030 1854 (28)

241 1864 297 1892 ﬁlia
311 1872 326 1891 e
339 1870 483 1900 conspectu
506 1865 624 1898 sublata,
648 1871 732 1901 utque
757 1865 827 1892 ﬁlios
846 1871 924 1900 pater
938 1866 970 1892 ad
986 1873 1030 1893 so-

243 1918 333 1938 rorem
351 1911 566 1946 investigaudam
584 1911 728 1938 dimiserit.
755 1911 783 1938 In
800 1911 843 1938 his
857 1911 939 1938 etiam
958 1911 1030 1938 Cad-

243 1963 303 1982 mus
325 1954 386 1987 fnit,
407 1955 517 1990 quicum
534 1963 587 1982 una
608 1961 633 1983 el
649 1955 775 1987 Proteus,
789 1955 922 1983 Busiridis
940 1961 1031 1992 tyran—

243 2001 333 2029 nidem
352 2002 464 2034 veritus,
479 2009 510 2029 ex
526 2001 646 2037 AigypIo
663 2001 775 2037 trajicit.
789 2001 872 2029 Addit
895 2002 1032 2036 quomodo

243 2053 306 2083 post
321 2049 410 2076 varios
426 2056 536 2076 errores
555 2048 622 2075 nihil
647 2048 833 2081 invenientes,
851 2049 878 2076 in
894 2048 1030 2075 Pallenam

243 2096 381 2128 venerint,
396 2101 481 2130 utque
508 2094 632 2127 Proteus,
665 2094 845 2128 hospitalibus
873 2094 1033 2121 muneribus

244 2141 315 2168 Clito
335 2141 451 2173 oblatis,
468 2141 642 2175 amicitiaque
665 2140 730 2167 inita
752 2140 848 2176 1366
870 2140 939 2175 (erat
949 2140 1034 2168 Clitus

243 2187 290 2215 hic
311 2194 358 2214 rex
379 2187 498 2222 prudens
512 2191 539 2214 et
552 2187 641 2221 justus
654 2186 798 2214 Sithonum
816 2186 939 2213 Thraciae.
951 2194 1036 2221 popu-

245 2233 345 2268 lorum)
377 2233 460 2260 ﬁliam
488 2233 546 2268 ejus
573 2231 751 2268 Chrysouoen
780 2240 892 2260 uxorem
916 2233 1034 2259 duxerit.

1051 2164 1073 2191 1)

192 2284 197 2289 '
246 2277 355 2305 Bisaltis
370 2278 466 2305 deinde
481 2277 566 2312 patria
583 2285 630 2304 sua
649 2284 681 2304 eo
694 2276 764 2304 bello
775 2277 871 2311 pulsis,
888 2277 959 2312 quod
971 2278 1036 2312 ipsis

247 2331 262 2351 a
277 2323 349 2351 Clito
362 2328 389 2351 et
402 2324 498 2350 Proteo
510 2323 613 2350 illatum
625 2327 676 2357 est,
690 2323 840 2358 regionigilli
858 2323 970 2351 Proteus
985 2325 1036 2351 im-

247 2369 364 2405 peravit,
390 2369 535 2405 genuitque
560 2369 646 2404 patris
669 2369 748 2404 longe
763 2369 909 2398 dissimiles
925 2370 1036 2402 liberos,

810 144 943 175 PHOTll
955 144 1211 174 PATRIARCHIE
1230 145 1286 174 ΟΡ.

1813 143 1868 174 56$

1072 206 1136 224 νων.
1152 198 1276 224 Ἐκεῖθεν
1289 197 1465 233 ἀφικνοῦνται
1477 199 1505 224 ἐν
1550 197 1598 224 νῦν
1612 197 1676 231 εἰσὶ,
1686 197 1732 224 καὶ
1741 197 1868 229 κτίζουσι

1072 244 1161 278 πόλιν,
1175 244 1229 270 ἀπὸ
1240 245 1290 278 τῆς
1304 243 1374 270 κατὰ
1387 243 1417 270 τὸ
1430 244 1544 279 ἀρχαῖον
1557 243 1688 278 πατρίδος
1702 243 1868 278 Μαγνησίαν

1071 290 1157 324 αὐτὴν
1177 289 1400 319 ἐπικαλέσαντες.

1115 335 1147 362 Ἡ
1167 334 1187 361 λ’
1202 335 1235 362 τὰ
1254 335 1318 370 περὶ
1344 333 1487 369 Πειθηνίου
1512 334 1559 360 τοῦ
1582 334 1808 365 Ἀπολλωνιάτου,
1838 335 1868 366 ὂς

1071 383 1106 410 τὰ
1124 383 1185 417 ίερὰ
1205 382 1295 409 Ἡλίου
1309 383 1421 416 ⁸νέμων
1447 381 1582 416 πρόϐατα,
1605 381 1667 407 ἐπεὶ
1696 381 1785 407 αὐτῶν
1802 379 1868 415 ἐξή-

1073 438 1157 457 κοντα.
1180 430 1256 456 λύκοι
1281 429 1478 462 διεσπάραξαν,
1495 427 1695 462 ἀμελήσαντος,
1716 428 1765 458 τὰς
1789 427 1868 461 ὄψεις

1073 476 1127 503 ὑπὸ
1152 476 1205 502 τῶν
1231 475 1348 502 πολιτῶν
1376 475 1551 501 ἐκκόπτεται.
1579 474 1634 500 Καὶ
1660 474 1676 507 ἡ
1703 473 1737 507 γῆ
1759 474 1869 508 καρπὸν

1073 522 1304 552 Ἀπολλωνιάταις
1320 520 1483 556 μηνίσαντος
1503 520 1597 550 αὐτοῖς
1612 518 1658 545 τοῦ
1675 518 1737 544 θεοῦ
1749 519 1798 544 οὐκ
1814 518 1869 544 ἐδί-

1074 570 1132 600 δου,
1160 569 1212 600 ἕως
1237 569 1319 605 τέχνῃ
1340 568 1387 594 καὶ
1411 567 1584 602 προαστείοις
1607 566 1682 592 δυσὶν
1708 565 1870 600 ἱλασάμενοι

1075 617 1218 652 Πειθήνιον
1244 615 1290 642 καὶ
1313 615 1387 650 οἰκίᾳ
1413 615 1472 650 μιᾷ,
1498 611 1535 641 ὧν
1550 615 1560 630 ⁹
1580 614 1661 646 αὐτὸς
1676 614 1697 629 ¹⁰
1710 613 1869 648 ᾑρετίσατο,

1075 663 1125 696 τὴν
1139 662 1279 696 ἀκαρπίαν
1295 661 1433 695 διέφυγον.
1450 660 1510 687 Τῶν
1531 660 1672 695 ἐπιφανῶν
1687 659 1708 686 δ’
1722 657 1755 694 ἦν
1775 660 1788 684 ὁ
1805 660 1869 685 Πει-

1076 707 1177 743 θήνιος,
1196 707 1244 734 καὶ
1256 707 1314 734 ὅσοι
1336 706 1411 734 ἄλλοι
1428 707 1460 732 ἐκ
1473 706 1598 742 διαδοχῆς
1623 706 1677 732 τῶν
1699 705 1780 741 ἱερῶν
1795 703 1872 740 εἶχον

1076 754 1222 788 προϐάτων
1240 754 1290 789 τὴν
1306 753 1476 788 ἐπιμέλειαν.
1499 753 1553 780 Καὶ
1567 754 1583 788 ἡ
1607 751 1776 779 Ἀπολλωνία
1791 751 1872 782 πόλις

1081 800 1178 832 Ἑλλάς
1193 801 1268 826 ἐστιν
1288 799 1317 826 ἐν
1331 800 1364 835 τῇ
1380 798 1518 833 Ἰλλυριῶν
1541 800 1588 834 γῇ,
1608 800 1696 825 κεῖται
1716 798 1739 824 δ’
1757 798 1803 823 ἐπὶ
1822 797 1872 831 τῆς

1076 845 1225 881 θαλάσσης,
1248 846 1294 872 κα)⁴
1321 845 1443 880 ποταμὸς
1458 845 1534 876 Λῶος
1556 845 1575 860 ¹¹
1600 844 1644 870 διὰ
1671 843 1757 879 μέσης
1782 843 1873 877 αὐτῆς

1077 891 1146 926 ῥέων
1165 892 1206 923 είς
1220 891 1251 917 τὸ
1264 890 1357 917 Ἰόνιον
1375 890 1504 916 suam“
1519 890 1637 924 πέλαγος
1653 890 1685 916 ’³.

1117 937 1151 963 Ἠ
1163 937 1204 962 λα’
1233 936 1270 967 ὡς
1293 936 1412 970 Τηρεὺς,
1439 935 1566 970 βασιλεὺς
1587 934 1704 970 Θρᾳκῶν
1727 934 1781 960 τῶν
1806 934 1873 968 περὶ

1075 982 1192 1009 Δαυλίαν
1207 983 1254 1009 καὶ
1268 982 1317 1017 τὴν
1332 982 1418 1016 ἄλλην
1432 981 1550 1013 Φωκίδα.
1565 980 1662 1015 ἄγεται
1681 980 1807 1014 Πρόκνην
1824 988 1875 1013 γυ-

1076 1030 1157 1056 ναῖκα
1172 1028 1222 1064 τὴν
1240 1027 1384 1059 Πανδίονος
1406 1027 1596 1063 βασιλεύοντος
1616 1026 1748 1062 Ἀθηνῶν,
1764 1026 1813 1052 καὶ
1835 1025 1873 1057 ὡς

1077 1075 1202 1111 ἐπεμάνη
1227 1075 1274 1101 καὶ
1299 1075 1383 1110 ὲμίγη
1415 1074 1520 1109 ἀκούσῃ
1544 1074 1684 1109 Φιλομήλᾳ
1708 1074 1741 1109 τῇ
1767 1073 1873 1108 ἀδελφῇ

1077 1121 1214 1157 Πρόκνης,
1235 1121 1283 1147 καὶ
1301 1121 1394 1156 τέμνει
1409 1120 1430 1136 ¹³
1446 1120 1496 1154 τὴν
1516 1120 1600 1154 αὐτῆς
1612 1119 1751 1154 γλῶσσαν,
1777 1118 1874 1150 δεδιὼς

1077 1169 1123 1194 τὸν
1147 1170 1179 1195 ὲκ
1205 1168 1293 1202 λόγων
1313 1168 1460 1203 θρίαμῆον.
1490 1167 1522 1193 Ἦ
1545 1167 1573 1193 δὲ
1598 1166 1701 1193 πέπλον
1719 1165 1874 1200 ὑφαίνουσα

1076 1215 1179 1250 γράφει
1196 1215 1229 1242 τὰ
1253 1214 1327 1250 πάθη
1352 1215 1409 1245 τοῖς
1436 1214 1551 1247 νήμασι.
1569 1213 1660 1248 Καὶή
1683 1212 1791 1247 Πρόκνη
1818 1220 1872 1245 μαι

1078 1261 1163 1289 θοῦσα
1180 1262 1227 1288 καὶ
1244 1261 1402 1296 ἀμυνομένη
1421 1259 1607 1296 παρατίθησιν
1631 1258 1705 1293 αὐτῷ
1719 1258 1828 1284 δεῖπνον
1839 1258 1873 1283 τὰ

1077 1308 1161 1336 αὑτοῦ
1181 1307 1348 1343 γεννήματα.
1368 1307 1397 1332 '0
1411 1306 1439 1332 δὲ
1457 1305 1575 1341 Τηρεὺς,
1596 1304 1689 1340 μαθὼν
1700 1303 1746 1330 τοῦ
1759 1303 1872 1329 δείπνου

1078 1355 1109 1381 τὸ
1127 1354 1213 1389 μύσος
1229 1355 1275 1381 ὑπ’
1292 1353 1377 1388 αὐτῆς
1391 1352 1527 1387 Πρόκνης,
1551 1351 1664 1378 ἐδίωκεν
1679 1351 1765 1385 αὑτήν
1778 1358 1809 1376 τε
1825 1349 1874 1376 καὶ

1079 1399 1129 1434 τὴν
1146 1398 1263 1433 ἀδελφὴν
1276 1399 1314 1430 ὡς
1334 1399 1464 1433 συνεργὸν
1482 1397 1553 1432 ξίφει
1571 1397 1687 1424 ἀνελεῖν.
1702 1397 1758 1428 Τὰς
1773 1395 1803 1423 δὲ
1822 1395 1874 1431 μῦ-

1079 1445 1125 1476 θος
1140 1445 1162 1460 ’δ
1176 1445 1265 1470 λαϐὼν
1291 1444 1416 1471 ἐντεῦθεν
1438 1444 1564 1478 Πρόκνην
1588 1443 1638 1478 μὲν
1662 1443 1764 1478 ἀηδόνα
1788 1443 1873 1471 ποιεῖ,

1079 1491 1234 1527 Φιλομήλαν
1254 1491 1283 1517 δὲ
1300 1491 1424 1526 χελιδόνα
1437 1499 1444 1505 ·
1458 1490 1506 1517 καὶ
1532 1489 1626 1525 ᾄδουσι
1646 1489 1690 1515 διὰ
1707 1488 1808 1519 παντὸς
1827 1489 1875 1519 τὰς

1079 1538 1141 1564 τότε
1166 1537 1320 1573 συμφοράς.
1337 1536 1419 1563 Ἀλλὰ
1435 1536 1482 1562 καὶ
1506 1537 1519 1562 ό
1542 1536 1649 1570 Τηρεὺς
1677 1536 1718 1566 εἰς
1746 1534 1839 1560 ἔποπα
1855 1534 1875 1549 ¹⁵

1082 1584 1150 1618 ξπτη
1168 1583 1206 1618 τῷ
1225 1583 1312 1618 μύθῳ.
1339 1583 1394 1609 Καὶ
1405 1583 1460 1609 οὐδ’
1477 1583 1506 1608 ὲν
1528 1581 1632 1615 ὄρνισιν
1656 1580 1755 1610 αὐτούς
1772 1581 1793 1596 ¹⁶
1809 1589 1876 1615 φασι

1082 1629 1238 1656 πεπαῦσθαι
1254 1629 1305 1664 τῆς
1315 1628 1412 1664 ὀργῆς,
1440 1628 1498 1656 ἀλλ’
1515 1628 1617 1659 ἔποπες
1630 1628 1674 1653 ἀεὶ
1694 1627 1813 1662 ἀηδόνας
1831 1626 1878 1653 καὶ

1083 1675 1221 1710 χελιδόνας
1238 1676 1259 1691 ’⁷
1272 1675 1427 1702 διώκουσιν.

1084 1725 1192 1758 quando
1223 1731 1319 1759 upupa:
1347 1727 1476 1758 perpetuo
1501 1721 1663 1750 hirundines
1692 1725 1774 1754 atque
1792 1718 1877 1745 ιπερὶ-

1128 1816 1160 1842 Ἦ
1173 1814 1213 1850 λβ¹
1229 1814 1264 1841 τὰ
1287 1814 1352 1849 περὶ
1375 1813 1510 1848 Εὐρώπης
1528 1813 1579 1847 τῆς
1597 1811 1718 1842 Φοίνικος
1743 1807 1879 1843 θυγατρὸς

1083 1860 1205 1897 ἀφανοῦς
1225 1859 1425 1895 γεγενημένης,
1445 1859 1491 1885 καὶ
1506 1858 1544 1889 ὡς
1567 1856 1684 1891 πέμψειε
1699 1856 1762 1886 τοὺς
1783 1855 1853 1885 υἱεῖς
1866 1854 1880 1879 ὁ

1083 1908 1175 1943 πατὴρ
1188 1907 1259 1934 κατὰ
1280 1906 1394 1942 ζήτησιν
1412 1905 1462 1940 τῆς
1484 1905 1614 1939 ἀδελφῆς,
1628 1900 1664 1930 ὦν
1680 1901 1714 1938 ἦν
1736 1903 1784 1928 καὶ
1806 1902 1879 1929 Κάδρ

1085 1964 1144 1990 μος,
1154 1954 1213 1989 μεθ’
1223 1951 1253 1980 οὗ
1262 1952 1479 1987 συναπαίρεικαὶ
1490 1951 1618 1986 Πρωτεὺς
1628 1949 1658 1983 ἐξ
1669 1948 1823 1982 Αἰγύπτου,
1831 1949 1880 1982 τὴν

1085 2000 1241 2037 Βουσίριδος
1252 1998 1346 2030 δεδιὼς
1371 1998 1521 2034 βασιλείαν.
1536 1997 1592 2024 Καὶ
1620 1996 1659 2027 ὠς
1682 1996 1751 2030 μετὰ
1779 1994 1881 2028 πολλὴν

1086 2047 1190 2082 πλάνην
1197 2045 1282 2081 μηδὲν
1290 2045 1417 2080 εὑρόντες
1423 2043 1554 2078 κατέσχον
1563 2043 1603 2074 εἰς
1614 2041 1766 2076 Παλλήνην,
1780 2041 1832 2067 καὶ
1845 2040 1881 2070 ὡς

1086 2093 1215 2128 Πρωτεὺς
1230 2092 1306 2125 ξένια
1320 2091 1382 2122 δοὺς
1397 2090 1489 2125 Κλίτῳ
1509 2090 1556 2116 καὶ
1573 2087 1662 2115 λαϐὼν
1681 2087 1774 2122 φιλίαν
1792 2086 1881 2121 (βασι-

1086 2140 1149 2171 λεὺς
1163 2139 1184 2166 δ’
1205 2136 1239 2173 ἦν
1253 2139 1268 2165 ὁ
1294 2138 1392 2169 Κλίτος
1413 2136 1531 2172 σώφρων
1557 2135 1605 2162 καὶ
1628 2135 1733 2165 δίκαιος
1754 2133 1881 2159 Σιθώνων

1087 2187 1208 2222 Θρᾳκίου
1225 2185 1328 2220 ἔθνους)
1344 2185 1441 2219 ἄγεται
1455 2183 1584 2218 Πρωτεὺς
1598 2183 1717 2216 γυναῖκα
1729 2180 1779 2212 τὴν
1794 2180 1881 2213 θυγα-

1088 2234 1155 2269 τέρα
1181 2232 1349 2268 Χρυσονόην.
1367 2230 1428 2267 [ιιι
1448 2229 1494 2266 [ἶ]
1518 2229 1574 2256 Καὶ
1594 2227 1734 2255 Βισαλτῶν
1754 2225 1820 2262 [227
1838 2223 1881 2260 IL]

1089 2279 1280 2307 ἀπελαθέντων
1305 2279 1356 2312 τῆς
1371 2277 1474 2308 οἰκείας
1497 2277 1549 2311 γῆς
1569 2274 1608 2310 τῷ
1635 2274 1703 2309 πρῦς
1718 2273 1820 2303 αὐτοὺς
1838 2280 1884 2297 π’)-

1089 2327 1175 2362 λέμῳ,
1191 2326 1220 2352 ὃν
1239 2325 1394 2359 ἐπολέμησε
1410 2323 1509 2354 Κλῖτος
1523 2322 1571 2348 καὶ
1587 2320 1726 2356 Πρωτεὺς,
1745 2317 1882 2353 βασιλεύει

1088 2374 1136 2408 τῆς
1154 2372 1245 2408 χώρας
1260 2371 1400 2406 Πρωτεὺς,
1416 2369 1465 2396 καὶ
1484 2368 1573 2395 τίκτει
1588 2367 1687 2398 παῖδας
1700 2365 1750 2400 οὐχ
1772 2364 1883 2400 ὁμοίους

897 2427 1014 2455 VARUE
1036 2426 1241 2456 LECTIONES.

307 2486 384 2521 ἡλίου
400 2485 422 2512 Α
437 2484 503 2513 ετοῦ
517 2484 592 2520 ἡλίου
608 2495 638 2518 ςι.
652 2485 740 2512 αὐτῶν
752 2485 803 2521 (vel
821 2486 914 2520 αὐτοῦ)
930 2487 1006 2521 ἑξήκ.
1020 2487 1047 2514 λ.
1060 2487 1084 2513 δι

249 2519 369 2557 ’ὧνῘῆν
389 2529 463 2557 corr.
486 2521 518 2548 Α.
539 2521 576 2557 Αιθ
592 2521 685 2556 aia-cile]
705 2519 914 2557 ultiuneIitterae
928 2519 1058 2549 correctae
1075 2523 1102 2548 in
1123 2523 1155 2549 A.
1181 2519 1258 2557 émqa.
1278 2521 1300 2547 δ’
1314 2522 1336 2546 Α
1357 2529 1364 2547 :
1383 2519 1404 2557 δ’
1428 2520 1505 2553 ὲπιιρ.

251 2559 273 2578 1‘
286 2555 326 2588 είς
341 2555 372 2582 τὸ
390 2556 484 2582 Ἰόνιον
499 2555 559 2582 ὲκὸ.
578 2557 640 2583 πέλ.
655 2555 696 2583 Αε
713 2558 758 2583 καὶ
781 2556 859 2588 οὗτος
875 2557 934 2583 ἐκϐ.
957 2557 997 2588 εἰς
1026 2558 1057 2584 τὸ

1087 2496 1149 2514 εσπ.
1162 2485 1243 2520 ἁμελ.
1259 2485 1280 2512 Α
1294 2494 1299 2511 :
1314 2484 1395 2520 ἀμελ.
1406 2483 1502 2510 τούτου
1518 2481 1695 2520 αὐτῶνέξήξ
1710 2480 1736 2506 λ.
1752 2479 1844 2520 gem.
1855 2487 1883 2510 ς.

1531 2528 1562 2551 ς.
1601 2518 1622 2533 ¹¹
1644 2516 1729 2546 Ἀὦος
1753 2515 1883 2551 Kannius.

1596 2553 1618 2568 "
1634 2551 1663 2579 as
1689 2551 1727 2582 ὡς
1752 2549 1838 2585 μῦθος
1855 2557 1883 2581 ς.

1088 2558 1189 2583 Ἰὡνιον
1218 2556 1278 2582 πέλ.
1302 2565 1333 2588 ς.
1373 2555 1395 2571 ¹³
1409 2556 1504 2590 τέμνοι
1521 2563 1551 2586 ς.

252 2593 274 2609 ’⁵
290 2593 330 2624 εἰς
347 2591 449 2626 ἔποπα]
470 2592 525 2618 vid.
552 2591 743 2629 Wyttenbach.
768 2592 874 2628 Euuap.
899 2592 965 2628 2,1).
983 2593 1043 2620 I86.
1079 2593 1100 2608 ¹⁶
1115 2593 1199 2624 αὐτας
1217 2601 1246 2624 ς.
1284 2592 1304 2607 ”
1323 2588 1461 2627 χελιδόνας
1481 2591 1529 2616 κα).
1541 2588 1657 2624 ἀηδόνας
1674 2595 1706 2619 ς-

999 2649 1117 2677 NOTAE.

292 2699 348 2733 (22)
361 2699 492 2726 Evenium
513 2699 634 2725 nominat
645 2698 772 2726 llerodot.
788 2697 917 2733 Calliope,
928 2699 978 2726 sub
990 2698 1037 2725 ﬁu.

256 2735 301 2763 ubi
319 2736 421 2765 integra
436 2734 493 2761 Ιιατρ
505 2735 627 2761 narratio
641 2735 744 2770 legitur.

290 2770 348 2804 (25)
363 2769 401 2796 De
417 2777 471 2804 quo
492 2771 599 2806 Strabo.
609 2769 717 2806 ilibfvu
733 2771 760 2798 in
778 2770 900 2806 Illyride.

294 2806 338 2837 (24
352 2806 438 2832 Abus.
454 2805 545 2832 Strab.
565 2811 592 2833 et
608 2805 666 2833 Liv.

288 2841 346 2875 (25)
364 2840 535 2878 Pausan._»in
561 2843 665 2878 Atticis,
695 2846 723 2869 et
756 2841 904 2878 mythologi
934 2847 1039 2878 omnes.

260 2876 328 2905 \lidc
341 2883 446 2911 quoque
459 2876 559 2905 Elian.
581 2877 686 2906 Variar.
704 2878 767 2906 hiet.
783 2875 828 2906 lib.
845 2875 893 2909 xu,
912 2884 973 2911 cap.
994 2875 1041 2902 20.

1130 2696 1188 2732 (26)
1199 2697 1266 2732 Cum
1281 2696 1332 2732 hoc
1342 2695 1425 2721 sentit
1441 2693 1583 2732 Aristoph.
1599 2692 1625 2719 in
1635 2692 1731 2719 Avibus
1742 2691 1883 2727 ;Apollod.

1093 2729 1141 2760 lib;
1162 2729 1227 2758 x'xxt
1249 2731 1377 2758 Biblioth.
1395 2735 1419 2757 (ιι
1436 2730 1480 2756 alii
1500 2729 1600 2764 plures.

1129 2767 1185 2802 (27)
1206 2767 1272 2793 Vide
1287 2765 1354 2802 Nat.
1367 2766 1462 2793 Comit.
1479 2770 1505 2792 et
1518 2771 1634 2802 {ueteres
1650 2763 1834 2802 mythologos.
1865 2795 1870 2800 .

1130 2799 1186 2837 ('28)
1201 2801 1380 2835 Apollodorus
1400 2801 1445 2827 lib.
1460 2809 1491 2837 ιιι
1512 2799 1640 2827 Biblioth.
1669 2800 1729 2837 iuit.
1755 2799 1885 2837 Agenoer

1096 2833 1182 2864 fuisse
1192 2833 1293 2863 mavult
1309 2846 1316 2864 :
1334 2837 1377 2864 ubi
1398 2842 1425 2864 ct
1441 2836 1494 2863 alia
1514 2836 1637 2871 quaedam
1653 2835 1733 2863 aliter
1747 2843 1831 2870 quam
1845 2833 1883 2860 hic

1097 2876 1206 2901 narrata
1223 2871 1308 2907 legas.
