1923 3091
61 147 107 178 569

561 150 824 181 BIBLIOTHECA.
844 164 878 171 —
886 151 969 183 COD.
978 153 1156 184 CLXXXVI.

1623 154 1674 187 570

61 203 134 237 αὐτῳ,
149 201 208 228 ἀλλ’
220 201 313 237 ὠμοὺς
337 202 385 229 καὶ
413 207 600 239 παρανόμους,
628 205 675 238 οὓς
700 206 828 241 ’ῐίρακλῆ.

889 208 1010 235 crudeles
1028 209 1171 236 admodum
1185 213 1265 243 alque
1280 208 1406 243 iniustos,
1421 209 1466 243 qui
1486 213 1546 244 post
1559 210 1592 236 ab
1609 209 1675 238 ller-

62 247 236 283 μισοπόνηρος
251 247 287 274 ὣν
301 249 417 283 ἀναιρεῖ.
436 250 491 276 Καὶ
505 250 596 282 αὐτοῖς
615 252 664 285 μὲν
678 252 699 267 ’⁸
717 253 730 278 ὁ
746 252 837 287 πατὴρ

60 295 130 329 χῶμα
141 294 255 328 ἔχωσεν,
277 295 411 330 Ἠρακλέα
428 295 455 322 δὲ
468 294 511 331 (ἦν
525 297 580 333 γὰρ
602 298 714 333 ἐναγὴς)
733 299 837 335 καθῆρε

60 340 100 367 τοῦ
118 341 208 375 φόνου.

93 387 122 412 Ἡ
135 387 173 420 λγ¹
190 387 230 414 ὼς
259 387 398 421 Δήμοκλος
412 388 426 415 ὁ
447 388 549 423 Δελφὸς
571 390 655 424 γεννᾷ
679 391 760 418 παῖδα
787 393 834 419 ὲκ-

59 434 139 466 πρεπῆ
154 433 275 467 Σμῖκρον
291 433 312 448 ¹⁹
326 433 411 469 ὄνομα
421 443 427 449 ·
442 434 490 460 καὶ
501 435 538 466 ὡς
552 435 614 461 πλεῖ
629 436 700 463 κατὰ
713 437 837 473 χρησμὸν

59 479 98 504 ἐπὶ
121 479 255 514 Μιλήτου,
274 479 342 514 ἔχων
368 481 426 514 μεθ’
451 481 548 508 ἑαυτοῦ
571 483 617 509 καὶ
640 482 686 509 τὸν
710 483 793 510 παῖδα
806 484 835 510 ἐν

60 525 158 559 ἠλικία-
185 526 232 552 καὶ
252 525 290 557 ὡς
315 527 514 562 καταλιμπάνει
540 528 635 555 τοῦτον
663 529 764 565 σπουδῇ
788 530 835 556 τοῦ

60 570 195 598 ἐκπλεῦσαι
210 572 260 598 καὶ
277 572 383 608 ἀγνοίᾳ,
398 574 621 607 τρισκαιδέκατον
637 574 734 610 ἔχοντα
757 575 815 606 ἔτος
826 584 833 590 ·

61 616 100 642 καὶ
112 616 146 647 ὡς
170 618 236 648 παῖς
249 617 411 653 Ἔριθάρσου
433 618 544 649 αἰπόλος
570 620 774 654 καταλαμϐάνει
789 620 835 647 τὸν

61 661 165 697 Σμῖκρον
181 663 352 698 ἀθυμοῦντα,
370 663 417 690 καλ⁴
431 665 493 698 ἄγει
506 665 574 699 πρὸς
589 666 635 692 τὸν
655 667 775 702 πατέρα·
788 668 835 694 καὶ

59 707 234 743 ὀῈριΘάρσης
260 710 310 736 οὐκ
329 710 440 737 ἔλαττον
454 711 501 737 τοῦ
527 711 592 737 ἰδίου
618 712 722 744 παιδὸς,
743 713 835 748 μαθὼν

59 755 99 780 τὰς
113 754 194 788 τύχας
213 755 263 781 καὶ
278 755 308 781 τὺ
321 756 343 771 ²⁰
361 756 438 789 γένος
453 756 501 783 τοῦ
519 757 651 792 Σμίκρου,
675 758 770 785 τοῦτον
785 767 835 785 πε-

61 800 142 833 ριεῖπε.
158 801 212 826 Καὶ
225 802 292 836 περὶ
304 800 350 828 τοῦ
366 801 473 828 Κύκνου
484 803 530 829 τοῦ
544 803 740 838 συλληφθέντος
752 805 835 839 ἄμφω

60 847 103 876 τοῖς
116 848 200 879 παισὶ,
217 848 267 874 καὶ
284 848 332 882 τῆς
355 848 455 883 ἔριδος,
474 849 523 875 καὶ
540 849 587 876 τοῦ
609 851 659 885 τῆς
681 851 834 883 Λευκοθέας

60 892 195 926 φάσματος,
213 893 254 924 ὠς
267 894 290 909 ’ί
306 894 377 920 εἴποι
392 903 421 921 τε
435 896 491 926 τοῖς
507 895 586 922 παισὶ
601 896 670 931 πρὸς
684 897 832 931 Μιλησίους

59 937 125 969 φάναι
139 939 222 973 τιμᾷν
241 938 329 973 αὐτὴν
350 940 397 965 καὶ
414 940 518 967 παίδων
532 941 626 974 ἀγῶνα
638 943 772 976 γυμνικὸν
786 951 832 969 τε-

57 981 102 1008 λξῖν
115 983 179 1018 αὐτῇ
191 992 198 999 ·
215 984 337 1019 ἡσθῆναι
353 986 407 1020 γὰρ
422 986 508 1020 αὐτὴν
521 988 553 1021 τῇ
569 986 636 1023 ἔριδι
649 987 704 1014 τῶν
716 989 829 1016 παίδων.

57 1028 102 1054 Καὶ
114 1028 148 1060 ὠς
163 1030 176 1056 ὁ
197 1030 321 1065 Σμϊκρός
347 1039 420 1062 τινος
434 1031 488 1058 τῶν
503 1033 532 1058 ὲν
553 1033 697 1069 Μιλησίοις
719 1035 831 1067 ἐνδόξων

58 1072 176 1109 ῦυγιιτέρα
198 1077 297 1109 γαμεῖ,
318 1076 366 1102 καὶ
388 1076 458 1111 αὓτη
485 1077 616 1105 τίκτουσα
636 1080 687 1115 ὁρᾷ
704 1079 765 1114 liti/tv
785 1081 831 1107 τὸν

56 1115 116 1148 ἥλιον
140 1118 207 1154 αὐτῇ
225 1120 248 1134 ²²
269 1119 313 1146 διὰ
338 1120 384 1147 τοῦ
412 1122 546 1156 στόματος
569 1123 694 1150 εἰσδύντα
722 1125 765 1151 διὰ
782 1126 831 1160 τῆς

57 1163 156 1197 γαστρὸς
172 1165 195 1180 ’³
211 1165 261 1191 καὶ
287 1165 341 1192 τῶν
369 1166 476 1194 αἰδοίων
492 1167 653 1200 διεξελθεῖν⁹
671 1169 718 1195 καὶ
747 1167 780 1204 ἦν
799 1170 829 1196 τὸ

56 1206 128 1242 ὅραμα
140 1211 195 1241 τοῖς
208 1211 343 1245 μάντεσιν
357 1212 467 1246 ἀγαθόν.
479 1213 534 1239 Καὶ
545 1214 622 1240 ἔτεκε
635 1215 726 1250 κόρον,
740 1216 830 1251 Βράγ-

57 1261 92 1285 χον
104 1254 153 1280 ἀπὸ
167 1255 214 1282 τοῦ
229 1256 338 1290 ὀνείρου
351 1257 500 1290 καλέσασα,
515 1259 555 1284 ὅτι
572 1259 586 1284 ὁ
600 1259 675 1294 ἣλιος
688 1260 774 1295 αὐτῆς
784 1261 829 1287 διὰ

57 1298 92 1324 τοῦ
111 1299 225 1335 βράγχου
249 1301 375 1336 διεξῆλθε
392 1303 424 1329 ’⁸.
445 1304 501 1330 Καὶ
513 1301 548 1339 ἦν
565 1305 578 1330 ὁ
594 1306 661 1336 παῖς
686 1305 828 1338 κάλλιστος

57 1345 196 1381 ἀνθρώπων,
214 1348 266 1374 καὶ
283 1348 364 1375 αὐτὸν
387 1349 516 1384 ὲῳίλησεν
533 1351 660 1386 ἐρασθεὶς
677 1352 826 1384 Ἁπόλλων,

57 1389 127 1424 εὑρὼν
140 1393 330 1426 ποιμαίνοντα,
347 1393 411 1419 ἔνθα
435 1393 527 1429 βωμὸς
545 1395 714 1429 Ἀπόλλωνος
738 1398 826 1432 φιλίου

57 1434 151 1470 ἵδρυται.
171 1438 199 1464 ’0
211 1438 238 1464 δὲ
251 1438 377 1473 Βράγχος
390 1439 420 1471 ἐξ
433 1439 600 1472 ’Λπόλλωνος
616 1442 746 1474 ἐπίπνους
759 1452 825 1478 μαν.

57 1481 119 1514 τικῆς
130 1483 245 1516 γεγονὼς
263 1485 291 1510 ἑν
306 1484 433 1519 Διδύμοις
448 1485 487 1520 τῷ
506 1487 599 1521 χωρίῳ
613 1487 692 1522 ἔχρα.
707 1490 760 1516 Καὶ
778 1490 826 1524 μέ-

57 1528 123 1560 Lat"
134 1529 178 1555 νῦν
202 1530 381 1565 χρηστηρίων
402 1531 566 1566 Ἑλληνικῶν
582 1530 620 1560 ὧν
648 1534 737 1569 ἴσμεν,
757 1536 826 1570 μετὰ

57 1571 156 1605 Δελῳοὶις
169 1575 315 1609 κράτιστον
333 1576 506 1610 ὁμολογεῖται
530 1578 560 1604 τὸ
577 1578 632 1604 τῶν
657 1579 825 1615 Βραγχιδῶν.

88 1618 116 1644 Ἦ
127 1619 160 1645 λδ*
174 1621 210 1652 ὡς
229 1622 302 1656 μετὰ
310 1623 439 1658 τελευτὴν
455 1623 631 1660 Ἀλεξάνδρου
646 1626 692 1651 τοῦ
710 1627 828 1661 Πάριδος

58 1664 76 1689 '«7-
87 1665 198 1701 Πριάμου
209 1668 307 1699 παῖδες
320 1669 431 1701 Ἕλενος
445 1671 492 1696 καὶ
501 1671 636 1705 Δηΐφοϐος
647 1672 742 1707 ἤριζον
756 1673 827 1709 ὑπὲρ

59 1709 100 1760 τίὲν
116 1712 218 1760 ἶΕλένης
232 1715 343 1748 γάμων.
365 1715 413 1741 καὶ
433 1717 532 1750 κρατεῖ
546 1716 592 1752 βίᾳ
619 1717 667 1743 καὶ
693 1717 828 1755 θεραπείᾳ

59 1757 100 1781 τῶν
113 1757 225 1786 δυνατῶν
241 1760 386 1795 Δηΐφοϐος,
403 1761 535 1796 νεώτερος
552 1761 589 1788 ὢν
611 1762 731 1792 Ἑλένου,
749 1764 828 1790 Ἔλε-

60 1809 93 1832 νος
105 1803 139 1836 δὲ,
155 1806 201 1840 τὴν
215 1805 296 1841 ὓϐριν
309 1807 339 1832 οὐ
361 1807 461 1843 φέρων,
478 1809 518 1839 εἰς
529 1808 580 1844 τὴν
596 1808 667 1844 Ἴδην
679 1811 826 1846 ἀποχωρὴ-

838 1546 860 1577 C

60 1856 97 1879 σας
112 1851 234 1886 ἡσύχαζε.
250 1853 308 1879 Καὶ
324 1853 395 1879 κατὰ
421 1854 577 1890 συμίξουλὰς
590 1855 611 1870 ¹⁶
630 1856 788 1891 Κάλχαντος
801 1857 826 1884 οἱ

60 1895 244 1931 πολιορκοῦντες
271 1898 372 1934 Τροίαν
401 1900 532 1934 ’Έλληνες
557 1901 629 1936 λόχῳ
653 1901 698 1928 τὸν
716 1902 826 1930 Ἕλενον

60 1941 270 1977 συλλαμϐάνουσι·
284 1946 331 1972 καὶ
347 1945 381 1972 τὰ
400 1946 450 1981 μὲν
474 1946 600 1978 ἀπειλαῖς
622 1947 656 1974 τὰ
673 1948 701 1974 δὲ
717 1949 824 1985 δώροις,

59 1986 123 2014 πλέον
135 1989 161 2015 δὲ
175 1992 207 2026 τῇ
229 1991 300 2026 πρὸς
316 1991 414 2026 Τρῶας
426 1992 508 2028 ὀργῇ,
529 1993 717 2020 ἀποκαλύπτει
734 1996 826 2028 αὐτοῖς

61 2031 149 2066 Ἕλενος
164 2036 200 2068 ὡς
227 2038 326 2073 ξυλίνῳ
344 2038 420 2072 ἵππῳ
446 2039 629 2073 πεπρωμένον
655 2040 730 2066 ἐστὶν
746 2041 825 2068 Ἴλιον

61 2077 150 2113 ἁλῶναι,
171 2083 215 2109 καὶ
237 2083 270 2109 τδ
287 2083 453 2115 τελευταῖον,
472 2084 583 2110 ἐπειδὰν
605 2085 708 2120 Ἀχαιοὶ
722 2086 824 2114 λάϐωσι

60 2124 83 2149 τὺ
93 2125 200 2160 διοπετὲς
214 2129 331 2164 Ἀθηνᾶς
363 2130 523 2163 Παλλάδιον,
549 2131 656 2158 πολλῶν
682 2132 768 2159 ὄντων
794 2133 825 2160 τὸ

62 2171 228 2205 σμικρότατον.
242 2173 402 2200 Στέλλονται
418 2172 465 2201 οὖν
481 2175 527 2201 ἐπὶ
538 2177 570 2210 τῇ
587 2176 674 2212 κλοπῇ
690 2177 736 2203 τοῦ
750 2178 823 2205 Παλ-

60 2212 130 2242 λαδίου
146 2219 276 2256 Διομήδης
301 2222 346 2247 καὶ
361 2221 516 2253 Ὀδυσσεὺς,
534 2223 581 2249 καὶ
607 2224 749 2250 ἀναῦαίνει
775 2225 822 2251 ἐπὶ
839 2221 861 2249 Ι)

60 2260 82 2285 τὸ
92 2265 167 2297 τεῖχος
183 2266 202 2281 ³⁷
215 2268 363 2302 Διομήδης,
376 2267 475 2299 mea;
489 2268 543 2294 τῶν
555 2268 640 2303 ὤμων
655 2269 822 2302 Ὀδυσσέως·

60 2305 101 2332 ὅδὲ
114 2310 157 2336 οὐκ
169 2312 316 2342 ἀνελκύσας
329 2314 470 2345 Ὀδυσσέα,
484 2314 572 2340 καίτοι
589 2316 638 2346 τὰς
655 2317 748 2350 χεῖρας
761 2317 822 2351 ὁρέ-

61 2358 133 2385 γοντιι,
154 2357 194 2392 ﬁat
214 2359 263 2393 τὴν
287 2360 333 2385 ἐπὶ
350 2360 380 2385 τὸ
397 2359 560 2391 Παλλάδιον,
584 2361 632 2388 καὶ
657 2362 823 2397 ἀφελόμενος

62 2398 112 2426 αὐτὸ
125 2404 185 2437 πρὸς
208 2404 339 2432 Ὀδυσσέα
354 2406 424 2440 ἔχων
445 2406 610 2442 ὑπέστρεφε.
635 2408 691 2435 Καὶ
713 2408 757 2434 διὰ
774 2409 820 2435 τοῦ

62 2443 134 2488 iudicia
149 2449 291 2476 κατιόντων
300 2450 494 2486 πυνθανομένῳ
509 2450 572 2487 [228
593 2451 640 2487 H.]
657 2452 762 2480 ἕκαστα
780 2453 819 2488 τῷ

61 2486 161 2518 ὀὂυσοεῖ
174 2495 316 2531 Διομήδης,
340 2496 371 2522 τὸ
389 2496 475 2523 δόλιον
493 2486 608 2532 τάνδρὸς
624 2486 647 2514 ’δ
661 2498 748 2532 εἰδὼς,
767 2486 816 2535 οὺχ

850 879 870 907 Β

890 252 958 283 cule.
972 255 1042 286 quod
1057 253 1194 286 improbos
1208 253 1287 280 valde
1307 254 1420 286 odisset,
1435 254 1518 281 occisi
1546 258 1617 282 sunt.
1643 255 1675 281 Et

889 304 987 331 parens
1008 298 1064 331 ipse
1101 298 1232 325 tumulum
1260 298 1316 325 suis
1339 298 1449 332 clI'odit,
1478 299 1675 334 Herculemque

889 344 962 370 caede
979 343 1109 378 pollutum
1123 344 1252 378 expiavit.

923 386 1068 415 Tricesima
1086 388 1163 415 tertia
1180 397 1187 415 :
1205 387 1347 414 Democlus
1359 388 1475 422 Delphus
1487 387 1570 415 lilium
1582 389 1674 422 genuit

886 433 985 468 insigni
1005 434 1102 465 forma,
1117 434 1159 461 cui
1175 433 1278 461 Smicro
1289 433 1344 468 (‘29)
1363 442 1469 467 nomen,
1483 435 1673 469 navigavitque

886 480 1004 508 Miletum
1017 481 1050 508 ad
1062 481 1254 507 consulendunt
1265 480 1414 510 oraculum.
1427 480 1506 506 ducto
1516 487 1607 506 secum
1618 479 1673 506 lilio

886 535 1017 554 annorum
1032 527 1159 554 tredecim
1175 534 1282 560 :qnem,
1297 525 1376 552 nimis
1399 525 1525 552 festinato
1543 525 1672 559 navigan-

886 574 911 601 di
927 574 1030 605 studio.
1052 578 1133 608 atque
1155 572 1322 606 imprudens.
1339 571 1373 598 ibi
1392 572 1512 606 reliquit.
1530 571 1671 598 Inventum

886 620 977 654 itaque
997 620 1100 646 tristem
1131 618 1277 649 Smicrum.
1311 618 1454 652 caprarius
1473 618 1593 652 quidam.
1610 618 1671 644 Eri-

887 665 969 691 tharsi
996 664 1080 695 ﬁlius,
1097 664 1130 690 ad
1144 669 1245 698 patrem
1261 664 1368 690 adducit
1383 673 1389 690 :
1403 663 1448 697 qui
1465 670 1517 689 non
1532 671 1610 690 secus
1628 667 1670 689 al—

887 718 939 744 que
949 717 1025 737 suum
1042 710 1140 742 ﬁlium,
1153 709 1258 743 cognita
1274 709 1348 744 pueri
1360 713 1387 736 et
1400 709 1554 735 conditione
1567 714 1593 735 et
1607 710 1671 736 stir-

887 763 930 790 pe,
946 756 1056 783 honeste
1070 763 1130 782 eum
1141 757 1210 789 apud
1223 763 1252 783 se
1266 755 1369 782 habuit.
1384 754 1482 781 Narrat
1495 759 1522 782 et
1534 755 1567 782 de
1578 755 1669 789 Cycno

886 810 947 829 cum
977 803 1080 830 duobus
1095 802 1157 829 liliis
1172 807 1249 836 capto
1259 821 1267 833 ,
1280 802 1367 834 deque
1384 801 1556 828 contentione
1566 820 1574 832 ,
1592 808 1624 827 ac
1637 800 1671 827 de

887 848 1045 875 Leucethere
1073 853 1191 883 speetro.
1210 847 1349 881 Quomodo
1362 848 1418 875 ha-c
1437 847 1526 882 pueris
1552 847 1668 878 dixerit,

884 893 1001 921 Milesios
1013 897 1042 920 ut
1054 894 1230 921 admonerent
1242 914 1249 926 ,
1264 894 1349 927 ipsam
1364 893 1556 926 honorandam,
1570 896 1597 919 et
1606 899 1670 927 pue-

883 947 973 967 rorum
987 944 1124 967 certamen
1139 940 1293 974 gymnicqu
1310 939 1549 973 ipsiexhibendum
1563 947 1569 964 :
1583 937 1667 965 laetari

882 986 953 1012 enim
969 993 998 1012 se
1013 992 1156 1020 puerorum
1168 985 1349 1012 contentione.
1361 985 1541 1016 Additetiam,
1556 988 1585 1010 ut
1596 983 1667 1010 Suti-

881 1039 960 1063 crus,
978 1031 1043 1058 clari
1057 1031 1196 1064 cujusdam
1217 1031 1286 1065 apud
1299 1031 1416 1058 Milesios
1429 1030 1479 1056 viri
1502 1029 1584 1056 ﬁliam
1598 1036 1666 1055 uxo-

882 1085 938 1104 rem
952 1077 1076 1109 duxerit,
1089 1084 1150 1112 qum
1161 1077 1268 1111 pariens
1284 1076 1432 1104 secundum
1441 1075 1559 1110 quietem
1574 1075 1667 1101 videre

881 1123 936 1149 visa
951 1123 986 1150 sit
998 1142 1005 1155 ,
1019 1122 1104 1150 solem
1116 1130 1164 1157 per
1176 1130 1207 1150 os
1224 1123 1308 1157 ipsam
1317 1122 1424 1154 subire,
1437 1127 1463 1148 et
1481 1128 1527 1155 per
1544 1125 1666 1147 ventrem

880 1174 961 1202 atque
976 1169 1092 1196 verenda
1106 1169 1207 1203 egredi.
1218 1168 1293 1201 Quod
1303 1168 1390 1194 visum
1403 1168 1500 1194 bomuu
1514 1173 1573 1193 esse
1585 1173 1666 1192 omen

879 1219 954 1242 vates
969 1215 1148 1249 interpretati,
1165 1215 1268 1248 peperit
1283 1213 1326 1240 illa
1343 1213 1426 1240 lilium
1441 1232 1447 1244 ,
1461 1211 1668 1245 Braucltumque

879 1268 894 1288 a
907 1261 1012 1288 somnio
1027 1261 1190 1291 nominavit,
1207 1267 1239 1286 eo
1253 1260 1323 1294 quod
1334 1267 1381 1293 per
1394 1259 1486 1285 fauces
1502 1265 1536 1283 ex
1555 1257 1610 1291 ipsa
1621 1257 1663 1283 sol

878 1313 1003 1341 egressus
1009 1305 1154 1341 esset(50).
1161 1304 1209 1332 l-lic
1216 1303 1583 1332 utortalimnformesissimus
1590 1309 1666 1336 puer,

878 1355 912 1381 ab
923 1354 1044 1388 Apolline
1051 1358 1092 1380 est
1104 1355 1244 1380 adamatus
1255 1371 1262 1382 .
1276 1359 1336 1379 cum
1346 1358 1410 1378 oves
1422 1355 1578 1385 pasoeutem
1589 1356 1664 1383 repe-

878 1401 967 1427 risset.
981 1399 1031 1427 Ubi
1049 1404 1076 1426 et
1086 1407 1132 1425 ara
1143 1398 1276 1433 Apollinis
1287 1397 1403 1425 amantis
1412 1401 1577 1424 consecrata.
1587 1394 1665 1422 Bran-

876 1448 943 1474 chus
958 1454 1022 1474 vero
1033 1467 1040 1479 ,
1056 1446 1188 1481 Apollinis
1202 1446 1272 1472 dono
1287 1444 1449 1472 vaticinandi
1465 1448 1523 1470 arte
1540 1443 1666 1474 donatus,

877 1493 1000 1528 Didyntis
1029 1493 1139 1520 oracula
1164 1492 1296 1524 reddidit,
1314 1491 1466 1524 hodieque,
1484 1490 1556 1516 inter
1576 1487 1666 1514 omnia

877 1547 936 1574 qua
953 1539 1092 1570 nevimus,
1107 1538 1200 1565 Graeca
1220 1537 1328 1564 oracula
1340 1556 1348 1568 ,
1365 1535 1579 1562 Branchidarum
1601 1540 1667 1559 ora-

879 1585 969 1612 culum
982 1583 1037 1619 (5!)
1056 1589 1116 1618 post
1140 1583 1296 1617 Delphicum
1322 1581 1468 1608 maximum
1489 1580 1660 1614 praedicatur.

914 1629 1061 1657 Tricesima
1071 1634 1177 1663 quarta.
1194 1629 1289 1656 Paride
1303 1632 1419 1658 mortuo,
1436 1626 1551 1653 lleleuus
1565 1630 1591 1652 et
1607 1624 1667 1651 Dei-

878 1676 981 1710 phobus
997 1675 1096 1702 Priami
1113 1675 1159 1702 ﬁlii
1175 1682 1256 1708 super
1269 1674 1377 1701 Ilelenze
1399 1672 1498 1707 nuptiis
1517 1671 1666 1699 contende-

878 1727 951 1752 runt,
967 1721 1085 1755 vicitque
1097 1728 1144 1755 per
1154 1721 1207 1747 vim
1216 1724 1243 1747 et
1254 1719 1486 1754 potentiumopem
1501 1717 1665 1750 Deiphobus,

877 1772 956 1795 artate
970 1767 1033 1794 licet
1048 1768 1146 1794 minor.
1164 1766 1280 1793 Helenus
1294 1773 1369 1799 ergo,
1388 1764 1492 1799 injuria:
1510 1763 1664 1797 impatiens,

878 1815 903 1840 in
921 1814 991 1841 Idam
1008 1813 1104 1848 137a
1118 1813 1249 1840 secedens
1262 1812 1346 1838 Otium
1365 1811 1439 1845 egit:
1453 1809 1496 1836 ubi
1509 1807 1666 1836 Calchantis

877 1868 975 1891 suasu,
989 1861 1033 1894 qui
1045 1858 1319 1892 Trojamobsidebaut
1338 1856 1424 1883 Gnaei
1437 1863 1469 1882 ex
1487 1854 1591 1882 insidiis
1603 1861 1664 1880 eutn

877 1906 986 1941 capiunt
1000 1914 1006 1932 :
1021 1905 1066 1932 ille
1081 1905 1178 1939 partim
1190 1904 1271 1930 minis
1283 1923 1291 1935 .
1303 1904 1400 1938 partim
1412 1903 1490 1929 donis
1500 1922 1508 1935 ,
1520 1901 1560 1928 vel
1576 1902 1666 1935 potius

875 1953 937 1980 odio
956 1951 1052 1985 Troia»,
1081 1951 1183 1978 Grmcis
1197 1951 1335 1981 indicavit,
1352 1950 1440 1984 ligneo
1467 1956 1536 1983 equo
1555 1947 1663 1981 Troiam

876 1998 1049 2032 capiendam.
1064 1997 1119 2024 lato
1141 2004 1202 2025 esse
1216 1996 1397 2031 designatum.
1411 1994 1468 2021 lmo
1483 1999 1508 2021 et
1527 1994 1576 2020 hoc
1590 1993 1664 2020 deni-

875 2052 939 2079 que,
952 2052 1010 2072 cum
1025 2043 1117 2071 Achivi
1131 2043 1268 2077 cepissent
1283 2042 1353 2069 coelo
1373 2041 1510 2075 delapSnlu
1532 2039 1587 2074 (52)
1601 2039 1664 2066 illud

876 2091 1001 2119 “nerve
1010 2089 1158 2117 Palladium
1170 2088 1239 2125 (55).
1251 2088 1322 2123 quod
1339 2089 1409 2114 inter
1421 2087 1503 2113 multa
1514 2091 1573 2112 erat
1588 2084 1666 2111 mini-

876 2145 960 2164 tuum.
979 2136 1061 2170 Igitur
1076 2136 1150 2163 missi
1167 2137 1199 2162 ad
1217 2134 1365 2162 Palladium
1381 2133 1454 2160 furto
1468 2131 1662 2163 auferendum,

877 2183 1017 2210 Diomedes
1028 2187 1055 2209 et
1068 2182 1179 2217 Ulysses
1191 2189 1199 2208 :
1213 2180 1358 2214 evaditque
1372 2180 1397 2206 in
1407 2186 1512 2205 murum
1523 2185 1571 2211 per
1582 2176 1665 2212 Ulys—

875 2228 912 2255 sis
940 2227 1069 2254 humerus
1087 2226 1271 2252 conscendens
1289 2222 1444 2255 Diomedes,
1459 2229 1546 2255 neque
1572 2225 1662 2248 tamen

877 2280 973 2299 manus
986 2272 1137 2298 tendentem
1150 2271 1252 2298 socium
1265 2270 1392 2301 attraxit,
1406 2269 1452 2296 sed
1466 2269 1498 2294 ad
1513 2267 1661 2294 Palladium

875 2318 952 2350 abiit,
963 2326 1049 2353 eoque
1064 2318 1164 2349 ablato,
1177 2317 1210 2344 ad
1225 2315 1348 2351 Ulyssem
1360 2315 1480 2342 revertit.
1495 2314 1532 2341 Ita
1547 2321 1607 2341 cum
1616 2321 1664 2347 per

875 2363 952 2397 plana
969 2364 1098 2395 redirent,
1118 2362 1296 2396 interroganti
1313 2361 1469 2396 singulatim
1481 2360 1572 2387 omnia
1581 2358 1662 2394 Ulys-

875 2409 916 2441 si,
933 2409 1050 2436 hominis
1063 2409 1190 2435 astutiam
1210 2415 1261 2434 non
1283 2408 1421 2442 ignorans,
1439 2405 1593 2440 respondit,
1609 2412 1661 2432 non

873 2455 943 2489 quod
959 2454 1076 2486 Helenus
1091 2454 1240 2482 Palladium
1256 2455 1440 2481 iudieassetse
1455 2452 1602 2486 accepisse,
1615 2451 1662 2478 sed

871 2509 919 2535 pro
931 2509 963 2528 eo
982 2502 1053 2529 aliud
1075 2502 1222 2536 quoddam.
1254 2502 1350 2528 Verum
1371 2505 1442 2528 moto
1467 2499 1537 2527 forte
1555 2498 1662 2526 fortuna

667 2557 788 2585 VARle
806 2558 1014 2588 LECTIONES.

103 2595 122 2611 ¹⁸
134 2599 176 2638 μὲν
198 2606 256 2638 add.
278 2604 311 2631 A.
353 2604 373 2620 ¹⁹
390 2604 510 2638 Σμικρός
532 2613 562 2636 ς.
590 2604 612 2620 ’θ
625 2604 655 2631 τὺ
673 2613 727 2631 (ιιι).
745 2606 778 2632 Α.
800 2607 821 2621 ¹¹
835 2607 857 2632 ὠ

863 2606 885 2641 ς]
901 2608 948 2634 καὶ
963 2608 1000 2640 ὡς
1020 2618 1050 2640 ς.
1064 2609 1137 2636 εἴποι
1151 2607 1173 2634 Α
1189 2617 1195 2635 :
1209 2606 1236 2634 ετ
1250 2616 1291 2634 τοι
1303 2616 1334 2639 ς.
1367 2607 1389 2622 ²¹
1405 2606 1473 2640 αὐτῇ
1485 2603 1530 2631 τδν
1541 2604 1617 2641 ἥλιον
1629 2611 1660 2641 ς.

63 2628 227 2679 impiis
247 2628 356 2679 terg,
383 2628 510 2674 εῖιεῆιθέ
536 2628 569 2672 ξ.
603 2628 727 2675 utea;
745 2628 805 2667 τις
820 2628 1334 2679 tacta-1""£z‘cstéaa'tv"g."d'gs'
1347 2641 1378 2668 τδ
1397 2628 1661 2677 saeratae;

63 2671 113 2698 λους
124 2668 152 2694 Α·
185 2671 206 2687 ³³
215 2673 261 2699 τοῦ
277 2668 373 2710 ἀνδρός
393 2683 424 2706 ς.

756 2721 877 2750 NOTAE.

91 2757 266 2804 iﬂlsim‘e‘rum
284 2771 362 2804 vocat
381 2767 537 2804 Lactantius
557 2767 590 2793 ad
600 2774 670 2804 vers.
693 2768 810 2799 l98,lib.

66 2793 235 2840 Vll‘ltfnhs‘beljl‘.‘
245 2802 420 2840 Stat._Pa_pin.
438 2802 488 2840 Ubi
505 2802 582 2840 plura
596 2810 628 2829 ex
647 2793 776 2831 Varrone.

147 2832 251 2870 Εἰσῆλθε
268 2828 356 2870 potius
366 2828 635 2870 legendumrvidetur.

92 2861 136 2899 t3!)
147 2865 179 2895 De
189 2861 238 2904 «ίυο
247 2861 512 2901 sataesatae
527 2861 693 2900 stistinet.

902 2769 957 2805 (ὅέ)
974 2770 1112 2801 Διοπετές.
1127 2770 1165 2798 De
1179 2777 1230 2805 qua
1246 2770 1379 2805 vocelege
1391 2768 1514 2805 Suidam.

901 2800 957 2840 (:95)
971 2805 1038 2832 Vide
1053 2806 1128 2833 Suid.
1145 2811 1172 2833 et
1185 2800 1296 2840 interpr.
1308 2800 1382 2839 ViFg.
1395 2803 1516 2840 Apolloni.
1530 2802 1592 2829 item
1605 2800 1657 2828 lib.

867 2849 898 2869 ιιι
907 2838 1054 2876 ’Βίὺιίοιιιη
1071 2848 1104 2868 ac
1118 2841 1213 2876 Dictyn
1237 2838 1363 2868 Cretensi
1379 2838 1426 2867 lib;
1442 2846 1457 2866 v
1473 2838 1534 2866 iuit.
