1923 3091
258 154 307 186 571

831 155 958 185 ΡΗΟΤῘΙ
974 155 1224 185 PATRIARCH/E
1241 156 1295 186 ΟΡ.

1818 158 1867 189 572

254 209 381 241 Palladio,
396 208 504 243 agnovit
515 207 623 243 Ulysses
635 207 700 234 illud
724 207 810 242 ipsum
825 215 895 235 esse.
913 208 1000 241 Quare
1016 215 1031 234 a

1087 208 1149 242 ἶπερ
1165 207 1265 242 ἔφησεν
1283 207 1392 239 Ἕλενος
1408 208 1557 234 Παλλάδιον
1581 208 1672 235 λαϐεῖν
1697 209 1788 242 αὐτὸν,
1811 208 1867 238 ἀλλ’

254 261 327 290 tergo
344 263 373 283 se
383 259 503 282 statuens
518 254 663 284 Diomedis,
676 253 866 280 interfeCturus
881 254 965 286 illum,
978 254 1033 288 gla-

253 303 324 329 dium
340 301 460 332 strinxit.
477 306 530 334 quo
541 300 653 334 ipsemet
661 299 770 326 Achivis
783 298 928 326 Palladium
955 300 1034 327 θίγω--

254 351 303 373 ret.
319 347 350 373 At
367 346 428 373 dum
443 345 547 380 plagam
566 344 714 371 inﬂicturus
741 349 830 377 esset,
849 345 914 372 vidit
928 344 1034 372 Diome-

253 393 317 425 des,
333 392 491 426 splcndente
506 396 562 418 tum
577 390 645 418 forte
657 390 730 422 luna,
745 391 818 417 ensis
827 391 922 417 vibrati
935 391 1032 418 lucem.

251 437 288 464 lta
303 437 412 474 Ulysses
426 444 440 463 a
457 437 529 464 cmde
541 436 679 467 abstinuit.
696 437 843 471 stringente
855 436 970 463 vicissim
980 437 1034 471 gla-

252 483 324 508 dium
344 482 481 514 Diomede,
502 481 547 516 qui
569 487 595 508 et
611 481 780 508 timiditatem
801 480 837 507 illi
856 481 1032 516 exprobrans,

252 532 280 555 et
295 527 373 561 gladii
390 527 504 558 lamina,
525 526 593 560 quod
620 527 779 556 antecedere
791 527 891 559 nollet,
908 527 1034 554 humeros

253 574 414 605 verberans,
429 574 551 600 eumdem
570 576 630 599 ante
647 580 675 599 se
690 573 755 607 egit.
772 571 849 599 Unde
863 573 1032 606 proverbium

253 619 319 654 (ὅδ’)
336 623 427 645 natum
443 627 450 645 :
465 617 616 645 Diomedeia
629 619 776 651 necessitas,
788 618 908 645 adhiberi
926 617 1032 645 solitum

253 665 279 692 in
297 671 345 697 eo,
361 664 406 700 qui
419 664 520 698 aliquid
533 663 613 690 faciat
627 664 733 691 invitus.

287 796 434 824 Tricesima
456 797 548 832 quinta
576 798 641 824 duos
663 797 762 824 inducit
783 803 904 832 pastores
920 799 952 826 ad
970 799 1034 834 Lys-

251 849 310 868 sum
322 842 446 876 Ephesini
459 842 515 877 agri
526 848 643 869 montem
655 847 793 876 pascentes
805 851 812 870 :
829 843 959 878 quiapum
970 852 1033 871 exa-

1086 254 1143 280 ἁντ’
1158 253 1260 279 ἐκείνου
1277 253 1381 288 ἕτερον,
1400 254 1585 288 ἀποκρίνεται.
1604 255 1765 290 Κινηθέντος
1779 256 1808 282 δὲ
1821 257 1868 283 τοῦ

1087 299 1233 326 Παλλαδίου
1248 299 1318 325 κατά
1335 307 1395 325 τινα
1406 299 1536 334 δαίμονα,
1553 300 1633 333 γνοὺς
1647 300 1791 332 Ὀδυσσεὺς
1803 302 1869 328 αὐτὸ

1087 345 1173 370 ἐκεῖνο
1197 342 1266 371 εἶναι
1283 345 1329 370 καὶ
1353 344 1466 370 κατόπιν
1481 345 1599 378 γεγονὼς
1615 346 1715 372 σπᾶται
1736 347 1765 372 τὸ
1780 347 1869 381 ξίφος,

1086 390 1189 416 ἐκεῖνον
1218 390 1267 424 μὲν
1292 389 1396 416 ἀνελεῖν
1425 389 1576 424 βουληθεὶς,
1596 389 1719 426 [44411.]
1742 392 1822 423 αὐτὸς
1847 392 1869 418 δ’

1085 436 1205 470 Ἀχαιοῖς
1216 435 1246 461 τὸ
1259 434 1406 461 Παλλάδιον
1420 434 1553 469 κομίζειν.
1566 435 1621 461 Καὶ
1631 435 1712 462 αὑτοῦ
1727 436 1870 470 μέλλοντος

1086 481 1194 516 πληγὴν
1206 480 1333 515 έμὸαλείν
1347 479 1390 516 (ἦν
1404 480 1458 515 γὰρ
1474 481 1651 517 σελήνη),ὁρᾷ
1666 482 1801 517 Διομήδης
1818 483 1871 516 τὴν

1086 526 1172 560 αὐγὴν
1186 525 1232 552 τοῦ
1257 525 1359 559 ξίφους.
1380 525 1524 557 Ὀδυσσεὺς
1537 525 1559 552 δ’
1584 527 1705 561 ἀναιρεῖν
1739 527 1788 561 μὲν
1813 528 1870 554 ἀπ-

1086 572 1181 606 έσχετο
1204 571 1440 605 ἀντισπασαμένου
1453 571 1579 598 κάκείνου
1605 572 1692 606 ξίφος,
1721 572 1822 598 δειλίαν
1846 572 1870 599 δ’

1086 617 1217 649 ὀνειδίσας
1243 617 1339 643 πλατεῖ
1363 617 1402 651 τῷ
1424 617 1497 651 ξίφει
1523 617 1572 643 οὐκ
1593 617 1718 644 ἐθέλοντα
1744 618 1871 652 προϊέναι

1085 664 1194 690 τύπτων
1215 663 1250 690 τὰ
1271 663 1342 689 νῶτα
1366 663 1490 698 ἤλαυνεν.
1503 663 1547 696 Ἐξ
1569 660 1599 690 οῦ
1620 665 1636 698 ἡ
1664 665 1797 698 παροιμία
1823 673 1832 689 ι
1853 665 1876 698 ὴ-

1086 709 1239 744 Διομήδειος
1253 708 1275 724 “
1291 708 1407 743 ἀνάγκη,
1429 717 1439 734 ι
1459 709 1505 735 ἐπὶ
1529 710 1629 740 παντὸς
1648 709 1775 735 ἀκουσίου
1790 709 1872 742 λεγο-

1087 755 1165 789 μένη.

1128 801 1160 826 Ἡ
1185 801 1221 826 λε’
1240 802 1286 828 δύο
1314 801 1446 836 ποιμένας
1472 802 1524 827 ὑπὸ
1548 801 1653 828 Λυσσὸν
1677 801 1707 827 τὸ
1727 801 1790 835 ὖρος
1819 801 1871 835 τῆς

1092 847 1218 880 Ἐφεσίας
1239 847 1289 882 γῆς
1307 848 1410 882 εἰσάγει
1423 847 1563 882 νέμοντας,
1596 847 1620 873 οἳ
1637 847 1772 881 μελισσῶν
1785 846 1872 879 ἑσμὸν

252 895 313 913 men
332 887 357 913 in
376 886 506 921 profundo
527 888 642 921 quodam
664 893 744 922 atque
769 889 801 915 ad
818 889 1033 916 descendendum

1089 893 1116 919 ἓν
1126 902 1179 919 τινι
1196 893 1273 928 βαθεῖ
1283 893 1328 919 καὶ¹
1344 893 1500 927 δυσκαθόδῳ
1515 892 1679 926 θεασάμενοι
1695 892 1832 927 σπηλαίῳ,
1858 894 1873 918 ὁ

252 931 399 967 perdiliicili
418 937 497 959 antro
511 940 571 960 cum
588 933 717 960 vidissent
729 954 735 965 .
751 934 820 961 alter
843 935 990 970 sportulam
1005 937 1036 962 ad

252 975 468 1003 descendendum
487 975 623 1010 ingressus
640 980 680 1002 est
690 995 698 1007 ,
715 976 783 1003 alter
796 985 854 1004 eam
870 985 886 1005 e
899 977 961 1004 fune
976 986 1037 1005 sus-

252 1030 361 1057 pensam
384 1021 551 1049 demittebat.
570 1021 636 1048 Cum
656 1027 744 1049 autem
773 1023 817 1056 qui
843 1023 1035 1055 descenderat,

253 1069 340 1095 mellis
356 1073 436 1102 atque
446 1069 502 1094 auri
518 1068 652 1102 ingentem
665 1068 770 1102 copiam
788 1068 1036 1103 reperisset,impo-

252 1115 333 1141 situm
353 1113 479 1149 sportula:
498 1121 565 1140 onus
581 1113 660 1140 tertio
676 1113 815 1140 attrahere
828 1121 934 1141 sursum
946 1114 1033 1148 jussit.
1063 1117 1066 1119 ’

249 1159 324 1187 Auro
338 1160 399 1187 dein
411 1159 558 1191 deﬁciente,
566 1159 682 1193 seipsum
692 1159 816 1193 deinceps
826 1165 942 1193 sportam
951 1161 1036 1195 ingre-

252 1207 278 1233 di
291 1205 460 1234 acelamavit.
476 1206 511 1232 At
525 1209 667 1239 postquam
684 1205 841 1232 insidiarum
853 1206 902 1240 ipsi
918 1207 1035 1240 suspicio

250 1259 311 1279 cum
329 1251 411 1278 verbo
436 1251 480 1278 illo
506 1251 533 1277 in
549 1255 665 1277 mentem
688 1250 777 1283 venit,
800 1250 915 1285 lapidein
942 1260 990 1286 pro
1007 1260 1035 1280 se

252 1301 351 1331 sporta!
366 1297 510 1330 imposuit,
524 1295 658 1330 jussitque
676 1297 821 1323 attrahere.
836 1297 910 1324 Alter
925 1297 1031 1331 itaque,

253 1343 344 1376 utjam
362 1349 435 1376 pane
450 1342 483 1368 ad
501 1349 575 1368 oram
591 1349 675 1376 usque
683 1342 816 1376 speluncae
828 1349 897 1370 onus
913 1344 1032 1376 attraxit,

251 1392 326 1413 ratus
341 1394 370 1413 se
380 1386 481 1413 socium
498 1386 631 1418 occidere,
645 1385 783 1413 confestim
799 1394 845 1420 per
857 1387 1034 1421 praecipitium

252 1430 383 1465 quoddam
399 1435 517 1464 sportam
530 1430 715 1465 praecipitavit,
729 1438 847 1465 auroque
859 1431 933 1458 humi
944 1431 1033 1459 defos-

251 1483 282 1502 so
291 1495 299 1509 ,
315 1476 474 1502 verisimiles
490 1475 522 1501 de
533 1480 641 1509 pastore
653 1475 697 1510 qui
709 1476 910 1503 desiderabatur
920 1497 927 1509 ,
940 1485 1034 1504 causas

250 1520 477 1555 interrogantibus
493 1526 661 1547 commentus
673 1525 724 1548 est.
746 1521 814 1548 llinc
828 1529 889 1548 cum
905 1521 974 1549 alter
988 1522 1032 1549 ille

251 1565 277 1593 in
295 1553 421 1600 spelunca
437 1566 530 1601 137b
541 1572 632 1601 pastor
647 1566 746 1593 nullam
764 1567 859 1594 salutis
873 1569 943 1594 viam
961 1576 1035 1602 repe-
1048 1553 1069 1582 α

250 1611 334 1644 riret,
347 1611 441 1646 Apollo
465 1613 492 1638 in
508 1612 608 1639 somnis
621 1612 719 1646 jussit,
741 1617 770 1638 ut
786 1617 865 1640 acuto
880 1613 968 1647 lapide
983 1613 1034 1640 sibi

249 1665 363 1691 corpore
371 1657 499 1691 lacerato,
509 1658 732 1692 quietusjaceret.
744 1659 837 1686 Paruit
849 1659 893 1686 ille
904 1660 1033 1694 monenti,

249 1706 275 1728 et
294 1702 411 1729 vultures
426 1706 552 1737 tauquam
564 1704 597 1730 ad
610 1704 726 1730 cadaver
739 1704 908 1736 advolantes,
921 1712 1035 1738 ungues-

250 1755 303 1782 que
319 1747 363 1774 alii
380 1755 477 1780 comte,
495 1747 538 1774 alii
557 1749 677 1776 vestibus
701 1749 860 1783 iungentes,
877 1749 904 1776 in
921 1750 1035 1776 sublime

251 1793 386 1820 hominem
402 1793 577 1826 sustulerunt,
591 1800 790 1828 avexerunlque
806 1795 917 1822 illaesum
935 1795 961 1822 in
973 1795 1036 1822 sub-

247 1838 345 1873 jectam
379 1838 483 1866 vallem.
516 1838 580 1865 lude
606 1839 780 1873 profectusin
799 1840 920 1872 curiam,
939 1844 1034 1867 cuncta

251 1883 417 1918 magistratui
438 1885 569 1918 exposuit.
601 1885 689 1917 Quare
716 1885 823 1919 Ephesii
848 1886 1034 1916 insidiatorem

251 1929 324 1956 illum
346 1931 516 1963 convictum,
537 1938 685 1965 aurumque
703 1932 839 1958 defossum
860 1933 902 1960 vel
921 1933 1034 1961 invitum

250 1975 391 2002 ostendere
407 1980 530 2002 coactum
544 1975 603 2011 [pro
616 1977 733 2012 meritis]
749 1978 895 2005 multarunt
911 1987 918 2005 :
936 1979 1034 2013 injuria

251 2028 314 2047 vero
339 2020 434 2048 aii'ecto
454 2023 512 2049 auri
538 2023 677 2050 dimidium
709 2024 904 2057 attribuentes,
921 2025 1034 2053 alterum

251 2067 388 2094 dimidium
397 2068 512 2103 Apollini
520 2076 551 2095 ac
560 2068 651 2096 Dianae
661 2069 824 2097 obtulerunt.
839 2070 964 2098 Servatus
972 2079 1036 2106 ergo

253 2118 343 2148 pastor
362 2113 423 2146 ille,
441 2121 561 2148 auroque
583 2115 711 2148 donatus,
725 2116 759 2143 ad
781 2123 901 2144 summas
915 2118 1036 2152 pervenit

251 2158 357 2186 divitias
367 2179 376 2192 ,
391 2163 420 2186 et
433 2166 508 2186 aram
520 2161 546 2186 in
562 2167 666 2187 summo
687 2161 787 2188 montis
802 2162 900 2189 vertice
908 2163 1035 2197 Apollini,

1090 938 1138 973 μὲν
1149 939 1171 955 ⁸ο
1188 940 1228 970 είς
1244 939 1362 974 φορμίδα
1379 938 1499 965 κατιέναι
1512 938 1603 972 ἐνέϐη,
1620 939 1633 964 ὁ
1649 938 1677 964 δὲ
1692 938 1782 964 καθίει
1793 938 1872 973 κάλῳ

1087 985 1284 1020 ἀρτησάμενος,
1317 985 1346 1011 '0
1373 984 1512 1011 κατελθὼν
1529 985 1556 1011 δὲ
1587 985 1674 1010 καὶτὸ
1686 984 1706 999 ³¹
1736 984 1796 1019 μέλι
1820 984 1873 1010 καὶ

1087 1029 1186 1065 χρυσὸν
1199 1030 1282 1056 πολὺν
1308 1029 1396 1064 εὑρὼν
1416 1030 1462 1056 καὶ
1475 1031 1507 1065 τῇ
1524 1029 1635 1064 φορμίδι
1658 1029 1710 1060 ἕως
1734 1030 1795 1064 τρὶς
1819 1030 1873 1064 έμ-

1089 1076 1177 1102 6αλὼν
1189 1076 1212 1091 "
1226 1077 1325 1111 ὰνιμᾷν
1339 1076 1491 1106 ἐκέλευσεν,
1513 1075 1700 1109 ὲπιλείψαντος
1727 1075 1754 1101 δὲ
1770 1075 1792 1090 ³³
1820 1075 1870 1100 τοῦ

1086 1120 1184 1156 χρυσοῦ
1206 1121 1301 1147 ἑαυτὸν
1325 1121 1465 1156 ἐμϐαίνειν
1487 1121 1581 1147 λοιπὸν
1606 1121 1789 1156 προσϐοήσας.
1806 1121 1871 1146 ἐπεὶ

1085 1166 1231 1200 ἐπιϐουλῆς
1257 1166 1346 1192 ἔννοια
1370 1166 1444 1200 αὺτῷ
1468 1165 1526 1201 ἅμα
1539 1165 1578 1200 τῷ
1594 1167 1697 1201 ῥήματι
1711 1166 1867 1201 σννεισῄει,

1084 1211 1157 1239 λίθον
1167 1212 1223 1238 ἀνθ’
1241 1211 1322 1238 αὑτοῦ
1338 1213 1371 1246 τῇ
1388 1212 1497 1246 φορμίδι
1510 1211 1600 1247 βαλὼν
1617 1212 1758 1238 ἐκέλευσεν
1769 1211 1791 1226 ³⁸
1808 1213 1870 1238 ἀνι-

1087 1257 1149 1292 μᾷν,
1170 1257 1213 1288 Ὠς
1226 1257 1247 1282 δ’
1259 1257 1341 1291 ἐγγὺς
1354 1258 1401 1292 τῆς
1417 1257 1551 1292 στεφάνης
1565 1258 1579 1283 ὁ
1599 1257 1704 1291 ἀνιμῶν
1732 1258 1870 1293 ὰπῃωρή-

1085 1313 1161 1336 σατο,
1174 1303 1272 1330 αὐτίκα
1281 1303 1318 1334 ὡς
1342 1303 1496 1338 διαφθερῶν
1505 1303 1527 1319 ³⁵
1551 1303 1597 1329 τὸν
1613 1303 1707 1338 ἕτερον
1721 1303 1743 1318 ³⁸
1768 1303 1868 1337 ἀφίησι

1084 1349 1155 1375 κατά
1169 1357 1240 1380 τινος
1251 1348 1402 1382 φάραγγος,
1423 1349 1468 1374 καὶ
1481 1349 1511 1374 τὸ
1524 1349 1640 1382 χρυσίον
1651 1348 1804 1382 κατορύξας
1819 1357 1868 1374 πι-

1084 1394 1167 1426 θανὰς
1179 1394 1249 1430 ὑπὲρ
1272 1394 1318 1420 τοῦ
1334 1395 1454 1428 ἀφανοῦς
1483 1395 1609 1429 ποιμένος
1636 1394 1783 1420 ἐπλάττετο
1810 1396 1869 1426 τοῖς

1084 1440 1298 1475 πυνθανομένοις
1324 1440 1373 1471 τὰς
1394 1440 1554 1474 προφάσεις.
1593 1440 1629 1470 Ως
1656 1439 1679 1465 δ’
1710 1437 1745 1474 ἦν
1775 1439 1868 1474 ἄπορα

1085 1485 1252 1520 πανταχόθεν
1268 1486 1306 1520 τῷ
1318 1486 1346 1512 έν
1359 1485 1397 1520 τῷ
1410 1486 1535 1521 σπηλαίῳ
1558 1486 1669 1520 ποιμένι
1686 1485 1720 1512 τὰ
1736 1486 1787 1520 τῆς
1816 1495 1868 1512 σω-

1085 1531 1197 1566 τηρίας,
1230 1531 1368 1557 Ἀπόλλων
1379 1531 1446 1565 ὄναρ
1463 1530 1568 1557 κελεύει
1581 1530 1638 1562 ὀξεῖ
1659 1529 1725 1565 λίθῳ
1739 1531 1770 1556 τὸ
1786 1531 1869 1565 σῶμα

1086 1576 1230 1611 ἀμύξαντα
1264 1576 1372 1602 κεῖσθαι
1395 1576 1498 1610 ἡρέμα.
1527 1575 1579 1601 Τοῦ
1613 1574 1641 1601 δὲ
1658 1574 1812 1609 πράξαντος
1839 1576 1869 1602 τὺ

1085 1622 1252 1657 προσταχθὲν
1264 1622 1351 1656 γῦπες
1370 1621 1407 1652 ὡς
1420 1621 1467 1647 ἐπὶ
1487 1621 1582 1656 νεκρὸν
1607 1621 1798 1655 ὲφιπτάμενοι,
1823 1623 1870 1647 καὶ

1085 1670 1146 1699 τοὺς
1172 1668 1270 1702 δνυχας
1296 1667 1384 1702 οἱμὲν
1413 1668 1453 1698 εἰς
1475 1666 1525 1701 τὴν
1540 1666 1648 1701 χαίτην,
1669 1667 1693 1692 οἱ
1720 1666 1742 1692 δ’
1766 1667 1806 1697 εἰς
1820 1667 1870 1701 τὴν

1085 1714 1186 1748 ἐσθῆτα
1215 1713 1375 1748 πηξάμενοι,
1397 1712 1539 1746 ἐκούφιζον
1563 1713 1610 1738 καὶ
1622 1712 1868 1747 κατέφεροναύτον

1086 1758 1179 1785 κακῶν
1194 1759 1285 1793 ἀπαθῆ
1311 1759 1356 1785 ἐπὶ
1373 1758 1419 1784 τὸν
1434 1758 1614 1791 ὑποκείμενον
1626 1758 1744 1784 αὐλῶνα.
1767 1758 1869 1784 Ἐλθὼν

1085 1803 1107 1829 δ’
1126 1804 1172 1830 ἐπὶ
1193 1804 1223 1829 τὸ
1238 1804 1345 1838 ἀρχεῖον
1357 1804 1468 1829 ἅπαντα
1480 1803 1591 1838 φράζει.
1618 1802 1672 1829 Καὶ
1685 1802 1730 1828 τὸν
1745 1802 1794 1837 μὲν
1810 1803 1871 1828 ἐπι-

1086 1849 1268 1876 δουλεύσαντα
1279 1850 1302 1874 οἰ
1322 1848 1452 1882 Ἐφέσιοι.
1470 1848 1631 1882 ἐλεγχθέντα
1645 1848 1693 1874 καὶ
1706 1848 1752 1874 τον
1767 1848 1871 1882 χρυσὸν

1087 1894 1329 1929 κατορωρυγμένον
1339 1893 1385 1919 καὶ
1401 1893 1501 1920 ἄκοντα
1511 1893 1693 1926 ἐπιδείξαντα,
1710 1893 1871 1928 τιμωροῦν-

1085 1948 1140 1971 ται,
1154 1939 1192 1974 τῷ
1209 1938 1231 1965 δ’
1243 1939 1400 1974 ἠδικημένῳ
1411 1939 1460 1973 τὴν
1474 1939 1603 1973 ἡμίσειαν
1617 1937 1664 1964 τοῦ
1682 1937 1784 1972 χρυσοῦ
1812 1938 1869 1964 νεί-

1088 1986 1200 2020 μαντες,
1218 1985 1266 2020 τὴν
1280 1985 1376 2020 ἑτέραν
1388 1985 1517 2020 ἡμίσειαν
1534 1985 1609 2018 ἱερὰν
1622 1985 1765 2020 ἀπέφηναν
1773 1985 1869 2019 Ἀρτέ-

1087 2031 1142 2065 μιδι
1157 2031 1203 2057 καὶ
1227 2030 1382 2057 Ἀπόλλωνι.
1402 2031 1430 2056 '0
1439 2031 1467 2057 δὲ
1482 2030 1626 2061 διασωθεὶς
1636 2030 1684 2057 καὶ
1710 2030 1749 2064 τῷ
1763 2031 1870 2065 χρυσίῳ

1085 2075 1208 2110 τιμηθεὶς
1222 2075 1322 2110 ποιμὴν
1334 2075 1387 2101 τῶν
1403 2084 1434 2101 τε
1449 2076 1519 2102 πάνυ
1542 2075 1676 2101 πλουσίων
1691 2075 1804 2109 ἐγένετο
1819 2077 1868 2102 καὶ

1087 2120 1177 2156 βωμὸν
1188 2121 1231 2146 ἐπ’
1242 2122 1330 2156 ἄκρας
1344 2121 1394 2156 τῆς
1423 2121 1544 2156 κορυφῆς
1556 2120 1603 2147 τοῦ
1625 2121 1706 2155 ὅρους
1729 2121 1867 2148 Ἀπόλλω-

1086 2176 1130 2198 νος
1140 2167 1265 2199 sica-:0",
1279 2167 1419 2199 Γυπαιέως
1427 2168 1466 2199 είς
1482 2169 1613 2202 μνημεῖον
1626 2167 1680 2194 τῶν
1692 2168 1868 2202 συνενεχθέν-

254 2204 365 2231 Vulturii
380 2205 497 2238 nomine,
518 2206 544 2233 in
562 2207 598 2234 rei
610 2212 692 2242 gestat
716 2208 873 2235 memoriam
890 2209 1033 2243 sempiter-

1087 2222 1140 2240 των
1153 2213 1298 2248 ὀνομάσας.

253 2257 324 2281 nam,
337 2250 478 2278 dedicavit.

287 2295 432 2323 Tricesima
444 2302 531 2324 sexta.
542 2297 717 2326 Philonomus
731 2298 948 2326 Lacedwmonius
963 2299 1032 2335 (34),

253 2341 348 2375 Sparta
362 2341 536 2370 Doriensibus
552 2344 671 2378 prodita,
690 2344 815 2379 Amyclas
829 2346 958 2373 mercedis
973 2346 1032 2373 loco

253 2387 373 2421 accepit,
392 2388 417 2414 in
431 2394 543 2422 eamque
564 2396 597 2416 ex
612 2389 700 2416 Imbro
716 2394 796 2424 atque
813 2389 914 2418 Lemno
930 2391 1032 2419 incolas

252 2431 347 2465 coegit.
366 2431 414 2464 Qui
433 2439 492 2459 eum
507 2433 583 2460 tertia
601 2434 662 2461 dein
673 2438 752 2461 aztale
768 2435 924 2463 seditionem
936 2437 1032 2463 adver-

253 2484 299 2503 sus
330 2475 471 2505 Dorienses
502 2479 682 2512 excitassent,
707 2480 827 2516 Amyclis
852 2482 920 2516 pulsi
956 2487 1029 2510 sunt.

252 2522 403 2556 Assumptis
431 2524 521 2557 itaque
543 2531 662 2552 secunue
688 2525 830 2559 Spartiatis
854 2528 1030 2561 quibusdam,

253 2566 416 2601 ducibusque
437 2568 477 2595 usi
497 2568 588 2596 Polide
602 2575 629 2597 et
644 2569 759 2604 Delpho,
775 2571 802 2598 in
823 2570 928 2598 Cretam
949 2573 1031 2599 adna-

1124 2301 1156 2326 'H
1168 2300 1212 2332 λς’
1221 2300 1258 2331 ὼς
1270 2300 1413 2335 Φιλόνομος
1423 2301 1437 2326 ὁ
1458 2300 1631 2335 Σπαρτιάτης
1644 2300 1666 2316 ³⁸
1679 2300 1795 2334 προδοὺς
1811 2301 1868 2326 Λα-

1084 2346 1230 2380 κεδαίμονα
1243 2346 1373 2382 Δωριεῦσι
1392 2346 1478 2381 δῶρον
1497 2346 1554 2381 ἔχει
1574 2345 1724 2381 Ἀμύκλας,
1738 2346 1785 2372 καὶ
1802 2355 1867 2371 συν-

1083 2391 1185 2423 οικίζειν
1205 2391 1305 2426 ταύτην
1317 2391 1346 2423 ἐξ
1362 2391 1476 2426 Ἴμϐρου
1505 2391 1551 2418 καὶ
1565 2392 1686 2426 Λήμνου.
1717 2390 1806 2426 Τρίτῃ
1837 2391 1866 2416 δὲ

1083 2438 1163 2472 γενεᾷ
1183 2438 1383 2469 στασιάσαντες
1412 2438 1480 2472 προς
1505 2438 1625 2472 Δωριέας
1654 2437 1866 2471 μετανίστανται

1081 2480 1143 2517 [2'29
1155 2481 1200 2518 H.]
1219 2482 1369 2517 ’Δμυκλῶν,
1394 2482 1656 2517 συμπαραλαϐόντες
1673 2482 1700 2508 δὲ
1716 2482 1761 2507 καί
1789 2490 1867 2512 τινας

1081 2520 1270 2562 Σπαρτιατῶν,
1283 2528 1442 2562 ἡγουμένων
1457 2528 1547 2559 αὐτοῖς
1561 2527 1670 2558 Πόλιδος
1686 2528 1733 2552 καὶ
1748 2526 1864 2560 Δελφοῦ.

1080 2574 1175 2601 ἔπλεον
1191 2575 1236 2601 ἐπὶ
1252 2574 1302 2609 τῆς
1313 2575 1434 2610 Κρήτης.
1453 2574 1496 2600 Ἐν
1509 2574 1547 2610 τῷ
1559 2573 1695 2610 παράπλῳ
1710 2573 1738 2599 δὲ
1751 2572 1830 2599 τοῦδε
1842 2573 1864 2588 ³⁸

880 2637 998 2665 VARIE
1017 2638 1220 2666 LECTIONES.

287 2679 448 2719 l".'i)_Atop..]_
460 2680 494 2708 cf.
515 2680 726 2719 scholal’lalon.
740 2691 766 2718 p.
785 2692 820 2711 m.
839 2684 901 2712 408.
939 2685 962 2700 ³ο
979 2685 992 2711 ὁ
1007 2685 1054 2719 μὲν

295 2713 323 2740 δέ
379 2723 386 2741 :
404 2713 448 2741 καί
464 2724 494 2747 ς.
516 2752 522 2755 _
533 2716 555 2732 “
567 2717 691 2755 ἐκέλευεν
775 2718 796 2735 ⁸⁵
812 2719 972 2755 διαφθείρων

256 2748 414 2784 ἐδωμήσατο
428 2752 541 2778 corr.A.
579 2752 602 2768 ³⁸
614 2752 649 2779 cf.
662 2752 766 2781 Miiller.
783 2748 924 2781 ()rchdm.‘
937 2762 962 2789 p.
992 2748 1053 2782 316.

1079 2686 1152 2720 ὅμως
1168 2687 1182 2712 ὁ
1202 2686 1250 2720 μέν
1272 2687 1304 2713 Α.
1344 2687 1365 2702 ³¹
1384 2687 1430 2712 καὶ
1443 2686 1472 2713 τὸ
1487 2685 1549 2712 add.
1571 2686 1602 2712 Λ.
1640 2685 1662 2702 ³¹
1673 2683 1818 2720 ὲμὸᾀλλων
1832 2684 1862 2720 A:

1073 2717 1208 2757 ⁸-έταίρον
1228 2727 1300 2757 corr.
1329 2721 1361 2747 A.
1380 2721 1464 2757 τινος]
1488 2721 1537 2755 τῆς
1552 2717 1696 2747 ΚιιιιηίιΙΞᾙ
1721 2719 1742 2734 ³⁷
1760 2717 1862 2751 εἷο-ατο]

1092 2755 1113 2770 ³⁸
1128 2755 1203 2781 τοῦδε
1231 2756 1292 2782 add.
1312 2757 1343 2782 A.

1002 2811 1117 2840 NOTAE.

295 2853 362 2888 (33‘)
377 2853 453 2887 Quod
469 2855 554 2889 ipsum
568 2856 618 2883 alia
635 2857 714 2884 etiam
727 2858 828 2885 ratione
841 2858 916 2886 allcrt
929 2858 1033 2885 Suidas.

1137 2858 1191 2893 (31)
1210 2858 1330 2887 Meminit
1354 2860 1450 2888 Strabo
1467 2860 1514 2887 lib.
1536 2867 1582 2886 vut
1595 2879 1602 2893 ,
1619 2859 1696 2886 initio
1714 2858 1858 2885 Lucernam.
