1923 3091
20 155 70 187 573

548 156 816 188 BIBLIOTHECA.
828 173 863 178 —
877 159 959 190 COD.
975 159 1151 189 CLXXXVI.

1605 158 1657 191 574

19 209 64 236 τοῦ
87 207 184 235 στόλου
206 207 299 243 Μῆλον
319 209 490 245 Ἀπόδασμος
513 211 621 244 οἰκίζει,
637 213 684 239 καὶ
709 213 741 239 τὸ
755 213 810 239 τῶν

869 215 997 250 rigaruut.
1011 214 1064 242 Sed
1076 215 1137 242 dum
1154 215 1248 244 classis
1259 216 1475 251 praeternavigat,
1489 215 1656 250 Apodasnms

19 255 147 291 Μηλιέων
165 254 188 270 ⁸⁸
201 255 282 288 γένος
295 255 402 282 ἐνθένδε
413 257 564 284 οἰκειοῦται
583 259 758 294 Σπαρτιάτας
775 260 808 287 δ’.

19 301 50 328 Ol
67 301 97 327 δὲ
112 301 204 327 λοιποὶ
226 301 346 333 ἅπαντες
371 302 510 338 Γόρτυναν
536 304 650 338 μηδενὸς
672 304 812 339 εἴργοντος

18 347 159 378 λαϐόντες,
186 347 291 383 ταύτην
326 348 385 383 ἅμα
409 348 464 375 τῶν
489 350 636 385 περιοίκων
647 350 670 366 δ’
695 350 812 386 Κρητῶν

20 394 234 426 συνοικίζουσιν.

57 440 92 466 Ἡ
105 439 144 472 λζ’
160 439 198 471 ὡς
213 440 266 466 ἀπὸ
278 440 366 467 Θάσου
379 440 425 467 τοῦ
442 441 555 476 Κάδμου
567 442 682 477 ἀδελφοῦ
698 443 785 476 Θάσος
794 445 811 480 ἠ

19 487 100 521 νῆσος
115 486 275 521 ὠνομάσθη·
292 487 351 513 ἐκεῖ
364 487 418 522 γὰρ
430 488 511 514 αὑτὸν
521 489 535 515 ὁ
550 489 674 523 ἀδελφὸς,
689 491 751 522 δοὺς
765 491 812 518 τοῦ

21 531 138 567 στρατοῦ
153 533 262 567 μοῖραν,
276 532 430 560 ἀπολείπει.
448 533 503 560 Καὶ
528 534 566 565 ὡς
578 535 688 570 Κάδμος
703 537 755 563 ὑπὸ
764 537 812 564 τοῦ

20 578 152 604 Φοινίκων
169 578 315 613 βασιλέως,
334 579 405 614 μέγα
417 580 464 606 καὶ
475 580 557 612 αὐτὸς
574 580 723 615 δυνάμενος
737 583 813 618 παρὰ

21 625 150 658 Φοίνιξιν,
165 625 213 652 ἐπὶ
226 625 275 661 τὴν
286 626 423 661 Εὐρώπην
442 626 565 662 σταλείη.
595 628 626 655 0i
648 628 677 655 δέ
691 629 814 662 Φοίνικες

21 671 78 696 τότε
89 670 158 706 [445
170 671 216 706 IL]
233 671 306 706 μέγα
319 680 349 698 τε
365 672 414 707 (ὡς
431 671 520 706 λόγος)
535 672 637 708 ἴσχυον,
653 675 699 701 καὶ
714 675 813 711 πολλὴν

21 717 69 751 τῆς
91 717 188 749 Ἀσίας
202 718 456 754 καταστρεψάμενοι
469 719 499 745 τὸ
511 719 646 754 βασίλειον
667 722 696 747 ὲν
709 721 814 757 Θήϐαις

23 764 82 794 ταῖς
95 764 266 798 Αἰγυπτίαις
288 762 370 800 εἶχον.
391 765 526 800 Σταλῆναι
540 766 569 792 δὲ
583 767 694 802 Κάδμον
712 768 761 803 οὐχ
776 768 814 799 ὡς

23 809 155 845 Ἔλληνές
176 818 261 844 φασι,
286 811 356 838 κατὰ
376 810 490 847 ζήτησιν
510 811 661 847 Εὐρώπης,
681 813 715 848 ἢν
730 814 813 840 παῖδα

22 857 146 888 Φοίνικος
172 854 255 883 οὖσαν
276 857 386 892 ἥρπασε
411 858 479 889 Ζεὺς
502 858 532 884 ὲν
556 859 676 894 σχήματι
698 859 811 895 ταύρου,

24 903 78 929 ἀλλ’
99 903 192 939 ἀρχὴν
220 903 270 938 μὲν
295 903 364 930 ἰδίαν
389 904 418 930 ἐν
434 904 554 940 Εὐρώπῃ
581 893 778 939 μηχανώμενον
789 906 812 922 ⁵³
829 893 851 923 Β

22 949 190 976 πλάττεσθαι
205 949 324 984 ἀδελφῆς
339 950 519 984 ἡρπασμένης
538 949 673 977 ποιεῖσθαι
688 950 813 986 ζήτησιν,

23 996 51 1028 ἐξ
61 993 92 1023 οὗ
107 996 156 1022 καὶ
170 996 184 1022 ὁ
202 996 251 1030 τῆς
271 994 408 1030 Εὐρώπης
425 995 510 1029 μῦθος
530 992 598 1031 ἧκεν
613 997 652 1027 είς
668 996 812 1032 Ἕλληνας.

24 1040 186 1075 Περιπλὲων
200 1040 228 1067 δὲ
244 1040 292 1075 τὴν
310 1039 445 1076 Εὐρώπην
460 1039 507 1066 τὸν
523 1039 572 1074 μὲν
583 1040 699 1075 ἀδελφὸν
715 1042 813 1075 Θάσον,

23 1086 58 1118 ὡς
71 1086 185 1121 εἴρηται
197 1106 205 1118 ,
229 1087 263 1122 τῇ
287 1087 361 1121 νήσῳ
374 1085 474 1117 λείπει,
491 1084 572 1116 αὐτὸς
590 1085 612 1112 δ’
629 1087 668 1118 είς
684 1087 814 1114 Βοιωτίαν

24 1131 146 1163 πλεύσας
167 1132 256 1158 ἄνεισι
271 1132 340 1168 πρὸς
349 1132 372 1148 ⁵⁸
384 1132 433 1164 τὰς
448 1132 496 1159 νῦν
522 1131 692 1167 καλουμένας
709 1133 813 1168 Θήϐας,

25 1180 68 1204 καὶ
86 1178 137 1204 σὺν
167 1179 202 1213 τῇ
229 1178 345 1213 δυνάμει
360 1180 548 1215 περιτειχίσας
564 1180 595 1207 τὺ
607 1179 707 1215 χωρίον
724 1179 815 1214 Θήϐας

25 1223 76 1250 ἀπὸ
91 1224 143 1257 τῆς
158 1222 265 1253 οἰκείας
279 1224 443 1259 ἐπωνόμασε
458 1226 599 1260 πατρίδος.
611 1225 672 1251 Τῶν
689 1225 717 1252 δέ
732 1226 815 1252 Βοιω-

26 1269 76 1295 τῶν
96 1270 139 1300 εὶς
159 1270 252 1305 μάχην
267 1270 360 1303 αὐτοῖς
377 1271 592 1306 συμπλακέντων
609 1272 742 1307 ἡττῶνται
753 1271 815 1298 Φοί-

25 1324 109 1347 νικες,
131 1313 193 1342 εἶτα
206 1316 353 1350 κρατοῦσιν
369 1317 490 1352 ἐνέδραις
503 1318 551 1344 καὶ
563 1318 755 1353 προλοχισμοίς
768 1318 816 1345 καὶ

24 1362 55 1395 τῇ
72 1360 154 1396 ἀήθει
169 1361 226 1387 τῶν
238 1361 329 1389 ὃπλων
344 1362 405 1396 δψει
420 1371 427 1378 ·
441 1364 541 1398 κράνος
567 1364 621 1399 γὰρ
631 1363 654 1380 ⁸⁵
670 1365 718 1390 καὶ
733 1365 816 1396 ἀσπὶς

24 1406 99 1433 οΰπω
111 1408 171 1439 τοῖς
180 1407 309 1442 Ἕλλησιν
320 1407 452 1442 ἔγνωστο.
468 1409 522 1435 Καὶ
538 1410 634 1445 κρατεῖ
645 1410 755 1444 Κάδμος
767 1410 816 1445 τῆς

24 1451 149 1478 Βοιωτῶν
173 1453 226 1487 γῆς
238 1472 246 1485 ,
265 1453 311 1479 καὶ
328 1453 468 1488 φυγόντων
490 1454 545 1481 τῶν
566 1455 752 1482 διασωθέντων
769 1455 816 1482 ἐπὶ

23 1498 69 1530 τὰς
86 1498 192 1529 οἰκείας
218 1499 311 1531 πόλεις
325 1499 422 1532 οἰκίζει
439 1501 567 1533 Φοίνικας
580 1502 610 1527 ὲν
622 1502 741 1536 Θήϐαις,
769 1502 816 1528 καὶ¹

23 1543 70 1582 τὴν
95 1543 207 1578 Ἀρεως
224 1543 247 1559 δε
273 1544 321 1571 καὶ
350 1545 513 1580 Ἀφροδίτης
543 1545 689 1580 ’Δρμονίαν
720 1546 813 1580 γαμεῖ.

24 1590 156 1622 Βοιωτοῖς
179 1591 208 1617 δὲ
222 1590 292 1626 πρὸς
307 1591 357 1626 τὴν
374 1591 505 1626 ἔκπληξιν
519 1591 573 1618 τῶν
589 1591 680 1618 ὃπλων
698 1591 745 1618 καὶ
760 1592 814 1618 τῶν

23 1637 220 1673 προλοχισμῶν
237 1638 283 1664 καὶ
299 1638 346 1670 τῆς
372 1639 483 1673 ἐνέδρας
498 1638 563 1672 δόξα
583 1638 708 1673 παρέστη
723 1639 817 1670 αὐτοῖς

21 1683 114 1714 ὅπλοις
132 1683 237 1710 ἀνεῖναι
249 1685 298 1718 τῆς
313 1684 364 1718 γῆς
373 1684 394 1699 ⁵⁷
410 1685 473 1715 τοὺς
486 1683 596 1719 ἄνδρας,
611 1684 658 1710 καὶ
673 1683 816 1719 Σπαρτοὺς

21 1730 57 1762 ὡς
83 1731 124 1757 ἐκ
143 1730 190 1756 τοῦ
214 1731 316 1765 χωρίου
339 1730 441 1764 φύντας
458 1731 558 1762 αὐτοὺς
580 1730 725 1758 ἐκάλεσαν,
751 1730 818 1765 Περὶ

24 1777 72 1811 μὲν
83 1776 106 1792 ⁸⁸
121 1775 235 1810 Κάδμου
248 1777 295 1803 καὶ
313 1776 409 1812 Θηϐῶν
423 1777 548 1808 οἰκίσεως
556 1777 578 1793 δ’
592 1774 670 1808 οὗτος
685 1778 699 1804 ὁ
715 1776 818 1812 ἀληθής

22 1823 114 1857 λόγος,
130 1823 162 1849 τὸ
175 1823 197 1850 δ’
210 1823 274 1850 ἄλλο
290 1823 374 1858 μῦθος
388 1825 434 1850 καὶ
447 1825 560 1860 γοητεία
571 1824 666 1858 ἀκοῆς.

864 260 962 288 Melum
979 261 1046 296 (35),
1064 261 1263 288 habitatoribus
1283 262 1412 295 instruit,
1430 262 1544 296 indeque
1567 261 1657 289 Pelie-

863 315 940 335 orum
958 315 1043 342 genus
1055 308 1205 342 Spartanos
1217 307 1267 334 sibi
1287 307 1531 335 conciliat.Ca:teri
1547 315 1656 338 omnes,

863 354 1021 389 Gortynam,
1048 358 1214 389 repugnante
1244 355 1369 385 nemine,
1398 359 1572 388 occupantes,
1602 361 1655 380 una

864 407 924 427 cum
944 399 1112 427 Cretensium
1130 399 1229 426 accolis
1240 407 1300 426 eam
1314 399 1494 426 incoluerunt.

899 445 1046 472 Tricesima
1065 445 1190 479 septima.
1206 444 1328 472 ATbaso
1354 444 1416 478 (36)
1443 445 1538 472 Cadmi
1570 445 1654 471 fratre

864 491 985 518 Thasum
1006 491 1120 518 insulam
1145 490 1304 525 appellatam
1324 490 1415 518 refert.
1433 490 1469 517 lbi
1489 491 1559 517 enim
1580 490 1654 517 illum

864 536 949 564 frater
960 556 968 568 ,
991 537 1052 563 data
1063 537 1201 564 exercitus
1215 542 1291 572 parte
1301 558 1308 569 ,
1324 536 1442 570 reliquit.
1456 536 1573 563 Cadmus
1597 536 1653 571 (37)

865 584 910 611 hic
929 592 942 611 a
957 583 1113 611 Phoenicum
1127 591 1188 619 rege
1200 603 1207 616 .
1223 591 1327 619 magna:
1338 584 1456 618 alioquin
1472 588 1500 611 et
1513 584 1572 618 ipsc
1583 585 1653 618 apud

864 627 1008 656 Phoenicas
1037 630 1215 662 auctoritatis,
1251 630 1277 656 in
1308 629 1442 663 Europam
1469 630 1567 656 missus
1594 634 1646 656 est.

865 676 968 711 Quippe
1006 676 1150 704 Phoenices
1189 683 1222 703 eo
1265 681 1386 710 tempore
1427 676 1530 703 viribus
1569 677 1653 711 pluri-

865 731 939 750 mum
966 730 999 750 ac
1023 725 1159 757 potentia,
1182 727 1212 749 ut
1243 722 1344 754 ferunt,
1361 721 1486 749 valebant
1504 742 1512 754 ,
1543 729 1655 756 magna-

865 776 918 803 que
950 768 1021 795 Asize
1044 773 1122 803 parte
1149 769 1174 795 in
1211 772 1371 803 potestatem
1398 768 1505 794 redacta
1523 787 1531 799 ,
1554 767 1653 801 regium

865 815 955 842 sedem
973 813 1075 841 Thebis
1092 813 1228 849 Egyptiis
1247 814 1456 840 constituerunt.
1480 813 1579 840 Missus
1590 821 1654 846 ergo

865 860 1001 892 Cadmus,
1012 868 1065 887 non
1082 859 1122 894 (ut
1139 859 1225 886 Graeci
1247 859 1418 893 fabulantur)
1433 859 1568 892 Europam
1580 866 1654 892 (Illi!!-

865 907 1064 941 siturus,quam
1072 904 1209 933 Phoenicis
1220 904 1312 936 filiam,
1326 904 1394 931 tauri
1405 904 1532 931 mentitus
1540 904 1654 930 formam

863 953 969 988 Jupiter
989 953 1132 988 rapuisset,
1157 952 1203 979 sed
1222 951 1359 986 proprium
1373 950 1423 976 sibi
1439 950 1465 977 in
1480 949 1587 984 Europa
1602 950 1654 975 im-

864 1000 969 1035 perium
990 999 1156 1026 constituere
1173 997 1295 1028 molitus,
1313 1000 1396 1030 raptae
1419 995 1522 1022 sororis
1545 994 1656 1022 investi—

865 1046 1000 1080 gationem
1025 1043 1179 1078 praetexuit.
1194 1043 1282 1076 Atque
1308 1041 1372 1068 hinc
1385 1041 1429 1068 illa
1447 1041 1480 1067 de
1495 1041 1602 1074 Europa
1617 1041 1656 1067 ia-

864 1091 928 1118 bula
942 1091 975 1118 ad
991 1090 1100 1118 Grmcos
1122 1089 1231 1123 prodiit.
1249 1087 1384 1122 Europam
1402 1087 1483 1122 igitur
1497 1086 1653 1113 circumna-

865 1138 960 1173 vigans
991 1136 1046 1168 ille.
1077 1135 1196 1163 Thasum
1222 1134 1344 1165 fratrem,
1373 1138 1402 1160 ut
1428 1133 1556 1164 diximus,
1578 1132 1604 1158 in
1624 1139 1654 1158 en

865 1183 950 1211 insula
976 1183 1094 1217 reliquit,
1112 1182 1168 1216 ipse
1191 1181 1216 1208 in
1243 1181 1375 1208 Bteotiam
1413 1179 1536 1209 tendens.
1555 1177 1652 1212 138/:

865 1229 973 1256 Thebas
1001 1228 1070 1260 illas,
1097 1235 1157 1262 quae
1183 1234 1255 1253 nunc
1285 1225 1468 1260 appellantur,
1501 1223 1653 1253 aedificavit,

865 1281 997 1308 muroque
1020 1273 1150 1300 comitqu
1169 1279 1251 1306 opera
1267 1271 1385 1298 cinctum
1409 1271 1497 1297 locmu
1519 1277 1534 1296 a
1561 1269 1657 1303 patriis

866 1321 902 1348 ita
919 1320 1020 1347 Thebis
1033 1319 1188 1354 appellavit.
1204 1317 1311 1345 Boeotis
1326 1322 1415 1344 autem
1440 1323 1526 1351 pugna
1539 1322 1656 1343 concur-

869 1367 1004 1399 rentibus,
1019 1365 1082 1392 victi
1095 1365 1210 1399 primum
1222 1363 1378 1394 Phcenices,
1393 1369 1442 1396 per
1462 1361 1572 1389 insidias
1584 1367 1656 1391 mox,

867 1418 898 1437 ac
913 1414 1118 1445 stratagemata,
1134 1413 1161 1436 et
1178 1409 1335 1436 inusitatum
1354 1413 1490 1435 armorum
1505 1410 1656 1441 aspectum.

867 1456 1022 1490 superiores
1042 1459 1206 1482 evaserunt:
1230 1461 1320 1488 neque
1333 1454 1404 1481 enim
1420 1452 1495 1488 galea
1508 1458 1535 1479 et
1550 1456 1657 1479 scutum

867 1501 977 1528 fuerunt
1004 1509 1122 1536 unquam
1144 1500 1245 1528 Gracis
1268 1501 1300 1527 ad
1315 1507 1375 1527 eam
1388 1499 1468 1526 'diem
1485 1499 1603 1533 cognita.
1619 1497 1658 1525 Ita

867 1547 995 1578 Cadmus,
1013 1547 1168 1574 Boeotorum
1182 1546 1284 1580 potitus
1300 1545 1419 1580 regione,
1436 1544 1598 1579 fugientibus
1612 1543 1658 1578 qui

870 1592 940 1620 cladi
967 1597 1126 1626 supererant
1156 1592 1182 1618 in
1202 1598 1265 1618 suas
1289 1591 1403 1625 quisque
1432 1591 1530 1622 urbes,
1556 1588 1658 1616 Thebis

871 1639 1026 1671 Phoenicas,
1038 1638 1083 1673 qui
1096 1636 1256 1669 incolerent,
1267 1637 1393 1668 collocat,
1408 1636 1464 1671 ipse
1481 1635 1657 1662 llarmoniam

867 1684 960 1712 Martis
978 1692 1009 1712 ac
1024 1683 1137 1711 Veneris
1162 1683 1243 1710 ﬁliam
1260 1690 1372 1710 uxorem
1400 1682 1484 1709 ducit.
1505 1680 1659 1707 Bmotorum

867 1731 973 1759 interim
993 1731 1110 1762 animis,
1126 1730 1160 1757 ob
1173 1736 1311 1756 armorum
1337 1727 1412 1755 illum
1436 1732 1518 1761 atque
1548 1726 1661 1753 insidia-

867 1786 925 1805 rum
935 1782 1045 1810 metum,
1054 1777 1112 1804 haec
1126 1777 1216 1810 opinio
1225 1775 1334 1807 insedit,
1344 1782 1405 1802 cum
1415 1774 1498 1801 armis
1507 1773 1574 1807 ipsis
1582 1772 1654 1798 vires

867 1823 953 1850 illose
967 1828 1037 1849 terra
1053 1822 1200 1854 exstitisse,
1217 1826 1247 1848 ut
1261 1821 1322 1847 inde
1338 1819 1419 1847 etiam
1437 1819 1551 1854 Spartas
1582 1816 1640 1852 (58)
1652 1848 1661 1859 ν

25 1870 100 1897 velut
115 1877 148 1896 ex
167 1878 200 1896 eo
221 1869 280 1904 ipso
308 1871 367 1898 loco
393 1877 478 1904 satos,
506 1870 682 1898 nominarint.
703 1870 787 1904 Igitur
814 1869 847 1897 de
864 1869 969 1897 Cadmo
1009 1868 1218 1902 Thebarumque
1231 1866 1427 1894 inbabitatione
1448 1873 1508 1893 vera
1522 1865 1579 1892 haec
1599 1871 1662 1890 nar-

23 1917 94 1943 ratio
105 1921 146 1944 est
161 1917 265 1944 :altera
278 1917 338 1948 illa.
352 1917 444 1945 fabula
461 1918 622 1951 auriumque
635 1916 784 1952 praestigia.

62 1962 98 1988 Ἦ
109 1961 152 1996 λη’
165 1961 203 1993 ὡς
215 1962 349 1996 Μιλήσιός
366 1971 409 1993 τις
422 1963 509 1998 ἀνὴρ,
527 1962 579 1996 τῆς
595 1962 726 1997 πατρίδος
741 1961 817 1996 αὐτῷ

25 2008 77 2034 ὑπὸ
93 2007 236 2042 ’Δρπάγου
255 2007 302 2034 τοῦ
319 2008 412 2044 Κύρου
427 2009 456 2035 ἐν
478 2007 594 2043 κινδύνῳ
610 2007 695 2042 οῠσης
709 2028 716 2039 ,
735 2008 774 2038 εἰς
786 2007 817 2033 τὸ

24 2055 51 2081 ὲν
64 2054 178 2088 Σικελίᾳ
193 2053 382 2088 Ταυρομένιον
396 2054 508 2089 ἀπαίρει
519 2055 553 2086 ⁸ο,
577 2055 658 2081 κάκεῖ
679 2053 748 2089 φίλῳ
765 2053 818 2080 τινὶ

25 2099 180 2135 τραπεζίτῃ
206 2099 396 2134 παραθέμενος
417 2100 447 2126 τὸ
479 2100 590 2135 χρυσίον
613 2100 699 2127 οἴκαδ’
728 2100 816 2128 ἔπλει.

26 2144 93 2172 Εἶτα
116 2138 265 2171 δεδούλωτό
290 2145 338 2179 μὲν
359 2145 480 2181 Μίλητος
494 2145 589 2182 Κύρῳ,
604 2146 689 2173 δεινὸν
704 2146 727 2172 δ’
741 2145 818 2172 οὐδὲν

27 2190 90 2218 ἄλλο
101 2187 140 2216 ὧν
158 2191 304 2225 ὑφεωρᾶτο
312 2191 333 2207 ⁵⁸
348 2191 494 2218 ἐπεπόνθει
503 2199 510 2206 ”
524 2192 573 2218 καὶ
587 2194 600 2218 ὀ
611 2192 743 2227 Μιλήσιος
753 2190 820 2227 ἧκεν

26 2237 65 2268 είς
82 2237 273 2272 Ταυρομένιον
298 2238 531 2274 ἀνακομισάμενος
542 2239 566 2255 δ’
591 2239 640 2274 τὴν
658 2247 821 2274 παρακατα-

904 1961 1052 1988 Tricesima
1078 1964 1171 1987 octava
1187 1968 1194 1986 :
1208 1959 1328 1986 Milesius
1353 1957 1476 1992 quidam,
1490 1956 1663 1991 periclitante

869 2007 918 2035 sub
938 2006 1062 2042 Harpago
1088 2005 1151 2041 Cyri
1169 2005 1223 2032 filio
1240 2005 1339 2040 patria,
1367 2003 1591 2033 Tauromenium,
1620 2001 1662 2028 Si-

869 2053 938 2080 ciliae
958 2053 1050 2079 urbem
1076 2051 1269 2086 adnavigavit,
1298 2051 1453 2084 ibidemque
1474 2048 1545 2083 apud
1569 2053 1662 2074 notum

869 2099 1010 2134 quemdam
1026 2098 1183 2133 trapezitam
1199 2105 1266 2125 auro
1282 2096 1415 2130 deposito,
1438 2095 1546 2122 domum
1571 2093 1662 2120 rediit.

871 2145 959 2181 Cyrus
983 2147 1045 2180 post
1073 2145 1131 2172 haec
1157 2143 1278 2171 Miletum
1306 2143 1333 2169 in
1361 2145 1523 2177 potestatem
1549 2139 1661 2173 redegit.

871 2192 993 2227 nihilque
1017 2192 1042 2219 in
1065 2199 1124 2219 eam
1144 2191 1263 2226 gravius,
1290 2194 1319 2216 ut
1341 2191 1496 2215 metuerant
1512 2185 1662 2213 constituit.

872 2236 964 2264 Rediit
980 2237 1071 2271 itaque
1083 2235 1203 2263 Milesius
1221 2233 1444 2265 Tauromenium,
1461 2237 1490 2259 ut
1512 2231 1663 2265 depositum

29 2284 127 2318 θήκην.
146 2283 175 2310 ὐ
192 2283 222 2309 δὲ
237 2284 327 2310 λαϐὼν
343 2285 471 2319 ὁμολογεῖ
487 2285 538 2320 μὲν
552 2284 657 2317 λαϐεῖν,
673 2285 814 2311 διετείνετο

870 2282 936 2309 illud
963 2289 1040 2309 suum
1066 2282 1207 2316 reciperet.
1228 2279 1266 2307 lbi
1281 2279 1432 2306 mensarius
1454 2276 1565 2312 quidem
1582 2276 1663 2310 depo-

28 2329 50 2355 δ’
63 2329 282 2357 ἀποδεδωκέναι.
307 2330 351 2362 Ὠς
366 2331 394 2357 δὲ
409 2331 477 2365 μετὰ
493 2331 594 2366 πολλὴν
609 2331 666 2366 ἔριν
684 2331 731 2357 καὶ
744 2329 821 2364 λογο-

30 2377 133 2410 μαχίαν
149 2377 163 2402 ὁ
178 2376 312 2410 Μιλήσιος
326 2377 366 2408 εἰς
381 2377 462 2411 ὅρκον
475 2377 521 2403 τὸν
535 2376 679 2403 ἀδικοῦντα
698 2375 761 2412 [230
775 2375 821 2411 ll.]

29 2422 222 2457 προύκαλεῖτο,
236 2423 250 2449 ὁ
263 2422 431 2458 τραπεζίτης
448 2424 603 2458 μηχανᾶται
620 2423 734 2449 τοιόνδε”
746 2422 822 2458 Νάρ-

31 2468 103 2503 θηκα
132 2469 263 2500 κοιλάνας
290 2469 416 2504 καθάπερ
439 2469 521 2496 αὐλὸν
549 2469 598 2496 καὶ
615 2470 748 2503 συντήξας
772 2470 822 2503 τὴν

29 2513 196 2548 παραθήκην
204 2514 228 2530 ⁸³
243 2513 283 2549 τῷ
299 2513 418 2549 νάρθηκι
446 2514 524 2549 ἐγχεῖ
549 2514 596 2541 καὶ
619 2514 799 2549 ἀσφαλίζεται
812 2522 819 2529 ο

876 2329 959 2357 situm
991 2328 1131 2362 accepisse
1155 2334 1208 2354 non
1235 2325 1402 2360 abnegabat,
1433 2323 1480 2351 sed
1515 2321 1664 2350 reddidisse

876 2374 1068 2402 contendebat.
1083 2373 1192 2401 Utvero
1212 2372 1343 2402 Milesius,
1366 2374 1425 2405 post
1440 2368 1539 2396 multas
1556 2368 1663 2395 tandem

878 2422 953 2450 rixas
967 2426 1049 2456 atque
1063 2419 1263 2451 contentiones,
1278 2418 1311 2445 ad
1322 2416 1512 2452 jusjurandum
1528 2414 1663 2441 hominem

877 2468 977 2502 adegit,
991 2466 1119 2500 trapezita
1133 2465 1186 2492 tale
1199 2464 1262 2499 quid
1277 2463 1449 2490 machinatus
1464 2466 1522 2488 est:
1539 2459 1664 2487 Ferulam

878 2514 950 2541 tibiae
975 2514 1061 2540 instar
1088 2519 1234 2544 excavans,
1257 2511 1282 2538 in
1307 2516 1394 2545 eaque
1417 2507 1567 2543 depositum
1581 2506 1666 2541 liqut.¥

672 2569 786 2597 VARle
803 2568 1007 2597 LECTIONES.

64 2616 90 2632 “
103 2615 234 2659 ’Πηλιέων
261 2624 306 2659 g.“
317 2616 423 2659 ἐνθένδε
452 2616 572 2659 ilcynius
586 2626 592 2644 :
611 2616 678 2659 libri
690 2617 821 2659 negas.“
831 2616 853 2632 “
871 2616 1042 2659 Σπαρτιαταξ
1055 2623 1086 2647 ς.
1122 2613 1146 2659 δῖ
1159 2614 1224 2659 τοῖς,
1232 2611 1388 2659 περιοίκοιε
1505 2619 1560 2659 ςιη
1613 2617 1666 2643 μη-

30 2644 200 2685 χανούμένον
215 2659 247 2682 ς.
265 2644 308 2667 ’⁸⁵
325 2652 396 2687 πρός
408 2653 430 2678 Δ
446 2661 453 2679 :
482 2644 528 2679 καί
542 2660 572 2684 ς.
611 2652 635 2668 δ’
648 2652 702 2687 γὰρ
728 2652 750 2678 A
769 2661 775 2679 :
794 2652 823 2678 δέ
841 2660 870 2683 ς.
899 2644 956 2682 τοῖς
980 2644 1109 2685 Ἕλλησιν
1126 2650 1148 2675 Δ
1171 2658 1178 2675 :
1194 2644 1286 2679 αὐτοῖς
1304 2655 1334 2678 ς.
1359 2646 1396 2674 cf.
1413 2644 1519 2673 Muller.
1537 2644 1666 2672 Orchom.

31 2694 57 2714 ιι.
74 2686 140 2714 21⁵1.
179 2685 204 2701 ⁸⁸
216 2687 315 2714 ’Λοεοσ
331 2695 362 2714 ς’.
400 2687 481 2714 "sitv
497 2687 549 2714 γῆν
565 2686 696 2714 ﬂevnins.
708 2693 791 2714 recte.
805 2688 856 2713 nisi
870 2687 1010 2714 legendum
1025 2686 1139 2714 ἀνιέναι.
1164 2684 1183 2710 i.
1207 2691 1232 2710 e.
1256 2682 1373 2714 prodire.
1411 2681 1434 2697 ⁵⁸
1450 2681 1500 2714 μὲν
1522 2678 1569 2706 οὖν
1585 2679 1619 2705 Κ.
1636 2687 1666 2710 ς.

31 2694 57 2718 ιι·
74 2686 140 2718 217-
179 2686 204 2701 ⁸⁸
216 2687 315 2723 ’Λρεος
331 2686 362 2719 ς’),
400 2688 422 2702 "
432 2687 481 2723 τὴν
497 2687 549 2722 γῆν
565 2686 696 2723 ﬂeynins,
708 2693 791 2718 recte,
805 2688 856 2713 nisi
870 2687 1010 2721 legendum
1025 2686 1139 2717 ἀνιέναι,
1164 2686 1183 2710 i.
1207 2691 1232 2710 e.
1256 2686 1373 2718 prodire.
1411 2686 1434 2697 ⁵⁵
1450 2686 1500 2716 μεν
1522 2686 1569 2720 ουν
1585 2686 1619 2705 λ.
1636 2687 1666 2710 ς.

31 2720 52 2736 ⁸⁸
66 2721 205 2756 οἰκήσεως
229 2721 262 2749 Δ.
300 2722 324 2738 '°
349 2722 432 2758 ἀπῄει
455 2731 486 2755 ς.
523 2723 546 2738 ⁸³
568 2723 698 2758 ὑφωρᾶτο
729 2731 759 2754 ς.
798 2723 821 2738 ⁵¹
838 2721 1076 2756 ἀνακομισάμενος
1095 2728 1127 2752 ς.
1164 2719 1188 2735 ⁸³
1211 2717 1449 2754 παρακαταθήκην
1475 2714 1570 2751 gap]
1581 2715 1615 2750 τῇ
1633 2716 1666 2741 Λ.

798 2770 913 2800 NOT/E.

68 2815 126 2850 (55)
141 2815 290 2852 Cycladum
308 2824 360 2845 una
375 2817 470 2853 Steph.
489 2825 552 2846 cum
578 2817 699 2853 ejusdem
716 2818 834 2846 nominis
888 2818 948 2850 init,
963 2816 1093 2853 Stephan.
1115 2816 1230 2853 Tagum
1245 2819 1382 2853 gemmato
1396 2811 1601 2853 sibilonprofert.

35 2867 127 2922 ωἴξϐ)
142 2886 392 2923 Apoﬂothasum
404 2887 521 2924 Neptuni
539 2889 623 2918 ﬁlium
640 2888 723 2923 facit,
738 2889 786 2918 lib.
803 2897 832 2917 ιιι

924 2848 979 2888 (37)
991 2848 1028 2879 De
1041 2852 1143 2880 Cadmo
1154 2848 1271 2888 Pausan.
1287 2850 1424 2888 legendus
1434 2849 1460 2888 in
1474 2848 1582 2876 Boeotis.

925 2884 981 2924 {38)
994 2888 1112 2917 Pausau.
1131 2888 1191 2917 init.
1209 2884 1327 2914 Bmatic.’
1338 2891 1366 2914 et
1382 2884 1456 2912 alibi.
