1923 3091
269 159 326 190 575

269 213 370 242 factum
389 210 544 241 infundens,
569 208 653 244 probe
675 208 800 236 obturat.
820 208 959 236 Accedens
977 207 1058 242 igitur
1071 205 1097 235 A

270 257 468 291 adjurandum.
487 256 631 288 ferensque
646 261 694 289 pro
705 253 826 287 scipione
841 253 965 285 ferulam,
982 252 1059 287 quasi

270 304 384 339 pedibus
394 310 464 337 aeger
478 309 511 329 ea
526 292 699 328 fulciebatur.
716 299 868 334 Antequam
885 304 972 326 tamen
983 298 1060 331 jura-

271 355 323 381 rel,
334 348 438 376 Milesio
450 347 500 375 sibi
510 347 622 378 astanti,
635 345 718 373 veluti
728 353 790 372 mox
805 345 968 380 repetiturus
977 352 1060 371 aruu-

272 396 361 422 dinem
373 394 493 421 tradidit.
503 393 540 420 lta
556 394 618 419 dum
633 391 757 419 manibus
770 390 881 418 sublatis
903 390 1019 424 dejerat,
1031 396 1061 416 se

272 441 422 475 depositum
430 440 546 471 eidem,a
554 445 608 473 quo
616 438 773 471 accepisset,
779 435 1060 468 reddidissc,Milesius

274 486 416 520 indignans
429 485 588 511 arundinem
602 483 724 517 projecit,
738 481 818 508 simul
828 482 908 508 etiam
923 481 1061 508 hominum

273 532 353 559 fidem
369 531 501 559 defecisse
513 530 642 557 clamans.
658 529 725 556 Tum
733 528 818 555 fracta
831 526 964 554 arundine
975 526 1062 554 oculis

274 578 355 604 etiam
371 578 457 612 patuit
472 577 649 612 compositum
665 575 729 602 illud
740 575 798 602 auri
810 581 891 601 causa
901 573 1060 608 perjurium.

275 624 394 651 Milesius
408 624 498 658 itaque
511 630 606 649 aurum
627 622 677 649 sibi
695 628 773 648 suum
786 620 933 647 vindicavit
950 629 957 647 :
973 624 1064 653 trape-

275 670 329 696 zita
343 677 407 696 vero
425 677 478 703 pra:
490 668 664 700 verecundia,
682 672 710 693 et
728 666 798 702 quod
815 666 954 700 improbus
970 672 1062 692 coram

276 713 400 741 omnibus
409 713 640 748 deprchenderetu
646 721 667 745 r,
677 712 773 747 laqueo
785 712 868 739 vitam
880 711 932 739 sibi
945 710 1062 745 abrupit.

312 803 460 830 Tricesima
473 809 554 829 nona.
575 801 725 829 Melanthus
743 808 776 828 ex
792 807 890 835 genere
909 799 960 826 fuit
975 799 1065 826 Elida-

277 857 348 882 rutn,
372 849 467 884 138b
488 849 534 883 qui
552 848 617 883 Pylo
633 853 661 875 et
677 847 808 875 Messanae
829 846 884 880 jam
900 846 962 873 inde
980 854 994 873 a
1010 845 1064 872 Ne-

277 878 362 929 ptuno
372 878 550 928 ﬁrmandi”.
565 878 642 919 illinc
653 900 714 919 cum
728 878 878 919 Heraclida:
887 892 1063 926 expulissent,
1078 878 1102 908 Β

278 939 362 966 armis
388 939 498 972 regione
521 938 598 973 potiti
625 942 698 966 sunt.
715 937 762 964 Ille
775 937 896 964 Athenas
919 944 1014 963 versus
1030 943 1064 963 ex

277 985 387 1012 oraculo
401 985 536 1015 discessit,
556 984 721 1018 civitateque
739 983 864 1015 donatus,
876 983 973 1011 claruit
986 983 1022 1010 ibi
1037 983 1063 1010 in

276 1031 379 1065 paucis.
400 1031 506 1058 Accidit
523 1035 612 1057 autem
631 1035 661 1057 ut
676 1029 856 1056 Athenienses
878 1037 939 1056 cum
961 1029 1064 1057 Boeotis

277 1084 359 1111 super
374 1075 468 1103 ()Enoe
488 1076 543 1112 (59)
565 1075 664 1103 bellum
682 1079 816 1110 gererent,
839 1075 993 1109 placuitque
1007 1075 1065 1102 sin-

277 1121 361 1155 gulari
385 1129 476 1155 regum
497 1120 646 1148 certamine
671 1120 744 1148 litem
760 1121 861 1148 dirimi.
882 1120 919 1148 lbi
938 1121 1065 1156 Thymm-

278 1172 318 1194 les
344 1167 412 1203 (40),
431 1167 474 1201 qui
494 1172 551 1194 tum
577 1167 690 1195 Athenis
710 1167 851 1202 regnabat,
873 1168 989 1195 duellum
1009 1168 1065 1196 for-

277 1213 400 1245 midans,
428 1220 511 1248 regno
537 1214 617 1240 etiam
648 1213 731 1240 eessit
752 1213 789 1246 ei,
820 1214 973 1248 quicunque
1002 1222 1062 1242 cum

276 1258 386 1285 Xantho
408 1258 564 1286 Boeotorum
582 1266 644 1293 rege
660 1259 791 1286 dimicare
807 1258 898 1286 vellet.
911 1259 1064 1287 Melanthus

277 1305 366 1339 itaque
375 1304 449 1340 regni
459 1304 571 1338 praemio
583 1304 722 1337 invitatus,
734 1305 868 1338 pugnandi
880 1305 1064 1333 conditionem

277 1351 386 1384 accipit,
412 1356 439 1377 et
467 1355 546 1384 pacta
561 1351 753 1378 coniiciuntur.
773 1349 822 1377 Ubi
840 1351 872 1377 ad
889 1358 985 1379 manus
1000 1359 1065 1378 ven-

278 1400 332 1422 tum
342 1401 394 1429 est,
404 1396 468 1423 vidit
477 1395 629 1423 Melanthus
639 1397 724 1423 visum
734 1396 868 1431 quoddam
879 1396 1007 1424 imberbis
1015 1397 1064 1424 viri

276 1443 368 1476 specie
382 1442 519 1469 Xanthum
533 1443 622 1477 sequi.
641 1441 677 1469 Ut
688 1450 752 1469 vero
767 1442 867 1476 injuste
884 1442 941 1469 ﬁeri
959 1442 1004 1469 ille
1017 1450 1065 1470 ex-

277 1487 417 1520 clamavit,
433 1489 505 1523 quod
523 1495 619 1516 contra
639 1493 717 1523 pacta
735 1488 923 1516 auxiliatorem
939 1489 1066 1516 adduxis-

277 1536 330 1565 set,
361 1531 486 1560 Xanthus
516 1533 583 1560 falso
612 1541 739 1561 sermone
754 1534 888 1566 turbatus,
904 1534 985 1561 vertit
1011 1542 1064 1562 se:

278 1584 361 1612 atque
381 1579 418 1605 ita
433 1579 505 1606 illico
519 1579 672 1607 Melanthus
699 1579 793 1607 lancea
815 1580 955 1614 trajectum
978 1586 1066 1608 trans-

279 1623 356 1650 fodit.
375 1623 422 1652 Sic
447 1633 500 1652 uno
529 1625 678 1652 certamine
707 1624 818 1653 (Enoen
847 1626 1067 1659 Atheniensibus,

279 1670 330 1697 sibi
347 1677 456 1705 regnum
479 1672 633 1707 acquisivit.
648 1670 729 1698 Certe
747 1671 972 1698 Erechthidarum
984 1680 1069 1707 genus

279 1718 312 1744 ad
331 1717 523 1751 Melanthidas,
539 1726 593 1753 quo
618 1718 644 1744 in
658 1725 771 1745 numero
785 1722 812 1745 et
822 1717 927 1745 Codrus
951 1723 1020 1750 erat,
1034 1718 1069 1746 ab

279 1763 332 1791 hoe
349 1765 502 1790 traductum
515 1770 567 1791 est.
583 1763 763 1791 Athenienses
774 1771 839 1790 vero
853 1768 946 1797 postea
961 1763 1069 1792 Baccho

280 1808 452 1837 llelanthida:
468 1810 525 1845 (Η)
545 1817 578 1837 ει
600 1809 711 1837 oraculo
739 1809 831 1836 fanum
851 1809 1026 1842 dedicarunt.
1042 1815 1070 1839 et

280 1855 426 1888 quotannis
442 1863 498 1882 rem
518 1856 638 1882 divinam
655 1855 779 1882 fecerunt
793 1864 800 1882 :
814 1854 874 1883 JoVi
895 1856 1009 1891 insuper
1023 1858 1070 1884 tle-

281 1901 385 1935 ccptori
400 1908 493 1928 sacras
507 1901 618 1928 litantes
627 1901 763 1932 victimas,
778 1901 851 1936 quod
861 1901 888 1928 in
900 1909 991 1937 pugna
1008 1902 1069 1930 dolo

280 1946 398 1972 fuissent
418 1945 458 1973 usi
468 1966 475 1973 .

316 1990 528 2026 Quadragesima
551 1991 664 2019 historia
679 1991 736 2027 (4‘2)
753 1992 787 2019 de
804 1991 976 2020 Andromeda
991 2001 1070 2022 secus

282 2041 385 2070 narrat,
401 2045 482 2072 quam
495 2037 581 2065 Graeci
603 2036 769 2065 fabulantur.
783 2038 856 2066 Duos
871 2038 970 2067 fratres
986 2039 1070 2068 fuisse

283 2082 376 2116 refert,
397 2083 504 2119 Cephea
520 2088 547 2111 et
566 2083 667 2111 Phinea
685 2093 692 2112 :
716 2092 748 2111 ac
764 2085 866 2119 Cephei
890 2086 1001 2120 quidem
1027 2094 1070 2114 re-

281 2137 374 2164 gnum,
392 2129 536 2158 Phtenices
554 2135 647 2165 postea
667 2138 765 2158 nomen
783 2131 923 2166 induisse,
950 2140 1012 2160 cum
1035 2133 1069 2160 ad

280 2183 341 2202 eum
362 2176 433 2203 diem
455 2175 541 2211 Joppe
559 2177 616 2212 (45)
631 2185 645 2204 a
669 2177 805 2204 maritima
823 2178 933 2206 civitate
948 2179 1069 2214 appella-

282 2226 338 2247 tum
365 2220 470 2254 fuisset,
490 2222 672 2257 habuisseque
689 2223 795 2258 imperii
811 2224 942 2251 terminos
961 2232 975 2251 a
998 2225 1066 2252 mari
1083 2229 1105 2257 D

280 2272 375 2294 nostro
390 2268 422 2295 ad
437 2274 496 2295 eam
508 2276 592 2303 usque
603 2269 744 2303 Arabiam,
759 2277 819 2304 qua:
836 2270 869 2297 ad
898 2270 1067 2306 Erythrzeum

280 2321 355 2341 mare
368 2314 495 2356 pertinet.
511 2314 608 2343 Fuisse
623 2316 686 2343 item
706 2316 814 2351 Cepheo
833 2316 930 2351 insigni
946 2318 1068 2352 pulchri-

829 183 831 185 ,
847 150 982 182 PHOTII
993 145 1248 180 PATRIARCH/E
1259 145 1316 175 ΟΡ.

1849 135 1902 167 5ἷῦ

1109 203 1155 230 ἐπὶ
1171 203 1199 229 δὲ
1213 202 1261 229 τὸν
1272 202 1354 236 ὅρκον
1368 198 1457 230 ίὼνδδ.
1473 196 1595 232 κατέχων
1609 196 1646 227 ὡς
1662 192 1816 230 βακτηρίαν
1832 201 1902 226 προ-

1111 249 1193 284 φάσει
1210 247 1299 274 ποδῶν
1308 247 1332 262 ⁵⁵
1354 243 1498 275 ἀσθενείας
1511 264 1518 275 ,
1533 242 1572 277 τῷ
1588 241 1704 276 νάρθηκι
1719 238 1882 274 ὲπηρεὶδετο
1893 246 1901 252 ·

1113 295 1217 331 μέλλων
1240 294 1262 320 δ’
1284 291 1396 326 ὀμνύειν
1412 289 1526 325 πλησίον
1542 287 1640 315 ἑστῶτι
1655 286 1693 321 τῷ
1709 285 1848 320 Μιλησίῳ,
1864 284 1906 315 ὡς

1112 340 1211 367 αὐτίκα
1226 338 1308 365 πάλιν
1335 334 1537 370 ἀναληψόμενος
1549 353 1557 366 ,
1574 333 1618 359 τὸν
1634 331 1759 366 νάρθηκα
1774 330 1906 357 ὲπιδίίω-

1113 394 1167 412 σιν.
1191 385 1235 416 Ὠς
1261 384 1290 411 δὲ
1313 382 1363 414 τὰς
1387 382 1482 417 χεῖρας
1508 378 1633 414 ἀνασχὼν
1660 377 1824 412 κατώμνυτο
1852 376 1906 411 τὴν

1113 429 1350 466 παρακαταθήκην
1366 425 1511 453 ἀποδοῦναι
1523 423 1561 459 τῷ
1584 421 1809 458 παραθεμένῳθί,
1821 429 1907 455 περι-

1113 476 1241 512 παθήσας
1254 475 1268 500 ὁ
1282 474 1416 508 Μιλήσιος
1431 471 1520 507 ῥίπτει
1534 470 1580 497 τὸν
1595 467 1830 504 νάρθηκα-,ἔρρειν
1843 466 1907 500 ἅμα

1114 511 1279 559 ἀνακραγὼν
1293 520 1342 555 τὴν
1356 521 1385 546 ὲν
1410 517 1564 553 ἀνθρώποις
1580 515 1681 542 πίστιν.
1700 513 1755 541 Καὶ
1771 511 1909 559 ὀνάριοηὲ

1114 557 1277 606 ἐρρήγνυτο,
1302 566 1349 593 καὶ
1371 563 1522 600 περιφανὲς
1548 560 1582 597 ἦν
1607 560 1675 595 πρὸς
1696 558 1831 606 τὴννῦψξν

1114 604 1227 652 χρυσίου
1245 615 1275 640 τὸ
1289 613 1410 646 σόφισμα
1424 611 1474 645 τῆς
1494 607 1667 644 ψευδορκίας.
1685 606 1740 652 Kal.
1753 605 1767 630 ὁ
1852 604 1910 652 Mt:

1115 649 1206 698 λήσιος
1217 660 1248 687 τὸ
1263 659 1328 686 ἴδιον
1342 656 1426 692 εἶχεν,
1439 657 1453 682 ὁ
1467 655 1495 681 δὲ
1510 652 1678 689 τραπεζίτης
1691 651 1736 678 ὑπ’
1751 650 1844 681 αἰδοῦς
1859 649 1911 675 καὶ

1115 707 1162 735 τοῦ
1184 705 1348 738 κακίζεσθαι
1367 703 1435 738 πρὸς
1452 700 1581 729 ἁπάντων
1603 698 1694 734 βρόχῳ
1710 697 1758 724 τοῦ
1774 698 1824 732 ζῇν
1841 697 1913 722 ἑαυ-

1114 755 1161 782 τὸν
1179 754 1282 787 ἐξάγει.

1157 800 1190 826 Ἦ
1205 798 1243 825 λθ¹
1258 798 1295 830 ὡς
1303 798 1326 816 ⁸⁷
1339 796 1479 828 Μέλανθος
1489 794 1567 829 γένος
1581 794 1630 830 μὲν
1641 790 1675 828 ἦν
1688 791 1741 818 τῶν
1752 789 1911 824 Νηλειδῶν.

1117 847 1141 874 οἳ
1155 846 1243 873 Πύλου
1258 845 1306 872 καὶ
1320 845 1466 879 Μεσσήνης
1481 842 1535 870 ὰπὸ
1550 839 1718 870 Ποσειδῶνος
1734 836 1911 864 ἐϐασίλευον.

1116 892 1217 920 Τοῦτον
1233 891 1437 926 ἀναστήσαντες
1457 886 1633 923 Ἡρακλεῖδαι
1652 884 1764 919 πολέμῳ
1783 882 1835 917 τὴν
1855 882 1913 916 γῆν

1114 940 1209 975 ἔσχον·
1238 939 1252 965 ὁ
1272 938 1301 965 δὲ
1323 936 1395 964 κατὰ
1411 935 1552 972 χρησμοὺς
1577 930 1711 968 Ἀθήναζε
1734 930 1911 975 ἀφικνεῖται,

1114 974 1163 1012 καῖ
1176 983 1289 1019 πολίτης
1302 982 1418 1017 γίνεται,
1441 980 1488 1007 καὶ
1501 977 1536 1014 ἦν
1557 978 1611 1005 τῶν
1625 976 1800 1012 τιμωμένων.
1824 974 1913 1008 Ἀθη-

1114 1031 1199 1063 ναίοις
1221 1029 1249 1056 δὲ
1274 1029 1322 1056 καὶ
1345 1027 1472 1058 Βοιωτοῖς
1496 1025 1614 1059 πόλεμος
1632 1023 1703 1057 ὑπὲρ
1727 1021 1825 1056 Οἰνόης
1844 1028 1913 1046 συν-

1116 1077 1222 1109 ίστατο,
1242 1075 1317 1111 [448
1340 1073 1385 1110 IL]
1408 1072 1456 1099 καὶ
1480 1071 1567 1098 ἐδόκει
1593 1071 1622 1096 ὲν
1645 1070 1679 1105 τῇ
1696 1068 1750 1094 τῶν
1769 1067 1912 1102 βασιλέων

1116 1121 1270 1158 μονομαχίᾳ
1282 1120 1333 1156 τὴν
1347 1119 1438 1156 κρίσιν
1450 1117 1529 1145 εἶναι.
1547 1115 1686 1151 Θυμοίτης
1702 1113 1751 1150 μὲν
1765 1113 1813 1139 οὖν
1828 1113 1913 1147 βασι-

1114 1169 1200 1195 λεύων
1220 1166 1371 1202 Ἀθηναίων
1387 1164 1515 1192 ἐδεδοίκει
1530 1163 1575 1190 τὸν
1591 1161 1697 1196 ἀγῶνα,
1716 1161 1763 1188 καὶ
1775 1159 1913 1193 ἐξίστατο

1114 1215 1165 1249 τῆς
1189 1213 1328 1249 βασιλείας
1349 1211 1389 1247 τῷ
1413 1210 1567 1246 βουλομένῳ
1597 1207 1817 1236 διακινδυνεῦσαι
1839 1206 1914 1241 πρὸς

1114 1261 1226 1293 Ξάνθον,
1239 1260 1268 1291 ὃς
1296 1258 1456 1286 ἐϐασίλευσε
1469 1255 1605 1283 Βοιωτῶν.
1629 1254 1686 1281 Καὶ
1701 1253 1844 1284 Μέλανθος
1865 1253 1913 1278 ἐπ’

1115 1307 1189 1342 ἄθλῳ
1212 1307 1262 1341 τῆς
1289 1304 1460 1340 βασιλείας⁵⁸
1483 1302 1634 1338 ὑπέρχεται
1660 1300 1704 1327 τὸν
1727 1299 1833 1333 ἀγῶνα,
1862 1299 1914 1325 καὶ

1116 1353 1307 1388 προϐαίνουσιν
1334 1351 1362 1378 αί
1388 1349 1531 1384 συνθῆκαι.
1564 1347 1641 1375 Ἐπεὶ
1663 1347 1685 1373 δ1
1701 1347 1723 1362 ⁵³
1749 1346 1790 1377 είς
1817 1346 1915 1380 μάχην

1115 1395 1195 1433 ἧκον,
1210 1397 1314 1432 καθορᾷ
1327 1397 1340 1422 ὁ
1353 1394 1494 1426 Μέλανθος
1504 1393 1602 1428 φάσμα
1619 1402 1645 1419 τι
1660 1391 1699 1426 τῷ
1713 1390 1810 1425 Ξάνθῳ
1822 1391 1915 1426 ἄνδρα

1116 1444 1250 1478 ἑπόμενον
1263 1442 1396 1477 ἀγένειον.
1416 1441 1461 1472 Ὦς
1473 1440 1495 1467 δ’
1510 1439 1643 1474 ἀνεϐόησε
1658 1438 1696 1473 μὴ
1711 1437 1804 1463 δίκαια
1820 1438 1916 1463 ποιεῖν

1117 1490 1193 1525 παρὰ
1219 1488 1269 1520 τὰς
1295 1487 1433 1522 συνθήκας
1464 1485 1635 1521 ἐπαγόμενον
1644 1485 1666 1500 ⁶⁰
1700 1483 1811 1519 βοηθὸν,
1845 1492 1915 1519 μετ-

1118 1535 1240 1571 εστράφη
1258 1535 1272 1560 ὁ
1286 1533 1387 1565 Ξάνθος
1399 1553 1407 1565 ,
1426 1533 1495 1568 πρὸς
1510 1533 1541 1559 τὸ
1570 1531 1685 1558 ἄπιστον
1701 1530 1748 1557 τοῦ
1762 1530 1846 1564 λόγου
1869 1531 1917 1556 ὲκ-

1119 1581 1250 1615 πλαγείς·
1272 1580 1321 1607 καὶ
1343 1579 1425 1606 αὑτὸν
1445 1578 1527 1610 εὐθὺς
1549 1579 1564 1604 ό
1588 1578 1727 1608 Μέλανθος
1751 1576 1791 1612 τῷ
1817 1577 1916 1612 δόρατι

1118 1627 1208 1663 βαλὼν
1234 1626 1345 1659 κτείνει,
1369 1625 1416 1653 καὶ
1438 1625 1488 1660 τήν
1511 1633 1541 1651 τε
1566 1624 1662 1658 Οἰνόην
1681 1622 1839 1656 Ἀθηναίοις
1870 1624 1918 1649 καὶ

1119 1673 1209 1708 ἐαυτῷ
1225 1672 1274 1708 τὴν
1292 1671 1431 1708 βασιλείαν
1445 1671 1485 1697 ἐνὶ
1495 1671 1710 1706 περιεποιήσατο
1724 1669 1917 1703 ἀγωνίσματι.

1119 1719 1156 1745 Τὸ
1177 1718 1226 1753 μὲν
1247 1718 1279 1752 δὴ
1301 1717 1355 1744 τῶν
1376 1716 1554 1752 Ἐρεχθειδῶν
1565 1716 1587 1732 θ’
1613 1716 1693 1750 γένος
1710 1715 1750 1746 είς
1771 1715 1841 1747 τοὺς
1860 1717 1919 1742 Με-

1119 1765 1254 1796 λανθίδας,
1277 1761 1315 1791 ὧν
1331 1761 1365 1799 ἦν
1380 1763 1428 1790 καὶ
1449 1763 1571 1798 Κόδρος,
1587 1762 1641 1789 ἀπὸ
1654 1762 1751 1789 τούτου
1770 1762 1897 1797 μετέστη
1910 1770 1916 1776 ⁸

1125 1811 1263 1845 Ἀθηναῖοι
1289 1809 1311 1836 δ’
1338 1809 1452 1844 ὕστερον
1478 1807 1599 1843 Διονύσῳ
1622 1807 1778 1842 Μελανθίδῃ
1788 1808 1813 1823 ⁸³
1845 1808 1920 1834 κατὰ

1119 1855 1244 1891 χρησμδν
1262 1855 1333 1890 ἱερὸν
1346 1853 1519 1889 ἱδρυσάμενοι
1530 1853 1641 1880 θύουσιν
1653 1853 1704 1880 ἀνὰ
1719 1853 1773 1879 πᾶν
1785 1852 1863 1885 ἔτος,
1873 1854 1919 1880 καὶ

1119 1902 1158 1938 τῷ
1171 1902 1330 1936 ἀπατουρίῳ
1349 1901 1391 1927 Διὶ
1408 1901 1468 1936 ἱερὰ
1492 1901 1659 1932 ἀνάπτοντες
1671 1919 1679 1932 ,
1702 1900 1743 1926 ὃτι
1767 1899 1868 1932 αὐτοῖς
1890 1902 1919 1926 ἐκ

1123 1949 1169 1984 τῆς
1182 1948 1292 1983 ἀπάτης
1307 1947 1452 1981 ἀγώνισμα
1471 1946 1590 1980 ἐγένετο.

1120 2030 1123 2031 ν
1161 1994 1194 2021 Ἡ
1212 1993 1238 2029 μ’
1256 1993 1362 2029 ἱστορία
1385 1992 1420 2019 τὰ
1436 1993 1501 2026 περὶ
1522 1991 1701 2027 Ἀνδρομέδας
1724 1991 1834 2026 ἱστορεῖ
1859 1992 1919 2018 ἐτέ-

1121 2050 1176 2076 ρως
1200 2041 1248 2075 ἦθ’
1267 2041 1304 2072 ὡς
1328 2041 1342 2066 ὁ
1361 2039 1496 2075 Ἐλλήνων
1514 2039 1611 2074 μῦθος.
1632 2037 1778 2073 ’Δδελφοὺς
1795 2039 1852 2073 μὲν
1865 2040 1920 2074 γὰρ

1119 2088 1166 2114 δύο
1184 2086 1322 2121 γενέσθαι,
1341 2085 1442 2120 Κηφέα
1457 2085 1504 2112 καὶ
1523 2085 1616 2118 Φινέα,
1640 2084 1687 2112 καὶ
1711 2083 1781 2111 εἶναι
1800 2086 1856 2121 τὴν
1874 2086 1920 2112 τοῦ

1119 2134 1238 2170 Κηφέως
1266 2133 1406 2168 βασιλείαν
1431 2133 1492 2159 τότε
1507 2133 1535 2158 ὲν
1550 2133 1583 2167 τῇ
1609 2129 1853 2169 μετονομασθείσῃ
1872 2134 1919 2167 μὲν

1121 2179 1236 2215 ὓστερον
1256 2179 1367 2215 Φοινίκῃ
1379 2198 1386 2210 ,
1400 2179 1552 2213 τηνικαῦτα
1565 2178 1588 2204 δ’
1609 2178 1712 2213 Ἰώππᾳ
1720 2178 1743 2193 ⁸⁸
1755 2178 1814 2204 ἀπὸ
1839 2179 1919 2205 Ἰώπ-

1122 2232 1177 2259 πης
1191 2223 1242 2258 τῆς
1257 2222 1475 2249 ἐπιθαλασσιδίου
1493 2222 1599 2254 πόλεως
1614 2221 1734 2256 τοῦνομα
1747 2221 1877 2259 λαϐούσῃ
1887 2223 1919 2239 ⁶⁵⁴

1122 2271 1170 2298 καὶ
1191 2267 1225 2305 ἦν
1249 2269 1284 2296 τὰ
1307 2269 1357 2303 τῆς
1370 2269 1460 2303 ἀρχῆς
1475 2269 1537 2304 ὅρια
1559 2268 1614 2295 ἀπὸ
1628 2268 1677 2303 τῆς
1701 2267 1858 2303 καθ’ήμᾶς
1874 2270 1920 2296 θα-

1121 2317 1224 2352 λάσσης
1239 2315 1319 2351 μέχρι
1327 2314 1451 2350 Ἀράϐων
1461 2315 1483 2330 ⁸⁸
1495 2313 1550 2342 τῶν
1562 2313 1632 2350 πρὸς
1644 2316 1695 2349 τὴν
1707 2313 1853 2349 Ἐρυθρὰν
1873 2315 1918 2342 θά-

922 2385 1040 2413 ἾΑΒΙΕ
1056 2384 1261 2413 LECTlONES.

315 2427 339 2443 ⁸⁸
355 2426 402 2454 ίὼν
417 2428 464 2455 καὶ
481 2437 544 2456 κατ.

278 2471 308 2503 τιἒ
322 2471 349 2503 I_x
363 2473 370 2490 :
391 2463 452 2491 libri
478 2465 586 2503 aliqum
675 2463 963 2503 utaliinueﬁiﬂaathela.

569 2439 599 2463 ς’.
637 2430 661 2467 ῗῗ
678 2439 762 2465 προφ.
775 2431 825 2465 τῆς
847 2432 901 2460 τῶν
930 2433 1021 2459 ποδῶν
1036 2441 1067 2464 ς,
1106 2433 1129 2449 ⁸⁸
1141 2431 1314 2467 περιθεμένῳ
1328 2439 1358 2462 ς.

1015 2468 1038 2484 ⁸³
1058 2468 1151 2501 ἐπειδὴ
1167 2464 1196 2499 ἑ.
1240 2464 1263 2483 ιθ
1275 2464 1444 2499 ἐτταγόμενος
1457 2467 1492 2501 νΔ.
1513 2464 1734 2501 Η⁶¹ηῈρεχθίδων
1757 2465 1779 2501 ᾼ
1800 2474 1808 2492 :
1838 2467 1917 2501 Ἐρε-

1396 2430 1419 2446 ⁵⁷
1432 2429 1470 2462 ὡς
1484 2437 1537 2456 om.
1564 2431 1597 2457 A.
1618 2429 1758 2463 Νηλειδῶν
1783 2429 1918 2458 Leichins

278 2495 476 2539 χ-οούντων
490 2495 676 2539 θίΜελωνθιδι
733 2535 739 2539 _
759 2501 783 2539 ξδ’
869 2504 915 2539 καί
930 2497 962 2530 Ᾱ.
984 2507 1044 2537 post
1058 2495 1258 2539 γενέσθαιοιιηι
1270 2503 1292 2528 A
1303 2495 1382 2529 omisi
1395 2495 1471 2534 φασί.
1510 2499 1533 2516 ⁸⁸
1550 2500 1573 2527 δ’
1589 2495 1685 2536 Torsit;
1701 2501 1725 2527 A
1739 2509 1747 2527 :
1762 2500 1799 2527 δι’
1812 2495 1916 2532 ϐπσίς.

277 2534 398 2568 lleynius
419 2534 442 2561 δ’
460 2534 553 2570 Ἰοπίᾳ.
572 2535 636 2571 ἀπὸ]
655 2535 669 2562 ὃ
684 2535 740 2562 ἀπό
750 2536 784 2564 Α.
808 2534 990 2573 ’πλαϐούσης
999 2539 1033 2565 Α.
1064 2534 1092 2554 ’⁸⁵
1111 2537 1251 2574 Ἀρῤἀϐων
1264 2546 1294 2569 ς,

1018 2587 1134 2616 ΝΟΤέΕ.

314 2631 370 2668 (59)
388 2630 458 2668 ῌερὶ
469 2630 608 2668 Κελαινῶν
624 2631 700 2668 suld.
712 2637 741 2660 et
754 2633 870 2668 Polyaen.

313 2667 369 2702 (40)
387 2665 513 2702 οδιιιιιιαξ
526 2665 598 2702 ﬁlius
613 2667 658 2700 qui
674 2665 827 2702 postremus
839 2669 872 2696 de
882 2667 1007 2697 Thesidis
1027 2678 1068 2696 re-

279 2700 382 2738 gnavit.
409 2700 661 2738 [’attsati._(joriiith.
674 2700 797 2738 ‘Attingit
811 2712 918 2738 quoque
934 2705 1004 2731 hanc
1025 2705 1067 2731 hi-

278 2735 391 2763 gloriam
408 2736 507 2762 Strabo
523 2735 567 2763 lib.
583 2744 609 2763 ix
626 2737 684 2765 inil.
700 2743 727 2764 et
751 2735 867 2766 maxime
877 2735 957 2766 Βιιίἀ.
981 2740 1067 2766 Ἀπα-

278 2771 386 2815 Ξουρίᾳῖ
404 2770 504 2815 litterp.
521 2771 660 2815 Aristoph.
675 2772 793 2809 Polyam.
816 2775 853 2802 lib
867 2782 886 2807 ι,
902 2774 1066 2810 Stratagem.

279 2805 401 2841 Frontini.
416 2805 462 2832 lib.
483 2814 513 2838 ιι,
535 2814 596 2841 cap.
615 2807 640 2834 5.

316 2840 372 2880 (ei)
385 2840 483 2867 Suidas
491 2849 558 2869 voce
566 2840 720 2880 ἆπατουρία
728 2843 884 2880 Dionysium
897 2846 969 2872 hunc
981 2845 1066 2880 μελα-

279 2876 387 2911 ναίγιδα
399 2881 478 2905 vocat
491 2884 525 2906 ex
533 2885 565 2906 co
571 2879 643 2914 quod
650 2876 754 2915 τραγῆν
767 2876 812 2916 ὲνή
818 2880 918 2916 μμένος
933 2876 1063 2916 μέλαιναν

1115 2634 1190 2660 visus
1213 2631 1258 2659 ille
1284 2635 1346 2665 post
1359 2630 1497 2658 Xanthum
1520 2629 1688 2664 apparuerit.
1707 2629 1799 2663 Hujus
1824 2636 1913 2659 tamen

1117 2668 1213 2695 Bacchi
1225 2668 1308 2695 aedem
1320 2666 1437 2693 Pausan.
1451 2666 1476 2692 in
1487 2665 1649 2693 Corinthiac.
1664 2667 1734 2701 apud
1750 2665 1913 2694 Trtezenios

1115 2703 1221 2731 statuit.

1150 2738 1207 2772 (42)
1226 2737 1292 2765 Vide
1315 2735 1451 2772 Hyginum
1471 2735 1673 2772 Apollodorum,
1712 2735 1911 2772 etAinterpret.

1116 2770 1241 2807 Apollon.
1253 2770 1432 2807 Arati,'atqne
1441 2770 1574 2806 Lycophr.
1596 2771 1676 2798 Ovid.
1700 2778 1720 2807 ξ
1729 2770 1910 2806 Metamorph.

1149 2807 1206 2842 (45)
1224 2807 1407 2842 Straboihanc
1426 2805 1491 2833 item
1504 2807 1665 2842 sententiam
1683 2805 1762 2833 aﬂert
1777 2807 1829 2835 lib.
1854 2813 1911 2838 1.6!

1115 2843 1212 2870 iterum
1233 2849 1297 2876 xvr;
1323 2841 1425 2870 Plinius
1454 2849 1572 2877 quoque,
1591 2841 1708 2869 Pausan.
1735 2850 1767 2870 ac
1789 2843 1911 2877 plerique

1116 2885 1220 2908 omnes.
