1923 3091
24 170 74 201 5T1

545 171 808 202 BIBLIOTHECA.
828 172 953 203 -COD.
972 173 1150 203 CLXXXVI.

1610 174 1661 205 578

25 225 131 251 lace-av
143 223 314 260 ᾠκημένων.
331 221 408 252 Εἶναι
426 224 454 252 δὲ
466 223 506 260 τῷ
520 225 612 261 Κηφεῖ
624 226 672 253 καὶ
686 227 822 263 θυγατέρα

878 228 970 255 tudine
987 228 1069 255 tiliam
1095 227 1307 260 Andromedam,
1328 236 1409 263 quam
1424 229 1499 264 proci
1514 229 1661 262 ambirent,

25 271 98 298 πάνυ
109 270 197 306 καλὴν
212 271 405 306 ’Δνδρομέδαν,
421 271 469 299 καὶ
482 272 567 306 αὐτὴν
582 272 701 307 μνᾶσθαι
711 273 823 301 Φοίνικά

25 325 54 342 τε
71 316 122 343 καὶ
137 317 184 343 τὸν
196 316 312 351 ἀδελφὸν
332 317 452 352 Κηφέως
463 317 556 345 Φινέα.
572 319 686 353 Κηφεὺς
704 319 732 346 δὲ
753 320 824 355 μετὰ

26 362 143 394 πολλοὺς
157 363 222 394 τοὺς
239 362 282 397 ἐφ’
300 363 423 399 ἑκατέρῳ
438 362 498 399 [251
514 363 560 400 H.]
585 363 734 400 λογισμοὺς
752 366 823 400 ἔγνω

25 408 122 435 δοῦναι
146 409 197 444 μὲν
213 409 328 442 Φοίνικι,
354 409 466 444 ἁρπαγῇ
487 409 516 436 δὲ
539 408 587 436 τοῦ
616 411 772 446 μνηστῆρος
792 412 824 438 τὸ

26 454 113 480 αὑτοῦ
137 455 263 482 ἑκούσιον
287 455 496 491 ἀποκρύπτειν·
517 456 565 483 καὶ
591 456 745 490 ἁρπάζεται
769 459 824 485 ἀπό

25 510 100 532 τινος
116 502 225 536 νησῖδος
238 503 287 537 ἐρή
293 511 343 536 μου
355 503 371 537 ὴ
390 502 564 538 Ἀνδρομέδα,
578 504 608 531 ὲν
622 500 645 538 ᾦ
660 504 751 531 εἰώθει
769 506 824 532 ἁπ-

27 548 107 574 ιοῦσα
122 547 223 579 θυσίας
235 549 268 583 τῇ
292 548 438 584 Ἀφροδίτῃ
456 548 541 575 θύειν.
557 549 681 582 Φοίνικος
695 550 719 577 δ’
735 551 824 586 ἀρπά-

28 602 129 625 σαντος
150 593 196 629 νηῒ
220 594 331 629 (Κῆτος
355 594 378 620 δ’
401 595 470 630 αὕτη
492 595 636 628 ἐκαλεῖτο,
663 596 680 632 ἢ
707 597 824 633 μίμησιν

25 640 130 674 ἔχουσα
145 640 193 666 τοῦ
208 640 280 672 ζώου
292 641 309 676 ἢ
321 641 368 668 καὶ
376 641 398 657 ⁸⁷
413 642 485 668 κατὰ
500 642 598 678 τύχην)
613 644 630 678 ἡ
645 643 822 680 Ἀνδρομέδα,

25 686 63 718 ὡς
82 687 156 712 κατὰ
171 686 285 720 ἄγνοιαν
309 687 356 714 τοῦ
381 688 484 723 πατρὸς
501 689 682 725 ἁρπαζομένη
697 710 704 724 ,
720 691 823 718 ἀνωλο-

24 732 136 768 φύρατό
149 741 182 760 τε
197 733 244 760 καὶ
262 733 321 769 μετ’
343 734 469 770 οἰμωγῆς
493 735 557 767 τοὺς
574 735 758 772 βοηθήσοντας
778 739 824 764 ἁν-

25 780 166 806 εκαλεῖτο.
187 781 313 815 Περσεὺς
327 780 350 807 δ’
364 781 378 807 ὁ
393 782 501 817 Δανάης
517 783 589 810 κατὰ
605 783 720 819 δαίμονα
734 793 824 820 παρα-

25 826 118 852 πλέων
134 826 262 862 κατίσχει
273 846 280 859 ,
297 827 344 854 καὶ
358 827 428 863 πρὸς
440 828 490 864 τὴν
507 828 621 865 πρώτην
633 829 694 865 ὄψιν
707 831 757 866 τῆς
775 832 822 858 κό-

26 882 77 908 ρης
92 873 180 908 οἴκτῳ
193 874 240 900 καὶ
253 873 336 909 ἔρωτι
353 874 493 910 συσχεθεὶς
507 877 538 902 τύ
551 885 580 902 τε
596 877 698 909 πλοῖον,
711 877 744 903 τὸ
760 878 820 912 Κῆ-

23 928 82 950 τος,
96 919 265 954 διαφθείρει,
290 920 338 946 καὶ
354 920 416 951 τοὺς
433 921 631 955 ὲμτινλέοντας⁸Θ
647 922 700 949 ὑπδ
714 923 820 959 ἐκπλή-

24 965 95 997 ξεως
121 965 205 1000 μόνον
227 965 288 1000 οὐχὶ
321 965 485 999 λιθωθέντας
513 968 632 1003 ἀναιρεῖ.
661 969 715 995 Καὶ
742 969 822 996 τοῦτο

25 1009 145 1045 Ἕλλησι
155 1010 188 1036 τὺ
202 1011 249 1037 τοῦ
268 1010 352 1046 μύθου
368 1012 459 1046 Κῆτος
477 1013 524 1039 καὶ
540 1014 564 1040 οι
579 1013 713 1048 παγέντες
725 1015 765 1047 εἰς
780 1015 822 1042 λί-

25 1055 92 1087 θους
107 1055 252 1091 ἂνθρωποι
268 1056 346 1091 τῆς⁶⁹
363 1057 496 1092 Γοργόνος
510 1060 544 1094 τῇ
567 1059 685 1095 κεφαλῇ,
708 1060 823 1095 Ἀγεται

23 1100 45 1125 δ’
62 1098 113 1126 οὖν
135 1102 257 1134 γυναῖκα
276 1100 325 1136 τὴν
345 1101 536 1136 Ἀνδρομέδαν,
560 1103 608 1129 καὶ
631 1103 734 1138 οἴχεται
754 1103 823 1139 αὑτὴ

26 1146 212 1181 συμπλέουσα
232 1147 271 1178 εἰς
286 1147 334 1182 τὴν
357 1147 470 1174 Ἐλλάδα
484 1148 524 1184 τῷ
538 1149 640 1184 Περσεῖ
655 1169 663 1183 ,
681 1150 727 1177 καὶ¹
747 1150 825 1186 βασι-

26 1194 157 1225 λεύοντος
170 1195 201 1221 τὸ
218 1194 321 1230 Ἀργος
333 1195 460 1222 οἰκεῖται.

64 1281 99 1307 Ἦ
114 1283 161 1315 μα’
174 1280 213 1312 ὡς
230 1280 392 1317 ’Ἄντανδρον
416 1281 531 1318 ᾤκησαν
553 1283 699 1318 Πελασγοὶ,
714 1285 773 1312 ἀλλ’
785 1285 824 1318 ὡς

26 1326 76 1362 μὲν
89 1327 162 1355 ἔνιοί,
181 1335 266 1361 φασι,
282 1327 372 1359 δόντος
390 1329 483 1360 αὐτοῖς
494 1329 639 1358 ’Λσκανίου
652 1331 751 1366 λύθρον
765 1331 824 1358 ἀνθ’

24 1372 122 1404 αὐτοῦ,
152 1373 214 1398 ἐπεὶ
231 1373 329 1408 ἐνέδρᾳ
345 1373 499 1410 συνελήφθη
517 1375 564 1402 ὑπ’
576 1376 677 1408 αὐτῶν,
698 1378 747 1404 καὶ¹
759 1379 826 1404 ἀπο-

24 1417 171 1448 λυθέντος⁶
196 1417 236 1444 διὸ
251 1419 299 1444 καὶ
319 1418 491 1454 Ἄντανδρος,
506 1420 547 1447 ὅτι
570 1421 630 1448 ἀντὶ
651 1422 710 1454 ἑνὸς
730 1423 826 1458 ἀνδρὸς

23 1464 124 1490 ἔλαϐον
143 1464 233 1492 πόλιν.
243 1464 272 1491 '0
282 1465 305 1484 7°
321 1464 344 1490 δ’
359 1465 501 1498 Ἀσκάνιος
516 1466 574 1499 υἱὸς
592 1468 641 1502 μὲν
655 1466 690 1504 ἦν
706 1470 825 1503 Αἰνείου,

24 1511 99 1545 μετὰ
113 1511 144 1537 δὲ
159 1511 259 1545 Τροίας
279 1511 379 1538 ἅλωσιν
393 1512 568 1540 ἐϐασίλευσεν
581 1514 663 1550 Ἴδης.
682 1516 714 1542 Ol
726 1516 755 1543 δέ
775 1525 827 1551 φα-

874 274 988 302 thnix
1024 274 1156 309 quidam,
1191 280 1219 301 et
1251 274 1308 308 ipse
1342 275 1441 310 Cephei
1484 276 1567 303 frater
1601 277 1664 304 Phi-

874 328 953 348 neus.
982 320 1017 347 At
1042 319 1179 355 Cepheum
1212 326 1352 355 postquam
1390 322 1465 348 varia
1485 321 1519 349 de
1548 327 1664 356 utroque

874 373 965 394 secum
979 366 1037 400 ipse
1050 366 1261 399 considerasset,
1282 365 1404 394 Pltmnici
1422 368 1529 395 tandem
1546 368 1664 401 despon-

874 412 938 439 dere
948 411 1029 438 tiliam
1042 412 1181 444 statuisse,
1193 419 1225 438 ac
1239 420 1287 447 per
1299 413 1360 440 tilia:
1372 418 1477 448 raptum
1492 415 1664 441 consentien-

876 462 928 484 tem
952 464 1028 483 suam
1062 456 1226 484 voluntatem
1251 457 1389 490 obtegere.
1415 458 1559 493 Abreptam
1581 458 1664 493 igitur

875 502 959 529 fuisse
975 510 1008 529 ex
1025 502 1130 530 deserta
1149 503 1265 537 quadam
1287 503 1375 530 insula
1393 504 1605 536 Andromedam,
1635 505 1662 530 in

874 556 955 583 quam
978 549 1078 576 soleret
1103 548 1200 576 Veneri
1228 549 1361 577 sacriﬁcia
1376 550 1499 577 oblatura
1524 550 1660 578 secedere.

874 593 912 621 Ita
932 601 994 621 cum
1016 593 1156 622 Phrenicis
1175 595 1255 630 hujus
1272 595 1402 628 rapientis
1418 595 1479 622 navi
1499 596 1570 630 (qua:
1582 596 1664 624 Cetus

874 640 945 667 dicta
959 645 1009 673 est,
1029 640 1086 667 sive
1098 647 1114 666 a
1132 640 1214 674 piscis
1230 640 1300 667 illius
1321 641 1505 674 similitudine,
1524 642 1581 669 sive
1599 649 1662 669 casu

875 685 976 722 aliquo)
1008 686 1184 714 Andromeda
1236 686 1333 722 139a
1371 692 1498 722 tanquam
1530 689 1665 716 insciente

874 739 952 768 patre
977 733 1150 766 avelleretur,
1177 734 1277 761 misere
1301 742 1359 760 eam
1386 734 1513 769 ejulasse,
1533 743 1665 770 opemque

875 787 936 806 cum
949 779 1075 815 lacrymis
1089 780 1239 808 invocasse.
1250 781 1290 807 Ad
1305 788 1335 808 ea
1346 781 1474 809 Perseum
1487 782 1544 817 (44)
1560 782 1665 810 Danaes

875 824 959 852 ﬁlium
995 826 1065 853 forte
1088 825 1196 853 fortuna
1226 828 1518 863 praeternavigantem,
1553 836 1662 856 cursum

875 871 1027 899 inhibuisse
1043 881 1050 899 :
1071 872 1212 908 primoque
1232 881 1294 900 mox
1319 874 1413 908 puella:
1428 881 1549 908 aspectu.
1565 876 1664 909 pietate

873 917 963 948 simul.
982 923 1009 945 et
1032 926 1123 946 amore
1139 924 1245 954 captum
1262 928 1269 947 :
1287 924 1342 947 tum
1360 921 1498 955 navigium
1521 921 1585 948 illud
1605 921 1664 949 Ceti

873 964 983 991 nomine
1006 972 1196 1002 expugnasse,
1221 971 1249 994 et
1277 972 1401 995 vectores
1429 973 1532 995 tantum
1556 976 1609 996 non
1637 969 1664 996 in

873 1011 975 1045 lapides
996 1019 1051 1045 prae
1076 1018 1147 1039 metu
1172 1020 1263 1041 versos
1278 1033 1286 1047 ,
1318 1014 1462 1042 occidisse.
1484 1015 1572 1049 Atque
1594 1015 1664 1042 hunc

874 1057 948 1084 illum
973 1065 1035 1084 esse
1064 1057 1165 1085 Graecae
1189 1058 1286 1087 fabulae
1313 1059 1419 1092 Cetum,
1453 1060 1503 1088 hos
1530 1061 1664 1093 homines,

874 1102 1007 1137 Gorgonis
1027 1103 1085 1139 (45)
1100 1104 1157 1131 viso
1165 1105 1261 1139 capite,
1275 1105 1301 1132 in
1318 1113 1383 1133 saxa
1397 1111 1523 1134 mutatos.
1536 1107 1664 1134 Perseum

874 1148 957 1183 igitur
968 1149 1170 1178 Androtnedam
1183 1159 1295 1179 uxorem
1310 1153 1460 1187 accepisse,
1477 1161 1622 1189 secumque
1638 1155 1664 1180 in

875 1193 1008 1222 Graaciatn
1026 1196 1132 1231 navigio
1141 1197 1258 1230 vexisse,
1274 1202 1356 1233 atque
1367 1200 1453 1233 Argos
1466 1199 1517 1227 sub
1531 1199 1602 1227 illius
1620 1201 1667 1227 int-

875 1241 950 1275 perio
967 1241 1084 1269 habitari
1095 1247 1225 1277 coeptum.

910 1286 1124 1322 Quadragesima
1149 1290 1236 1324 prima
1272 1298 1279 1317 :
1311 1289 1479 1318 Antandrum
1510 1291 1669 1319 habitarunt

875 1333 993 1370 Pelasgi.
1005 1335 1269 1372 Verum(utquidam
1283 1339 1407 1373 narrant)
1417 1346 1449 1366 ex
1462 1347 1506 1370 eo,
1519 1340 1589 1373 quod
1599 1340 1668 1366 hanc

878 1380 944 1415 ipsis
957 1382 1090 1409 Ascanius
1101 1391 1150 1418 pro
1161 1384 1354 1419 redemptionis
1366 1391 1422 1412 suae
1436 1387 1522 1420 pretio
1531 1386 1668 1417 donasset,

877 1434 938 1454 cum
953 1436 987 1455 ex
1011 1429 1116 1456 insidiis
1129 1435 1225 1464 captus
1251 1431 1284 1457 ab
1300 1432 1341 1458 his
1355 1431 1538 1467 dimissusque
1550 1432 1644 1460 fuisset
1661 1441 1668 1461 :

879 1473 944 1501 hinc
955 1474 1028 1501 enim
1039 1475 1172 1502 Antandri
1182 1476 1290 1503 nomine
1300 1477 1394 1504 urbem
1402 1478 1512 1510 dixisse,
1520 1486 1600 1513 quam
1609 1478 1671 1505 ἀντὶ

880 1518 940 1550 ἑνὸς
959 1520 1056 1555 ἀνδρὸς
1081 1520 1141 1557 [pro
1164 1529 1217 1548 uno
1234 1521 1303 1558 viro]
1329 1524 1509 1558 accepissent.
1537 1525 1670 1552 Ascanius

24 1565 65 1583 σιν
86 1555 218 1583 ἐντεῦθεν
231 1557 369 1590 οἰκῆσαιπ
383 1557 540 1592 Πελασγοὺς
551 1560 722 1595 Ἄντανδρον.
733 1562 822 1589 Ἀπόλ-

884 1571 974 1592 autent
993 1567 1035 1594 hic
1048 1555 1141 1594 Enen:
1155 1567 1237 1600 ﬁlius,
1251 1555 1311 1601 fuit,
1326 1570 1372 1604 qui
1387 1555 1465 1604 capta
1474 1570 1529 1605 jam
1546 1570 1626 1605 Troja
1643 1571 1669 1598 in

22 1602 112 1634 λωνος
142 1602 192 1628 καὶ
220 1603 363 1638 Κρεούσης
378 1604 468 1636 Ἀνιος
487 1605 592 1639 γίνεται
615 1608 679 1638 παῖς
692 1607 724 1641 ⁷¹,
743 1608 790 1634 τοῦ
801 1609 829 1635 δὲ

25 1649 158 1683 Ἀνδρος,
174 1648 204 1679 ὃς
219 1649 284 1684 μίαν
298 1651 413 1684 οἰκήσας
424 1651 480 1677 τῶν
494 1651 584 1687 νήσων
596 1652 626 1679 τὺ
643 1653 729 1688 ὄνομα
741 1654 830 1682 λείπει

23 1698 54 1731 τῇ
69 1696 161 1730 νήσῳ,
194 1694 258 1730 [449
274 1694 319 1731 IL]
333 1697 404 1723 κατὰ
419 1698 514 1725 στάσιν
529 1699 551 1725 δ’
566 1700 674 1727 ἐκεῖθεν
694 1701 829 1735 ἐκπεσὼν,

23 1743 71 1767 καὶ
96 1740 201 1775 χωρίον
212 1741 235 1756 ’³
251 1740 313 1767 ἰδὼν
338 1743 390 1769 ὑπὸ
404 1744 454 1778 τὴν
474 1744 548 1779 Ἴδην
562 1746 754 1782 παραπλήσιον
766 1748 831 1775 Ἀν-

22 1788 92 1822 ὅρῳ,
125 1787 234 1819 πολίζει
252 1788 282 1814 τὸ
296 1789 396 1824 χωρίον
419 1790 467 1817 καὶ
498 1792 663 1827 Ἄντανδρον
685 1794 754 1829 πρὸς
781 1794 830 1830 τὴν

23 1836 184 1871 ὁμοιότητα
211 1837 351 1872 ὀνομάζει.
369 1838 425 1874 Τὴν
440 1839 463 1865 δ’
481 1839 596 1875 Ἄνδρον
621 1840 725 1876 ἔρημον
748 1840 831 1867 οὖσαν

24 1881 92 1914 λαὸς
108 1881 261 1915 Πελασγῶν
274 1883 468 1919 ἐσῳκίσατοτδ.
494 1885 550 1912 Καὶ
566 1887 583 1921 ὴ
597 1886 716 1918 Κύζικος
732 1887 761 1913 δὲ
775 1888 830 1914 Πε-

25 1927 153 1962 λασγοὺς
168 1927 249 1963 ἔσχεν
260 1929 407 1965 οἰκήτορας
420 1939 426 1946 ·
440 1931 487 1957 καὶ
500 1931 555 1967 γὰρ
566 1931 685 1965 Κύζικος
697 1933 712 1958 ὁ
733 1933 832 1960 Ἀπόλ-

25 1974 126 2006 λωνος,
159 1975 310 2009 Πελασγῶν
333 1976 387 2004 τῶν
403 1977 433 2003 ὲν
451 1977 588 2013 Θεσσαλίᾳ
602 1978 763 2014 βασιλεύων,
779 1980 831 2007 ὑπὸ

24 2021 155 2048 Αἰολέων
176 2022 247 2056 μετὰ
260 2022 409 2057 Πελασγῶν
437 2023 563 2051 ἐκπεσὼν
588 2025 637 2060 τὴν
666 2026 831 2062 χερρόνησον

25 2068 76 2103 τῆς
100 2067 201 2099 Ἀσίας
225 2068 340 2101 πολίζει,
364 2070 426 2101 δοὺς
455 2071 524 2106 αὐτῇ
546 2072 594 2098 καὶ
619 2072 751 2108 τοῦνομα.
777 2074 833 2101 Καὶ

24 2112 138 2148 ηὐξήθη
154 2113 188 2139 ὲκ
202 2114 332 2149 ταπεινῆς
360 2115 473 2149 Κυζίκῳ
505 2117 545 2148 εἰς
570 2117 641 2152 μέγα
656 2118 672 2154 ή
689 2118 772 2155 ἀρχὴ,
785 2119 832 2153 ἀφ’

26 2157 59 2186 οὒ
75 2159 202 2193 Κλείτην
227 2160 277 2194 τὴν
299 2160 436 2195 Μέροπος,
452 2161 481 2193 ὃς
498 2162 553 2189 τῶν
585 2165 651 2198 περὶ
685 2164 832 2192 Ῥυνδακὸν

26 2206 141 2240 χωρίων
165 2205 319 2238 ἐϐασίλευε,
347 2208 467 2240 γυναῖκα
488 2209 617 2243 ἠγάγετο.
637 2210 668 2236 υἱ
686 2210 714 2236 δὲ
729 2211 798 2246 μετὰ
809 2211 831 2227 ⁷⁵

881 1612 927 1640 Ida
950 1614 1090 1648 regnavit.
1115 1614 1166 1641 Alii
1195 1615 1257 1642 hinc
1276 1616 1365 1648 potius
1393 1616 1513 1644 referunt
1544 1617 1671 1653 Pelasgos

881 1658 1051 1686 Antandrum
1080 1659 1237 1688 incoluisse.
1255 1661 1295 1689 Ex
1317 1663 1451 1697 Apolline,
1478 1663 1562 1698 aiunt,
1591 1671 1672 1699 atque

881 1704 983 1732 Creusa
994 1706 1114 1741 gignitur
1127 1707 1223 1741 Anius,
1242 1713 1269 1735 et
1283 1717 1314 1736 ex
1332 1710 1384 1737 hoc
1398 1709 1518 1744 Andrus,
1531 1711 1575 1746 qui
1590 1719 1670 1738 unatn

883 1751 1032 1779 insularum
1063 1753 1230 1787 inhabitans,
1254 1763 1352 1782 nomen
1375 1757 1431 1792 (46)
1457 1765 1567 1793 quoque
1593 1766 1670 1786 suum

883 1797 980 1825 insula:
1008 1799 1133 1834 reliquit.
1158 1800 1210 1828 Sed
1240 1803 1343 1830 exortis
1371 1803 1469 1831 deinde
1494 1806 1672 1833 seditionibus

882 1845 947 1872 hinc
973 1852 1097 1880 exactus,
1123 1848 1209 1876 locum
1236 1851 1379 1885 quemdam
1408 1853 1606 1887 contemplatus
1631 1859 1674 1881 est

883 1892 933 1918 sub
955 1891 1010 1924 Ida,
1035 1893 1129 1921 Andro
1144 1894 1273 1928 vicinum,
1288 1896 1314 1922 in
1330 1905 1383 1930 quo
1401 1899 1493 1924 urbem
1517 1899 1671 1931 aedificavit,

883 1946 963 1973 quam
974 1939 1008 1966 ob
1030 1940 1235 1969 similitudinem
1253 1942 1422 1971 Antandrum
1443 1945 1600 1972 nominavit.
1618 1946 1674 1972 An-

883 1984 962 2010 drum
984 1985 1091 2012 interim
1105 1986 1244 2014 desertum
1259 1987 1433 2023 Pelasgorum
1447 1998 1512 2024 gens
1539 1991 1674 2018 inhabita-

883 2030 932 2057 vit.
957 2029 994 2057 Ita
1016 2032 1133 2066 Cyzicus
1150 2040 1257 2067 quoque
1284 2026 1387 2062 incolas
1411 2036 1507 2065 habuit
1535 2037 1672 2073 Pelasgos.

883 2075 988 2104 Etenim
1020 2077 1134 2113 Cyzicus
1151 2079 1283 2114 Apollinis
1311 2081 1389 2111 titius.
1419 2083 1549 2118 Pelasgis,
1574 2085 1618 2119 qui
1647 2087 1672 2112 in

885 2120 1024 2149 Thessalia
1042 2128 1131 2154 erant.
1147 2124 1294 2158 imperans,
1309 2126 1343 2153 ab
1355 2126 1528 2155 Aiolensibus
1542 2137 1602 2156 cum
1617 2130 1673 2157 suis

885 2167 1006 2203 Pelasgis
1029 2169 1142 2204 ejcclus,
1171 2172 1196 2198 in
1226 2171 1398 2202 Cherroneso
1413 2174 1485 2201 Asia:
1506 2175 1561 2210 (47)
1579 2177 1672 2203 urbem

885 2216 917 2242 de
931 2223 981 2244 suo
998 2217 1106 2244 nomine
1117 2219 1261 2251 exstruxit,
1279 2219 1369 2251 ibique
1394 2229 1426 2247 ex
1443 2221 1534 2247 humili
1549 2230 1671 2256 magnam

33 2251 158 2282 Ἰάσονος
183 2252 230 2278 ἐπὶ
243 2251 273 2278 τὸ
287 2252 368 2287 δέρας
395 2253 480 2286 ἰόντες
505 2255 664 2291 κατίσχουσι
686 2257 756 2291 πρὸς
782 2258 822 2293 τὴν

886 2261 910 2287 in
931 2263 1080 2296 potentiam
1104 2265 1200 2298 crevit,
1224 2271 1364 2300 postquam
1382 2267 1467 2294 Cliten
1491 2267 1572 2294 tiliam
1590 2268 1675 2295 Mero-

26 2297 156 2329 Κύζικον
171 2298 207 2332 τῇ
231 2297 334 2332 ’Λργοί,
353 2299 400 2325 καὶ
425 2300 557 2334 μαθόντες
571 2303 595 2328 οἱ
611 2302 747 2337 Πελασγοὶ
761 2304 830 2331 Θεσ-

28 2344 127 2370 σαλέδα
143 2343 196 2379 τὴν
214 2344 291 2377 ναῦν,
313 2345 386 2371 κατὰ
415 2346 496 2380 μῆνιν
522 2348 571 2383 τῆς
595 2349 710 2384 ἐκϐολῆς
733 2350 831 2382 νυκτὸς

27 2389 170 2424 ἐμάχοντο
181 2390 216 2423 τῇ
236 2389 339 2425 Ἀργοῖ.
366 2390 486 2422 Κύζικον
505 2392 533 2419 δὲ
557 2392 636 2420 λῦσαι
663 2395 713 2430 τήν
738 2395 829 2432 μάχην

885 2307 938 2341 pis,
954 2309 999 2343 qui
1025 2310 1112 2336 vicina
1129 2311 1257 2345 Ryndaco
1282 2311 1338 2347 (48)
1356 2312 1413 2339 loca
1434 2321 1479 2340 rex
1497 2314 1592 2346 tenuit,
1609 2322 1674 2342 con-

885 2352 967 2380 nubio
985 2353 1035 2380 sibi
1057 2355 1159 2389 junxit.
1173 2355 1280 2384 Jasonis
1296 2356 1352 2392 (49)
1376 2363 1468 2392 postea
1484 2359 1607 2392 comites,
1627 2360 1672 2394 qui

884 2406 944 2425 cum
973 2399 1017 2426 illo
1033 2401 1067 2427 ad
1082 2401 1168 2428 vellus
1180 2409 1293 2429 aureum
1317 2403 1575 2437 proﬁciscebantur,
1600 2406 1674 2438 Argo

676 2453 795 2482 VARIAE
815 2455 1016 2485 LECTIONES.

63 2504 88 2520 "'
108 2506 233 2553 xalom.
253 2508 287 2553 [ᾗ
321 2509 345 2553 ‘s‘
353 2509 557 2553 ὲμπλέονταςῤ
575 2520 581 2539 :
598 2512 768 2553 ξμτςεσόν-ιςας
782 2523 812 2546 ς.
831 2515 872 2553 ’θ’
888 2516 938 2551 τῆς
953 2517 1015 2544 add.
1040 2519 1072 2544 A.
1112 2519 1134 2535 '°
1153 2519 1167 2545 ὃ
1179 2519 1202 2547 A
1221 2520 1277 2551 εὼς
1292 2529 1322 2552 ς.
1361 2520 1538 2548 ⁷¹οἰκίσειιΔ.
1576 2522 1598 2537 ⁷¹
1611 2524 1674 2553 παῖς

25 2540 49 2565 A
65 2549 72 2566 :
90 2541 173 2576 παρὰ
189 2550 221 2573 ς.
264 2543 287 2558 ⁷³
302 2545 350 2571 καὶ
366 2540 397 2572 τὸ
413 2540 560 2581 χωρίον-Α.
598 2540 622 2563 ⁷δ
647 2540 811 2576 ἐσοικίσατο
822 2550 846 2576 Α
863 2560 871 2578 :
1140 2540 1166 2570 "V
1341 2557 1373 2583 A.

791 2610 907 2640 NOTAE.

64 2645 126 2682 (ﬂ)
135 2647 320 2688 Perseihujus
335 2649 481 2688 imaginem
495 2652 599 2686 inspice
615 2655 685 2688 apud
699 2654 828 2683 Philostr.

27 2682 79 2710 lih.
96 2691 105 2710 ι
128 2682 207 2710 Icon.
221 2682 389 2718 autépenult.

29 2718 129 2788 “154053)
153 2717 262 2752 Strabo,
282 2717 328 2747 lib.
353 2729 369 2747 χ
387 2725 504 2749 exlrem.
530 2721 598 2750 Vide
617 2723 697 2753 Ovid.
725 2730 752 2753 et
771 2735 830 2763 my-

79 2789 129 2827 αδ)
153 2787 325 2827 Antandros,
357 2790 445 2826 inquit
465 2791 595 2827 Stephau.
624 2795 659 2823 ab
689 2796 830 2825 Antandro

30 2823 208 2860 Eolensium
224 2830 353 2860 stratege.

67 2859 130 2894 (47)
145 2859 361 2900 διιξειιωηιὶὺξκιι
377 2866 494 2900 extrem.
509 2865 636 2900 Cyzicum
657 2866 722 2894 facit
753 2867 828 2894 insu-

30 2893 101 2927 lam,
127 2899 158 2922 ut
177 2895 306 2930 Apollon.
330 2897 503 2932 Argonautic.
522 2893 541 2928 t'.
561 2901 628 2929 Vide
653 2893 826 2931 scholiastas.

884 2659 953 2698 Plin.
984 2659 1042 2686 vult
1064 2660 1127 2687 olim
1153 2661 1268 2689 insulam
1297 2663 1331 2691 ab
1345 2663 1501 2691 Alexandro
1525 2662 1674 2692 continenti

880 2700 1152 2770 Tngguil‘yndacus,
1177 2731 1268 2770 Strab.
1301 2733 1347 2761 lib.
1373 2742 1410 2761 xu
1434 2739 1503 2762 extr.
1522 2736 1547 2762 in
1563 2734 1671 2770 Cyzico,

883 2763 1039 2804 llu‘viu'sest
1056 2766 1082 2804 in
1103 2766 1294 2804 Propontidem
1312 2770 1416 2796 exiens.
1436 2770 1574 2804 Stephano
1585 2763 1671 2796 'etiam

884 2800 948 2838 urbs
959 2799 1107 2838 Phrygiam
1123 2799 1195 2829 inter
1210 2809 1236 2830 et
1261 2804 1472 2838 Hellespontum.

884 2869 892 2896 ι
999 2835 1156 2871 Βοίιυίὺιιε
1168 2839 1292 2874 Apollon.
1317 2835 1362 2868 lib'.
1382 2849 1388 2867 ι
1405 2840 1553 2875 Arganaut.
1581 2845 1608 2868 et
1622 2839 1672 2867 Va-

894 2878 933 2898 cr.
983 2879 1041 2898 acc.

894 2878 933 2898 Cl’.
951 2878 964 2897 ιη
973 2878 1041 2899 tacc.
