1923 3091
25 147 69 180 581

545 139 808 173 ΒῘΒΜΟΤΗΕΟΛ.
826 154 860 160 -
878 141 960 171 COD.
981 141 1160 171 CLXXXVI.

1611 140 1663 172 58?.

26 205 70 230 καὶ
96 202 202 234 λιθίνας
215 201 322 233 εἰκόνας
337 200 367 227 ἐν
381 198 456 234 αὐτῷ
479 198 535 225 τῶν
551 197 668 232 ἀνδρῶν,
698 197 820 232 μνημεῖα

882 197 979 224 ’iorum
993 197 1129 232 regionem
1142 197 1228 223 locum
1240 204 1301 224 cum
1315 197 1494 232 appellarunt,
1506 202 1534 225 et
1543 198 1663 232 lapideas

25 251 102 276 ὕείων
119 257 150 275 τε
174 248 233 284 ἅμα
263 248 311 274 καὶ
333 244 514 281 ἀνθρωπίνων
525 244 549 260 ⁸⁵
580 243 670 280 ἔργων
685 262 694 276 ,
725 241 819 269 ἀνέθε-

25 305 81 322 σαν.

65 385 97 411 Ἦ
116 385 158 419 μδ¹
179 383 286 419 ἱστορία
313 382 396 417 φησὶν
423 381 462 412 ὠς
479 379 629 415 Λεωδάμας
643 378 691 405 καὶ
719 377 820 413 Φίτρης

24 434 122 466 ἤρισαν
139 431 210 466 ὑπὲρ
225 430 276 465 τῆς
300 428 441 463 Μιλησίων
454 426 606 462 βασιλείας,
623 425 718 459 γένους
736 424 821 459 ἄμφω

23 480 98 508 ἄντες
113 475 264 511 βασιλείου.
279 475 316 500 Τὸ
333 473 421 500 κοινὸν
437 473 465 499 δὲ
481 473 514 507 τῇ
526 471 638 498 ἐκείνων
655 469 821 504 κακούμενοι

24 524 118 550 στάσει
133 522 184 556 τῆς
197 522 245 557 μὲν
260 519 426 555 φιλονεικίας
435 519 503 554 μετὰ
515 517 602 544 πολλὰ
611 516 686 550 πάθη
700 514 822 547 ἐξίσταν-

24 579 62 602 το,
75 571 185 604 ἔκρινον
198 568 220 594 δ’
232 568 334 594 ἐκεῖνον
355 565 518 600 βασιλεύειν,
529 564 558 595 ὃς
572 562 722 596 Μιλησίους
736 561 822 587 πλείω

23 615 115 650 ἀγαθὰ
141 615 297 650 ὲργάσοιτο.
321 610 413 639 Ἦσαν
429 611 450 637 δ’
465 611 558 641 αὐτοῖς
575 609 636 636 τότε
647 608 694 635 δύο
708 607 822 642 πόλεμοι

25 662 194 697 Καρυστίοις
209 661 255 687 καὶ
268 658 412 694 Μηλιεῦσι.
426 658 482 684 Καὶ
496 657 566 692 πρὸς
577 656 625 691 μὲν
635 655 729 689 Μῆλον
738 653 823 689 (αὐτῷ

25 710 77 744 γὰρ
93 709 108 735 ό
123 707 228 742 κλῆρος
253 705 348 732 τοῦτον
381 704 467 730 ἐδίδου
497 703 543 729 τὸν
571 701 699 736 πόλεμον)
721 701 824 735 Φίτρης

25 753 199 789 στρατεύσας
223 751 371 786 ἄπρακτος
399 748 565 784 ἀναστρέφει
586 755 593 762 ·
618 746 768 781 Λεωδάμας
795 745 824 771 δὲ

24 799 162 835 λαμπρῶς
209 797 282 824 κατὰ
317 794 478 830 Χαρυστίων
512 793 740 828 ἀνδραγαθήσας,
775 789 824 816 καὶ

25 847 201 882 κατακράτος
235 843 304 870 ἑλὼν
343 842 393 876 τὴν
431 841 508 867 πόλιν
547 840 596 866 καὶ
625 836 824 873 ἀνδραποδισά-

26 901 116 927 μενος,
160 890 283 925 Μιλήτου
330 886 450 915 ὲπανιὼν
481 885 553 912 κατὰ
583 885 617 911 τὰ
655 883 823 918 συγκείμενα

26 935 178 971 βασιλεύει.
207 931 457 969 Αίχμάλωτονξδὲη
481 930 551 958 κατὰ
566 929 690 965 χρησμὸν
707 929 824 962 γυναῖκα

24 982 189 1018 Καρυστίαν
205 1003 212 1014 ,
239 980 322 1007 παῖδα
350 979 485 1014 φέρουσαν
504 975 726 1012 ὑπομάσθιονδθ,
755 975 824 1010 μετὰ

24 1029 133 1056 πολλῶν
161 1028 210 1054 καὶ
229 1027 316 1054 ἄλλων
339 1024 536 1060 ἀναθημάτων,
549 1023 567 1050 ἃ.
581 1022 684 1056 δεκάτη
705 1022 760 1047 τῶν
774 1021 823 1047 λα-

24 1076 119 1111 φύρων
136 1073 296 1108 ἐτύγχανον,
311 1071 469 1106 ἀνέπεμψεν
482 1070 512 1096 ὲν
534 1068 712 1105 Βραγχίδαις.
739 1067 825 1098 Αὐτὸς

23 1123 47 1149 δὲ
74 1122 139 1148 τότε
151 1121 277 1156 Βράγχος
294 1118 465 1154 προὺστήκει
489 1116 536 1143 τοῦ
561 1124 591 1142 τε
609 1114 683 1150 ἱεροῦ
703 1114 751 1140 καὶ
778 1112 825 1139 τοῦ

26 1168 158 1202 μαντείου
172 1186 180 1197 ,
203 1166 232 1196 ὃς
251 1166 300 1200 τήν
321 1172 350 1191 τε
372 1162 545 1198 αἰχμάλωτον
569 1162 687 1195 γυναῖκα
717 1159 826 1194 ἐνόμισε

25 1215 70 1241 καὶ
85 1214 135 1239 τὸν
148 1213 232 1238 παῖδα
253 1210 339 1244 αὐτῆς
354 1209 441 1236 ἑθετο.
458 1207 565 1240 Ηῠξανε
579 1207 601 1234 δ’
615 1208 630 1233 ὁ
643 1207 707 1236 παῖς
716 1205 746 1232 οὐ
757 1204 828 1231 κατὰ

25 1261 114 1294 λόγον,
145 1256 216 1284 ἀλλὰ
247 1256 308 1290 Θείᾳ
330 1255 384 1281 τινὶ
403 1253 483 1289 τύχῃ,
498 1252 545 1279 καὶ
572 1252 652 1278 πλέον
667 1251 684 1285 ἢ
696 1249 764 1285 πρὸς

25 1306 138 1339 ἠλικίαν
164 1304 273 1337 ἀπήντα
295 1301 326 1327 τὺ
347 1300 502 1327 εὐσύνετον.
526 1299 647 1325 [lutei-tat
667 1296 690 1323 δ’
717 1294 800 1322 αὐτον
814 1293 828 1318 ὁ

25 1351 156 1387 Βράγχος
168 1349 216 1375 καὶ
239 1347 355 1382 ἄγγελον
373 1346 427 1372 τῶν
447 1344 656 1380 μαντευμάτων,
674 1340 828 1375 Εὑάγγελον

23 1396 180 1432 ὀνομάσας.
197 1393 317 1430 [255Η.]
342 1389 427 1424 Οὗτος
449 1391 554 1426 ὴὸήσας
565 1389 595 1416 τὸ
616 1388 741 1424 Βράγχου
766 1394 830 1432 μανξ

23 1431 98 1470 νεῖον
112 1441 268 1475 ἐξεδέξατο,
281 1439 407 1474 καὶάρχὴ
423 1438 520 1472 γένους
537 1433 729 1470 Εὑαγγελιδῶν
755 1431 831 1467 παρὰ

23 1488 179 1523 Μιλησίοις
195 1487 313 1521 ἐγένετο,

61 1537 101 1563 Ἡ
125 1537 170 1570 με’
193 1534 231 1565 ὡς
261 1532 397 1567 Ὀρφεὺς,
414 1531 428 1556 ὁ
456 1530 576 1563 Οἰάγρου
601 1527 647 1553 καὶ¹
672 1524 832 1559 Καλλιόπης

25 1585 93 1619 μιᾶς
114 1581 175 1608 τῶν
194 1579 312 1607 Μουσῶν
326 1598 333 1609 ,
354 1577 495 1604 ἐϐασίλευε
524 1574 689 1602 Μακεδόνων
712 1571 759 1599 καὶ
782 1571 832 1606 τῆς

30 1627 207 1664 Ὀδρυσίδος,
220 1625 368 1660 ἐπετήδευε
382 1624 411 1650 δὲ
427 1621 570 1658 μουσικὴν,
588 1621 634 1647 καὶ
660 1618 778 1655 μάλιστα
794 1625 834 1664 κιῖ

25 1658 182 1710 ϐαρλρδίαν.
212 1671 268 1698 Καὶ
297 1658 473 1705 (φιλόμουσον
502 1668 556 1702 γὰρ
581 1667 612 1693 τὺ
640 1665 758 1702 Θρακῶν
784 1658 834 1691 καὶ

24 1720 204 1748 Μακεδόνων
224 1715 313 1753 γένος)
337 1718 456 1753 ἤρεσκεν
471 1716 500 1742 ὲν
516 1714 623 1745 τούτοις
651 1712 835 1748 διαφερόντως

23 1768 62 1802 τῷ
76 1766 199 1801 πλήθει.
225 1764 348 1798 Κατέσχε
364 1763 392 1790 δὲ
409 1762 472 1795 δόξα
499 1761 537 1792 ὡς
548 1760 588 1791 είς
619 1759 702 1794 ’ᾍδου
722 1757 835 1784 καταϐοι

26 1815 115 1850 ἔρωτι
129 1812 184 1846 τῆς
197 1809 327 1845 γυναικὸς
338 1808 504 1844 Εὐρυδίκης,
517 1805 566 1832 καί¹
578 1805 615 1836 ὼς
630 1804 676 1830 τὸν
690 1802 836 1830 Πλούτωνα

26 1862 74 1887 καὶ
112 1860 170 1894 τὴν
199 1857 293 1892 Κόρην
321 1855 404 1891 ᾠδαῖς
423 1853 575 1888 γοητεύσας
590 1851 677 1885 δῶρον
691 1849 768 1877 λαϐοῖ
783 1849 834 1883 τὴν

27 1908 158 1942 γυναῖκα.
171 1913 178 1919 ⁸
203 1903 261 1930 ἀλλ’
277 1903 308 1929 οὑ
323 1902 378 1937 γὰρ
392 1900 504 1927 ὄνασθαι
519 1899 569 1933 τῆς
588 1899 698 1933 χάριτος
718 1896 836 1923 ἀναῦιω-

29 1953 190 1988 σκομένης,
206 1949 356 1984 λαθόμενον
371 1946 425 1973 τῶν
437 1945 501 1980 περὶ
512 1944 596 1979 αὐτῆς
610 1942 735 1970 ἐντολῶν.
758 1941 837 1968 Οὕτω

28 2002 57 2027 δὲ
71 1987 190 2033 θέλγειν
219 1996 267 2022 καὶ
279 1993 445 2029 κατακηλεῖν
460 1992 541 2018 αὑτὸν
563 1990 644 2025 ᾠδαῖς
656 1987 725 2015 εἶναι
743 1988 835 2022 σοφὸν,

27 2048 67 2079 ὡς
83 2046 137 2073 καὶ
154 2042 240 2078 θηρία
248 2042 295 2068 καὶ
308 2039 419 2071 οἰωνοὺς
435 2038 482 2065 καὶ
496 2037 529 2072 δὴ
541 2037 588 2064 καὶ
603 2035 670 2069 ξύλα
684 2035 731 2061 καὶ
744 2034 836 2065 λίῡους

29 2104 61 2121 συ
66 2091 271 2129 μπερινοστεῑν
279 2087 433 2123 ὑφ’-ἡδονῆς.
442 2084 562 2119 Τελευτᾷ
572 2083 600 2110 δὲ
608 2081 838 2116 διασπασαμένων

28 2127 118 2168 αὑτὸν
135 2127 203 2164 τῶν
225 2134 352 2171 Θρᾳκίων
369 2133 417 2159 καὶ
437 2130 602 2159 Μακεδόνων
626 2128 776 2163 γυναικῶν,
797 2127 838 2154 ὃτι

29 2188 60 2213 οὐ
70 2187 97 2202 ⁸⁷
112 2183 258 2220 μετεδίδου
270 2181 365 2211 αὑταῖς
378 2178 432 2205 τῶν
446 2177 558 2212 ὀργίων,
568 2176 637 2210 τάχα
653 2174 703 2209 μὲν
719 2173 765 2200 καὶ
778 2172 838 2199 κατ’

28 2219 122 2262 ἄλλας
146 2227 314 2263 προφάσεις,
345 2223 411 2258 φασὶ
424 2223 447 2249 δ’
459 2220 506 2249 οὖν
529 2220 611 2248 αὐτὸν
632 2219 838 2254 δυστυχήσαντα

30 2278 103 2313 περὶ
127 2275 252 2310 γυναῖκα
282 2271 337 2298 πᾶν
364 2269 480 2304 ὲχοῆραι
494 2267 625 2301 τὸγένος.
659 2265 770 2299 Ἐφοίτα
789 2263 838 2299 μὲν

30 2309 80 2350 οὖν
88 2321 215 2350 τακταῖς
228 2318 274 2345 καὶ
287 2316 404 2352 ἡμέραις
421 2313 594 2348 ὡπλισμένον
608 2311 709 2346 πλῆθος
723 2309 840 2346 Θρᾳκῶν

31 2370 84 2396 καὶ
99 2365 274 2395 Μακεδόνων
286 2363 315 2389 ὲν
329 2360 487 2396 Λιϐήῦροις,
500 2359 540 2390 είς
552 2358 612 2391 οῐκη
618 2365 655 2392 μα
669 2355 698 2382 ἓν
712 2356 736 2371 ⁸⁸
744 2364 805 2382 συνε
810 2364 840 2391 ρ-

30 2418 159 2451 χόμενον
188 2410 262 2444 μέγα
270 2417 300 2435 τε
313 2407 361 2435 καὶ
380 2406 448 2441 πρὸς
470 2403 581 2434 τελετὰς
592 2401 622 2429 εὖ
637 2401 822 2451 πεποιημένον
832 2408 839 2415 ·

30 2447 125 2489 ξπέτε
136 2459 160 2486 δ’
177 2455 320 2492 ὀργιάζειν
335 2454 446 2486 εἰσίασι,
461 2451 515 2487 πρὸ
524 2450 579 2477 τῶν
600 2449 693 2476 πυλῶν
715 2447 842 2475 ἀπετίθε-

33 2518 90 2536 σαν
102 2507 140 2533 τὰ
154 2504 241 2532 ὅπλα.
256 2502 290 2527 ’0
309 2501 336 2527 αἱ
352 2500 481 2534 γυναῖκες
499 2496 712 2532 ὲπιτηρήσασαι,
737 2493 785 2520 καὶ
809 2492 843 2519 τὰ

870 243 897 270 in
914 244 1009 270 horum
1035 243 1156 270 virorum
1182 248 1357 270 monumento
1378 248 1492 276 statuas,
1509 244 1662 272 divinorum

870 289 951 316 simul
977 289 1083 316 illorum
1107 294 1189 323 atque
1210 289 1389 316 humanorum
1410 289 1545 317 factorum
1569 295 1662 323 testes,

870 336 1048 364 collocarunt.

907 382 1118 418 Quadragesima
1145 386 1239 417 quarta
1267 382 1381 409 historia
1413 383 1498 410 refert
1528 384 1664 418 quomodo

872 429 1024 456 Leodamas
1038 434 1065 455 et
1082 428 1189 455 Phitres
1209 429 1241 455 de
1258 428 1425 456 Milesiorum
1455 437 1536 462 regno
1551 435 1664 457 conten-

872 475 973 506 derint,
990 476 1061 509 regia
1073 479 1187 508 uterque
1200 475 1284 508 stirpe
1304 474 1421 500 oriundi.
1437 473 1516 502 Plebs
1527 482 1590 509 ergo
1603 484 1664 502 cum

872 528 921 556 per
945 521 1040 547 horum
1073 521 1275 548 contentionem
1308 519 1386 547 malis
1417 525 1578 551 vexaretur,
1607 526 1669 554 post

873 567 959 594 multa
971 566 1078 594 tandem
1087 565 1256 593 inconunoda
1265 566 1345 592 finem
1354 567 1667 603 rixmimposuit,1Ma

873 613 945 640 facto
961 613 1082 645 decreto,
1107 617 1138 640 ut
1151 612 1196 647 qui
1213 613 1246 639 de
1261 612 1373 639 Milesiis
1389 613 1483 641 melius
1506 619 1666 647 mereretur,

875 659 898 686 is
924 660 1031 686 demum
1058 663 1194 694 regnaret.
1222 660 1306 686 Erant
1328 659 1393 694 ipsis
1411 660 1463 687 duo
1484 664 1549 687 tunc
1578 661 1669 687 hostes

875 705 991 740 Carystii
1016 709 1044 732 et
1070 704 1223 732 Melienses.
1253 706 1389 733 Adversus
1417 705 1527 739 Melum,
1560 706 1669 733 Phitres

876 752 949 788 (huic
958 751 1029 779 enim
1041 757 1114 778 sorte
1129 751 1228 778 bellum
1244 752 1307 779 illud
1321 753 1479 787 obvenerat)
1494 753 1668 787 expeditione

876 802 1013 833 suscepta,
1028 805 1059 825 re
1081 797 1180 825 infecta
1198 798 1288 825 rediit.
1306 798 1456 826 Leodainas
1471 807 1545 831 vero,
1561 806 1589 825 re
1602 807 1668 826 cou-

877 848 916 870 tra
944 844 1083 879 Carystios
1110 844 1213 870 naviter
1237 851 1269 871 ac
1285 845 1415 878 prmclare
1436 850 1523 880 gesta,
1550 845 1669 878 nrlieqne

876 897 969 917 eorum
994 891 1019 917 vi
1036 894 1198 925 expugnata,
1216 894 1298 925 atque
1316 891 1342 917 in
1362 891 1518 918 servitutem
1547 891 1666 924 redacta,

875 936 998 963 Miletum
1019 937 1106 963 victor
1122 943 1257 967 reversus,
1276 937 1424 963 secundum
1442 941 1519 971 pacta
1536 942 1668 964 conventa

876 982 1012 1017 regnavit.
1040 982 1130 1014 Quare
1156 989 1189 1009 ex
1213 982 1316 1008 oraculi
1334 983 1492 1016 praescripto
1515 982 1666 1017 Carystiam

877 1027 1006 1055 feminam
1034 1028 1169 1060 captivam
1197 1027 1326 1053 infantem
1355 1027 1483 1054 uberibus
1507 1027 1668 1058 laetantem,

877 1081 938 1101 cum
962 1074 1022 1100 aliis
1041 1073 1165 1107 plurimis
1182 1073 1316 1105 donariis,
1342 1073 1530 1100 manubiarum
1545 1073 1670 1104 decimis,

877 1116 910 1147 ad
928 1120 1095 1147 Branchidas
1115 1119 1198 1146 misit.
1216 1119 1274 1153 lpse
1292 1126 1357 1145 vero
1370 1123 1434 1146 tunc
1447 1119 1587 1146 Branchus
1611 1118 1670 1153 (55)

878 1171 905 1194 et
922 1167 1021 1201 tcmplo
1034 1172 1062 1194 et
1078 1166 1190 1193 oraculo
1214 1170 1339 1200 prmerat,
1357 1166 1401 1200 qui
1422 1167 1555 1199 captivam
1574 1165 1670 1192 mulie-

879 1221 937 1241 rem
956 1220 1053 1247 magna
1064 1220 1128 1240 cura
1144 1212 1256 1239 nutrivit
1271 1206 1339 1246 (5'6),
1359 1211 1472 1246 ejusque
1493 1211 1577 1238 filium
1604 1212 1672 1238 ado-

880 1259 975 1294 ptavit.
996 1258 1069 1285 Puer
1092 1258 1149 1293 ipse
1166 1265 1219 1284 non
1238 1264 1292 1284 tam
1309 1258 1447 1285 hominum
1466 1258 1566 1284 usitato
1582 1259 1671 1290 modo,

881 1313 962 1340 quam
978 1305 1069 1332 divina
1089 1305 1204 1338 quadam
1219 1304 1327 1330 fortuna
1352 1303 1447 1335 crevit,
1461 1308 1487 1330 et
1508 1311 1590 1338 supra
1607 1309 1674 1330 atta-

883 1357 936 1379 tem
950 1351 1068 1386 prudens
1082 1351 1176 1377 evasit.
1189 1350 1233 1377 Fit
1249 1349 1330 1384 igitur
1340 1357 1353 1376 a
1364 1349 1488 1377 Braneho
1500 1349 1673 1376 oraculorum

884 1398 1005 1428 nuntius,
1022 1395 1173 1431 Evangelus
1187 1395 1347 1430 appellatus.
1364 1394 1479 1429 Hicjam
1491 1395 1579 1421 adulta
1595 1399 1675 1422 aetate

884 1445 911 1471 in
935 1443 1045 1471 oraculo
1061 1442 1185 1470 Braoeho
1211 1442 1355 1474 successit,
1376 1443 1595 1477 principiumque
1624 1442 1676 1469 fuit

884 1495 911 1517 et
926 1495 1007 1524 caput
1023 1489 1249 1524 Evangelidaruln
1266 1489 1335 1522 apud
1359 1487 1486 1515 Milesios.

846 1547 869 1577 ρ
917 1536 1128 1570 Quadragesima
1145 1535 1256 1568 lquinta.
1273 1534 1398 1568 Orpheus
1412 1533 1510 1568 OEagri
1527 1534 1584 1568 {57)
1603 1533 1675 1561 ﬁlius

886 1586 968 1617 atque
979 1581 1124 1615 Calliopes.
1141 1587 1201 1614 quae
1214 1587 1268 1606 una
1289 1580 1316 1606 in
1334 1587 1430 1606 novem
1446 1579 1528 1606 Musis
1547 1587 1676 1606 numera-

886 1632 943 1659 tur,
959 1627 1136 1654 Macedonum
1154 1634 1201 1654 rex
1219 1626 1268 1652 fuit
1293 1629 1320 1652 et
1344 1625 1485 1660 Odrysidis
1501 1625 1568 1660 (58).
1590 1625 1676 1652 Musi-

886 1682 945 1702 cam
969 1674 1013 1701 hic
1028 1678 1113 1700 artem
1128 1673 1261 1704 exercuit,
1284 1672 1459 1705 maximeque
1481 1671 1675 1708 citharisticam

887 1721 997 1756 (etenim
1008 1721 1144 1748 Thracum
1159 1719 1223 1746 illud
1235 1723 1261 1746 et
1278 1718 1452 1746 Macedonum
1465 1725 1551 1751 genus
1567 1718 1677 1745 musicae

887 1767 1038 1796 studiosqu
1065 1770 1107 1794 est
1128 1766 1168 1793 vel
1189 1765 1343 1799 imprimis),
1369 1763 1438 1798 plebi
1455 1771 1504 1798 per
1520 1771 1579 1790 eam
1595 1770 1676 1798 supra

887 1814 996 1841 modum
1010 1817 1113 1848 gratus.
1129 1811 1212 1839 Fama
1234 1815 1325 1838 autem
1349 1810 1411 1842 fuit,
1426 1810 1459 1836 ad
1474 1809 1575 1836 inferos
1589 1809 1677 1843 ipsum

888 1868 981 1887 arnore
1004 1859 1149 1894 Eurydices
1164 1857 1287 1891 conjugis
1313 1856 1469 1889 adductum,
1486 1856 1677 1888 descendisse.

888 1905 979 1940 ibique
1002 1904 1144 1931 Plutonem
1165 1909 1198 1929 ac
1213 1900 1404 1935 Proserpinam
1421 1905 1502 1927 cantu
1523 1900 1562 1927 sic
1583 1900 1678 1927 conci-

887 1950 980 1981 liasse,
1009 1954 1039 1976 ut
1053 1949 1124 1975 dono
1139 1954 1250 1974 uxorem
1263 1951 1382 1980 caperet.
1404 1943 1503 1972 Verum
1529 1944 1580 1971 hac
1592 1944 1678 1979 gratia

888 1995 952 2027 frui,
965 2001 1017 2029 qua
1030 1994 1063 2021 ad
1075 1994 1156 2020 vitam
1171 1992 1214 2019 illa
1227 1996 1352 2020 revocata
1366 1995 1418 2023 est,
1428 1998 1480 2017 non
1492 1990 1589 2025 potuit,
1606 1990 1679 2024 quod

889 2049 948 2076 qua:
976 2041 1008 2068 de
1030 2041 1087 2075 ipsa
1112 2041 1238 2067 mandata
1261 2044 1363 2072 essent,
1380 2046 1432 2065 non
1459 2042 1594 2065 servasset
1610 2037 1678 2072 (59).

889 2089 962 2115 Adeo
972 2092 1061 2114 autem
1071 2085 1208 2113 oblectare
1230 2085 1408 2119 cantibusque
1416 2083 1569 2111 demulcere
1577 2084 1679 2118 peritus

890 2137 959 2164 erat,
975 2136 1040 2159 utet
1056 2131 1121 2158 ferae
1141 2135 1168 2158 et
1182 2137 1256 2163 aves,
1270 2134 1350 2165 atque
1364 2131 1430 2158 adeo
1441 2130 1512 2165 ligna
1527 2137 1558 2156 ac
1568 2129 1680 2163 lapides,

890 2185 951 2205 cum
972 2177 1031 2212 ipso
1046 2185 1098 2203 una
1123 2183 1178 2210 prae
1198 2174 1368 2209 jucunditate
1384 2175 1553 2201 oberrarent.
1566 2171 1682 2199 Interfe-

853 2220 876 2248 D
890 2227 951 2250 ctus
973 2227 1063 2249 autem
1084 2226 1125 2248 est
1138 2219 1321 2248 lacerantibus
1337 2221 1423 2254 ipsum
1441 2217 1566 2246 Thressis
1578 2225 1609 2244 ac
1629 2216 1682 2244 Ma-

893 2268 1030 2296 cedonicis
1045 2267 1163 2298 feminis,
1179 2267 1250 2301 quod
1263 2266 1338 2301 orgia
1357 2272 1416 2292 cum
1432 2264 1483 2291 illis
1495 2271 1546 2291 non
1559 2271 1682 2290 commu-

894 2315 997 2341 nicaret
1021 2321 1078 2340 :ac
1105 2313 1216 2340 forsitan
1241 2312 1323 2339 etiam
1347 2311 1407 2338 aliis
1425 2310 1458 2337 de
1484 2309 1584 2337 causis.
1601 2308 1684 2335 Aiunt

894 2361 966 2388 enim
984 2360 1057 2387 illum
1075 2360 1108 2386 de
1124 2366 1209 2386 uxore
1226 2357 1372 2390 infelicem,
1399 2355 1557 2382 muliebrem
1575 2361 1683 2381 omnem

895 2411 988 2431 sexum
1011 2403 1112 2430 odisse.
1138 2403 1223 2437 Igitur
1242 2409 1302 2429 culll
1329 2400 1408 2428 statis
1431 2400 1525 2426 diebus
1549 2398 1684 2426 Thracum

895 2455 927 2475 ac
965 2447 1141 2475 Macedonum
1172 2447 1267 2481 vulgus
1297 2446 1381 2472 armis
1417 2449 1518 2471 tectum
1550 2443 1685 2469 Libethris

895 2494 1053 2521 conveniret
1065 2493 1092 2520 in
1118 2494 1226 2520 domum
1244 2491 1387 2527 magnifice
1405 2494 1583 2521 exstructam,
1605 2493 1633 2515 et
1652 2487 1686 2514 ad

693 2571 734 2599 VA
742 2570 812 2598 ιιιιΕ
830 2570 1032 2600 LECTIONES.

73 2632 103 2648 ’δ
122 2627 231 2664 ἀνδρῶν
247 2625 286 2661 τῷ
303 2623 428 2660 μνημείῳ
443 2631 475 2654 ς.
511 2622 534 2638 ⁸⁵
548 2620 576 2647 δὲ
591 2627 646 2647 om-
667 2619 700 2646 Δ.
740 2617 930 2652 ⁸⁶ὺπομὰζιον
948 2628 977 2651 ς.
1016 2620 1078 2646 "ob
1099 2627 1154 2646 om.
1181 2626 1222 2653 pr.
1240 2618 1273 2644 Α.
1312 2617 1334 2632 ³⁸
1349 2616 1377 2642 ἓν
1407 2614 1469 2643 add.
1493 2614 1527 2642 A.

796 2673 912 2703 ΝΟΤίΕ.

75 2736 144 2773 (55)
161 2735 199 2773 pe
210 2740 266 2773 quo
283 2737 363 2773 supra
377 2731 480 2755 narrat.
494 2726 540 2753 55.

162 2770 236 2809 Lego
251 2768 372 2809 ἐκόμισε.

164 2791 235 2831 “lvii;
248 2791 356 2837 olim”
383 2799 457 2834 leges
480 2796 564 2842 mlulta
585 2797 688 2842 praeter
705 2791 762 2818 lucc
776 2791 845 2842 aliud

38 2846 172 2873 I‘ansan.

38 2884 126 2907 datu.

197 2827 224 2867 iit
251 2827 359 2864 L'Lébuc.
384 2827 424 2861 cl”
441 2832 510 2868 apud
539 2829 719 2864 inythologos,
738 2835 770 2853 ac
784 2827 847 2853 Sui-

941 2723 998 2766 (EiS)
1014 2724 1100 2766 Quam
1118 2722 1151 2749 ad
1166 2721 1318 2757 [Thraciam
1337 2718 1458 2746 referunt
1477 2716 1584 2748 Strabo,
1601 2720 1628 2742 et
1656 2722 1689 2742 ex

901 2766 934 2786 eo
953 2761 1082 2793 Stephani.

938 2795 995 2829 (59)
1017 2792 1108 2827 Virgil.
1127 2800 1153 2820 ιν
1181 2791 1290 2826 Georg.;
1317 2789 1473 2825 Apollodor.
1497 2786 1544 2814 lil).
1574 2793 1581 2812 ι
1612 2785 1689 2817 iuit.;

904 2830 979 2856 Diod.
999 2829 1094 2861 Sicul.,
1114 2828 1158 2854 lib.
1178 2835 1214 2854 Iv.
