1923 3091
255 157 311 192 583

838 155 974 187 ΡΗΟΤΙΙ
987 155 1243 187 PATRIARCH/E
1260 155 1313 185 ΟΡ.

1842 153 1898 184 584

253 220 314 240 rem
329 211 448 239 divinam
461 214 659 246 comparatam,
683 209 775 245 ibique
793 211 869 246 orgia
882 211 1044 239 celebraturi

1141 213 1169 237 ta
1187 211 1394 246 ἁρπασάμεναι,
1419 210 1466 237 ὑπ’
1479 209 1565 245 ὀργῆς
1588 209 1638 245 τῆς
1656 208 1701 236 διὰ
1715 209 1765 243 τὴν
1778 209 1898 245 ἀτιμίαν

255 260 364 287 domum
383 256 496 293 ingressi
507 257 539 284 ad
554 261 659 291 portam
672 263 748 283 arma
762 257 938 291 deponerent.
956 257 1051 284 obser-

254 313 336 333 vasse
359 305 409 331 hoc
422 303 562 335 mulieres,
576 301 765 336 correptisque
785 303 869 330 armis
886 302 940 330 illis
952 310 1050 338 magna

255 351 297 378 ira
309 349 500 382 inﬂammatas,
513 347 584 383 quod
596 351 846 377 contemnerentur,
860 355 921 374 cum
935 353 1048 376 czcteros

253 396 292 423 ibi
309 395 516 430 procumbentes
541 393 710 421 interfecisse
724 413 731 426 ,
755 398 809 420 tum
829 392 924 429 ιωὺ
940 393 1048 428 Orphea

253 444 342 476 ipsum
366 441 536 469 membratim
552 441 710 472 dissectum,
730 439 757 466 itt
780 448 854 466 tnare
869 440 968 474 passim
985 447 1049 475 pro-

252 489 362 524 jecisse.
380 488 538 516 Pestilentia
556 487 653 514 deinde
665 486 804 521 regionem
824 486 897 513 illam
912 491 1047 519 vastante,

253 543 287 563 eo
300 536 370 570 quod
388 535 421 562 de
441 533 548 561 feminis
565 533 675 560 minime
699 537 835 567 sumptum
857 537 930 560 esset
946 533 1048 568 suppli-

255 583 338 614 cium,
362 586 489 616 rogantes
511 580 614 607 incolas
637 579 708 606 lnem
726 579 833 612 depelli,
859 587 1017 614 responsrnn
1031 587 1048 607 e

257 628 362 664 tripode
387 628 529 662 accepisse
548 636 555 654 :
574 626 603 654 Si
621 625 719 661 Orphei
736 624 791 660 (60)
807 631 888 660 caput
910 631 1047 660 repertum

254 675 330 702 humi
345 675 502 705 conderent,
519 673 576 700 fore
593 678 623 700 ut
642 674 767 708 contagio
782 673 927 700 desineret.
948 673 987 700 Ita
1003 673 1046 700 vix

253 722 362 751 tandem
389 721 454 748 illud
469 720 503 748 ad
527 720 596 747 ostia
617 719 720 746 Meletis
742 719 862 746 ﬂuminis
876 726 890 745 a
912 719 1048 754 piscatore

255 769 372 803 quodam
385 774 446 795 esse
463 767 614 797 inventum,
626 765 707 792 etiam
722 770 785 792 tunc
799 773 910 798 canens,
926 765 1048 800 nihilque

254 823 270 842 a
300 814 413 841 marinis
442 811 569 839 ﬂuctibus
596 810 794 842 deformatum,
818 818 868 852 nec
898 811 1046 846 quidquam

254 870 348 890 eorum
375 868 497 896 passum,
513 867 573 895 quae
595 857 676 885 solita
693 859 748 885 sint
763 865 812 892 per
831 857 945 885 mortale
959 857 1044 885 fatum

254 908 282 935 in
298 907 437 935 hominum
452 903 631 933 cadaveribus
644 902 716 930 foeda
732 902 831 930 exoriri
848 910 856 929 :
872 902 920 929 sed
937 901 1046 938 elegans

253 954 345 990 potius
370 953 470 988 ipsum,
496 949 643 983 nativoque
666 949 798 983 sanguine
817 947 949 975 imbutum
972 952 1048 976 tanto

253 1002 316 1034 post
344 1001 467 1031 tempore
482 994 612 1029 viguisse.
629 993 716 1028 Caput
739 1000 805 1026 ergo
818 992 888 1020 istud
907 998 1047 1028 acceptum

1062 890 1084 917 Β

1099 255 1163 288 τούς
1175 265 1205 283 τε
1214 255 1436 291 προσπίπτοντας
1451 255 1677 290 κατειργάσαντο,
1701 255 1749 282 καὶ
1766 255 1812 281 τὸν
1829 256 1899 290 Ὀρ-

1101 302 1154 336 ιρὲα
1168 301 1239 328 κατὰ
1256 301 1324 337 μέλη
1338 301 1453 337 ἔρριψαν
1468 302 1508 332 εἰς
1521 301 1570 336 τὴν
1585 301 1723 328 θάλασσαν
1744 300 1900 336 σΜρῶην.

1099 348 1194 384 Λοιμῷ
1208 348 1236 375 δὲ
1250 349 1300 383 τῆς
1318 347 1420 383 χώρας,
1447 348 1487 374 ὅτι
1504 347 1541 384 μὴ
1559 347 1739 383 ἀπῃτήθησαν
1765 348 1847 383 δίκην
1871 348 1901 374 αἱ

1099 395 1239 428 γυναῖκες,
1273 394 1458 430 κακουμένης,
1480 394 1603 429 δεόμενοι
1616 394 1742 429 λωφῆσαι
1753 395 1784 422 τὺ
1795 395 1900 425 δεινὸν,

1100 441 1196 468 ἔλαϐον
1221 441 1357 476 χρησμὸν,
1381 440 1430 476 τὴν
1458 440 1580 476 κεφαλὴν
1606 441 1689 475 τὴν⁸¹
1717 441 1842 475 Ὀρφέως
1866 442 1902 468 ἂν

1100 485 1263 522 ἀνευρόντες
1292 485 1410 521 θάψωσι,
1438 487 1530 521 τυχεῖν
1546 486 1718 521 ἀπαλλαγῆς.
1736 487 1792 514 Καὶ
1816 487 1903 521 μόλις

1099 533 1185 567 αὐτὴν
1208 533 1275 568 ’περὶ
1302 533 1352 562 τὰς
1381 533 1496 564 ἐκϐολὰς
1528 532 1576 559 τοῦ
1598 533 1723 568 Μέλητος
1752 533 1784 560 δι’
1796 533 1904 565 ἁλιέως

1102 577 1216 613 ἀνεῦρον
1232 578 1366 613 ποταμοῦ,
1393 579 1441 605 καὶ
1459 579 1520 606 τότε
1545 578 1672 614 ᾅδουσαν,
1689 577 1754 614 [455
1768 578 1814 614 8.]
1853 581 1904 605 καὶ

1101 624 1186 660 μηδὲν
1205 624 1347 652 παθοῦσαν
1374 625 1427 652 ὑπὸ
1454 625 1504 660 τῆς
1532 625 1682 660 θαλάσσης,
1705 625 1773 660 μηδέ
1786 633 1814 651 τι
1833 625 1905 652 ἄλλο

1098 671 1153 698 τῶν
1167 671 1217 697 ὅσα
1232 671 1316 706 κῆρες
1341 670 1511 707 ἀνθρώπιναι
1535 671 1640 706 νεκρῶν
1654 671 1737 706 αἴσχη
1753 671 1903 706 φέρουσιν,

1099 718 1157 745 ἀλλ’
1186 717 1399 753 ὲπακμάζουσαν
1411 718 1496 754 αὐτὴν
1511 718 1558 745 καὶ
1574 718 1665 753 ζωίκῷ
1681 718 1727 744 καὶ
1741 718 1802 744 τότε
1810 717 1838 734 ⁸ο
1858 718 1905 744 αῖ-

1100 773 1166 800 ματι
1199 764 1269 799 μετά
1297 764 1382 791 πολὺν
1398 765 1494 800 χρόνον
1507 763 1690 791 ἐπανθοῦσαν.
1699 763 1842 795 Λαϐόντες
1854 761 1906 790 οὖν

1099 811 1152 837 ὑπὸ
1177 812 1278 846 σήματι
1307 811 1418 846 μεγάλῳ
1435 811 1578 843 θάπτουσι,
1593 811 1708 845 τέμενος
1722 810 1799 845 αὐτῷ
1815 818 1907 844 περι-

1098 857 1247 893 είρξαντες,
1262 857 1276 884 ὃ
1285 859 1355 890 τέως
1381 858 1430 893 μὲν
1440 857 1531 894 ἡρῷον
1541 855 1587 893 ἦν,
1610 857 1672 884 ὕστε
1678 865 1722 893 ρον
1737 857 1760 884 δ’
1771 857 1890 890 ὲξενίκη
1899 872 1908 877 -

1099 912 1145 930 σεν
1162 904 1234 939 ἱερὸν
1253 902 1341 931 εἶναι·
1358 904 1464 936 θυσίαις
1480 913 1510 931 τε
1523 904 1578 939 γὰρ
1600 904 1648 931 καὶ
1670 905 1743 935 ὅσοις
1772 903 1871 935 ἄλλοις
1883 904 1905 919 "

1100 949 1156 976 θεοὶ
1167 951 1311 985 τιμῶνται,
1332 951 1505 987 γεραίρεται,
1523 951 1602 978 Ἔστι
1617 951 1646 978 δὲ
1663 950 1772 985 γυναιξὶ
1795 959 1908 977 παντε-

1100 995 1154 1027 λῶς
1164 996 1275 1024 ἄϐατον.

255 1045 359 1081 ingenti
385 1043 490 1071 tumulo
519 1041 686 1072 mandasse.
721 1045 982 1076 monumentumque
1004 1041 1055 1076 ipsi
1075 1043 1214 1071 heroicum
1245 1045 1278 1072 ab
1303 1045 1381 1072 initio
1398 1044 1623 1076 circumdedisse,
1654 1044 1742 1071 donec
1766 1043 1794 1071 id
1824 1049 1911 1078 post-

255 1095 363 1122 modum
390 1091 527 1123 obtinuit,
556 1093 585 1116 ut
611 1096 662 1124 pro
687 1087 780 1115 divino
807 1087 871 1114 fano
898 1088 1054 1117 haberetur.
1087 1089 1236 1119 Sacriliciis
1261 1093 1345 1125 enim,
1375 1091 1489 1126 aliisque
1507 1092 1587 1119 rebus
1622 1092 1835 1127 quibuscumque
1868 1093 1907 1119 dii

255 1139 384 1169 honorari
397 1138 496 1170 solent,
511 1136 593 1164 etiam
609 1136 666 1170 ipse
678 1135 787 1162 colitur.
803 1134 924 1162 Feminis
939 1136 1048 1163 interim
1064 1137 1175 1165 omnino
1195 1139 1364 1166 inaccessum
1383 1139 1513 1174 templum
1531 1139 1596 1166 illud
1618 1143 1670 1165 est.

291 1184 506 1220 Quadragesitna
524 1185 621 1210 sexta:
641 1182 708 1208 Dum
724 1179 807 1215 Troja
830 1185 1045 1216 expugnaretnr,

255 1233 347 1261 emisit
375 1232 501 1259 Priamus
528 1229 554 1256 in
583 1228 695 1263 Lydiam
725 1227 794 1255 duos
817 1226 942 1255 llectoris
964 1227 1046 1261 ﬁlios,

256 1279 392 1315 nynium
407 1282 434 1305 et
449 1268 660 1304 Scamandrum.
677 1274 762 1308 Capto
776 1274 837 1301 dein
857 1273 917 1306 Ilio,
932 1273 1046 1306 Encas,

255 1325 382 1354 Anchisa!
401 1331 433 1351 ac
450 1321 563 1350 Veneris
579 1320 662 1352 tilius,
685 1319 794 1347 Graecos
827 1319 945 1354 fugiens,
974 1320 1046 1347 ldam

256 1374 346 1408 primo
358 1370 472 1398 incoluit
488 1378 494 1396 :
509 1368 555 1396 sed
571 1375 632 1395 cum
647 1367 747 1394 reversi
757 1373 772 1393 e
785 1365 870 1401 Lydia
886 1365 1008 1401 Oxynius
1019 1371 1047 1393 et

256 1419 424 1447 Scamander
447 1415 539 1443 otnnia
568 1415 670 1441 circum
697 1412 775 1439 lliutn
793 1413 852 1439 loca
871 1420 903 1439 ex
935 1418 1046 1446 paterna

254 1463 498 1493 velutbaeredilate
512 1460 617 1492 relicta,
631 1459 682 1487 sibi
697 1459 866 1486 vindicarent
882 1467 889 1488 :
907 1464 1047 1494 assumpto

256 1511 360 1540 xEneas
379 1514 457 1544 patre
484 1507 616 1538 Anchise,
641 1511 669 1533 et
683 1510 817 1540 quotquot
840 1505 925 1539 potuit
953 1513 969 1533 e
985 1513 1049 1539 pro-

257 1557 329 1592 fugis
342 1556 426 1583 solent
444 1561 539 1581 versus
552 1553 685 1580 orientem
704 1553 760 1587 (61)
775 1555 808 1580 de
821 1553 936 1581 Veneris
952 1555 1048 1582 matris
1061 1558 1084 1588 C

258 1604 386 1631 mandato
400 1601 523 1630 tetendit.
536 1599 662 1634 Trajecto
680 1600 762 1635 igitur
774 1599 960 1635 Hellesponto,
975 1601 1048 1628 venit

257 1652 291 1678 ad
308 1651 410 1682 sinum,
426 1649 473 1683 qui
491 1648 626 1675 Thermus
636 1652 679 1674 est
695 1648 863 1679 nominatus,
885 1648 930 1675 ubi
945 1648 1048 1675 Anchi-

257 1705 306 1724 seu
323 1697 377 1723 vita
390 1695 513 1722 functum
532 1693 637 1728 sepelit,
649 1694 761 1728 ipseque
775 1693 895 1720 oblatum
911 1694 1048 1721 abincolis

258 1751 371 1776 regnum
388 1746 507 1768 recusat.
524 1740 594 1767 Hinc
612 1740 639 1766 in
652 1739 815 1766 Brusiadem
833 1739 889 1775 (62)
909 1740 1047 1774 regionem

258 1789 397 1823 profectus
411 1794 463 1819 est.
480 1787 524 1815 ubi
542 1787 678 1818 omnibus,
693 1786 900 1821 qttihuscunqne
913 1793 1046 1820 uteretur,

258 1835 396 1871 expetitus
414 1839 560 1869 gratusque
591 1832 652 1865 fuit.
671 1833 706 1860 oh
735 1840 842 1860 morum
871 1832 1000 1860 nimirum
1031 1841 1047 1860 a

257 1881 366 1908 Venere
390 1880 505 1907 inditam
533 1879 709 1906 suavitatem.
731 1879 770 1906 lbi
801 1879 950 1914 ntugiente,
987 1887 1048 1914 qum

258 1929 346 1962 ipsum
363 1934 396 1953 ex
412 1926 457 1953 ida
485 1925 661 1959 sequebatur,
683 1925 752 1952 bove
782 1925 835 1961 (sic
860 1925 931 1952 enim
958 1925 1047 1953 Venus

259 1979 338 2000 antea
354 1972 521 2004 mandarat),
537 1970 595 2004 eius
604 1978 659 1998 ora:
673 1970 816 2005 imperium
826 1971 990 1999 donantibus
1005 1972 1048 1999 in-

258 2019 326 2047 colis
349 2017 480 2052 suscepit,
499 2017 652 2052 bovemque
670 2017 749 2043 matri
772 2018 911 2045 mactavit.
934 2018 974 2045 Atl
990 2018 1048 2046 hac

259 2065 354 2092 urbem
382 2063 513 2093 condidit,
540 2070 601 2096 qua:
634 2066 697 2089 tunc
722 2062 832 2096 quidem
861 2071 875 2089 a
906 2064 1048 2090 conditore

257 2110 344 2138 Enea
352 2110 418 2144 (65),
436 2114 497 2144 post
511 2108 611 2135 inﬂexo
626 2108 750 2135 nonnihil
769 2109 880 2136 nomine
891 2108 979 2137 [Eous
989 2110 1046 2145 (154)

258 2159 340 2185 dicta.
356 2157 418 2184 Il:cc
434 2156 514 2189 igitur
527 2163 579 2182 una
601 2155 731 2186 narratio,
755 2160 856 2190 praeter
873 2157 925 2183 alia
952 2157 1046 2189 multa,

259 2201 378 2228 refertur
391 2208 405 2226 a
420 2200 532 2228 Grzecis.
557 2200 651 2226 Altera
663 2205 752 2227 tamen
772 2201 827 2233 illa,
844 2209 904 2235 qua:
916 2201 1044 2229 Romana:

258 2248 345 2282 gentis
363 2247 494 2281 originem
510 2246 544 2274 ab
556 2247 614 2281 ipso
633 2247 741 2281 repetit,
758 2247 870 2274 etAlhae
878 2248 1045 2275 conditorem
1063 2239 1086 2266 ι)

258 2292 336 2325 facit,
353 2293 433 2320 simul
443 2293 524 2319 etiam
537 2291 688 2325 oraculum,
698 2299 749 2326 qua
761 2293 880 2319 incolere
891 2293 1047 2326 jubebatur.

259 2339 305 2366 ubi
325 2339 383 2373 ipse
399 2346 459 2365 cum
486 2338 568 2365 sociis
583 2338 670 2365 sacris
694 2345 835 2373 operatus,
851 2347 972 2366 mensam
990 2340 1047 2376 (65)

257 2393 367 2421 quoque
382 2386 591 2420 absumpsisset,
605 2385 673 2419 hrec,
689 2386 812 2422 inquam,
832 2388 956 2414 narratio
971 2389 1049 2416 valde

255 2433 312 2468 jam
327 2433 391 2460 trita
405 2437 457 2460 est.

1141 1181 1173 1207 'H
1202 1184 1250 1219 μς·’
1274 1184 1311 1216 ὡς
1339 1184 1440 1218 Τροίας
1466 1184 1655 1220 πορθουμένης
1669 1185 1692 1201 ⁵³
1720 1185 1911 1214 ὑπεκτίθεται

1099 1230 1224 1266 Πρίαμος
1248 1230 1289 1262 είς
1314 1230 1414 1257 Λυδίαν
1427 1231 1473 1257 δύο
1497 1231 1596 1262 παῖδας
1612 1232 1755 1266 Ἕκτορος,
1775 1232 1910 1264 Ὀξύνιον

1098 1277 1147 1302 καὶ
1174 1276 1360 1312 Σκάμανδρον.
1385 1277 1463 1304 Ἐπεὶ
1475 1277 1504 1304 δὲ
1519 1277 1549 1304 τὸ
1562 1278 1644 1305 Ἴλιον
1661 1278 1729 1313 ἥλω,
1757 1279 1878 1309 Αἰνείας
1895 1281 1910 1305 ὁ

1104 1321 1234 1357 Ἀγχίσου
1251 1323 1298 1349 καὶ
1318 1322 1490 1358 Ἀφροδίτης,
1512 1323 1652 1358 διαφυγὼν
1672 1324 1735 1355 τοὺς
1759 1324 1910 1358 Ἀχαιοὺς,

1097 1369 1128 1395 τὺ
1143 1370 1192 1404 μὲν
1206 1369 1315 1403 πρῶτον
1332 1368 1460 1406 ᾢκειτὴν
1472 1370 1555 1405 Ἴδην·
1581 1370 1702 1403 Ὀξυνίου
1718 1371 1746 1397 δὲ
1763 1371 1812 1397 καὶ
1829 1371 1907 1398 Σκα-

1100 1413 1217 1447 μάνδρου
1227 1413 1431 1441 ἐπανελθόντων
1441 1415 1464 1430 ⁵³
1476 1415 1530 1441 ἀπὸ
1543 1415 1645 1448 Λυδίας
1657 1416 1704 1442 καὶ
1714 1415 1752 1446 ὡς
1763 1417 1910 1452 πατρῴας

1097 1458 1201 1494 λήξεως
1217 1460 1461 1495 μεταποιουμένων
1476 1460 1530 1487 τῶν
1558 1462 1623 1496 περὶ
1639 1461 1670 1488 τὸ
1690 1461 1771 1488 Ἴλιον
1794 1462 1908 1494 τόπων,

1101 1505 1243 1533 ἁναλαὸὼν
1264 1507 1394 1542 Ἀγχίσην
1428 1508 1474 1534 τὸν
1499 1509 1606 1543 πατέρα
1625 1509 1673 1535 καὶ
1694 1509 1774 1539 ὅσους
1788 1508 1911 1536 δύναιτο

1100 1552 1155 1579 τῶν
1184 1552 1381 1588 συμφυγάδων,
1394 1553 1464 1589 πρὸς
1476 1553 1553 1588 ἥλιον
1567 1554 1712 1589 ἀνίσχοντα
1724 1553 1816 1589 ᾤχετο
1827 1555 1908 1582 κατὰ

1104 1598 1264 1634 Ἀφροδίτης
1294 1599 1454 1634 ἐπίσκηψιν.
1482 1600 1585 1631 Διαϐὰς
1609 1599 1655 1626 οὖν
1681 1599 1745 1636 [254
1775 1600 1824 1637 ΙΙ.]
1857 1603 1908 1628 τὸν

1106 1645 1305 1680 Ἑλλήσποντον
1315 1665 1322 1678 ,
1339 1646 1387 1672 καὶ
1401 1646 1567 1680 ἀφικόμενος
1579 1646 1602 1662 ³⁸
1617 1647 1657 1678 εἰς
1671 1646 1780 1681 Θερμὺν
1796 1648 1912 1674 καλού-

1099 1700 1179 1727 μενον
1204 1692 1326 1726 κόλπον,
1354 1692 1483 1728 Ἀγχίσην
1515 1693 1563 1727 μὲν
1590 1693 1761 1720 ἀποθανόντα
1786 1693 1910 1727 θάπτει,

1098 1737 1180 1769 αὐτὸς
1201 1737 1230 1764 δὲ
1247 1738 1302 1764 τῶν
1327 1739 1484 1774 ἐπιχωρίων
1504 1739 1641 1774 δεομένων
1652 1739 1722 1765 ὥστε
1743 1739 1912 1774 βασιλεύειν

1098 1784 1188 1810 αὐτῶν
1209 1785 1260 1811 οὐκ
1280 1785 1398 1818 ἐδέξατο.
1429 1783 1497 1812 Εἶτα
1525 1786 1565 1818 εἰς
1593 1785 1644 1820 τὴν
1663 1786 1819 1820 Βρουσιάδα
1853 1790 1914 1823 γῆν

1098 1830 1226 1866 ἔρχεται·
1244 1832 1312 1858 πᾶσι
1324 1833 1347 1857 δ’
1359 1829 1394 1867 ἦν
1414 1832 1556 1867 ἐφίμερος,
1582 1831 1623 1864 οἷς
1646 1833 1803 1867 ὲτυγχάνοι,
1828 1836 1913 1861 κατὰ

1099 1878 1178 1913 χάριν
1194 1878 1244 1913 τῆς
1261 1878 1431 1914 Ἀφροδίτης.
1462 1879 1594 1906 Ἐνταῦθα
1619 1879 1821 1914 μυκησαμένης
1854 1882 1912 1915 ’τῆς

1099 1924 1289 1960 συνεπομένης
1303 1924 1378 1960 αὑτῷ
1403 1925 1464 1960 βοὸς
1476 1925 1505 1958 ἐξ
1520 1925 1593 1960 Ἴδης
1615 1925 1705 1960 (τοῦτο
1718 1925 1772 1961 γὰρ
1797 1926 1911 1962 Ἀφρο-

1097 1971 1156 2007 δίτη
1172 1971 1322 2007 ἐπέσκηψε)
1340 1972 1474 2006 λαμὸἀνει
1485 1973 1516 1999 τὸ
1531 1973 1629 2008 κράτος
1645 1973 1695 2008 τῆς
1703 1974 1755 2008 γῆς
1767 1974 1911 2003 διδόντων

1097 2017 1152 2044 τῶν
1179 2018 1344 2053 ἐπιχωρίων,
1373 2018 1421 2045 καὶ
1453 2020 1503 2054 τὴν
1518 2019 1582 2054 βοῦν
1593 2019 1652 2046 θύει
1674 2019 1839 2057 Ἀφροδίτῃ,
1858 2024 1911 2049 καὶ

1098 2063 1184 2096 κτίζει
1212 2065 1299 2096 πόλιν,
1316 2065 1333 2101 ἢ
1349 2064 1409 2091 τότε
1440 2065 1490 2100 μὲν
1499 2066 1521 2082 ⁸⁸
1534 2066 1626 2092 Δῐνεια
1651 2065 1707 2092 ἀπὸ
1719 2066 1766 2092 τοῦ
1783 2068 1912 2095 κτίσαν-

1097 2118 1153 2143 τος,
1180 2111 1293 2145 ὕστερον
1306 2111 1334 2138 δὲ
1352 2112 1568 2147 παρενεγκόντος
1595 2112 1643 2139 τοῦ
1667 2113 1804 2148 ὀνόματος
1818 2114 1912 2148 Αἶνος

1098 2156 1211 2191 ἐκλήθη.
1241 2157 1327 2190 Λόγος
1347 2158 1397 2192 μὲν
1410 2157 1457 2184 οὖν
1468 2155 1508 2189 εἷς
1525 2155 1603 2190 οὗτος
1622 2159 1674 2185 ὑπὸ
1694 2158 1841 2194 Ἑλλήνων
1857 2163 1912 2188 ἐπὶ

1099 2202 1208 2233 πολλοῖς
1229 2202 1321 2233 ἄλλοις
1347 2202 1475 2237 λέγεται·
1492 2204 1506 2230 ὁ
1520 2204 1548 2230 δὲ
1562 2204 1593 2230 τὸ
1611 2204 1746 2239 Ῥωμαῖον
1763 2207 1852 2238 γένος
1867 2209 1913 2240 si;

1099 2250 1181 2277 αὐτὸν
1204 2251 1348 2286 ἀναφέρων
1369 2251 1416 2277 καὶ
1439 2253 1562 2287 οἰκιστὴν
1588 2252 1673 2278 ποιῶν
1702 2252 1821 2285 Ἄλϐας,
1857 2258 1912 2281 καὶ

1097 2294 1128 2321 τὸ
1168 2297 1335 2331 χρηστήριον
1366 2295 1381 2322 ὃ
1415 2298 1553 2323 κατοικεῖν
1591 2297 1743 2332 ἐπέτρεπεν
1759 2298 1786 2313 ⁹⁶
1822 2299 1911 2326 ὁπότ’

1098 2341 1132 2368 ἂν
1146 2342 1227 2373 αὐτὸς
1251 2342 1309 2377 ἃμα
1325 2342 1379 2369 τῶν
1390 2343 1412 2359 ³⁷
1428 2344 1476 2370 σὺν
1489 2343 1563 2378 αὑτῷ
1576 2343 1661 2375 Θύσας
1693 2343 1764 2377 μετὰ
1783 2344 1845 2370 τῶν
1863 2354 1909 2372 σι-

1097 2387 1162 2414 τίων
1190 2389 1345 2424 καταφάγοι
1370 2389 1481 2422 καὶτὰς
1501 2388 1652 2426 τραπέζας,
1669 2388 1748 2420 οὗτος
1763 2394 1911 2426 κατημά-

1097 2435 1200 2469 ξευται.

912 2502 1029 2530 νΑιιικΕ
1049 2501 1253 2531 LECTIONES.

293 2546 316 2562 3’
332 2554 394 2582 κεφ,
423 2545 470 2572 τοῦ
488 2546 518 2574 Ο.
543 2546 576 2582 ἢν
594 2547 639 2582 av,
654 2547 780 2582 εὑρόντες
793 2556 823 2579 ς.

258 2581 395 2616 κουμένης
423 2582 510 2608 malis.
528 2581 564 2608 cf.
583 2590 609 2616 p.
630 2581 662 2608 Β.

258 2617 281 2633 ³⁸
306 2617 411 2652 ἔπρεπε
425 2625 455 2648 ς.
493 2616 515 2633 ’⁷
533 2616 600 2652 τῶν]
633 2617 673 2652 τῷ
697 2617 742 2644 A:
765 2619 821 2650 τοῖς
844 2627 875 2650 ς.

861 2548 884 2564 '°
899 2549 946 2575 καὶ
965 2549 1026 2575 τότε
1044 2550 1105 2576 add.
1122 2551 1154 2576 A.
1192 2551 1214 2566 “
1232 2550 1329 2581 ἄλλους
1354 2557 1409 2576 om.
1441 2557 1482 2582 pr.
1511 2549 1544 2576 Α.

700 2582 746 2615 88,
772 2583 807 2610 45
820 2588 848 2610 et
863 2583 927 2616 989,
943 2583 990 2612 22.
1027 2585 1051 2600 ³³
1064 2584 1197 2612 ἐλθόντων
1207 2586 1240 2613 Α.

1587 2549 1652 2586 Dfini
1668 2548 1752 2586 _l'ort_e
1778 2549 1905 2586 πολιορ-

1286 2585 1502 2620 ⁹³ἀφικούμενος
1528 2593 1558 2616 ς.
1597 2585 1620 2600 ⁸⁵
1634 2583 1681 2610 τοῦ
1709 2584 1759 2619 μὲν
1788 2593 1837 2613 at.
1869 2583 1904 2619 ἐς.

998 2665 1113 2694 NOTAE.

295 2708 350 2743 (60)
368 2708 481 2736 anian.
497 2709 627 2736 Aduersus
643 2709 740 2738 indoct.

293 2744 349 2780 (61)
359 2744 518 2780 ’Λνίςχοντα
526 2752 623 2780 errore
636 2745 815 2779 geographica
823 2754 872 2780 pro
880 2748 1033 2774 καταδυντα

292 2778 349 2815 (62)
366 2780 406 2818 ᾼιι
415 2778 592 2818 ριὐιὶἓε-ιξοςιο
605 2778 718 2818 ιιηιιίυίς,
728 2778 771 2807 illa
787 2778 951 2810 Macedoniae
962 2783 1047 2818 pars?

259 2813 326 2842 Eam
352 2814 387 2841 ab
415 2813 532 2841 Emathii
547 2814 603 2842 lilio
621 2814 708 2843 Bruso
725 2823 823 2844 nomen
844 2817 944 2845 habere
962 2813 1046 2846 'docet

258 2849 354 2884 Steph.
369 2849 481 2884 Byzanl.

293 2857 354 2911 8811.
369 2857 481 2884 uyzant.
597 2885 603 2891 _

293 2884 349 2920 (‘5)
368 2885 446 2921 Apud
459 2885 554 2920 Steph.
568 2890 649 2914 etiam
661 2885 784 2916 (Eneada
804 2887 905 2916 dictam
921 2889 1045 2923 observo,

1099 2713 1186 2747 ibique
1207 2713 1338 2746 sepultum
1364 2713 1505 2740 Anchisen.
1529 2712 1601 2747 Lege
1629 2712 1702 2747 Virg.
1728 2719 1757 2738 ιιι
1777 2711 1905 2741 ΑῑηεὲιΙ.

1100 2749 1161 2775 init.
1184 2753 1212 2775 et
1230 2749 1264 2775 ibi
1277 2748 1402 2775 Servium
1420 2754 1589 2782 caeterosqne
1607 2748 1778 2782 interpretes.

1131 2783 1189 2818 (64)
1206 2783 1243 2810 lta
1253 2783 1389 2819 Pliniuset
1401 2784 1496 2817 Pomp.
1510 2783 1589 2819 Mela.
1604 2783 1650 2810 lib.
1665 2791 1694 2814 ιι,
1707 2789 1766 2809 eam
1780 2791 1904 2819 quoque

1100 2819 1235 2852 appellant
1250 2827 1256 2845 :
1273 2822 1298 2844 et
1313 2818 1430 2846 Pansan.
1447 2819 1560 2845 Eliacis.
1572 2818 1637 2847 Aur.
1659 2818 1752 2845 Victor
1762 2818 1861 2846 etiaur
1872 2822 1902 2849 in

1102 2853 1177 2885 Orig.
1190 2859 1260 2888 gem.
1276 2853 1353 2880 Rom.

1138 2886 1194 2925 ((55)
1208 2890 1274 2917 Aur.
1287 2888 1390 2924 Victor,
1400 2888 1436 2916 De
1450 2888 1518 2924 orig.
1528 2893 1597 2924 gent.
1613 2886 1690 2917 Rom.
