1923 3091
48 165 100 197 585

573 166 834 197 BlBLIOTHECA.
843 179 877 184 -
889 167 970 196 COD.
985 167 1162 197 CLXXXVI.

1617 174 1670 207 586

85 223 118 248 Ἦ
133 222 178 257 μζ’
196 221 234 254 ὡς
252 223 441 258 Ἀλθαιμένης,
466 223 512 250 τοῦ
531 223 715 260 Ἡρακλειδῶν
739 224 826 258 γένουέ

919 224 1130 259 Quadragesima
1150 225 1263 259 septima
1279 234 1285 252 :
1307 226 1486 255 Althazmencs
1500 228 1566 263 (66),
1586 229 1669 256 [lera-

43 268 122 303 τρὶτη
139 268 221 302 γενεὰ
237 268 290 295 ἀπὸ
316 269 451 304 Τεμένους
461 269 495 302 ⁸⁸,
518 270 657 302 στασιάζει
679 270 746 305 πρὸς
772 270 836 302 τοὺς

44 313 177 347 ἀδελφοὺς
203 313 347 348 (νεώτατος
357 313 438 349 δ’ἦν)
453 316 500 342 καὶ
531 316 725 350 μετανίσταται
750 316 834 342 Πελο-

43 360 191 394 ποννήσου,
222 361 338 396 στρατὸν
351 361 478 396 Δωριέων
493 361 562 395 ἔχων
581 361 627 388 καί
653 371 729 393 τινας
746 362 834 389 Πελα-

43 404 128 437 σγῶν.
141 405 286 432 Ἐστελλον
300 405 330 432 δὲ
343 408 390 433 καὶ
420 407 555 442 Ἀθηναῖοι
569 408 629 434 τότε
641 408 690 442 τὴν
710 407 758 434 σὺν
768 408 833 434 Net-

41 449 95 484 λέῳ
103 450 126 467 υ
142 459 174 476 τε
188 451 236 477 καὶ
263 453 320 483 τοῖς
348 453 492 487 Κοδρίδαις
522 454 667 481 ἀποικίαν·
691 453 790 488 ὁμοίως
804 445 838 480 δέ’

41 497 103 523 καθ’
118 497 231 529 ἑαυτοὺς
256 499 303 525 καὶ
318 498 524 534 Λακεδαιμόνιοι
550 500 597 526 τὸν
608 500 755 535 Φιλονόμου
770 501 832 527 λαὸν

39 542 191 576 ἀπῴκιζον,
206 540 245 569 ὧν
257 544 349 578 ἠγεῖτο
377 544 476 578 Δελφὸς
488 545 573 580 δνομα
582 546 629 571 καὶ
644 545 735 576 Πόλις.
752 545 833 572 Ἐκά-

39 590 133 622 τεροι¹
151 586 198 614 οὖν
233 590 406 625 παρεκάλουν
440 591 618 626 ¹Λλθαιμένην
651 590 832 626 συμμετέχειν

39 633 133 665 αὑτοῖς
156 634 204 660 τοῦ
232 634 326 670 ἔργον,
341 636 370 662 οἵ
391 645 420 662 τε
435 636 546 671 Δωριεῖς
569 636 616 662 τοῦ
647 637 692 662 ἐπὶ
720 637 831 671 Κρήτην

39 680 120 709 πλοῦ.
144 679 192 706 ἆτε
215 681 263 706 καὶ
289 681 369 707 αὑτὸν
386 682 493 716 Δωριέα
503 682 577 712 ὄντα,
594 681 621 707 οἵ
635 690 665 708 τε
687 681 776 712 Ἴωνες
791 682 832 712 εἰς

37 725 85 759 τὴν
103 725 198 752 Ἀσίαν
210 725 281 759 μετὰ
297 726 370 759 σφῶν
383 725 580 760 περαιωθῆναι.
592 725 637 760 Τῷ
647 726 670 751 δ’
681 726 830 760 οὐδετέροις

37 773 127 799 ἐδόκει
155 773 291 808 συμπλεῖν
305 793 312 806 ,
341 773 410 800 ἀλλά
443 774 513 800 κατὰ
542 774 587 800 τὸν
615 773 725 800 δοθέντα
755 773 830 808 αὐτῷ

37 819 164 854 χρησμὸν
191 820 238 846 ἐπὶ
264 820 314 846 Δία
342 820 388 846 καὶ
403 820 498 847 ’Ἥλιον
511 819 682 855 κομίζεσθαι,
705 820 752 847 καὶ
763 820 829 855 παρ’

37 865 127 891 αὐτῶν
142 866 230 892 αἰτεῖν
258 866 298 897 είς
312 866 473 901 κατοίκησιν
485 866 538 900 γῆν
552 876 558 881 -
574 865 645 893 εἶναι
657 866 685 893 δὲ
701 866 762 898 Διὸς
778 866 828 901 μὲν

36 912 262 946 Κρήτην,¹Ηλίου
269 912 297 938 δὲ
312 911 410 938 Ῥόδον.
443 913 623 947 Ἀναγόμενος
655 910 702 939 οὖν
727 913 760 939 ἐκ
773 913 826 939 Πε-

36 957 202 992 λοποννήσου
219 957 361 992 προσίσχει
381 958 449 994 πρὸς
467 959 518 993 τὴν
535 959 658 994 Κρήτην,
678 958 726 985 καὶ
742 958 824 994 μέρος

34 1003 80 1030 τοῦ
92 1002 162 1030 λαοῦ
175 1004 238 1035 τοὺς
252 1004 430 1039 βουλομένους
440 1005 533 1032 αὐτόθι
548 1006 631 1032 οἰκεῖν
648 1004 808 1032 καταλείπει
819 1013 827 1020 ο

34 1049 114 1079 αὐτὸς
126 1049 156 1075 δὲ
168 1048 232 1080 τοὺς
245 1049 354 1081 πλείους
368 1049 437 1085 ἔχων
449 1049 570 1085 Δωρικὸν
585 1050 661 1076 ἔπλει
673 1050 828 1079 ὲτὶῬόδον.

34 1096 90 1130 Τὴν
105 1095 136 1121 δὲ
158 1095 249 1122 Ῥόδον
263 1096 293 1122 τὸ
309 1097 359 1131 μὲν
383 1097 497 1131 ἀρχαῖον
513 1097 575 1128 λαὸς
604 1097 745 1132 αὐτόχθων
771 1097 828 1123 ἐνέ-

36 1150 128 1175 μοντο,
143 1138 182 1168 ὤν
197 1139 266 1176 ἦρχε
292 1142 322 1168 τὸ
343 1142 492 1170 Ἡλιαδῶν¹
515 1142 604 1177 γένος,
632 1142 680 1174 οὓς
707 1143 828 1174 Φοίνικες

34 1188 189 1221 ἀνέστησαν
213 1188 259 1213 καὶ
273 1188 321 1222 τὴν
337 1187 417 1222 νῆσον
443 1188 521 1223 ἔσχον
531 1195 538 1202 ·
556 1187 620 1223 [456
636 1187 682 1224 IL]
697 1189 828 1215 Φοινίκων

33 1233 55 1258 δ’
68 1233 245 1259 ἐκπεσόντων
274 1233 366 1268 Κᾶρες
392 1233 480 1268 ἔσχον,
495 1233 540 1260 ὅτε
563 1233 673 1264 καὶτὰς
687 1233 770 1265 ἄλλας
781 1234 828 1268 νή-

34 1288 97 1311 σους
107 1280 159 1311 τὰς
172 1279 238 1314 περὶ
252 1279 282 1305 τὸ
291 1280 402 1314 Αἰγαῖον
417 1279 428 1295 ³
444 1280 567 1315 ᾤκησαν.
583 1277 631 1311 οἷς
646 1280 827 1306 ἐπιπλεύσαν-

33 1334 78 1358 τες
88 1327 114 1353 οἱ
127 1327 252 1361 Δωριεῖς,
263 1326 374 1361 πολέμῳ
388 1325 418 1352 τὸ
429 1326 553 1361 Καρικὸν
561 1325 825 1360 καταστρεψάμενοι,

33 1374 108 1408 τρεῖς
125 1373 218 1404 πόλεις
234 1373 355 1405 ἔκτισαν,
371 1373 476 1405 Λίνδον,
495 1372 614 1408 Ἰήλυσον
645 1372 693 1398 καὶ
719 1372 827 1405 Κάμει-

34 1428 81 1454 ρον
91 1419 113 1446 ⁸.
134 1420 166 1445 Οἱ
185 1420 234 1454 μὲν
253 1416 299 1445 οὖν
319 1420 430 1453 Δωριεῖς
447 1419 500 1445 am
523 1417 715 1452 Ἀλθαιμένους
742 1417 827 1452 ἀρξά-

33 1473 113 1500 μενοι
134 1464 216 1500 μέχρι
235 1466 282 1492 καὶΙ
299 1465 381 1500 δεῦρο
399 1464 638 1499 καταϐείῖήκασινι
661 1464 690 1490 αἱ
705 1464 733 1490 δὲ
751 1465 826 1498 τρεῖς

32 1510 128 1542 diem;
153 1511 195 1541 είς
219 1509 283 1545 μίαν
314 1509 529 1537 ἀποκλεισθεῖσα
561 1508 681 1544 μεγάλην
707 1508 754 1534 καὶ
785 1508 826 1534 εὐ-

887 271 1020 298 clidarum
1048 272 1155 306 generis
1182 272 1290 300 soboles
1319 273 1375 309 (67)
1392 274 1488 309 151a
1509 282 1523 300 a
1549 275 1668 303 Temene

886 317 976 349 tertia,
993 317 1122 345 fratribus
1153 317 1316 345 dissentiens
1347 320 1568 347 tumultuabatur.
1597 320 1666 348 Natu

885 371 950 398 ergo
967 364 1095 391 minimus
1123 372 1184 391 cum
1212 369 1294 397 esset,
1326 365 1510 399 Peloponneso
1539 368 1665 401 discedit,

885 409 1058 437 Doriensium
1075 417 1167 437 secum
1184 412 1287 445 copias,
1301 416 1328 438 et
1348 411 1520 446 Pelasgorum
1534 414 1666 448 quosdam

884 455 995 483 ducens.
1008 455 1141 482 Miserum
1152 461 1206 482 tum
1222 463 1329 491 quoque
1340 457 1519 485 Athenienses
1532 454 1666 486 coloniam

883 508 944 528 cum
961 501 1042 528 Neleo
1063 501 1135 536 (68),
1164 506 1192 529 et
1202 501 1282 529 Codri
1295 502 1420 536 posteris.
1441 503 1575 530 Similiter
1598 511 1665 531 vero

883 552 910 575 et
920 546 1115 574 Lacedaemonii
1127 548 1227 581 eoipso
1243 552 1363 581 tempore
1379 547 1528 576 Philonomi
1542 549 1599 584 (69)
1618 557 1666 584 po-

881 593 972 627 pulum
982 593 1035 620 alio
1049 593 1200 620 habitatum
1213 594 1358 626 miserunt,
1371 601 1451 628 quem
1461 595 1537 622 duxit
1546 595 1664 629 llelphus

882 639 991 673 quidam
1008 639 1127 672 nomine,
1147 644 1176 667 et
1191 639 1274 667 Polis.
1293 638 1408 674 Utrique
1429 640 1624 668 Althazmenem
1638 642 1664 669 in

882 686 975 719 operis
993 685 1150 712 societatem
1175 691 1317 714 vocarunt.
1344 687 1428 714 Dores
1445 687 1566 722 quidem,
1589 692 1619 714 ut
1638 688 1665 715 in

881 729 989 756 Cretam
1011 737 1063 756 una
1085 730 1242 765 navigaret,
1268 731 1339 765 quod
1371 736 1399 758 et
1438 731 1497 766 ipse
1526 731 1666 760 Doriensis

864 779 961 808 ,esset.
978 775 1055 802 Iones
1072 783 1144 808 vero,
1173 780 1201 802 ut
1228 776 1253 802 in
1279 776 1369 803 Asiam
1394 784 1485 804 secum
1514 777 1663 810 trajiceret.

880 823 1041 850 invitabant.
1069 823 1169 850 Verum
1200 823 1358 850 Althmmeni
1390 830 1450 850 cum
1478 824 1582 850 neutris
1605 831 1665 851 sese

879 867 1041 903 conjungere
1052 868 1162 903 placuit,
1178 869 1326 904 maluitquc
1345 876 1378 895 ex
1403 869 1505 896 oraculi
1534 877 1664 903 responso

879 915 949 949 quod
963 919 1115 949 acceperat,
1132 915 1165 942 ad
1180 915 1272 942 Jovem
1284 919 1312 942 et
1327 915 1416 941 Solem
1426 915 1572 949 proficisci,
1584 919 1664 948 atque

879 961 913 988 ab
928 961 971 988 his
994 961 1132 989 habitandi
1148 961 1235 988 locum
1261 961 1410 995 postulare.
1426 960 1534 987 Cretam
1570 965 1662 987 autem

879 1014 939 1035 esse
956 1006 1040 1040 Iovis,
1056 1007 1127 1035 Solis
1144 1007 1276 1034 Rhodum.
1297 1008 1412 1034 Evectus
1437 1008 1519 1042 igitur
1546 1014 1562 1034 e
1585 1007 1663 1034 Pelo-

878 1061 1007 1089 ponneso,
1022 1054 1048 1080 in
1063 1053 1170 1080 Cretam
1186 1053 1298 1088 appulit,
1314 1053 1458 1088 populique
1475 1057 1590 1087 partem,
1601 1059 1663 1087 quae

879 1101 998 1128 residere
1010 1100 1046 1127 ibi
1073 1100 1164 1131 vellet,
1185 1099 1302 1134 reliquit.
1319 1099 1381 1134 Ipse
1408 1099 1540 1133 plurimos
1570 1106 1661 1126 secum

879 1147 982 1174 habens
998 1147 1140 1173 Dorienses
1165 1146 1191 1172 in
1220 1145 1345 1172 Rhodum
1372 1145 1563 1179 adnavigavit:
1580 1151 1660 1179 quam

878 1192 986 1226 quidem
1015 1192 1129 1219 insulam
1146 1191 1295 1225 antiquitus
1313 1191 1407 1218 incola:
1430 1190 1529 1217 ibidem
1550 1190 1606 1217 nati
1620 1195 1661 1217 te-

877 1243 1003 1268 nuerant,
1018 1236 1132 1263 Iliadum
1148 1236 1214 1270 ipsis
1224 1242 1302 1270 gente
1320 1235 1474 1270 praeposita,
1489 1242 1558 1270 quos
1571 1240 1661 1262 tamen

877 1281 1019 1309 Phtnnices
1032 1287 1092 1316 post
1113 1285 1278 1313 everterant,
1295 1287 1321 1309 et
1338 1281 1453 1308 insulam
1483 1286 1660 1315 occuparant,

878 1325 1050 1352 Phoenicibus
1070 1332 1176 1359 quoque
1203 1325 1347 1358 aliquando
1373 1324 1576 1359 ejectis,Cares
1595 1332 1660 1352 suc-

876 1375 1018 1398 cesserant
1047 1377 1122 1404 :qua
1147 1374 1306 1405 tempestate
1326 1375 1354 1398 et
1381 1371 1448 1397 alias
1473 1371 1557 1398 maris
1578 1370 1662 1405 :Egmi

878 1416 979 1444 insulas
1009 1416 1191 1444 incoluerunt.
1239 1416 1279 1443 Ad
1301 1416 1352 1444 hos
1378 1423 1442 1450 ergo
1470 1416 1662 1452 adnavigantes

877 1462 1034 1495 Dorienses,
1057 1463 1140 1490 armis
1150 1463 1234 1490 Cares
1254 1463 1425 1497 pepulerunt.
1449 1468 1557 1497 tresque
1581 1463 1663 1490 urbes

878 1509 1068 1541 condiderunt,
1082 1509 1206 1542 Lindum,
1228 1509 1343 1544 lelysum
1371 1514 1398 1536 et
1413 1509 1563 1536 Camirum.
1580 1508 1664 1543 Igitur

31 1557 162 1590 δαίμονα,
181 1556 279 1583 ταύτὸν
303 1555 389 1591 ὄνομα
407 1557 440 1592 τῇ
454 1555 529 1591 νήσῳ
556 1555 650 1582 Ῥόδον
664 1554 758 1581 ἔδοσαν
775 1556 824 1580 κα-

880 1555 1037 1587 Dorienses,
1050 1555 1130 1582 ducta
1146 1555 1181 1582 ab
1206 1555 1374 1582 Althaemene
1401 1555 1519 1590 origine,
1541 1555 1573 1582 ad
1592 1556 1663 1582 hanc

31 1603 152 1630 λείσθαι.

75 1737 110 1763 Ἦ
129 1740 175 1772 μη¹
192 1737 227 1763 τὰ
240 1737 305 1772 περὶ
328 1736 434 1772 Ῥώμου
455 1736 502 1763 καὶ
521 1736 660 1771 Ῥωμύλου
674 1736 824 1771 διηγεῖται,

33 1781 268 1817 παραλλάσσουσα
292 1782 360 1817 πρὸς
379 1782 442 1813 τοὺς
458 1781 556 1813 ἄλλους
580 1781 609 1808 ἐν
628 1790 696 1808 τισι.
712 1782 782 1817 Φησὶ
797 1782 825 1809 δὲ

32 1829 72 1860 ὡς
100 1828 228 1862 Ἀμόλιος
249 1827 446 1859 ἐπιϐουλεύσας
468 1828 632 1863 Νεμέτορα⁸
649 1828 694 1855 τὸν
713 1828 825 1862 ἀδελφὺν

33 1875 155 1906 κτείνει,
181 1876 230 1901 καὶ
251 1874 301 1909 τὴν
326 1874 408 1901 αὐτοῦ
436 1874 576 1910 θυγατέρα
606 1874 702 1907 Ἰλίαν,
721 1874 775 1901 ἴνα¹
788 1875 824 1910 μὴ

32 1922 110 1947 τέκοι
123 1919 186 1955 μηδ’
203 1919 365 1955 ἁνδρωθείη,
380 1919 430 1955 τῆς
447 1919 555 1951 Ἑστίας
572 1919 672 1954 ἱέρειαν
689 1921 822 1955 ἀπέφηνε.

33 1967 130 2002 Ταύτῃ
158 1965 266 2000 μιχθεὶς
289 1966 393 2000 Ἄρης,
420 1965 606 2001 ἀπολυόμενος
627 1965 676 2000 τῆς
692 1965 754 2001 [955
777 1966 823 2001 IL]

33 2011 164 2045 ὁμιλίας,
180 2012 254 2042 ὅστις
270 2019 299 2037 τε
319 2009 353 2046 ἦν
376 2010 494 2046 ἐδήλωσε
506 2030 514 2044 ,
530 2011 578 2037 καὶ
598 2011 639 2037 ὅτι
659 2011 706 2038 δύο
727 2011 824 2046 κόρους

33 2057 145 2089 τέξεται
164 2058 195 2089 ἐξ
210 2057 292 2084 αὐτοῦ
307 2057 354 2083 καὶ
376 2057 428 2093 χρὴ
445 2057 566 2093 θαρῥεῖν.
593 2058 673 2084 Ἀλλὰ
691 2058 824 2084 τεκοῦσαν

33 2103 120 2138 αὐτὴν
140 2102 190 2137 μὲν
211 2104 333 2138 ’Δμόλιος
351 2103 392 2134 εἰς
406 2102 594 2138 δεσμωτήριον
610 2103 707 2138 ἔτρυχε
724 2103 822 2137 βαλὼν,

33 2151 86 2175 τινὶ
98 2150 128 2176 δὲ
145 2151 255 2183 ποιμένι
275 2150 328 2176 τῶν
343 2149 417 2184 αὐτῷ
437 2149 539 2175 πιστῶν
553 2149 589 2175 τὰ
603 2149 732 2184 τεχθέντα
742 2149 751 2164 ⁸
766 2150 823 2176 διαί

33 2197 147 2231 φθεῖραι
164 2196 281 2222 δίδωσιν.
308 2196 337 2222 '0
349 2197 378 2223 δὲ
393 2195 483 2222 λαϐὼν
497 2195 527 2222 τὸ
545 2195 594 2230 μὲν
612 2197 720 2230 μίασμα
731 2196 823 2230 χερσὶν

35 2244 114 2275 ἰδίαις
134 2243 238 2277 πρᾶξαι
254 2243 285 2268 οὐ
308 2243 453 2278 προσίετο,
475 2244 516 2273 εἰς
540 2242 648 2276 σκάφην
668 2242 696 2268 δὲ
720 2242 822 2277 μεθῆκε

33 2291 103 2316 κατᾶ
120 2289 169 2316 τοῦ
186 2289 333 2323 Θύόρεωςτ
349 2288 491 2323 φέρεσθαι.
507 2288 580 2322 Αὖτη
594 2288 621 2313 δὲ
637 2289 704 2322 μετὰ
722 2288 822 2323 πολλὴν

34 2337 121 2371 ςορὰν
140 2335 206 2370 περὶ
219 2334 391 2369 προῦχουσαν
404 2333 471 2369 ᾐόνα
483 2333 640 2367 κατίσχεται
659 2333 747 2368 ῥίζαις
763 2333 820 2368 ἐρι-

33 2382 105 2413 vso},
113 2382 145 2410 ὃς
158 2381 244 2415 μέγας
250 2381 340 2406 ἐκεῖσε
352 2379 484 2413 ἐπεφύκει
493 2378 514 2404 ⁸.
526 2379 581 2404 Καὶ
593 2379 609 2412 ἠ
619 2379 709 2413 σκάφη
718 2379 821 2405 ἐκεῖθεν

33 2429 66 2452 τὰ
82 2427 180 2453 παιδία
198 2426 266 2460 πρὸς
284 2425 332 2459 τὴν
347 2424 412 2460 ῂόνα
430 2423 556 2450 ἐκϐάλλει
571 2424 617 2449 ἐπὶ
635 2424 759 2458 μαλακῆς
774 2425 821 2451 καὶ

33 2472 202 2506 ψαμμώδους
216 2471 280 2506 γῆς.
299 2470 387 2501 Λύκος
399 2470 427 2496 δὲ
440 2470 563 2501 νεοτόκος
577 2470 751 2505 ἐπιτυγχάνει
765 2472 820 2502 τοῖς

879 1607 967 1634 usque
986 1605 1093 1626 mtatem
1117 1600 1324 1627 descenderunt.
1339 1599 1401 1626 Tria
1422 1607 1486 1627 vero
1507 1600 1551 1627 illa
1566 1601 1663 1635 oppida

879 1647 904 1673 in
920 1652 1000 1672 unam
1016 1653 1150 1681 magnam,
1172 1646 1320 1680 opibusque
1336 1650 1472 1680 potentem
1494 1647 1587 1674 urbem
1604 1654 1665 1673 coa-

877 1693 994 1725 luerunt,
1011 1692 1054 1719 cui
1068 1697 1096 1719 et
1117 1693 1211 1719 insula:
1225 1692 1312 1719 Rhodi
1334 1699 1431 1719 nomen
1445 1692 1609 1719 indiderunt.

912 1739 1123 1772 Quadragesima
1139 1743 1233 1766 octava
1265 1739 1299 1766 de
1323 1738 1408 1766 [torno
1422 1739 1477 1774 (70)
1500 1743 1527 1766 et
1549 1737 1664 1765 Romulo

877 1789 979 1817 narrat,
997 1784 1118 1812 nonnihil
1144 1791 1159 1811 ε
1186 1784 1300 1819 reliquis
1314 1785 1431 1811 diversa.
1458 1784 1591 1818 Amulius,
1623 1785 1664 1811 in-

877 1831 946 1864 quit,
979 1829 1114 1857 Numitori
1131 1830 1210 1858 fratri
1239 1838 1333 1858 necem
1359 1838 1391 1857 ex
1424 1831 1530 1858 insidiis
1559 1830 1662 1863 intulit,

878 1877 1014 1911 liliumque
1036 1877 1095 1911 ejus
1111 1877 1197 1909 Iliam,
1218 1884 1250 1904 ne
1275 1882 1395 1911 pareret,
1420 1884 1487 1904 neve
1506 1872 1576 1903 cum
1603 1877 1661 1904 viro

876 1926 1077 1953 consuesceret,
1099 1921 1188 1949 Vestae
1218 1922 1384 1948 sacerdotem
1407 1921 1479 1949 fecit.
1496 1921 1558 1948 Haec
1573 1926 1662 1950 tamen

876 1976 890 1995 a
905 1968 990 1995 Marte
1016 1975 1170 2002 compressa
1193 1973 1245 1999 est,
1274 1968 1319 2001 qui
1345 1972 1407 2001 post
1430 1975 1612 2001 congressum,
1636 1971 1664 1994 et

876 2015 936 2048 quis
958 2018 1030 2041 esset
1053 2014 1212 2046 declaravit,
1226 2019 1252 2040 et
1281 2014 1403 2047 geminos
1426 2014 1573 2047 parituram
1592 2021 1661 2047 pra:-

877 2062 954 2094 diait,
980 2061 1051 2087 bono
1067 2067 1126 2088 eam
1145 2060 1237 2087 animo
1260 2067 1321 2087 esse
1336 2059 1443 2094 jubens.
1458 2058 1557 2085 Verum
1582 2065 1661 2093 partu

875 2107 1015 2134 liberatam
1030 2106 1153 2133 Amulius
1164 2111 1278 2140 patruus
1303 2106 1329 2132 iu
1343 2105 1448 2132 vincula
1461 2105 1572 2132 missam
1588 2111 1662 2130 com-

875 2154 964 2188 pegit:
984 2153 1068 2180 fetum
1092 2157 1181 2180 autem
1199 2153 1250 2179 Iido
1266 2152 1373 2179 cuidam
1388 2151 1490 2186 pastori
1510 2150 1660 2178 necandum

875 2200 995 2227 tradidit.
1013 2199 1098 2232 Quem
1119 2204 1148 2226 ut
1160 2199 1273 2233 accepit,
1292 2204 1399 2232 patrare
1413 2197 1456 2224 ille
1465 2197 1519 2224 suis
1537 2197 1660 2224 manibus

875 2247 964 2273 scelus
975 2246 1071 2275 noluit.
1089 2246 1135 2272 sed
1161 2245 1237 2272 alveo
1254 2252 1302 2279 per
1331 2243 1450 2270 Tiberim
1479 2243 1659 2276 deportandos

876 2292 1013 2327 imposuit.
1035 2291 1133 2326 14ιὸ
1148 2291 1248 2317 Alveus
1261 2294 1350 2317 autem
1377 2293 1437 2323 post
1451 2288 1560 2317 multant
1575 2287 1661 2321 jacta-

875 2338 976 2364 tionem
993 2338 1097 2364 tandem
1115 2337 1186 2363 circa
1211 2336 1408 2369 prominentem
1427 2335 1511 2368 ripam
1538 2333 1659 2368 capriﬁci

875 2384 1027 2419 cujusdam,
1056 2390 1115 2417 qua:
1141 2383 1238 2416 ingens
1269 2381 1304 2408 ibi
1330 2385 1498 2412 cxcreverat,
1524 2380 1660 2407 radicibus

875 2429 993 2460 inhaesit,
1007 2433 1087 2462 atque
1107 2427 1169 2454 inde
1183 2434 1289 2461 pueros
1304 2427 1331 2453 in
1354 2426 1452 2460 ripam,
1468 2425 1540 2452 tnolli
1553 2430 1580 2452 et
1597 2433 1658 2452 are-

874 2480 940 2500 noso
956 2472 1024 2505 solo,
1043 2472 1132 2505 ejecit.
1147 2471 1185 2499 Ibi
1210 2472 1284 2506 lupa.
1310 2479 1369 2506 qua:
1390 2478 1484 2498 recens
1505 2475 1658 2505 pepererat,

680 2542 798 2570 VARI/5
818 2543 1024 2572 LECTIONES.

68 2601 92 2616 ’⁸
113 2600 239 2633 Τημένου
256 2600 388 2626 Kannius.

35 2635 190 2671 Kanniunt}
204 2635 271 2671 libri
289 2635 430 2671 Ἰλιάδωνη
457 2634 571 2671 ἀἴγεον
586 2634 618 2660 Α.
657 2635 668 2650 ⁸
684 2634 796 2670 ίήλυσάν
819 2637 866 2662 καὶ
884 2636 985 2671 ἄμιρον
1008 2636 1040 2662 Α.
1079 2636 1089 2651 ⁵
1106 2636 1266 2670 Νουμέτορσ.
1301 2643 1332 2666 ς.

33 2679 87 2705 mg.
104 2671 136 2696 Δ.
174 2669 184 2684 ⁷
201 2669 343 2702 θύμϐρεως
354 2677 386 2701 ς.
421 2670 432 2685 ⁸
443 2668 561 2702 πεφύκει
581 2676 612 2700 ς.

435 2599 467 2636 θ’,
492 2598 634 2636 δηλέῳές.
659 2600 681 2636 ν¹
698 2601 823 2636 ἑκάτεροι
837 2600 883 2627 οὖν
898 2601 919 2627 A
937 2610 943 2627 :
964 2601 1009 2627 καὶ
1026 2601 1150 2635 ἑκάτεροι
1167 2609 1197 2632 ς,
1240 2601 1249 2616 ³
1272 2597 1404 2636 Ἦλιαδῴν
1421 2595 1561 2636 ‘Jaekfon.
1589 2596 1659 2636 apud

1371 2632 1381 2647 ⁸
1399 2631 1434 2657 τὰ
1452 2631 1580 2666 τεχθέντα
1596 2630 1658 2657 add.

788 2712 900 2740 NOTIE.

64 2773 120 2808 (66)
137 2769 260 2799 Meminit
287 2771 381 2808 Steph.
400 2772 515 2808 Byzant.
537 2780 603 2799 voce
625 2771 770 2806 κρητηνία,
790 2776 818 2798 et

35 2805 143 2837 Strabo.
154 2808 200 2834 lib.
218 2814 273 2837 xlv,
289 2808 315 2832 in
335 2805 438 2834 Rhodo.

72 2843 127 2873 (67)
139 2845 174 2869 De
185 2850 239 2875 quo
251 2841 332 2867 multa
346 2841 461 2868 Pausan.

73 2880 125 2904 λϋὸὶ
145 2878 211 2904 Vide
226 2875 325 2902 Ailiun.
343 2877 388 2902 ιλιι.
406 2884 453 2903 vut
466 2897 472 2906 .
486 2886 545 2912 cap.
558 2878 584 2911 ὃ,
609 2877 670 2905 Var.
696 2876 765 2903 Ilist.

201 2924 333 2954 Ρλτιιοι..
353 2924 410 2953 Gtt.
435 2924 514 2955 CIII.

911 2771 966 2809 (99)
986 2771 1053 2809 Fide
1067 2778 1142 2809 supr.
1161 2778 1263 2800 narrat.
1276 2773 1321 2800 56.

911 2804 967 2842 (70)
982 2807 1029 2834 Sic
1044 2804 1152 2841 quoque
1163 2809 1302 2841 Anpianus
1318 2815 1392 2842 supr.
1408 2807 1468 2834 cod.
1483 2805 1516 2832 57
1529 2804 1600 2830 hunc
1615 2809 1659 2828 no-

878 2843 971 2875 minat,
985 2850 1065 2877 quem
1078 2842 1167 2870 Latini
1182 2843 1306 2870 Reinnm.

1447 2918 1483 2947 19
