1923 3091
41 139 90 170 617

615 115 877 167 inBLIo'rHECA.
891 135 1015 166 ——con.
1030 135 1110 166 exc.

1613 132 1666 166 618

44 206 98 224 των
112 196 167 224 τῶν
189 197 330 233 θυομένων
345 195 423 228 ζώων
436 195 471 223 τὰ
484 195 609 231 δέρματα
628 195 703 230 αὐτῷ
726 195 829 230 ἐκδερό-

889 199 938 227 est,
955 202 1050 222 auram
1067 192 1177 221 vitalem
1194 192 1302 220 haurire
1312 192 1395 228 ctepit
1407 192 1664 228 ecfestoApollinis,

42 251 111 277 μενα
127 243 296 271 ἀνατίθεται.
322 243 390 277 Περὶ
413 242 511 269 Τιτυοῦ
527 242 549 256 ³⁷
562 241 609 268 τοῦ
623 240 832 268 έπιδουλεύσαν-

40 295 85 325 τος
102 287 280 323 Ἀλέξανδρον
288 288 310 304 ³³
327 287 392 325 [480
408 286 466 324 IL].
487 287 531 319 Ὧς
555 286 687 314 Κλαύδιον
701 287 803 313 κύουσα
815 286 834 322 ἠ

44 336 137 371 μήτηρ
155 335 287 372 βωλητῶν
297 336 360 368 τοὺς
370 335 496 371 μύκητας
505 335 702 370 έπιθυμήσασα
709 335 732 351 ³⁸
740 335 832 370 φάγοι,

41 382 88 407 x1".
116 382 254 414 Κλαύδιος
282 382 409 418 μύκητας
426 381 712 417 πεφαρμακευμένους
738 379 834 415 φαγὼν

40 427 178 462 amatam.
197 428 266 464 Περὶ
282 428 440 462 Κενταύρου
451 427 498 454 τοῦ
514 427 632 462 Λαμίου,
646 426 684 458 ὡς
700 425 834 462 μοιχεύων

40 472 166 506 ληφθεὶς,
187 473 213 498 οἱ
240 473 291 508 μὲν
309 472 361 499 ὑπὸ
381 471 511 507 Πειρίθου
538 470 585 498 τοῦ
609 470 737 506 εὐνούχου
760 470 795 502 ⁸⁸,
809 470 834 496 οι

40 517 63 543 δ’
82 518 136 543 ὑπὸ
156 517 269 552 Θησέως
288 517 479 553 ἀναιρεθῆναι.
495 516 573 544 Οὕτω
589 516 673 543 πολλὰ
687 517 746 547 ταῖς
762 516 835 542 ιστο-

41 564 115 597 ρὲαις
128 564 185 590 τῶν
201 563 423 599 συνεμπτώσεων
439 564 546 590 ἕπεται.
569 562 651 590 Ἀλλὰ
662 562 708 589 καί
722 561 754 589 τὸ
768 565 792 597 γ’
805 562 835 588 έν

38 609 150 641 τούτοις
170 609 286 644 βιϐλίον,

72 697 113 724 Τὺ
130 697 160 723 δὲ
173 696 195 722 δ’
221 695 389 731 διεξέρχεται
412 696 451 728 ὡς
476 695 570 731 Ἑλένη
583 695 677 731 πρώτη
703 695 834 731 ἐπενόησε

37 743 84 768 τὸν
111 742 158 768 διὰ
171 741 312 768 δακτύλων
328 741 439 777 κλῆρον,
456 743 504 769 καὶ
526 742 692 777 Ἀλεξάνδρῳ
714 741 834 776 λαχοῦσα

36 789 170 822 ἐνίκησε·
195 788 242 814 καὶ
265 788 302 819 ὡς
327 787 487 823 Ἀφροδίτης
507 788 550 823 εῐη
570 788 703 822 θυγάτηρ.
724 788 778 814 Καὶ
796 787 834 819 ὡς

43 836 164 870 Ἑλένης
192 835 241 862 καὶ
261 835 408 870 ’Ᾱχιλλέως
438 835 467 862 ἐν
497 835 630 870 μακάρων
654 835 745 870 νήσοις
769 835 834 866 παῖς

885 248 939 276 quo
958 241 1002 274 die
1022 240 1144 267 omnium
1162 246 1222 274 quae
1241 239 1466 266 sacriﬁcarentur
1487 239 1666 266 animantium

885 286 969 323 pelles
1001 286 1119 320 derepta:
1144 285 1182 312 illi
1208 285 1415 312 dedicabantur.
1443 285 1482 312 De
1501 284 1596 319 Tityo,
1621 284 1667 318 qui

883 333 1039 360 Alexandro
1054 331 1155 359 struxit
1175 331 1297 358 insidias.
1314 330 1453 358 Claudium
1476 330 1667 364 imperatorem

884 377 994 412 gravida
1009 381 1118 412 gestans
1132 380 1227 408 mater,
1243 375 1361 414 quetum
1377 374 1519 409 fungorutn
1531 374 1667 401 desiderio

884 427 962 456 capta
977 422 1096 450 comedit
1118 421 1186 456 ('16),
1201 427 1229 448 et
1249 420 1378 448 Claudius
1392 420 1487 454 fungos
1503 427 1607 447 veneno
1624 420 1668 446 in-

884 467 970 495 lectos
988 467 1121 494 devorans
1138 466 1228 501 periit.
1245 466 1281 493 De
1295 465 1432 493 Centauro
1450 465 1548 492 Lamiae
1570 464 1624 492 ﬁ|io
1639 469 1669 492 ut

884 513 1040 542 adulterans
1064 518 1160 548 captus
1174 513 1220 545 sit,
1236 520 1316 547 quem
1332 512 1377 539 alii
1393 520 1408 539 a
1423 511 1562 539 Peirithoo
1583 519 1669 539 eunu-

884 559 948 592 eho,
977 559 1021 586 alii
1038 567 1053 586 a
1076 558 1181 586 Theseo
1200 558 1371 586 interfectum
1396 557 1484 585 aiunt.
1504 557 1585 584 Tales
1600 556 1668 584 varii

884 606 911 633 in
927 605 988 634 istis
1007 605 1129 632 historiis
1142 612 1222 632 casus
1232 609 1314 639 atque
1328 608 1423 631 eventa
1436 603 1600 636 referuntur,
1609 603 1670 639 qui-

884 653 934 680 bus
952 653 1036 680 etiam
1052 651 1123 679 liber
1138 650 1235 678 tertius
1247 651 1354 678 tandem
1368 650 1528 677 absolvitur.

919 698 1003 726 Libro
1026 703 1116 725 autem
1141 700 1239 732 quarto
1259 697 1318 724 haec
1345 700 1490 723 narrantur
1513 703 1520 722 :
1539 695 1667 723 Helenam

883 745 1000 779 primum
1013 744 1183 778 excogitasse
1202 742 1294 778 digitis
1311 742 1435 769 micando
1451 741 1668 773 sortitionem,et

884 798 945 817 cum
965 790 1120 818 Alexandro
1132 789 1293 825 sortientem
1307 787 1417 821 vicisse,
1431 787 1570 822 fuisseque
1582 787 1668 814 Vene-

885 836 924 863 ris
936 835 1028 864 ﬁliam.
1044 835 1145 863 Helena
1160 835 1254 862 adllatc
1266 838 1293 861 et
1305 834 1410 862 Achille
1429 834 1513 861 ﬁlium
1528 833 1554 860 in
1570 832 1667 860 Beato-

37 881 184 917 πτερωτὸς
210 881 327 914 γεγόνοι,
350 881 380 907 ὃν
404 880 449 907 διὰ
472 880 502 907 τὸ
527 880 579 914 τῆς
605 879 696 915 χώρας
717 879 829 915 εὔφορον

889 889 945 908 rum
959 880 1055 908 insulis
1073 887 1135 909 cum
1152 880 1203 908 alis
1221 885 1324 912 natum,
1338 887 1418 914 quem
1436 879 1471 906 ob
1487 879 1605 915 regionis
1617 878 1670 906 fer-

36 926 208 961 Εὐφορίωνα
220 926 383 961 ὠνόμασαν
400 926 448 952 καὶ
463 926 501 958 ὡς
512 926 563 961 ἐρᾷ
577 926 673 952 τούτου
691 926 770 957 Ζεὺς,
786 925 835 952 καὶ

35 972 189 1007 οποτυχὼν
216 973 345 1007 κεραυνοί
359 973 389 998 ὲν
417 972 505 1007 Μήλῳ
530 973 564 1006 τῇ
586 971 661 1007 νήσῳ
674 970 835 998 καταλαὸὼν

34 1019 221 1052 διωκόμενον,
234 1017 282 1044 καὶ
296 1017 345 1049 τὰς
366 1017 487 1053 νύμφας,
507 1017 548 1044 ὅτι
563 1017 677 1052 Θάψειαν
688 1017 781 1048 αὑτὸν,
796 1017 835 1048 είς

35 1064 200 1100 βατράχους
221 1063 366 1098 μετέόαλε.
389 1063 446 1090 Καὶ
464 1063 503 1094 ὡς
524 1063 696 1097 κυνηγοῦσαν
726 1062 836 1097 Ἑλένην

34 1110 105 1136 ένιοί
124 1118 213 1144 φασιν
224 1109 254 1136 ἐν
268 1109 308 1143 τῷ
327 1109 471 1144 Παρθενίῳ
484 1109 506 1124 ’ί
523 1108 581 1143 ὄρει
604 1109 777 1144 ἁρπασθῆναι
789 1108 835 1134 ὑπ’

40 1155 241 1190 Ἀλεξάνδρου,
258 1155 304 1181 καὶ
326 1155 511 1188 ὲκπλαγεϊσαν
526 1154 557 1181 τὸ
572 1154 669 1186 κάλλος
686 1154 836 1189 ἀκολουθῆ-

34 1210 77 1236 qui.
92 1201 136 1232 ὡς
152 1199 220 1235 σεῷ.
238 1200 306 1236 Περὶ
317 1199 364 1226 τοῦ
383 1198 482 1227 κεστοῦ
494 1200 617 1235 ίμὰντος,
635 1201 673 1231 ὼς
691 1200 768 1226 λάϐοι
786 1199 836 1234 μὲν

34 1247 121 1273 αὑτὸν
134 1246 215 1282 Ἠρα
225 1246 248 1261 ⁶¹
263 1246 339 1281 παρὰ
353 1245 576 1282 Ἀφροδίτηςδοίη
587 1246 609 1272 δ’
623 1246 729 1280 Ἑλένῃ,
742 1245 836 1280 κλέψοι

33 1291 52 1315 δ’
65 1290 158 1317 αὑτὸν
169 1290 186 1324 ἡ
206 1289 316 1325 Ἑλένης
331 1289 484 1326 θεράπαινα
500 1291 697 1322 Ἀστυάνασσα,
709 1290 803 1325 ἀφέλοι
813 1288 836 1316 δ’

33 1335 122 1361 αὑτὸν
151 1333 186 1365 ἐξ
209 1333 295 1368 αὐτῆς
315 1334 396 1361 πάλιν
420 1335 574 1370 ’Δφροδίτη.
591 1334 624 1361 Τί
646 1335 705 1363 ἐστι
726 1334 757 1361 τὸ
771 1334 836 1369 παρ’

38 1381 163 1417 Ὁμήρῳ
179 1380 204 1396 ⁸⁸
218 1379 281 1416 περὶ
294 1380 344 1414 τῆς
352 1380 461 1416 Ἑλένης
475 1381 620 1417 εἰρημένον
630 1388 638 1397 ⁸
763 1379 765 1381 ’

69 1470 211 1497 Πάντων
230 1469 369 1504 Ἀργειων
383 1469 490 1504 φωνὴν
502 1467 652 1496 ἴσκουσ¹⁸⁵
665 1468 834 1502 ἀλόχοισιν.

36 1518 83 1549 Ὧς
105 1516 206 1543 Ἠλίου
220 1516 345 1551 θυγάτηρ
359 1516 406 1542 καὶ
428 1515 518 1550 Λήδας
541 1515 646 1551 Ἑλένη,
672 1515 794 1541 ἐκαλεῖτο
808 1514 836 1540 δὲ

30 1562 154 1597 Αεοντή.
185 1561 241 1587 Καὶ
266 1561 304 1593 ὼς
320 1550 383 1587 κατ’
409 1561 495 1596 ὀργὴν
525 1550 687 1596 Ἀφροδίτης
701 1559 749 1595 τὴν
766 1560 836 1595 πρὸς
850 1550 871 1578 c

30 1608 186 1635 Μενέλαον
203 1607 254 1642 τὴν
270 1606 400 1642 ἁρπαγὴν
419 1607 544 1641 λέγουσιν
566 1606 675 1642 Ἑλένης
692 1605 836 1640 γενέσθαι,

30 1655 97 1681 ἐπεὶ
116 1653 314 1688 ὑποσχόμενος
345 1653 491 1689 Ἀφροδίτῃ
516 1652 672 1687 ἑκατόμϐην
696 1652 767 1687 ὑπὲρ
790 1652 837 1678 τοῦ

30 1702 129 1736 γάμου
148 1700 205 1726 οὐκ
231 1700 366 1726 ἀπέδωκε.
386 1699 455 1735 Περὶ
475 1699 526 1733 τῆς
557 1698 690 1725 Ἐλενείου
710 1699 836 1733 βοτάνης,

31 1747 48 1781 ἦ
64 1748 95 1772 ὲν
118 1745 211 1779 Ῥόδῳ
224 1745 331 1778 φύεται,
346 1745 387 1771 ὅτι
400 1753 430 1770 τε
444 1744 467 1760 λδ
481 1744 536 1771 ἀπὸ
547 1744 598 1778 τῆς
615 1743 725 1779 Ἑλένης
737 1745 839 1771 ἐπωνο-

32 1792 134 1827 μάσθη
157 1791 251 1826 (παρὰ
266 1791 320 1826 γὰρ
345 1790 395 1826 τὴν
420 1789 486 1825 δρῦν
512 1790 591 1825 ὤφθη
613 1791 719 1825 φυεῐσα,
735 1791 781 1826 ἀφ’
805 1788 839 1826 ἧς

30 1839 143 1873 ἑαυτὴν
170 1836 297 1872 ἀπῆγξεν
317 1836 422 1871 Ἑλένη)
445 1837 494 1863 καὶ
514 1836 552 1868 ὠς
571 1836 597 1862 οἱ
610 1836 741 1871 φαγόντες
756 1837 839 1871 αὐτῆς

31 1885 154 1915 πάντως
175 1884 216 1914 εἰς
230 1883 289 1918 ἔριν
304 1883 492 1909 καθίστανται.
518 1883 561 1914 Ὡς
576 1883 715 1909 Μενελάου
731 1883 839 1918 ἠράσθη

37 1931 157 1964 Ί-Ζλένη,
185 1928 235 1954 καὶ
247 1927 333 1960 οὕτως
344 1928 367 1944 ⁵⁸
397 1928 500 1963 ἔγημεν
516 1928 612 1963 αὐτήν.
634 1928 677 1960 Ὧς
701 1928 767 1954 ἔνιοι
791 1929 840 1962 τὴν

37 1976 162 2010 ἐλένην
190 1974 258 2009 φασὶ
271 1974 294 1990 ⁸⁷
323 1974 552 2010 παραγενομένην
576 1974 615 2006 είς
640 1973 766 2008 Ταύρους
791 1975 840 2008 τῆς

31 2021 165 2050 Σκυθίας
191 2019 241 2045 σὺν
271 2018 405 2054 Μενελάῳ
426 2019 474 2045 ἐπὶ
498 2019 546 2054 τὴν
576 2019 704 2054 Ὀρέστου
729 2019 841 2054 ζήτησιν

31 2062 254 2099 σφαγιασθῆναι
280 2063 334 2089 ὑπὸ
364 2063 524 2097 Ἰφιγενείας
553 2065 585 2099 τῇ
629 2063 766 2099 Ἀρτέμιδι
793 2064 842 2090 σὺν

30 2110 180 2144 Μενελάῳ
195 2116 202 2123 ·
222 2108 284 2145 [248
298 2108 344 2145 IL]
362 2109 386 2136 οἱ
399 2109 426 2136 δέ
443 2118 525 2144 φασιν
545 2109 583 2141 ὡς
594 2109 671 2141 Θέτις
686 2109 770 2146 αὐτὴν
794 2110 842 2136 ἀν-

31 2158 90 2184 έλοι
105 2157 141 2182 ὲν
151 2155 194 2190 τῷ
204 2155 320 2190 ἀπόπλῳ
327 2155 381 2181 τῶν
389 2155 533 2189 Ἑλλήνων,
544 2155 743 2182 ἀπεικασθεῖσα
751 2155 840 2192 φώκη.

30 2203 108 2229 Φασὶ
124 2201 151 2228 δ’
175 2199 252 2235 Ἠχὼ
268 2200 317 2235 μὲν
333 2202 383 2236 τὴν
407 2200 519 2234 Ἑλένην
541 2200 571 2226 τὸ
587 2200 682 2236 κύριον
709 2201 840 2236 κληθῆναι

31 2248 81 2274 διὰ
98 2247 136 2273 τὸ
155 2245 319 2280 φωνόμιμον
345 2246 430 2282 αὐτὴν
456 2246 595 2280 γενέσθαι,
622 2246 731 2282 Ἑλένην
745 2247 774 2273 δὲ
788 2247 842 2273 ἀπὸ

30 2294 85 2320 τοῦ
99 2295 134 2320 ὲν
151 2291 212 2318 ἕλει
235 2291 288 2317 ὑπὸ
309 2291 401 2326 Λήδας
419 2291 562 2326 τεχθῆναι.
577 2291 641 2318 ’Ὁτι
653 2292 667 2318 ό
678 2291 701 2307 ⁸⁸
713 2293 741 2318 ἐν
755 2293 844 2319 Λακε-

33 2339 160 2374 δαίμονι
183 2337 269 2367 τόπος
293 2337 325 2363 τὸ
346 2337 491 2364 Σανδάλιον
509 2337 564 2364 ἀπὸ
587 2337 634 2364 τοῦ
653 2338 702 2373 τῆς
735 2338 843 2373 Ἑλένης

34 2384 209 2416 σανδαλίου,
238 2383 402 2414 ἐκπεσόντος
432 2383 518 2417 αὐτῆς
539 2385 568 2410 έν
587 2383 661 2418 αὺτῷ
675 2383 844 2419 διωκομένης

32 2432 84 2457 ὑπ’
104 2428 306 2464 Ἀλεξάνδρου,
319 2429 393 2455 ἕλκει
406 2429 455 2464 τὴν
468 2428 575 2464 κλῆσιν.
596 2429 640 2461 Ὠς
655 2429 760 2463 γένοιτο
777 2431 841 2460 παῖς

887 927 1012 954 tilitatem
1037 926 1240 961 Euphorionem
1276 924 1438 961 appellarint
1463 933 1471 952 :
1492 925 1551 959 ejus
1578 929 1670 951 autem

886 979 978 1000 amore
990 977 1099 1006 Captum
1116 971 1223 1004 Jovem,
1238 975 1265 999 et
1278 971 1390 998 minime
1404 971 1561 1005 potientem.
1578 970 1671 997 fulmi-

886 1026 921 1047 ne
933 1019 959 1045 in
975 1017 1044 1045 Melo
1057 1017 1143 1044 insula
1157 1017 1327 1051 percussisse
1342 1015 1671 1051 fugitantem,nymphas-

886 1070 949 1100 que,
970 1063 1041 1097 quod
1064 1069 1126 1089 eum
1144 1067 1224 1090 terra:
1246 1062 1433 1093 mandassent,
1451 1061 1477 1088 in
1499 1068 1580 1088 ranas
1595 1068 1671 1088 com-

887 1115 1017 1137 mutasse.
1036 1108 1172 1136 Helenam‘
1190 1108 1320 1143 quosdam
1341 1107 1445 1135 referre
1465 1108 1504 1134 ait
1527 1112 1672 1135 venantem

888 1155 915 1182 in
929 1154 1054 1190 virginali
1077 1159 1169 1182 monte
1191 1159 1296 1188 raptam
1316 1162 1331 1181 a
1346 1154 1454 1186 Paride.
1471 1159 1498 1181 et
1512 1153 1592 1187 hujus
1611 1153 1672 1188 pul-

888 1198 1044 1228 chritudine
1065 1205 1172 1235 captam
1197 1204 1325 1236 tanquam
1350 1200 1429 1228 deum
1442 1207 1503 1228 esse
1522 1205 1644 1228 secutam
1662 1208 1670 1226 :
1711 1231 1714 1236 _

888 1246 926 1273 De
945 1253 1015 1273 zona
1041 1246 1098 1281 (77)
1114 1253 1163 1274 acu
1178 1246 1250 1281 picta
1266 1254 1347 1282 quam
1374 1253 1390 1273 a
1406 1245 1509 1274 Venere
1533 1250 1672 1279 acceptam

886 1292 959 1321 Juno
972 1293 1077 1320 dederit
1092 1292 1213 1325 Helenae,
1231 1300 1246 1319 a
1271 1299 1323 1327 qua
1337 1300 1444 1320 rursum
1460 1292 1557 1319 ancilla
1572 1292 1672 1327 Astya-

887 1345 967 1365 nassa
981 1338 1054 1366 furto
1062 1338 1212 1372 sustulerit,
1225 1339 1311 1366 donec
1323 1344 1383 1366 eam
1395 1337 1486 1364 Venus
1499 1342 1525 1365 el.
1536 1337 1598 1364 huic
1611 1337 1673 1365 abs-

888 1383 958 1411 tulit.
985 1383 1054 1417 Quid
1088 1385 1125 1412 sit
1157 1384 1222 1412 illud
1248 1384 1282 1411 ab
1313 1383 1430 1411 llomero
1455 1384 1488 1410 de
1509 1382 1610 1410 Helena
1633 1383 1674 1410 sic

889 1429 990 1456 dictum
1007 1438 1014 1456 :

925 1475 1054 1509 Argivum
1068 1483 1164 1503 uxores
1177 1475 1285 1502 imitata
1298 1481 1336 1503 ut
1346 1475 1453 1503 vocibus
1469 1483 1558 1503 omnes
1570 1474 1639 1511 (78).

891 1519 996 1549 Dictum
1014 1521 1086 1548 Solis
1097 1526 1125 1549 et
1144 1521 1224 1549 Ledae
1239 1523 1322 1549 ﬁliam
1339 1522 1424 1550 luisse
1440 1521 1582 1554 Helenam,
1596 1528 1676 1548 voca-

889 1571 998 1601 tamque
1018 1566 1148 1594 Leontem
1165 1576 1172 1595 :
1189 1572 1292 1602 raptam
1308 1572 1398 1594 autem
1426 1567 1512 1595 fuisse
1528 1567 1563 1595 ob
1575 1567 1675 1594 iratam

888 1610 1011 1638 Menelao
1035 1609 1178 1644 Venerem.
1199 1611 1270 1646 quod
1298 1611 1476 1640 hecatomben
1498 1619 1547 1646 pro
1571 1611 1675 1646 nuptiis

888 1655 1037 1690 pollicitus.
1055 1656 1110 1682 voti
1135 1663 1197 1683 reus
1214 1656 1271 1683 deae
1285 1663 1339 1683 non
1365 1656 1502 1683 solvisset.
1524 1654 1563 1683 De
1588 1655 1676 1682 Hele—

890 1702 952 1728 neio
968 1701 1024 1736 (79)
1038 1701 1133 1735 herba,
1149 1709 1210 1737 quas
1227 1702 1255 1729 in
1268 1701 1365 1729 Rhodo
1381 1702 1512 1736 nascitur,
1525 1702 1558 1729 ab
1572 1701 1675 1728 Helena

890 1753 989 1774 nomen
1012 1747 1082 1774 hanc
1104 1748 1264 1782 sumpsisse.
1285 1747 1377 1775 Visam
1402 1748 1475 1775 enim
1495 1747 1529 1774 ad
1550 1746 1674 1774 eamdem

890 1792 962 1819 nasci
977 1800 1118 1827 quercum,
1135 1801 1167 1820 ex
1182 1801 1273 1827 quase
1289 1792 1389 1822 Helena
1406 1793 1582 1828 strangularit
1593 1793 1676 1826 ;quin

891 1842 918 1863 et
933 1844 992 1864 eam
1005 1838 1051 1871 qui
1072 1838 1178 1864 ederint
1190 1838 1222 1864 ad
1236 1838 1323 1864 rixam
1337 1838 1449 1865 omnino
1460 1837 1678 1864 concitari.Ada-

891 1887 993 1909 malum
1007 1883 1083 1917 prius
1097 1883 1131 1909 ab
1148 1881 1249 1910 Helena
1270 1882 1432 1916 Menelaum,
1443 1882 1484 1910 sic
1496 1884 1605 1909 tandem
1616 1890 1676 1910 eam

891 1935 1003 1954 uxorem
1021 1928 1141 1955 duxisse.
1160 1927 1242 1955 Addit
1256 1929 1519 1962 narrarequosdam,
1535 1928 1562 1954 in
1575 1927 1678 1954 Tauros

892 1973 1010 2009 Scythiae
1026 1973 1175 2008 profectam
1202 1981 1264 2000 cum
1278 1973 1398 2000 Menelao
1413 1973 1542 2000 Helenam
1555 1973 1587 2000 ad
1601 1973 1678 2000 inve-

892 2019 1045 2054 stigandutn
1066 2017 1190 2046 Orestem
1203 2039 1211 2052 ,
1232 2018 1399 2046 immolatam
1426 2019 1462 2046 ibi
1497 2019 1568 2046 hanc
1582 2018 1677 2054 14.91!

893 2063 985 2091 Diana:
999 2071 1051 2091 una
1067 2072 1128 2091 cum
1145 2063 1267 2092 Menelao
1283 2065 1411 2092 fuisseab
1427 2064 1591 2099 lphigeueia.
1602 2064 1676 2091 Velle

896 2115 986 2137 tamen
1013 2109 1081 2137 alios
1102 2117 1117 2136 a
1139 2109 1231 2141 Theti,
1252 2111 1353 2137 marini
1372 2110 1457 2137 forma
1480 2110 1554 2137 vituli
1573 2110 1677 2141 induta,

894 2155 1029 2182 sublatam
1045 2155 1130 2187 illam,
1147 2155 1209 2182 dum
1232 2156 1318 2183 Graeci
1337 2157 1449 2183 navibus
1467 2156 1577 2183 domum
1605 2155 1678 2182 redi-

858 2219 879 2246 υ
895 2205 965 2228 rent.
980 2201 1093 2234 Ferunt,
1119 2202 1167 2233 ait.
1197 2202 1271 2229 Echo
1294 2203 1431 2236 proprium
1449 2201 1558 2229 Helenae
1580 2209 1678 2228 nomen

895 2248 1019 2280 inditum,
1034 2247 1106 2282 quod
1127 2247 1241 2275 aliorum
1259 2247 1304 2275 illa
1329 2255 1422 2276 vosem
1445 2248 1547 2275 imitari
1572 2249 1680 2282 egregie

894 2297 1005 2327 posset:
1022 2292 1151 2320 Helenam
1169 2300 1234 2320 vero
1247 2293 1360 2325 dictam,
1379 2293 1451 2327 quod
1481 2299 1540 2320 eam
1564 2292 1636 2320 Leda
1650 2293 1680 2319 έν

892 2339 949 2365 ἕλει
965 2337 1003 2374 [in
1016 2338 1124 2374 palude]
1142 2338 1268 2366 ediderit.
1280 2338 1474 2366 Lacedaemone
1487 2339 1576 2366 locum
1586 2346 1681 2374 quem-

893 2385 954 2411 dam
982 2383 1139 2411 Sandalium
1163 2383 1327 2419 appellatum
1356 2384 1390 2411 ab
1408 2383 1517 2411 Helenae
1539 2384 1681 2418 sandalio,

892 2430 964 2465 quod
988 2429 1045 2456 illic
1068 2430 1210 2463 exciderit,
1227 2430 1291 2456 dum
1314 2430 1388 2456 illam
1415 2429 1570 2457 Alexander
1585 2436 1680 2465 perse-

696 2499 814 2527 VABlAi
832 2499 1035 2527 LECTIONES.

72 2561 98 2578 ⁸⁷
115 2560 221 2591 Τίτυος
241 2567 273 2591 ς.

310 2559 334 2575 ³³
353 2558 522 2595 Ἀλεξάνδρῳ
536 2568 566 2591 ς.
605 2560 628 2595 f’
644 2559 849 2594 ὲπιθυμήσουσα
868 2569 898 2591 ς.

937 2560 959 2575 "°
971 2558 1099 2594 εὐνούχου
1120 2559 1140 2584 Α
1158 2568 1164 2585 :
1180 2558 1346 2594 ἡμιάρῤενος
1363 2566 1393 2594 gr.
1411 2591 1416 2594 _
1440 2557 1462 2573 “
1478 2556 1627 2594 παρθενίῳι
1648 2556 1680 2594 A.

31 2598 59 2613 ⁸¹
82 2596 205 2630 αὐτὸνὴ
224 2595 326 2629 Ἥρας.
363 2596 387 2611 ⁴³
406 2591 528 2630 Ὀμήρου
541 2603 572 2626 ς.
608 2594 632 2610 ⁸⁸
647 2591 776 2622 [σκουοσξν
788 2596 821 2622 A.
859 2595 882 2611 “
898 2604 928 2621 τε
947 2603 1001 2622 om.
1019 2591 1068 2622 Δί’
1090 2594 1113 2610 ⁸⁸
1127 2595 1175 2620 καὶ
1192 2591 1224 2620 οὗ
1240 2591 1343 2628 ἔγημεν
1358 2591 1439 2619 αὑτὸν
1454 2600 1496 2627 pr.
1508 2594 1541 2619 Α.
1577 2593 1598 2608 ⁸⁷
1616 2593 1682 2626 φασὶ

31 2633 89 2668 τὴν
108 2630 172 2658 Ἑλ.
191 2638 223 2662 ς.
263 2630 310 2656 ⁵³6
326 2630 388 2658 add.
406 2630 439 2658 Δ.

825 2696 941 2725 NOTAE.

74 2770 143 2805 (76)
169 2768 273 2805 Narrat
297 2773 324 2795 et
349 2768 429 2805 Dion.
452 2769 559 2805 ΙίΙιεικ,
588 2772 719 2801 extremo,
739 2769 841 2798 addens

32 2802 198 2843 propterea
215 2802 352 2843 Senecam
365 2804 484 2831 libellum
500 2804 537 2832 De
550 2805 628 2840 hujus
639 2811 725 2833 morte
740 2806 840 2832 ἀποκο-

31 2841 217 2868 Δοκὺντωσιν
229 2841 411 2873 inscripsissc.

196 2885 335 2916 Ρηιιοι..
351 2885 409 2916 Gn.
434 2885 514 2915 Clll.

933 2769 988 2806 (77)
998 2768 1138 2806 Legendus
1149 2767 1259 2806 Homer.
1274 2769 1355 2797 Iliad.
1366 2769 1396 2797 Ε.
1409 2775 1435 2797 et
1443 2770 1501 2806 ejus
1509 2770 1678 2805 interpretes.

932 2804 988 2839 (78)
1007 2805 1140 2831 Homerus
1154 2804 1249 2839 Odyss.
1267 2806 1297 2835 Δ,
1313 2813 1383 2832 vers.
1400 2804 1462 2833 279.

933 2839 989 2874 (79)
1003 2840 1134 2866 Describit
1152 2839 1265 2872 Plinius,
1283 2840 1330 2867 lib.
1347 2849 1403 2873 xxt,
1419 2849 1479 2872 cap.
1495 2840 1527 2868 ιο
1541 2845 1568 2867 ct
1580 2840 1626 2867 2i.

1442 2888 1477 2919 ‘20
