1923 3091
247 136 297 168 611

835 136 966 167 PHOTII
985 136 1236 168 PATRIARCIL’E
1255 138 1309 168 (ΖΡ.

1828 142 1886 175 612

248 193 369 222 chiuium
384 200 477 229 pyram
495 192 603 220 Herculi
625 193 789 221 incendisse.
807 193 951 222 Herculem
969 202 1039 229 pra:-

1093 195 1174 231 χίνιος
1197 196 1303 231 ὑφῆψεν
1324 195 1454 232 Ἡρακλεί
1467 196 1516 232 τὴν
1537 197 1636 232 πυράν.
1658 197 1720 224 Ὀτι
1742 198 1885 236 Ἡρακλῆς

249 244 336 271 terea,
351 239 480 266 devorato
495 248 509 266 a
524 239 652 267 Nemeaeo
664 240 742 267 leone
760 239 855 276 1470
871 241 953 276 digito
973 248 1036 273 ttno,

247 293 343 313 novem
354 285 483 312 duntaxat
499 286 597 321 digitos
612 286 752 318 habuisse,
769 292 932 321 exstareque
947 292 1038 314 tumu-

247 331 302 358 lttut
318 332 392 366 digiti
410 332 506 359 avulsi.
527 332 580 359 Alii
598 337 687 359 tamen
706 333 852 366 pastinaca:
878 333 934 368 (56)
956 334 1039 368 piscis

248 377 342 404 aculeo
364 379 476 413 digitum
504 379 633 406 amissum
660 378 762 405 ferunt.
788 378 906 406 Leonem
929 388 994 407 vero
1005 389 1037 407 ex

248 422 337 458 lapide
349 423 540 451 Lacedrcmone
556 425 646 451 videre
662 429 704 452 est
717 425 793 460 digiti
815 426 917 452 tutnulo
929 426 1037 460 imposi-

249 474 316 500 tum.
340 469 492 507 symbolum
518 471 644 497 nimirum
671 471 796 498 Herculei
823 473 939 499 roboris.
965 472 1041 499 Unde

248 523 309 542 mos
321 515 433 542 inolevit
454 517 478 542 in
498 515 663 550 reliquorum
683 525 789 552 quoque
810 518 953 552 sepulcris,
973 518 1040 553 lapi-

249 560 317 588 deos
339 566 458 588 statuere
476 562 579 590 leones.
598 562 697 590 Verum
715 563 759 590 alii
775 564 852 592 aliter
866 565 899 592 de
920 565 997 592 leone
1014 566 1039 592 in

249 606 328 641 cippo
354 608 536 634 monumentis
560 609 685 641 imposito
713 610 832 636 tradunt.
854 610 892 637 Ex
918 610 1040 638 Herculis

251 660 315 687 rogo
335 660 461 688 magnam
485 653 648 680 locustarum
660 655 713 680 vim
731 659 851 688 enatam,
868 664 927 690 quae
952 658 1041 690 regio-

249 706 311 724 nem
331 699 413 725 veluti
427 704 502 733 peste
516 701 645 732 vastavit,
661 706 686 727 et
702 708 757 736 quo
773 702 852 728 modo
867 710 898 728 ea
916 703 975 730 lues
992 711 1041 730 ex-

250 743 347 770 stincta
364 743 454 770 fuerit.
475 743 507 771 Ut
524 744 612 772 Venus
629 752 737 779 propter
751 747 911 781 Adonidem,
929 757 1007 776 suum
1018 752 1045 775 t-l

250 787 375 816 Herculis
390 791 534 824 amasium,
556 791 670 818 Nessum
701 792 875 825 Centaurum,
892 802 959 829 quas
975 795 1044 822 Iler—

251 833 303 860 culi
322 834 434 862 insidias
445 841 573 868 strueret.
586 836 736 864 edocuerit.
750 837 785 865 Ut
798 837 906 872 Nireus,
921 840 1043 875 Synneus

251 877 377 906 Herculis
402 883 528 914 amasios,
550 888 643 909 contra
667 882 836 911 lleliconium
859 885 963 912 leonem
988 894 1040 913 una
1057 873 1080 902 Β

251 925 395 959 pugnarit:
412 927 519 961 quidam
543 933 630 955 tamen
656 929 779 957 Herculis
798 931 881 957 filium
901 931 980 959 Nirea
1001 932 1042 958 fa-

251 971 336 997 ciunt.
352 971 482 1003 annam
499 974 554 1000 sint
576 974 627 1001 illa:
643 977 712 1009 apud
729 982 834 1010 poetam
855 978 958 1011 gratim,
980 985 1041 1005 cum

252 1016 349 1049 quibus
362 1016 498 1050 Enphorbi
521 1019 612 1046 crines
626 1021 842 1056 componit(57).
858 1021 1000 1050 Herculem
1027 1031 1041 1049 a

252 1061 334 1088 natali
349 1062 437 1089 Nilum
453 1063 537 1091 fuisse
552 1065 712 1099 appellatum
728 1067 825 1094 asserit
843 1075 851 1094 :
867 1072 894 1094 at
910 1075 970 1102 post
985 1077 1044 1097 ser-

251 1113 343 1135 vatam
367 1107 510 1143 Junonem,
537 1110 687 1139 interfectis
706 1113 751 1147 qui
776 1113 848 1140 illam
878 1115 1044 1142 invadebant

252 1154 396 1189 Auonymo
410 1159 436 1182 et
447 1156 580 1191 Peripnoo
592 1158 756 1192 gigantibus,
774 1160 871 1187 exinde
886 1161 966 1196 (quod
986 1162 1042 1189 bel-

252 1198 307 1225 lum
328 1208 342 1225 a
353 1199 459 1227 .lunone
470 1201 650 1237 profligasset)
667 1211 763 1231 nomen
778 1210 908 1232 mutasse.
918 1207 1042 1236 Auderus

252 1243 378 1272 Herculis
392 1247 523 1279 amasius,
539 1255 600 1275 cum
618 1249 651 1276 de
666 1249 747 1283 hujus
764 1259 829 1286 rogo
848 1251 956 1280 Theseo
975 1261 1043 1280 unn-

252 1290 358 1324 tiasset,
377 1292 410 1319 ab
420 1293 514 1319 eodem
529 1299 572 1321 est
585 1294 771 1330 interemptus.
788 1297 932 1324 Dimidium
945 1298 1041 1334 Hydra:

253 1341 335 1370 caput
350 1345 462 1364 aureum
481 1337 576 1370 fuisse,
591 1346 688 1367 auctor
701 1346 742 1368 est
753 1342 923 1371 Aristonicus
938 1344 1042 1372 Taren-

253 1380 337 1407 tinus.
365 1382 517 1410 Alexander
539 1392 603 1412 vero
629 1385 751 1421 Myudius
774 1387 875 1422 refert,
896 1390 1041 1418 draconem

253 1430 325 1453 terra
342 1428 462 1462 genitum
478 1437 528 1456 una
545 1437 606 1457 cum
619 1430 732 1459 Hercule
750 1440 896 1468 pugnasse,
912 1435 1042 1464 adversus

253 1469 409 1498 Nemeaeum
439 1472 544 1500 leonem
571 1483 577 1501 :
602 1483 681 1509 quem
704 1481 732 1503 et
752 1479 900 1506 enutritum
923 1480 979 1515 (58)
1008 1482 1042 1508 ab

253 1516 381 1549 Hercule,
400 1518 563 1554 Thebasque
578 1521 686 1547 ductum
704 1522 730 1548 in
745 1523 825 1557 hujus
840 1526 956 1553 tentorio
966 1535 1041 1554 man-
1054 1542 1078 1574 ϐ

254 1563 333 1595 sisse,
347 1566 525 1599 eunnlemque
545 1566 620 1593 illum
635 1574 704 1600 esse,
721 1570 766 1603 qui
780 1570 865 1604 pullos
879 1571 935 1606 (59)
950 1579 1044 1606 passe-

254 1617 292 1636 ris
317 1617 378 1637 cum
401 1611 567 1644 devorasset,
595 1613 619 1639 in
644 1613 761 1647 lapidem
783 1622 932 1644 conversus
948 1617 1041 1646 fuerit.

253 1653 326 1689 Argo
341 1663 436 1682 navem
451 1657 478 1683 in
495 1656 561 1684 Ossa
577 1657 723 1686 Thessalia:
737 1667 827 1688 ntonte
843 1661 972 1690 Hercules
979 1664 1042 1698 qui-

255 1701 313 1727 dem
326 1702 520 1730 exaedificavit:
535 1711 633 1731 nomen
644 1713 708 1732 vero
719 1706 768 1740 ipsi
785 1707 898 1735 inditum
916 1709 951 1736 ab
958 1710 1041 1745 Argo,

254 1747 362 1775 Jasouis
379 1748 444 1782 ﬁlio,
460 1750 505 1784 qui
521 1751 570 1784 ipsi
593 1751 619 1777 iu
637 1751 743 1780 deliciis
757 1759 826 1786 erat,
840 1760 952 1789 propter
961 1764 1040 1790 quem

254 1793 337 1820 etiam
354 1794 398 1821 ille
418 1803 468 1822 ttna
487 1803 547 1822 cum
563 1795 662 1825 Iasone
679 1799 712 1825 ad
725 1799 842 1834 Scythas
860 1802 1040 1836 adnavigavit.

255 1837 388 1867 Junonem
404 1848 464 1867 cttm
483 1841 606 1878 Geryone
627 1851 791 1879 pugnantem
807 1847 840 1873 ab
856 1846 971 1876 Hercule
982 1850 1042 1876 νιιΙ-

256 1893 307 1912 nus
333 1888 472 1921 accepisse
495 1890 642 1916 secundum
668 1891 808 1919 dexterum
834 1894 911 1926 uber,
936 1901 964 1922 et
982 1904 1042 1930 qua:

258 1931 319 1958 inde
333 1939 478 1960 consecuta
497 1935 561 1962 sint.
576 1935 722 1971 Corythus,
738 1946 837 1972 genere
850 1940 944 1968 Iberus
960 1946 1042 1976 atque

257 1977 381 2006 Herculis
403 1980 533 2012 amasius,
555 1982 660 2015 galeam
681 1985 783 2018 primus
801 1985 954 2014 fabricavit.
973 1987 1042 2016 Hinc

255 2029 282 2049 et
298 2023 431 2052 ltisartnis
454 2034 550 2053 nomen
571 2028 597 2054 id
619 2029 736 2062 primum
753 2030 856 2058 datum.
883 2032 1040 2067 Sepulcrum

254 2069 319 2096 illud
334 2071 361 2097 in
378 2070 470 2105 Creta,
483 2073 554 2107 qttod
575 2073 650 2101 Jovis
665 2076 825 2110 appellatur,
848 2077 954 2113 Olympi
970 2079 1042 2108 illitis

254 2116 394 2146 Cretensis
411 2125 483 2152 esse,
497 2120 542 2154 qui
561 2126 683 2156 ereptum
702 2121 820 2151 Saturno
830 2123 923 2152 Jovem
939 2126 1041 2154 educa-

254 2162 303 2194 vit,
329 2163 541 2199 religionemque
568 2167 686 2194 edocuit.
715 2167 810 2195 Verum
826 2170 897 2196 enim
911 2178 977 2198 vero
989 2180 1041 2199 nu—

1089 241 1297 276 ἀποὸρωθέντος
1320 241 1396 277 αὐτῷ
1409 242 1419 257 ⁸
1437 241 1491 268 τῶν
1517 242 1657 269 δακτύλων
1673 243 1733 275 ἑνὸς
1757 244 1810 270 ὑπὸ
1831 245 1884 271 τοῦ

1088 287 1225 322 Νεμεαίου
1256 287 1362 319 λέοντος
1393 288 1602 320 ὲννεαδὰκτυλος
1619 288 1725 323 γέγονε,
1752 290 1800 316 καὶ
1823 290 1886 316 ἐστι

1089 335 1173 368 τάφος
1196 333 1243 360 τοῦ
1271 334 1476 369 ἐκκεκομμένον
1499 334 1640 361 δακτύλου·
1665 335 1690 361 οἱ
1720 334 1746 361 δὲ
1778 335 1886 371 κέντρῳ

1089 379 1218 414 τρυγόνος
1234 379 1383 406 ﬁta-.0600.er
1401 380 1446 406 τὸν
1460 379 1591 406 δάκτυλον
1613 379 1727 414 ἔφασαν.
1743 380 1851 407 Λέοντα
1863 382 1885 406 δ’

1091 426 1164 452 ἐστιν
1181 426 1243 452 ἰδεῖν
1259 425 1298 460 τῷ
1318 425 1366 452 τοῦ
1382 425 1515 452 δακτύλου
1531 426 1609 462 τάφῳ
1623 427 1764 461 ἐφεστῶτα
1780 427 1886 454 λίθινον

1091 473 1120 498 ὲν
1137 472 1329 506 Λακεδαίμονι,
1362 471 1495 507 σύμῦολον
1521 473 1569 507 τῆς
1589 473 1635 499 τοῦ
1652 473 1741 508 ἥρωος
1755 474 1765 489 ⁷
1783 474 1885 508 ἀλκῆς.

1098 519 1141 551 Ἐξ
1156 518 1260 545 ἐκείνου
1288 519 1316 545 δὲ
1339 519 1455 550 καὶτοῖς
1470 518 1558 545 ἄλλων
1577 519 1673 554 τάφοις
1699 519 1819 552 λιθίνους
1835 521 1885 554 ἐφ-

1093 563 1205 590 ιστῶσι⁸
1224 564 1344 595 λέοντας.
1363 563 1456 590 Ἀλλοι
1471 563 1495 590 δ’
1506 563 1592 595 ἄλλως
1604 564 1667 599 περὶ
1681 564 1730 599 τῆς
1743 564 1790 591 τοῦ
1808 566 1888 591 Mov-

1091 618 1137 641 τος
1148 609 1363 644 ἁναστηλώσεώς
1388 618 1480 643 φασιν.
1506 609 1550 640 Ὠς
1572 610 1604 636 ἐκ
1631 610 1680 645 τῆς
1713 610 1886 644 Ἡρακλέους

1093 656 1182 691 πυρᾶς
1198 655 1316 691 ἀκρίδων
1333 656 1343 671 ⁸
1364 655 1467 690 πλῆθος
1488 655 1648 691 ἀνήφθησαν
1663 656 1710 683 καὶ
1725 657 1820 692 λοιμοῦ
1847 657 1888 683 δί-

1093 711 1145 737 κην
1159 702 1208 737 τὴν
1225 702 1316 737 χώραν
1341 703 1477 734 ἐσίνοντο,
1504 704 1551 729 καὶ
1576 703 1614 734 ὡς
1631 702 1814 738 ἀνῃρέθησαν.
1840 704 1887 734 Ὠς

1100 747 1243 782 Ἀφροδίτη
1261 748 1293 774 δι’
1304 749 1420 774 Ἀδωνιν
1437 749 1484 775 τὸν
1497 749 1581 784 αὐτῆς
1595 758 1624 775 τε
1643 750 1690 775 καὶ
1713 749 1887 784 Ἡρακλέους

1095 794 1231 829 ἐρώμενον
1244 795 1350 821 Νέσσον
1363 795 1408 821 τὸν
1424 795 1579 830 Κένταυρον
1597 796 1712 828 διδάξειε
1741 795 1790 831 τὴν
1813 797 1888 823 κατὰ

1103 839 1269 875 Ἡρακλέους
1293 840 1414 874 ἐνέδραν.
1436 841 1477 872 Ὠς
1494 841 1595 876 Νιρεὺς
1615 843 1629 868 ὀ
1653 842 1771 876 Συμαῖος
1797 842 1887 877 ’Πρα-

1094 887 1187 918 κλέους
1201 885 1234 922 ἦν
1261 887 1409 922 ἐρώμενος,
1425 888 1487 924 [245
1502 888 1548 925 ΙΙ.]
1569 890 1615 915 καὶ
1630 891 1887 925 συγκατειργάσατο

1094 933 1138 959 τὸν
1157 933 1313 960 Ἑλικώνιον
1331 934 1437 960 λέοντα·
1466 935 1490 961 ol
1518 935 1545 961 δὲ
1575 935 1631 961 υἱὸν
1648 935 1815 970 Ἡρακλέους
1839 937 1886 963 τὸν

1093 978 1180 1014 Νιρέα
1197 978 1273 1012 φασί.
1290 979 1368 1010 Τίνες
1382 980 1410 1005 αἱ
1433 980 1508 1015 παρὰ
1528 980 1567 1014 τῷ
1590 982 1687 1015 ποιητῇ
1700 982 1824 1015 χάριτες,
1841 979 1886 1013 αἷς

1094 1023 1260 1058 παραϐάλλει
1285 1023 1334 1055 τὰς
1358 1024 1499 1058 Εὐφόρϐου
1526 1025 1624 1059 κόμας.
1659 1026 1721 1051 Ὅτι
1751 1025 1852 1057 Νεῖλος
1873 1028 1886 1051 ὀ

1099 1069 1238 1105 Ἡρακλῆς
1262 1071 1316 1096 ἀπὸ
1342 1070 1477 1104 γενέσεώς
1492 1079 1573 1106 φησιν
1588 1071 1608 1087 ¹⁰
1627 1071 1759 1105 ἐκαλεῖτο,
1776 1073 1841 1099 ἐπεὶ
1863 1072 1885 1099 δ’

1095 1114 1184 1149 Ἦραν
1212 1115 1316 1142 ἔσωσεν
1336 1116 1521 1151 ἐπερχόμενον
1540 1117 1607 1152 αὐτῇ
1624 1118 1727 1145 ἀνελὼν
1747 1120 1794 1146 τὸν
1811 1121 1885 1147 ἀνώ-

1094 1170 1176 1195 νυμον
1194 1162 1240 1188 tul.
1256 1162 1404 1196 πυρίπνοον
1430 1163 1558 1197 Γίγαντα.
1578 1163 1640 1199 [476
1654 1164 1699 1201 IL]
1719 1166 1826 1193 ἐκεῖθεν
1841 1168 1887 1194 διὰ

1092 1208 1123 1234 τὸ
1138 1208 1304 1234 ἀπαλαλκεῖν
1330 1209 1349 1223 ¹¹
1366 1208 1415 1242 τῆς
1433 1209 1521 1244 ’Ἡρας
1539 1210 1584 1237 τὸν
1615 1211 1732 1246 πόλεμον
1747 1214 1885 1246 μετέϐαλε

1092 1253 1142 1288 τὴν
1158 1253 1264 1288 κλῆσιν.
1283 1254 1344 1280 "Ott
1364 1254 1499 1290 Ἀὃδηρος
1518 1257 1538 1271 η
1551 1257 1565 1281 ὁ
1584 1256 1749 1291 ’Ἡρακλέους
1775 1259 1885 1294 ἐρώμε-

1093 1306 1137 1329 νος
1150 1298 1184 1324 τὰ
1200 1299 1264 1333 περὶ
1287 1299 1336 1334 τῆς
1353 1300 1444 1334 πυρᾶς
1461 1300 1543 1326 αὑτοῦ
1559 1300 1643 1334 Θησεί
1657 1302 1825 1336 ἁναγγείλοις
1839 1305 1885 1330 ὑπ’

1093 1343 1175 1369 αὑτοῦ
1204 1344 1366 1378 ἀναιρεῖται.
1395 1344 1457 1371 Ὅτι
1488 1347 1538 1380 τὴν
1570 1346 1656 1382 μέσην
1681 1348 1810 1383 κεφαλὴν]
1835 1349 1885 1383 τῆς

1093 1389 1176 1425 ὕδρας
1197 1390 1380 1425 Ἀριστόνικύς
1398 1391 1420 1407 ¹³
1446 1401 1527 1426 φησιν
1553 1394 1567 1419 ὁ
1588 1393 1752 1429 Ταραντῖνος
1778 1396 1885 1430 χρυσῆν

1092 1435 1172 1464 εἶναι.
1189 1437 1250 1463 ’Ὁτι
1273 1437 1446 1472 Ἀλέξανδρος
1470 1439 1485 1464 ὁ
1514 1439 1632 1472 Μύνδιός
1657 1449 1722 1476 φησι
1747 1442 1884 1476 δράκοντα

1091 1482 1196 1518 γηγενῆ
1223 1483 1402 1519 συμμαχῆσαι
1425 1485 1555 1519 Ἠρακλεῖ
1581 1486 1649 1521 πρὸς
1678 1487 1723 1513 τὸν
1746 1487 1885 1523 Νεμεαῖον

1092 1529 1198 1562 λέοντα,
1229 1529 1258 1556 ὂν
1282 1530 1330 1556 καὶ
1360 1530 1550 1566 ἀνατραφῆναι
1569 1532 1621 1557 ὑπὸ
1642 1532 1821 1567 Ἡρακλέους,
1838 1536 1885 1561 καὶ

1094 1576 1364 1612 συνακολουθήσαντα
1377 1576 1453 1611 αὐτῷ
1467 1577 1497 1608 ἐς
1519 1577 1610 1612 Θήϐας
1627 1579 1656 1604 ἐν
1671 1578 1758 1606 αὕλιδι
1772 1582 1883 1614 μεῖναι·

1093 1624 1141 1650 καὶ
1157 1623 1250 1650 τοῦτον
1265 1621 1333 1650 εἶναι
1343 1623 1389 1650 τὸν
1401 1624 1464 1654 τοὺς
1474 1625 1600 1656 νεοσσοὺς
1618 1626 1812 1660 καταφαγόντα
1835 1630 1885 1662 τῆς

1093 1669 1225 1704 στρουθοῦ
1254 1670 1300 1696 καὶ
1332 1669 1545 1697 ἀπολιθωυέντα.
1580 1670 1626 1702 Ὠς
1653 1671 1703 1706 τήν
1735 1673 1828 1707 Ἀργὼ
1855 1675 1884 1700 ἐν

1096 1714 1182 1750 Ὄσσῃ
1193 1715 1241 1749 τῆς
1256 1715 1406 1746 Θεσσαλίας
1424 1715 1562 1750 Ἡρακλῆς
1572 1715 1593 1732 ¹⁸
1608 1717 1658 1752 μὲν
1669 1719 1885 1753 κατασκευάζει,

1093 1760 1178 1795 ὄνομα
1201 1761 1223 1786 δ’
1240 1761 1308 1796 αὐτῇ
1325 1762 1430 1797 τίθησιν
1454 1762 1507 1788 ἀπὸ
1523 1763 1625 1798 Ἄργου
1645 1765 1690 1791 τοῦ
1711 1765 1839 1798 Ἰάσονος,
1856 1767 1885 1799 ὃς

1092 1804 1129 1841 ἦν
1144 1807 1282 1842 ἐρώμενος
1306 1807 1391 1843 αὐτῷ,
1408 1808 1441 1834 δι’
1456 1809 1486 1835 ὃν
1504 1810 1551 1836 καὶ
1570 1810 1664 1837 Ἰάσονι
1683 1811 1728 1838 τον
1750 1813 1798 1839 ἐπὶ
1812 1813 1884 1840 Σκυ-

1094 1853 1153 1884 θίας
1169 1853 1303 1888 συνήρατο
1316 1853 1411 1881 πλοῦν.
1434 1854 1477 1886 Ὦς
1490 1855 1564 1891 ’Ἦρα
1580 1857 1762 1891 συμμαχοῦσα
1773 1859 1816 1893 τῷ
1831 1859 1884 1894 Γη-

1093 1899 1175 1934 ρυόνῃ
1189 1899 1210 1914 ¹¹
1222 1898 1402 1933 τιτρώσκεται
1417 1900 1462 1935 ὑφ’
1481 1900 1646 1936 ’Ἡρακλέους
1658 1903 1727 1930 κατὰ
1740 1903 1787 1930 τὸν
1798 1905 1886 1938 δεξιὸν

1095 1944 1189 1979 μαζὸν,
1204 1945 1250 1972 καὶ
1270 1945 1320 1971 ὅσα
1345 1945 1380 1978 ’ἐξ
1406 1947 1510 1973 ἐκείνου
1539 1950 1666 1975 τελεῖται.
1687 1949 1731 1980 Ὠς
1746 1950 1885 1985 Κόρυθος,

1094 1991 1174 2026 Ἴδηρ
1189 1991 1219 2017 τὸ
1237 1992 1316 2025 γένος
1336 1991 1374 2018 ὣν
1392 1993 1440 2019 καὶ¹
1458 1992 1624 2029 Ἡρακλέους
1641 1995 1790 2031 ἐρώμενος,
1807 1998 1883 2033 πρῶ-

1091 2046 1137 2068 τος
1153 2036 1256 2072 κόρυθα
1271 2039 1481 2070 κατεσκεύασεν,
1505 2035 1579 2072 ὲξόὖ
1593 2042 1639 2067 καὶ
1654 2041 1704 2076 τὴν
1719 2043 1886 2078 ἐπωνυμίαν

1091 2083 1183 2109 λαϐεῖν
1198 2091 1266 2118 φησι
1280 2084 1310 2110 τὸ
1327 2084 1419 2111 ὅπλον.
1440 2085 1484 2116 Ὡς
1496 2087 1510 2112 ὸ
1526 2086 1547 2101 ¹⁶
1571 2087 1599 2113 ὲν
1623 2087 1720 2123 Κρήτῃ
1734 2087 1822 2122 τάφος
1845 2089 1887 2115 λε-

1092 2129 1206 2163 γόμενος
1223 2129 1270 2156 τοῦ
1286 2129 1353 2161 Διὸς
1378 2130 1517 2166 Ὀλύμπου
1540 2131 1587 2158 τοῦ
1614 2133 1723 2168 Κρητός
1741 2134 1816 2160 ὲστιν
1833 2155 1842 2167 ,
1858 2136 1885 2166 ὃς

1093 2173 1169 2209 παρὰ
1182 2174 1229 2200 τοῦ
1247 2174 1352 2209 Κρόνου
1368 2175 1458 2202 λαὸὼν
1468 2177 1513 2203 τὸν
1528 2177 1576 2204 Δία
1589 2177 1686 2212 ἔτρεφὲ
1702 2187 1730 2205 τε
1745 2180 1793 2206 καὶ
1808 2181 1884 2207 ὲπαί-

254 2208 375 2236 tritorem
389 2210 583 2245 doctoremque
593 2220 673 2239 suum
687 2213 792 2248 Jupiter
804 2215 925 2249 fulmine,
939 2217 1038 2252 inquit,

1093 2221 1152 2248 δευε
1167 2221 1202 2248 τὰ
1219 2208 1290 2249 θεῖα.
1313 2223 1394 2250 Ἀλλὰ
1417 2223 1470 2260 γὰρ
1492 2224 1584 2260 βάλλει
1598 2208 1703 2261 (φησιν)
1719 2227 1734 2252 ὁ
1754 2228 1826 2259 Ζεὺς
1840 2230 1883 2255 τιν

253 2256 397 2289 percussit,
415 2258 485 2291 quod
503 2257 599 2293 luo
619 2259 742 2294 gigantes
757 2269 868 2293 regnum
885 2263 944 2297 ejus
963 2265 1038 2291 inva-

253 2299 316 2325 dere
334 2300 401 2327 velle
421 2301 616 2335 suspicaretur.
637 2305 672 2329 At
695 2311 756 2330 cum
776 2304 868 2332 Jovem
886 2312 977 2340 postea
994 2308 1038 2335 icti

252 2345 368 2372 cadaver
396 2346 451 2379 jam
481 2347 625 2374 habentem
644 2347 710 2376 facti
743 2351 929 2385 pteniluisset,
951 2361 1040 2389 neqtte

252 2395 342 2423 posset
363 2391 443 2418 aliter
465 2393 585 2420 dolorem
610 2393 708 2428 lenire,
726 2402 804 2423 suum
824 2398 918 2425 saltem
940 2407 1038 2428 nomen

1093 2267 1194 2302 τροφέα
1211 2267 1257 2294 καὶ
1273 2267 1432 2295 διδάσκαλον
1447 2270 1583 2305 κεραυνῷ,
1598 2271 1639 2297 ὅτι
1653 2271 1685 2306 δὴ
1707 2272 1770 2303 τοὺς
1785 2273 1884 2307 Γίγαν-

1092 2323 1142 2346 τας
1158 2314 1240 2341 αὑτοῦ
1255 2316 1288 2350 τῇ
1302 2314 1429 2350 βασιλείᾳ
1454 2316 1596 2343 ἐπιθέσθαι
1622 2317 1777 2345 ὑπετίθετο.
1802 2319 1883 2346 Ἀλλὰ

1094 2359 1183 2395 βαλὼν
1191 2360 1237 2386 καὶ
1247 2360 1344 2396 νεκρὸν
1355 2360 1424 2396 ἔχων
1439 2362 1624 2397 μετεμελεῖτο·
1637 2363 1675 2397 μὴ
1686 2363 1785 2398 ἕχωνδ⁹
1794 2365 1882 2396 ἄλλως

1092 2406 1123 2433 τὸ
1139 2406 1225 2438 πάθος
1239 2407 1371 2440 ἐκκλῖναι,
1388 2407 1480 2435 δίδωσι
1505 2409 1536 2435 τὸ
1552 2408 1616 2435 ἴδιον
1632 2409 1719 2445 ὕνομα
1743 2410 1783 2446 τῷ
1802 2412 1881 2446 τάφῳ

901 2468 1019 2499 νΑΒΙᾹΞ
1040 2472 1248 2501 LECTIONES.

286 2518 295 2532 ⁸
313 2518 394 2545 αὐτοῦ
420 2520 503 2558 Ani
519 2521 608 2556 ἥρωος
626 2522 647 2548 Α
661 2531 682 2558 7:
707 2523 871 2558 Ἡρακλέους

250 2591 368 2624 ρυόνιΑ.
408 2591 430 2606 ¹⁶
444 2591 458 2616 ὁ
482 2592 543 2618 add.
561 2593 602 2618 A:
622 2591 765 2629 λεδίὸμενος
784 2591 867 2630 τᾶφος
888 2607 917 2629 ς.

963 2530 980 2572 ⁸η
990 2531 1124 2572 ἐφεστῶσι
1145 2541 1175 2572 cf:
1240 2535 1352 2572 ἀκρίδος
1378 2534 1411 2561 Α.
1428 2535 1606 2572 νὰνήφθῃσαν]

251 2553 272 2568 ⁸ο
288 2562 369 2587 φασιν
391 2563 420 2586 ς.
448 2555 480 2600 ι¹¹
493 2553 669 2594 ἁπαλαλκεῖν]
686 2553 825 2595 παλαλκὴν
840 2553 871 2588 Av.
900 2553 933 2578 ’,η
950 2558 1067 2600 αΰῦηρος
1083 2576 1102 2599 ς

254 2591 351 2600 -..υι
409 2591 430 2600 ιι
509 2592 682 2600 .
809 2597 812 2600 λ

1637 2537 1690 2574 imo
1709 2538 1877 2574 ἀνὲτπησαν.

1105 2587 1114 2595 .
1154 2569 1175 2583 ¹³
1206 2570 1403 2604 Ἀριστόνεικος
1419 2571 1452 2597 Α.
1484 2572 1505 2586 ³³
1525 2569 1681 2607 Ἡρακλέως
1705 2574 1738 2600 Δ.
1779 2569 1876 2609 ⁸⁵Τη-

1008 2660 1115 2688 ΝΟΤΙΕ

284 2709 339 2744 (56)
357 2709 393 2747 De.
417 2711 565 2744 pastinaca:
583 2712 723 2740 inenrabili
747 2722 848 2747 morsu,
866 2715 965 2744 .ililiau.
988 2727 1034 2744 va-

249 2745 296 2772 riis
313 2746 390 2775 loci~,
407 2752 432 2771 et
449 2746 492 2772 alii
508 2747 595 2773 multi.

284 2779 445 2818 (57)__Iliml.
462 2781 491 2808 Ρ.
510 2790 581 2810 vers.
599 2781 642 2808 51.
659 2782 696 2810 De
711 2782 854 2818 Euphorbo
870 2787 952 2813 multa
968 2787 1033 2815 Phi-

243 2813 322 2842 'tos-r.
338 2814 443 2842 Ileraic.
753 2813 759 2818 ’
839 2835 840 2838 η

283 2850 338 2885 (58)
356 2850 393 2878 De
406 2851 542 2887 χειρέκθει
556 2852 674 2881 dracone
687 2853 779 2882 Alacis
794 2853 881 2883 Locrii
901 2857 1031 2892 legendus

1089 2719 1276 2747 Philostratus
1296 2720 1402 2748 Ileroir.
1433 2723 1458 2748 in
1487 2722 1569 2756 Ajarc.
1589 2723 1667 2751 Locr.
1696 2726 1731 2751 De
1759 2727 1872 2752 aliorum

1087 2756 1264 2785 draconibus,
1285 2756 1342 2782 alii.
1363 2757 1496 2784 lleroibtts
1513 2760 1586 2784 ettim
1601 2768 1693 2786 sacros
1710 2760 1795 2787 fuisse
1809 2762 1870 2787 dra-

1086 2796 1170 2816 com-s
1190 2797 1204 2815 a
1216 2790 1308 2817 multis
1321 2791 1489 2818 obscrvatntr

1246 2826 1344 2865 qui_bu_s~
1364 2827 1473 2855 llontcr.
1499 2827 1580 2855 Iliad.
1602 2829 1632 2862 B,
1646 2837 1669 2856 v.
1689 2829 1734 2857 53l
1756 2835 1781 2859 et
1796 2838 1867 2865 seqq.

1086 2858 1125 2886 Tu
1140 2859 1175 2887 ibi
1191 2859 1314 2887 Eustath.
1325 2861 1393 2897 lege.
