1923 3091
46 146 93 177 617

617 122 878 174 ἰιΙΒιῐονιἮΕεΑ.
893 155 926 160 -
935 142 1016 174 mo.
1032 142 1111 173 exc.

1615 140 1668 173 618

49 212 101 230 των
114 202 169 230 τῶν
190 203 330 239 θυομένων
346 202 424 235 ζώων
437 202 472 229 τὰ
486 202 611 238 δέρματα
629 201 705 237 αὺτῷ
727 201 835 237 ἐκδερό-

890 206 939 234 est,
956 209 1051 229 auram
1069 199 1178 227 vitalem
1195 199 1303 227 haurire
1313 199 1397 234 empit
1409 199 1666 234 eofestoApollinis,

47 257 114 283 μενα
128 249 298 278 ἀνατίθεται.
323 249 392 284 Περὶ
415 248 513 275 Τιτυοῦ
528 248 550 263 ³⁷
564 248 610 275 τοῦ
624 247 834 274 ἑπιὸουλεὺσαν-

45 302 88 331 ῖος
104 294 282 330 Ἀλέξανδρον
289 295 311 311 ³⁸
328 294 394 331 [480
409 293 468 330 IL].
487 294 533 325 Ὦς
556 293 688 321 Κλαύδιον
702 293 804 320 κύουσα
817 292 835 328 η

49 342 138 378 μήτηρ
156 342 288 378 βωλητῶν
298 343 361 375 τοὺς
371 342 497 378 μύκητας
507 342 703 377 ὲπιθυμήσασα
711 341 734 358 ³9
741 342 834 376 φάγοι,

45 388 90 414 καὶ
118 388 255 420 Κλαύδιος
283 388 410 424 μύκητας
427 388 714 424 πεφαρμακευμένους
739 386 835 422 φαγὼν

45 433 178 469 ἀποὸιῴη.
198 434 268 470 Περὶ
284 434 441 469 Κενταύρου
453 434 499 460 τοῦ
515 433 634 469 Λαμίου,
647 433 685 465 ὡς
702 432 835 469 μοιχεύων

44 478 167 512 ληφθεὶς,
187 479 214 505 οἱ
241 479 292 514 μὲν
310 479 362 505 ὑπὸ
383 478 512 514 Πειρίθου
539 477 587 504 τοῦ
610 477 739 512 εὐνούχου
762 477 796 509 ⁸ο,
810 476 836 502 οἱ

45 524 66 549 δ’
85 524 136 550 ὑπὸ
156 524 270 559 Θησέως
289 524 480 560 ἀναιρεθῆναι.
496 523 574 550 Οὕτω
590 523 674 550 πολλὰ
688 523 748 554 ταῖς
764 523 836 549 ἱστο-

45 571 116 604 ρῖειις
129 570 186 597 τῶν
202 570 425 606 συνεμπτώσεων
441 570 548 597 ἕπεται.
571 569 652 596 Ἀλλὰ
664 569 710 596 καὶ
724 568 755 596 τὸ
769 571 794 604 γ’
806 569 836 596 ἐν

44 615 151 648 τούτοις
172 615 288 651 βιϐλίον.

75 704 114 730 Τὸ
132 703 161 730 δὲ
174 702 195 729 δ’
222 702 390 738 διεξέρχεται
414 702 452 734 ὡς
477 702 572 738 Ἑλένη
584 702 679 738 πρώτη
704 702 835 738 ἐπενόησε

42 750 87 775 τὸν
112 749 158 775 διὰ
173 748 314 774 δακτύλων
330 748 441 784 κλῆρον,
458 749 506 776 καὶ
527 749 693 783 Ἀλεξάνδρῳ
715 747 835 783 λαχοῦσα

42 796 172 829 ἐνίκησε·
195 794 243 821 καὶ
266 795 303 826 ὡς
328 794 488 830 ’Δφροδίτης
508 794 552 830 εἴη
572 795 704 830 θυγάτηρ.
725 794 780 821 Καὶ
797 794 836 825 ὦς

48 843 164 876 Ἑλένης
193 841 242 869 καὶ
262 841 409 877 Ἀχιλλέως
439 842 469 868 ἐν
498 842 631 877 μακάρων
655 842 747 877 νήσοις
771 842 835 872 παῖς

887 255 940 282 quo
959 248 1004 281 die
1023 246 1146 274 omnium
1163 253 1224 280 quae
1243 246 1467 273 sacriﬁcarentur
1489 245 1668 273 animantium

886 293 971 330 pelles
1002 293 1121 327 dereptae
1145 291 1184 318 illi
1210 291 1417 319 dedicabantur.
1445 291 1484 318 De
1503 291 1597 326 Tityo.
1622 291 1668 324 qui

885 339 1041 367 Alexandro
1056 338 1157 366 struxit
1176 338 1298 366 insidias.
1315 337 1454 365 Claudium
1477 337 1668 371 imperatorem

886 384 995 418 gravida
1011 388 1119 418 gestans
1133 387 1229 415 mater,
1243 382 1362 425 bgtletum
1379 381 1521 416 fungorum
1533 381 1668 408 desiderio

885 434 964 463 capta
978 429 1097 456 comedit
1120 427 1188 463 (76).
1203 434 1230 455 et
1250 427 1380 455 Claudius
1394 427 1488 461 fungos
1505 433 1608 454 veneno
1625 427 1668 453 in-

885 474 972 501 fectos
989 474 1123 501 devorans
1139 473 1229 508 periit.
1246 472 1282 499 De
1296 471 1433 500 Centauro
1451 472 1550 499 Lamiae
1571 471 1625 499 tilio
1639 475 1670 499 ut

886 520 1041 547 adulterans
1066 525 1161 554 captus
1176 520 1221 552 sit,
1238 526 1318 554 quem
1333 519 1378 546 alii
1394 526 1410 546 a
1425 518 1563 546 Peirithoo
1585 525 1670 546 eunu-

886 566 949 598 cho,
978 566 1023 593 alii
1039 574 1054 594 a
1077 565 1183 592 Theseo
1201 565 1372 592 interfectum
1398 564 1485 591 aiunt.
1505 563 1587 591 Tales
1601 563 1669 591 varii

886 613 912 640 in
928 612 989 640 istis
1008 612 1130 639 historiis
1143 619 1223 639 casus
1234 616 1315 646 atque
1329 615 1425 638 eventa
1438 610 1602 644 referuntur,
1610 610 1671 645 qui.

885 659 936 687 bus
953 659 1037 686 etiam
1054 658 1124 686 liber
1139 657 1236 685 tertius
1248 657 1355 684 tandem
1369 657 1529 684 absolvitur.

920 705 1004 733 Libro
1027 709 1117 732 autem
1143 707 1241 738 quarto
1260 703 1320 731 haec
1346 707 1492 730 narrantur
1515 701 1668 729 :Helenam

884 752 1002 786 primum
1014 751 1184 785 excogitasse
1203 749 1295 785 digitis
1313 749 1437 776 micando
1452 748 1669 780 sortitionem,et

885 804 947 824 cum
967 796 1122 824 Alexandro
1135 796 1294 824 sortientem
1308 795 1418 828 vicisse,
1433 793 1572 829 fuisseque
1583 794 1669 821 Vene-

886 843 925 870 ris
937 842 1029 869 tiliam.
1045 841 1146 869 Helena
1161 841 1255 869 adhmc
1267 845 1294 868 et
1306 841 1412 869 Achille
1429 841 1514 868 ﬁlium
1529 840 1555 866 iu
1571 839 1668 867 Beato.

42 887 186 923 πτερωτὸς
211 887 328 921 γεγόνοι,
351 887 382 914 ὃν
405 887 450 914 διὰ
474 887 503 914 τὸ
529 887 580 921 τῆς
606 885 697 922 χώρας
719 885 834 921 εὔφορον

890 895 946 914 rum
961 887 1056 915 insulis
1074 894 1136 916 cum
1153 887 1205 915 alis
1222 891 1325 919 natum,
1339 894 1419 921 quem
1437 886 1472 913 ob
1488 886 1606 921 regionis
1618 885 1671 912 fer—

42 932 209 967 Εὐφορίωνα
221 932 384 967 ὠνόμασαν⁸
401 933 449 959 καὶ
464 932 502 964 ὡς
513 933 564 968 ἐρᾷ
578 932 674 960 τούτου
693 932 772 964 Ζεὺς,
788 932 836 958 καὶ

41 978 190 1013 ἀποτυχὼν
216 979 346 1013 κεραυνοῖ
360 979 390 1004 ὲν
419 979 506 1014 Μήλῳ
531 979 565 1013 τῇ
587 978 662 1013 νήσῳ
675 977 836 1005 καταλαϐὼν

40 1025 222 1059 διωκόμενον,
235 1025 282 1050 καὶ
297 1024 346 1056 τὰς
367 1023 487 1059 νύμφας,
508 1024 549 1051 ’ότι
564 1024 679 1059 θάψειαν
690 1024 782 1055 αὑτὸν,
797 1024 837 1055 εις

41 1070 201 1106 βατράχους
222 1069 367 1104 μετέϐαλε.
390 1070 447 1096 Καὶ
465 1069 504 1101 ὡς
525 1069 697 1104 κυνηγοῦσαν
728 1069 837 1104 Ἑλένην

41 1116 109 1142 ἔνιοί
128 1124 214 1150 φασιν
225 1116 255 1142 ὲν
270 1116 309 1149 τῷ
328 1115 473 1151 Παρθενίῳ
486 1116 507 1131 ⁵¹
524 1115 582 1150 ὄρει
606 1115 778 1150 ἁρπασθῆναι
791 1115 836 1141 ὑπ’

46 1161 242 1197 Ἀλεξάνδρου,
259 1162 305 1187 καὶ
327 1161 512 1194 ὲκπλαγεῖσαν
527 1161 558 1187 τὸ
572 1161 670 1192 κάλλος
687 1160 837 1196 ἀκολουθῆ-

40 1215 86 1242 qu
99 1206 139 1238 ὡς
154 1206 220 1242 θεῷ.
239 1207 307 1242 Περὶ
318 1206 365 1232 τοῦ
385 1204 483 1233 κεστοῦ
495 1206 618 1241 ῐμάντος,
636 1207 674 1238 ὼς
692 1206 769 1233 λάϐοι
787 1205 837 1240 μὲν

40 1253 125 1278 αὐτὴν
138 1252 216 1287 Ἦρα
226 1253 250 1268 δ’
265 1252 341 1288 παρὰ
355 1252 577 1289 Ἀφροδιτηςδοίη
588 1252 610 1279 δ’
624 1252 730 1287 Ἑλένῃ,
743 1251 837 1287 κλέψοι

38 1296 60 1321 δ’
74 1296 160 1323 αὐτὸν
170 1297 187 1331 ἡ
207 1295 318 1331 Ἑλένης
332 1296 485 1332 θεράπαινα
501 1298 698 1329 Ἀστυάνασσα,
711 1296 804 1331 ἀφέλοι
814 1295 837 1322 δ’

39 1340 127 1366 αὑτὸν
155 1340 187 1372 εξ
211 1339 296 1375 αὐτῆς
316 1340 397 1367 πάλιν
422 1342 575 1377 Ἀφροδίτη.
592 1341 625 1367 Ti
647 1342 706 1370 ἐστι
726 1341 758 1367 τὺ
772 1340 837 1375 παρ’

44 1387 165 1422 Ὁμήρῳ
179 1386 204 1402 ⁸³
218 1385 283 1422 περὶ
295 1386 345 1420 τῆς
354 1386 462 1423 Ἑλένης
476 1387 622 1423 εἰρημένον
631 1395 639 1403 ·

78 1475 212 1502 Πάντων
231 1475 371 1511 Ἀργειων
384 1475 491 1511 φωνὴν
504 1474 653 1502 1σκουσ’“
666 1474 835 1508 ἀλόχοισιν.

43 1523 94 1553 Ὠς
112 1522 208 1548 Ἥλίου
221 1521 346 1558 θυγάτηρ
360 1522 408 1549 καὶ
429 1522 519 1557 Λήδας
542 1522 647 1558 Ἑλένη,
673 1522 795 1547 ἐκαλεῖτο
809 1521 837 1548 δὲ

36 1568 159 1602 Λεοντή.
186 1568 242 1594 Καὶ
267 1567 305 1599 ὼς
325 1567 384 1594 κατ’
411 1567 496 1602 ὀργὴν
526 1557 688 1602 Ἀφροδῖτης
702 1566 750 1602 τὴν
767 1567 836 1602 πρὸς
851 1557 872 1585 C

36 1614 187 1640 Μενέλαον
205 1614 255 1648 τὴν
271 1613 402 1649 ἁρπαγὴν
420 1613 545 1647 λέγουσιν
567 1612 676 1648 Ἑλένης
693 1612 837 1646 γενέσθαι,

36 1659 107 1686 ἐπεὶ
124 1660 315 1695 ὑποσχόμενος
347 1660 492 1696 ’Δφροδιτῃ
517 1659 673 1694 ἑκατόμϐην
698 1659 768 1693 ὑπὲρ
791 1658 838 1685 τοῦ

36 1707 136 1740 γάμου
155 1706 207 1732 οὐκ
231 1706 368 1733 ἀπέδωκε.
387 1705 456 1741 Περὶ
476 1706 527 1740 τῆς
558 1705 691 1732 Ἐλενειου
711 1705 837 1740 βοτάνης,

37 1752 56 1787 ἠ
73 1753 106 1777 ἐν
126 1751 212 1786 Ῥόδῳ
225 1751 334 1785 φύεται,
347 1752 388 1778 ὅτι
401 1759 431 1777 τε
446 1751 468 1766 ⁵⁵
483 1751 537 1778 ἀπὸ
548 1751 599 1785 τῆς
616 1750 726 1785 Ἑλένης
737 1752 840 1777 ἐπωνο-

39 1797 141 1832 μασθη
163 1797 253 1832 (παρὰ
267 1797 321 1832 γὰρ
347 1797 397 1833 τὴν
421 1796 487 1832 δρῦν
514 1796 592 1832 Gr,an
614 1798 721 1832 φυεϊσα,
736 1798 782 1832 ἀφ’
806 1795 840 1833 ἧς

37 1845 148 1879 ἑαυτὴν
173 1843 298 1879 ἀπῆγξεν
319 1843 424 1878 Ἑλένη)
447 1843 495 1870 καὶ
515 1843 554 1874 ὡς
572 1843 598 1869 οἱ
611 1843 742 1877 φαγόντες
756 1844 840 1878 αὐτῆς

38 1891 159 1921 πάντως
177 1891 218 1920 εἰς
232 1890 291 1924 ἑριν
306 1890 493 1916 καθίστανται.
519 1889 562 1920 Ὠς
577 1889 716 1916 Μενελάου
733 1889 840 1925 ἠράσθη

45 1935 162 1970 Ἑλένη,
186 1935 235 1961 καὶ
249 1934 335 1967 οὕτως
345 1934 369 1950 ⁸⁸
398 1935 501 1970 ἔγημεν
517 1935 613 1970 αὑτήν.
635 1935 678 1966 Ὡς
702 1935 768 1961 ἔνιοι
792 1936 841 1969 τὴν

45 1981 167 2016 Ἑλένην
191 1981 260 2016 φασὶ
272 1980 296 1997 ⁸⁷
324 1980 553 2016 παραγενομένην
577 1981 616 2012 εἰς
641 1980 767 2015 Ταύρους
792 1981 842 2015 τῆς

39 2026 169 2056 Σκυθίας
192 2025 242 2052 σὺν
272 2025 407 2060 Μενελάῳ
427 2026 475 2051 ἐπὶ
499 2025 548 2061 τὴν
577 2025 704 2061 Ὀρέστου
730 2025 842 2060 ζήτησιν

39 2069 256 2104 σφαγιασθῆναι
281 2069 334 2096 ὑπὸ
365 2070 526 2104 Ἰφιγενείας
554 2071 586 2106 τῇ
630 2070 767 2106 Ἀρτέμιδι
794 2071 843 2097 σὺν

38 2116 182 2150 Μενελάῳ
195 2123 202 2130 ⁸
222 2115 285 2152 [248
300 2115 346 2151 IL]
363 2116 387 2142 οἱ
400 2116 428 2142 δέ
444 2125 526 2150 φασιν
546 2116 584 2148 ὡς
595 2116 672 2148 Θέτις
687 2116 771 2152 αὐτὴν
795 2117 843 2143 άν-

39 2163 102 2188 έλοι
113 2163 145 2188 ὲν
155 2161 195 2196 τῷ
204 2161 321 2197 ἀπόπλῳ
329 2162 382 2188 τῶν
389 2161 534 2196 Ἑλλήνων,
545 2162 744 2189 ἀπεικασθείσα
752 2162 841 2198 φώκη.

38 2208 116 2234 Φασὶ
130 2207 155 2234 δ’
178 2206 252 2241 Ὴχὼ
268 2207 318 2242 μὲν
334 2208 384 2242 ⁴τὴν
408 2207 520 2241 Ἑλένην
542 2207 573 2233 τὸ
588 2207 683 2242 κύριον
710 2208 841 2243 κληθῆναι

41 2252 92 2278 διὰ
107 2252 140 2278 τὸ
159 2252 320 2287 φωνόμιμον
346 2252 431 2288 αὐτὴν
457 2253 596 2286 γενέσθαι,
623 2253 732 2288 Ἑλένην
746 2253 775 2279 δὲ
789 2253 843 2279 ἀπὸ

39 2298 96 2324 τοῦ
108 2300 139 2325 ὲν
155 2298 213 2324 ’ἑλει
236 2298 290 2324 ὑπὸ
310 2298 402 2333 Λήδας
420 2298 563 2333 τεχθῆναι.
579 2298 642 2325 ’Ὀτι
654 2299 668 2324 ό
679 2298 702 2314 ⁵⁸
713 2299 742 2324 ἐν
756 2299 845 2325 Λακε-

42 2343 164 2378 δαίμονι
186 2344 270 2374 τόπος
295 2344 326 2370 τὸ
347 2344 492 2371 Σανδάλιον
510 2344 565 2371 ἀπὸ
588 2344 635 2371 τοῦ
655 2345 703 2379 τῆς
736 2345 844 2379 Ἑλένης

44 2389 211 2422 σανδαλῑου,
239 2390 404 2421 ἐκπεσόντος
433 2390 519 2424 αὐτῆς
540 2392 569 2416 ὲν
588 2389 663 2425 αὐτῷ
676 2390 845 2426 διωκομένης

41 2435 97 2461 ὑπ’
113 2435 308 2471 Ἀλεξάνδρου,
320 2435 394 2462 ἒλκει
407 2435 456 2470 τὴν
469 2435 576 2471 κλῆσιν.
597 2435 641 2467 Ὠς
656 2436 761 2470 γένοιτο
777 2438 843 2467 παῖς

888 934 1013 961 tilitatem
1037 932 1241 968 Euphorionem
1277 932 1439 968 appellarint
1464 940 1473 959 :
1493 931 1552 966 ejus
1580 937 1671 958 autem

887 986 980 1006 amore
992 984 1100 1012 captum
1117 977 1224 1010 Jovem,
1240 983 1267 1006 et
1279 978 1391 1005 minime
1405 977 1563 1012 potientem,
1579 976 1672 1004 fulmi-

887 1032 922 1053 ne
935 1025 960 1051 in
976 1024 1046 1051 Melo
1058 1024 1144 1050 insula
1158 1024 1329 1058 percussisse
1344 1023 1672 1058 Iugitantem,nymphas-

887 1076 950 1106 que,
971 1069 1042 1104 quod
1065 1076 1127 1096 eum
1145 1073 1225 1096 terra).
1247 1069 1434 1100 mandassent,
1452 1068 1478 1095 in
1500 1075 1581 1095 ranas
1597 1075 1672 1095 com-

888 1121 1018 1144 mutasse.
1037 1115 1174 1143 Helenam‘
1191 1115 1321 1150 quosdam
1342 1114 1446 1142 referre
1467 1115 1505 1141 ait
1528 1119 1674 1142 venantem

889 1162 916 1189 in
929 1161 1055 1197 virginali
1079 1166 1170 1188 monte
1193 1166 1297 1196 raptam
1317 1169 1332 1188 a
1347 1161 1455 1193 Paride,
1473 1165 1500 1188 et
1514 1160 1594 1194 hujus
1612 1160 1673 1195 pul-

889 1205 1046 1235 chritudine
1066 1212 1174 1242 captam
1198 1211 1326 1243 tanquam
1351 1207 1430 1235 deum
1444 1214 1504 1234 esse
1523 1211 1645 1234 secutam
1664 1215 1671 1233 :
1712 1237 1715 1243 ~

889 1253 927 1280 De
947 1260 1016 1280 zona
1043 1253 1099 1287 (77)
1115 1259 1164 1280 acu
1179 1253 1252 1288 picta
1268 1260 1349 1289 quam
1375 1260 1390 1280 ι
1407 1252 1510 1281 Venere
1534 1256 1674 1286 acceptam

887 1299 960 1328 Juno
973 1300 1078 1327 dederit
1094 1299 1214 1332 Helenae,
1233 1307 1247 1326 a
1271 1307 1324 1334 qua
1338 1307 1444 1327 rursum
1461 1299 1558 1326 ancilla
1573 1298 1674 1334 Astya-

888 1352 968 1372 nassa
982 1344 1055 1372 furto
1063 1345 1214 1378 sustulerit,
1226 1346 1312 1374 donec
1323 1351 1384 1373 eam
1396 1344 1487 1371 Venus
1500 1349 1527 1372 et
1537 1344 1599 1371 huic
1612 1344 1674 1371 abs-

889 1390 959 1418 tulit.
986 1390 1056 1424 Quid
1089 1391 1126 1419 sit
1158 1391 1223 1419 illud
1249 1391 1283 1418 ab
1315 1390 1431 1418 Homero
1457 1391 1489 1417 de
1510 1389 1610 1417 Helena
1635 1390 1675 1416 sic

890 1436 992 1463 dictum
1008 1445 1015 1463 :

926 1482 1055 1516 Argivum
1069 1490 1164 1510 uxores
1178 1483 1286 1510 imitata
1300 1487 1337 1510 ut
1348 1482 1454 1510 uocibus
1470 1490 1559 1509 omnes
1571 1481 1640 1518 (78).

892 1526 997 1555 Dictum
1015 1528 1087 1555 Solis
1098 1533 1126 1556 et
1145 1528 1225 1556 Leda;
1240 1529 1323 1556 tiliam
1339 1529 1424 1556 fuisse
1442 1528 1583 1561 Helenam,
1597 1535 1677 1555 voca-

890 1578 999 1608 tamque
1019 1573 1149 1601 Leontem
1167 1583 1174 1601 :
1190 1579 1294 1609 raptam
1309 1579 1399 1601 autem
1428 1574 1513 1604 fuisse
1529 1574 1564 1601 ob
1577 1574 1676 1601 iratam

889 1617 1011 1644 Menelao
1037 1616 1179 1651 Venerem,
1200 1618 1272 1653 quod
1299 1618 1477 1648 hecatomben
1499 1625 1548 1653 pro
1572 1618 1676 1653 nuptiis

889 1662 1038 1697 pollicitus,
1057 1663 1112 1689 voti
1136 1670 1198 1690 reus
1215 1663 1272 1690 deae
1286 1671 1340 1690 non
1366 1663 1502 1690 solvisset.
1525 1662 1564 1690 De
1589 1662 1677 1690 Hele-

891 1708 953 1735 neio
969 1707 1025 1743 (79)
1039 1708 1134 1742 herba,
1149 1716 1211 1744 quae
1228 1709 1256 1736 in
1269 1708 1366 1736 Rhodo
1382 1709 1513 1742 nascitur,
1526 1710 1560 1736 ab
1573 1708 1677 1735 Helena

891 1760 990 1780 nomen
1013 1754 1083 1781 hanc
1105 1755 1265 1789 sumpsisse.
1286 1754 1378 1782 Visam
1403 1755 1476 1782 enim
1496 1754 1530 1781 ad
1552 1753 1675 1781 eamdem

891 1799 964 1826 nasci
978 1807 1119 1834 quercum,
1135 1807 1169 1827 ex
1183 1808 1274 1834 quase
1290 1799 1390 1828 Helena
1408 1800 1583 1835 strangularit
1595 1799 1677 1834 ;quin

892 1849 919 1870 et
933 1850 993 1871 eam
1006 1845 1052 1878 qui
1073 1844 1179 1872 ederint
1191 1844 1223 1872 ad
1237 1845 1324 1872 rixam
1338 1845 1450 1872 omnino
1461 1844 1679 1872 concitari.Ada-

893 1894 994 1915 matum
1008 1889 1084 1924 prius
1098 1889 1132 1916 ab
1149 1889 1250 1916 Helena
1271 1889 1432 1923 Menelaum,
1444 1889 1484 1916 sic
1497 1890 1606 1916 tandem
1617 1897 1677 1916 eam

892 1942 1004 1961 uxorem
1021 1935 1142 1962 duxisse.
1161 1934 1243 1962 Addit
1257 1935 1520 1968 narrarequosdam,
1536 1935 1563 1961 in
1576 1935 1679 1961 Tauros

893 1980 1011 2016 Scythiae
1026 1979 1175 2015 profectam
1203 1988 1265 2007 cum
1279 1980 1399 2007 Menelao
1413 1980 1543 2007 Helenam
1556 1981 1588 2007 ad
1602 1980 1678 2007 inve-

893 2026 1046 2060 stigandum
1067 2024 1212 2058 Orestem,
1233 2025 1400 2053 immolatam
1427 2026 1463 2053 ibi
1498 2026 1569 2053 hanc
1582 2025 1678 2061 14911

894 2070 986 2098 Diana:
1000 2079 1052 2098 una
1068 2078 1129 2098 cum
1147 2071 1268 2098 Menelao
1284 2071 1368 2098 fuisse
1379 2071 1412 2098 ab
1427 2071 1591 2106 Iphigeueia.
1602 2070 1677 2098 Velie

897 2122 987 2144 tamen
1014 2116 1082 2144 alios
1103 2124 1118 2143 a
1140 2115 1231 2148 Theti,
1254 2117 1353 2143 marini
1372 2116 1457 2144 forma
1481 2117 1555 2143 vituli
1574 2117 1678 2149 induta,

895 2161 1030 2189 sublatam
1046 2161 1132 2194 illam,
1148 2163 1210 2189 dum
1233 2162 1319 2189 Graeci
1338 2163 1450 2190 navibus
1468 2163 1578 2189 domum
1606 2162 1679 2189 redi-

897 2212 966 2235 rent.
981 2208 1094 2241 Ferunt,
1120 2209 1168 2240 ait,
1198 2208 1272 2236 Echo
1294 2209 1432 2243 proprium
1450 2207 1559 2235 Helenae
1582 2216 1679 2235 nomen

895 2254 1020 2286 inditum,
1035 2255 1106 2288 quod
1128 2254 1242 2282 aliorum
1259 2254 1305 2282 illa
1329 2262 1423 2282 vocem
1446 2255 1548 2282 imitari
1572 2256 1680 2289 egregie

895 2304 1006 2334 posset:
1023 2299 1152 2327 Helenam
1171 2307 1235 2327 vero
1249 2299 1361 2332 dictam,
1380 2301 1452 2334 quod
1482 2307 1542 2326 eam
1565 2299 1637 2326 Leda
1651 2301 1681 2326 ὲν

894 2346 950 2372 ἕλει
965 2344 1005 2381 [in
1017 2344 1126 2381 palude]
1143 2345 1270 2373 ediderit.
1281 2345 1476 2372 Lacedaemone
1489 2345 1577 2373 locum
1588 2353 1682 2380 quem-

894 2392 955 2418 dam
983 2391 1140 2418 Sandalium
1164 2390 1328 2426 appellatum
1358 2391 1392 2418 ab
1410 2390 1518 2418 Helenae
1541 2391 1682 2424 sandalio,

894 2437 965 2472 quod
990 2437 1046 2464 illic
1069 2437 1211 2470 exciderit,
1229 2437 1292 2464 dum
1316 2436 1390 2463 illam
1415 2436 1571 2464 Alexander
1587 2443 1681 2472 perse-

697 2506 815 2534 VABI/E
833 2506 1036 2534 LECTIONES.

87 2566 109 2581 ¹¹
123 2566 223 2597 Τίτυος
242 2574 274 2598 ς.

312 2565 335 2582 ³⁸
354 2565 523 2601 Ἀλεξάνδρῳ
538 2574 568 2598 ς.
606 2567 629 2582 ⁸⁹
645 2566 851 2601 ὲπιθυμήσουσα
870 2576 899 2598 ς.
938 2567 960 2582 ⁸⁰
972 2565 1099 2601 εὐνούχου
1121 2565 1141 2591 Α
1159 2574 1165 2592 :
1181 2564 1347 2601 ﬁgtdpdavoc
1364 2572 1394 2601 g‘.

1441 2563 1462 2580 “
1479 2563 1628 2598 παρθενίωι
1649 2563 1681 2590 Α.

41 2602 75 2617 δ’
96 2602 206 2636 αύτὺνή
226 2601 327 2636 Ἤρας.
364 2602 388 2618 ⁸³
408 2598 529 2637 Ὀμήρου
542 2610 573 2633 ς.
609 2601 633 2616 ⁵⁸
649 2598 822 2628 τεκούσανΛ.
860 2603 883 2618 ⁸⁵
899 2611 929 2628 τε
948 2610 1002 2628 om.
1020 2598 1068 2628 ΛΓ
1091 2601 1114 2616 ⁵⁸
1127 2601 1175 2627 καὶ
1193 2598 1225 2626 οὗ
1241 2598 1344 2634 ἔγημεν
1359 2598 1440 2625 αὐτὸν
1455 2607 1497 2634 pr.
1509 2601 1542 2626 A.
1578 2599 1599 2615 "
1617 2599 1684 2633 φασὶ

41 2636 102 2671 τὴν
118 2636 176 2664 πελ.
193 2645 225 2668 ς.
264 2636 286 2652 ιε
297 2637 311 2663 δ
327 2637 390 2665 add.
407 2637 441 2664 Α.

827 2702 942 2732 NOTAE.

94 2773 147 2809 (76)
172 2774 274 2802 Narrat
298 2779 326 2802 et
351 2775 430 2803 Dion.
453 2776 500 2803 Iih.
515 2783 560 2808 ιχ,
590 2780 720 2807 extremo,
741 2776 843 2804 addens

43 2816 199 2850 propterea
216 2809 353 2850 senet-ain
366 2811 486 2838 libellum
501 2811 538 2838 De
551 2812 630 2846 hujus
640 2818 726 2840 morte
742 2812 841 2838 ἀποκο-

42 2846 218 2872 Αοκύντωσιν
230 2846 412 2880 inscripsisse.

197 2893 336 2922 I’A'rnon.
353 2892 410 2922 Gn.
435 2892 516 2922 CIII.

934 2775 988 2813 (π)
999 2774 1139 2813 Legendus
1151 2774 1260 2813 Homer.
1275 2775 1356 2804 “iud.
1367 2776 1398 2804 E.
1410 2782 1436 2804 et
1445 2778 1502 2813 ejus
1510 2778 1680 2812 interpretes.

933 2811 988 2846 (18)
1008 2811 1142 2837 Homerus
1155 2810 1250 2845 Odyss.
1268 2813 1298 2842 Δ.
1315 2820 1384 2839 vers.
1402 2810 1464 2839 279.

935 2846 990 2881 (79)
1004 2846 1136 2873 Describit
1154 2846 1266 2878 Plinius,
1285 2847 1331 2874 lib.
1348 2856 1404 2880 χχι,
1420 2856 1480 2879 eup.
1496 2847 1528 2875 10
1542 2852 1569 2874 ct
1581 2847 1627 2874 21.

1444 2896 1478 2925 20
