1923 3091
279 157 331 190 619

277 212 380 246 quitur.
410 209 557 237 Sustulisse
575 208 758 236 Alexandrum
780 215 814 235 ex
838 207 938 234 Helena
967 206 1061 237 ﬁliam.

276 261 389 290 ortaque
415 255 449 282 de
479 254 589 282 nomine
615 254 811 285 contentione,
841 254 915 280 illurn
951 253 1060 287 Quidem

275 300 468 332 Alexandram,
494 299 565 326 hanc
589 306 679 327 autent
701 299 830 326 Helenam
855 293 988 326 nominari
1015 306 1061 325 vo-

273 344 368 372 luisse.
392 344 494 372 Vicisse
513 345 621 371 tandem
644 343 771 372 Helenam
791 343 907 370 talorum
922 343 995 377 jactu
1011 350 1060 369 su-

274 391 419 426 periorem,
436 395 517 425 atque
536 390 572 418 ita
591 390 673 417 lilium
696 389 775 416 matri
806 390 995 423 cognominem
1018 388 1060 415 fa-

274 442 345 463 ctam
368 457 374 463 .
390 444 471 471 quam
494 437 528 463 ab
546 436 665 468 Hecuba,
687 440 765 469 capto
778 434 834 469 jam
851 434 908 465 llio,
930 435 1060 462 interem-

273 488 346 516 ptam
373 482 473 509 ferunt.
494 481 536 509 Ab
559 482 649 509 Iliacis
678 488 764 516 usque
784 481 972 516 temporibus,
1002 481 1058 511 ait,

271 528 380 554 Helena
396 527 487 554 multa!
503 535 600 554 nomen
617 533 680 554 sunt
703 531 830 554 mutuatae
849 536 856 554 :
873 531 902 553 ut
917 525 1014 559 Egisti
1033 529 1060 552 et

271 574 478 608 Clytemnestrae
501 574 566 606 ﬁlia,
592 574 624 600 ab
643 573 740 600 Oreste
762 573 923 607 interfecta;
948 571 1059 599 Veneris

270 620 335 646 item
352 619 378 646 in
394 627 542 654 congressu
564 627 624 646 cum
642 618 772 646 Adonide
783 619 919 651 ministra,
930 617 1058 653 Epidam—

270 666 307 693 nii
320 666 385 698 lilia,
399 671 426 692 et
445 666 479 693 ab
500 665 658 700 Epidauniis
673 665 787 693 Veneris
804 667 888 700 figura
913 666 996 696 culta,
1018 664 1058 691 di-

269 712 350 739 vitias
364 711 532 738 initiantibus
549 712 682 747 largiens;
706 711 826 738 Faustuli
844 715 973 746 prmterea
987 709 1058 736 illius

270 756 336 788 lilia,
352 757 398 790 qui
413 756 529 784 Romum
545 761 572 783 et
587 757 730 784 Romulum
745 757 916 784 educandum
933 755 1055 782 curavit:

269 807 299 828 ut
324 805 352 828 et
370 800 415 828 illa
441 806 482 828 est
496 800 598 828 Helena
613 800 757 835 appellata.
775 807 836 834 qum
849 804 940 826 ternos
961 799 1057 825 edebat

268 847 389 882 quotidie
414 847 517 874 haedos.
534 846 682 874 Dicararcbi
706 853 814 880 quoque
832 845 948 872 Telesini
966 852 1054 874 soror.

268 894 382 929 aliaeque
397 893 559 925 octodecim,
577 893 603 919 in
625 893 724 927 quibus
740 897 767 920 et
788 899 819 919 ea
850 891 968 918 Homero
982 892 1054 917 anti—

267 941 348 975 quior
360 940 461 967 Helena
472 944 523 971 est,
536 947 596 973 qua
606 939 706 966 bellum
719 937 868 972 Trojanum
881 937 1054 971 conscripsit,

266 985 361 1014 Μυεωί
375 986 551 1014 Atheniensis
563 985 616 1012 lilia
632 994 638 1012 :
653 992 667 1012 a
683 992 736 1020 qua
749 990 776 1012 et
788 983 921 1011 Homerus
933 983 989 1019 (80)
1007 990 1055 1010 ac-

267 1033 372 1066 cepisse
388 1035 575 1066 argumentum
591 1031 719 1062 creditur,
737 1035 765 1057 et
790 1029 935 1064 bilinguem
954 1036 1052 1063 agnum

265 1077 431 1112 possedisse.
450 1076 535 1111 Tityri
553 1076 663 1110 insuper
676 1075 760 1102 JEtoli
774 1075 839 1108 lilia,
853 1082 912 1109 qua:
925 1074 1054 1107 singulari

266 1121 398 1148 Achillem
414 1121 562 1148 certamine
577 1128 738 1155 provocans,
755 1120 823 1146 lzesit
843 1119 950 1153 quidem
967 1119 1052 1150 illum,

267 1166 371 1194 inﬂicto
386 1167 491 1193 mortali
510 1160 578 1200 pené
595 1167 743 1193 secundum
765 1171 844 1199 caput
859 1165 980 1197 vulnere,
1006 1165 1055 1191 sed

267 1213 324 1248 ipsa
341 1213 477 1240 occubuit.
495 1212 596 1240 Helena
618 1219 726 1246 quoque
744 1212 770 1238 in
790 1212 860 1238 lnmc
879 1218 990 1237 censum
1011 1218 1054 1237 reo

266 1258 354 1286 fertur
369 1258 413 1285 illa
438 1259 563 1292 pingendi
589 1258 688 1292 perita,
704 1256 826 1284 Timonis
850 1255 970 1291 Egyptii
989 1256 1053 1287 lilia,

267 1312 327 1339 quae
342 1305 398 1330 suis
414 1304 579 1338 temporibus
601 1309 705 1338 gestum
729 1303 840 1330 lssicum
861 1303 958 1328 bellum
980 1302 1055 1336 peni-

266 1350 328 1377 cillo
345 1350 441 1384 pinxit,
456 1355 483 1376 et
508 1349 534 1376 in
549 1348 626 1376 Pacis
644 1348 743 1380 templo
758 1357 772 1374 a
788 1346 955 1382 Vespasiano
973 1347 1056 1381 impe-

267 1401 358 1423 ratore
385 1395 514 1422 collocata
543 1396 646 1430 pictura
666 1399 717 1421 cst.
734 1394 882 1421 Archelaus
907 1401 988 1428 porro
1004 1393 1056 1428 Cy-

267 1442 361 1476 prius,
387 1441 534 1468 Stesichori
561 1446 645 1475 poeta:
675 1441 789 1467 amicam
820 1440 899 1467 unice
928 1440 1053 1466 dilectam

267 1486 351 1513 fuisse
365 1486 403 1512 ait
419 1484 546 1511 Helenam
576 1483 742 1519 quamdam,
758 1483 870 1518 Micytlti
901 1482 983 1509 tiliam
1001 1491 1009 1509 :
1028 1487 1055 1509 et

267 1532 426 1558 discessisse
435 1531 505 1557 hanc
522 1538 537 1557 a
553 1530 722 1562 Stesicltoro,
736 1534 817 1564 atque
833 1529 866 1555 ad
881 1528 1012 1563 Bupalum
1024 1535 1054 1555 se

267 1577 414 1605 contulisse
429 1586 435 1603 :
454 1578 549 1603 iratunl
563 1584 628 1611 ergo
645 1577 707 1603 hinc
719 1577 758 1602 sui
775 1580 931 1610 contemptu
946 1579 1052 1608 poetam

268 1624 409 1658 scripsisse
425 1622 557 1659 [carmen]
571 1631 578 1648 :
593 1622 692 1648 Helena
707 1621 794 1648 uolens
807 1622 935 1648 discessit.
947 1620 1054 1647 Falsaln

267 1675 356 1696 autem
380 1677 440 1696 esse
466 1665 521 1696 ruit
544 1669 724 1695 narrationem
752 1668 826 1694 illam
852 1667 885 1694 de
899 1667 1055 1694 Slesichoru

266 1721 404 1743 ρει-ωουιο
419 1714 487 1751 (8|).
511 1715 548 1742 De
572 1715 644 1750 moly
662 1715 719 1749 (8‘2)
745 1715 841 1741 deinde
878 1713 960 1739 herba
985 1712 1054 1746 apud

267 1762 413 1790 Homerum
427 1762 492 1796 agit,
507 1769 586 1796 quam
599 1769 614 1788 e
629 1761 760 1795 sanguine
773 1759 905 1786 interfecti
924 1758 949 1785 in
961 1758 1054 1785 Circes

267 1809 354 1835 insula
372 1808 489 1843 gigantis
499 1812 606 1834 enatatn
625 1806 726 1837 ferunt,
741 1805 895 1839 habercque
909 1804 1051 1830 candidum

266 1853 360 1880 ﬂorenti
371 1862 378 1886 ;
389 1853 482 1880 Circes
494 1857 583 1880 autem
598 1853 623 1879 in
636 1859 724 1886 pugna
736 1852 838 1878 socium
853 1850 956 1882 Solem,
969 1851 1050 1877 etiam

267 1899 363 1934 150a
393 1900 525 1933 gigantem
561 1897 750 1928 interemisse,
777 1902 859 1930 atque
883 1896 955 1926 inde,
979 1895 1052 1930 quod

267 1945 356 1979 μῶλος
385 1953 498 1979 pugnam
519 1943 663 1978 signiticet,
681 1943 795 1970 inditutn
822 1943 911 1969 herbae
941 1949 1049 1968 nomen.

266 1991 359 2017 Refert
375 1998 482 2024 quoque
503 1989 658 2024 Dionysium
670 1989 753 2016 fuisse
766 1988 892 2016 Chironis
907 1987 1048 2018 amasium,

265 2042 292 2063 et
312 2037 345 2063 ab
362 2041 454 2062 codem
471 2036 691 2067 comessationes,
705 2035 950 2067 bacchationesque
960 2041 991 2060 ac
1006 2040 1050 2060 sa-

265 2082 367 2109 crilicia
383 2082 519 2109 didicisse.
534 2081 570 2108 De
582 2080 760 2116 Myrtiliorum
779 2080 835 2115 (85)
852 2080 937 2114 patris
950 2087 981 2106 ac
1001 2079 1047 2106 lilii

855 153 987 184 ΡΗΟΤΙΙ
1005 152 1259 182 PATRIARCHIE
1273 152 1326 182 [ΣΡ.

1076 208 1099 235 Δ
1114 205 1208 240 θήλεια
1223 206 1252 238 ὲξ
1280 206 1452 243 Ἀλεξάνδρου
1474 206 1579 241 Ἑλένῃ,
1607 206 1897 243 διαφιλονεικησάντων

1112 252 1139 278 δὲ
1156 252 1220 286 περὶ
1239 253 1289 287 τῆς
1315 252 1441 288 κλήσεως
1454 253 1478 284 (ὁ
1493 253 1542 287 μὲν
1563 253 1618 288 γὰρ
1638 252 1827 289 Ἀλεξάνδραν,
1843 256 1859 290 ἡ
1875 256 1897 281 δ’

1119 297 1229 332 Ἑλένην
1243 297 1386 332 ὀνομάζειν
1396 297 1496 332 ἠξίου),
1511 298 1576 332 νικᾷ
1592 297 1697 333 Ἑλένη.
1716 299 1898 334 ἀστραγάλοις

1111 341 1232 368 λαϐοῦσα
1248 342 1279 368 τὸ
1289 342 1382 377 κῦρος,
1404 343 1451 369 καὶ
1472 343 1489 378 ή
1516 344 1581 374 παῖς
1593 344 1626 378 τῇ
1644 344 1729 380 μητρὶ
1754 344 1898 379 ὁμώνυμος

1111 387 1251 420 ἐγεγόνει·
1268 388 1371 422 ταύτην
1398 387 1580 422 ἀναιρεθῆναί
1604 396 1686 422 φασιν
1702 389 1754 415 ὑπὸ
1781 390 1898 425 Ἑκάϐης

1111 434 1139 459 ἐν
1156 434 1189 469 τῇ
1217 433 1294 460 Ἰλίου
1309 433 1420 460 ἁλώσει.
1437 434 1498 460 ’Ότι
1517 434 1572 460 ἀπὺ
1588 433 1642 460 τῶν
1663 434 1785 461 Ἰλιακῶν
1799 435 1898 470 ὀνομα-

1110 480 1172 506 σταὶ
1188 480 1332 513 γεγόνασιν
1351 480 1465 508 Ἐλέναι-
1483 482 1499 515 ὴ
1517 481 1647 515 Αἰγίσθου
1663 481 1710 508 καὶ
1721 482 1897 517 Κλυταιμνή-

1111 533 1195 558 στρας
1218 526 1354 561 Θυγάτηρ,
1371 527 1405 562 ἢν
1420 527 1525 554 ἀνεῖλεν
1547 527 1689 562 Ὀρέστης,
1707 528 1754 554 καὶ
1771 529 1787 562 ἡ
1807 528 1898 554 διακο-

1109 571 1216 605 νήσασα
1247 571 1390 607 Ἀφροδίτῃ
1412 573 1440 598 ὲν
1461 574 1493 607 τῇ
1520 573 1588 608 πρὸς
1621 573 1735 599 Ἄδωνιν
1759 574 1863 610 ὁμιλίᾳ,
1882 575 1898 608 ἡ

1117 617 1293 652 Ἐπιδαμνίου
1306 618 1328 634 ι’
1346 619 1478 654 Θυγάτηρ,
1496 619 1529 654 ἣν
1561 619 1731 654 Ἐπιδάμνιοι
1746 621 1775 647 ὲν
1797 621 1898 655 Ἀφρο-

1109 661 1185 696 δίτης
1201 663 1322 698 σχήματι
1331 664 1443 698 τιμῶσι,
1458 666 1588 700 χρήματα
1601 666 1781 701 λιμώττουσιν
1792 667 1900 693 ἐπιδοῦ-

1109 716 1159 734 σαν
1169 708 1204 740 ⁵ο,
1221 710 1268 735 καὶ
1292 711 1308 744 ἡ
1325 711 1474 737 Φαιστύλου
1495 711 1620 747 θυγάτηρ
1641 712 1687 738 τοῦ
1704 712 1899 748 ἀναθρεψαμέ-

1108 761 1154 778 νου
1190 752 1296 788 Ῥῶμον
1323 755 1369 780 καὶ
1405 755 1553 790 Ῥωμύλον.
1569 757 1624 784 Καὶ
1649 757 1666 791 ἡ
1691 759 1766 793 τρεῖς
1787 758 1899 794 ἐρίφους

1107 799 1234 825 ἐσθίουσα
1249 799 1310 826 καθ’
1330 800 1437 836 ἡμέραν
1459 801 1550 838 Ἑλένη
1569 803 1703 836 ἐκαλεῖτο,
1726 803 1773 830 καὶ
1785 803 1802 838 ἠ
1815 804 1839 819 ⁸¹
1852 805 1898 830 Δι-

1107 845 1241 880 καιάρχου
1272 845 1320 872 τοῦ
1347 847 1488 874 Τελεσίνου
1499 848 1523 864 ⁵⁸
1547 848 1660 883 ἀδελφὴ,
1690 848 1817 885 [4811ἰ.]
1847 851 1898 876 καὶ

1071 876 1092 903 Β
1106 876 1405 925 ἕτερά-ὀκτωκαίδεκα,
1422 890 1460 919 ὧν
1475 894 1551 930 καὶὴ
1567 876 1624 930 πρέ
1644 876 1766 930 ἰὸρίήρου
1789 876 1896 930 Ἑλένη,

1105 937 1122 971 ἡ
1133 936 1180 963 τὸν
1197 937 1311 964 Ἰλιακὸν
1323 939 1538 975 συγγραψαμένη
1553 940 1680 975 πόλεμον,
1696 942 1834 967 Μουσαίου
1848 941 1899 968 τοῦ

1111 981 1252 1016 Ἀθηναίου
1276 983 1399 1019 θυγάτηρ
1427 985 1578 1019 γενομένη’
1595 986 1659 1020 παρ’
1676 983 1709 1020 ἧς
1735 986 1781 1012 καὶ
1802 985 1898 1020 Ὅμη-

1105 1037 1151 1063 ρον
1173 1028 1280 1062 λέγεται
1296 1029 1387 1056 λαϐεῖν
1399 1031 1446 1065 τὴν
1457 1031 1480 1046 ⁵³
1497 1032 1626 1058 ὑπόθεσιν
1637 1040 1644 1047 ·
1670 1032 1704 1067 ἣν
1724 1033 1770 1059 καὶ
1788 1032 1897 1066 κτήσα-

1105 1073 1167 1099 σθαι
1184 1073 1214 1099 τὸ
1227 1073 1375 1108 δίγλωσσον
1391 1076 1483 1110 ἀρνίον
1493 1084 1501 1091 ·
1520 1077 1594 1112 καὶὴ
1612 1077 1729 1113 Τιτύρου
1740 1076 1789 1103 τοῦ
1800 1078 1897 1104 Αἰτω-

1105 1118 1151 1145 λοῦ
1165 1119 1299 1155 θυγάτηρ,
1320 1122 1380 1156 ἣτις
1400 1123 1439 1154 είς
1464 1123 1633 1158 μονομαχίαν
1653 1123 1777 1158 Ἀχιλλέα
1790 1132 1898 1159 προκα-

1105 1164 1240 1200 λεσαμένη
1251 1166 1274 1181 “
1299 1167 1403 1193 ἐκεῖνον
1434 1167 1483 1201 μὲν
1510 1168 1580 1194 κατὰ
1596 1170 1646 1203 τῆς
1674 1169 1795 1204 κεφαλῆς
1809 1171 1898 1202 ἐγγὺς

1106 1210 1222 1237 θανατου
1252 1211 1389 1247 τραύματι
1403 1213 1426 1229 ⁵⁸
1450 1212 1577 1249 ἔτρωσεν,
1600 1214 1669 1249 αὐτὴ
1696 1215 1718 1241 δ’
1739 1215 1785 1241 ὑπ’
1809 1215 1898 1242 αὐτοῦ

1104 1257 1247 1292 ἀνῄρηται.
1266 1258 1322 1285 Καὶ
1347 1259 1364 1294 ἡ
1380 1258 1524 1295 ζωγράφος
1551 1259 1644 1294 Ἑλένη
1671 1260 1719 1287 τοῦ
1741 1261 1899 1295 καταλόγου

1104 1303 1163 1329 ἐστὶ
1175 1303 1281 1336 τούτου,
1309 1303 1432 1340 Τίμωνος
1451 1305 1499 1332 τοῦ
1519 1306 1668 1339 Αἰγυπτίου
1683 1306 1817 1342 θυγάτηρ,
1833 1307 1900 1342 ἣτις

1104 1349 1153 1384 τὴν
1168 1350 1197 1376 ὲν
1209 1350 1232 1365 ⁵⁸
1267 1350 1344 1386 Ἰσσῷ
1376 1351 1476 1386 μάχην,
1501 1352 1530 1378 ἐν
1555 1352 1670 1384 ἐκείνοις
1694 1352 1856 1387 ἀκμάζουσα
1872 1354 1899 1369 ’τ

1103 1397 1160 1426 τοῖς
1175 1395 1291 1430 χρόνοις,
1304 1396 1423 1432 ἔγραψε·
1444 1397 1492 1424 καὶ
1511 1399 1542 1424 ἐν
1557 1398 1595 1433 τῷ
1611 1398 1661 1433 τῆς
1676 1398 1798 1434 Εἰρήνης
1809 1400 1899 1434 τεμέ-

1104 1449 1143 1466 νει
1157 1441 1202 1466 ἐπὶ
1219 1441 1426 1468 Οὐεσπασιανοῦ
1439 1443 1563 1469 ἀνέκειτο
1586 1444 1602 1478 ἡ
1615 1444 1718 1478 γραφή.
1739 1444 1891 1479 Ἀρχέλαος

1105 1485 1133 1512 δὲ
1147 1487 1161 1512 ὁ
1179 1486 1302 1523 Κύπριος
1317 1487 1482 1523 Στησιχόρου
1499 1488 1565 1522 φησὶ
1587 1488 1634 1514 τοῦ
1649 1489 1761 1524 ποιητοῦ
1782 1489 1899 1525 Ἑλένην

1067 1548 1088 1576 c
1113 1530 1249 1566 Ἰμεραίαν
1265 1532 1407 1567 ἐρωμένην
1424 1533 1570 1567 γενέσθαι,
1594 1534 1716 1561 Μικύθου
1735 1535 1876 1570 θυγατέρα.
1888 1544 1898 1552 ⁸

1105 1577 1263 1603 ἀποστᾶσαν
1278 1577 1307 1604 δὲ
1326 1579 1491 1613 Στησιχόρου
1516 1580 1564 1605 καὶ
1591 1579 1659 1615 πρὸς
1675 1579 1813 1606 Βούπαλον
1843 1590 1897 1607 πο-

1107 1622 1247 1656 ρευθεῖσαν
1272 1624 1442 1658 ἀμυνόμενον
1467 1624 1517 1659 τῆς
1547 1625 1698 1660 ὑπεροψίας
1715 1626 1761 1652 τὸν
1777 1627 1901 1661 ποιητὴν

1104 1668 1208 1702 γράψαι
1220 1668 1257 1700 ὡς
1271 1669 1294 1684 ⁵³
1313 1669 1421 1704 Ἑλένη
1438 1669 1553 1696 ἑκοῦσα
1568 1670 1669 1704 ἀπῆρε
1680 1677 1688 1686 θ
1704 1671 1789 1706 ψευδῆ
1802 1671 1833 1697 δὲ
1850 1673 1902 1698 τὸν

1104 1713 1168 1748 περὶ
1197 1713 1246 1748 τῆς
1276 1714 1428 1749 πηρώσεως
1451 1712 1521 1742 εἶναι
1550 1716 1638 1750 λόγον.
1665 1717 1732 1751 Περὶ
1748 1716 1795 1743 τοῦ
1823 1718 1897 1752 παρ’

1109 1759 1222 1794 Ὁμήρῳ
1239 1759 1344 1794 μώλυος
1354 1761 1403 1796 τῆς
1417 1760 1542 1796 βοτάνης.
1559 1763 1593 1797 ἣν
1606 1763 1638 1788 ἐκ
1649 1762 1694 1789 τοῦ
1710 1763 1828 1797 αἳματος
1841 1764 1897 1790 τοῦ

1102 1805 1292 1840 ἀναιρεθέντος
1308 1807 1337 1832 ὲν
1353 1807 1386 1842 τῇ
1409 1807 1517 1841 Κίρκης
1534 1808 1608 1842 νήσῳ
1634 1808 1764 1842 Γίγαντος
1780 1809 1900 1843 λέγουσι

1103 1850 1194 1884 φῦναι,
1216 1851 1232 1885 ἢ
1249 1851 1296 1877 καὶ
1314 1851 1344 1877 τὺ
1355 1851 1434 1882 ἄνθος
1453 1852 1509 1886 ἔχει
1524 1851 1619 1879 λευκόν
1631 1860 1637 1867 ·
1652 1853 1694 1878 ὅτι
1712 1853 1725 1878 ὁ
1738 1854 1900 1888 συμμαχῶν

1100 1898 1133 1932 τῇ
1148 1897 1238 1932 Κίρκῃ
1255 1898 1302 1924 καὶ
1313 1897 1415 1924 ἀνελὼν
1429 1898 1474 1924 τὸν
1491 1892 1610 1931 Γίδίαντα
1624 1899 1639 1925 ὁ
1655 1899 1751 1930 Ἤλιος
1761 1897 1796 1934 ἦν
1809 1906 1816 1913 ·
1833 1901 1900 1935 μῶ-

1100 1942 1145 1973 λος
1158 1942 1181 1969 δ’
1197 1944 1213 1978 ἡ
1230 1944 1314 1979 μάχη,
1333 1944 1362 1977 ἐξ
1376 1941 1406 1970 οὗ
1428 1946 1504 1980 καὶὴ
1530 1944 1641 1980 βοτάνη.
1668 1945 1712 1977 Ὠς
1727 1946 1859 1978 Διόνυσος
1872 1948 1898 1963 ⁵³

1100 1989 1238 2024 ἐρώμενος
1252 1990 1398 2025 Χείρωνος,
1413 1990 1442 2023 ἐξ
1455 1988 1486 2017 οὗ
1498 1991 1544 2017 καὶ
1561 1991 1641 2026 μάθοι
1651 1991 1715 2022 τούς
1731 2000 1760 2017 τε
1778 1991 1896 2027 κώμους

1100 2034 1211 2065 καὶτὰς
1231 2034 1361 2069 βακχείας
1388 2035 1436 2061 καὶ
1467 2035 1518 2066 τὰς
1549 2036 1670 2066 τελετάς.
1697 2036 1763 2070 Περὶ
1785 2036 1836 2062 τοῦ
1866 2038 1898 2063 ἐν

1106 2079 1244 2114 Ὀλυμπίᾳ
1256 2080 1434 2114 Ταραξίππου
1445 2081 1492 2106 καὶ
1507 2081 1529 2096 ⁵ο
1539 2081 1593 2107 τῶν
1608 2080 1769 2116 Μυρτίλλων
1782 2083 1896 2117 πατρὸς

263 2125 416 2160 Taraxippo
432 2126 457 2152 in
473 2126 607 2160 Olympia.
637 2125 728 2152 Solum
752 2125 815 2152 item
844 2125 1046 2158 Neoptolemum

1107 2127 1146 2153 ιαὶ
1161 2127 1264 2159 παιδός.
1285 2128 1346 2154 Ὀτι
1364 2128 1408 2154 τὺν
1423 2129 1475 2154 ὑπὸ
1497 2128 1643 2164 Φημονόης
1657 2129 1780 2163 χρησμὸν
1809 2131 1897 2164 μόνον

263 2171 404 2198 Maciotem
423 2171 477 2207 (84)
493 2172 632 2198 oraculum
648 2170 816 2198 Phemonoes
833 2171 866 2197 ab
880 2170 961 2198 Ellto
972 2190 979 2201 .
994 2178 1047 2196 uno

1107 2173 1287 2208 δῖεοτπόλεμον
1305 2174 1351 2200 τὸν
1370 2174 1520 2209 Μακιώτην
1547 2174 1624 2209 παρὰ
1640 2174 1722 2200 Λίθον
1738 2174 1813 2206 τινὸς
1833 2176 1895 2201 τῶν

262 2225 278 2243 c
295 2216 425 2243 fratribus
448 2217 583 2243 audivisse
607 2217 692 2248 aiunt,
710 2224 742 2243 ac
757 2217 790 2242 de
813 2217 864 2243 hoc
878 2215 962 2242 Aﬂtho
977 2216 1045 2242 libro

1107 2218 1238 2252 λελφῶνθι
1261 2219 1376 2246 ἀκοῦσαί
1421 2229 1506 2254 φασι·
1538 2220 1604 2255 περὶ
1637 2220 1734 2246 τούτου
1770 2219 1800 2246 δὲ
1843 2221 1895 2247 τοῦ

263 2262 349 2297 primo
369 2261 549 2289 Historiarum
562 2262 727 2289 Herodotum
745 2262 853 2289 dicere:
869 2261 930 2288 Etsi
951 2270 1043 2288 nomen

1107 2265 1177 2290 λίθου
1198 2266 1245 2291 καὶ
1267 2265 1406 2300 Ἡρόδοτός
1424 2275 1506 2302 φησιν
1517 2268 1577 2283 ⁶¹’⁸³
1590 2267 1652 2302 [249
1675 2265 1721 2301 IL]
1736 2267 1765 2293 ὲν
1788 2267 1894 2302 πρώτῃ

261 2308 318 2342 ejus
343 2309 406 2335 mihi
422 2313 522 2340 notum,
541 2315 592 2334 non
611 2314 697 2334 tamen
713 2309 874 2334 memorabo.
893 2308 931 2334 De
947 2307 1046 2341 duplici

1110 2311 1224 2345 στοριῶν
1235 2312 1274 2338 ὅτι
1287 2311 1380 2344 Εἰδὼς
1398 2313 1492 2340 αὑτοῦ
1510 2313 1543 2339 τὸ
1565 2313 1674 2347 ὄνομα,
1690 2314 1746 2339 οὐκ
1759 2312 1894 2346 ἐπιμνη-

260 2355 330 2390 apud
355 2355 499 2382 Homerum
533 2354 724 2389 appellatione,
759 2354 845 2381 altera
877 2353 945 2388 apud
971 2354 1044 2382 deos.

1107 2357 1260 2391 γθήσομαι.
1277 2358 1345 2393 Περὶ
1358 2358 1407 2393 τῆς
1422 2359 1487 2393 παρ’
1511 2359 1622 2394 Ὁμήρῳ
1642 2359 1791 2394 διωνυμίας
1814 2363 1894 2395 παρα

261 2401 345 2428 altera
362 2401 483 2428 homines
495 2401 620 2434 quodque
635 2399 758 2426 Xanthus
768 2399 841 2427 solus
852 2399 923 2426 ittler
937 2398 1047 2425 ﬂumina

1107 2402 1169 2433 ίεοῖς
1183 2403 1231 2428 καὶ
1242 2402 1407 2437 ἀνθρώποις,
1419 2404 1465 2430 καὶ
1481 2403 1522 2429 ὅτι
1538 2403 1638 2435 Ξάνθος
1653 2403 1734 2438 μόνος
1753 2405 1894 2438 ποταμῶν

261 2447 344 2475 luerit
355 2447 429 2474 Jovis
444 2446 524 2473 lilius.
543 2446 580 2473 De
595 2447 657 2474 aliis
671 2447 733 2473 item
747 2446 846 2480 duplici
861 2445 983 2480 praeditis
999 2452 1046 2472 no-

1107 2447 1158 2479 ὶιὸς
1184 2448 1251 2481 υίὸς,
1281 2449 1327 2475 καὶ
1348 2451 1411 2485 περὶ
1431 2450 1518 2477 ἄλλων
1544 2450 1697 2485 διωνύμων.
1722 2451 1778 2477 Καὶ
1797 2451 1840 2483 ὡς
1863 2452 1894 2477 ὲν

895 2526 1012 2554 VARle
1026 2528 1228 2557 LECTIONES.

295 2585 316 2601 δ’
336 2584 498 2611 Ἐπιδαύνιοι
518 2593 547 2616 ς.
586 2585 608 2600 ⁵⁸³
621 2583 792 2610 ὲπιδιδοῦσαν
807 2591 837 2614 ς.
880 2582 901 2598 ⁸⁸
919 2583 935 2616 ἡ
961 2584 1022 2611 add.
1042 2585 1074 2611 A.
1119 2586 1140 2601 ⁵⁸
1160 2585 1312 2611 τελεστίνου
1327 2594 1358 2617 ς.

259 2619 430 2654 καλεσαμένη
444 2628 475 2651 ς.
511 2620 533 2635 ⁸⁵
547 2620 718 2653 τραυματίαν
735 2627 765 2650 ς.
788 2653 794 2654 7
816 2618 839 2634 “
853 2618 882 2642 ἐν
895 2618 957 2654 add.
972 2620 1003 2646 A.
1042 2620 1064 2635 ⁵⁷
1077 2620 1136 2647 libri
1163 2620 1349 2654 ἀκμάζουσαν.
1394 2621 1417 2636 ⁸⁸
1429 2618 1470 2652 ὡς’
1482 2618 1551 2648 add:
1566 2621 1599 2646 Α.

259 2656 281 2671 ⁸⁸
301 2655 348 2682 καὶ
358 2653 464 2682 ειιίιίζΑ.
501 2655 522 2670 ⁶¹
539 2654 660 2689 ἀδελφῶν
671 2662 702 2685 ς.
737 2653 796 2669 ⁶¹’⁴³
809 2661 889 2687 φασιν
905 2653 938 2680 Α.

1404 2586 1426 2601 ⁵³
1437 2585 1485 2621 τὴν
1498 2591 1524 2612 et
1535 2586 1568 2621 ἢν
1592 2585 1653 2612 add.
1677 2586 1708 2610 Α.
1746 2584 1771 2599 ⁸⁸
1797 2594 1891 2619 μετα,

1407 2621 1466 2647 θῶς
1482 2622 1545 2647 add.
1566 2621 1599 2646 Α.
1649 2621 1671 2636 ⁸³
1688 2619 1831 2647 διόνυσσος
1854 2622 1890 2647 Δ.

1705 2628 1831 2652 ιονυσσῡς
1854 2628 1890 2648 Δ.

1027 2694 1141 2727 NOTAE.

1131 2763 1189 2794 (82)
1201 2761 1279 2788 Hom.
1293 2762 1389 2796 Odyss.
1405 2761 1437 2789 K.
1459 2770 1484 2788 ν.
1501 2761 1565 2793 504,
1583 2766 1611 2788 et
1622 2761 1680 2794 ejus
1694 2761 1838 2796 interpret.

1129 2798 1184 2831 (85)
1209 2797 1280 2833 Lege
1309 2795 1426 2825 Pausan.
1465 2797 1552 2824 Eliuc.
1584 2804 1622 2828 ll,
1654 2804 1714 2831 pag.
1745 2795 1797 2822 199
1816 2797 1886 2824 θ.ιίι.

1092 2832 1218 2860 Gcrtnmt.

1128 2868 1183 2903 (8'4)
1201 2867 1238 2895 De
1250 2868 1300 2896 hac
1313 2874 1372 2895 vate
1388 2868 1502 2895 Pausan.
1526 2867 1639 2894 Pltociaa
1661 2874 1714 2894 non
1730 2867 1825 2893 semel.

293 2763 484 2800 (80)”Similem
495 2748 574 2797 leges
596 2766 701 2790 narrat.
718 2761 780 2789 infr.
808 2762 835 2788 in
852 2761 994 2796 Excerptis
1007 2768 1039 2788 ex

255 2798 302 2827 lib;
318 2807 334 2824 ν
352 2798 487 2832 llcphtesl.

255 2834 347 2896 e#81:.)
366 2831 447 2868 supr.
462 2838 564 2861 narrat.
579 2832 622 2867 18,
636 2832 740 2862 Conon.
758 2831 834 2861 Plato
857 2832 884 2860 in
914 2832 1037 2864 l’lut'dro,

296 2878 311 2896 a
334 2877 353 2896 ι.
