1923 3091
41 134 99 169 625

592 140 852 171 BIBLIOTHECA.
873 153 907 158 —
925 141 1008 173 COD.
1025 143 1102 174 CXC.

1619 149 1670 180 626

41 196 218 228 συνταφῆναι
232 194 306 230 αὐτῷ
320 194 350 221 τὸ
369 195 389 223 Α
407 195 454 222 καὶ
470 196 490 222 Β
504 195 528 212 ⁸⁹
542 196 594 231 τῆς
615 197 724 230 Ἰλιάδος
739 198 835 227 κελεύ-

891 200 1021 228 Arcadum
1037 201 1176 236 legislator
1186 201 1314 231 Cercidas
1331 203 1434 231 tumulo
1446 212 1497 232 suo
1512 206 1628 239 primum
1644 212 1672 236 et

42 248 117 266 σειεν
128 248 137 254 ·
156 240 171 266 6
188 239 217 266 δὲ
234 239 376 274 Πομπήϊος
404 240 418 266 ό
446 241 556 276 Μάγνος
574 242 629 268 οὐδ’
647 243 687 274 είς
717 243 836 278 πόλεμον

41 286 136 321 προΐοι
148 286 173 302 ⁵⁸
199 286 265 322 πρὶν
279 287 312 313 ἂν
330 286 360 313 τὸ
374 286 427 312 A"
446 288 496 322 τῆς
527 287 636 320 Ἰλιάδος
657 288 836 323 ἀναγνώσειε,

43 331 170 367 ζηλωτὴς
182 331 222 358 ὣν
241 332 444 369 Ἀγαμέμνονος
455 341 464 350 ⁸
480 334 494 360 6
510 334 538 360 δὲ
555 334 691 369 Ῥωμαῖος
706 335 834 371 Κικέρων

43 377 170 412 Μήδειαν
187 378 332 413 Εὐριπίδου
346 379 551 414 ἀναγινώσκων,
560 380 590 406 ὲν
604 381 705 417 φορείῳ
717 381 836 416 φερόμε-

43 431 101 454 νος,
133 423 308 459 ἀποτμηθείη
334 424 383 460 ⁶τὴν
417 425 560 461 κεφαλὴν’
577 426 615 458 ὡς
647 427 792 462 Διόγνητος
821 427 836 454 6

43 470 135 505 Κρὴς,
161 469 176 497 ὃ
192 470 311 505 πύκτης,
339 471 453 506 νικήσας
471 471 503 497 οὐ
529 471 608 499 λάϐοι
624 471 669 498 τὸν
689 471 834 506 στέφανον,

45 514 115 541 ἀλλὰ
128 516 178 542 καὶ
196 516 305 551 ὲλαθείη
318 516 370 542 ὑπὸ
387 516 510 548 Ἠλείων,
529 516 596 543 διότι
613 518 627 544 6
645 517 768 552 νικηθεὶς
787 518 836 544 καὶ

46 561 203 596 ἀναιρεθεὶς
217 562 263 589 ὐπ’
283 562 366 590 αὐτοῦ
389 562 528 598 Ἡρακλῆς
542 563 666 590 ἐκαλεῖτο
680 563 834 599 ὁμωνυμῶν

46 608 85 643 τῷ
103 609 176 643 ἧρωῖ
192 616 200 623 ·
213 608 308 635 τοῦτον
323 609 369 635 τὸν
381 610 525 644 Διόγνητον
540 610 577 642 ὼς
592 610 672 645 ἥρωα
687 610 797 646 Κρῆτες
811 611 835 626 "

47 654 176 689 τιμῶσιν.
197 654 260 681 Ὀτι
277 655 309 681 τὸ
332 655 492 690 Ὁμηρικὸν,
508 655 707 692 τιτρώσκεσθαι
726 656 837 691 μέλλον-

47 708 112 732 τος,

50 786 128 813 οὐδὲ
142 786 245 819 σέθεν,
261 786 405 820 Μενέλαε,
427 788 488 816 θεοί
505 788 639 825 μάκαρες
660 790 836 823 λελάθοντο,
871 817 873 819 ,

48 831 146 859 τοῦτον
160 832 208 859 τὸν
238 833 330 868 στίχον
355 833 519 869 παρῴδησεν
544 834 559 860 6
579 835 678 866 Πύθιος
693 835 836 871 Μενέδημε

887 245 1036 273 secundum
1060 245 1156 273 Iliados
1179 246 1276 274 librum
1300 247 1394 277 inferri
1418 247 1510 282 jussit.
1529 249 1672 285 Pompeius

887 297 995 325 quoque
1023 289 1136 324 Magnus
1154 298 1207 318 non
1223 291 1298 326 prius
1319 292 1344 319 in
1363 293 1554 328 expeditiones
1575 297 1670 323 tende-

887 335 943 368 bat,
974 344 1054 371 quam
1085 336 1200 372 primum
1232 335 1332 365 Iliados
1357 338 1457 366 librum
1496 340 1670 376 perlegisset.

887 381 957 416 quod
970 382 1080 410 aemulus
1095 387 1179 414 esset.
1198 382 1374 418 imitatorqtte
1392 384 1613 420 Agamemnonis.
1625 388 1671 415 Ci-

886 434 949 455 cero
964 427 1027 455 item
1046 427 1183 456 Romanus
1196 428 1332 464 Euripidis
1346 428 1466 457 Medeam
1487 431 1624 464 evolvens,
1643 433 1670 459 in

887 471 996 504 lectica,
1015 480 1068 508 qua
1089 474 1257 509 gestabatur,
1279 474 1366 510 capite
1382 478 1521 503 truncatus
1535 480 1586 503 est.
1606 476 1669 504 Dio-

887 523 984 553 gnetus
998 517 1139 546 Cretensis
1159 517 1224 555 {ait}
1237 520 1356 554 pugilatu
1369 519 1467 553 victor,
1480 528 1607 548 coronam
1619 529 1670 548 non

886 562 974 589 solum
987 570 1040 590 non
1059 563 1175 598 accepit,
1192 565 1239 592 sed
1254 564 1335 592 etiam
1350 566 1384 592 ab
1402 564 1561 593 Eleensibus
1578 566 1675 600 pulsus

887 607 946 641 luit,
963 613 1108 644 propterea
1121 609 1193 644 quod
1209 609 1307 644 victus,
1324 616 1463 646 casusque
1481 610 1515 638 ab
1526 611 1583 642 illo,
1597 619 1672 639 com-

886 653 959 679 muni
966 653 1116 687 eum.heroe
1123 654 1233 682 nomine
1240 654 1372 684 Hercules
1380 655 1528 691 appellatus
1536 661 1587 683 est.
1595 655 1673 685 Hunc

886 704 976 726 autem
992 699 1149 734 Diognetum
1160 704 1189 727 ut
1197 700 1280 728 heroa
1288 701 1431 728 Cretenses
1438 701 1542 728 colunt.
1551 700 1676 729 Homeri-

885 752 946 772 cutn
958 744 1033 772 illum
1046 753 1152 772 versum
1162 746 1195 773 de
1205 745 1317 781 jamjam
1329 746 1495 774 vulnerando
1510 746 1653 784 [Menelao]
1666 756 1674 775 :

996 791 1061 825 Nec,
1073 791 1201 825 Menelae,
1213 792 1251 819 tui
1263 793 1362 821 duxere
1372 792 1473 820 oblivia
1483 793 1562 826 Divi;

887 836 961 864 hunc
975 836 1111 873 [inquam]
1135 845 1244 865 versum
1257 846 1305 873 per
1317 838 1457 873 parodiam
1473 838 1600 873 Pythius,
1613 845 1674 866 mu-

49 878 109 904 άντὶ
130 877 179 904 τοῦ
194 877 220 894 ’⁸
232 878 366 905 Μενέλαε.
381 879 522 914 Προετάθη
542 879 571 906 δὲ
587 880 617 906 τὸ
632 879 744 916 ζήτημα
762 880 839 915 παρὰ

891 886 945 910 tato
960 882 1072 910 Menelai
1089 883 1200 910 nomine
1223 883 1249 910 in
1265 882 1428 917 Menedemi,
1448 884 1602 919 usurpavit.
1622 883 1675 911 Po-

48 923 157 950 δεῐπνον
167 923 324 957 Αὐγούστου
338 923 386 953 τοῦ
398 923 540 958 βασιλέως,
555 925 631 951 ποῖον
644 924 734 960 στίχον
756 925 840 961 Ὀμή-

52 978 97 1004 ρου
106 969 131 985 ⁸⁸
142 969 306 1005 παρῴδησεν
315 970 329 995 6
342 970 478 1006 χρησμὸς,
493 970 540 997 καὶ
547 970 590 1002 τις
600 971 674 998 ἐστιν
685 971 698 998 6
712 971 771 1006 [251
790 970 839 1008 H.]

51 1017 79 1042 ἑν
98 1016 139 1051 τῷ
152 1013 285 1052 ’χρησμῷ
303 1015 503 1052 ἱστορούμενος.
534 1017 590 1044 Καὶ
617 1016 656 1049 ὡς
680 1017 840 1052 Μενέδημος

55 1060 164 1093 Ἡλεῖος
178 1061 280 1088 Βουνέα
295 1062 352 1088 υἱὸν
371 1062 511 1094 ὑπέδειξεν
544 1061 676 1097 Ἠρακλεῖ
703 1063 768 1098 περὶ
790 1063 840 1097 τῆς

51 1107 215 1141 καθάρσεως
229 1107 278 1134 τοῦ
301 1108 405 1142 Αὐγέου
418 1108 442 1124 ⁸⁸
461 1109 575 1143 κόπρου,
605 1108 677 1135 ὥστε
705 1109 840 1144 ἀποστρέ-

50 1153 100 1187 ψαι
111 1153 159 1179 τὸν
170 1151 308 1187 ποταμόν·
323 1152 353 1179 ὃν
368 1153 416 1179 καὶ
432 1153 613 1188 συμμαχῆσαι
635 1153 777 1188 Ἠρακλεῖ.
795 1153 839 1179 Ἐν

52 1199 90 1234 τῷ
111 1199 181 1234 πρὸς
192 1199 301 1234 Αὐγέαν
315 1199 427 1235 πολέμῳ
449 1200 526 1234 φασὶ,
551 1199 601 1226 καὶ
616 1199 640 1216 ’⁸
661 1199 839 1235 ἀναιρεθέντα

52 1247 172 1281 ταφῆναι
204 1246 234 1272 ὲν
265 1245 413 1280 Λεπρέῳ¹⁷
441 1245 517 1280 παρὰ
542 1245 692 1280 πεύκης⁹¹¹’
727 1245 838 1280 δένδρῳ.

57 1291 165 1325 ’Δγῶνα
180 1291 209 1318 δὲ
221 1291 278 1323 θεὶς
289 1291 333 1318 ἐπ’
344 1290 419 1326 αὐτῷ
434 1290 573 1327 Ἡρακλῆς
590 1290 724 1318 ἐπάλαισε
735 1290 820 1326 Θησεῖ
831 1299 839 1306 ·

54 1337 199 1369 ίσοπαλοῦς
211 1337 240 1363 δὲ
249 1336 296 1363 τοῦ
318 1336 424 1370 ἀγῶνος
442 1336 590 1370 γενομένου
613 1336 718 1372 ὲρῤήθη
730 1337 754 1353 ’³
765 1337 841 1372 παρὰ

50 1383 106 1410 τῶν
120 1382 226 1410 θεατῶν
240 1382 364 1418 περὶτοῦ
379 1382 490 1418 Θησέως
501 1389 508 1398 ·
523 1383 636 1415 ’Ἄλλος
649 1380 739 1415 οὗτος
758 1382 840 1417 Ἠρα-

51 1428 142 1462 κλῆς.
159 1428 222 1455 ὀτι
242 1428 380 1454 Φαντασία
399 1436 443 1459 τις
464 1427 604 1463 Μεμφῖτις
630 1427 770 1463 Νικάρχου
792 1427 841 1454 θυ-

51 1475 144 1509 γάτηρ
164 1473 293 1506 συνέταξε
309 1473 362 1509 πρὸ
380 1473 502 1508 Ὀμήρου
520 1473 565 1499 τὸν
585 1472 700 1500 Ἰλιακὸν
721 1473 841 1507 πόλεμον

50 1520 101 1547 καὶ
116 1519 167 1555 τὴν
186 1519 252 1554 περὶ
276 1519 433 1550 Ὀδυσσείας
449 1518 578 1554 διήγησιν
590 1526 597 1534 ⁸
610 1519 657 1546 καὶ
677 1519 840 1546 ἀποκεῖσθαι

51 1574 121 1600 φασι
135 1566 185 1597 τὰς
198 1565 306 1599 βίϐλους
333 1565 362 1591 ἒν
378 1564 514 1599 Μέμφιδι,
530 1564 655 1600 Ὅμηρον
670 1565 699 1592 δὲ
717 1573 841 1601 παραγε-
854 1564 869 1597 ξ

51 1612 177 1646 νόμενον,
195 1611 243 1638 καὶ
261 1610 297 1637 τὰ
317 1610 472 1645 ἀντίγραφα
491 1609 608 1637 λαϐόντα
626 1610 702 1646 παρὰ
726 1610 841 1638 Φανίτου

51 1657 101 1683 τοῦ
117 1655 374 1692 ἱερογραμματέως,
394 1654 522 1687 συντάξαι
539 1656 654 1687 ἐκείνοις
673 1655 841 1688 ἀκολούθως.

59 1703 105 1733 Ὠς
122 1702 237 1734 Ἀδωνις
252 1701 414 1737 ἀνδρόγυνος
424 1701 568 1735 γενόμενος
581 1701 616 1728 τὰ
632 1702 681 1737 μὲν
696 1701 808 1736 ἀνδρεῖα
819 1702 842 1718 ⁹⁹

53 1747 124 1782 πρὸς
144 1746 306 1782 ’Δφροδίτην
325 1745 459 1781 πράσσειν
477 1745 596 1780 ἐλέγετο,
614 1746 650 1773 τὰ
668 1746 773 1782 θηλυκά
785 1747 794 1762 ⁸
814 1745 842 1773 δὲ

53 1792 126 1826 πρὸς
149 1792 318 1820 Ἀπόλλωνα.

96 1837 141 1868 Ὠς
161 1837 279 1873 Ἀλφειῷ
292 1838 332 1874 τῷ
342 1839 457 1876 πιθαμῷ
467 1839 553 1875 γέρας
567 1839 739 1876 δωρούμενος
757 1840 843 1875 Ἦρα-

54 1883 135 1917 κὶκῖις,
147 1883 264 1918 νικήσας
277 1884 306 1910 ὲν
327 1884 472 1921 Ὀλυμπίᾳ,
490 1885 538 1912 ἀπ’
554 1884 637 1911 αὐτοῦ
648 1885 658 1901 ¹
683 1885 796 1912 ἐκάλεσε
813 1885 844 1912 τὸ

55 1929 130 1963 ἄλφα
151 1930 198 1956 καὶ
223 1929 358 1965 προέταξε
376 1931 432 1957 τῶν
456 1931 608 1966 στοιχείων.
630 1931 692 1958 Ὅτι
716 1931 844 1967 φλυαρῶν

55 1972 135 2006 οὗτος
146 1975 161 2001 6
178 1975 364 2010 μυθογράφος,
374 1977 488 2012 Μωσῆς,
496 1978 578 2012 φησὶν
595 1977 615 2009 ³,
623 1978 636 2003 6
644 1977 698 2004 τῶν
711 1977 845 2013 Ἐϐραίων

59 2021 211 2056 νομοθέτης
225 2021 308 2056 ἄλφα
327 2022 451 2049 ἐκαλεῖτο
473 2022 518 2049 διὰ
541 2022 571 2049 τὸ
595 2022 696 2058 ἀλφοὺς
711 2023 783 2058 ἔχειν
798 2024 845 2050 ἐπὶ

889 927 941 954 sita
955 933 1044 955 autent
1054 927 1107 955 fuit
1119 928 1233 963 quaastio
1245 929 1270 955 in
1283 936 1360 956 omna
1372 929 1486 965 Augusti
1499 929 1675 965 imperatoris

890 973 996 1007 qualem
1012 979 1122 1000 versum
1136 974 1274 1001 oraculum
1287 982 1335 1009 per
1344 975 1483 1009 parodinm
1495 974 1675 1007 enuntiasset,

890 1023 919 1045 et
933 1018 994 1052 quis
1013 1018 1125 1045 oraculo
1147 1019 1306 1046 referretur.
1327 1019 1514 1047 Menedemum
1533 1020 1675 1048 Eleensem

890 1063 989 1090 Bttneze
1006 1063 1091 1091 tilium
1104 1063 1194 1090 lerunt
1207 1064 1316 1092 Herculi
1330 1065 1484 1093 ostendisse
1507 1066 1677 1102 expurgandi

890 1108 987 1135 stabuli
997 1109 1087 1144 Augei
1097 1110 1242 1141 rationem,
1252 1113 1333 1144 atque
1345 1111 1412 1138 adeo
1424 1110 1522 1138 ﬂumen
1532 1111 1681 1139 avertisse..

890 1154 1018 1182 Emudem
1047 1162 1099 1181 una
1124 1162 1185 1182 cum
1210 1155 1326 1183 Hercule
1351 1156 1422 1184 bello
1444 1156 1571 1192 Augaam
1592 1163 1678 1192 oppu-

891 1207 998 1234 gnasse,
1017 1198 1190 1227 interfectum
1217 1200 1301 1227 humo
1329 1208 1389 1229 esse
1415 1201 1553 1229 conditum
1574 1202 1600 1229 itt
1624 1201 1679 1229 Le-

890 1253 966 1280 preo,
983 1251 1094 1280 propter
1104 1247 1212 1281 piceam
1226 1246 1362 1274 arborem.
1377 1246 1504 1275 lnstituto
1515 1252 1605 1275 autem
1617 1248 1678 1282 ejus

890 1298 969 1318 causa
985 1291 1147 1325 certamine,
1168 1291 1312 1319 Herculem
1334 1292 1371 1320 ibi
1395 1300 1457 1320 cum
1483 1292 1589 1320 Theseo
1615 1300 1676 1320 cer-

892 1341 972 1369 tasse,
988 1343 1104 1371 cumque
1131 1337 1233 1364 viribus
1259 1344 1338 1372 pares
1364 1342 1475 1372 essent,
1500 1337 1634 1372 iactatum
1663 1344 1679 1364 a

891 1382 1089 1415 spectatoribus
1117 1382 1150 1409 de
1173 1382 1279 1410 Theseo
1296 1391 1303 1409 :
1321 1382 1394 1410 Alter
1419 1383 1460 1410 hic
1481 1382 1609 1410 Hercules
1629 1381 1681 1419 (Ι).

891 1425 1064 1454 Phantasiam
1088 1427 1163 1454 aiunt
1187 1428 1331 1463 quamdam
1351 1428 1536 1463 Memphitida,
1554 1428 1681 1456 Nicarchi

892 1472 974 1498 ﬁllatll
993 1478 1055 1499 ante
1069 1473 1212 1500 Homerum
1229 1473 1326 1508 1516
1340 1474 1449 1501 Iliacum
1466 1474 1565 1502 bellum
1581 1480 1608 1502 et
1619 1481 1683 1501 nar~

892 1517 1025 1544 rationem
1042 1518 1074 1545 de
1089 1516 1184 1553 Ulysse
1203 1518 1389 1553 composuisse
1406 1518 1456 1555 (‘2),
1477 1519 1687 1554 depositumque

891 1570 959 1596 opus
985 1561 1145 1597 Memphide.
1166 1562 1311 1590 Homerum
1337 1570 1403 1598 ergo
1425 1562 1577 1598 profectum
1604 1570 1648 1595 eo,
1665 1570 1680 1590 a

892 1607 1008 1636 Phanite
1032 1616 1112 1636 sacro
1137 1609 1226 1636 scriba
1246 1609 1418 1636 commodam
1437 1609 1502 1636 illud
1529 1610 1680 1644 accepisse,

893 1654 1007 1690 ejusque
1027 1662 1088 1682 esse
1109 1655 1232 1683 ordinem
1248 1656 1412 1683 insecutum.
1425 1655 1528 1683 Adonis
1543 1654 1681 1691 [narrant]

893 1702 1066 1736 androgynos
1084 1708 1145 1728 cunt
1160 1705 1244 1733 esset,
1256 1705 1287 1728 ut
1303 1701 1344 1728 vir
1360 1708 1421 1728 cum
1437 1700 1556 1733 Venere,
1573 1705 1602 1728 ttt
1623 1708 1682 1727 ntu-

894 1747 945 1774 licr
953 1755 1015 1774 cum
1031 1747 1153 1782 Apolline
1168 1754 1331 1783 congressus
1345 1752 1397 1775 est.

931 1838 1048 1873 Alpheio
1070 1838 1135 1866 item
1152 1838 1257 1866 ﬂumini
1276 1843 1500 1866 remuneraturus
1519 1838 1545 1866 in
1564 1839 1683 1874 Olympi-

896 1885 935 1913 cis
954 1886 1044 1913 victor
1062 1885 1204 1919 Hercules,
1219 1885 1305 1921 Alplta
1331 1886 1366 1913 ab
1391 1893 1423 1913 eo
1447 1886 1567 1913 litteram
1593 1886 1683 1912 ιιυιιιί-

896 1930 980 1962 navlt,
997 1930 1167 1964 primamque
1185 1931 1306 1958 omnlnm
1332 1931 1486 1958 collocavit.
1509 1929 1631 1965 Nugatur
1646 1931 1683 1965 (5)

896 1976 978 2004 etiam
995 1975 1149 2004 fabularum
1167 1975 1212 2003 hic
1232 1976 1360 2011 scriptor,
1375 1976 1438 2003 dum
1452 1976 1503 2009 ait,
1518 1975 1627 2011 Moysen
1643 1976 1683 2011 (4)

897 2021 1071 2049 Ηείιιιιιοτιιιη
1090 2021 1274 2056 legislaloretn
1297 2020 1378 2055 alpha
1398 2021 1501 2048 idcirco
1527 2021 1618 2050 fuisse
1637 2030 1686 2056 ap—

54 2067 104 2094 τοῦ
122 2066 261 2102 σώματος.
287 2068 417 2103 Γαλέριος
431 2068 459 2095 δὲ
476 2069 604 2103 Κράσσος
628 2070 642 2095 6
666 2069 814 2104 χιλίαρχος,
831 2070 839 2096 ί

896 2066 1038 2102 ρειιιιιιιιη,
1055 2066 1126 2100 quod
1143 2065 1222 2101 ἀλφῷ
1238 2065 1301 2101 [hoc
1316 2070 1358 2092 est
1376 2065 1518 2102 vitiligine]
1531 2073 1631 2100 corpus
1643 2066 1685 2093 in-

56 2113 104 2139 ἐπὶ
117 2113 245 2148 Τιῦερίου
269 2113 420 2149 Καίσαρος,
445 2112 607 2150 [χιλίαρχος]
619 2114 703 2148 ,βῆτα
723 2115 839 2142 ἐκαλεῖτε

898 2113 1001 2140 fectum
1025 2112 1148 2139 haberet.
1171 2111 1297 2138 Galerius
1321 2111 1448 2144 Crassus,
1465 2111 1617 2146 imperante
1640 2110 1688 2138 Ti-

55 2157 143 2193 ἡδέως
160 2157 265 2193 σεύτλῳ
284 2158 443 2194 χρώμενος,
471 2158 486 2185 6
513 2158 545 2194 δὴ
575 2158 704 2194 βητάκιον
731 2159 839 2186 καλοῦσι

899 2158 974 2186 berio
987 2157 1098 2186 Ctesare
1115 2157 1240 2185 tribunus
1260 2157 1377 2185 militum
1396 2159 1454 2184 beta
1468 2161 1510 2184 est
1524 2156 1697 2191 appellatus,

63 2203 205 2237 Ῥωμαῖοι.
234 2203 290 2230 Καὶ
323 2203 469 2238 Ὀρπυλλὶς
483 2203 513 2230 δὲ
538 2204 556 2238 ἡ
582 2203 724 2239 Κυζικηνὴ
750 2204 839 2240 ἑταίρα

900 2205 971 2239 quod
987 2205 1032 2231 illa
1046 2204 1177 2230 libentitts
1193 2203 1278 2230 herba
1301 2208 1434 2234 uteretur,
1450 2210 1511 2237 qua:
1528 2211 1542 2230 ιι
1556 2202 1687 2230 Romanis

56 2248 167 2284 γάμμα.
187 2249 326 2284 Ἀντήνωρ
346 2249 376 2276 δὲ
391 2250 405 2275 6
418 2250 468 2280 τὰς
491 2249 633 2285 Κρητικὰς
649 2250 758 2285 γράψας
772 2251 839 2278 icto-

901 2252 959 2279 beta
974 2250 1139 2277 nominatur.
1153 2248 1289 2284 Horpyllis
1301 2256 1374 2281 vero,
1389 2249 1552 2284 Cyzicenum
1562 2253 1686 2276 scortum

59 2296 119 2330 ρίας
136 2295 229 2322 δέλτα
245 2295 289 2322 διὰ
304 2295 334 2322 τδ
346 2295 446 2329 ἀγαθὸς
461 2293 530 2322 εἶναι
546 2297 593 2322 καὶ
607 2295 747 2330 φιλόπολις
757 2305 765 2313 ·
782 2297 839 2330 τοὺς

899 2304 1004 2333 gamma
1033 2295 1185 2323 dicebatur.
1200 2295 1333 2327 Antenor,
1351 2295 1374 2321 is
1388 2295 1434 2329 qni
1449 2293 1624 2321 Cretensium
1641 2293 1685 2321 lti-

58 2342 112 2376 γὰρ
130 2342 243 2377 Κρῆτας
258 2341 289 2368 τὸ
303 2341 405 2376 ἀγαθὸν
417 2341 508 2369 δέλτον
519 2341 612 2368 καλεῖν
623 2341 644 2370 ⁵.
666 2341 839 2375 Ἀπολλώνιος

899 2343 1012 2370 storiam
1030 2340 1202 2375 conscripsit,
1225 2339 1304 2367 Delta
1315 2340 1522 2374 cognominatus
1547 2343 1600 2372 est,
1616 2340 1688 2374 quod

59 2387 82 2414 δ’
96 2388 111 2414 6
123 2388 145 2402 δ’
159 2388 189 2413 ὲν
202 2388 259 2419 τοῖς
272 2386 321 2413 τοῦ
335 2386 518 2420 Φιλοπάτορος
530 2386 636 2421 χρόνοις
651 2385 695 2412 ἐπ’
716 2387 839 2422 ἀστρονο-

900 2389 986 2417 bonus
1002 2391 1088 2416 esset.
1106 2391 1135 2414 et
1152 2386 1271 2413 civitatis
1288 2393 1395 2413 amans.
1415 2384 1593 2413 Cretensibus
1614 2385 1686 2412 enim

61 2433 111 2470 μιᾳ.
122 2433 287 2469 περιῦόητος
303 2432 422 2468 γεγονὼς
434 2441 450 2459 e
459 2433 470 2450 '
484 2432 618 2465 ἐκαλεῖτο,
633 2431 700 2459 διότι
709 2432 739 2459 τὸ
753 2435 839 2469 σχῆμα

902 2435 997 2462 bonum
1014 2433 1105 2460 δέλτον
1129 2432 1283 2468 signiﬁcare
1295 2431 1440 2459 aﬂirmant.
1454 2432 1500 2459 Sic
1519 2431 1688 2467 Apollonius,

711 2490 829 2519 VARIAS
844 2491 1044 2521 LECTIONES.

95 2539 119 2555 η
131 2539 162 2566 τὸ
176 2538 287 2579 πρῷτον
313 2538 376 2579 καὶ.
392 2538 429 2579 τὲ
447 2538 572 2579 δεύτερον
598 2547 638 2579 cla
654 2573 660 2579 _
682 2538 777 2579 *ξηρή
799 2538 1018 2579 nomen}:le
1039 2537 1059 2563 Α
1086 2546 1094 2564 ε
1170 2537 1236 2579 πργν
1263 2545 1294 2568 ς,
1325 2537 1373 2579 Ληι
1400 2537 1432 2579 τὲ
1454 2537 1478 2579 λ’.
1502 2537 1545 2579 AM:
1565 2543 1572 2578 Ξ

61 2583 154 2620 τον.ςὶ
245 2574 324 2620 imae.
339 2573 378 2620 ,οἱ
407 2568 562 2620 Ιξρῆτεςῖς.
604 2568 708 2620 “Abh-cli.
732 2575 754 2599 A
771 2568 931 2620 τοκέα).ζῦεοῦ
959 2568 1083 2620 Ξὶντὶῃξ.
1116 2568 1296 2620 ρἰιεορυῗιιιιε
1308 2570 1545 2620 “Gai—6126;":

63 2605 169 2636 ιαιΙξᾹ.
206 2609 231 2625 ³⁵
258 2605 319 2637 libri
333 2605 469 2642 Δύγαίοὺξ
488 2612 516 2635 et
537 2615 596 2635 mox
614 2607 748 2642 Αὐγαίαν.
787 2609 809 2625 ³⁸
821 2609 868 2635 καὶ
881 2617 936 2636 οιιι.
954 2608 986 2635 Α.
1024 2607 1046 2623 ⁹¹¹
1062 2608 1091 2633 έν
1112 2606 1241 2646 Λεπρέῳ]
1255 2607 1291 2633 cf.
1306 2606 1411 2633 Muller.
1433 2614 1459 2640 p.
1473 2605 1537 2633 575.
1575 2605 1610 2620 ’⁷⁸
1624 2605 1690 2628 πεύ-

63 2652 112 2675 κης
125 2645 148 2671 Α
161 2653 170 2671 :
189 2643 275 2675 λεύκῃ
291 2652 322 2675 ς.
359 2642 384 2660 ’⁸
406 2643 506 2675 ὲρῤέθη
535 2652 566 2674 ς.
604 2643 627 2659 θ’
648 2643 756 2675 ἀνδρῲα
780 2651 811 2675 ς.
851 2645 859 2660 ι
891 2644 974 2675 θήλεα
997 2651 1028 2675 ς.
1072 2643 1083 2657 ¹
1097 2642 1145 2669 ἀπ’
1160 2642 1242 2668 αὐτου
1262 2641 1451 2673 Casaubonus,
1473 2641 1546 2668 διπαν
1562 2638 1596 2670 Δ,
1613 2638 1688 2666 ἄπαυ

62 2645 170 2678 κηςΑι
189 2644 275 2679 λεύκη
291 2652 322 2675 ς.
359 2644 384 2660 ⁸⁸
406 2644 506 2678 ὲρῤέθη
535 2652 566 2674 ς.
604 2644 627 2659 θ’
648 2644 756 2678 ἀνδρώα
780 2651 811 2676 ς.
851 2645 859 2660 ι
891 2644 974 2679 θήλεα
997 2651 1028 2675 ς.
1072 2644 1083 2657 ¹
1097 2644 1145 2669 ἀπ’
1160 2644 1242 2668 αὐτοῦ
1262 2644 1451 2673 Casaulmnus,

63 2680 164 2707 caeteri.
199 2679 211 2695 '
240 2673 323 2713 φασιν
337 2677 369 2705 Α.
406 2679 418 2695 ⁵
429 2678 522 2705 καλεῖν
539 2678 620 2712 φασὶν
644 2670 751 2705 Ἀπολλ.
765 2687 795 2710 ς.
834 2678 855 2694 ⁸⁸
874 2679 887 2705 6
903 2679 965 2705 add.
980 2678 1012 2704 Α.
1051 2677 1061 2693 ⁵
1073 2685 1086 2703 ε
1100 2679 1122 2704 Α
1136 2687 1142 2704 :
1156 2676 1248 2711 ὲψιλδν
1261 2685 1290 2709 ς.

819 2733 933 2762 NOTAE.

936 2780 975 2811 (3)
992 2778 1027 2814 Ut
1042 2779 1133 2805 caeteri
1148 2786 1255 2814 quoque
1270 2778 1387 2814 gentium
1403 2778 1538 2806 historici.

936 2809 974 2848 (ἡ)
993 2813 1064 2847 Lege
1080 2821 1140 2846 qua:
1157 2809 1191 2840 ad
1211 2809 1317 2842 Philo".
1333 2814 1399 2848 Περὶ
1415 2813 1469 2841 τῶν
1498 2809 1690 2848 μετονομαξοι

914 2850 999 2883 μένων
1015 2854 1106 2875 notata
1118 2853 1234 2876 exstant.

1350 2536 1373 2552 ἰ
1400 2535 1432 2562 τὸ
1454 2535 1478 2563 λ.
1502 2535 1545 2562 A:
1565 2534 1596 2560 τὸ
1610 2533 1687 2568 πρῶ-

99 2782 137 2817 (l)
154 2783 226 2811 Vide
239 2782 369 2818 proverb.
387 2786 416 2810 et
429 2781 501 2818 Plut.
524 2781 651 2810 Theseum
668 2782 727 2810 init.

100 2817 143 2880 (2‘)j
155 2817 280 2854 SnprJin
294 2823 415 2853 excerpt.
438 2824 472 2845 ex
492 2817 538 2845 lib.
556 2825 593 2850 tv,
611 2818 726 2846 similem
742 2821 844 2845 narrat.

68 2858 123 2880 IT“)
147 2859 167 2880 ι.
