1923 3091
265 138 316 170 627

838 142 968 173 ΡΗΟΤΙῙ
989 142 1239 172 PATRIARCH/E
1250 143 1304 173 (ΣΡ.

1837 149 1892 181 628

266 197 443 231 Philopatoris
456 197 621 231 temporibus
634 199 801 226 astronomia
819 199 921 230 clarus.
944 199 1046 233 Ἐψιλδι

1102 200 1149 226 τοῦ
1163 208 1176 226 ε
1191 202 1202 217 ⁸
1224 200 1461 236 συμπεριφέρεται
1482 201 1546 238 [488
1567 201 1614 239 R.]
1631 203 1670 239 τῷ
1685 203 1736 239 τῆς
1760 205 1891 243 σελήνης,

266 244 353 271 dictus
366 249 407 270 est
418 251 434 270 a
452 243 536 277 ﬁgura
549 244 644 271 littera:
659 245 690 275 E.
707 253 768 280 qua:
780 245 975 280 circumagitur
987 252 1048 272 cum

267 288 341 321 luna,
359 289 385 315 in
402 297 481 323 quam
500 289 543 317 illc
560 291 673 317 mullum
690 291 771 318 studii
786 291 948 319 contulerat.
970 290 1050 325 Saty-

267 343 312 362 rus
328 336 390 362 item
407 335 558 363 Aristarchi
571 336 711 363 familiaris
723 338 796 372 Ζῆτα
811 341 854 365 est
869 344 1047 372 nuncupatus,

263 381 297 407 ab
323 381 503 416 investigandi
526 390 616 409 rerum
640 391 737 410 causas
759 384 860 411 studio.
878 382 999 410 Narrant
1019 389 1047 411 et

263 427 392 462 {Esopum
421 428 455 458 ab
479 427 589 456 Idmone
615 429 681 456 hero
705 437 755 456 suo
780 430 854 464 Θῆτα
871 430 1046 464 appellatum,

263 474 333 506 quod
347 473 440 500 servili
457 479 530 502 esset
549 474 637 501 indole
651 483 683 502 ac
698 476 856 510 versipellis.
875 475 943 502 Nam
966 475 1047 510 θῆτες

263 525 357 544 servos
375 519 519 552 signiﬁcat.
533 519 639 552 Cupseli
660 520 754 547 adhaec
771 525 869 553 mater,
883 520 954 555 quod
972 520 1047 554 pcdi-

262 563 312 590 bus
337 563 414 599 valga
440 570 520 598 esset,
546 566 662 600 Λάμΰδα
687 572 782 593 vocata
806 567 921 600 Apollini
936 566 1043 602 Pythio.

263 609 440 645 Pythagoram
475 612 585 647 insuper
618 621 690 645 eum,
715 615 760 648 qui
791 621 918 640 numeros
949 619 1044 639 omnes

1101 247 1166 282 περὶ
1181 247 1215 282 ἢν
1230 247 1333 279 ἐκεῖνος
1350 247 1466 282 μάλιστα
1496 249 1643 284 ὴκρίὸωτο.
1675 249 1798 286 Σᾶτυρος
1822 253 1845 279 δ’
1873 255 1889 279 6

1108 293 1285 328 Ἀριστάρχου
1302 293 1440 329 γνώριμος
1453 293 1524 329 ζῆτα
1534 295 1657 322 ἐκαλεῖτο
1669 297 1713 323 διὰ
1727 297 1758 323 τὸ
1773 298 1892 334 ζητητι-

1101 337 1148 364 κὸν
1161 338 1254 365 αὐτοῦ.
1275 338 1330 366 Καὶ
1354 340 1479 367 Δῖσωπόν
1494 348 1576 375 φασιν
1594 343 1616 374 ",
1639 341 1675 373 ὡς
1693 342 1746 370 ὑπὸ
1764 343 1892 379 Ἴδμονος

1100 383 1146 409 τοῦ
1161 383 1290 411 δεσπότου
1306 385 1381 419 θῆτα
1395 385 1519 412 ἐκαλεῖτο
1533 386 1578 413 διὰ
1589 387 1619 414 τὺ
1631 387 1753 420 δουλικύς
1766 397 1809 420 τις
1819 388 1894 416 εἶναι

1101 429 1148 454 καὶ
1162 429 1332 464 πολύτροπος
1345 438 1352 446 '
1370 431 1450 466 θῆτες
1474 431 1528 466 γὰρ
1543 432 1568 458 oi.
1586 432 1684 460 δοῦλοι.
1701 434 1758 460 Καὶ
1770 434 1781 450 ⁸
1795 435 1812 469 ἡ
1833 436 1894 461 Κυ-

1099 473 1183 507 ψέλου
1199 475 1227 501 δὲ
1245 475 1336 511 μήτηρ
1352 477 1383 508 θ’,
1400 477 1473 512 χωλὴ
1489 475 1566 510 οὖσα,
1583 478 1706 513 Λάμϐδα
1719 480 1823 516 ἐκλήθη
1838 481 1894 507 ὑπὸ

1098 517 1145 544 τοῦ
1164 519 1274 547 Πυθίου.
1294 521 1456 557 Δημοκύδης
1477 522 1505 548 δὲ
1529 523 1691 558 Πυθαγόραν
1715 525 1782 560 φησὶ
1800 526 1823 557 ν,
1839 534 1893 551 κα-

1098 565 1276 599 ταγράψαντα
1290 567 1393 598 πάντας
1409 568 1472 598 τοὺς
1485 569 1630 604 ἀριθμοὺς,
1643 568 1682 604 τῷ
1693 572 1717 605 γ’
1726 570 1748 586 θ’
1762 572 1893 606 στοιχείῳ

1099 610 1242 645 κληθῆναι.
1262 612 1386 640 Τοσαῦτα
1407 614 1454 640 καὶ
1470 614 1499 640 τὸ
1516 618 1535 640 ε’
1547 615 1659 649 βιϐλίον.

262 656 417 691 descripsit,
442 658 527 686 refert
551 659 716 695 Democydes
739 670 753 687 a
776 661 855 688 tertia
872 659 1092 694 cognominatum
1121 664 1181 685 esse
1203 659 1304 687 littera.
1332 660 1364 688 Et
1403 661 1460 689 haec
1493 663 1601 697 quidem
1622 663 1733 699 quintus
1768 664 1894 692 continet

261 701 339 728 liber.

297 749 395 777 Sextus
420 757 512 785 postea
537 753 605 780 liher
639 754 729 788 capita
760 754 818 780 hate
846 752 1045 788 complectitur.

261 794 385 822 Occisum
402 797 572 825 Penthesilea
588 799 729 832 Achillem,
741 799 866 826 Thetidis
879 799 973 826 matris
989 805 1048 832 pre-

1138 749 1174 775 Τὺ
1188 749 1216 776 δὲ
1230 752 1256 781 ς’
1269 749 1368 784 βιϐλίον
1382 750 1517 784 κεφάλαια
1532 751 1736 787 περιέχειτάδε,
1747 751 1786 784 ὡς
1800 753 1893 786 ’Δχιλ-

1101 793 1163 825 λεὺς
1181 794 1233 821 ὑπὸ
1248 795 1441 827 Πενθεσιλείας
1462 797 1627 832 ἀναιρεθεὶς,
1646 797 1788 833 δεηθείσης
1804 799 1893 825 αὐτοῦ

260 840 337 868 cibus
364 841 389 868 in
422 843 502 869 vitam
518 849 687 877 revocatum,
714 851 741 871 et
766 844 935 877 Penthesilea
959 844 1046 871 inter-

1101 840 1150 874 τῆς
1167 841 1270 876 μητρὸς
1282 841 1400 873 Θέτιδος,
1413 842 1519 868 ἀναδιοί
1529 843 1576 869 καὶ
1586 843 1686 873 ἀνελὼν
1697 844 1894 871 Πενθεσιλείαν

260 891 359 921 empta,
377 895 483 915 rursum
512 890 544 915 ad
565 890 665 917 Oreum
697 891 821 918 rediisse.
841 890 1046 926 Lyeophronem

260 933 287 959 in
301 933 451 962 Alexandra
470 941 593 969 poemate
609 937 745 964 dicentem
762 947 770 964 :

384 979 476 1012 Qualis
486 981 599 1008 Lacinia
616 982 716 1008 sterilis
729 983 911 1010 centauricida

295 1025 406 1052 Sirenas
422 1027 460 1061 (5)
481 1027 515 1054 ibi
542 1028 940 1074 centauricidas’significasse.
964 1027 1046 1055 Hele-

260 1079 324 1098 num
348 1072 449 1099 Priami
465 1073 561 1105 lilium,
582 1074 709 1101 dilectum
727 1072 907 1109 abApolline,
925 1074 1047 1101 muneri-

260 1124 313 1151 que
328 1119 466 1152 accepisse
487 1126 580 1146 arcum
606 1119 770 1151 eburneum,
786 1127 839 1155 quo
856 1120 987 1147 Achillem
1003 1127 1046 1147 se-

258 1163 377 1189 cundum
391 1171 499 1190 manum
525 1164 634 1197 feriret;
654 1165 790 1192 Priamum
813 1173 874 1193 cum
898 1165 1047 1192 Androma-

259 1208 323 1239 cha,
338 1208 448 1243 suisque
474 1209 569 1237 liberis
599 1211 748 1245 supplicem
773 1211 921 1238 accessisse
948 1211 1045 1246 152a

259 1254 292 1281 ad
312 1254 443 1280 Achillem
471 1262 519 1289 pro
538 1255 661 1282 Hectoris
684 1256 791 1283 ossibus
811 1256 865 1291 (6);
881 1256 978 1283 Thetin
999 1265 1046 1284 sex

259 1306 374 1325 nmnero
392 1299 492 1327 liberos
513 1308 528 1327 e
551 1300 632 1327 Peleo
648 1306 790 1335 susceptos
803 1302 896 1329 latenti
909 1305 972 1336 igne
983 1311 1045 1330 sns-

260 1344 367 1377 tnlisse,
385 1347 546 1381 tandemque
570 1346 702 1374 Achillem
727 1355 787 1376 esse
811 1355 978 1381 aggressam.
997 1349 1046 1377 Pe-

260 1391 332 1419 leum
355 1399 420 1427 ergo
437 1400 466 1420 re
478 1393 598 1427 cognita,
617 1394 641 1420 vi
660 1394 731 1420 hunc
748 1393 893 1428 eripuisse.
911 1394 965 1422 talo
987 1399 1047 1422 tan-

258 1443 316 1473 tum
333 1439 437 1466 dexteri
453 1439 528 1472 pedis
543 1439 651 1470 adusto.
667 1444 693 1465 et
709 1441 778 1473 apud
791 1439 939 1466 Chironem
955 1441 1046 1468 collo-

260 1493 348 1517 casse,
362 1484 408 1520 qui
425 1484 522 1511 eﬁ‘osso
542 1484 650 1519 Damysi
671 1485 790 1519 gigantis
805 1492 928 1518 corpore,
949 1486 975 1512 in
997 1486 1047 1513 Pa-

260 1530 319 1558 lene
332 1530 383 1557 sito
398 1530 452 1566 (hic
466 1531 604 1565 gigantum
616 1531 735 1557 omnium
748 1531 937 1558 velocissimus
948 1530 1045 1566 fuerat)
1062 1520 1084 1550 (ἶ

260 1576 422 1611 sublatoque
443 1576 501 1610 ejus
520 1577 585 1608 talo,
601 1576 715 1604 Achillis
731 1577 835 1610 aptavit
856 1578 928 1611 pedi,
944 1582 971 1605 et
988 1577 1062 1605 me—'

259 1621 421 1649 dicatnentis
446 1621 575 1648 firmavit.
601 1621 677 1648 llunc
697 1627 790 1656 postea
804 1622 887 1648 talum
913 1623 1046 1652 excidisse

259 1668 355 1703 refert,
370 1669 528 1702 insequente
544 1667 631 1701 ipsum
645 1668 780 1702 Apolline,
797 1674 825 1696 et
841 1669 990 1704 collapsum
1007 1671 1047 1697 sic

258 1721 320 1740 csse
346 1714 550 1747 interemptum.
576 1711 678 1739 Ferunt
701 1717 791 1740 autem
821 1717 849 1740 et
871 1714 905 1740 ab
928 1713 1046 1741 Homero

263 1760 402 1795 πυδάρκην
419 1758 457 1794 (7)
480 1758 621 1792 appellari,
651 1760 722 1793 quod
751 1758 836 1785 Arces
867 1759 923 1787 alas
950 1760 1044 1788 infanti

260 1812 324 1834 tlato
344 1806 437 1833 Thetis
459 1804 617 1831 addiderit:
637 1808 663 1830 ut
689 1804 725 1831 sit
745 1804 894 1840 ποδάρκης,
918 1807 994 1840 quasi
1019 1807 1045 1834 in

261 1856 374 1890 pedibus
388 1854 472 1881 Arces
490 1853 547 1881 alas
572 1858 678 1880 tenens.
695 1853 765 1880 Arce
778 1854 844 1884 haec.
860 1853 945 1884 aiunt,
956 1851 1047 1879 Thau-

263 1902 364 1928 mantis
382 1905 441 1928 erat
455 1900 518 1932 ﬁlia,
536 1905 561 1927 ct
579 1899 658 1926 iridis
671 1907 761 1930 soror,
779 1907 839 1933 qua:
857 1904 978 1932 utrmque
990 1899 1047 1926 alas

262 1947 427 1976 habuerunt.
441 1947 514 1973 Bello
533 1954 598 1973 vero
616 1945 728 1972 deorum
747 1952 807 1972 cum
821 1944 977 1977 Titanibus,
1003 1944 1048 1971 de-

260 1993 380 2020 sciscens
393 2000 410 2018 a
422 1992 474 2021 diis
497 1992 567 2019 Arce
590 1992 624 2018 ad
645 1991 758 2018 Titanas
775 1990 919 2025 transfugit
938 1999 944 2016 :
963 1998 1047 2025 quare

263 2037 405 2074 proﬂigato
420 2038 475 2072 jam
495 2038 575 2070 bello,
598 2042 731 2071 panaque
755 2037 879 2068 victoria,
894 2036 1002 2071 Jupiter
1020 2036 1047 2063 ei

260 2086 288 2114 in
305 2085 450 2113 Tartarum
468 2085 584 2112 detrusa:
602 2083 660 2110 alas
678 2083 788 2110 ademit.
810 2083 849 2109 Ad
863 2082 935 2109 Pelei
950 2083 1047 2109 deinde

260 2136 287 2161 et
298 2130 538 2164 Tlietidisnuptias
547 2129 691 2160 accedens,
707 2128 810 2154 muneri
826 2128 883 2155 alas
899 2128 964 2154 istas
977 2127 1048 2155 The-

261 2177 310 2207 tidi
325 2176 432 2208 obtulit,
450 2175 521 2202 sicut
546 2174 628 2201 Peleo
655 2174 682 2201 in
708 2173 809 2208 nuptiis
834 2174 949 2200 donasse
972 2173 1048 2200 aiunt

260 2221 410 2248 Vulcanum
429 2227 540 2255 ensem;
556 2218 688 2246 Venerem
704 2218 834 2252 scyphum
858 2225 981 2249 aureum,
1001 2217 1046 2251 qui

261 2265 427 2299 insculptum
449 2265 565 2292 habebat
587 2263 771 2298 Cupidinem;
792 2262 944 2297 Neptunum
962 2270 1048 2296 equos

262 2313 339 2344 duos,
355 2311 492 2338 Xanthum
510 2315 536 2338 et
556 2310 671 2342 Baliunl,
696 2309 829 2336 Junoncm
860 2308 981 2342 pallium,
996 2308 1047 2335 Mi—

261 2365 373 2385 nervum
391 2357 482 2390 tibias,
497 2356 583 2383 Nerea
599 2355 714 2390 denique
733 2354 835 2384 Salem.
854 2362 934 2389 quem
950 2359 1049 2381 vocant.

262 2405 383 2431 divinum
399 2404 426 2430 in
439 2403 538 2437 arcula,
560 2403 605 2437 qui
618 2401 658 2429 sal
675 2401 861 2428 incredibilem
883 2401 981 2427 haheat
993 2400 1045 2427 vir-

263 2456 348 2478 tutem
374 2451 408 2478 ad
435 2450 582 2485 iuvandam
594 2448 767 2479 edacitatem,
797 2446 949 2482 edendique
969 2454 1050 2482 appe-

1099 886 1139 917 εῐς
1162 886 1224 921 ᾅδου
1242 886 1322 913 πάλιν
1343 887 1520 922 ὑποστρέφει.
1551 888 1596 920 Ὡς
1617 890 1646 915 ἐν
1662 890 1696 925 τῇ
1723 889 1894 926 Ἀλεξάνδρᾳ

1097 931 1249 966 Λυκόφρων
1265 930 1350 957 εἰπὼν
1368 932 1400 964 ‘“,

1133 978 1208 1004 Ποία
1222 977 1246 1004 δ’
1261 977 1362 1010 ἀηδὼν
1377 978 1480 1012 στεῖρα
1491 978 1524 994 ¹⁶⁶
1543 980 1806 1013 κενταυροκτόνος.

1097 1023 1146 1054 τὰς
1170 1024 1301 1059 Σειρῆνας
1316 1024 1589 1058 κενταιψοκτόνους
1603 1023 1688 1051 εἶπεν.
1714 1025 1759 1057 Ὠς
1775 1025 1894 1057 Ἕλενος

1097 1071 1111 1097 ὸ
1128 1070 1253 1106 Πριάμου
1287 1071 1454 1103 Ἀπόλλωνος
1478 1071 1616 1106 ἐρώμενος
1641 1072 1662 1087 ¹¹
1687 1071 1804 1105 γένοιτο,
1839 1073 1894 1098 καὶ

1098 1117 1179 1144 ἔλαϐε
1192 1126 1248 1151 παρ
1269 1116 1351 1144 αὐτοῦ
1366 1117 1452 1153 δῶρον
1466 1117 1542 1149 τόξον
1554 1118 1738 1151 ἐλεφάντινον,
1795 1117 1893 1152 ’Λχιλ-

1097 1165 1145 1191 λέα
1160 1164 1297 1196 τοξεύσειε
1325 1163 1397 1191 κατὰ
1419 1165 1468 1199 τῆς
1484 1164 1585 1199 χειρός.
1603 1164 1664 1190 Ὀτι
1684 1163 1754 1198 μετὰ
1776 1164 1892 1199 Ἀνδρο-

1099 1212 1189 1247 μάχης
1200 1210 1311 1237 καὶτῶν
1324 1209 1390 1239 υἱῶν
1402 1210 1483 1237 αὑτοῦ
1499 1210 1623 1245 Πρίαμος
1638 1210 1708 1245 ὑπὲρ
1719 1209 1774 1236 τῶν
1786 1210 1893 1236 Ἕκτο-

1099 1266 1144 1292 ρος
1158 1256 1244 1283 ὀστῶν
1265 1256 1358 1290 ἱκέτης
1372 1256 1487 1289 ἀφίκετο
1500 1255 1538 1287 ὡς
1556 1255 1681 1291 ’Λχιλλέα
1698 1255 1730 1282 ¹¹.
1748 1255 1791 1286 Ὧς
1806 1255 1893 1286 Θέτις

1097 1304 1160 1335 τοὺς
1177 1303 1210 1330 ὲκ
1227 1303 1339 1336 Πηλέως
1357 1303 1425 1338 αὐτῇ
1449 1302 1610 1338 γινομένους
1640 1302 1738 1332 παῖδας
1755 1301 1823 1336 πυρὶ
1839 1301 1893 1327 λα-

1098 1349 1184 1384 θραίῳ
1210 1348 1372 1383 κατηνὰλου,
1391 1347 1421 1380 ἒξ
1447 1348 1611 1382 γεγονότας’
1631 1348 1669 1378 ὡς
1695 1347 1724 1373 δὲ
1749 1346 1814 1382 [252
1840 1346 1893 1382 PL]

1098 1395 1146 1422 καὶ
1165 1395 1289 1430 Ἀχιλλέα
1306 1395 1481 1430 ἐπεχείρησε,
1493 1394 1574 1428 γνοὺς
1589 1394 1696 1427 Πηλεὺς
1708 1392 1826 1425 ἐξείλετο
1843 1393 1894 1418 τὸν

1099 1441 1273 1477 ἀστράγαλον
1289 1441 1369 1477 μόνον
1379 1440 1427 1467 τοῦ
1443 1440 1531 1472 δεξιοῦ
1551 1440 1630 1470 ποδὸς
1647 1439 1828 1474 κεκαυμένον,
1840 1438 1893 1464 καὶ

1099 1487 1217 1522 Χείρωνι
1233 1487 1435 1522 παρατίθησιν
1464 1487 1478 1512 ὁ
1496 1486 1524 1514 δὲ
1549 1485 1683 1520 ἀνορύξας
1705 1484 1734 1510 τὸ
1761 1485 1894 1518 Δαμιῖσου

1099 1533 1146 1560 τοῦ
1164 1534 1294 1567 Γίγαντας
1305 1533 1385 1567 σῶμα
1403 1534 1431 1558 ὲν
1449 1531 1574 1567 Παλλήνῃ
1587 1531 1714 1565 κείμενον
1725 1529 1895 1564 (ταχύτατος

1099 1579 1122 1606 δ’
1135 1576 1168 1614 ἦν
1182 1580 1196 1606 ὸ
1210 1579 1334 1614 Δάμυσος
1355 1578 1463 1604 πάντων
1491 1576 1636 1610 γιγάντων)
1664 1575 1712 1602 καὶ
1727 1575 1894 1608 ἀνελόμενος

1100 1624 1183 1652 αὑτοῦ
1198 1624 1244 1650 τὸν
1260 1622 1432 1658 ἀστράγαλον
1445 1622 1591 1657 ὲναρμόζει
1603 1621 1642 1656 τῷ
1657 1620 1802 1655 ’Δχιλλέως
1819 1620 1895 1651 ποδὶ,

1099 1671 1147 1697 καὶ
1165 1669 1323 1705 φαρμάκοις
1351 1669 1433 1696 αὐτὸν
1461 1668 1656 1703 σωματοποιεῖ.
1676 1666 1777 1692 Τοῦτον
1793 1666 1823 1692 δὲ
1845 1666 1897 1691 τὸν

1100 1716 1271 1751 ἀστράγαλον
1284 1716 1432 1742 ἀποπεσεῖν
1446 1713 1612 1749 διωκομένου
1624 1712 1705 1739 αὑτοῦ
1722 1712 1775 1738 ὑπὸ
1794 1711 1896 1738 Ἀπόλ-

1100 1763 1195 1794 λωνος,
1213 1762 1260 1788 καὶ
1272 1761 1359 1793 οὕτως
1378 1761 1458 1788 αὑτὸν
1482 1759 1660 1794 ἀναιρεθῆναι
1687 1758 1895 1786 καταπεσόντα.

1099 1809 1167 1835 Φασὶ
1184 1808 1212 1834 δὲ
1230 1807 1369 1842 ποδάρκην
1389 1806 1470 1832 αὑτὸν
1484 1806 1537 1832 ὑπὸ
1557 1805 1604 1832 τοῦ
1620 1804 1734 1839 ποιητοῦ
1749 1803 1895 1836 λέγεσθαι,

1100 1854 1141 1881 ὅτι
1158 1853 1225 1887 φασὶ
1241 1853 1290 1887 τῆς
1313 1853 1417 1888 Ἄρκης
1433 1852 1466 1878 τὰ
1486 1851 1575 1885 πτερὰ
1589 1851 1639 1885 τὴν
1662 1850 1742 1876 Θέτιν
1770 1849 1897 1883 περιθεῖ-

1100 1909 1143 1926 ναι
1160 1900 1182 1915 ¹¹
1197 1899 1235 1934 τῷ
1258 1899 1332 1925 παιδὶ
1347 1898 1513 1933 γεννηθέντι,
1529 1898 1577 1925 καὶ
1598 1894 1668 1922 εἶναι
1689 1896 1720 1922 τὸ
1735 1895 1898 1928 ,ποδάρκης

1102 1947 1116 1973 ὁ
1130 1947 1152 1962 ¹⁸
1165 1947 1192 1971 ὲν
1210 1946 1264 1976 τοῖς
1281 1945 1345 1970 ποσὶ
1359 1944 1395 1970 τὰ
1413 1944 1463 1977 τῆς
1476 1944 1582 1978 ’Λρκης
1605 1941 1694 1976 πτερὰ
1711 1940 1793 1975 ἔχων.
1815 1940 1848 1966 Ἠ
1867 1940 1899 1965 δὲ

1102 1992 1192 2026 ’Λρκη
1208 1990 1369 2024 Θαύμαντος
1382 1987 1416 2024 ἦν
1434 1988 1567 2022 θυγάτηρ,
1584 1985 1618 2023 ἧς
1633 1987 1649 2021 ή
1673 1985 1776 2020 ἁδελφὴ
1803 1983 1897 2018 Ἶρις·

1101 2036 1189 2071 πτερά
1212 2035 1234 2061 δ’
1252 2032 1324 2070 εἶχεν
1350 2033 1479 2068 ἑκατέρα.
1506 2033 1551 2058 Ἐν
1570 2031 1598 2058 δὲ
1622 2031 1661 2066 τῷ
1689 2030 1758 2065 πρὸς
1774 2030 1899 2060 Τιτᾶνας

1100 2082 1154 2108 τῶν
1164 2081 1232 2107 θεῶν
1245 2080 1356 2114 πολέμῳ
1369 2078 1517 2105 ἀποπτᾶσα
1533 2076 1588 2103 τῶν
1601 2076 1669 2103 θεῶν
1682 2076 1698 2110 ἡ
1716 2075 1808 2109 ’Ἄρκη
1824 2075 1898 2109 προς

1101 2127 1163 2157 τοὺς
1176 2126 1293 2156 Τιτᾶνας
1306 2123 1371 2159 ἦλθε
1384 2132 1390 2138 ·
1405 2122 1473 2158 μετὰ
1487 2123 1515 2148 δὲ
1528 2122 1577 2157 τὴν
1595 2121 1673 2156 νίκην
1682 2121 1696 2146 ὁ
1711 2121 1779 2150 Ζεὺς
1791 2119 1827 2145 τὰ
1843 2118 1897 2153 μὲν

1102 2172 1191 2206 πτερὰ
1205 2171 1290 2204 αὐτῆς
1303 2169 1440 2203 ἀφείλετο,
1454 2168 1538 2203 αὐτὴν
1555 2165 1747 2201 ταρταρώσας,
1765 2173 1898 2200 παραγε-

1100 2218 1211 2252 νόμενος
1227 2216 1256 2241 δὲ
1273 2215 1294 2231 ’⁵
1312 2215 1357 2240 ἐπὶ
1370 2214 1409 2248 τῷ
1429 2213 1540 2248 Πηλέως
1557 2212 1604 2239 καὶ
1617 2211 1724 2242 Θέτιδος
1742 2211 1827 2244 γάμῳ
1840 2210 1898 2235 δῶ-

1102 2271 1146 2298 ρον
1161 2262 1195 2288 τὰ
1207 2261 1295 2296 πτερὰ
1312 2262 1345 2295 τῇ
1362 2260 1452 2286 Θέτιδι
1470 2259 1617 2294 προσάγει.
1640 2258 1683 2289 Ὠς
1695 2256 1780 2292 Πηλεῖ
1792 2257 1839 2282 ἐπὶ
1855 2256 1899 2287 τῷ

1100 2309 1182 2343 γάμῳ
1203 2309 1270 2342 φασὶ.
1291 2306 1468 2342 δωρήσασθαι
1484 2306 1638 2339 ’Ἥφαιστον
1668 2304 1716 2338 μὲν
1740 2303 1895 2337 μάχαιραν,

1107 2354 1268 2390 Ἀφροδίτην
1283 2353 1312 2379 δὲ
1337 2353 1436 2387 φιάλην
1453 2351 1680 2386 ἐγγεγλυμμένην
1697 2349 1810 2384 Ἔρωτα
1827 2357 1898 2383 χρυ-

1104 2402 1163 2436 σῆν,
1178 2400 1332 2427 Ποσειδῶνα
1344 2400 1372 2425 δὲ
1385 2399 1487 2429 ἵππους
1501 2397 1602 2424 Ξάνθον
1615 2398 1661 2423 καὶ
1675 2396 1784 2425 Βαλίον,
1802 2396 1898 2429 Ἰἰραν

1102 2449 1131 2474 δὲ
1159 2447 1282 2482 χλαμύδα
1306 2446 1354 2473 καὶ
1383 2444 1498 2479 Ἀθηνᾶν
1522 2443 1641 2476 αὐλοὺς,
1667 2441 1763 2478 Νηρέα
1779 2441 1808 2468 δὲ
1831 2441 1900 2471 τοὺς

905 2514 1022 2542 VARle
1047 2516 1249 2544 LECTIONES.

299 2593 309 2607 ⁶
323 2590 412 2617 malim
436 2589 620 2623 συμφέρεται.
658 2587 668 2602 ⁷
685 2585 808 2623 φασιν-Λᾉ
821 2594 828 2612 :
843 2585 871 2611 δέ

264 2627 347 2662 τρίτῳ
361 2634 392 2657 ς.
415 2625 452 2662 __‘°
466 2622 569 2662 εἶτιεζςτζ

272 2663 278 2672 ν

279 2655 374 2696 Ᾰχ.’ςξ
414 2660 436 2675 ¹³
449 2659 612 2694 παραθεῖναι
628 2667 658 2689 ς.
698 2657 718 2671 ¹¹⁵
730 2658 744 2682 ὀ
754 2655 800 2683 Α’;
816 2656 876 2683 ἀντὶ
891 2655 937 2682 τοῦ
951 2657 965 2681 ὁ
977 2665 1007 2688 ς.

900 2594 983 2619 φασιν
999 2587 1082 2626 Qui
1096 2586 1222 2626 και-ειμι,
1245 2587 1277 2613 Α.
1315 2583 1461 2626 δςιμήτῃρ]
1477 2582 1557 2626 μηρῷ
1639 2582 1654 2625 ,⁸
1666 2580 1733 2626 φασὶ
1745 2581 1780 2626 Αἱ
1799 2624 1805 2626 ⁵

627 2623 659 2638 ¹⁰”
678 2616 783 2657 στεῖρα]
796 2621 850 2655 ἤρα
870 2616 912 2647 Α(
934 2625 975 2647 est
991 2616 1016 2647 vi.
1033 2621 1095 2648 670.
1137 2623 1158 2637 ¹¹
1175 2622 1311 2656 ἐρώμενος
1330 2616 1497 2650 Ἀ’πόλλίυνός
1508 2616 1556 2654 ἑά
1593 2618 1614 2633 ¹¹
1631 2617 1668 2649 ὡς
1686 2617 1744 2651 ’Λχ.
1761 2616 1781 2642 Α
1798 2624 1806 2642 :
1824 2617 1898 2651 :pb;

628 2667 658 2682 σι.
698 2657 776 2682 ¹¹⁵ὀΑ
793 2666 800 2682 :
816 2656 876 2682 ἀντὶ
891 2655 937 2682 τοῦ
951 2657 1007 2682 ὸς.
1048 2657 1068 2671 ³⁵
1081 2657 1110 2682 δὲ
1134 2657 1176 2682 A:
1194 2657 1222 2682 δὲ
1238 2657 1283 2682 καὶ
1299 2664 1329 2682 ς.

1018 2712 1135 2745 ΝΟΤᾸΕ.

312 2776 338 2810 5)
353 2776 424 2803 idem
439 2775 587 2802 indicatum
603 2773 741 2810 superiore
754 2781 819 2810 pag.

312 2777 338 2810 5)
353 2777 424 2803 idem
439 2777 587 2802 indicatum
603 2777 741 2807 superiore
759 2781 819 2808 pag.

301 2777 339 2846 ἑὸ)
356 2811 421 2837 Vide
437 2817 497 2846 qua:
513 2808 817 2846 hicreferunttlraliter
829 2809 956 2844 pleraque
973 2816 1043 2836 nar-

267 2843 408 2886 piaapud
422 2843 543 2882 Apollod.
557 2844 602 2871 lib.
622 2851 652 2870 ιιι
673 2843 825 2871 Bibliothuc.

1139 2773 1176 2809 (7)
1198 2773 1241 2804 Ὧς
1256 2772 1422 2809 ἐξαρκοῦντα
1443 2772 1499 2802 τοῖς
1516 2771 1589 2803 ποσὶ,
1611 2770 1658 2797 καὶ
1681 2766 1798 2796 ἐπιπολὺ
1819 2767 1893 2796 θέειν

1102 2808 1260 2844 δυνάμενον,
1277 2808 1379 2835 notavit
1395 2808 1519 2835 Eustath.
