1923 3091
65 148 120 180 ο29

614 154 876 188 BIBLIOTHECA.
893 169 927 174 -
944 158 1027 189 COD.
1039 159 1117 190 CXC.

1644 164 1705 197 630,

67 204 162 238 θείους
175 205 244 238 ἃλας
261 207 445 243 καλουμένους
460 209 490 236 ἐν
503 210 617 237 κοίτιδι·
632 212 745 245 τούτους
760 213 788 240 δὲ
808 212 850 240 δύ-

910 214 998 249 titum,
1013 221 1039 244 et
1056 217 1177 244 ciborum
1192 218 1410 248 concoctionem.
1423 219 1512 255 Atque
1523 219 1590 248 hinc
1603 219 1694 248 locum

64 260 148 288 ναμιν
164 252 240 288 ἔχειν
256 254 396 289 ἀμήχανον
417 255 486 292 πρὸς
505 257 679 293 πολυφαγίαν
702 260 749 286 καὶ
768 260 858 296 δρεξιν

62 299 114 325 καὶ
130 299 223 334 πέψιν,
238 300 268 334 ἐξ
279 298 310 328 οὗ
320 300 414 329 λύεται
430 311 471 329 σοι
482 303 530 330 καὶ
543 304 584 331 τό·

135 345 244 373 Πάσσε
260 347 287 373 δ’
301 348 377 382 ἁλὸς
392 349 493 391 θεζοιο.

62 394 133 429 Περὶ
155 394 303 429 Ἀχιλλέως
319 396 366 423 τοῦ
378 397 522 432 γηγενοῦς,
534 399 581 426 καὶ
593 399 647 427 ἀπὸ
661 400 716 428 τῶν
732 401 857 431 Ἰλιακῶν

60 438 121 465 ὅσοι
140 440 163 456 ¹⁶
177 440 303 474 ἐγένοντο
321 441 453 477 Ἀχιλλεῖς
465 443 644 481 περιώνυμοι.
663 447 718 473 Kal
729 447 767 478 ὼς
779 445 857 480 οὗτος

60 484 75 510 ὁ
90 485 216 520 γηγενὴς
235 486 391 520 φεύγουσαν
405 487 455 523 τὴν
472 488 561 524 Ἦραν
577 489 632 516 ἀπὸ
648 491 698 525 τῆς
723 492 770 518 τοῦ
796 493 856 525 Διὸς

64 530 170 565 μίξεως
187 531 337 565 ὑπεδέξατο
348 534 427 569 ἐντῷ
446 535 529 562 αὐτοῦ
547 537 650 573 ἄντρῳ,
666 538 714 564 καὶ
728 538 856 566 ἀνέπεισε

61 577 206 605 συνελθεῖν
222 578 261 614 τῷ
271 579 331 606 Διί·
347 581 395 608 καὶ
412 581 526 617 πρώτην
539 583 613 618 μίξιν
631 584 722 620 Ἥρας
736 586 784 613 καὶ
796 586 857 618 Διὸς

58 624 166 660 ταύτην
196 626 323 660 γενέσθαι
341 627 432 662 φασιν.
466 629 496 656 Ὁ
519 630 549 656 δέ
571 631 639 662 Ζεὺς
670 633 855 667 ἐπηγγείλατο

65 671 187 706 ’Δχιλλεί
210 673 315 705 πάντας
331 675 396 706 τοὺς
413 675 452 710 τῷ
471 675 535 712 [489
561 676 607 712 IL]
632 678 746 713 ὀνόματι
771 679 854 706 αὑτοῦ

59 717 149 752 κληθη
165 718 298 754 σομένους
311 721 500 757 περιωνύμους
512 724 647 759 ποιήσειν.
659 725 708 752 Διὰ
718 725 797 752 τοῦτο
808 727 856 753 xal

64 763 208 799 Ἀχιλλεὺς
223 765 397 802 περιώνυμος
410 769 425 795 ὁ
439 770 488 803 τῆς
512 768 631 802 Θέτιδος.
650 771 705 798 Kal
720 772 734 798 ὁ
751 772 855 808 Χείρω-

64 818 111 841 νος
131 810 161 836 δὲ
178 811 338 845 διδάσκαλος
363 813 501 849 Ἀχιλλεὺς
520 816 654 849 ἐκαλεῖτο,
674 815 761 852 ἀφόὗ
778 819 826 845 καὶ
840 820 854 846 ό

59 855 175 890 Πηλέως
193 856 215 872 ¹⁷
230 857 331 894 ἐκλήθη
347 859 400 885 ὑπὸ
419 861 567 896 Χείρωνος.
586 863 641 889 Καὶ
657 864 671 890 ὁ
695 864 741 890 τὸν
755 865 855 900 ὀστρα-

58 901 161 935 κισμὸν
188 902 337 939 ἐπινοήσας
375 905 522 941 Ἀθήνῃσιν
544 907 682 943 ’Δχιλλεὺς
718 910 851 943 ἐκαλεῖτο,

58 947 116 978 υἱὸς
133 947 273 980 Λύσωνος.
302 950 356 976 Καὶ
367 951 428 984 Διὸς
444 952 492 978 καὶ
510 953 618 988 Λαμίας
641 955 766 990 Ἀχιλλέα
785 957 852 991 φασὶ

55 993 186 1026 γενέσθαι
209 994 232 1010 ¹⁶
246 995 278 1022 τὸ
305 996 404 1029 κάλλος
422 998 575 1033 ἀμήχανον,
602 1000 632 1026 ὃν
646 1001 694 1028 καὶ
724 1002 852 1037 ἐρίσαντα

55 1039 124 1074 περὶ
139 1039 257 1072 κάλλους
274 1041 397 1076 νικῆσαι,
408 1043 456 1069 τοῦ
470 1043 558 1076 Πανὸς
572 1044 717 1080 κρίναντος
728 1055 735 1061 ·
748 1047 796 1073 καὶ
808 1047 852 1074 διὰ

54 1084 138 1111 τοῦτο
162 1085 308 1122 Ἀφροδίτη
331 1087 352 1103 η
371 1089 548 1124 νεμεσήσασα
573 1090 702 1125 ἐμϐάλλει
719 1093 786 1119 Πανὶ
805 1093 851 1120 τὸν

60 1131 161 1166 Ἠχοῦς
182 1132 284 1168 ἔρωτα,
304 1134 421 1170 καὶμὴν
445 1135 494 1162 καὶ
518 1138 719 1172 κατειργάσατο
747 1139 794 1166 καὶ
810 1140 851 1172 εἰς

58 1177 108 1212 τήν
129 1177 204 1204 ἰδέαν
217 1178 311 1210 αὐτὸν,
327 1179 402 1212 ὅπως
417 1180 450 1207 ἐκ
468 1181 519 1215 τῆς
549 1182 656 1217 μορφῆς
678 1184 790 1219 αἰσχρὸς
804 1186 850 1211 καὶ

52 1223 208 1258 ἀνέραστος
217 1224 349 1258 φαίνοιτο.
361 1225 416 1252 Kal
428 1225 550 1253 Γαλάτου
559 1227 631 1259 τινος
641 1228 698 1260 υίὸς
711 1227 850 1264 Ἀχιλλεὺς

53 1269 171 1305 ἐκλήθη,
188 1270 218 1297 ὃν
242 1271 276 1297 ἐκ
297 1271 410 1306 γενετῆς
425 1272 518 1300 πολιὸν
542 1274 668 1308 γενέσθαι
694 1276 773 1310 φησί.
794 1276 850 1303 Καὶ

51 1317 146 1352 ἕτεροι
168 1316 301 1352 Ἀχιλλεῖς
324 1318 468 1353 ἐπιφανεῖς
488 1320 616 1354 γεγόνασι
642 1321 666 1336 ¹⁰
697 1320 743 1347 t8"
763 1318 801 1348 ὧν
824 1323 849 1349 οῑ

51 1362 100 1388 δύο
112 1362 198 1394 κύνες
216 1361 288 1398 ἦσαν
305 1364 352 1391 καὶ
369 1364 516 1400 θαυμάσιοι
538 1365 574 1392 τὰ
590 1366 680 1393 κυνῶν
697 1367 774 1402 ἔργα.
787 1368 849 1395 ’Ότι

52 1410 182 1445 Πρίαμος
210 1410 274 1442 Διὸς
297 1411 436 1447 ἐρώμενος
462 1412 589 1447 γένοιτο,
617 1415 664 1440 καὶ
681 1414 758 1441 λάῦοι
782 1416 849 1451 παρ’

52 1457 138 1483 αὐτοῦ
154 1456 206 1491 τὴν
222 1459 326 1493 χρυσῆν
339 1458 473 1493 ἄμπελον,
490 1460 524 1494 ἢν
539 1459 625 1495 δῶρον
644 1460 797 1496 Εὐρυπύλῳ
811 1461 850 1497 τῷ

50 1503 180 1538 Τηλέφου
207 1503 280 1539 ὑπὲρ
311 1505 470 1540 συμμαχίας
497 1505 615 1532 δίδωσιν.
650 1506 695 1538 Ὡς
724 1508 850 1540 Αἴσωπος

50 1550 214 1585 ἀναιρεθεὶς
225 1550 278 1576 ὑπὸ
293 1550 404 1585 Δελφῶν
421 1551 565 1583 ἀνεϐίωτε,
578 1552 626 1579 καὶ
636 1553 810 1589 συνεμάχησε
826 1554 847 1570 ¹¹

49 1598 110 1628 107.;
123 1596 241 1631 Ἕλλησι
259 1598 324 1632 περὶ
345 1597 537 1633 Θερμοπύλας.
562 1598 608 1631 Ὠς
621 1599 791 1635 Φιλοκτήτην
819 1601 848 1627 ἐν

51 1645 158 1680 Λήμνῳ
177 1644 276 1676 Πύλιος
291 1643 356 1680 [255
368 1645 400 1671 Η.
410 1644 415 1680 Ι
425 1645 447 1660 ’³
462 1645 603 1680 ἰάτρευσεν
614 1646 671 1677 υιὺς
688 1645 847 1679 Ἡφαίστου,

52 1691 101 1717 καὶ
118 1690 204 1725 ἔμαθε
225 1691 292 1726 παρ’
308 1691 392 1718 αὐτοῦ
405 1691 452 1726 τὴν
469 1692 592 1728 τοξικὴν.
614 1691 658 1723 Ὠς
669 1692 847 1728 Σκαμάνδρου

51 1737 100 1763 τοῦ
118 1736 245 1771 ποταμοῦ
273 1738 330 1769 υίὸς
350 1737 445 1773 Μῆλος
459 1738 566 1771 γένοιτο
581 1738 663 1770 καλὸς
686 1739 735 1773 τὴν
760 1738 847 1775 ὥραν,

52 1783 119 1818 περὶ
139 1779 170 1810 οὗ
194 1783 286 1818 ἐρίσαι
311 1783 394 1818 φασὶν
417 1784 507 1820 ἾΙραν
533 1793 563 1810 τε
580 1785 628 1811 καὶ
657 1785 774 1820 Ἀθηνᾶν
801 1787 849 1813 καὶ

58 1827 225 1862 ’Δφρώίτην
254 1827 326 1860 τίνος
349 1827 455 1861 γένοιτο
485 1828 588 1863 ἱερεὺς,
620 1828 794 1864 Ἀλέξανδρον
818 1829 848 1856 δὲ

52 1874 145 1908 κρῖναι
158 1873 239 1908 νικᾷν
260 1873 422 1908 Ἄφροδίτην
432 1882 438 1889 ·
450 1873 482 1900 ὲκ
503 1873 606 1908 ταύτης
618 1873 683 1908 γοῦν
703 1875 753 1909 τῆς
775 1874 848 1901 ἱστο-

54 1919 116 1954 ρίας
133 1920 147 1945 ὁ
162 1920 229 1954 περὶ
247 1919 295 1945 τοῦ
316 1919 402 1955 μήλου
426 1919 506 1953 λόγος
531 1919 649 1955 διεδόθη.
673 1920 848 1956 Ὑπερμένης

52 1967 81 1992 ὲν
92 1965 133 2001 τῷ
144 1966 210 2001 περὶ
224 1965 291 1992 Χίου
310 1965 432 2002 Ὀμήρου
445 1965 674 2000 φησὶϐεράττοντα
686 1967 813 2001 γενέσθαι
825 1968 848 1984 ⁸³

52 2011 207 2046 Σκινδαψὸν
224 2011 358 2046 ὀνόματι·
384 2005 483 2038 ἶεοῦτον
501 2011 673 2047 ζημιωθῆναι
701 2012 754 2039 ὑπὸ
773 2013 847 2040 Χίων

52 2057 144 2092 χιλίας
157 2057 284 2092 δραχμὰς
303 2057 349 2084 διὰ
360 2057 391 2084 τὸ
413 2057 451 2092 μὴ
471 2057 572 2084 καῦσαι
588 2058 789 2093 τελευτήσαντα
803 2059 848 2085 τὸν

52 2103 201 2139 δεσπότην,
221 2104 251 2130 'U
263 2104 292 2130 δὲ
304 2103 334 2130 τὸ
348 2104 465 2139 ὄργανον
479 2103 569 2139 εὑρὼν
579 2104 610 2130 τὸ
624 2103 696 2131 οὕτω
710 2105 846 2140 καλούμε-

51 2159 96 2176 νον
116 2150 266 2184 σκινδαψὸν
284 2150 441 2185 Ἐρετριεὺς
453 2149 476 2165 ³⁵
488 2147 532 2184 ἦν,
550 2150 679 2185 Ποικίλης
691 2150 742 2185 τῆς
758 2151 844 2186 αὐλη-

49 2196 142 2232 τρίδος
162 2196 231 2228 υἱός.
249 2195 342 2223 Ταῦτα
355 2197 402 2222 καὶ
415 2196 445 2222 τὺ
458 2199 484 2228 ς’
503 2195 617 2230 βιϐλίον.

908 261 982 290 illum
999 262 1102 291 clarum
1117 265 1234 292 evadere
1250 274 1258 291 :

1156 354 1219 382 Sale
1230 356 1342 390 aspersit
1357 364 1445 386 sacro.

907 399 970 434 Agit
984 404 1039 426 tum
1055 400 1088 427 de
1103 399 1207 428 Achille
1221 405 1293 428 terra
1307 403 1409 437 genito,
1420 408 1447 430 et
1462 408 1599 440 quotpost
1612 405 1695 434 Iliaca

907 451 1029 482 tempora
1061 447 1134 475 fama
1165 448 1232 476 clari
1255 448 1376 477 Achilles
1401 451 1513 479 fuerint.
1537 451 1588 480 Hic
1611 456 1696 481 terrm

906 492 979 521 ﬁlius
993 493 1140 528 Junouem,
1155 495 1230 525 Jovis
1247 504 1424 533 congressum
1440 499 1601 533 fugientem,
1616 505 1696 527 antro

907 545 956 566 suo
971 539 1086 574 recepit,
1103 541 1293 576 persuasitque
1311 542 1344 568 ad
1363 540 1457 569 Jovem
1470 542 1561 569 redire
1574 551 1581 576 ;
1596 547 1623 570 et
1635 543 1694 570 hmo

906 586 994 620 prima
1006 585 1066 620 fuit,
1077 592 1107 614 ut
1123 586 1223 621 ferunt,
1237 587 1348 615 Jovis'et
1361 587 1475 616 lunonis
1489 589 1581 616 coitio.
1591 588 1692 622 Quant-

906 631 1000 658 obrem
1035 631 1140 667 Jupiter
1168 640 1277 667 quoque
1305 633 1402 661 Achilli
1435 633 1572 668 pollicitus
1593 639 1636 661 est
1653 632 1692 660 fa-

906 681 1014 704 cturum
1023 684 1064 710 se,
1076 682 1105 704 ut
1116 683 1248 714 quotquot
1261 677 1319 713 ejus
1329 687 1426 706 nomen
1438 679 1614 711 sortirentur,
1628 678 1695 706 clari

906 723 1081 751 exsisterent.
1092 723 1239 759 Propterea
1251 729 1277 752 et
1288 725 1409 753 Achilles
1421 725 1464 752 ille
1475 725 1596 752 Thetidis
1609 725 1691 759 filius,

906 766 1021 794 illustris
1036 768 1152 794 exstitit.
1164 767 1291 796 Chironis
1307 775 1417 803 quoque
1436 774 1587 803 praeceptor
1600 768 1693 795 Achil-

906 812 945 840 les
961 814 1117 841 nominatus
1132 822 1140 842 :
1161 815 1233 842 unde
1251 814 1323 842 Pelei
1342 814 1413 842 ﬁlius
1432 822 1480 848 per
1491 813 1637 842 Chironem
1654 813 1695 841 sic

906 859 1068 894 appellatus.
1095 859 1208 892 Adhtec,
1230 861 1276 895 qui
1301 861 1406 896 primus
1430 860 1623 888 ostracismum
1653 859 1693 894 (8)

868 892 893 923 Β
904 892 1019 933 Athenis
1031 906 1206 942 excogitavit,
1223 892 1344 934 A-chilles
1361 906 1459 939 dictus,
1479 906 1551 933 filius
1567 892 1691 941 Lysonis.

902 952 962 980 Jovi
990 959 1100 987 quoque
1132 958 1159 980 et
1183 952 1285 980 Lamiae
1317 953 1438 981 Achilles
1467 953 1578 988 quidam
1603 957 1693 985 natusI

901 1000 988 1031 aiunt,
1004 998 1100 1034 152b
1113 1000 1339 1034 prmstantissima
1365 1000 1446 1034 plane
1458 1000 1557 1031 forma,
1568 1004 1599 1026 ut
1610 999 1693 1027 etiam

902 1044 936 1071 de
951 1044 1154 1078 pulchritudine
1168 1045 1349 1078 contendens,
1369 1045 1444 1072 Pane
1463 1045 1513 1072 deo
1529 1045 1630 1080 judice,
1652 1045 1693 1071 vi-

901 1089 980 1117 cerit.
997 1089 1035 1117 Ea
1046 1097 1112 1125 ergo
1125 1090 1158 1118 de
1173 1098 1254 1118 causa
1274 1090 1411 1119 Venerem
1429 1091 1610 1126 indignatam,
1624 1089 1692 1117 Paul

901 1135 992 1163 Echus
1011 1143 1132 1164 amorem
1148 1136 1312 1164 immisisse:
1324 1141 1351 1163 et
1366 1141 1440 1164 certe
1456 1136 1497 1163 sic
1513 1136 1692 1168 deformasse.

900 1186 931 1208 ut
954 1182 1012 1216 ipsa
1048 1182 1180 1209 duntaxat
1212 1182 1302 1217 specie
1333 1183 1419 1217 turpis
1445 1187 1474 1209 et
1493 1182 1619 1209 amabilis
1644 1189 1694 1208 ne-

901 1227 968 1255 mini
989 1228 1138 1256 videretur.
1165 1228 1278 1263 IuSuper
1303 1233 1331 1256 et
1355 1228 1443 1256 Galati
1465 1229 1607 1263 cujusdam
1620 1227 1692 1255 filius

900 1273 1019 1302 Achilles
1043 1279 1164 1307 vocatus,
1189 1282 1268 1309 quem
1295 1275 1328 1302 ab
1357 1275 1412 1310 ipsa
1431 1275 1572 1302 nativitate
1594 1282 1691 1301 canum

900 1319 985 1347 fuisse
998 1319 1092 1347 refert.
1111 1319 1200 1348 Fuere
1213 1325 1240 1348 el.
1258 1321 1304 1348 alii
1327 1321 1398 1348 fama
1419 1321 1541 1349 illustres
1557 1321 1691 1356 quinqua-

901 1367 976 1401 ginta
994 1372 1113 1401 quatuor
1127 1367 1247 1395 Achilles
1263 1375 1402 1402 :quorum
1419 1367 1472 1395 duo
1486 1375 1585 1395 canum
1606 1367 1693 1394 instar

901 1413 1080 1446 impudentes,
1105 1414 1229 1442 nefandis
1251 1422 1361 1449 quoque
1376 1415 1504 1449 operibus
1524 1413 1690 1441 admirandi.

900 1459 1035 1492 Priamus,
1053 1459 1152 1494 inquit,
1165 1459 1239 1488 Jovis
1257 1460 1378 1487 amasius
1398 1460 1499 1493 factus,
1525 1467 1634 1487 auream
1658 1459 1692 1485 ab

900 1511 932 1531 eo
942 1505 1047 1539 accepit
1061 1505 1155 1538 vitem,
1166 1513 1247 1540 quam
1255 1505 1300 1532 ille
1312 1510 1372 1540 post
1380 1505 1508 1541 Eurypilo
1516 1505 1626 1539 Telephi
1637 1505 1692 1531 ﬁlio

901 1551 971 1585 quod
987 1550 1059 1578 bello
1079 1551 1210 1578 auxilium
1223 1555 1368 1586 portasset,
1385 1552 1489 1578 muneri
1508 1551 1592 1578 dedit.
1610 1549 1693 1577 Αἰδο-

901 1605 951 1632 pus
977 1605 1085 1632 quoque
1111 1597 1221 1632 Delphis
1242 1597 1402 1625 interfectus
1425 1598 1508 1624 vitam
1531 1597 1644 1631 recepit,
1664 1599 1692 1623 et

901 1645 934 1671 ad
949 1644 1149 1679 Thermopylas
1167 1651 1220 1671 una
1247 1651 1307 1670 cum
1328 1643 1430 1670 Grtecis
1444 1643 1581 1670 militavit.
1597 1643 1692 1670 Philo-

899 1697 998 1719 ctetent
1018 1692 1044 1719 in
1062 1691 1164 1718 Lemno
1178 1691 1264 1718 insula
1279 1690 1381 1726 Pylius,
1396 1689 1513 1716 Vulcani
1538 1689 1619 1721 illius,
1635 1696 1692 1716 me-

901 1738 988 1765 demlo
1002 1738 1117 1769 sanavit,
1129 1737 1265 1772 iaculandi
1285 1741 1372 1763 artem
1398 1735 1518 1763 vicissim
1535 1734 1569 1761 ab
1580 1742 1612 1761 eo
1627 1734 1692 1761 edo-

900 1789 973 1812 ctus.
984 1785 1152 1812 Scamandro
1161 1783 1264 1811 ﬂumini
1277 1788 1370 1810 natum
1384 1783 1460 1810 aiunt
1485 1782 1569 1809 filium
1579 1781 1690 1814 Melum,

900 1831 1000 1866 insigni
1023 1831 1146 1865 corporis
1166 1829 1252 1857 forma
1275 1829 1389 1864 ejusque
1411 1835 1493 1856 causa
1516 1827 1691 1855 contendisse

899 1876 976 1903 aiunt
1000 1874 1146 1907 Iunonem.
1174 1874 1324 1905 Palladem,
1341 1878 1368 1901 et
1389 1874 1535 1905 Venerem.
1552 1873 1627 1908 cujus
1640 1881 1690 1906 po-

906 1922 1042 1950 tissimum
1057 1923 1186 1948 sacerdos
1205 1925 1289 1948 esset.
1308 1920 1433 1947 Paridem
1456 1927 1521 1955 ergo
1540 1919 1691 1953 iudicando

899 1967 1047 1995 secundum
1063 1967 1196 1995 Venerem
1211 1966 1373 1994 sententiam
1387 1966 1500 1998 dixisse,
1518 1969 1600 2000 atque
1610 1972 1642 1991 ex
1658 1972 1690 1991 ea

901 2013 1015 2041 historia
1026 2013 1065 2048 (9)
1075 2012 1193 2039 fabulam
1204 2019 1264 2040 esse
1275 2013 1308 2039 de
1317 2011 1388 2038 malo
1396 2015 1494 2038 ortam.
1503 2009 1690 2046 Hypermenes

902 2058 998 2086 adbwc
1009 2059 1036 2085 iu
1049 2065 1098 2085 sua
1113 2059 1146 2084 de
1161 2057 1231 2086 Chio
1247 2057 1416 2089 narratione,
1432 2055 1542 2083 Homeri
1558 2054 1689 2082 famulqu

898 2103 985 2130 fuisse
999 2102 1081 2130 refert
1109 2102 1290 2138 Scindapsum
1319 2101 1440 2134 nomine,
1467 2101 1592 2135 huncque
1616 2099 1690 2126 mille

898 2150 1019 2186 dragmis
1035 2157 1049 2177 a
1063 2150 1138 2177 Chiis
1153 2149 1306 2181 multatum,
1333 2148 1404 2182 quod
1429 2147 1528 2175 herum
1552 2145 1688 2173 mortuum

898 2205 951 2225 non
969 2198 1129 2224 exussisset.
1145 2195 1180 2222 At
1197 2196 1242 2230 qui
1259 2194 1404 2230 σκινδαψὸν
1417 2195 1450 2222 ah
1470 2201 1503 2221 eo
1517 2192 1688 2220 nominatum

51 2245 263 2272 instrumentum
278 2243 334 2279 (10)
349 2243 463 2280 lyricum
481 2243 592 2277 reperit,
610 2244 732 2272 Eretrius
756 2245 815 2277 fuit,
828 2250 855 2273 et
874 2245 990 2274 Poeciles
1007 2246 1124 2273 tibicinae
1140 2245 1221 2272 filius.
1238 2243 1299 2272 Haec
1313 2243 1371 2271 fere
1396 2243 1458 2270 libri
1481 2241 1551 2269 sexti
1581 2247 1688 2267 summa

50 2297 100 2318 est.

92 2336 137 2362 Ἐν
148 2337 177 2363 δὲ
194 2336 234 2372 τῷ
247 2337 269 2369 ζ’
291 2337 449 2372 περιέχεταί
464 2337 501 2369 ὡς
514 2337 651 2373 Θεόδωρος
664 2339 678 2365 ὁ
690 2339 838 2375 Σαμοθρᾲξ

931 2338 1055 2373 Septimo
1080 2337 1196 2371 denique
1219 2335 1289 2363 libro
1311 2335 1345 2362 de
1371 2335 1413 2362 his
1427 2333 1482 2368 agit
1502 2331 1686 2361 :Theodorus

50 2383 95 2410 τὴν
110 2383 161 2409 Δία
188 2383 255 2417 φησι
276 2383 441 2417 γεννηθέντα
465 2385 512 2410 ἐπὶ
524 2384 594 2410 ἑπτὰ
614 2385 722 2420 ἡμέρας
736 2386 840 2412 ἀκατά-

50 2436 174 2455 πιυστον
190 2429 317 2462 γελάσαι,
333 2429 381 2456 καὶ
401 2430 446 2456 διὰ
458 2429 537 2456 τοῦτο
551 2429 654 2461 τέλειος
679 2431 809 2466 ἐνομίσθη
828 2432 842 2457 ὁ

895 2384 1059 2412 Samothrax
1074 2387 1167 2410 narrat
1194 2381 1289 2410 Jovem
1307 2385 1401 2408 natum
1417 2384 1521 2414 septem
1542 2378 1687 2406 continuos

898 2431 955 2459 dies
981 2430 1074 2458 risisse
1096 2429 1164 2466 (11),
1191 2429 1308 2463 indeque
1333 2427 1520 2462 seplenariutn
1539 2432 1685 2453 numerum

715 2512 829 2541 VARle
847 2513 1048 2542 LECTIONES-

85 2573 107 2588 “
133 2572 283 2608 adstante
310 2571 364 2598 ἀπὸ
389 2571 466 2605 ponit
490 2580 572 2608 g.—
587 2571 625 2608 ᾡς
640 2572 700 2598 add.
726 2572 758 2598 A.
797 2573 818 2588 "
835 2573 936 2608 πηλεὺς
952 2574 985 2600 Δ.
1024 2573 1045 2589 ¹⁸
1065 2572 1194 2606 γενέσθαι
1218 2572 1328 2608 φασὶγς,
1367 2571 1389 2586 ¹⁹
1409 2568 1585 2608 Ἀφροδίτην-
1597 2564 1684 2602 μισή-

394 2608 416 2622 ²⁰
430 2607 558 2640 γεγόνασι
574 2606 611 2632 νδ¹
627 2615 657 2638 ς.

51 2616 138 2634 cursv
156 2607 303 2641 ἐμϐάλλειν
321 2615 350 2638 ς’.

450 2641 472 2657 ³⁴
485 2641 622 2676 Ἐρέτριος
639 2650 670 2673 ς.

50 2643 144 2670 τοῦτον
159 2643 181 2670 Α
197 2651 204 2669 :
218 2643 265 2668 καὶ
275 2642 370 2669 τοῦτον
380 2650 411 2674 ς.

706 2608 728 2623 ¹ι
746 2608 894 2643 συνεμάχει
910 2623 943 2629 -
956 2608 1137 2643 Θερμοπύλης
1152 2616 1183 2639 ς.

1234 2607 1256 2622 ¹¹
1275 2602 1374 2641 Πήλιος
1391 2613 1422 2637 ς.
1447 2602 1484 2620 ’θ’
1497 2602 1557 2639 γενζ
1573 2602 1632 2638 θερ.
1649 2609 1680 2634 ς’.

809 2715 926 2744 ΝΟΤᾸΕ.

85 2774 123 2808 (8)
137 2773 225 2810 Quem
240 2773 360 2810 explicat
376 2773 454 2801 Diod.
478 2773 562 2802 Sicul.
587 2773 623 2801 lib
640 2781 679 2806 χι,
704 2779 731 2802 et
757 2774 834 2802 Suid.

51 2810 148 2843 szrpius
169 2809 241 2836 Plut.

70 2845 124 2905 (t8)
138 2844 242 2872 Prwtcr
259 2844 393 2881 vulgarent
416 2845 578 2873 sententiam
596 2844 691 2882 Hygini
705 2845 773 2874 Fab.
789 2846 834 2880 ΟΞ,

52 2887 66 2906 a
79 2888 174 2907 torum.

929 2773 986 2807 (10)
1003 2774 1103 2801 Athcn.
1121 2773 1265 2806 describit,
1282 2772 1329 2800 lib.
1348 2779 1397 2806 tv.,
1413 2777 1441 2800 et
1458 2771 1586 2807 Eustath.

927 2809 987 2846 (Η)
1001 2809 1087 2846 Ututm
1109 2809 1283 2846 Zoroastrem
1303 2809 1471 2846 eodemquo
1480 2806 1591 2846 genitus
1606 2810 1691 2835 esset;

891 2841 946 2875 die,
967 2841 1061 2906 alsisse
1082 2853 1131 2879 pro
1148 2844 1225 2872 valde
1251 2843 1360 2872 insolito
1373 2841 1459 2872 adfert
1479 2842 1549 2870 Plin.
1565 2841 1612 2870 lib.
1629 2849 1682 2876 η’,

894 2888 952 2909 cut).
1005 2899 1012 2906 .
