1916 3092
224 142 278 174 635

799 140 931 171 PHOTII
947 141 1202 172 PATRIARCIIIE
1216 141 1272 172 (ΖΡ.

1797 140 1852 172 636

225 204 306 233 atque
333 195 546 230 esplanationes.
568 195 675 223 Eminet
694 195 751 231 (l6)
772 203 854 230 porro
877 197 958 231 hujus
982 196 1009 224 ln

1069 198 1166 232 ρισμόν.
1185 198 1230 224 Ἐν
1246 197 1295 233 μὲν
1316 197 1364 224 οὖν
1389 198 1448 229 τοῖς
1464 197 1553 232 λόγοις
1568 198 1599 224 τδ
1627 197 1742 233 σύνηθες
1764 198 1851 225 αὐτου

225 243 302 272 libris
327 242 444 278 egregie,
470 249 522 268 non
549 242 592 268 ille
617 242 696 269 modo
716 241 844 268 solemnis
868 243 935 270 adeo
960 242 1013 278 ipsi

225 291 338 318 allectus
362 289 460 320 lenior,
478 288 524 315 sed
547 295 612 322 pttra
641 289 722 315 etiam
741 289 941 323 perspicuitas:
959 289 1012 317 nisi

225 338 296 371 quod
312 336 338 362 in
361 334 457 370 lsﬁa
489 331 684 369 quaestionibus
706 334 867 368 quibusdam
901 335 1013 370 empha—

225 389 285 410 ιιι-ος
298 381 397 416 aliquid
416 381 451 408 ah
471 387 504 407 eo
524 387 664 414 aspersum
682 384 821 414 appareat,
839 388 891 407 non
905 380 930 407 id
947 381 1013 407 adeo

225 428 361 456 vocabulis
377 427 466 454 minus
482 428 588 454 usitatis
599 427 755 461 iuveniliter
770 427 909 457 adhibitis,
926 435 1013 462 neque

224 473 421 507 compositione
441 480 488 507 per
503 472 749 499 circumductiones
770 473 934 499 obscurata:
948 473 1012 506 quin

225 526 312 554 neque
333 518 422 552 aliqua
438 519 591 552 peregrina,
614 523 641 545 et
661 525 675 544 a
693 518 797 552 privato
818 525 867 544 usu
887 518 1014 552 civilique

225 571 350 591 sermone
367 563 513 590 rcmotiore
539 563 708 595 curiositate,
725 568 771 590 aut
789 563 948 594 acrimonia,
967 563 1014 590 sed

224 610 296 644 quod
317 609 391 636 hisce
417 609 450 636 de
465 615 540 635 more
561 609 688 641 servatis,
706 609 856 642 emphasim
873 609 955 635 veluti
975 609 1015 635 in-

228 655 361 689 terjiciat;
386 655 460 682 nullo
474 655 582 682 interim
609 655 728 691 [lectori]
742 655 826 682 indito
843 655 958 682 instituti
973 655 1014 682 sui

226 707 318 733 sensu,
335 707 488 734 quanquam
503 707 534 726 ea
549 707 609 734 quae
628 700 746 727 breviter
761 700 911 735 proposuit,
928 700 1015 735 pluri-

227 751 299 770 mum
315 751 367 770 non
383 749 541 778 pertractat,
563 752 597 772 eo
620 745 692 780 quod
715 753 821 772 summa
844 746 931 779 capita
951 745 1017 771 dun-

228 794 303 816 taxat
317 790 441 817 oratione
457 791 581 825 persequi
599 791 767 825 propositum
782 791 895 823 habens,
913 790 1015 818 clario-

228 835 266 862 ris
290 835 478 870 explicationis
499 836 728 870 opportunitatem
755 836 856 864 nullam
885 836 1015 871 reperiat.

227 880 261 908 Et
276 881 385 908 adhibet
405 881 448 909 ille
464 882 571 916 quidem
587 889 665 908 suum
682 881 715 908 ad
731 881 948 916 persuadendum
965 889 1014 908 ac-
1030 873 1054 904 Β

227 928 428 954 commodatum
445 934 559 954 acumen
583 927 675 954 multis
697 927 878 961 quzestionum
901 927 1014 954 solutio-

228 973 319 1005 nibus,
336 973 384 1000 sed
399 973 497 999 animo:
509 973 584 999 salus
605 977 686 1007 atque
702 972 804 1000 utilitas
818 972 898 1007 plane
915 973 1015 1008 ubique

227 1022 378 1052 spectatur.
409 1017 567 1052 Quanquam
586 1025 639 1044 non
663 1017 720 1044 sola
738 1017 872 1044 brevitate
899 1017 1016 1044 violetur

228 1064 299 1098 apud
314 1071 375 1091 eum
400 1064 582 1098 perspicuitas
598 1073 605 1090 :
628 1071 720 1090 verum
736 1068 764 1091 et
781 1071 813 1090 ex
828 1071 871 1097 eo,
885 1065 954 1097 quod
972 1071 1016 1090 so-

230 1109 339 1136 lutionis
368 1109 533 1144 indigentem
549 1109 702 1136 orationem
725 1109 846 1142 claudat,
862 1109 933 1136 nulla
948 1117 1018 1136 con-

229 1155 354 1182 cludendi
371 1155 455 1182 l'orma
472 1155 592 1182 adhibita
610 1164 618 1183 :
638 1160 668 1182 ut
692 1156 763 1182 inter
777 1155 906 1191 disjectas
923 1164 1018 1190 propo-

229 1201 353 1233 sitiones,
368 1206 396 1228 et
418 1201 550 1228 inferendi
574 1207 601 1228 et
623 1201 804 1228 concludendi
830 1202 855 1228 vi
871 1201 1016 1229 destitutas

229 1246 412 1281 probationes,
429 1255 504 1274 tutetis
526 1247 646 1274 aberret.

267 1291 368 1319 llarum
386 1298 475 1319 autem
497 1300 587 1320 rerum
605 1300 687 1320 causa
709 1294 735 1320 in
751 1293 852 1320 variam
872 1293 1018 1328 providen-

230 1338 275 1365 tia:
287 1338 442 1365 methodum
455 1338 619 1370 dissecatur,
634 1347 716 1374 quam
732 1339 872 1373 sapientia:
891 1345 944 1366 tuae
962 1339 1018 1374 (l7)

231 1384 455 1411 Considerandatn
477 1386 613 1419 permitto.
635 1385 664 1412 In
679 1385 720 1412 Itis
733 1384 846 1421 [tamen]
861 1385 970 1412 duobus
984 1385 1017 1411 li-

231 1432 289 1459 bris
301 1440 353 1458 non
369 1439 477 1467 semper
491 1433 681 1466 adenipliasim
696 1433 820 1460 recurrit.
836 1432 932 1459 Statim
947 1433 1018 1459 enim

231 1477 335 1511 prinms
358 1477 427 1504 liber
451 1477 516 1503 nihil
541 1485 596 1512 prae
615 1485 644 1504 se
669 1478 720 1504 lert
735 1477 797 1510 tale,
818 1478 868 1505 nisi
889 1479 961 1513 quod
975 1487 1020 1506 se-

232 1523 284 1549 mel
306 1523 401 1551 alicubi
423 1531 470 1558 per
488 1523 657 1550 reticentiam
681 1523 780 1550 malum
799 1531 878 1551 omen
898 1531 1016 1554 avertat.
1033 1543 1053 1572 Β

232 1569 299 1596 Nam
323 1570 356 1596 ad
381 1575 477 1596 cmtera
494 1571 564 1604 quod
586 1570 696 1601 attinet,
719 1570 795 1597 valde
811 1570 846 1597 ibi
859 1576 901 1598 est
914 1572 1017 1605 lirmus,

233 1620 259 1642 et
275 1623 351 1650 atque
371 1623 454 1650 purus
473 1621 553 1650 atque
567 1616 712 1650 dilucidus,
735 1624 836 1651 perque
858 1618 925 1644 duos
940 1618 1021 1645 hosce

234 1661 318 1689 libros
339 1662 460 1689 decurrit
483 1662 633 1696 simplicior
657 1662 767 1697 quidam
783 1669 809 1690 et
828 1663 1022 1697 perfamiliaris

234 1716 326 1736 sermo
345 1716 377 1735 ac
392 1709 561 1744 compositio,
578 1709 611 1735 ad
629 1708 702 1744 vulgi
721 1716 800 1736 aures
813 1715 968 1744 comparata
984 1717 1023 1738 at-

234 1762 287 1790 que
302 1755 429 1787 demissa.
438 1761 465 1783 et
476 1756 509 1782 ad
518 1756 601 1783 solam
618 1754 724 1782 demtnn
735 1751 888 1783 auditorum
903 1756 1019 1783 salutem

235 1801 350 1828 intenta.
365 1800 449 1836 igitur
464 1801 566 1836 primus
581 1802 639 1836 eius
656 1802 723 1830 liber
737 1802 795 1837 (l8)
808 1803 939 1829 continet.
958 1802 1023 1835 Quae

236 1846 273 1872 sit
295 1854 388 1879 causa,
414 1852 600 1882 quantumque
613 1848 763 1882 periculum
786 1848 939 1882 hnjusmodi
960 1855 1021 1874 cum

235 1892 417 1920 Ecclesiarum
436 1892 495 1924 Dei.
526 1897 582 1920 tum
602 1893 768 1927 singulorum
793 1893 931 1920 hominum
954 1893 1022 1920 inter

234 1939 310 1972 ipsos
326 1938 502 1966 dissensionis
519 1943 599 1973 atque
613 1938 730 1966 dissidii.
749 1938 861 1971 Deinde,
875 1938 945 1973 quod
965 1946 1023 1965 om-

236 1985 279 2012 nis
292 1985 418 2019 praacepti
435 1984 519 2012 divini
535 1984 718 2019 transgressio
729 1984 906 2012 vehementer
924 1991 954 2011 ac
968 1989 1023 2010 ter-

235 2030 351 2058 ribiliter
367 2030 487 2065 punitur,
511 2031 590 2065 idque
603 2038 618 2057 e
638 2030 784 2064 Scripturis
798 2030 882 2057 sacris
908 2030 1024 2058 demon-

235 2079 363 2103 stratum.
391 2075 494 2109 Tertio,
522 2077 555 2103 de
575 2077 626 2103 tide
648 2082 739 2103 uestra
760 2077 904 2108 catholica,
920 2077 977 2103 sive
991 2077 1024 2104 de

235 2129 303 2155 pura
330 2125 423 2149 nostra
447 2127 475 2149 et
500 2123 606 2150 sincera
633 2123 807 2150 confessione
842 2123 1023 2150 sanctissima;

236 2167 388 2196 Trinitatis.
402 2167 483 2196 Liber
497 2176 562 2195 vero
577 2170 723 2201 secundus,
740 2169 888 2196 Christiani
904 2169 1023 2196 hominis

1063 241 1129 279 ἦθος
1141 243 1165 260 ιι
1187 243 1333 278 διαπρέπει
1354 243 1403 270 καὶ
1417 243 1468 278 τῆς
1493 244 1641 278 σαφηνείας
1656 244 1686 271 τὸ
1709 245 1831 280 καθαρόν
1843 254 1851 260 ⁸

1064 288 1133 323 πλὴν
1155 289 1198 315 ἐπ’
1225 288 1306 320 ἐνίοις
1326 287 1381 315 τῶν
1410 287 1577 323 ζητημάτων
1601 289 1661 315 ὲστί
1688 298 1747 321 πως
1776 290 1854 326 αὑτῷ

1063 334 1295 370 παρεσπαρμένον
1317 334 1365 361 καὶ
1390 334 1420 360 τὸ
1446 334 1608 368 ἐμφατικὸν,
1625 335 1656 361 οὐ
1681 335 1731 370 τῆς
1750 335 1854 368 λέξεως

1064 382 1104 412 εις
1123 381 1247 414 γλῶτταν
1261 380 1464 416 νεανιευούσης,
1481 379 1543 406 οὐδὲ
1556 381 1605 415 τῆς
1620 381 1758 416 συνθήκης
1773 390 1855 416 περι-

1064 426 1155 457 δολαῖς
1166 424 1420 461 ὲπηλυγαξομένης,
1437 426 1467 452 οὺ
1487 426 1540 461 μὴν
1563 426 1618 452 οὐδ’
1633 425 1700 462 ἄλλῃ
1713 426 1767 452 τινὶ
1783 426 1855 458 ξενι-

1065 471 1148 508 ζούσῃ
1163 473 1209 498 καὶ
1226 472 1456 508 ἁνακεχωρηκυίᾳ
1467 472 1484 507 ἦ
1502 471 1550 499 τοῦ
1569 472 1636 499 ἰδίου
1656 472 1757 508 τρόπου
1772 473 1788 507 ἢ
1805 473 1855 499 τοῦ

1065 518 1204 545 πολιτικοῦ
1214 518 1294 552 λόγου
1306 518 1454 554 περιεργίᾳ
1467 518 1515 545 καὶ
1525 518 1658 552 δεινότητι
1669 526 1676 532 ·
1689 518 1757 545 ἀλλὰ
1768 518 1856 545 ταῦτα

1065 564 1207 598 φυλάττων
1232 564 1270 593 ὡς
1285 563 1357 596 ἔθος,
1372 564 1402 590 τὸ
1424 564 1574 599 ὲμφατικὸν
1598 563 1693 599 ὥσπερ
1709 565 1857 599 Eva-mpel-

1066 618 1144 640 πτει,
1173 609 1311 645 μηδεμίαν
1337 610 1459 644 ὲναφιεὶς
1484 609 1699 644 ἐπιτηδεύματος
1729 609 1853 641 ἔννοιαν,

1066 655 1136 689 πλὴν
1148 655 1198 681 ὅσα
1213 663 1245 689 γε
1262 657 1294 690 τῇ
1314 655 1447 691 συντομία
1471 655 1620 690 προϐάλλει
1637 655 1715 682 αὑτό.
1731 656 1768 682 Τὸ
1789 656 1855 690 μέν-

1065 709 1107 727 τοι
1121 700 1143 717 ⁸⁷
1164 700 1300 735 εὐκρινὲς,
1315 700 1364 727 ἅτε
1381 701 1413 736 δὴ
1436 701 1609 736 κεφαλαιώδη
1632 700 1856 736 προσεελημὲνος

1065 746 1112 772 τὸν
1124 746 1212 779 λόγον,
1230 747 1325 782 καιρὸν
1338 747 1387 781 οὐχ
1399 745 1471 780 ὁρῶν
1483 745 1633 781 εὑρίσκειν,
1648 746 1703 772 οὐδ’
1717 746 1857 781 ἐχρήσατο

1066 792 1100 819 τὰ
1120 792 1216 819 πολλά.
1232 793 1328 826 Διήκει
1345 791 1367 818 δ’
1391 792 1474 818 αὐτοῦ
1495 792 1541 818 καὶ
1558 791 1588 818 τὸ
1609 791 1691 825 δριμὺ
1712 791 1783 826 μετὰ
1805 790 1856 817 τοῦ

1068 836 1182 863 πιθανοῦ
1200 837 1336 871 πολλαχοῦ
1348 836 1403 863 τῶν
1414 836 1578 871 ζητημάτων
1593 838 1653 866 ταῖς
1670 835 1775 867 λύσεσι,
1786 843 1856 861 παν-

1067 882 1149 918 ταχοῦ
1172 883 1201 909 δὲ
1215 883 1245 910 τὸ
1257 882 1417 917 ψυχωφελὲς
1433 882 1480 909 καὶ
1497 882 1643 917 σωτήριον.
1657 881 1693 907 Οὐ
1713 880 1804 916 μέντοι
1822 882 1857 916 τῇ

1068 927 1200 963 συντομία
1212 927 1282 964 μόνῃ
1297 927 1492 963 περιθραύεται
1502 927 1533 953 τὸ
1548 927 1643 962 σαφὲς,
1654 927 1731 953 οὐδὲν
1741 926 1765 953 δ’
1776 926 1859 953 ἐλατ-

1066 983 1112 1001 τον
1125 975 1173 1001 καὶ
1187 974 1226 1010 τῷ
1238 973 1262 990 ⁸⁸
1275 974 1312 1010 μὴ
1327 975 1388 1006 τοὺς
1403 975 1452 1009 τὴν
1462 974 1540 1000 λύσιν
1553 973 1745 1004 ἐπιτελοῦντας
1758 973 1859 1007 λόγους

1066 1022 1105 1052 είς
1124 1021 1154 1047 τὺ
1170 1021 1391 1056 συμπεραντικδν
1407 1020 1612 1056 ἀπαρτίζεσθαι
1630 1021 1733 1055 σχῆμα,
1750 1019 1810 1046 ἀλλ’
1828 1020 1859 1045 ἐν

1066 1066 1105 1102 τῷ
1125 1066 1312 1102 διερῥιμμὲνῳ
1334 1066 1383 1102 μὲν
1410 1066 1465 1092 τῶν
1481 1066 1639 1101 προτάσεων
1654 1065 1813 1099 άνεπιφόρῳ
1829 1065 1859 1091 δὲ

1067 1113 1114 1139 καὶ
1127 1113 1158 1138 οὺ
1180 1112 1389 1148 συνειλημμένῳ
1411 1113 1464 1140 τῶν
1488 1111 1650 1144 ἀποδείξεων
1672 1111 1721 1147 τὴν
1735 1111 1861 1138 διάνοιαν

1068 1158 1300 1194 περιπλανᾶσοαι.

1109 1290 1141 1317 Ἦ
1165 1290 1194 1316 δὲ
1221 1289 1323 1316 τούτων
1346 1290 1421 1317 αίτία
1446 1298 1487 1323 εις
1510 1291 1637 1326 ποικίλην
1668 1290 1860 1326 περισχίζεται

1070 1335 1182 1371 μέθοδον
1195 1335 1334 1371 προνοίας,
1347 1336 1381 1371 ἢν
1396 1335 1498 1371 ἀφίημί
1513 1345 1560 1362 σου
1575 1337 1605 1363 τὸ
1621 1336 1730 1362 συνετὸν
1746 1337 1861 1362 ἐπισκο-

1069 1383 1129 1407 πεῖν
1144 1381 1176 1408 ".
1201 1382 1258 1408 οὐκ
1275 1383 1302 1407 ὲν
1326 1383 1383 1413 τοῖς
1407 1382 1467 1408 δυσὶ
1492 1381 1520 1408 δὲ
1541 1381 1632 1416 λόγοις
1651 1382 1681 1408 τὸ
1707 1381 1862 1416 ὲμφατικδν

1069 1428 1218 1463 ἐπιτρέχει.
1244 1428 1349 1454 Αὐτίκα
1364 1429 1378 1455 ὁ
1393 1429 1502 1464 πρῶτος
1522 1429 1597 1455 οὐδὲν
1613 1428 1779 1454 ἐπιδείκνυσι
1803 1437 1862 1455 τοι-

1070 1474 1158 1506 οῦτον,
1171 1474 1241 1510 πλὴν
1258 1474 1331 1506 ἅπαξ
1348 1483 1399 1501 που
1418 1476 1449 1510 τῇ
1467 1475 1656 1509 ἁποσιωπήσει
1672 1474 1702 1500 τὸ
1716 1474 1861 1509 δύσφημον

1071 1520 1231 1555 οἰκονομῶν,
1258 1520 1319 1546 ἐπεὶ
1348 1520 1382 1547 τά
1401 1529 1432 1555 γε
1457 1520 1524 1547 ἄλλα
1555 1521 1639 1552 πολὺς
1670 1520 1720 1555 μέν
1743 1521 1802 1546 ἐστι
1830 1520 1863 1546 τὺ

1071 1568 1194 1602 ἀσφαλὲς
1204 1568 1238 1601 ⁸ο,
1250 1567 1306 1599 ἴσος
1317 1567 1345 1594 δὲ
1355 1567 1386 1594 τὸ
1400 1567 1530 1602 καθαρὸν,
1542 1567 1610 1594 ἀλλὰ
1622 1567 1668 1593 καὶ
1680 1566 1710 1593 τὸ
1724 1567 1861 1601 εὐκρινές.

1071 1614 1121 1641 Διὰ
1139 1614 1231 1649 μέντοι
1247 1613 1300 1640 τῶν
1315 1613 1362 1639 δύο
1375 1612 1449 1647 αὐτῷ
1466 1613 1555 1647 διήκει
1569 1612 1601 1638 τὸ
1615 1612 1800 1646 ἁπλούστερον
1813 1611 1864 1638 καὶ

1071 1659 1297 1695 καθωμιλημένον
1319 1659 1374 1685 τῶν
1394 1667 1424 1684 τε
1450 1658 1551 1691 λέξεων
1573 1658 1620 1684 καὶ
1644 1657 1693 1692 τῆς
1710 1657 1862 1692 συνθήκης.

1072 1707 1141 1741 πρὸς
1155 1707 1205 1741 τὴν
1227 1705 1282 1731 τῶν
1297 1704 1405 1731 πολλῶν
1422 1704 1506 1739 ἀκοὴν
1524 1703 1739 1738 διατυποὺμενὸν
1757 1711 1789 1728 τε
1813 1703 1864 1728 καὶ

1072 1751 1297 1786 ταπεινούμενον,
1314 1751 1361 1777 καὶ
1378 1750 1462 1786 μόνης
1474 1750 1525 1784 τῆς
1540 1750 1594 1776 τῶν
1613 1748 1756 1784 ἀκροατῶν
1773 1756 1866 1783 σωτη-

1074 1799 1136 1834 ρίας
1159 1797 1443 1833 καταστοχαζόμενον.
1465 1797 1495 1823 '0
1511 1796 1560 1831 μὲν
1587 1795 1635 1822 οὖν
1656 1794 1765 1830 πρῶτος
1787 1794 1865 1828 αὐτῷ

1072 1844 1151 1878 λόγος
1172 1843 1340 1878 διεξέρχεται
1370 1843 1410 1874 τις
1425 1843 1442 1878 ὴ
1466 1843 1540 1870 αίτία
1564 1842 1611 1868 καὶ
1637 1841 1651 1867 ὁ
1668 1841 1790 1871 κίνδυνος
1814 1841 1865 1875 τῆς

1072 1889 1207 1925 τοσαύτης
1234 1890 1288 1916 τῶν
1311 1889 1481 1924 Ἐκκλησιῶν
1507 1887 1555 1914 τοῦ
1577 1886 1645 1914 Θεοῦ
1673 1886 1721 1913 καὶ
1746 1886 1867 1912 ἑκάστου

1073 1935 1142 1970 πρὸς
1159 1935 1205 1961 τὸν
1221 1934 1318 1970 ἕτερον
1333 1934 1484 1968 διαφωνίας
1497 1942 1525 1959 τε
1542 1934 1590 1960 καὶ
1603 1932 1781 1962 διαστάσεως.
1797 1932 1868 1957 Δεύ-

1073 1990 1150 2016 τερον
1167 1982 1208 2008 ὅτι
1226 1981 1318 2016 πάσης
1335 1980 1446 2014 ἐντολῆς
1470 1978 1539 2005 Θεοῦ
1566 1979 1723 2013 παράϐασις
1741 1977 1868 2012 σφοδρῶς

1074 2027 1122 2054 καὶ
1144 2026 1268 2062 φοϐερῶς
1288 2026 1454 2052 ἑκῦικεῐται·
1480 2025 1528 2052 καὶ
1553 2025 1570 2059 ὴ
1588 2023 1726 2055 ἀπόδειξις
1749 2024 1783 2049 ἐκ
1811 2024 1868 2050 τῶν

1073 2073 1202 2108 Γραφῶν.
1217 2072 1281 2109 [496
1294 2072 1340 2108 3.]
1354 2071 1451 2108 Τρίτον
1463 2072 1527 2107 περὶ
1540 2070 1590 2105 τῆς
1605 2070 1732 2109 εὐσεὸοῦς
1745 2069 1869 2100 πίστεως

1075 2119 1164 2154 ἡμῶν,
1179 2120 1238 2154 ἤτοι
1259 2120 1308 2154 τῆς
1323 2121 1363 2151 εἰς
1380 2120 1428 2155 τὴν
1444 2119 1600 2154 ὑπεραγίαν
1614 2117 1718 2152 Τριάδα
1740 2117 1869 2152 καθαρᾶς

1074 2166 1152 2201 ἡμῶν
1171 2166 1218 2192 καὶ
1234 2165 1398 2201 είλικρινοῦς
1419 2165 1578 2200 ὁμολογίας.
1603 2164 1632 2190 '0
1655 2164 1683 2190 δὲ
1701 2163 1722 2178 ⁶¹
1739 2163 1868 2198 δεύτερος

235 2213 380 2248 quamdam
395 2214 478 2241 veluti
497 2215 707 2249 descriptionem
723 2215 779 2251 (l9)
792 2224 840 2250 per
853 2223 959 2243 summa
974 2222 1018 2242 ca-

1075 2208 1130 2238 οἶον
1149 2211 1312 2246 χαρακτῆρα
1328 2211 1490 2247 Χριστιανοῦ
1507 2209 1684 2246 κεφαλαιώδη
1699 2210 1746 2235 καὶ
1770 2208 1868 2235 σύντο-

236 2259 292 2293 pita
309 2259 482 2294 breviterque
505 2261 629 2295 proponit
644 2270 650 2288 :
668 2261 841 2296 similemque
856 2269 962 2289 rursum
976 2261 1023 2288 de-

236 2304 412 2338 scriptionem
430 2312 536 2339 eorum,
557 2306 603 2341 qui
630 2307 752 2335 docendo
767 2307 914 2341 Evangelio
927 2307 1023 2341 pracfe-

237 2350 274 2377 cti
297 2355 370 2378 sunt.
395 2351 496 2379 Deinde
510 2352 586 2387 quasi
604 2353 710 2388 regulas
734 2353 864 2388 quasdam
894 2352 1026 2380 asceticas

1078 2267 1128 2294 μον
1140 2259 1330 2294 παρατίθεται,
1342 2259 1389 2285 καὶ
1401 2258 1563 2294 χαρακτῆρα
1576 2257 1657 2284 πάλιν
1673 2255 1869 2291 παραπλήσιον

1076 2305 1130 2332 τῶν
1151 2304 1329 2340 προεστώτων
1349 2304 1396 2331 τοῦ
1419 2305 1510 2338 λόγου.
1536 2301 1603 2329 Εἶτα
1619 2300 1675 2329 οἷον
1694 2302 1776 2336 ὅρους
1793 2300 1869 2330 τινὰς

1079 2352 1256 2387 ἁσκητικοὺς,
1268 2352 1305 2384 ὡς
1318 2353 1346 2379 ὲν
1358 2353 1491 2388 ἐρωτήσει
1507 2351 1556 2378 καὶ
1566 2349 1711 2384 ἀποκρίσει
1723 2347 1869 2384 προηγμὲ-

874 2441 992 2469 νΑιιιΛε
1014 2441 1217 2469 LECTIONES.

273 2513 296 2528 ’ί
308 2511 384 2548 ἦθος]
396 2513 441 2539 τοῦ
458 2513 540 2548 ﬁlio-ac
555 2515 586 2540 Α.
624 2513 646 2528 ⁸⁷
659 2513 749 2546 μέντοι
763 2512 787 2548 AV
803 2521 811 2539 ι
829 2512 880 2548 μέν
895 2520 967 2548 τις.
1006 2512 1029 2528 ⁸⁸
1047 2513 1085 2547 τῷ
1100 2527 1134 2533 --
1147 2511 1250 2538 ὲπιτελ.
1263 2511 1293 2548 _A
1309 2521 1315 2538 ε
1328 2511 1368 2548 μὴ
1382 2509 1422 2548 τῷ
1435 2510 1497 2548 τοῦς
1513 2509 1605 2548 λῦσιν-
1618 2505 1818 2542 ἐπιζητοῦντας
1836 2514 1865 2537 ςι

237 2547 261 2563 ⁸³
278 2549 307 2574 τὸ
319 2543 430 2575 συνετόν
444 2543 490 2575 σου
507 2543 684 2584 περισκοπεῖν
700 2556 730 2579 ς.
768 2547 791 2563 ⁸⁸
801 2543 934 2583 ἀσφαλὲς]
944 2543 1044 2582 ἀφελὲς
1060 2543 1243 2582 apographum
1260 2543 1413 2581 Stephaitif
1438 2545 1460 2560 ⁶¹
1473 2545 1502 2572 δὲ
1515 2545 1578 2572 add.
1591 2543 1625 2570 A.

998 2623 1115 2652 NOTIE.

276 2685 331 2720 (l6)
360 2684 458 2711 lterum
481 2683 514 2712 de
530 2684 561 2711 B.
589 2683 682 2710 Basilii
708 2683 778 2719 ston
801 2683 929 2718 judicium
960 2683 1024 2710 tulit

239 2729 315 2755 supr.
332 2721 391 2755 rod.
407 2720 470 2746 HI.

277 2753 332 2789 (l7)
351 2754 492 2782 Tarasium
508 2753 620 2780 fratrem
641 2753 795 2787 compellat.

278 2787 334 2823 (l8)
350 2790 488 2824 Leguntur
513 2789 569 2815 huic
594 2789 766 2824 hodicaliter
779 2788 940 2815 distributa}.
957 2787 1023 2824 Nam

241 2833 330 2859 qutle
345 2825 370 2851 in
386 2823 470 2852 libros
492 2823 649 2850 dividuntur
663 2823 798 2859 Ascelica,
814 2827 841 2850 et
852 2828 954 2857 septem
968 2823 1022 2850 sal-

242 2857 297 2888 tem
325 2860 469 2888 Lemniam
497 2865 552 2886 tres
576 2859 656 2886 hasce
681 2865 689 2885 ι
709 2857 770 2885 libri
795 2863 885 2891 partes
902 2863 1021 2885 ’autccc-

1077 2684 1144 2712 dunt
1167 2684 1254 2718 prima
1274 2683 1355 2710 etiam
1380 2683 1423 2709 hic
1440 2687 1467 2709 et
1489 2681 1608 2709 secunda
1631 2686 1708 2716 parte
1724 2679 1751 2706 in
1776 2686 1858 2706 unum

1079 2720 1114 2746 ‘lii
1127 2724 1210 2753 caput
1228 2719 1264 2745 De
1275 2718 1380 2752 judicia
1397 2718 1445 2744 Dei
1467 2723 1619 2750 compacta.

1112 2750 1168 2788 (le
1186 2750 1306 2788 Utraque
1326 2754 1384 2780 hazc
1399 2753 1544 2787 descriptio
1558 2759 1628 2778 nunc
1643 2751 1797 2788 Ethicorum
1813 2750 1866 2777 (ide

1076 2789 1223 2816 Moralium
1254 2787 1362 2816 nomine
1390 2788 1468 2822 vulgo
1497 2788 1597 2819 notior.
1628 2787 1858 2820 continenturque

1076 2824 1184 2859 lingula:
1199 2824 1243 2851 80.
