1916 3092
68 158 126 189 637

613 158 882 190 BIBLIOTHECA.
903 172 939 178 -
960 161 1043 192 COD.
1062 162 1176 196 CXCII.

1643 168 1699 200 638

74 224 149 247 nuc,
164 214 314 246 ἐκτίθεται,
326 215 372 241 τὴν
394 214 509 250 ἀριθμὸν
524 218 570 247 νε’,
593 216 641 243 καὶ
655 216 736 243 πάλιν
758 224 851 242 συντο-

906 218 1099 254 interrogando
1120 228 1153 248 ac
1178 222 1367 256 respondendo
1390 223 1545 257 propositas
1565 227 1690 259 exponit,

72 261 202 303 μόπερον
212 261 322 297 ἑτέρους
334 261 414 297 ὄρους
429 264 492 295 τιγ¹.

426 349 508 384 pur.

74 393 132 421 Τοῦ
148 394 185 421 ἐν
203 393 299 432 ἁγίοις
313 394 517 432 Μαξίμου-τοῦ
533 396 862 432 ὁμολογητοῦηἊπορη-

185 429 317 462 μανικῶν
330 429 490 464 Γραφικῶν
505 429 654 465 κεφάλαια
669 431 745 466 ρξδ¹.

106 473 282 511 ’Δνεγνώσθη
297 475 344 502 τοῦ
358 476 388 502 ὲν
406 477 494 510 ἁγίοις
515 477 641 512 Μαξίμου
666 479 797 513 μοναχοῢ,
814 479 860 506 τοῦ

70 522 119 548 καὶ
133 523 315 558 ὁμολογητοῦ,
331 525 400 560 πρὸς
412 525 563 553 Θαλάσσιον
580 527 728 554 ὁσιώτατον
740 528 861 563 πρεσϐύ-

69 576 151 602 τερον
178 569 226 596 καὶ
258 570 409 605 ἡγούμενον
434 575 704 609 προσπεφωνημένον
727 575 791 611 [256
812 575 859 612 Ηι]

70 613 186 648 βιϐλίον,
202 616 232 642 ὲν
255 613 278 650 ᾦ
306 618 467 653 Γραφικῶν
482 620 692 656 Ἀπορημάτων
708 623 775 656 ρξδ¹
791 623 858 650 ἀνα-

69 660 173 694 γράφει
186 662 309 696 Λύσεις.
316 663 362 690 Ἐν
378 664 470 699 μέντοι
482 666 521 701 τῷ
534 668 670 702 προοιμίῳ
679 668 859 703 διαλαμϐάνει

70 706 136 740 περὶ
147 707 199 741 τῆς
214 709 347 741 γενέσεως
360 710 414 736 τῶν
428 712 458 738 ὲν
470 712 536 747 ἡμῖν
549 713 653 746 παθῶν,
665 714 712 741 καί
725 723 806 750 φησιν
820 716 858 747 ὡς

69 751 99 777 τὸ
113 752 201 779 κακὸν
214 754 299 789 μηδὲν
317 756 379 790 μηδ’
398 756 467 789 ὅλως
492 758 546 784 τῶν
561 759 646 786 ὅντων
668 760 800 796 ὑπάρχον,
820 761 857 797 μὴ

71 796 193 831 ποιότης,
211 799 250 833 μὴ
265 800 393 835 ποσότης,
408 802 445 837 μὴ
459 804 560 837 σχέσις,
574 804 643 831 ἀλλὰ
656 805 724 840 μηδὲ
737 807 822 838 πάθος
835 796 856 823 ⁸ί

71 846 196 878 φυσικῶς
220 855 274 874 ¹τινι
299 849 353 875 τῶν
375 850 460 877 ὄντων
479 852 706 888 ὲνθεωρούμενον,
730 855 771 890 εἴη
786 855 809 870 ⁵³
823 854 856 882 ἃν

70 892 188 927 ἔλλειψις
199 894 250 928 τῆς
264 895 331 929 πρὸς
341 896 372 922 τὸ
383 897 461 929 τέλος
472 898 613 934 ἐνεργείας
625 900 679 926 τῶν
689 900 856 936 ἐγκειμένων

69 937 101 971 τῇ
125 936 208 970 φύσει
229 938 382 974 δυνάμεων,
401 941 454 976 ﬁ“
481 943 529 969 καὶ
549 943 636 976 οὕτω,
662 945 716 971 τῶν
733 947 857 980 φυσικῶν

70 981 212 1015 δυνάμεων
223 984 283 1010 κατ’
295 985 468 1022 ὲσφαλμένην
484 988 575 1023 κρίσιν
596 990 639 1016 ἐπ’
653 990 718 1017 ἄλλο
736 993 813 1027 παρὰ
827 992 857 1018 τὸ

69 1026 144 1059 τέλος
171 1027 315 1062 ἀλόγιστος
337 1032 455 1066 κίνησις.
473 1033 568 1060 Αίτίαν
585 1035 614 1061 δέ
640 1044 712 1071 φημι
742 1026 799 1070 νῦν,
820 1035 856 1072 ἧς

69 1072 157 1098 πάντα
184 1075 308 1108 φυσικῶς
331 1076 448 1110 ἐφίεται,
472 1078 506 1114 ἢν
522 1081 536 1106 ό
553 1079 650 1115 Ἀδὰμ,
673 1082 782 1116 ἀπάτην
808 1083 854 1109 τοῦ

68 1118 188 1154 πονηροῦ
204 1121 331 1155 νοσήσας,
348 1123 479 1158 ἠγνόησε,
499 1125 568 1160 πρὸς
582 1126 646 1161 ὅλην
666 1126 695 1153 δὲ
714 1127 854 1163 κατεσύρη

67 1164 116 1198 τὴν
137 1165 267 1201 αἴσθησιν
276 1187 284 1199 ,
313 1169 557 1205 παρασυμὸληθεὶς
582 1172 639 1203 τοῖς
669 1173 788 1207 κτήνεσι,
807 1175 855 1201 καὶ

67 1211 128 1236 ὅσον
141 1211 194 1245 τῆς
210 1212 280 1246 πρὸς
293 1214 418 1248 αἴσθησιν
432 1216 591 1251 ἐπεμελεῖτο
606 1218 628 1234 ⁸⁵
641 1218 778 1252 γνώσεως,
792 1229 854 1247 τοσ-

67 1255 143 1283 οῦτον
159 1257 211 1292 τῆς
231 1258 306 1290 θείας
323 1259 465 1292 ἐξέπιπτε·
485 1262 546 1289 ὅσον
561 1263 584 1279 ⁸⁵
603 1263 625 1290 δ’
647 1265 789 1292 ἐκπίπτων
813 1267 853 1293 δι-

68 1303 157 1336 έμενε,
176 1304 303 1331 τοσοῦτον
330 1307 364 1341 τῇ
379 1307 528 1334 ἀπολαύσει
549 1309 602 1335 τῶν
616 1310 792 1344 γνωσθέντων
810 1314 854 1339 al-

67 1348 173 1384 σθητῶν
185 1350 209 1365 ⁸⁷
224 1352 394 1387 προσηλοῠτο
411 1353 459 1380 καὶ
483 1356 717 1391 συγκατεφέρετο·
738 1358 800 1384 ὅσον
823 1358 853 1385 δὲ

66 1394 171 1427 τούτοις
181 1397 312 1430 ἐνέκειτο,
325 1399 451 1426 τοσοῦτον
461 1401 511 1435 τῆς
526 1401 691 1434 ἐπιϐλασοῦς
707 1403 852 1437 φιλαυτίας

66 1440 166 1476 ἐξῆπτε
184 1442 207 1458 ⁸³
219 1443 266 1470 τὸν
281 1443 370 1479 ἔρωτα
380 1453 388 1460 ·
405 1446 467 1472 ὅσον
482 1446 504 1473 δ’
525 1447 615 1482 εἴχετο
634 1449 683 1484 τῆς
697 1450 849 1483 φιλαυτίας,

65 1486 193 1514 τοσοῦτον
206 1489 312 1516 ἐπενόει
336 1491 385 1524 τῆς
398 1492 494 1526 ἡδονῆς
511 1493 653 1525 ποικίλους
672 1495 719 1521 καὶ
736 1495 850 1527 πολλοὺς

66 1532 202 1567 τρόπους·
228 1535 387 1570 γεννήματα
422 1537 477 1571 γὰρ
502 1536 554 1572 τῆς
579 1538 722 1571 φιλαυτίας
752 1539 849 1568 ταῦτα,

67 1577 120 1603 Καὶ
134 1577 230 1612 ἐπειδὴ
249 1580 325 1606 πᾶσα
338 1580 422 1607 κακία
433 1582 489 1612 τοῖς
507 1583 670 1609 συνιστῶσιν
684 1584 769 1618 αὐτὴν
790 1593 852 1611 συν-

65 1621 261 1657 διαφθείρεται,
275 1624 411 1659 εὑρίσκων
426 1626 455 1658 ὲξ
468 1626 554 1660 αὐτῆς
576 1628 674 1662 πείρας
689 1629 737 1663 τῆς
753 1629 851 1664 ἡδονῆς

66 1666 174 1699 πάντως
186 1667 309 1704 διάδοχον
329 1670 379 1704 τὴν
394 1670 501 1706 ὀδύνην,
515 1672 565 1707 τῆς
586 1673 636 1708 μὲν
652 1673 720 1709 ὑπὲρ
735 1674 850 1709 δύναμιν

65 1713 213 1748 ἀντείχετο,
234 1715 285 1750 τῆς
312 1715 408 1751 ὀδύνης
430 1717 458 1743 δὲ
486 1718 608 1753 σφοδρῶς
635 1721 850 1755 κατηγωνίζετο,

63 1759 186 1794 οἰόμενος
204 1761 272 1796 ὅπερ
284 1759 318 1796 ἡν
329 1762 480 1797 ἀμήχανον,
498 1764 643 1799 διαστῆσαι
657 1766 758 1798 ταύτας
770 1768 852 1803 ἀλλή-

64 1804 117 1831 λων
131 1806 178 1833 καὶ
196 1807 263 1842 μόνῃ
279 1809 312 1843 τῇ
331 1808 410 1844 ἡδονῇ
427 1810 563 1846 ὲντρυφᾷν
581 1811 627 1838 καὶ
642 1812 691 1846 τὴν
706 1813 851 1846 φιλαυτίαν

63 1851 149 1887 ταύτῃ
167 1853 343 1888 συνημμένην
357 1853 440 1889 ἔχειν.
456 1855 596 1883 Ἐντεῦθεν
606 1858 620 1884 ὁ
636 1858 690 1889 πᾶς
704 1859 783 1893 ὄχλος
796 1860 850 1886 τῶν

64 1898 158 1925 παθῶν
167 1907 175 1914 ·
190 1898 287 1933 ἡδονῆς
297 1899 350 1935 γὰρ
361 1900 407 1927 διὰ
417 1900 465 1936 τὴν
477 1901 620 1936 φιλαυτίαν
630 1904 850 1940 ἀντιποιούμενοι

64 1943 110 1969 καὶ
129 1941 228 1977 ὀδύνην
243 1943 445 1978 ἀποφεύγοντες
466 1949 516 1977 τὰς
536 1947 695 1982 ἀμυθήτους
716 1949 770 1976 τῶν
785 1951 850 1984 φθο-

64 1987 180 2022 ροποιῶν
195 1988 289 2015 παθῶν
313 1990 475 2026 ἐπινοοῦμεν
489 1992 621 2025 γενέσεις.
636 1991 700 2021 Οἷον
714 1996 737 2012 ⁸³
751 1997 776 2022 εί
800 1997 851 2031 μὲν

62 2034 112 2068 τῆς
128 2035 158 2060 ὲν
185 2035 315 2071 φιλαυτία
330 2036 427 2071 ἡδονῆς
457 2038 686 2074 ἀντιποιούμεθα,
710 2043 850 2077 γεννῶμεν

62 2081 111 2114 τὴν
135 2082 371 2116 γαστριμαργίαν,
391 2083 441 2118 τὴν
462 2084 663 2120 ὑπερηφανίαν,
686 2087 735 2123 τὴν
753 2089 850 2124 φιλαρ-

62 2125 170 2160 γυρίαν,
185 2127 232 2152 καὶ
247 2127 297 2153 ὅσα
308 2128 353 2154 τὸν
365 2129 482 2164 τυχόντα
495 2131 596 2165 τρόπον
612 2132 719 2167 πορίζει
736 2134 848 2169 ἡδονήν·

62 2172 85 2198 εἰ
99 2172 129 2198 δὲ
148 2172 198 2207 τὴν
214 2174 244 2199 ὲν
259 2174 390 2210 φιλαυτία
405 2176 542 2212 φεύγομεν
553 2177 576 2193 ⁷⁰
589 2178 695 2214 ὀδύνην,
708 2181 849 2215 γεννῶμεν

916 270 1028 291 numero
1040 265 1232 300 quinquaginta
1255 267 1398 301 quinque:
1421 267 1572 303 iterumque
1584 270 1694 298 brevio—

916 315 959 336 res
974 309 1030 345 (20)
1046 311 1112 338 alias
1128 316 1263 339 trecentas
1277 313 1416 341 tredecim.

1265 359 1367 387 CXCII.

915 401 947 428 Β.
962 401 1073 429 Maximi
1090 404 1210 440 mango/ti
1223 409 1248 430 et
1260 406 1415 440 confessoris
1428 406 1608 439 Questioan
1624 417 1637 436 ε
1652 418 1698 436 ια-

1086 447 1131 465 cra
1145 437 1282 472 Scriptura
1301 437 1447 468 solutiones—
1453 450 1541 470 CLXIV.

951 481 1046 518 1541)
1062 482 1189 517 Legimus
1201 484 1231 511 Β.
1249 484 1356 512 Maximi
1367 488 1490 514 monachi
1500 487 1566 524 (τοο)
1580 489 1658 517 simui
1669 493 1697 516 et

913 527 1076 555 confessoris
1096 529 1237 558 Thalassio
1256 533 1415 568 presbytero
1429 534 1602 562 sanctissimo
1612 541 1695 571 atque

913 573 1040 608 prmlecto
1059 575 1218 609 inscriptum
1236 575 1319 608 Opus,
1344 585 1395 611 quo
1420 578 1601 610 Qumtionum
1615 589 1630 607 ε
1651 589 1696 607 sa-

912 626 958 645 cra
982 618 1119 654 Scriptura
1143 620 1285 648 solutiones
1312 621 1416 649 CLXIV
1449 625 1613 652 continentur
1627 626 1694 662 (21).

911 663 1044 690 Caeterum
1056 664 1083 691 in
1094 665 1250 699 prmfat‘ione
1265 667 1382 701 disputat
1391 669 1424 696 de
1438 673 1498 696 ortu
1514 670 1696 698 humanarum

911 710 1143 743 perturbationum
1157 720 1164 738 :
1176 713 1328 747 asseritque
1347 719 1485 748 peccatum
1501 723 1562 742 cum
1579 717 1646 744 nihil
1660 719 1696 744 sit

910 754 1022 782 omnino
1033 755 1183 784 subsistens
1194 757 1258 792 (non
1269 757 1396 795 qualitas,
1411 767 1464 786 non
1475 761 1624 795 quantitas,
1640 769 1695 789 non

910 798 1031 833 habitus,
1053 799 1105 828 noit
1132 803 1301 835 perturbatio
1326 804 1442 839 denique
1457 805 1515 839 ipsa
1534 808 1696 835 naturaliter

910 844 1005 872 saltem
1020 846 1046 873 in
1063 846 1252 875 exsistentium
1266 849 1357 884 aliquo
1372 851 1573 888 considerata);
1590 859 1693 881 tantum

874 895 895 922 Β
910 890 1052 918 insitarum
1067 893 1144 921 nobis
1161 901 1175 921 a
1192 899 1287 922 natura
1305 895 1464 924 facultatum
1484 906 1544 927 esse
1561 900 1693 927 defectio-

907 943 969 971 nem
989 945 1045 965 suae
1066 938 1181 967 actionis
1195 948 1209 966 a
1224 940 1288 973 ﬁne,
1309 946 1339 968 ut
1364 943 1400 970 sit
1414 943 1464 970 ltoc
1488 946 1566 972 modo
1583 951 1694 973 natura-

907 981 973 1009 lium
995 982 1153 1012 facultatum
1178 993 1211 1013 εκ
1233 988 1457 1022 errantejudicio
1473 990 1692 1020 inconsideratus

906 1028 1015 1062 quidam
1032 1035 1130 1062 motus,
1151 1031 1184 1058 ad
1205 1031 1278 1059 aliud
1294 1041 1374 1067 quant
1395 1035 1428 1060 ad
1440 1043 1518 1061 suum
1533 1037 1613 1063 linem
1630 1042 1691 1064 ten-

906 1074 984 1102 dens.
1000 1075 1096 1103 Finem
1124 1083 1189 1104 vero
1203 1077 1279 1104 illum
1295 1079 1375 1106 modo
1391 1080 1463 1112 dico,
1481 1088 1561 1114 quem
1578 1086 1690 1110 natura-

905 1120 967 1148 liter
986 1122 1094 1156 quidem
1110 1124 1200 1150 omnia
1220 1129 1361 1159 appetuttt,
1378 1127 1426 1154 sed
1444 1135 1525 1161 quem
1538 1128 1594 1162 jam
1612 1129 1691 1157 dece-

904 1172 968 1202 ptus
989 1175 1004 1194 a
1029 1174 1154 1203 serpente
1183 1170 1303 1198 Adamus
1329 1180 1382 1199 non
1403 1174 1525 1208 agnovit,
1545 1179 1635 1202 totum
1662 1176 1689 1203 in

904 1221 1012 1242 sensmn
1038 1222 1150 1249 pronus,
1172 1216 1356 1252 jumentisque
1379 1219 1476 1247 similis
1505 1221 1603 1249 factus.
1634 1222 1690 1250 Imo

903 1265 1032 1294 quantunt
1058 1261 1140 1288 studii
1166 1263 1285 1296 ponebat
1310 1264 1336 1291 in
1363 1266 1529 1300 cognitione,
1561 1275 1621 1301 qua:
1641 1276 1690 1303 per

903 1313 1014 1333 sensum
1033 1307 1185 1341 adducitur,
1203 1312 1306 1336 tantum
1331 1317 1348 1337 a
1370 1311 1459 1338 divina
1478 1314 1633 1348 cognitione
1651 1323 1691 1342 re-

903 1352 1027 1379 cedebat.
1053 1352 1169 1380 Rursum
1191 1360 1322 1389 quantum
1347 1356 1373 1383 in
1390 1357 1443 1384 hac
1459 1359 1613 1386 reccssione
1629 1367 1690 1393 per-

903 1398 1057 1429 severabat,
1082 1403 1186 1426 tantum
1206 1400 1288 1427 etiam
1307 1409 1398 1429 rerum
1423 1404 1593 1438 cognitarum
1619 1404 1688 1432 frui-

903 1444 970 1471 tioni
985 1445 1064 1479 quasi
1090 1446 1271 1479 assidebatur,
1301 1456 1409 1484 unaque
1424 1458 1484 1477 cum
1514 1451 1547 1478 iis
1569 1459 1690 1486 praeceps

903 1490 1050 1518 ferebatur.
1080 1490 1214 1524 Quantum
1241 1492 1305 1520 item
1329 1494 1370 1521 his
1399 1495 1556 1529 inhaarebat,
1585 1502 1688 1524 tantum

902 1542 1012 1570 quoque
1039 1536 1064 1563 itt
1088 1543 1121 1564 eo
1144 1538 1240 1565 noxius
1258 1539 1303 1566 ille
1322 1547 1399 1567 amor
1416 1541 1456 1567 sui
1479 1542 1689 1570 accendebatur.

903 1581 988 1614 Quam
1003 1582 1120 1617 denique
1145 1582 1259 1610 ﬁrmiter
1285 1586 1371 1612 amori
1396 1586 1550 1614 adhaerebat
1566 1590 1618 1620 sui,
1632 1593 1688 1616 tam

900 1627 984 1653 etiam
1008 1628 1132 1655 studiose
1156 1628 1257 1656 multas
1280 1629 1424 1664 variasque
1439 1631 1588 1665 voluptalis
1602 1634 1688 1660 ratio-

900 1681 949 1701 nes
963 1673 1229 1702 comminiscebatur.
1246 1674 1309 1702 Ilaac
1323 1676 1395 1702 enim
1414 1677 1514 1704 amoris
1525 1679 1566 1704 sui
1581 1679 1689 1706 soboles

899 1723 951 1746 est.
970 1718 1105 1752 Quoniam
1122 1726 1187 1746 vero
1208 1719 1309 1747 malitia
1328 1721 1418 1748 omnis
1439 1729 1499 1748 cum
1527 1722 1560 1749 iis
1576 1731 1628 1750 una
1646 1732 1690 1750 re-

899 1763 950 1790 bus
970 1765 1079 1798 tinterit,
1103 1772 1164 1799 quae
1183 1765 1255 1791 illam
1275 1771 1413 1798 crearattt,
1442 1766 1553 1801 ipseque
1577 1769 1688 1801 experi-

899 1814 991 1838 mento
1008 1810 1128 1837 discebat
1141 1811 1286 1846 voluptatis
1295 1812 1406 1839 omnino
1419 1813 1550 1840 comitem
1564 1821 1624 1841 esse
1640 1814 1689 1841 do-

899 1854 998 1887 lorem,
1016 1854 1089 1882 illam
1106 1856 1147 1882 vel
1166 1863 1245 1889 supra
1269 1856 1344 1883 vires
1359 1857 1476 1885 retinere
1492 1863 1615 1890 conatus,
1627 1867 1688 1886 cum

900 1900 993 1928 dolore
1032 1901 1133 1928 acriter
1168 1902 1315 1935 pugnabat,
1350 1903 1408 1930 ﬁeri
1436 1911 1516 1938 posse
1543 1904 1690 1933 arbitratus

900 1946 983 1981 (quod
997 1946 1071 1973 nullo
1088 1946 1168 1973 modo
1191 1947 1308 1982 poterat)
1327 1952 1355 1974 ut
1373 1949 1407 1975 ab
1424 1949 1540 1976 invicem
1561 1949 1635 1977 hisce
1650 1950 1690 1977 di-

899 1991 996 2023 vulsis,
1009 1995 1038 2018 et
1052 1991 1110 2018 sola
1130 1991 1267 2025 voluptate
1289 1991 1486 2026 perfrueretur,
1503 1999 1531 2020 et
1551 1994 1592 2020 sui
1611 2002 1690 2021 amo-

901 2046 957 2065 rem
973 2038 1035 2065 ltuic
1050 2037 1181 2072 voluptati
1207 2038 1366 2072 permistnm
1391 2040 1533 2067 retineret.
1553 2040 1621 2068 Hinc
1636 2040 1690 2077 [er-

900 2092 933 2119 go
948 2084 999 2120 ait]
1011 2085 1100 2112 omnis
1116 2084 1352 2119 perturbationum
1375 2085 1527 2113 multitudo.
1551 2085 1618 2113 Nam
1641 2094 1690 2114 vo-

900 2131 1029 2166 luptatem
1041 2138 1097 2165 pra:
1119 2137 1212 2158 amore
1226 2131 1312 2158 nostri
1327 2135 1529 2163 consectantes,
1548 2132 1687 2159 dolorem-

899 2184 954 2212 que
980 2176 1127 2212 fugientes,
1153 2175 1356 2211 inexplicabiles
1385 2176 1445 2203 illos
1474 2177 1689 2211 perniciosarum

59 2218 104 2244 τὸν
129 2218 229 2252 θυμὸν,
250 2220 295 2245 τὸν
319 2220 426 2255 φθόνον,
440 2221 471 2248 τὸ
493 2223 581 2257 μῖσος,
609 2224 658 2260 τὴν
680 2226 845 2260 ἀπόγνωσιν,

905 2223 1056 2258 passionum
1082 2226 1158 2249 ortus
1185 2226 1276 2248 mente
1303 2222 1482 2256 concipimus.
1505 2222 1537 2249 Et
1553 2227 1689 2256 quatenus

61 2264 109 2290 καὶ
134 2265 187 2291 ὅσα
205 2265 272 2291 ἄλλα
301 2266 350 2300 τῆς
370 2267 518 2304 ἡδυνούσης
538 2269 572 2285 ⁷⁰⁶
589 2270 734 2307 ἐστέρηται
758 2273 847 2300 διαθέ-

905 2269 1008 2304 quidem
1024 2268 1051 2295 itt
1067 2275 1160 2295 amore
1175 2267 1285 2302 proprio
1306 2267 1468 2301 voluptatem
1487 2273 1687 2300 consectamur,

61 2318 139 2341 σεως.
163 2310 210 2336 Ἐκ
222 2310 251 2336 δὲ
269 2310 320 2345 τῆς
337 2312 439 2346 ἀμφοῖν
467 2313 568 2347 μίξεως
592 2315 712 2343 τίκτεται
739 2319 755 2353 ἡ
783 2319 847 2346 ὑπό-

905 2323 933 2342 ξι
955 2322 988 2342 eo
1012 2314 1100 2349 gulam
1125 2313 1271 2348 gignimus,
1299 2313 1465 2346 superbiam,
1492 2313 1636 2340 avaritiam
1661 2318 1689 2341 et

60 2363 161 2388 κρισις,
177 2356 194 2390 ἡ
219 2355 360 2388 κολακεία,
377 2358 390 2383 ό
409 2357 495 2391 δόλος,
519 2360 566 2386 καὶ
586 2361 681 2393 ἁπλῶς
702 2363 752 2390 ὅσα
779 2364 847 2391 ἄλλα

905 2369 1068 2398 ιυεεευηιιυο
1093 2369 1142 2395 pro
1163 2367 1194 2387 re
1220 2365 1283 2387 nata
1303 2359 1468 2393 voluptatem
1492 2359 1621 2394 pariunt:
1644 2360 1688 2388 sin

62 2401 213 2436 μοχθηρίας
228 2401 285 2436 εἴδη
301 2403 350 2437 τῆς
367 2405 466 2438 μικτῆς
481 2405 538 2432 ὲστι
552 2408 722 2442 πανουργίας
737 2410 846 2445 ἐπινοή-

905 2418 931 2438 :x
955 2416 1048 2436 amore
1071 2407 1183 2441 proprio
1206 2407 1328 2433 dolorem
1355 2405 1484 2440 fugitans,
1514 2406 1582 2433 iram
1612 2413 1686 2438 mox,

62 2455 131 2481 ματα
143 2448 166 2463 ¹¹
183 2446 247 2482 [497
259 2447 317 2484 Β.].
345 2449 414 2476 Ἀλλ’
433 2450 447 2476 ὃ
463 2452 510 2477 καὶ
522 2453 691 2489 προέφημεν,
705 2456 755 2490 τῆς
769 2457 845 2491 θείας

909 2455 1038 2486 nvidiam,
1055 2453 1158 2486 odium,
1181 2452 1394 2487 desperationem
1420 2451 1551 2485 parimus,
1572 2456 1600 2479 et
1620 2452 1689 2479 alias

712 2513 829 2543 VARI/ﬁ
850 2515 1053 2545 LECTIONES.

92 2552 114 2565 "
127 2551 195 2585 μηδὲ
206 2551 237 2577 τδ
248 2552 332 2583 πάθης
359 2562 389 2585 ς.
427 2554 449 2570 ⁸³
471 2556 512 2590 εἴη
531 2557 551 2582 Α
568 2565 575 2583 :
599 2559 646 2584 καὶ
660 2559 702 2594 εἴη
724 2569 754 2592 ς,
792 2562 814 2578 οδ
830 2563 845 2598 ἦ
874 2564 936 2592 ειιιι,
951 2565 983 2589 Α,
1031 2561 1053 2577 ⁸³
1073 2558 1230 2586 ὲπετελεῖτο
1242 2566 1272 2589 ς.
1310 2556 1333 2572 ⁸⁸
1343 2556 1406 2582 ὅσον
1420 2556 1442 2582 δ’
1459 2556 1481 2582 Α
1493 2555 1564 2598 ε-καὶ
1576 2555 1639 2597 ᾆσον
1652 2565 1683 2588 ς.

97 2587 235 2607 ηὲντῆτπτιῗιυ
248 2593 270 2607 nt
286 2587 321 2607 ιλιι
349 2590 396 2607 τῇ,
425 2590 474 2607 ιι,Ι.ι
503 2592 516 2607 Δ
570 2592 717 2607 σδ;ε;---.
738 2604 754 2607 _
806 2597 828 2607 ιιι
860 2595 873 2605 ’ν
919 2599 927 2607 .
995 2597 1016 2607 ηε
1037 2593 1090 2607 ντη.
1103 2603 1121 2607 -
1169 2594 1195 2607 -ιο
1210 2592 1355 2607 ..-Λυμηευ
1375 2592 1388 2607 Α
1442 2591 1477 2607 τι·
1493 2592 1638 2607 κληηηηκη-
1654 2599 1673 2607 .-

61 2586 80 2628 3
96 2587 235 2628 αἰσθητῷν
248 2593 274 2613 et
286 2587 331 2613 ευ.
349 2590 397 2623 τῆς
424 2590 485 2617 add.
498 2586 531 2617 Ᾱ.
570 2592 593 2608 ιδ
603 2586 719 2628 ἐξῆπται
728 2586 765 2628 ξ.
806 2586 936 2625 ιο’¹οῖ‹ῖᾲ’Χ
948 2586 1020 2625 {Qui
1034 2593 1090 2623 οἷον
1100 2603 1132 2627 ς.
1169 2594 1196 2610 τσλ
1209 2586 1355 2627 φεῦγωμεν
1370 2592 1403 2619 Α·
1442 2591 1477 2607 ⁷⁵·
1492 2591 1638 2626 ὀδυνούσης
1654 2586 1686 2623 ἐ.

61 2620 79 2636 ’¹
94 2622 207 2656 ἐπινοσὴ
211 2630 284 2655 ματα
296 2631 326 2655 ς.

809 2678 925 2707 ΝΟΤΕΞ.

93 2715 148 2750 (το)
168 2715 215 2742 llis
241 2717 322 2755 etiam
339 2718 499 2755 fsmetpt'atg,
512 2720 568 2746 sive
585 2722 839 2755 transgredientium

58 2757 152 2810 Emllas
179 2759 229 2785 pro
251 2752 399 2785 virginibus
423 2754 451 2781 in
473 2754 548 2781 libris
579 2752 838 2791 editis-sultjuuctas

75 2793 124 2810 '20.

75 2793 124 2816 τεο.

931 2722 1146 2759 (21ὶ1ττρρδίεεε
1163 2723 1206 2749 hic
1225 2721 1344 2749 notulam
1362 2729 1384 2755 ρ
1409 2724 1515 2759 constat
1538 2727 1608 2759 cun:
1618 2727 1687 2746 non-

896 2753 947 2786 nisi
976 2758 1009 2784 ﬁt
1033 2753 1200 2795 (lim-stiones
1236 2762 1297 2795 post
1324 2753 1463 2795 enunieret
1483 2753 1684 2795 Pltntt'liarstat

896 2795 968 2830 Opus
987 2788 1202 2830 hocﬁcumaliis
1220 2788 1340 2830 pluribus
1352 2792 1471 2830 ejusdem
1493 2790 1577 2830 sancti
1599 2788 1686 2830 hiati-

93 2820 159 2856 (20')
177 2821 248 2862 Lege
271 2821 368 2862 rei?!)
391 2830 423 2851 eo
447 2830 537 2860 gestas
550 2826 606 2854 sive
628 2826 742 2861 scriptas
756 2829 849 2862 apudsi
902 2820 937 2854 mi
953 2835 1013 2854 cum
1031 2828 1056 2853 in
1080 2820 1231 2861 Vaticana,
1249 2833 1305 2855 tum
1327 2827 1354 2854 in
1366 2820 1485 2861 'August.
1502 2824 1547 2852 illa
1570 2823 1686 2852 nobilis-

61 2854 154 2883 BarouL
170 2854 246 2884 cari.
265 2863 284 2884 ι.
301 2857 368 2885 ἮΙΙ.
447 2854 463 2860 “’
683 2854 691 2861 ’
773 2854 781 2862 ’
812 2854 849 2856 νὴ
899 2863 967 2891 sima
981 2862 1104 2891 biblioth.
