1916 3092
228 138 282 170 639

796 138 930 170 ΡΗΟΊῚΙ
942 137 1199 173 PATRIARCH/E
1212 138 1268 169 ΟΡ.

1800 135 1856 169 640

227 192 255 218 iu
267 199 363 226 genus,
382 199 443 227 quae
455 197 550 221 carent
559 191 701 223 affectione
715 193 836 221 dolorem
853 194 1016 222 concitante.

1073 193 1087 219 ὁ
1111 193 1255 228 ἄνθρωπος
1279 193 1323 220 διὰ
1339 193 1389 227 τῆς
1407 192 1517 228 ἀπάτης
1543 190 1707 219 καταπεσὼν
1726 189 1855 225 γνώσεως

229 235 270 263 Ex
295 238 433 272 utriusque
458 245 539 272 porro
562 239 690 265 mis-tione
723 239 845 267 nascitur
870 237 1016 271 simulatio,

230 283 392 315 assentatio,
418 283 506 316 dolus,
532 288 559 311 et
574 284 596 313 si
628 291 688 319 qua:
709 283 821 312 omnino
841 283 893 311 alia
917 284 1018 319 impro-

229 327 322 356 bitatis
352 336 460 363 genera,
491 329 577 357 mistae
606 335 670 357 sunt
684 330 811 358 versutia;
833 329 1017 365 aegritudines.

231 374 329 410 155a
344 375 378 401 At
399 379 541 410 postquam
564 376 605 411 (ut
632 375 687 410 jam
710 376 790 410 paqu
806 381 870 404 ante
884 375 1017 410 diximus)

230 427 280 454 per
293 420 478 454 deceptionetn
497 421 578 449 homo
595 429 609 448 a
626 421 716 449 divina
732 422 834 449 excidit
849 421 1018 457 cognitione,

229 470 257 492 et
281 465 314 493 ad
339 473 450 494 sensum
474 474 536 495 sese
561 467 669 502 penitus
688 468 834 499 convertit,
851 473 1018 501 creaturam,

230 519 291 546 qua:
310 511 361 539 sub
377 517 517 547 aspectum
543 513 626 546 cadit,
652 521 701 548 pro
714 514 767 541 Deo
790 515 874 549 coepit
889 522 1019 549 perverse

229 566 389 593 agnoscere,
414 559 449 586 ob
465 559 611 587 utilitatem
633 560 751 592 scilicet,
764 567 846 595 quam
859 568 894 588 ex
908 568 940 587 ea
958 567 1020 587 cort-

231 611 282 638 pus
304 604 482 638 percipiebat,
509 609 642 633 creatura:
667 607 757 641 potius
787 613 868 640 quam
894 605 1018 633 Creatori

230 648 354 677 serviens
367 655 392 676 ει.
417 649 477 682 Quo
491 650 600 685 quidem
625 658 739 685 corpore
754 651 937 686 perniciosum
955 651 1019 678 illud

231 694 387 729 prastundo
409 696 581 730 obsequium,
606 696 772 730 voluptatem
795 697 904 725 assidue
920 697 1021 725 sentie-

230 740 289 771 bat,
307 741 550 777 vehementemque
572 742 706 780 dolorem,
723 743 811 778 reipsa
829 751 938 778 semper
959 744 1020 771 lno-

230 786 375 815 bedientia:
400 787 464 815 illud
481 788 581 823 lignum
603 788 669 816 boui
688 794 717 817 et
735 790 798 817 mali
815 791 973 824 comedens,
992 796 1019 819 et

229 832 385 861 sensibilem
409 833 460 861 sibi
486 835 668 869 cognitionem
691 835 818 863 ll‘erens.
847 836 938 870 Quare
961 837 1019 864 lor-

231 882 315 910 tasse.
331 879 376 912 qui
393 879 494 914 lignum
517 880 581 908 boni
607 886 635 908 et
650 881 714 908 ntali
734 881 846 914 dixerit,
863 888 1018 911 creaturam

229 931 292 952 esse
306 925 451 959 visibilem,
472 934 488 954 ει
502 934 567 955 vero
588 936 642 955 non
664 929 813 957 aberrabit.
829 929 932 958 Natura
948 933 1021 959 enim

230 970 288 1004 ipsa
312 971 349 999 ita
366 977 551 1007 comparatum
571 980 624 1005 est.
651 979 681 1002 ιιι
703 983 768 1004 usus
792 976 853 1011 ejus
876 978 1023 1013 voluptatis

230 1016 386 1052 dolorisque
401 1018 534 1047 alliciemli
549 1020 604 1047 vim
616 1021 724 1049 habeat.
741 1021 791 1050 Vel
808 1031 915 1051 rursum
931 1024 1019 1058 :Quia

228 1067 258 1089 et
270 1063 427 1097 spirituales
443 1065 525 1093 habet
543 1067 664 1095 rationes
690 1069 865 1103 sspectabilis
881 1075 1018 1103 creatura,

228 1116 290 1143 quae
311 1115 429 1138 mentem
450 1112 575 1140 nutriunt
591 1122 599 1140 :
624 1119 651 1141 et
667 1115 764 1142 iterum
782 1116 839 1152 (ἒξ)
854 1118 909 1144 vim
923 1125 1021 1152 quam-

229 1153 292 1181 dam
312 1156 480 1188 naturalem,
500 1164 560 1191 quae
575 1165 685 1186 sensum
700 1161 810 1194 quidem
828 1161 957 1196 delectat,
972 1164 1020 1191 sed

229 1205 349 1227 tuentem
375 1203 515 1236 pervertit,
533 1210 676 1238 propterea
692 1205 795 1241 lignum
817 1208 939 1237 scientiae
954 1209 1017 1237 bottl

229 1248 257 1271 et
278 1245 341 1273 mali
357 1246 415 1273 lucc
430 1251 472 1274 est
487 1249 631 1283 appellata.
654 1250 814 1280 Passionum
832 1255 905 1281 enim
931 1255 1019 1290 magi~

229 1294 286 1317 stra
306 1291 336 1318 lit
353 1291 386 1320 iis
398 1293 445 1327 qui
458 1294 518 1328 ejus
538 1300 642 1329 partem
661 1297 780 1332 aliquam
795 1305 928 1334 corporeo
942 1302 1022 1329 modo

231 1335 377 1370 at-ciplunt.
393 1338 462 1367 Hinc
475 1339 546 1368 forte
560 1345 589 1369 et
604 1342 706 1370 homini
724 1343 806 1377 Deus,
826 1352 861 1373 ne
876 1345 957 1381 hujus
972 1347 1020 1375 lie-

231 1385 275 1408 ret
294 1383 431 1417 particeps
450 1391 530 1414 antea
549 1387 710 1417 interdixit:
728 1394 758 1417 ut
779 1390 856 1425 prius
874 1391 957 1428 (quod
973 1401 1021 1428 par

231 1427 302 1462 erat)
326 1436 374 1463 per
391 1432 486 1466 gratia:
507 1433 744 1469 participationem
768 1427 884 1472 proprior
902 1438 960 1473 ipse
973 1427 1022 1467 co-

1070 237 1118 264 καὶ
1148 238 1217 272 πρὸς
1240 237 1290 272 τὴν
1313 237 1440 273 αἴσθησιν
1463 238 1525 270 ὅλος
1550 238 1574 253 “
1599 237 1779 273 ἐπιστραφεὶς
1804 238 1856 273 τὴν

1069 282 1237 317 φαινομένην
1253 283 1341 309 κτίσιν
1368 284 1408 314 είς
1429 283 1496 310 Θεὸν
1522 283 1727 319 παρεγνὼρισε,
1742 282 1787 309 διὰ
1804 283 1856 318 τὴν

1069 329 1117 354 ἀπ’
1132 328 1218 363 αὐτῆς
1235 329 1282 354 τοῦ
1309 328 1434 364 σώματος
1452 329 1547 364 χρείαν
1561 330 1594 365 τῇ
1610 329 1698 355 κτίσει
1718 328 1859 363 λατρεύων

1069 375 1146 410 παρὰ
1169 375 1214 402 τὸν
1230 375 1377 406 Κτίσαντα.
1408 375 1468 402 καθ’
1483 375 1498 402 ὃ
1523 375 1603 411 σῶμα
1625 376 1674 410 τὴν
1695 375 1860 410 φθοροποιὸν

1069 421 1202 448 ἐπιτελῶν
1216 421 1343 457 λατρείαν
1357 421 1453 457 ἡδονὴν
1466 419 1539 456 εἶχεν
1553 422 1596 448 ἀεὶ
1609 421 1655 448 καὶ
1669 421 1766 457 ὀδύνην
1781 422 1859 456 ὲνερ⁸

1069 467 1216 502 γουμένην,
1240 466 1338 493 ἐσθίων
1367 467 1410 494 ἀεὶ
1429 467 1460 494 τὸ
1482 467 1506 483 ⁷³
1529 467 1606 499 ξύλον
1630 468 1682 501 τῆς
1713 467 1860 502 παρακοῆς

1069 512 1116 539 τοῦ
1129 512 1151 528 ⁷⁸
1163 512 1247 539 καλοῦ
1262 513 1308 540 καὶ
1326 513 1413 539 κακοῦ
1429 513 1473 539 διὰ
1487 513 1537 547 τῆς
1549 513 1648 548 πείρας
1661 514 1684 529 ⁷⁵
1700 513 1797 548 αὐτῆς,
1811 514 1860 539 καὶ

1069 558 1141 586 κατὰ
1156 559 1205 593 τὴν
1220 558 1346 593 αἴσθησιν
1358 559 1487 594 παρέχων
1495 559 1544 594 τὴν
1558 559 1580 574 ⁷⁸
1593 559 1706 592 γνῶσιν.
1722 560 1777 586 Καὶ
1788 559 1861 593 τάχα

1070 604 1149 637 ξύλον
1161 601 1232 631 εἷναι
1247 604 1330 631 καλοῦ
1343 606 1390 632 καὶ
1403 605 1523 640 πονηροῦ
1535 605 1585 640 τὴν
1598 605 1765 640 φαινομένην
1773 605 1861 631 εἰπὼν

1069 650 1159 678 κτίσιν
1173 659 1215 682 τις
1231 651 1282 677 οὐκ
1295 650 1327 677 ἂν
1340 651 1457 687 ἁμάρτοι
1470 651 1519 686 τῆς
1534 650 1663 685 ἀληθείας
1672 660 1678 667 ·
1692 650 1789 686 ἡδονῆς
1804 652 1862 687 γὰρ

1070 697 1120 726 καὶ
1141 697 1229 733 λύπης
1245 697 1392 733 ποιητικὴν
1415 697 1472 733 ἔχει
1487 697 1610 732 φυσικῶς
1625 698 1674 732 τὴν
1694 697 1860 733 μετάληψιν.

1072 744 1108 771 Ἦ
1118 744 1208 777 πάλιν,
1226 743 1320 778 ἐπειδὴ
1339 744 1387 770 καὶ
1411 743 1506 777 λόγους
1532 743 1589 778 ἔχει
1617 743 1822 778 πνευματικοὺς
1843 744 1861 778 ή

1070 790 1196 826 ὁρωμένη
1216 789 1305 820 κτίσις
1319 788 1380 816 νοῠν
1395 788 1458 824 [257
1471 788 1518 824 IL]
1532 788 1692 823 τρέφοντας,
1710 787 1759 815 καὶ
1779 787 1862 815 δύνα-

1074 844 1119 871 μιν
1132 835 1214 863 πάλιν
1232 836 1351 871 φυσικὴν
1371 834 1419 871 τὴν
1438 835 1489 870 μὲν
1504 835 1629 870 αἴσθησιν
1645 835 1801 870 τέρπουσαν
1813 835 1862 861 τὸν

1070 883 1100 910 δὲ
1125 883 1188 910 νοῦν
1214 883 1443 919 διαστρέφουσαν,
1469 882 1516 910 διὰ
1541 883 1622 909 τοῦτο
1644 881 1722 915 ξύλον
1738 882 1863 917 γνωστὸν

1072 931 1156 959 καλοῦ
1183 940 1214 958 τε
1233 932 1280 958 καὶ
1313 931 1399 958 κακοῦ
1430 930 1658 967 προσηγορεύθη·
1688 929 1785 957 παθῶν
1805 929 1863 965 γὰρ

1072 978 1177 1012 γίνεται
1190 976 1350 1009 διδάσκαλος
1362 977 1420 1009 τοῖς
1438 976 1602 1012 σωματικῶς
1615 976 1701 1011 αὐτῆς
1720 974 1864 1011 μεταλαμ-

1074 1025 1196 1052 ϐάνουσι.
1213 1024 1259 1051 Διὸ
1271 1023 1352 1058 τυχὸν
1365 1023 1413 1050 καὶ
1431 1022 1471 1058 τῷ
1489 1022 1627 1058 ἀνθρώπῳ
1639 1021 1689 1058 τὴν
1710 1021 1865 1056 μετάληψιν

1073 1070 1159 1105 αὐτῆς
1171 1071 1185 1097 ὁ
1197 1070 1264 1102 Θεὸς
1274 1070 1450 1106 ἀπηγόρευσε
1460 1069 1538 1101 τέως,
1549 1069 1594 1097 ἵνα
1611 1068 1755 1103 πρότερον,
1766 1067 1865 1102 ὥσπερ

1073 1115 1107 1153 ἦν
1123 1116 1238 1148 δίκαιον,
1258 1115 1302 1143 διὰ
1325 1117 1375 1150 τῆς
1397 1116 1426 1142 ἐν
1445 1115 1537 1150 χάριτι
1565 1114 1680 1149 μετοχῆς
1696 1113 1746 1148 τὴν
1757 1113 1865 1142 οἰκείαν

1072 1163 1201 1197 ἐπιγνοὺς
1212 1162 1302 1189 αἰτίαν
1319 1161 1366 1188 καὶ
1382 1161 1432 1196 τὴν
1456 1161 1548 1195 χάριτι
1561 1159 1684 1187 δοθεῖσαν
1698 1159 1861 1192 ἀθανασίαν,

1071 1209 1117 1236 διὰ
1141 1210 1192 1243 τῆς
1208 1207 1338 1242 τοιαύτης
1365 1206 1543 1242 μεταλήψεως
1562 1205 1631 1241 πρὸς
1653 1205 1790 1232 ἀπάθειαν
1814 1206 1864 1232 καὶ

1073 1254 1207 1290 ἁτρεψίαν
1227 1253 1382 1289 στομώσας,
1398 1253 1437 1285 ὡς
1456 1252 1523 1284 Θεὸς
1543 1252 1594 1287 ἤδη
1613 1253 1646 1287 τῇ
1671 1250 1768 1278 θεώσει
1782 1250 1864 1285 γενόο

1074 1309 1155 1336 μενος
1170 1300 1239 1335 μετὰ
1250 1298 1318 1326 Θεοῦ
1332 1299 1366 1326 τὰ
1377 1298 1425 1325 τοῦ
1437 1297 1506 1325 Θεοῦ
1517 1297 1699 1332 διασκέψηται
1711 1297 1861 1331 κτίσμα-τα,

1074 1346 1159 1382 μηδὲν
1173 1347 1220 1373 ὑπ’
1243 1345 1335 1373 αὐτῶν
1355 1344 1621 1380 παραὸλαπτόμενος
1635 1343 1684 1370 καὶ
1697 1342 1748 1378 τὴν
1770 1342 1864 1369 αὐτῶν

1072 1393 1247 1430 άναλήψηται
1261 1392 1363 1428 γνῶσιν
1385 1392 1423 1423 ὡς
1436 1391 1527 1427 χάριτι
1542 1390 1609 1422 Θεὸς
1620 1389 1669 1416 καὶ
1688 1390 1739 1416 οὐκ
1755 1388 1865 1424 ἄνθρω-

1073 1449 1136 1473 stoc.

232 1474 308 1507 ιιιιὶιο
321 1481 433 1504 auctore
445 1485 499 1505 una
516 1486 577 1506 cum
610 1481 697 1515 gratis
726 1481 862 1517 impertita
882 1485 1098 1521 immortalitate,
1123 1495 1171 1523 per
1197 1489 1266 1514 hanc
1295 1482 1531 1520 participationem
1562 1484 1596 1510 ad
1629 1482 1805 1509 indolentiam
1837 1485 1866 1510 et

233 1518 482 1551 imtuutabilitatem
509 1525 642 1558 lirmatus,
665 1535 698 1555 ac
711 1528 785 1556 velut
801 1530 871 1558 Deus
884 1530 942 1566 jam
960 1540 1008 1568 per
1037 1518 1234 1562 deiticationem
1251 1518 1349 1562 racius.
1376 1538 1437 1558 cum
1466 1529 1521 1556 Deo
1554 1529 1782 1564 contemplaretur
1815 1528 1864 1556 Dei

233 1570 387 1598 creaturas.
403 1569 532 1604 nulloque
562 1571 644 1599 abiis
666 1579 778 1608 accepto
792 1575 955 1605 detrimento
984 1586 1078 1607 earum
1093 1579 1276 1614 cognitionem
1308 1582 1534 1614 consequeretur;
1571 1576 1647 1611 quasi
1677 1575 1748 1603 Deus
1778 1575 1866 1602 nimi-

233 1617 294 1638 rum
314 1611 414 1647 aliquis
433 1621 483 1649 per
501 1616 630 1651 gratiam,
649 1625 701 1645 non
723 1619 806 1647 homo
826 1620 951 1650 all'ectus.

271 1657 334 1686 Haec
348 1665 376 1687 et
393 1660 606 1690 aliaconsimilia
628 1664 654 1690 in
672 1666 806 1699 prooemio
818 1666 1019 1702 philosophatus

1112 1667 1206 1695 Ταῦτα
1216 1667 1264 1694 καὶ
1274 1666 1387 1694 τοιαῦτα
1401 1666 1425 1682 ⁷⁷
1443 1667 1473 1693 ὲν
1487 1666 1645 1701 προοιμίοις
1664 1665 1866 1700 φιλοσοφήσας,

235 1708 319 1736 atque
344 1705 482 1739 pollicitus
498 1707 585 1742 (quasi
607 1713 683 1736 esset
697 1709 762 1738 alibi
778 1711 928 1745 perfectius
941 1721 1024 1742 accu-

234 1749 377 1784 ratiusque
401 1751 435 1780 de
457 1752 490 1779 iis
513 1758 638 1786 acturus,
660 1762 693 1782 ac
716 1757 856 1790 proprium
874 1758 899 1785 ei
916 1760 1025 1795 negotio

236 1799 383 1823 tractatum
407 1797 618 1834 destinaturus).
643 1801 877 1837 luterrogationes
897 1804 1026 1840 deinceps

234 1840 491 1879 Iiesponsiouesque
510 1846 666 1880 aggreditur
685 1855 693 1874 :
709 1854 824 1882 quarum
839 1849 926 1884 prima
948 1858 1026 1885 qua:-

235 1888 290 1915 stio
310 1894 372 1918 est:
389 1890 460 1924 Quid
479 1891 547 1922 illud
564 1893 701 1927 signiﬁcet
718 1902 725 1921 :
750 1893 833 1921 Pater
849 1903 923 1924 meus
947 1899 1025 1926 modo

233 1940 360 1962 oneratur
372 1935 397 1963 ιι,
415 1936 508 1964 Altera
529 1938 562 1964 de
584 1938 643 1970 illo,
664 1939 710 1973 qui
739 1939 765 1966 in
794 1940 944 1976 Evangelia
965 1951 1025 1970 ant-

235 1980 350 2014 phoram
364 1989 442 2017 aquas
456 1983 559 2018 bajulat
572 1989 596 2010 ε.
608 1984 701 2012 Tertia
717 1985 750 2013 de
771 1986 817 2014 illo
830 1995 838 2014 :
861 1987 951 2016 Nolite
962 1998 1025 2024 pos-

235 2027 321 2054 sidere
336 2028 404 2056 duas
419 2029 554 2056 tunicusd.
569 2029 613 2058 IV.
628 2031 666 2058 De
681 2031 823 2060 maledicta
836 2037 908 2061 terra
924 2034 950 2061 in
962 2042 1026 2069 ope-

235 2073 312 2101 ribus
337 2075 422 2102 Adam
440 2081 464 2103 ο.
482 2074 516 2103 V.
532 2075 571 2103 De
587 2076 654 2104 illo:
678 2077 730 2110 Qui
748 2084 826 2106 natus
845 2084 884 2107 est
906 2089 939 2108 ea:
953 2081 1024 2115 Dea,

234 2124 372 2152 peccatum
399 2127 450 2147 non
472 2120 534 2154 fecit
550 2121 572 2148 ί.
599 2121 643 2148 Vl.
668 2122 705 2149 De
726 2122 795 2150 illo:
824 2123 882 2151 Hoc
912 2125 981 2152 enim
1000 2131 1025 2153 et

235 2166 347 2192 mortuis
358 2166 641 2201 euangelizatumeu‘.
654 2168 749 2204 155b
762 2169 817 2198 VII.
826 2170 865 2198 De
877 2171 924 2198 illo
937 2180 945 2199 :
956 2171 1025 2199 Deus

237 2210 285 2238 tua;
294 2217 331 2238 est
349 2211 375 2238 ιι.
392 2211 461 2239 VIII.
478 2212 514 2239 De
532 2213 577 2240 illo
593 2214 752 2247 :Quomodo
761 2215 864 2252 [Nunc]
877 2225 967 2244 sumus
976 2217 1025 2251 [illi

238 2257 299 2289 Dei.
321 2262 349 2284 et
364 2259 503 2292 quomodo
519 2264 579 2294 post
601 2261 658 2288 haec
680 2261 783 2289 erimus
798 2262 820 2290 ί.
843 2262 888 2290 IX.
904 2263 943 2290 De
958 2264 1024 2291 illo:

239 2303 293 2335 Qui
316 2304 403 2336 timet,
433 2312 485 2331 non
506 2310 543 2332 est
555 2305 683 2340 perfectus
707 2307 735 2334 in
759 2307 899 2336 dilectione
915 2309 938 2337 ί.
966 2309 1024 2337 Et:

1075 1713 1125 1741 καὶ
1151 1713 1384 1748 ἐπαγγειλάμενος
1403 1712 1442 1744 ὼς
1467 1712 1496 1738 ἒν
1512 1712 1617 1747 ἑτέροις
1641 1711 1809 1745 τελειότερον
1835 1720 1867 1738 τε

1075 1760 1124 1787 καὶ
1134 1758 1331 1794 ἀκριϐέστερον
1345 1759 1410 1794 περ).
1424 1758 1514 1785 αὐτῶν
1536 1756 1712 1792 ἑπισκέψοιτο
1735 1757 1784 1784 καὶ
1813 1757 1868 1793 ἰδία

1075 1806 1256 1842 πραγματεία
1268 1805 1319 1841 τὴν
1333 1805 1400 1840 περὶ⁸
1423 1804 1513 1831 αὐτῶν
1529 1804 1640 1838 ἀφοριετ
1656 1803 1866 1838 πραγματείαν,

1076 1853 1176 1888 ἑφεξῆς
1195 1852 1250 1879 τῶν
1279 1852 1441 1888 ἐρωτήσεων
1464 1851 1511 1878 καί⁴
1536 1849 1709 1886 ἀποκρίσεων
1736 1849 1867 1877 ἅπτεται.

1075 1895 1127 1925 Ὧν
1141 1897 1251 1934 πρῶτον
1267 1898 1378 1934 ζήτημα
1405 1896 1470 1932 περὶ
1486 1895 1534 1923 τοῦ
1555 1896 1582 1922 τί
1597 1895 1737 1931 σημαίνει·
1757 1895 1789 1922 '0
1805 1897 1869 1922 Πα-

1075 1943 1133 1978 τήρ
1158 1952 1218 1978 μου
1242 1943 1298 1976 ἕως
1312 1942 1378 1976 ἄρτι
1391 1940 1550 1976 ἐργάζεται.
1567 1940 1595 1966 Β¹
1616 1940 1682 1976 περὶ
1692 1940 1753 1956 ⁷⁸·⁷⁹
1765 1939 1815 1965 τοῦ
1839 1940 1870 1965 ὲν

1075 1990 1115 2024 τῷ
1137 1988 1295 2024 Εὐαγγελίῳ
1316 1988 1348 2016 τὸ
1377 1987 1510 2023 κεράμιον
1523 1986 1571 2014 τοῦ
1603 1986 1699 2018 ὓδατος
1717 1984 1870 2020 βαστάζον-

1073 2043 1130 2067 τος.
1145 2035 1172 2061 Γ¹
1185 2026 1250 2070 περί
1263 2033 1322 2068 τοῦ,
1349 2033 1397 2067 Μὴ
1427 2033 1583 2068 κτήσησθε
1593 2032 1616 2048 "°
1643 2031 1698 2059 δύο
1725 2030 1867 2064 χιτῶνας.

1075 2083 1103 2108 Δ¹
1115 2081 1180 2117 περὶ
1194 2082 1244 2116 τῆς
1262 2079 1463 2115 καταραθείσης
1485 2079 1538 2114 γῆς
1564 2080 1593 2105 ἐν
1618 2079 1675 2109 τοῖς
1697 2077 1790 2114 ἔργοις
1820 2077 1870 2104 τοῦ

1083 2128 1178 2163 Ἀδάμ.
1199 2127 1226 2154 E'
1252 2126 1317 2162 περὶ
1345 2126 1404 2159 τοῦ,
1433 2126 1460 2152 ὀ
1487 2125 1706 2160 γεγεννημένος
1747 2124 1782 2151 ἐκ
1813 2124 1868 2151 τοῦ

1076 2174 1152 2202 Θεοῦ
1165 2173 1313 2209 ἁμαρτίαν
1325 2173 1360 2200 οὺ
1371 2171 1457 2199 ποιεῖ.
1473 2171 1509 2205 (Τ
1523 2171 1587 2206 περὶ
1599 2170 1658 2203 τοῦ,
1671 2171 1722 2203 Et;
1737 2169 1761 2186 ⁸⁸
1778 2170 1869 2197 τοῦτο

1076 2219 1132 2256 γὰρ
1156 2220 1205 2246 καί
1228 2218 1346 2254 νεκροῖς
1375 2216 1587 2252 εὐηγγελίσθη.
1610 2216 1636 2242 Z'
1650 2216 1716 2250 περὶ
1742 2215 1793 2242 τοῦ
1806 2236 1815 2247 ,
1841 2216 1868 2241 '0

1077 2266 1150 2298 Θεὸς
1175 2264 1239 2300 φῶς
1260 2265 1355 2292 ἐστιν.
1370 2265 1401 2291 H'
1421 2264 1486 2299 περὶ
1513 2262 1560 2289 τοῦ
1589 2262 1647 2294 πῶς
1681 2263 1766 2296 ἐσμεν
1786 2262 1869 2288 τέκνα

1077 2310 1145 2337 Θεοῦ
1160 2310 1208 2337 καὶ
1221 2309 1280 2341 πῶς
1292 2311 1316 2326 δ’
1335 2309 1405 2345 μετὰ
1435 2308 1523 2335 ταῦτα
1538 2307 1665 2342 ἐσόμεθα.
1682 2307 1710 2333 8'
1725 2306 1793 2342 περὶ
1822 2306 1868 2333 τοῦ

239 2348 304 2375 Non
322 2354 361 2376 est
382 2349 470 2384 inopia
485 2351 632 2379 timentibus
646 2361 704 2379 eum
718 2353 742 2382 ι.
765 2353 801 2380 Χ.
817 2353 883 2387 Quis
896 2354 935 2381 illi
950 2355 1019 2390 prin-

1075 2355 1152 2389 πῶς,
1189 2356 1221 2382 ’0
1257 2343 1443 2390 φοϐούμενος
1475 2354 1512 2382 οὐ
1547 2353 1732 2380 τετελείωται
1768 2352 1805 2379 ἐν
1833 2351 1870 2386 τῇ

274 2446 288 2460 ιι
304 2439 481 2480 Ii_utn._t._‘2_5.
507 2441 521 2461 ιι
535 2442 614 2480 Joau.
635 2450 661 2476 ν,
679 2444 722 2471 I7.
757 2450 768 2465 ο
785 2444 869 2473 Marc.
893 2453 948 2479 xtv,
974 2446 1019 2479 I3;

1072 2455 1105 2474 te.
1125 2455 1170 2480 xx,
1195 2446 1239 2474 I0.
1278 2447 1291 2466 ἀ
1309 2446 1405 2474 Matth.
1433 2454 1460 2478 κ,
1481 2446 1528 2478 1ος
1548 2443 1615 2472 Luc.
1630 2451 1670 2476 ιχ,
1686 2443 1718 2480 ὗε
1760 2441 1866 2480 *ξιξυιιν

238 2483 281 2505 ιιι,
302 2475 367 2516 l7._
389 2475 399 2495 ί
416 2475 425 2502 ι
440 2476 520 2505 Joau.
533 2485 575 2511 Ill,
589 2477 616 2506 9.
662 2484 675 2504 tt
691 2479 786 2508 lPetr.
801 2488 838 2515 tv,
857 2480 886 2509 6.
932 2475 947 2502 h'
960 2481 970 2508 Ι
985 2475 1019 2509 .lo

1083 2491 1101 2516 I,
1120 2482 1146 2511 5.

239 2517 338 2544 nxttt,
352 2511 378 2539 9.

1206 2483 1215 2502 ί
1233 2481 1334 2509 lJoan.
1356 2490 1395 2514 ιιι,
1410 2481 1438 2508 2.
1455 2476 1459 2478 Ἴ
1483 2480 1491 2505 i
1512 2476 1526 2508 IV
1539 2480 1618 2507 Joan.
1636 2487 1673 2511 tv,
1691 2478 1733 2506 18.
1766 2477 1780 2497 ιι
1797 2476 1868 2503 Paul.

887 2595 1004 2624 ἾΔΒΙίΕ
1024 2594 1215 2624 LECTIONES

277 2657 379 2698 "pitu;
395 2666 425 2689 ς.
462 2657 607 2698 ⁷ξλτὸρσΜ.
623 2658 654 2684 Α.

239 2700 352 2720 τοιαυτα
379 2702 409 2725 ς.

480 2693 540 2709 ’Μ’
565 2697 627 2721 ante
651 2692 716 2728 περὶ
743 2692 804 2720 cunt
823 2694 845 2720 Δ
871 2692 951 2720 omisi
980 2692 1020 2718 δέ.

240 2729 263 2744 ³³
282 2727 341 2759 πῶς
357 2729 419 2756 add.
432 2729 464 2756 Δ.

697 2657 720 2673 ’⁸
733 2656 793 2694 τοῦ]
805 2657 836 2685 τὸ
857 2657 890 2684 Α.
928 2657 952 2672 ’⁵
972 2655 1069 2692 πείρας
1083 2656 1105 2682 Α
1120 2663 1128 2681 :
1147 2655 1260 2691 πορείας
1272 2664 1303 2687 ς.

697 2692 716 2719 ›ὶ
743 2701 804 2720 cum
823 2694 845 2720 Δ
871 2692 951 2720 omisi
980 2692 1020 2718 δέ.
1067 2691 1090 2707 ⁸⁰
1106 2691 1254 2727 κτήσασθαι
1268 2691 1303 2717 Α.

1348 2654 1372 2670 ⁷⁸
1388 2654 1437 2688 τὴν
1448 2658 1476 2680 et
1489 2653 1532 2681 l9.
1547 2661 1577 2678 τε
1587 2653 1648 2688 add.
1664 2653 1713 2688 A._
1735 2651 1758 2667 "
1775 2653 1823 2678 καὶ
1837 2651 1868 2688 τὰ

1356 2689 1377 2704 ⁸⁸
1407 2685 1446 2720 είς
1462 2689 1521 2716 add.
1538 2688 1571 2715 Δ.
1597 2687 1633 2715 cI.
1663 2688 1672 2714 I
1698 2686 1816 2720 Petruv,
1841 2685 1867 2714 ϐυ

1007 2803 1120 2831 ΝΟΤΑΕ.

280 2866 336 2904 ('22)
354 2867 483 2902 Expungo
503 2874 563 2902 qua:
586 2867 637 2894 huc
661 2866 721 2895 loco
741 2867 767 2894 in
783 2871 855 2893 textu
871 2865 965 2893 Graeco
979 2864 1073 2891 vitiose
1090 2867 1258 2897 repetuntur,
1279 2869 1357 2888 voces
1373 2859 1515 2895 paucuhs.
