1916 3092
70 124 111 156 665

528 121 792 152 BIBLIOTIIECA.
805 133 840 139 ’-
857 121 940 151 COD.
955 120 1057 150 CXCII
1073 120 1124 144 b28-

1611 122 1665 154 646

70 179 126 213 ἑξῆς,
137 176 187 208 πῶς
195 186 232 208 τις
241 176 408 212 λυπούμενος
419 177 448 203 ὲν
457 178 619 212 πειρασμοῖς
628 176 737 203 δύναται
747 175 827 209 ἀγαλ-

891 182 921 202 us
939 175 1001 209 quis
1015 175 1042 202 in
1056 175 1251 203 tentationibus
1265 175 1403 203 exsultare
1416 181 1509 211 queat.
1521 177 1608 206 LVIII.
1626 180 1667 207 Dc

71 224 155 250 izdaﬂut
164 221 347 258 ;Ν11’Περὶῆς
355 224 504 257 σωτηρίας
511 223 697 256 ἐξεζήτησαν
701 222 749 248 καὶ
755 221 826 256 ἐξη-

70 271 196 304 ρεύνησαν
226 269 382 304 προφῆται.
402 268 455 295 ΝΘ¹
483 269 549 304 περὶ
580 268 629 295 τοῦ
655 269 704 302 Ὠς
730 267 827 302 ἀμνοῦ

71 316 167 350 ἀμώμου
185 316 231 342 καὶ
254 316 388 342 ἀσπίλου
413 316 544 349 Χριστοῦ
567 314 826 349 προεγνωσμένου,

73 362 113 387 ὑπὸ
137 360 202 392 τινος
217 361 463 396 προεγνωσμένους
491 360 523 386 Τί
551 360 625 386 ἐστιν
645 359 705 385 Ὅτι
725 357 828 392 καιρὸς

71 407 112 434 τοῦ
132 407 265 441 ῠρξασθαι
279 408 311 434 τὸ
324 408 413 442 κρῖμα
432 408 490 434 ἀπὸ
507 407 561 434 τοῦ
575 407 660 434 οἴκου
675 406 727 433 τοῦ
740 405 825 437 Θεοῦ,

73 451 186 487 καὶὲξῆς;
204 452 250 479 ΞΝ
266 453 329 487 περὶ
349 452 394 478 τοῦ
410 452 544 487 δρεπάνου
556 449 631 477 ὂεῖδε
648 449 798 484 πετόμενον
813 448 828 474 ὁ

72 498 192 534 Ζαχαρίας.
221 497 267 525 EB’
283 498 407 534 περὶτῆς
439 498 543 534 χρυσῆς
569 497 680 532 λυχνίας
705 497 740 532 ἣν
760 495 829 522 εἶδεν

72 544 133 575 αὐτὸς
159 545 305 579 προφήτης.
337 543 384 570 EI"
412 543 437 569 τί
473 545 566 575 ἐστιν,
594 543 642 569 Ἐν
674 540 693 578 ᾗ
730 549 829 568 κατοι-

71 588 139 615 κοῦσι
149 590 267 621 πλείους
284 589 303 623 ἣ
319 588 434 615 δώδεκα
454 587 599 623 μυριάδες
613 587 742 621 ἀνδρῶν,
757 587 829 613 οἵτι-

72 643 110 668 νες
132 636 181 662 οὐκ
201 636 337 670 ἔγνωσαν
363 634 467 666 δεξιὰν
483 632 582 660 αὐτῶν
603 632 622 666 ἣ
644 630 830 666 ἀριστεράνς

72 680 131 712 Τίνες
144 682 166 707 οἱ
190 681 295 716 ἄνδρεςς
312 680 358 706 καὶ
373 680 414 711 τίς
430 679 447 714 ἡ
462 679 537 712 δεξιὰ
552 678 599 705 καὶ
618 677 751 712 ἀριστερά
764 685 771 709 ;
783 676 830 702 ΞΔ¹

71 727 136 753 διὰτί
156 728 220 761 μετά
233 727 279 753 τὸν
298 727 321 742 ’⁵
339 726 453 753 θάνατον
469 724 554 750 Σαοὺλ
579 722 627 750 τοῦ
653 723 832 758 ἀδικήσαντος

71 773 117 803 τοὺς
129 772 294 803 Γαὸαωνίτας
310 773 324 798 ό
345 771 426 806 μηδὲν
442 770 574 804 ἀδικήσας
591 768 673 795 Δα6¹ιδ
695 766 824 803 ἀπῃτήῦη

71 818 137 850 δίκας,
145 818 211 854 λιμῷ
224 818 275 853 τῆς
285 817 377 852 χώρας
390 816 474 843 αὑτοῦ
485 814 672 849 κακουμένης,
684 813 736 844 ἕως
747 813 831 839 ἑδωκε

876 228 929 254 qua
953 220 1040 247 salute
1068 220 1247 254 exquisierunt
1276 227 1354 256 atque
1383 223 1498 249 scrutari
1523 229 1583 250 sunt
1605 233 1667 258 pro-

877 265 961 300 pheta:
981 264 1093 292 i?LlX.
1117 265 1156 293 De
1170 266 1216 293 illo
1236 275 1244 293 :
1262 266 1345 299 Quasi
1361 268 1525 295 immaculati
1538 275 1561 295 et
1579 270 1668 297 incon-

878 312 1005 338 taminati
1019 311 1131 343 Christi,
1143 312 1297 347 prtecogniti
1312 313 1416 348 quidem
1426 317 1487 340 ante
1500 316 1668 342 constitutio-

878 365 936 384 nem
974 357 1067 384 mundi
1095 357 1120 385 ιε.
1136 357 1189 385 Sed
1211 366 1226 385 a
1253 365 1307 393 quo
1329 359 1508 394 praecogniti?
1525 359 1581 388 LX.
1597 360 1667 394 Quid

878 407 920 430 est
945 411 951 429 :
981 403 1113 435 Quoniam
1147 409 1248 437 tempus
1278 405 1360 440 incipi
1385 405 1518 440 judicium
1547 414 1562 432 α
1591 409 1668 434 domo

880 449 928 476 Dei
943 447 964 482 ι,
979 454 1006 476 et
1021 449 1144 484 reliqua?
1168 449 1236 477 LXI.
1252 450 1290 477 De
1310 450 1378 478 falce
1395 451 1463 488 (58).
1478 459 1558 486 quam
1574 453 1670 479 volan-

880 500 933 523 tem
949 495 1015 522 vidit
1030 495 1176 522 Zacharias
1190 501 1222 523 ιπ.
1239 495 1319 523 LXII.
1337 497 1373 522 De
1394 497 1556 524 candelabro
1575 505 1668 530 aureo,

880 541 951 576 quod
971 541 1039 567 ident
1059 546 1135 568 vates
1147 542 1289 576 conspexit
1309 546 1334 568 υ.
1350 541 1443 569 LXIII.
1465 542 1534 574 Quid
1554 549 1617 570 est:
1636 543 1670 570 In

879 595 931 621 qua
952 587 1070 613 habitant
1084 589 1171 619 plures
1185 596 1264 622 quant
1285 593 1389 615 centum
1403 588 1493 622 viginti
1507 590 1591 615 millia
1603 590 1672 615 viro-

881 640 950 664 rum,
973 633 1019 667 qui
1041 641 1092 659 non
1118 639 1292 667 cognoverunt
1317 635 1438 660 dextram
1453 642 1528 661 suum
1548 640 1593 661 aut
1611 635 1673 661 sini-

880 685 960 706 stram
978 679 1012 706 οἱ)
1039 679 1155 712 Quinam
1176 679 1202 706 hi
1229 680 1279 706 viri
1308 686 1381 712 sunt,
1409 688 1522 715 quaeque
1536 681 1628 708 dextra
1646 685 1675 708 et

882 725 1013 752 sinistra?
1033 725 1124 752 LXIV.
1145 727 1234 758 Quare
1251 731 1312 762 post
1331 732 1447 754 mortem
1464 727 1540 760 Saul,
1556 726 1603 760 qui
1618 725 1675 753 Ga-

882 771 1008 798 baonitas
1023 772 1121 805 injuria
1141 771 1282 802 aﬂ‘ecerat.
1299 773 1333 800 ab
1352 773 1462 800 innoxio
1477 773 1577 800 Davide
1593 780 1672 808 poena

882 823 978 845 exacta
1007 817 1098 850 fuerit,
1125 817 1196 844 l‘ame
1221 819 1279 852 ejus
1308 818 1418 853 regione
1445 823 1552 851 vexata,
1587 818 1674 844 donec

70 865 117 895 τοὺς
136 865 164 890 ὲκ
189 864 234 891 τοῦ
256 864 413 900 σπέρματος
443 861 530 888 Σαοὺλ
554 859 624 887 ἑπτὰ
649 859 748 895 ἄνδρας
775 859 831 890 τοῖς

891 864 1006 892 Lraderet
1022 872 1056 892 ex
1072 864 1175 892 semine
1188 864 1254 891 Saul
1268 869 1372 899 septem
1385 865 1459 892 viros
1475 864 1634 892 Gabaonitis
1649 868 1674 891 Ρ.

70 909 228 941 Γαϐαωνίταις
246 918 254 944 ;

95 955 189 981 Τούτων
206 953 252 982 οὗν
275 955 324 987 τὰς
347 953 441 986 λύσεις
463 954 477 980 ὁ
492 953 563 984 Θεῖος
585 961 662 984 ουτος
685 951 754 986 ἀνὴρ
787 950 834 977 καὶ

70 1002 172 1033 γενναῖος
198 1001 370 1036 ὀμολογητὴς
393 999 548 1027 ἀποδιδόναι
563 999 710 1034 ὑπέρχεται
742 997 834 1023 πόνον.

71 1047 131 1074 Ἐστι
148 1047 173 1074 δὲ
191 1047 240 1082 τὴν
273 1047 373 1083 φράσιν
402 1046 573 1082 σχοινοτενής
600 1053 630 1071 τε
659 1045 718 1075 ταῖς
744 1043 836 1078 περιό-

69 1093 175 1125 δοις,καὶ
204 1093 309 1128 χαίρων
337 1091 513 1127 ὑπερδατοῐς,
532 1090 696 1124 ὲνακμάζων
720 1097 750 1115 τε
775 1089 839 1120 ταῖς

69 1140 213 1174 περιὸολαῖς,
232 1141 280 1167 καὶ
292 1139 463 1174 κυριολογεῖν
479 1138 531 1164 οὐκ
551 1135 770 1171 ἐσπουδασμένος
786 1143 793 1151 ·
807 1134 837 1167 ὲξ

69 1181 96 1210 ὧν
106 1185 169 1220 αὐτῷ
180 1187 212 1220 τῇ
225 1185 374 1219 συγγραφῇ
389 1184 436 1210 καὶ
449 1183 479 1210 τὸ
491 1182 595 1217 ἀσαφὲς
612 1182 658 1209 καὶ
673 1180 836 1208 δυσεπισκό-

69 1239 136 1265 πητον
152 1231 172 1247 ⁸⁷
187 1231 336 1268 διατρέχει.
363 1230 407 1265 Τῷ
426 1230 523 1264 τραχεῖ
545 1229 574 1255 δὲ
590 1228 637 1255 τοῦ
661 1227 742 1262 ὄγκου
755 1248 762 1259 ,
787 1227 837 1253 ὅσα

69 1277 118 1311 περὶ
131 1277 260 1312 συνθήκην
284 1276 332 1304 καὶ
347 1275 527 1306 ἀναπαύσεις,
543 1275 589 1301 τὸν
605 1274 685 1308 λόγον
711 1272 834 1300 ὑποϐάλ-

69 1319 109 1347 λων
121 1322 169 1348 οὐδ’
178 1323 241 1357 ἡδὺς
255 1319 326 1348 εἶναι
350 1320 495 1352 σπουδάζει
508 1320 635 1355 τῇῖὰκοῇ.
654 1318 710 1345 Καὶ
723 1318 740 1353 ἡ
753 1325 838 1352 μετα-

69 1367 125 1401 copi
137 1367 205 1402 αὐτῷ
224 1367 282 1394 τῶν
296 1366 395 1398 λέξεων
405 1366 455 1392 οὐκ
471 1365 511 1396 εἰς
525 1365 555 1391 τὸ
567 1364 663 1400 χαρίεν
678 1363 726 1390 καὶ
739 1370 840 1397 γεγοη-

67 1413 175 1447 τευμένον
186 1412 388 1449 περιήνοισται,
398 1411 454 1437 ἀλλ’
471 1409 559 1440 οὕτως
573 1409 665 1441 ἁπλῶς
681 1409 728 1436 καὶ
744 1409 841 1443 ἀπερι-

70 1458 189 1492 μερίμνως
214 1457 472 1494 παραλαμϐάνεται.
495 1457 527 1483 Ὃ
548 1455 571 1482 δ’
594 1455 677 1489 ἐγγὺς
705 1455 752 1481 καὶ
778 1455 841 1485 τοὺς

920 952 974 980 Ilas
1005 953 1087 988 igitur
1114 953 1219 981 solvere
1249 954 1413 989 quazstiones
1436 954 1543 981 divinus
1569 954 1613 980 ille
1632 954 1672 980 vir

884 1003 913 1026 et
945 1000 1088 1027 confessor
1120 1000 1247 1035 egregius
1285 999 1458 1027 allaboravit.
1497 1000 1590 1027 Oratio
1619 999 1676 1032 ejus

885 1045 1174 1079 comprehensionibus
1208 1044 1380 1073 continenter
1411 1045 1581 1079 producitur,
1607 1051 1676 1076 gau-

885 1091 986 1126 detque
1026 1090 1203 1126 hyperbatis,
1246 1091 1524 1119 circumductionibus
1567 1098 1677 1125 quoque

887 1137 1076 1170 invalescens;
1103 1137 1154 1165 etsi
1173 1138 1280 1172 proprie
1309 1137 1383 1172 loqui
1420 1137 1533 1165 minime
1559 1137 1672 1171 satagit.

888 1183 928 1210 Ex
960 1183 1061 1218 quibus
1094 1191 1143 1218 per
1172 1180 1304 1218 scriptum
1343 1184 1395 1211 hoc
1427 1183 1495 1218 ejus,
1519 1188 1546 1210 et
1579 1183 1679 1209 obscu-

889 1230 966 1262 ritas,
993 1234 1022 1256 et
1052 1228 1193 1257 dilIicuItas
1214 1230 1276 1257 illud
1302 1229 1551 1265 comprehendendi
1577 1229 1677 1264 passim

888 1274 1018 1302 decurrit.
1038 1276 1219 1310 Asperitatcnt
1246 1277 1347 1304 deinde
1370 1277 1524 1304 tumidioris
1550 1275 1678 1303 dictionis

892 1320 1036 1355 (quantum
1049 1322 1082 1347 ad
1094 1322 1320 1356 compositionem
1330 1322 1577 1356 cessationesque),
1592 1329 1640 1349 sua
1653 1321 1681 1348 in

898 1368 1024 1395 Oratione
1039 1373 1170 1399 sectatus,
1185 1376 1219 1396 ne
1234 1369 1326 1395 auditu
1346 1369 1455 1403 quidem
1473 1376 1533 1396 esse
1545 1367 1683 1401 iucundus

892 1413 994 1441 studet.
1013 1412 1165 1442 Verborum
1193 1414 1304 1448 insuper
1327 1415 1479 1447 translatio,
1506 1422 1680 1449 nequaquam

894 1457 927 1484 ad
942 1458 1061 1492 gratiam
1087 1459 1266 1493 colligendam
1281 1459 1465 1494 lectoremque
1489 1460 1680 1495 pelliciendum

69 1505 204 1538 περἰαύτὺν
219 1504 431 1535 ἐσπουδακότας
447 1502 590 1529 ἀποκναίει
615 1501 648 1533 ³⁸,
671 1500 766 1536 πόρρω
793 1499 836 1526 τοῦ

892 1502 987 1530 ﬂoride
1017 1505 1168 1539 composita
1196 1511 1255 1538 est;
1282 1506 1329 1533 sed
1345 1506 1509 1540 simpliciter
1533 1510 1615 1540 atque
1640 1506 1684 1533 in-

68 1536 211 1584 γρᾶμματος
227 1551 279 1577 καὶ
289 1549 338 1584 τῆς
354 1549 529 1584 ἐγνωσμένης
552 1547 687 1583 ἱστορίας,
701 1546 717 1582 ἢ
742 1546 836 1582 μᾶλλον

894 1550 1002 1577 curiose
1037 1551 1199 1578 assumitur.
1224 1551 1296 1578 Idem
1320 1556 1452 1586 praeterea
1479 1552 1520 1579 sui
1547 1551 1686 1579 studiosos

69 1595 104 1620 καὶ
116 1595 192 1622 αὑτοῦ
214 1596 261 1623 τοῦ
290 1595 478 1631 ἠπορημένου,
501 1595 529 1621 αἱ
547 1593 639 1625 λύσεις
663 1592 737 1627 αὐτῷ
764 1600 842 1626 περι-

68 1642 182 1669 vocitent.
197 1642 271 1678 Πλὴν
282 1642 308 1668 εἴ
322 1650 374 1668 τινι
391 1641 468 1676 φίλον
483 1641 641 1675 ἀναγωγαῖς
658 1640 706 1666 καὶ
714 1639 842 1675 θεωρίαις

69 1688 103 1714 τὸν
115 1689 170 1716 νοῦν
193 1690 358 1722 ἀνελίσσειν,
372 1689 423 1715 οὐκ
441 1689 474 1715 ἃν
496 1687 707 1722 ποικιλωτέραις
722 1685 776 1712 οὐδ’
794 1686 842 1711 ἐσ‹

69 1732 251 1769 πούδασμέναις
265 1733 367 1769 μᾶλλον
383 1734 401 1769 ἢ
415 1733 527 1764 ταύταις
542 1731 696 1767 περιτύχοι.
715 1730 843 1764 Συλλέγει

71 1780 168 1816 μὲνγὰρ
183 1782 230 1808 καὶ
242 1781 299 1807 τῶν
314 1780 367 1815 πρὸ
379 1779 462 1806 αὑτοῦ
477 1781 517 1811 εἰς
531 1778 589 1805 ἔνια
596 1778 649 1804 τῶν
663 1777 844 1812 ἠπορημένων

69 1826 195 1860 εἰρημένα.
209 1826 393 1854 ὲπισυνὰπτει
413 1825 442 1852 δὲ
452 1826 497 1851 καὶ
507 1825 556 1860 τῆς
567 1824 672 1851 οἴκοθεν
687 1822 844 1858 φιλοπονίας

70 1871 133 1900 οὐδὲν
147 1873 264 1905 ἔλαττον,
279 1874 303 1899 εἰ
322 1873 359 1909 μὴ
375 1872 422 1899 καὶ⁸
438 1872 549 1906 μᾶλλον,
567 1871 597 1897 τὸ
608 1869 746 1905 γλαφυρόν
754 1878 783 1895 τε
797 1868 845 1895 καὶ

71 1921 286 1954 πρινενοημένον
313 1918 534 1956 προϐεὸλημένα.
549 1917 613 1954 [506
634 1915 681 1952 IL]
704 1913 845 1949 Πανταχοῦ

70 1961 93 1988 δὲ
104 1963 130 1990 τὸ
145 1965 258 1997 εὺσεῆὲς
279 1964 363 1991 αὑτοῦ
378 1964 426 1991 καὶ
451 1963 497 1990 τοῦ
520 1963 559 1995 εἰς
583 1961 702 1998 Χριστὸν
716 1960 799 1987 πόθου
816 1960 847 1987 τὸ

71 2008 175 2046 καθαρὸν
190 2011 238 2037 καὶ
251 2011 366 2046 γνήσιον
378 2009 539 2045 διαλάμπει.

393 2145 484 2180 Pan".

249 2191 308 2220 Τοῦ
327 2191 421 2218 αὐτοῦ
435 2189 593 2217 ἐπιστολαὶ
609 2187 661 2219 κζ’.

101 2239 155 2266 Ἔτι
177 2238 392 2274 ἀνεγνώσθησαν
415 2236 499 2263 αὑτοῦ
517 2236 564 2263 καὶ
587 2235 761 2263 Ἐπιστολαὶ
785 2234 850 2272 περὶ

72 2284 195 2320 διαφόρων
205 2285 365 2313 ὑποθέσεων
375 2282 544 2319 ψυχωφελῶν
554 2282 577 2298 ⁹⁹
589 2291 617 2309 τε
632 2282 680 2309 καὶ
693 2281 851 2316 ἀναγκαίων

72 2332 118 2363 τοῖς
130 2331 223 2367 ὀρθοῦν
237 2341 269 2358 τε
281 2331 316 2358 τὰ
328 2330 381 2366 ἢθη
398 2329 501 2356 καὶτὸν
518 2328 581 2355 νοῦν
601 2328 772 2364 ἐγρηγορότα
789 2335 851 2353 συν-

72 2379 150 2412 τηρεῖν
167 2379 236 2414 πρδς
248 2378 296 2394 Μ’
310 2378 359 2412 τὴν
374 2375 514 2402 εὐσέϐειαν
536 2373 726 2407 ἐσπουδακόσι,
734 2372 780 2399 τὸν
802 2372 850 2408 ἀρι

107 2455 112 2481 i
139 2457 201 2486 ibid.
227 2457 274 2485 10.
319 2453 413 2483 kibid.
435 2454 483 2483 ωε

75 2498 120 2524 ut,
132 2494 156 2520 l.

525 2453 643 2481 llPetr.
664 2460 702 2486 tv,
721 2452 765 2479 l7.
811 2456 832 2472 ιιι
849 2452 933 2481 Zach.
950 2461 975 2486 ν,
996 2455 1021 2482 1.

896 1597 1090 1631 propemodum
1112 1597 1258 1624 obtundit:
1277 1598 1345 1625 adeo
1363 1597 1420 1633 (39)
1446 1598 1540 1632 procul
1563 1606 1578 1625 a
1595 1597 1685 1625 littera

895 1646 922 1668 et
939 1647 1004 1669 nota
1038 1642 1161 1674 historia,
1182 1642 1240 1668 sive
1267 1643 1357 1669 notius
1371 1642 1406 1669 ab
1433 1650 1466 1670 eo
1488 1643 1558 1677 ipso,
1585 1642 1684 1677 157a
1715 1667 1718 1669 .

896 1688 968 1722 quod
999 1688 1113 1722 petitum
1142 1693 1212 1720 erat,
1240 1688 1391 1716 somtiones
1426 1689 1514 1723 ipsius
1542 1690 1685 1716 recedunt.

897 1732 1013 1760 Tantum
1027 1733 1050 1760 si
1065 1733 1107 1760 cui
1123 1733 1193 1761 forte
1210 1738 1316 1768 gratum
1343 1733 1501 1769 anagogicis
1517 1741 1550 1761 ac
1565 1738 1688 1761 contem-

897 1778 1064 1813 plationibus
1073 1778 1190 1806 tndhtem
1206 1779 1358 1814 implicare,
1375 1787 1511 1814 nunquam
1527 1779 1549 1806 is
1562 1786 1687 1807 sonere-

899 1825 987 1860 periat
999 1825 1073 1852 hisce
1086 1829 1132 1851 aut
1147 1825 1234 1860 magis
1252 1825 1340 1858 varia,
1356 1830 1402 1852 aut
1419 1825 1576 1860 diligentius
1595 1825 1688 1853 elabo-

899 1876 969 1897 rata.
1000 1869 1106 1898 Etenim
1126 1879 1186 1898 cum
1212 1871 1328 1899 alioruttt
1357 1871 1462 1906 colligit
1488 1872 1639 1899 sententias
1660 1872 1688 1899 in

899 1915 990 1943 dubiis
1009 1916 1173 1950 quibusdam
1204 1917 1406 1951 pronuntiatas,
1437 1921 1493 1944 tum
1523 1922 1551 1944 et
1583 1917 1689 1951 adjicit,

900 1968 960 1996 qua:
975 1961 1061 1995 ipsius
1078 1961 1229 1995 diligentiae
1244 1961 1330 1989 nihilo
1354 1962 1397 1989 his
1424 1962 1571 1995 minorem,
1598 1962 1621 1989 si
1636 1969 1688 1989 tton

900 2005 1043 2040 majorem,
1069 2007 1219 2041 praeferunt
1249 2012 1418 2035 venustatem
1434 2013 1516 2042 atque
1538 2008 1690 2039 solertiam,

901 2051 1010 2087 Ubique
1025 2059 1115 2080 autem
1135 2053 1184 2080 viri
1201 2054 1301 2088 pietas,
1319 2058 1346 2081 et
1360 2061 1458 2089 purum
1471 2060 1691 2089 germanuntque

901 2099 1003 2127 Christi
1022 2100 1186 2127 desiderium
1203 2100 1303 2128 elucet.

1199 2145 1301 2174 cxcn-
1316 2145 1383 2181 (ιο).

1013 2190 1143 2226 Ejusdem
1164 2191 1233 2218 beati
1250 2191 1362 2218 Maximi
1376 2190 1503 2225 Epistula:
1518 2198 1585 2219 xvtt.

934 2235 1024 2264 Lectae
1039 2237 1135 2264 adhaec
1156 2238 1238 2264 variae
1257 2236 1377 2271 ejusdem
1403 2236 1532 2272 Epistohe
1556 2237 1590 2264 de
1612 2235 1694 2264 rebus

905 2283 1082 2317 necessariis,
1107 2287 1136 2310 et
1151 2284 1243 2310 animo
1271 2283 1393 2317 utilibus,
1412 2283 1444 2311 iis
1470 2283 1612 2317 (maxime)
1646 2283 1694 2318 qui

904 2335 994 2356 mores
1007 2336 1072 2356 suos
1087 2329 1235 2364 corrigere,
1262 2333 1434 2364 mentemque
1452 2329 1478 2356 in
1495 2329 1595 2364 pietate
1621 2328 1695 2356 excl-

904 2378 988 2401 tatam
1012 2381 1174 2403 conservare
1190 2375 1308 2408 student,
1331 2382 1443 2402 nuntero
1464 2375 1557 2410 viginti
1581 2380 1695 2410 septem.

1071 2460 1086 2474 ἰ
1099 2455 1183 2484 Zacb.
1198 2463 1235 2489 tv,
1252 2455 1280 2483 2.
1325 2459 1339 2475 ο
1351 2455 1425 2484 Jonte
1438 2463 1475 2488 tv,
1490 2455 1532 2482 ll.
1564 2459 1579 2480 P
1595 2454 1616 2482 ll
1628 2454 1695 2489 Reg.

696 2558 817 2586 VARLE
837 2557 1042 2586 LECTIONES.

114 2620 135 2637 “
143 2622 187 2648 τὸν
203 2622 268 2649 add.
285 2622 317 2650 Δ.
353 2622 376 2638 ’⁷
390 2619 586 2654 δυσεπικτητον
599 2627 629 2652 ς.

76 2654 215 2690 ἀναγκαίων
240 2673 275 2678 -
286 2656 453 2693 ψυχωφελῶν
470 2664 500 2688 ς.
528 2653 574 2671 Μ’
588 2653 667 2690 πρὸς]
683 2653 729 2680 καὶ
741 2653 808 2688 πρὸς
821 2654 854 2680 Α.

680 2618 704 2634 ⁸⁸
724 2617 866 2644 ἀποκναίει
885 2617 1088 2651 ἐσπουδακότας
1113 2627 1144 2652 ς.

1193 2618 1216 2635 ⁸³
1229 2617 1398 2654 ψυχωφελῶν
1411 2631 1446 2639 ——
1461 2615 1619 2651 ἀναγκαίων
1647 2614 1671 2642 Δ
1685 2621 1695 2640 :

823 2721 940 2751 NOTIE.

105 2784 156 2823 (ξδ)
171 2786 200 2823 tu
211 2786 321 2821 vulgata
346 2786 465 2823 editione
482 2784 582 2823 legitur
612 2783 740 2823 t'olttmert_
757 2781 858 2809 volam.

105 2821 157 2856 I59)
172 2821 230 2849 Huc
243 2819 295 2855 ego
318 2822 478 2857 particulam
501 2820 587 2852 οὕτως
610 2819 791 2847 commodiore
804 2826 851 2845 or-

76 2853 132 2884 dine
148 2853 163 2885 ε
177 2853 327 2892 superiore
336 2864 413 2885 versu
430 2859 550 2884 rteraao.

951 2781 1007 2817 (40)
1029 2779 1219 2817 Distinguendi
1239 2779 1334 2817 gratia
1350 2778 1394 2817 hic
1409 2775 1518 2817 stellula
1533 2774 1582 2803 luit
1597 2772 1631 2800 ad
1655 2780 1700 2802 ro-

906 2814 1019 2851 petituin
1035 2816 1106 2844 male
1121 2814 1266 2844 numerum
1284 2814 1444 2849 adjicienda.
