1916 3092
228 130 281 164 647

795 124 927 156 ΡΗΟἸἮ
948 123 1021 155 PAT
1026 121 1207 153 RIARCHB
1221 122 1275 153 CP.

1812 122 1863 154 648

229 187 331 214 llarnm
341 189 401 213 erat
410 191 463 212 una
476 191 544 211 nene
562 182 640 218 longa
648 182 682 209 ad
698 181 828 210 Joannem
841 181 1028 217 philosophum

1099 181 1148 217 μὸν
1162 181 1184 213 ζ’
1201 181 1249 208 καὶ
1260 179 1296 208 κ’.
1309 177 1361 206 ’Ὧν
1374 177 1409 216 ἦν
1423 178 1472 215 μία
1485 178 1657 214 πολύπιχος,
1675 178 1745 216 [καὶ]
1762 180 1780 214 ὴ
1797 181 1863 215 πρός

231 233 315 259 missa
331 240 339 258 :
355 231 432 264 cujus
447 230 505 256 haec
523 229 580 256 fere
601 228 690 262 capita
706 227 775 263 (40³)
793 236 801 255 :
819 227 952 257 Primum.
972 225 1020 253 1n-

229 278 354 312 crepalio
379 282 485 307 eorum,
505 274 563 308 [qui
591 273 782 301 haereticorum
809 277 970 304 sectatores,
989 279 1021 299 ac

233 324 406 359 putissimum
426 321 532 353 Severi,
559 319 744 348 defendendos
770 324 961 355 susceperunt.
975 319 1022 346 Al-

179 387 182 390 ι
234 376 322 398 terunt
344 368 452 400 deinde,
476 369 608 403 Uporlere
622 366 696 394 omni
711 365 816 393 ratione
831 366 954 392 traditam
976 373 1023 392 no-

232 416 275 442 bis
299 416 484 448 incorruptam
499 420 611 445 servare
637 412 810 447 religionem.
836 411 969 443 Tertium,
986 411 1023 438 De

231 460 396 491 diﬂ'erentia,
410 466 519 493 quaque
535 458 640 485 ratione
658 458 782 485 conliteri
796 457 839 492 pie
853 457 944 489 liceat,
957 458 1023 485 duas

238 507 264 532 in
294 505 404 532 Christo
432 509 493 539 post
518 503 646 530 unionem
663 508 786 529 naturas.
815 502 946 535 Quartum
969 506 1022 533 est,

233 553 383 580 Numerum
401 558 489 585 neque
504 550 637 580 dividere,
666 555 753 583 neque
773 548 870 580 dividi,
885 555 935 574 nec
954 547 1024 574 divi-

235 599 340 626 sionem
363 598 391 624 iu
408 597 566 623 universum
599 595 682 622 ullam
707 595 856 622 secundum
882 594 1022 628 propriam

235 646 370 673 rationem
403 644 503 671 aﬂ‘erre
534 643 578 675 iis,
610 643 708 676 quibus
735 641 854 668 additur.
882 635 1025 673 Quintum,

238 693 382 727 Quomodo
399 692 443 727 pie
464 698 594 718 numerus
607 691 640 717 ad
652 690 823 717 indicandam
846 688 1024 715 dill‘crentiam

235 739 408 766 adhibeatur.
422 738 547 770 Sextum,
565 737 708 770 Quomodo
722 736 795 763 beati
814 735 908 771 Cyrilli
924 735 1026 762 dictum

234 785 350 821 epistola
365 785 398 812 ad
412 783 579 811 Succensum
598 784 635 811 sit
646 783 852 818 accipiendum.
868 781 926 809 Non
943 781 1026 808 etiam

237 838 358 866 pugnare
373 831 443 857 hanc
458 837 551 857 vocem
562 830 589 856 in
603 828 716 860 duabus,
730 836 791 855 cum
804 828 847 859 iis,
869 827 914 862 qui
929 827 1025 854 dieuut

232 885 319 904 uitam
334 876 412 903 Verbi
430 881 553 902 naturam
568 882 679 902 carnem
704 881 765 901 esse
794 873 904 906 factum,
927 873 979 900 nisi
994 880 1027 900 ex

240 924 373 958 opinione
384 921 501 950 Nestorii
514 922 597 955 impie
610 925 743 948 sumatur.
759 919 922 953 Septimum,
936 926 1029 945 rerum

237 971 295 997 sive
307 969 520 997 substantiarum
530 967 587 1002 (41)
601 968 626 994 in
638 967 759 999 Christo,
770 973 832 993 esse
840 964 1030 995 dilferentiam,

237 1024 291 1043 non
309 1014 493 1050 qualitatum;
517 1020 681 1047 omnemque
705 1012 774 1038 adeo
793 1010 973 1038 dill'erentiam
984 1017 1033 1037 ne-

238 1062 367 1090 cessitate
378 1061 494 1095 quadam
504 1060 639 1086 adducere
648 1065 738 1085 secum
749 1064 843 1084 eorum
852 1063 966 1091 quorum
979 1061 1031 1088 est,

238 1108 415 1142 quantitatem
428 1115 436 1134 :
452 1104 680 1141 quemadmodum
697 1111 803 1130 rursum
815 1104 953 1138 quantitas
965 1102 1033 1137 (sive

236 1153 369 1181 continua
385 1153 430 1180 illa
446 1153 492 1184 sit,
505 1153 563 1179 sive
582 1149 711 1185 discreta)
736 1156 877 1176 numerum
900 1155 930 1175 se
940 1148 1033 1183 expri-

238 1204 364 1226 mentem
394 1197 517 1224 adducit.
537 1196 681 1226 Octavum,
701 1194 786 1228 lmpie
801 1193 866 1225 dici,
892 1192 1033 1219 Christum

239 1253 321 1272 unam
346 1251 409 1271 esse
436 1242 615 1277 compositam
648 1245 793 1268 naturam:
820 1238 941 1273 illudque
971 1244 1033 1264 cum

239 1291 357 1318 veritate
377 1295 510 1324 pugnare.
525 1287 643 1320 Nonum,
660 1287 697 1314 De
712 1284 851 1321 hypostasi
866 1283 1033 1318 composita,

242 1342 272 1364 et
287 1336 379 1364 brevis
395 1334 528 1369 expositio
542 1337 713 1368 receptarum
730 1332 764 1359 de
784 1330 836 1358 lide
849 1337 958 1361 vocum,
974 1336 1035 1364 quae

243 1388 319 1411 recte
330 1383 364 1410 de
384 1382 494 1409 Christo
514 1388 548 1408 ex
578 1387 627 1406 usu
655 1378 784 1405 Ecclesia:
804 1377 946 1404 catlmlicaa
971 1383 1035 1410 pro-

244 1429 380 1455 feruntur.
396 1426 547 1458 Decimum,
563 1425 601 1452 De
619 1424 764 1460 Hypostasi
779 1422 932 1457 composita
949 1420 1035 1455 magis

242 1473 377 1502 naturalis
390 1472 549 1507 disputatio,
563 1478 616 1498 una
636 1478 697 1498 cum
715 1475 843 1497 accurata
859 1469 1031 1496 demonstra-

1070 239 1132 258 τινα
1149 230 1172 246 ⁶⁰
1191 228 1337 264 φιλόσοφον
1363 227 1502 262 Ἰωάννην.
1520 222 1575 258 Ἧς
1591 227 1650 253 ἐστι
1674 227 1708 252 τὰ
1729 226 1866 260 κεφάλαια

1071 277 1181 313 πρῶτον
1195 275 1356 310 ἐπιτίμησις
1370 274 1427 305 τοῖς
1439 272 1611 308 ιδιεκδικοῦσι
1628 272 1691 304 τοὺς
1707 272 1862 307 αἱρετίξον-

1071 331 1122 355 τας
1132 342 1140 355 ,
1157 322 1206 349 καὶ
1218 321 1335 356 μάλιστα
1345 320 1409 352 τοὺς
1423 318 1478 346 ἀπὸ
1487 319 1619 354 Σεὸήρου·
1634 318 1761 354 δεύτερον
1772 319 1814 345 ὅτι
1827 319 1867 345 δεῖ

1073 368 1155 395 παντὶ
1170 367 1264 404 τρόπῳ
1276 365 1325 401 τὴν
1340 364 1565 401 παραδεδομένην
1579 364 1722 390 εὐσέϐειαν
1738 363 1804 400 [260
1820 364 1867 399 IL]

1072 413 1275 449 ἀπαράτρωτον
1284 412 1306 427 ⁴¹
1321 411 1522 445 διαφυλάττειν·
1538 410 1629 445 τρίτον
1645 410 1710 446 περὶ
1722 410 1866 445 διαφορᾶς,

1073 461 1121 488 καὶ
1134 459 1193 491 πῶς
1206 459 1282 486 ἐστιν
1298 457 1418 489 εὐσεϐῶς
1435 457 1481 483 δύο
1492 456 1588 492 φύσεις
1602 457 1649 483 ἐπὶ
1664 456 1784 490 Χριστοῦ
1798 456 1869 492 μετὰ

1074 507 1124 541 ’τὴν
1141 505 1238 532 ἕνωσιν
1251 505 1403 539 ὁμολογεῖνν
1417 503 1438 530 δ’
1459 503 1500 530 ὅτι
1513 504 1527 530 ό
1546 502 1663 538 ἀριθμὸς
1686 502 1747 529 οὔτε
1769 503 1870 539 διαιρεῖ

1075 552 1138 580 οὒτε
1150 552 1308 586 διαιρεῖται,
1319 550 1381 578 οὔτε
1394 550 1527 584 διαίρεσιν
1543 550 1647 583 εἰσάγει
1659 549 1728 576 κατὰ
1743 549 1788 575 τὸν
1804 550 1871 576 ἴδιον

1075 599 1153 633 λόγον
1167 598 1198 625 τὸ
1217 597 1339 628 σύνολον,
1358 595 1399 629 οἷς
1417 596 1582 630 ὲπιλέγεται·
1601 599 1622 622 ε’
1644 595 1703 627 πῶς
1719 595 1840 627 εὐσεϐῶς
1856 598 1871 623 ὁ

1076 645 1193 680 άριθμδς
1207 644 1276 680 πρὸς
1296 644 1412 679 δήλωσιν
1434 643 1485 677 τῆς
1501 643 1632 678 διαφορᾶς
1652 642 1871 678 παραλαμϐάνε-

1076 699 1132 718 ται·
1149 694 1176 724 ς’
1190 690 1250 722 πῶς
1332 691 1402 717 νοεῖν
1412 690 1462 725 τὴν
1475 690 1607 725 κειμένην
1625 690 1702 724 ῥῆσιν
1713 690 1741 716 ὲν
1753 691 1787 725 τῇ
1802 690 1873 725 πρὸς

1077 736 1227 763 Σοῠκενσον
1243 736 1372 771 ἐπιστολῇ
1391 735 1439 762 τοῦ
1459 735 1537 769 ἁγίου
1555 735 1701 770 Κυρίλλου,
1719 735 1767 761 καὶ
1781 735 1824 761 ὅτι
1839 735 1872 761 οὺ

1079 782 1196 817 μάχεται
1212 782 1229 816 ή
1244 780 1279 807 ἐν
1298 780 1352 808 δύο
1368 781 1444 816 φωνὴ
1454 782 1512 812 τοῖς
1526 780 1634 814 λέγουσι
1648 779 1714 815 μίαν
1729 780 1811 815 φύσιν
1824 780 1872 806 τοῦ

1078 828 1165 862 Λόγου
1190 827 1416 862 σεσαρκωμένην,
1437 827 1461 853 εἰ
1480 828 1516 862 μὴ
1543 827 1614 854 κατὰ
1637 826 1668 853 τὺ
1683 827 1706 842 ⁶²
1730 827 1876 862 Νεστορίῳ

1080 873 1175 900 δοκοῦν
1186 873 1291 904 ἀσεὸὦς
1302 872 1505 908 λαμϐανομένη·
1518 873 1541 905 ζ’
1552 872 1593 899 ὅτι
1603 872 1774 908 πραγμάτων
1787 873 1876 907 ἤγουν

1080 919 1179 946 οὐσιῶν
1197 919 1244 945 ἐπὶ
1266 918 1387 955 Χριστοῦ
1403 920 1420 954 ἡ
1434 919 1552 953 διαφορὰ
1565 939 1572 951 ,
1588 919 1646 945 ἀλλ’
1661 919 1692 945 οὗ
1707 919 1875 953 ποιοτήτων,

1081 966 1128 993 καὶ
1143 966 1184 992 ὅτι
1202 966 1277 993 πᾶσα
1292 965 1408 1000 διαφορὰ
1429 965 1459 998 ἒξ
1474 966 1598 999 ἀνάγκης
1614 965 1770 999 συνεισάγει
1788 966 1876 999 ἑαυτῇ

1081 1011 1131 1048 τὴν
1147 1009 1184 1038 ὧν
1193 1013 1251 1038 ἐστι
1265 1012 1418 1047 ποσότητα,
1435 1012 1482 1038 καὶ
1494 1013 1510 1047 ὴ
1523 1012 1644 1046 ποσότης
1656 1011 1738 1038 πάλιν
1751 1011 1797 1038 τὸν
1811 1012 1878 1038 ἑαυ-

1081 1057 1132 1091 τῆς
1146 1057 1315 1092 σημαντικδν
1331 1057 1459 1093 ἀριθμὸν,
1474 1058 1525 1085 κᾶν
1534 1067 1563 1085 τε
1581 1059 1696 1095 συνεχής
1711 1060 1770 1086 ἐστι
1784 1059 1838 1086 κᾶν
1846 1068 1878 1086 τι

1082 1103 1247 1139 διῃρημένη·
1270 1106 1295 1137 η’
1316 1104 1357 1130 ὅτι
1380 1104 1478 1135 ἀσεεές
1492 1105 1550 1131 ἐστι
1571 1104 1601 1130 τὸ
1615 1104 1706 1139 λέγειν
1730 1105 1796 1140 μίαν
1813 1105 1880 1132 σύν-

1083 1150 1161 1176 θετον
1174 1150 1254 1183 φύσιν
1265 1150 1310 1176 τὸν
1322 1150 1452 1185 Χριστὸν,
1469 1151 1516 1176 καὶ
1530 1152 1562 1186 τῇ
1570 1150 1692 1187 ,ἀληθείᾳ
1708 1151 1878 1186 μαχόμενον·

1084 1195 1107 1222 θ’
1121 1197 1187 1231 περὶ
1203 1196 1378 1227 ὑποστάσεως
1395 1196 1535 1229 συνθέτου,
1550 1197 1598 1224 καὶ
1614 1197 1722 1228 ἑκθεσις
1743 1197 1881 1232 σύντομος

1083 1242 1133 1277 τῆς
1148 1242 1328 1277 ὲκδοχῆς”τῶν
1344 1242 1432 1278 ὀρθῶς
1445 1243 1492 1269 ὲπὶ
1507 1243 1627 1276 Χριστοῦ
1643 1244 1715 1270 κατὰ
1737 1243 1786 1279 τὴν
1806 1243 1879 1269 καθ-

1084 1287 1178 1323 ολικὴν
1196 1288 1362 1323 Ἐκκλησίαν
1375 1289 1600 1324 ὁμολογουμένων
1616 1291 1666 1324 τῆς
1680 1289 1799 1321 πίστεως
1815 1298 1882 1324 φω-

1085 1334 1147 1361 νῶν·
1166 1333 1182 1360 ι’
1197 1335 1261 1369 περὶ
1284 1334 1460 1367 ὑποστάσεως
1476 1335 1605 1362 συνθέτου
1627 1337 1804 1370 φυσικωτέρα
1820 1337 1882 1363 διὰ-

1084 1378 1181 1414 ληψις,
1206 1380 1253 1406 καὶ
1277 1380 1414 1412 ἀπόδειξις
1437 1380 1555 1416 ἀκριϐὴς
1573 1380 1619 1407 τοῦ
1647 1381 1685 1417 μὴ
1707 1383 1764 1413 τοῖς
1787 1382 1883 1414 αὐτοῖς

1086 1424 1262 1459 περιπίπτειν
1285 1425 1349 1455 τοὺς
1366 1425 1566 1460 ὁμολογοῦντας
1582 1426 1648 1460 μίαν
1666 1426 1793 1453 σύνθετον
1810 1428 1882 1454 ὑπό-

1089 1478 1183 1496 στασιν
1196 1470 1242 1496 τδν
1252 1470 1371 1505 Χριστὸν
1383 1472 1440 1501 τοϊς
1454 1471 1520 1505 μίαν
1533 1471 1615 1498 αὑτὸν
1628 1471 1755 1499 σύνθετον
1769 1473 1883 1507 λέγουσι

245 1520 330 1551 tione,
358 1518 430 1553 quod
455 1517 482 1545 in
501 1517 596 1544 eadem
629 1522 800 1550 nequaquam
826 1513 958 1546 incidant,
987 1513 1032 1547 qni

1094 1515 1179 1550 p'JGW'
1199 1518 1235 1542 ια’
1257 1515 1299 1542 ὅτι
1319 1516 1391 1543 κατὰ
1415 1517 1568 1552 πρόσληψιν
1590 1518 1607 1552 ἠ
1629 1517 1699 1553 πρὸς
1718 1517 1768 1553 τὴν
1788 1518 1885 1554 σάρκα

244 1565 383 1592 Christum
401 1565 563 1599 proﬁtentur
577 1570 659 1590 unam
674 1562 852 1596 compositam
862 1560 1035 1595 hypostasin,

246 1618 309 1638 cum
322 1610 357 1637 iis
374 1610 420 1644 qui
434 1616 515 1636 unam
534 1616 596 1635 eum
611 1608 705 1635 dicunt
718 1614 780 1634 esse
793 1605 972 1640 compositam
989 1611 1038 1631 na-

246 1661 347 1683 turam.
384 1653 577 1685 Undecimum,
608 1652 704 1688 157D
735 1651 786 1678 Per
824 1649 1037 1685 asstitnptiouem

249 1702 352 1729 factam
366 1709 429 1728 esse
448 1700 533 1727 solam
546 1700 621 1727 illaut
640 1698 718 1726 Verbi
728 1705 790 1725 cum
806 1704 888 1724 carne
899 1697 1039 1726 unionem.

257 1755 385 1782 tanquam
402 1747 630 1782 pratexsisteutis,
640 1750 667 1773 et
678 1745 710 1772 ad
723 1745 850 1782 unionem
862 1743 952 1770 carnis
968 1741 1041 1768 uuiri

247 1794 388 1822 volentis:
407 1793 479 1828 quod
508 1793 536 1820 in
555 1792 607 1819 alio
632 1791 743 1819 omnino
758 1780 908 1825 composito
925 1788 1038 1816 minime

246 1841 420 1867 observetur.
454 1838 483 1866 in
507 1838 568 1865 aliis
593 1838 677 1871 enim,
715 1844 768 1864 non
800 1843 848 1870 per
879 1834 1038 1862 alterutrius

248 1885 461 1920 assumptionem
486 1885 515 1911 ﬁt
539 1885 615 1918 unio,
638 1885 686 1912 sed
708 1883 849 1913 ambobus.
869 1890 902 1910 ex
916 1889 948 1909 eo
960 1881 1032 1917 quod

1090 1561 1159 1596 μόνη
1176 1561 1224 1588 τοῦ
1240 1561 1327 1596 Λόγου
1351 1562 1464 1596 γέγονεν
1486 1562 1602 1596 ἓνωσις,
1625 1563 1663 1595 ὡς
1681 1563 1813 1598 προόντος
1834 1565 1886 1591 καὶ

1090 1607 1159 1641 πρὸς
1177 1607 1275 1634 ἕνωσιν
1290 1608 1391 1643 σαρκὸς
1410 1608 1545 1643 ένωοῆναι
1558 1610 1734 1644 θελήσαντος·
1749 1609 1819 1645 ὅπερ
1831 1610 1886 1637 οὐκ

1089 1653 1165 1680 ἔστιν
1193 1654 1261 1685 ὅλως
1286 1654 1330 1680 ὲπ*
1350 1654 1430 1681 ἄλλου
1461 1655 1516 1681 τῶν
1543 1655 1680 1682 συνθέτων
1709 1655 1783 1683 ἰδεῖν.
1820 1657 1887 1684 Ἐπὶ

1091 1701 1146 1735 γὰρ
1158 1700 1212 1726 τῶν
1223 1699 1310 1727 ἄλλων
1325 1700 1356 1727 οὐ
1370 1700 1440 1727 κατὰ
1454 1701 1608 1737 πρόσληψιν
1623 1701 1738 1737 θατέρου
1754 1703 1771 1736 ἡ
1785 1702 1888 1734 ἓνωσις

1092 1747 1216 1780 γίνεται,
1230 1746 1288 1774 ἀλλ’
1302 1746 1386 1781 ἄμφω
1403 1747 1549 1774 συνιόντων
1568 1749 1600 1774 ὲκ
1625 1748 1673 1774 τοῦ
1688 1749 1727 1784 μὴ
1744 1748 1822 1777 ὄντος
1846 1750 1888 1780 εἰς

1090 1792 1140 1827 τὴν
1164 1791 1212 1818 τοῦ
1239 1792 1368 1819 συνθέτου
1390 1792 1588 1828 συμπλήρωσιν
1606 1794 1654 1820 καὶ
1677 1794 1818 1821 οὑσίωσιν,
1856 1794 1889 1820 Ἥ

1093 1838 1144 1873 μὲν
1156 1838 1179 1854 ³³
1191 1838 1260 1873 πρὸς
1280 1838 1407 1874 Ἰωάννην
1423 1840 1551 1874 ἐπιστολὴ
1568 1839 1638 1876 αὕτη
1657 1840 1704 1867 καὶ
1722 1839 1758 1866 τὰ
1772 1841 1802 1866 ὲν
1816 1840 1888 1875 αὐτῇ

1088 1883 1232 1918 κεφάλαια.

248 1942 302 1962 non
323 1939 375 1967 est,
402 1935 436 1962 ad
468 1934 610 1968 compositi
647 1933 844 1968 perfectionem
872 1936 954 1966 atque
985 1933 1208 1960 consututionem
1234 1933 1470 1961 concurrentibus.
1493 1933 1555 1961 Haec
1575 1940 1639 1968 ergo
1655 1932 1739 1960 estad
1754 1932 1890 1961 Joannem

249 1982 373 2017 epistola,
392 1981 489 2016 eteius
505 1981 548 2007 illa
560 1981 659 2015 capita.

289 2026 466 2062 Reliquorum
492 2027 591 2054 deinde
622 2032 678 2054 tres
710 2026 779 2053 datae
802 2025 835 2051 ad
870 2024 1042 2052 Thalassium

253 2074 448 2108 presbyterum
462 2080 494 2099 ac
507 2072 664 2107 praefectum
680 2080 688 2105 ;
705 2072 764 2098 duae
781 2073 814 2098 ad
829 2070 958 2097 Joannem
971 2070 1045 2097 cubi-

252 2119 399 2152 cularium,
433 2119 545 2146 totidem
584 2120 618 2146 ad
659 2118 842 2153 Sophroninm
881 2117 1042 2143 monachum

253 2171 434 2200 cognomento
447 2165 608 2193 Eucratam:
624 2171 677 2191 una
691 2164 724 2191 ad
733 2163 865 2191 Joannem
875 2162 1044 2196 Sophistam,

252 2206 282 2238 ét
296 2210 384 2238 altera
410 2211 444 2237 ad
463 2210 572 2237 Janiam
591 2209 757 2245 praeleclam.
777 2208 875 2235 Iterum
898 2216 949 2235 una
973 2207 1045 2235 Tha-

255 2255 338 2283 lassio
351 2254 482 2291 praefecto
494 2263 526 2282 ac
538 2255 699 2290 presbytero
711 2253 805 2285 missa,
819 2252 902 2280 altera
920 2251 1046 2279 Iordane:

251 2302 432 2337 presbytero,
450 2301 643 2336 Stephanoqne
671 2299 799 2335 prtefecto
820 2306 851 2326 ac
879 2299 1047 2334 presbytero.

259 2346 317 2373 Una
332 2354 440 2381 quoque
453 2346 588 2382 Cyrisicio
614 2346 753 2380 episcopo,
779 2351 943 2378 rursumque
960 2343 1047 2371 altera

257 2390 355 2419 Joanni
387 2392 575 2424 cubiculario,
607 2390 733 2418 similiter
758 2395 785 2417 et
814 2389 953 2424 Stephano
979 2397 1049 2425 pra:-

259 2437 352 2471 iecto,
381 2445 442 2465 cum
473 2445 528 2464 una
556 2436 589 2464 ad
626 2436 764 2464 Cononem
797 2436 986 2472 presbyterum
1018 2443 1051 2463 ac

1133 2024 1194 2051 Τῶν
1207 2024 1230 2052 δ’
1247 2024 1336 2052 ἄλλων
1350 2025 1502 2052 ἐπιστολῶν
1520 2026 1594 2061 τρεῖς
1612 2024 1661 2060 μέν
1682 2025 1736 2051 εισι
1751 2025 1821 2060 πρὸς
1835 2025 1892 2052 8a-

1095 2069 1206 2097 λάσσιον
1231 2070 1418 2107 πρεσϐύτερον
1445 2071 1493 2097 καὶ
1515 2071 1677 2106 ἡγούμενον,
1700 2071 1747 2097 δύο
1769 2071 1799 2097 δὲ
1821 2072 1892 2106 πρὸς

1103 2116 1230 2150 Ἰωάννην
1258 2115 1492 2152 κουὸικουλάριον,
1517 2115 1564 2142 δύο
1587 2115 1616 2142 δὲ
1642 2115 1710 2150 πρὸς
1735 2115 1893 2150 Σωφρόνιον

1099 2160 1251 2196 μονάζοντα
1277 2161 1322 2188 τὸν
1346 2161 1461 2196 ἐπίκλην
1487 2161 1642 2196 Εὑκρατᾶν,
1668 2161 1717 2188 καὶ.
1744 2161 1794 2196 μία
1824 2162 1893 2195 πρὸς

1105 2206 1235 2241 Ἰωάννην
1263 2207 1404 2242 σοφιστὴν,
1427 2208 1475 2233 καὶ
1494 2207 1545 2242 μία
1562 2207 1630 2242 πρὸς
1649 2206 1747 2233 Ίανίαν
1773 2207 1894 2242 ἡγουμέ-

1094 2261 1157 2286 ννην,
1179 2252 1226 2278 καὶ
1242 2251 1291 2287 μία
1308 2251 1451 2288 Θαλασσίῳ
1468 2253 1613 2288 ἡγουμένῳ
1630 2253 1676 2279 καὶ
1692 2253 1893 2288 πρεσϐυτέρῳ,

1099 2299 1147 2324 καὶ
1164 2298 1213 2333 μία
1240 2298 1361 2335 Ἰορδάνῃ
1384 2299 1564 2335 πρεσϐυτέρῳ
1587 2299 1634 2326 καὶ
1658 2300 1789 2334 Στεφάνῳ
1811 2301 1894 2334 ἡγου-

1103 2344 1177 2380 μένῳ
1193 2344 1241 2371 καὶ
1265 2345 1445 2380 πρεσϐυτέρῳ
1457 2365 1464 2375 ,
1488 2346 1534 2372 καὶ
1550 2345 1599 2380 μία
1614 2345 1637 2361 ⁵⁸
1659 2345 1814 2380 Κυρισικίῳ
1832 2346 1894 2371 ἐπι-

1104 2391 1218 2426 σκόπῳ,
1238 2391 1285 2417 καὶ
1314 2391 1354 2417 ἔτι
1371 2391 1392 2407 ⁸⁸
1421 2391 1502 2426 ἑτέρα
1529 2393 1578 2425 μία
1609 2391 1720 2426 Ἰωάννῃ
1748 2392 1893 2417 κουῆιχου-

1102 2437 1209 2473 λαρίῳ,
1231 2436 1334 2473 ὁμοίως
1359 2438 1408 2464 καὶ
1435 2437 1563 2473 Στεφάνῳ
1593 2437 1776 2474 πρεσϐυτέρῳ
1804 2445 1855 2464 και
1876 2438 1894 2451 ⁶⁶

908 2517 1028 2545 νΑιιιΑῑ
1049 2517 1255 2547 LECTIONES.

295 2575 317 2591 ⁶⁰
335 2583 395 2612 τινα
411 2574 556 2612 φιλόσοφον
563 2574 701 2612 Ίωνάννῃνῖ
710 2574 836 2612 Ἰωάννην
843 2575 904 2602 τινὰ
919 2576 952 2612 ᾼ.
990 2576 1014 2591 ⁸⁸
1031 2575 1229 2612 ἁπαράτρωτον
1243 2577 1384 2603 εὐσέϐειαν
1397 2586 1426 2609 ς.
1465 2577 1487 2593 ⁸⁸
1499 2577 1567 2612 τὸτῷ
1582 2575 1722 2612 Νεστορίῳ
1737 2585 1766 2608 ςι.
1797 2576 1830 2612 7⁸³
1848 2578 1897 2611 μὲν

259 2608 305 2636 οὖν
320 2610 387 2645 πρὸς
396 2619 426 2642 ς.

260 2645 283 2660 ⁸⁸
297 2645 473 2680 πρεσϐυτέρῳ
490 2646 537 2671 καὶ
553 2646 616 2672 add.
632 2647 664 2673 Α.

480 2604 563 2647 “aut
579 2611 628 2647 μία
644 2604 878 2647 Κύῥισινδῳμιεο
891 2611 960 2638 infra
974 2604 1160 2646 ponitA'ante
1179 2612 1222 2639 tlla
1243 2619 1270 2640 ν.
1294 2613 1338 2640 l9.
1358 2604 1412 2639 nat-
1431 2612 1479 2639 δύο
1499 2612 1529 2640 ’1.
1554 2604 1559 2612 ’

1577 2612 1600 2627 ⁵⁵
1618 2611 1675 2646 μία
1698 2612 1740 2638 ἑτι
1760 2611 1843 2646 ἑτέρα
1869 2622 1895 2645 ς,

1020 2715 1136 2744 NOTAE.

299 2773 364 2808 (ω’)
383 2773 447 2807 Qua:
463 2781 530 2808 pene
545 2774 636 2801 omnia
661 2774 774 2810 repetita
791 2774 866 2810 leges
881 2774 913 2801 ad
935 2772 1044 2802 Petrum

263 2808 397 2837 Illustrem
409 2811 457 2836 tnl’.
469 2810 528 2837 cod.
545 2817 603 2844 seq.

1109 2774 1195 2845 logi)
1213 2773 1382 2802 Nuturarum
1408 2783 1514 2811 quoque
1530 2782 1631 2809 vertas.
1660 2782 1689 2804 ut
1711 2782 1806 2804 notum
1825 2780 1896 2805 theo—

1164 2820 1186 2837 ὃ.

1164 2820 1186 2837 5.
