1916 3092
237 145 287 178 651

809 146 941 177 PHOTII
961 145 1214 176 PATRIARCII/E
1233 145 1286 175 ΟΡ.

1812 143 1866 175 652

239 210 303 230 cum
321 202 526 238 quadringentis
539 201 591 228 illis
606 201 740 236 capitibus
751 201 830 237 quasi
839 202 1023 236 cognationem

1081 200 1184 235 φάλαια
1197 200 1246 235 τὴν
1263 199 1424 234 συγγένειαν
1437 197 1581 227 ἀνόθέυτον
1598 199 1734 226 δείκνυσιν
1750 199 1792 225 ὅτι
1807 199 1869 226 δια-

240 249 311 277 salis
323 249 453 277 declarat.

270 295 300 322 In
317 303 349 322 eo
376 295 434 329 ipso
457 293 594 320 volumine
618 293 706 321 lectus
733 293 791 329 (45)
819 293 888 321 liber
915 298 1025 320 centum

241 345 369 368 constans
385 339 530 374 capitibus,
548 343 576 366 et
594 339 663 366 alter
678 340 742 366 item
758 339 869 367 totidem
888 339 1025 373 capitibus

241 386 427 417 absolutus,in
453 386 551 420 quibus
570 392 622 412 non
648 385 735 412 solum
761 385 914 412 divinarum
934 393 1024 412 rerum

239 432 354 460 scientia
379 432 480 464 elucet,
506 431 552 458 sed
581 431 701 458 moribus
726 438 836 466 quoque
860 431 1027 459 exornandis

239 484 302 514 apta
320 478 444 506 doctrina
461 478 581 505 excellit.
599 478 720 511 Quorum
737 478 846 512 quidem
862 477 933 504 nulla
956 477 983 504 in
997 485 1027 504 re

238 533 300 552 cum
320 524 532 559 quadringentis
567 523 623 551 illis
651 523 787 558 capitibus
815 523 912 551 similis
933 523 1027 558 genius

238 570 447 601 adulteraretur,
459 569 482 597 si
495 577 548 596 non
564 569 709 604 suppositae
724 569 864 603 plerisque
877 568 1023 603 allegorias,

239 616 328 643 alliuia
344 616 400 643 haec
411 615 435 642 ei
454 616 556 649 scripto
570 615 772 650 quodammodo
788 613 936 647 elﬁcerent,
952 614 1024 647 quod

240 660 399 695 diligentem
417 658 490 686 illam
510 659 653 686 dubiorum
678 666 710 686 ac
728 659 894 686 solutionum
911 665 927 685 e
947 664 1024 685 sacra

240 707 382 741 Scriptura
415 705 634 740 explanationem
663 705 848 739 persequitur,
877 704 1022 732 Thalassio

239 753 399 788 presbytero
413 759 445 779 ac
461 751 587 786 prml‘ecto
615 751 780 778 dedicatum.
797 751 958 785 Quanquam
973 750 1023 777 ho-

239 806 299 826 rum
316 798 396 825 etiam
421 797 552 825 librorum
571 804 632 824 cum
662 797 715 824 illis
730 797 864 831 capitibus
883 797 1023 832 cognatio.

1080 247 1172 277 σώζει.

1120 289 1164 315 Ἐν
1177 289 1206 315 δὲ
1222 289 1259 324 τῷ
1273 289 1346 324 αὑτῷ
1361 289 1451 324 τεύχει
1466 290 1672 326 συνανεγνὼσθη
1686 290 1766 325 λόγος
1781 299 1869 326 κεφα-

1078 335 1164 368 λαίοις
1178 339 1200 371 ρ’
1213 335 1404 371 διειλημμένος
1416 356 1423 369 ,
1438 336 1486 362 καὶ
1501 336 1592 371 ἕτερος
1612 336 1712 372 ὁμοίως
1727 339 1784 369 τοῖς
1799 338 1867 370 ἴσοις

1078 382 1302 417 ἀπηρτισμένος,
1328 383 1357 409 ἐν
1383 379 1424 414 οἷς
1447 382 1570 417 Θεολογία
1593 391 1623 409 τε
1645 383 1795 418 διαλάμπει
1821 385 1870 411 καὶ

1078 428 1152 464 ὴθῶν
1164 429 1345 463 διακόσμησις
1366 429 1522 464 διαπρέπει.
1539 429 1593 456 Καὶ
1608 429 1659 456 οὐκ
1674 429 1708 456 ἂν
1729 430 1758 456 ὲν
1777 430 1869 457 οὐδενὶ

1078 474 1108 501 τὸ
1121 474 1240 509 ὀμοφυὲς
1260 475 1352 506 αὐτοῖς
1367 475 1434 511 πρὸς
1445 474 1480 501 τὰ
1492 478 1513 501 υ¹
1528 474 1663 509 κεφάλαια
1678 475 1828 506 ὲνοθεύετο,
1843 476 1869 501 εἰ

1079 519 1118 556 μὴ
1140 520 1171 547 τὺ
1195 521 1375 556 ἀλληγορικδν
1399 521 1429 547 ὲν
1450 520 1558 553 πολλοῖς
1577 521 1796 556 ὑποϐαλλόμενον
1818 521 1869 548 καὶ

1078 566 1202 601 ὁμόφυλά
1225 575 1285 599 πως
1310 567 1380 594 αὐτὰ
1409 566 1588 601 παραστῆσαν
1608 567 1629 582 ⁷⁵
1652 567 1686 602 τῇ
1721 566 1867 599 συντάξει,

1080 611 1144 648 [508
1157 611 1204 648 Ph]
1228 612 1289 647 ἥτις
1307 612 1453 647 Γραφικῶν
1466 612 1488 628 ⁷⁵
1500 612 1686 648 ἀπορημάτων
1700 613 1747 639 καὶ
1761 612 1869 639 λύσεων

1079 656 1187 684 ἔκθεσιν
1209 656 1356 689 σπουδάζει
1377 657 1425 683 καὶ
1448 657 1593 692 Θαλασσίῳ
1612 657 1672 683 ἐστὶ
1686 657 1868 693 πρεσϐυτέρῳ

1078 703 1126 731 καὶ
1142 703 1285 739 ἡγουμένῳ
1307 703 1564 739 προσπεφωνημένη
1577 723 1585 736 ,
1603 703 1633 730 τὸ
1655 703 1723 739 πρὸς
1740 704 1830 731 ταῦτα
1845 704 1868 719 ’τ

1079 750 1208 784 συγγενὲς
1229 749 1273 776 διὰ
1292 750 1341 785 τῆς
1366 750 1434 786 πρδς
1453 750 1562 785 ἐκείνην
1586 749 1750 781 οἰκειώσεως
1763 750 1868 777 ὑποδο-

1077 795 1185 831 λ”ιμαῖον
1200 795 1222 812 ⁷³
1238 794 1308 823 εἶναι
1321 796 1469 831 λογισμοὺς
1484 796 1669 832 ἀναῤῥιπίζει.

239 854 286 881 per
316 845 472 872 atIinitatem
501 853 562 872 cum
608 845 661 872 hoc
693 846 795 880 scripto
837 844 1034 881 [conﬁrmata],
1071 851 1167 872 omnes
1192 844 1306 880 repellat
1344 852 1441 872 causas
1485 843 1664 880 [suspicandi]
1695 843 1867 879 suppositum

237 901 299 921 eum
312 899 371 919 esse
386 891 479 918 fetum.

272 939 302 966 ln
310 939 404 967 eodem
415 938 496 966 simul
507 938 807 973 voluminelegehantur
814 939 898 966 variae
905 939 1025 974 ejusdem
1041 941 1065 971 Β

235 985 364 1020 Epiuon
374 993 384 1012 :
400 992 516 1020 quarum
528 984 614 1019 prima
628 984 661 1011 ad
670 983 781 1012 Petrum
796 983 942 1013 lllustrem.
959 985 1025 1019 Ejus

238 1032 334 1060 titulus
349 1040 356 1058 :
373 1031 469 1059 Oratio
485 1031 568 1058 brevis
583 1031 616 1057 de
642 1032 767 1065 mysterio
787 1030 888 1058 Christi
906 1030 1025 1063 Domini,

238 1083 261 1105 et
277 1078 402 1104 adversus
430 1075 518 1104 Severi
542 1076 677 1111 dogmata.
696 1075 791 1110 Capita
808 1077 865 1104 lucc
889 1075 959 1111 (46).
989 1075 1027 1104 De

238 1131 353 1151 numero
369 1130 384 1151 e
397 1127 495 1150 natura
513 1122 600 1157 magis
624 1121 708 1157 petita
722 1122 861 1149 tractatio.
881 1121 919 1149 De
947 1120 1026 1149 dill'e-

238 1170 327 1198 renlia
342 1173 370 1196 et
384 1169 518 1204 qualitate
535 1168 700 1200 accuratius,
716 1168 804 1202 deque
820 1168 917 1196 horum
929 1168 1026 1195 ortho-

238 1218 309 1243 doxa
322 1214 502 1249 professione.
515 1214 569 1241 Pro
579 1213 920 1248 blasphemiahabendum,
932 1214 954 1241 si
965 1213 1027 1248 quis

237 1263 276 1290 ita
290 1261 452 1297 simpliciter
462 1262 535 1288 dicat
562 1261 701 1288 Christum
719 1268 800 1288 unam
814 1268 874 1288 esse
887 1265 1025 1288 naturam.

239 1308 277 1335 De
292 1307 444 1342 composita
470 1311 579 1339 natura,
597 1307 710 1342 ejusque
727 1307 832 1334 ratione
846 1316 852 1334 :
867 1311 894 1333 et
911 1306 993 1340 impie
1011 1314 1026 1333 a

238 1353 400 1388 quihusdam
413 1353 478 1386 dici,
497 1352 638 1380 Christum
653 1360 735 1380 unam
758 1360 821 1380 esse
843 1353 1024 1387 compositam

240 1405 377 1428 naturam.
396 1398 447 1432 Qui
462 1398 565 1426 dixerit
580 1398 719 1427 Christum
738 1398 822 1426 Deum
839 1403 865 1425 et
884 1398 1025 1426 hominem

238 1450 301 1480 post
316 1445 455 1478 unionem,
483 1444 507 1471 is
523 1444 604 1472 simul
630 1452 691 1471 cum
706 1444 773 1479 ipsis
789 1444 944 1471 nominibus
959 1452 1025 1471 con-

238 1492 330 1519 ﬁtetur
343 1496 453 1519 naturas
468 1490 623 1518 necessario
631 1495 692 1525 post
705 1490 833 1518 unionem
848 1498 927 1524 esse;
941 1495 1024 1523 recte,

237 1543 268 1564 nt
283 1541 406 1572 apparet,
422 1541 450 1563 et
476 1541 677 1571 consequenter
696 1536 729 1563 iis
743 1543 802 1570 quae
818 1537 897 1568 dixit,
912 1538 1026 1564 credere

236 1583 342 1610 volens.
360 1582 455 1617 158b
490 1582 527 1609 De
557 1589 622 1608 voce
643 1581 670 1608 in
698 1580 811 1609 duabus.
842 1580 926 1609 Recta
956 1589 1023 1608 con-

236 1628 321 1655 fessio
338 1629 418 1655 unius
430 1633 537 1660 natura:
551 1627 632 1655 Verbi
648 1634 681 1654 ex
693 1627 803 1653 Patrum
825 1628 977 1659 sententia,
996 1631 1024 1654 et

237 1673 349 1708 rejectio
365 1674 444 1701 unius
455 1673 612 1708 compositze
623 1677 736 1699 naturae.
753 1671 790 1699 De
800 1672 936 1707 hypostasi
949 1680 1024 1700 com-

237 1719 324 1754 posita
354 1719 440 1753 magis
476 1717 609 1745 naturalis
641 1717 801 1752 disputatio.
822 1716 1023 1744 Demonstralio

237 1765 319 1792 item:
337 1763 429 1792 Nonin
442 1764 534 1791 eadem
550 1763 672 1790 incidere
681 1763 812 1796 absurda,
828 1763 873 1797 qui
884 1763 1021 1790 Christum

235 1817 297 1837 esse
314 1818 395 1837 unam
415 1810 592 1845 compositam
609 1809 767 1845 hypostasin
777 1809 949 1843 conﬁtentur,
962 1817 1021 1837 cum

236 1858 271 1885 iis
298 1857 343 1892 qui
364 1858 450 1892 ipsutn
464 1865 524 1885 esse
540 1862 670 1884 asserunt
687 1865 766 1884 unam
782 1857 959 1891 compositam
972 1864 1023 1883 na-

236 1909 337 1930 turam.
350 1903 403 1930 Pcr
417 1903 501 1930 solam
514 1903 728 1937 assumptionem
744 1903 842 1930 factam
868 1900 930 1929 esse
945 1902 1020 1929 illam

235 1950 385 1977 secundum
412 1957 521 1977 carnem
534 1950 660 1977 unionem
674 1948 778 1984 [Verbi]
805 1953 934 1983 tanquam
953 1956 1023 1984 pra:—

235 1996 392 2023 exsistentis
415 2000 443 2022 et
469 1995 607 2023 voluntate
638 1996 764 2023 unionem
778 1995 834 2031 (47)
860 2002 921 2022 cum
940 2001 1022 2022 carne

235 2041 386 2077 operantis.
399 2041 464 2068 Ha‘c
482 2042 514 2068 ad
527 2041 636 2068 Petrum
649 2041 797 2068 illustrem.

264 2087 355 2114 Altera
362 2086 460 2114 deinde
471 2087 502 2113 ad
509 2087 637 2115 Cosmam
649 2087 794 2113 diaconum
807 2085 1020 2113 Alexandrinum

235 2132 376 2165 scribitur,
393 2133 431 2160 De
444 2133 580 2160 communi
596 2137 624 2159 et
639 2133 757 2167 proprio,
773 2133 831 2159 sive
846 2132 879 2159 de
901 2132 1021 2159 essentia

234 2183 263 2205 et
279 2178 464 2205 subsistentia.
483 2176 568 2212 Hujus
579 2182 659 2212 caput
674 2177 791 2212 primum
810 2184 824 2203 e
838 2180 932 2203 natura
952 2184 1020 2210 prae-

234 2224 313 2258 cipua
328 2224 412 2259 petita
433 2223 559 2259 probatio
577 2227 618 2250 est
633 2231 640 2249 :
673 2222 745 2249 Nihil
761 2221 888 2249 videlicet
917 2229 1014 2249 eorum

1036 1610 1058 1641 C

233 2277 293 2304 qua:
308 2274 383 2302 sunt,
399 2271 468 2298 idem
487 2270 567 2297 etiam
581 2269 729 2296 secundum
748 2268 896 2296 essentiam
913 2273 940 2295 et
955 2267 1018 2294 suh-
1034 2284 1056 2311 Β

234 2316 384 2343 sistentiam
410 2323 470 2343 eum
485 2315 570 2342 altero
582 2322 654 2348 esse,
679 2319 821 2348 propterea
845 2313 916 2348 quod
943 2313 1015 2340 idem

234 2367 402 2395 nequaquam
417 2361 451 2388 sit
463 2360 582 2388 essentia
595 2364 677 2394 atque
693 2359 884 2392 Subsistentia,
905 2358 974 2386 adeo
986 2363 1017 2385 ut

232 2414 294 2442 qua:
318 2407 436 2435 essentia
465 2407 559 2435 eadem
588 2410 661 2438 sunt,
690 2404 864 2433 subsistentia
894 2403 1016 2440 [saltem]

267 2534 291 2550 ⁷⁵
307 2531 485 2568 παραστήσας
511 2531 535 2558 Α

563 2539 570 2558 :
593 2531 770 2565 παραστήσας

267 2538 291 2550 ⁷⁵
307 2538 485 2568 παραστησας
511 2538 535 2558 Α
563 2539 570 2558 :
593 2539 631 2557 πα

232 2571 256 2586 ⁷⁸
276 2567 487 2602 ὑπερϐολιμαῖον
520 2575 550 2598 ς.
594 2538 649 2602 ei

232 2639 293 2666 libri
304 2634 419 2664 κένωσιν
467 2636 490 2652 ⁸⁷
503 2635 660 2671 κεφάλαιον]
685 2634 752 2662 adde
764 2634 797 2661 α’.
835 2634 857 2650 ⁸⁸
869 2634 929 2660 καθ’
944 2636 966 2661 Λ
980 2644 987 2662 ;

1120 940 1164 966 Ἐν
1179 939 1270 974 ταυτῷ
1287 938 1316 965 δὲ
1332 936 1591 971 συνανεγνώσθησαν
1613 937 1660 963 τοῦ
1683 935 1766 963 αὑτοῦ
1785 935 1868 962 Ἐπι-

1077 984 1185 1012 στολαὶ
1196 984 1329 1019 διάφοροι.
1353 980 1403 1010 Ὧν
1420 983 1517 1019 πρώτη
1535 983 1584 1018 μὲν
1605 982 1673 1018 προς
1687 982 1791 1017 Πέτρον
1817 982 1869 1008 ’ῐλ-

1076 1028 1269 1067 λούστριον,ἦς
1284 1029 1425 1066 ἐπιγραφὴ
1436 1030 1458 1046 ⁷³
1476 1030 1536 1065 μὲν,
1552 1029 1620 1064 Περὶ
1640 1028 1692 1056 τοῦ
1707 1028 1783 1055 κατὰ
1799 1029 1870 1060 Χρι-

1077 1078 1154 1106 στὸν
1161 1078 1330 1112 μυστηρίου
1342 1078 1438 1113 Λόγος
1451 1077 1591 1111 ἐπίτομος
1601 1075 1650 1103 καὶ
1660 1075 1735 1102 κατὰ
1744 1074 1808 1111 [262
1819 1074 1868 1110 ll]

1077 1124 1136 1152 τῶν
1158 1124 1290 1158 Σεϐήρου
1316 1123 1478 1158 δογμάτων,
1496 1122 1631 1157 κεφάλαια
1653 1121 1682 1148 δὲ
1694 1121 1756 1147 τάδε
1772 1129 1779 1136 ·
1796 1122 1870 1155 Περὶ

1077 1170 1194 1206 ἀριθμοῦ
1219 1170 1393 1205 φυσικωτέρα
1417 1169 1558 1204 διάληψις,
1584 1168 1649 1203 περὶ
1665 1168 1798 1202 διαφορᾶς
1819 1167 1869 1193 καὶ

1078 1217 1219 1252 ποιότητος
1245 1216 1440 1252 ἀκριϐέστερον
1473 1215 1520 1241 καὶ
1542 1214 1592 1250 τῆς
1620 1213 1709 1241 αὐτῶν
1735 1213 1870 1245 εὐσεὸοὖς

1076 1263 1231 1297 ὁμολογίας·
1253 1263 1293 1290 ὅτι
1317 1262 1477 1297 βλάσφημον
1498 1261 1528 1288 τὺ
1551 1261 1641 1295 λέγειν
1665 1261 1751 1291 οὕτως
1771 1259 1869 1291 ἁπλῶς

1076 1310 1121 1336 τὸν
1135 1309 1253 1345 Χριστὸν
1275 1309 1340 1344 μίαν
1362 1308 1452 1343 φύσιν·
1475 1308 1540 1344 περὶ
1555 1307 1683 1334 συνθέτου
1696 1307 1803 1341 φύσεως
1817 1307 1869 1333 καὶ

1076 1357 1123 1384 τοῦ
1144 1356 1204 1383 κατ’
1219 1355 1303 1390 αὐτὴν
1324 1355 1415 1389 λόγου,
1431 1355 1478 1381 καὶ
1492 1354 1529 1386 ὡς
1541 1353 1687 1382 ἀσεϐοῦσιν
1701 1354 1726 1380 οἱ
1741 1353 1870 1387 λέγοντες

1075 1404 1121 1430 τὸν
1136 1401 1254 1438 Χριστὺμ
1267 1401 1331 1437 μίαν
1349 1400 1476 1428 σύνθετον
1487 1401 1510 1417 ⁸ο
1525 1401 1615 1434 φύσιν·
1631 1400 1672 1426 ὅτι
1689 1400 1703 1426 ὁ
1717 1399 1804 1433 λέγων
1820 1399 1870 1426 τὸν

1075 1449 1193 1484 Χριστὸν
1208 1448 1274 1475 Θεὸν
1295 1449 1342 1474 καὶ
1359 1447 1503 1483 ἄνθρωπον
1527 1446 1596 1482 μετὰ
1625 1446 1674 1482 τὴν
1689 1446 1786 1473 ἕνωσιν
1802 1454 1870 1472 συν-

1078 1494 1204 1530 ομολογεί
1219 1495 1274 1526 τοῖς
1286 1494 1399 1528 ὀνόμασι
1411 1493 1460 1525 τὰς
1482 1493 1577 1528 φύσεις
1598 1493 1628 1525 ἐξ
1649 1493 1773 1527 ἀνάγκης
1794 1493 1868 1527 μετὰ

1075 1541 1124 1576 τὴν
1138 1541 1245 1570 ἕνωσιν,
1262 1540 1351 1576 ὀρθῶς
1364 1539 1486 1575 δηλονότι
1501 1539 1548 1565 καὶ
1560 1539 1715 1570 ἀκολούθως
1733 1535 1773 1569 οἷς
1789 1538 1868 1571 λέγει

1075 1585 1215 1612 πιστεύειν
1231 1585 1378 1620 ᾑρημένος·
1396 1585 1461 1619 περὶ
1472 1584 1521 1619 τῆς
1533 1584 1569 1611 ἐν·
1582 1584 1637 1611 δύο
1651 1584 1783 1619 φωνῆς⁸¹·
1799 1585 1870 1618 περὶ

1074 1630 1123 1666 τῆς
1138 1631 1201 1665 μιᾶς
1213 1630 1258 1656 τοῦ
1272 1630 1353 1664 λόγου
1367 1629 1473 1664 φύσεως
1485 1629 1599 1664 εὐσεϐὴς
1610 1629 1632 1644 ⁸¹
1648 1628 1777 1663 ὁμολογία
1792 1630 1869 1656 κατὰ

1074 1677 1137 1708 τοὺς
1151 1677 1276 1711 Πατέρας
1288 1696 1296 1708 ,
1311 1676 1359 1703 ml.
1377 1676 1504 1710 ἀθέτησις
1522 1676 1572 1710 τῆς
1591 1676 1656 1710 μιᾶς
1671 1675 1800 1702 συνθέτου
1814 1677 1870 1710 φύ-

1075 1731 1154 1754 σεως·
1173 1723 1238 1757 περὶ
1255 1722 1431 1753 ὑποστάσεως
1455 1721 1582 1748 συνθέτου
1606 1721 1782 1756 φυσικωτέρα
1804 1721 1868 1748 διά-

1073 1768 1154 1804 ληψις
1166 1789 1174 1802 ,
1203 1769 1250 1795 καὶ
1269 1768 1407 1801 ἀπόδειξις
1428 1768 1466 1800 ὡς
1490 1768 1552 1803 οὐχ).
1568 1769 1625 1798 τοῖς
1642 1767 1733 1798 αὐτοῖς
1752 1767 1868 1799 ἀτόποις

1073 1814 1284 1850 περιπίπτουσιν
1305 1815 1330 1841 οἱ
1356 1814 1422 1849 μιαν
1443 1813 1571 1840 σύνθετον
1597 1813 1747 1841 ὑπόστασιν
1764 1813 1868 1848 ὁμολο-

1073 1859 1183 1893 γοῦντες
1193 1859 1238 1886 τὸν
1250 1858 1366 1894 Χριστὸν
1377 1859 1433 1890 τοῖς
1446 1858 1510 1893 μίαν
1521 1858 1602 1885 αὑτὸν
1614 1858 1741 1886 σύνθετον
1753 1859 1868 1892 λέγουσι

1073 1905 1165 1940 φύσιν·
1182 1905 1203 1932 θ’
1221 1905 1368 1939 κεφάλαιον
1381 1904 1404 1920 ⁸³
1420 1905 1460 1932 ὃτι
1478 1904 1549 1931 κατὰ
1569 1904 1722 1939 πρόσληψιν
1743 1905 1829 1940 μόνην
1842 1906 1869 1921 ⁸⁵

1072 1951 1088 1985 ἡ
1107 1949 1175 1985 πρὸς
1188 1949 1238 1985 τὴν
1251 1950 1340 1985 σάρκα
1353 1949 1463 1984 γέγονεν
1475 1950 1571 1981 ἓνωσις
1581 1971 1589 1981 ,
1603 1949 1641 1981 ὡς
1657 1949 1800 1985 προόντος,
1817 1952 1870 1978 καὶ

1073 1995 1205 2031 θελήματι
1217 1995 1265 2031 τὴν
1276 1996 1344 2031 πρὸς
1353 1996 1376 2012 ’³
1385 1996 1474 2031 σάρκα
1486 1995 1708 2031 διαπραξαμένου
1718 1995 1818 2023 ἕνωσιν
1830 1998 1867 2025 ⁸⁸.

1079 2041 1149 2067 Ἀλλ’
1167 2043 1183 2077 ἡ
1199 2041 1250 2076 μὲν
1265 2042 1334 2076 πρὸς
1351 2041 1455 2076 Πέτρον
1475 2041 1664 2077 Ἰλλούστριον.

1114 2085 1210 2122 Ἑτέρα
1233 2086 1261 2112 δὲ
1278 2086 1348 2121 πρὸς
1370 2086 1484 2121 Κοσμᾶν
1507 2086 1631 2112 διάκονον
1656 2086 1868 2121 ’Λλεξανδρεὶας

1072 2130 1137 2164 περ)⁹
1149 2129 1239 2156 κοινοῦ
1258 2130 1306 2156 καὶ
1323 2130 1400 2162 ἰδίου,
1416 2130 1555 2157 τουτέστιν
1570 2131 1664 2162 οὐσίας
1678 2131 1727 2158 καὶ
1743 2132 1869 2158 ὑποστά-

1073 2184 1151 2206 σεως.
1172 2172 1226 2207 Ἦς
1248 2176 1396 2210 κεφάλαιον
1408 2176 1430 2192 ⁸⁷
1448 2177 1603 2212 κατασκευὴ
1624 2177 1801 2212 φυσικωτέρα
1827 2179 1867 2210 ὡς

1071 2221 1146 2248 οὐδὲν
1162 2221 1217 2248 τῶν
1233 2221 1317 2248 ὅντων
1334 2222 1419 2258 ἑτέρῳ
1435 2223 1489 2249 τινὶ
1505 2223 1603 2250 ταυτόν
1617 2224 1676 2250 ἐστι
1692 2224 1753 2250 κατ’
1766 2225 1867 2251 οὐσίαν

1072 2268 1119 2294 καὶ
1135 2267 1294 2300 ὑπόστασιν,
1316 2268 1359 2294 διὰ
1383 2269 1415 2294 τὸ
1433 2268 1471 2304 μὴ
1493 2269 1590 2295 ταυτὸν
1615 2267 1684 2296 εἶναι
1701 2270 1797 2297 οὐσίαν
1815 2271 1867 2296 καὶ

1071 2314 1232 2345 ὑπόστασιν,
1247 2314 1314 2341 ἀλλὰ
1327 2314 1361 2341 τὰ
1379 2315 1428 2350 μὲν
1439 2315 1500 2341 κατ’
1514 2315 1608 2342 οὐσίαν
1622 2315 1708 2342 ταυτὰ
1722 2317 1784 2348 ταῖς
1800 2317 1867 2352 ὑποτ

1073 2360 1199 2388 στάσεσιν
1215 2361 1307 2397 ἕτερα,
1325 2361 1343 2388 ἃ
1358 2361 1386 2388 δὲ
1401 2362 1487 2389 ταυτά
1506 2361 1567 2388 καθ’
1579 2362 1602 2378 ⁸⁸
1619 2363 1781 2394 ὑπόστασιν,
1802 2364 1867 2390 κατ’

1073 2406 1167 2434 οὐσίαν
1186 2407 1234 2434 καὶ
1255 2408 1337 2442 φύσιν
1358 2407 1486 2443 διάφορα.
1504 2408 1636 2444 Δεύτερον
1652 2409 1694 2435 ὅτι
1714 2409 1729 2434 ό
1743 2409 1866 2444 Χριστὸς

863 2471 981 2499 γΑῐιιιΕ
1013 2472 1213 2502 LECTIONES.

859 2539 884 2562 ς.
940 2530 963 2546 ⁷⁸
977 2533 1172 2565 συγγραφικῶν
1187 2533 1219 2560 Α.

651 2574 665 2597 ς
683 2566 700 2600 ἡ
713 2564 856 2600 ἐπιγραφὴ
881 2574 910 2596 ς.
955 2565 978 2581 ⁸⁸
998 2564 1124 2594 σύνθετον

231 2604 292 2645 ϐξ
304 2600 450 2645 κεφάλαιον
461 2601 523 2645 add.
541 2602 584 2645 AI.‘
611 2600 744 2645 ⁸⁵⁷μόνην]
763 2600 961 2645 μόνηῃει·;ι¹1;1ρι
983 2601 1034 2627 157
1142 2600 1165 2619 ³⁵
1184 2604 1250 2639 πρὸς
1263 2603 1312 2639 τὴν
1324 2600 1366 2632 Α’;
1383 2600 1453 2630 κατὰ
1464 2612 1495 2636 ς.

1005 2644 1074 2662 κατα
1089 2644 1138 2672 την
1147 2647 1177 2670 ς.

1266 2533 1288 2550 ⁷⁷
1309 2542 1409 2568 προσπ.
1441 2533 1488 2560 καὶ
1514 2534 1545 2560 τὸ
1569 2533 1636 2568 πρὸς
1662 2532 1752 2559 ταῦτα
1774 2534 1803 2560 δὲ
1829 2543 1863 2566 ς.

1157 2568 1221 2601 μίαν
1237 2577 1267 2600 ς.
1305 2569 1328 2584 ⁸¹
1344 2569 1435 2603 φωνῆς
1453 2569 1499 2595 καὶ
1516 2568 1581 2602 περὶ
1592 2569 1625 2596 Α.
1664 2568 1686 2584 ⁸⁸
1695 2568 1818 2600 εὐσεϐῶς
1827 2571 1862 2595 Α.

1157 2604 1165 2618 ⁵
1184 2604 1250 2635 πρὸς
1263 2603 1312 2635 τὴν
1324 2604 1347 2631 Α
1360 2615 1366 2632 ε
1383 2603 1453 2630 κατά
1464 2612 1495 2635 ς.
1543 2604 1566 2619 ⁸⁸
1583 2603 1679 2635 ἓνωσις
1705 2604 1839 2631 Schottus
1854 2613 1862 2631 :

999 2693 1115 2722 NOTAE.

267 2750 422 2788 (45)]Iu1us
438 2754 588 2788 argtgnentt
604 2754 829 2788 centurLseptem
842 2750 869 2776 in
886 2750 1011 2788 bibliotli,

233 2785 322 2815 Va‘tie‘.
351 2785 591 2814 eistareaﬂirmat
616 2787 692 2812 card.
705 2785 850 2818 Barouius,
871 2791 935 2813 tom.
955 2785 1012 2813 \‘Ill

232 2823 331 2850 Annal.
345 2827 374 2848 ιιι
389 2826 417 2849 et
432 2821 580 2855 Angustani
596 2820 622 2847 in
638 2820 705 2855 Sud.

263 2858 319 2892 (56)
334 2857 421 2892 Supra
438 2854 544 2891 quoque
556 2855 609 2882 292
621 2855 654 2883 ad
666 2854 796 2885 Joannem
822 2855 1013 2891 philosophum

1064 2755 1230 2788 prmscripta.

1097 2788 1152 2824 (t7)
1168 2790 1285 2818 ’Ἑνωσιν
1300 2791 1415 2819 emcmlo
1426 2798 1459 2819 ex
1480 2790 1591 2825 epistola
1614 2792 1647 2819 ad
1663 2790 1776 2819 Petrum
1792 2790 1857 2818 illu-

1067 2828 1151 2852 strem
1164 2833 1238 2859 supr.
