1916 3092
66 171 116 202 653

600 168 861 199 BIBLIOTHECA.
881 181 916 185 —
938 168 1020 198 COD.
1039 169 1186 199 CXCXIVV

1646 169 1698 201 654

68 228 124 258 ταῖς
140 226 191 261 μὲν
215 225 276 253 κατ’
300 225 394 252 οὐσίαν
416 224 471 250 τῶν
490 224 598 251 οἰκείων
624 224 716 259 μερῶν
737 225 806 259 πρὸς
822 224 854 251 τὰ

908 224 1126 258 distinguantur;
1140 230 1167 252 ct
1180 224 1300 260 [contra]
1316 231 1376 259 qua:
1389 223 1569 251 subsistentia
1585 225 1694 257 eadem,

66 275 138 308 ᾰιιρα
154 271 311 307 κοινότησιν
325 270 470 304 ἐνούμενος
481 290 489 300 ,
503 269 553 304 τὴν
568 270 637 305 πρὸς
656 269 723 297 ἄλλα
737 271 792 296 τῶν
807 279 857 305 με-

66 320 121 354 ρῶν
136 318 296 353 σωζομένην
312 314 370 351 εῐχε
385 316 529 351 διαφορὰν,
552 316 612 348 ταῖς
635 315 665 342 δὲ
687 316 742 343 τῶν
764 317 856 351 μερῶν

67 363 181 398 ἰδιότησι
193 363 225 389 τὸ
241 361 302 389 καθ’
318 361 470 388 ὑπόστασιν
486 360 620 388 διεδείκνυ
638 360 677 392 ὡς
690 360 751 387 ὅλον
766 362 857 387 κοινὸν

65 409 240 444 ἀμφοτέρων.
257 408 284 434 Γ¹
298 408 339 434 ὅτι
350 407 385 433 τὰ
405 406 456 442 μὲν
471 406 533 433 καθ’
547 406 697 433 ὑπόστασιν
708 406 785 432 κοινὰ
801 406 856 433 τῶν

67 453 160 489 μερῶν
179 454 210 480 τὸ
229 453 301 485 ὅλον,
317 453 401 488 ἦγουν
414 453 461 479 τὸν
477 451 606 488 Χριστὸν,
623 450 754 486 ὴφόριζον
767 451 790 468 δ’
803 452 857 478 τῶν

64 501 169 534 ἄκρων,
187 499 221 526 τὰ
235 499 264 525 δὲ
285 499 346 525 κατ’
370 498 465 524 οὐσίαν
480 497 550 533 πρὸς
572 497 608 524 τὰ
621 497 694 531 ἄκρα
709 497 789 524 κοινὰ
802 497 857 526 τῶν

65 545 159 580 μερῶν
182 545 220 577 ὡς
243 544 303 572 ὅλον
320 544 441 580 συνῆπτε
461 545 518 576 τοῖς
534 544 632 577 ἄκροις
647 543 786 574 οὑσιωδῶς
810 542 857 569 τὸν

63 591 195 626 Χριστόν.
211 589 237 617 Δ¹
251 591 293 617 ὅτι
306 590 372 622 Θεὸς
386 590 518 625 ὑπάρχων
532 589 635 621 τέλειος
647 590 662 615 ὁ
677 588 796 624 Χριστὸς
808 588 856 615 καὶ¹

63 637 207 673 ἄνθρωπος
214 637 316 668 τέλειος
326 638 340 663 ὁ
353 636 445 668 αὐτὸς,
457 635 515 672 εἶχε
526 636 559 662 τὺ
567 635 657 662 κοινὸν
667 634 758 661 αὐτῶν
768 634 857 661 καὶτὸ

63 684 130 709 ἴδιον
143 680 185 714 οἷς
200 682 269 718 πρὸς
283 682 379 709 ἑαυτὸν
391 683 511 708 ἐποιεῖτο
523 682 573 716 τὴν
586 681 642 707 τῶν
652 680 747 716 ἄκρων
759 680 856 706 ἕνωσιν

61 728 110 754 καὶ
117 728 268 764 διάκρισιν,
281 729 316 763 τῇ
333 727 383 763 μὲν
398 728 466 763 πρὸς
481 726 576 753 ἐαυτδν
591 726 688 754 ἐνὼσει
699 725 754 753 τῶν
763 725 857 760 ἄκρων

61 774 91 799 ἐν
97 772 190 807 ἑαυτῷ
199 773 357 808 σωζομένας
366 772 416 805 τὰς
423 772 453 804 ἐξ
460 769 497 799 ὧν
505 772 633 807 συνετέθη
641 771 739 807 φύσεις
746 771 856 799 πιστού-

63 826 156 852 μενος,
172 819 208 853 τῇ
223 818 252 844 δὲ
276 817 345 853 πρὸς
369 818 466 844 ἑαυτὸν
488 817 622 852 διακρίσει
641 817 696 844 τῶν
716 818 809 853 ἄκρων
826 817 857 844 τὺ

63 861 210 896 μοναδικδν
220 861 271 896 τῆς
282 862 387 891 οἰκείας
400 862 537 897 παριστὰς
549 862 735 894 ὑποστάσεως.
751 862 780 889 ις’
792 863 856 897 περὶ

907 270 1028 296 essentia
1043 269 1096 296 sint
1113 274 1196 304 atque
1210 274 1308 297 natura
1316 270 1433 297 diversa.
1449 268 1604 297 Secundum
1617 276 1698 305 caput

907 315 960 342 ista
985 316 1100 350 exponit
1114 324 1121 342 :
1137 316 1263 343 Christus
1278 315 1430 343 rationibus
1452 315 1563 351 quidem
1575 323 1690 344 comnm-

907 360 987 388 nibus
1015 361 1166 388 secundum
1196 361 1344 389 essentiam
1368 360 1539 396 prbpriarum
1573 362 1693 396 partiutn

906 414 969 434 cum
981 407 1114 434 extremis
1129 407 1232 439 unitus,
1252 407 1356 435 salvam
1387 407 1414 434 in
1437 407 1550 441 reliquis
1576 407 1694 442 partium

907 453 1112 481 distinctionem
1152 453 1309 486 retinebat;
1344 457 1372 480 ιιι
1394 460 1459 480 vero
1483 453 1695 488 proprietatibus

907 498 1004 526 harum
1020 499 1137 533 partium
1163 499 1247 527 velttti
1273 503 1359 527 totum
1388 499 1522 534 quoddam
1549 499 1693 527 ambarum

906 550 1070 576 commune,
1096 544 1255 580 hypostasin
1281 543 1438 572 exhibebat.
1474 543 1696 578 'l‘ertinszute

907 591 1054 618 secundum
1071 590 1228 626 bypostasin
1242 597 1403 618 communes
1417 595 1496 617 erant
1507 591 1626 618 rationes
1637 597 1696 625 par-

907 637 986 669 tium,
996 641 1082 663 totum
1100 637 1199 671 ipsum,
1215 636 1241 664 id
1257 640 1300 664 est
1313 635 1467 668 Christum,
1486 635 1695 671 distinguebant

907 682 942 709 ab
956 682 1107 709 extremis:
1128 689 1189 717 quas
1210 689 1276 709 vero
1290 681 1596 709 secundumessentiam
1616 686 1696 708 erant

908 727 1061 754 communia
1083 728 1202 762 partium
1228 727 1263 755 ad
1280 732 1414 760 extrema,
1442 726 1581 754 Christum
1610 727 1694 754 veluti

909 777 996 800 totum
1012 773 1196 801 essentialiter
1212 780 1274 800 cum
1285 773 1415 801 extremis
1426 772 1587 808 iungebant.
1604 772 1694 806 Quar-

907 822 984 846 tum:
1004 817 1071 845 Cum
1085 817 1210 846 Christus
1222 819 1293 846 Deus
1312 819 1448 854 perfectus
1468 823 1551 851 esset,
1569 819 1695 853 idemque

908 863 989 890 homo
1021 864 1168 898 perfectus,
1189 863 1281 899 [simul
1311 864 1353 900 et]
1381 865 1453 899 quod
1478 871 1623 892 commune
1652 864 1694 892 his

60 909 197 942 διαφορᾶς
210 907 335 942 διάληψις
350 907 494 943 σύντομος,
510 908 544 935 δι’
555 905 589 943 ἧς
601 908 740 935 δείκνυται
751 908 782 935 τὸ
794 909 854 936 κατ’

907 915 966 937 erat
979 910 1105 944 habebat,
1123 915 1151 938 et
1174 912 1245 946 quod
1260 912 1398 946 propriutn
1417 911 1536 945 ;quibus
1556 915 1586 938 et
1602 913 1694 937 extre-

59 954 160 980 οὐσίαν
174 952 258 980 ποσὸν
272 953 328 981 τῶν
351 954 500 989 ήνωμὲνων
522 953 687 989 σωζόμενον.
712 955 747 988 ς’
768 963 854 981 κατα-

60 1000 149 1035 σκευὴ
157 999 314 1035 πλατυτέρα
323 1001 371 1028 καὶ
379 1000 555 1036 φυσικωτέρα
563 1001 627 1036 περὶ
635 1001 769 1036 διαφορᾶς
775 1002 822 1028 καὶ
830 1001 853 1017 ⁹⁰

58 1046 213 1081 too-timaret;
239 1046 287 1073 καὶ
311 1046 359 1073 τοῦ
393 1046 537 1082 δηλοῦντος
564 1047 650 1078 αὑτὰς
674 1047 697 1062 ⁹¹
722 1047 853 1082 ἀριθμοῦ.

58 1092 125 1128 [509
137 1091 185 1127 IL]
200 1092 228 1118 Z'
238 1092 279 1119 ὅτι
294 1092 308 1118 ὁ
323 1092 361 1126 μὴ
374 1093 475 1119 ταυτὸν
490 1092 567 1124 εἰδὼς
580 1092 662 1128 φύσιν
675 1092 722 1119 καὶ
736 1093 855 1119 ὑπόστα-

56 1148 103 1166 σιν
119 1138 243 1170 εὐσεσῶς
257 1139 303 1165 ἐπὶ
316 1138 434 1174 Χριστοῦ
451 1137 610 1174 δογματίζει
627 1138 677 1174 τὴν
692 1138 790 1165 ἕνωσιν
806 1138 854 1165 καὶ

55 1185 108 1219 τὴν
121 1184 268 1219 διαφορὰν,
282 1181 320 1211 ὧν
330 1184 360 1210 τὸ
374 1183 424 1219 μὲν
439 1184 536 1219 ὁρᾶται
550 1183 622 1210 κατὰ
633 1184 683 1218 τὴν
693 1184 851 1216 ὑπόστασιν,

54 1230 86 1255 τὸ
104 1229 135 1255 δὲ
159 1228 235 1255 κατὰ
250 1228 300 1263 τὴν
319 1228 409 1262 φύσιν.
427 1228 458 1254 Il’
475 1228 517 1254 ὅτι
532 1228 651 1263 Σεὸἧρος
666 1228 766 1255 ταυτὸν
782 1226 852 1255 εἶναι

54 1274 224 1310 βιαζόμενος
238 1274 319 1308 φύσιν
336 1274 384 1301 καὶ
402 1273 553 1300 ὑπόστασιν
576 1274 674 1308 συγχεῖ
688 1273 739 1309 τὴν
755 1273 852 1301 ἕνωσιν

53 1322 107 1349 καὶ
126 1321 203 1347 ποιεῖ
213 1320 235 1336 ⁸³
249 1320 382 1355 διαίρεσιν
398 1319 448 1355 τὴν
462 1320 608 1355 διαφοράν·
620 1319 683 1346 καθ’
699 1319 732 1355 ἠν
746 1319 852 1346 δείκνυ-

51 1377 102 1394 ται
118 1367 169 1394 καὶ
183 1367 229 1393 τὸν
243 1366 293 1400 τῆς
305 1366 328 1382 ⁸³
347 1366 462 1401 Τριάδος
478 1367 519 1397 εις
536 1365 652 1401 τετράδα
667 1366 850 1398 διασκεδάζων

52 1413 158 1446 Λόγον,
183 1412 231 1438 καὶ
246 1411 277 1438 τὸ
301 1411 351 1446 τῆς
375 1411 439 1446 μιᾶς
463 1411 589 1446 θεότητος
614 1410 791 1445 κατατέμνων
809 1411 850 1442 εις

51 1459 142 1486 δυάδα
159 1459 320 1494 μυστήριον,
344 1458 392 1484 καὶ
411 1458 502 1492 πάσης
515 1457 562 1484 τὸν
576 1457 693 1493 Χριστὸν
718 1457 847 1492 ὑπερορί-

53 1506 114 1538 ζων
128 1504 267 1536 οὺσιωδῶς
278 1504 301 1520 ’θ
312 1503 466 1537 ὑπάρξεως.
482 1503 547 1538 [265
559 1502 604 1539 R.]
619 1503 646 1530 6'
660 1503 768 1534 Eeratg
786 1504 848 1530 σύν-

51 1560 142 1586 τομος
165 1550 236 1585 μετὰ
251 1550 300 1584 τῆς
321 1550 405 1585 ὀρθῆς
425 1550 588 1583 συνηγορίας
602 1549 653 1584 τῆς
666 1549 783 1584 ἀληθοῦς
793 1549 848 1575 τῶν

52 1597 193 1631 Πατέρων
214 1595 370 1630 ὁμολογίας.
394 1595 463 1621 Ἀλλ’
479 1595 508 1621 ἐν
521 1595 627 1626 τούτοις
642 1595 691 1629 μὲν
706 1596 753 1621 καὶ
769 1594 848 1630 αὕτη.

53 1644 115 1670 Καὶ
128 1642 210 1676 δῆλον
224 1642 272 1669 καὶ
287 1641 315 1674 ἐξ
330 1640 418 1667 αὐτῶν
435 1641 489 1667 τῶν
507 1640 663 1674 κεφαλαίων
674 1641 704 1667 τὸ
719 1641 759 1672 εἰς
771 1640 851 1667 εὐσέ-

52 1690 137 1716 6ειαν
151 1689 300 1723 χρήσιμον.
326 1688 382 1714 Καὶ
407 1689 424 1722 ἡ
451 1687 552 1723 φράσις
573 1687 602 1714 δὲ
623 1686 660 1718 ὡς
679 1687 708 1713 ἐν
737 1686 849 1722 τοιαύτῃ

52 1735 84 1760 τὸ
102 1733 193 1768 σαφὲς
206 1733 300 1760 διώκει
314 1734 360 1760 καὶ
376 1733 427 1760 οὐκ
439 1733 575 1768 ἄκομψον.

908 963 1014 983 morum
1030 956 1064 982 ad
1079 957 1199 991 seipsum
1217 957 1344 985 unionem
1376 956 1521 989 alliciebat,
1539 963 1571 983 ac
1592 955 1695 983 discre-

908 1001 1018 1029 tionem.
1030 1001 1084 1029 Per
1109 1002 1236 1029 unionem
1252 1003 1360 1037 quidem
1384 1007 1582 1033 extremorum,
1602 1008 1693 1029 secum

906 1045 996 1073 salvas
1015 1046 1040 1072 in
1052 1046 1142 1080 seipso
1158 1052 1282 1078 naturas,
1300 1054 1335 1074 ex
1348 1046 1446 1081 quibus
1454 1046 1624 1081 compositus
1639 1049 1693 1078 est,

907 1095 1035 1118 testatum
1055 1091 1169 1125 faciens,
1183 1091 1230 1119 sed
1250 1092 1414 1119 discretione
1425 1096 1610 1119 extremorum
1622 1097 1637 1117 a
1652 1097 1693 1123 se,

904 1135 1023 1170 propriae
1036 1136 1213 1172 hypostaseos
1228 1136 1361 1169 exhibens
1380 1136 1525 1164 unitatem.
1538 1135 1669 1169 Quintum
1683 1143 1691 1162 :

906 1182 1003 1210 Brevis
1031 1183 1066 1210 de
1084 1182 1239 1211 tliﬂ'ercntia
1265 1183 1423 1217 disputatio,
1456 1189 1510 1217 qua
1539 1181 1694 1209 ostenditur

904 1229 1081 1256 essentialem
1100 1229 1241 1256 unitorum
1259 1229 1441 1264 quantitatem
1454 1227 1557 1255 salvam
1566 1226 1690 1254 retineri.

905 1276 1156 1304 Sextuszusior
1185 1276 1327 1311 magisque
1353 1274 1536 1310 philosophica
1565 1273 1694 1301 tractatio

901 1321 935 1348 de
946 1321 1095 1348 differentia
1119 1321 1169 1356 (et)
1194 1321 1355 1354 quantitate,
1379 1327 1413 1347 ac
1436 1319 1471 1347 de
1497 1325 1632 1351 numero,
1647 1317 1693 1352 qui

901 1367 998 1394 harum
1017 1367 1098 1394 index
1112 1372 1165 1394 est.
1193 1367 1344 1402 Septimum
1363 1376 1370 1394 :
1391 1366 1441 1400 Qui
1473 1366 1525 1393 scit
1553 1372 1606 1392 non
1634 1371 1695 1391 esse

900 1413 970 1441 idem
988 1417 1112 1440 naturam
1124 1419 1152 1440 et
1172 1413 1339 1448 hypostasin,
1352 1413 1375 1440 is
1389 1412 1432 1447 pie
1453 1412 1479 1439 in
1493 1411 1602 1439 Christo
1614 1409 1695 1437 tradit

900 1459 1050 1486 unitionem
1067 1466 1100 1486 ac
1125 1458 1307 1486 differentiam
1324 1467 1358 1486 ex
1384 1459 1482 1492 quibus
1506 1457 1550 1484 illa
1586 1455 1694 1491 quidem

899 1509 1036 1540 spectatur
1046 1505 1194 1532 secundum
1208 1505 1376 1539 hypostasin,
1391 1505 1448 1532 ham
1465 1511 1529 1531 vero
1546 1502 1694 1530 secundum

901 1556 1036 1579 naturam.
1049 1550 1179 1579 Octavum
1194 1550 1328 1578 :Severus
1341 1551 1404 1578 dum
1417 1557 1465 1584 per
1474 1550 1527 1577 vim
1542 1550 1612 1577 idetn
1628 1553 1689 1575 esse

904 1597 976 1631 cogit
989 1601 1114 1623 naturam
1129 1601 1209 1631 atque
1234 1596 1404 1630 bypostasin,
1431 1599 1458 1622 et.
1486 1595 1613 1622 unionetn
1628 1602 1694 1621 con—

904 1641 1003 1675 fundit,
1026 1646 1054 1668 et
1074 1641 1235 1669 divisionem
1263 1641 1328 1668 facit
1345 1641 1442 1676 159a
1473 1648 1505 1667 ex
1522 1639 1692 1667 diﬂerentia:

903 1689 976 1715 unde
992 1687 1175 1721 convincitur,
1189 1693 1218 1715 et
1233 1687 1376 1716 Trinitatis
1396 1688 1527 1714 rationem
1544 1687 1572 1714 in
1584 1690 1694 1721 quater-

903 1733 1014 1760 nitatetn
1029 1733 1191 1766 diffundere,
1207 1738 1233 1762 et
1250 1734 1330 1761 unius
1358 1733 1517 1768 mysterium
1543 1730 1694 1759 Divinitatis

53 1781 81 1808 in
93 1780 151 1807 duo
166 1786 272 1810 secare,
288 1780 361 1806 etab
377 1779 450 1806 onmi
467 1779 548 1806 simul
562 1779 734 1807 substantiali
765 1777 939 1806 subsistentia
962 1778 1099 1806 Christum
1133 1784 1269 1808 extorrem
1301 1779 1403 1807 facere.
1443 1778 1546 1806 Nonum
1567 1786 1575 1805 :
1599 1776 1692 1804 Brevis

52 1833 98 1855 est
115 1825 264 1862 expositio,
280 1833 340 1853 cum
358 1831 431 1853 recta
448 1825 604 1854 defensione
617 1833 688 1854 verae
706 1831 860 1853 sanctorum
876 1824 986 1852 Patrum
1002 1825 1188 1854 confessionis.
1201 1826 1230 1854 In
1240 1826 1283 1854 his
1294 1833 1360 1862 ergo
1374 1826 1418 1853 illa
1433 1831 1557 1853 versatur
1569 1823 1691 1859 epistola,

54 1882 85 1903 ιιι
106 1882 142 1902 ex
165 1873 233 1907 ipsis
256 1880 318 1899 tnox
341 1871 476 1906 capitibus
500 1877 590 1908 pateat
615 1873 674 1908 ejus
698 1873 732 1900 ad
758 1872 868 1907 pietatis
883 1873 1000 1899 studium
1016 1873 1228 1906 promovendnm
1243 1873 1355 1900 utilitas.
1385 1873 1472 1900 Dictio
1486 1879 1577 1908 porro,
1612 1877 1642 1899 ut
1663 1872 1689 1898 in

55 1930 85 1950 re
116 1920 178 1952 tali,
197 1919 418 1954 perspicuitatem
444 1923 576 1951 sectatur,
600 1926 687 1953 neque
705 1924 748 1946 est
768 1918 918 1954 inelegans.

93 1969 160 1995 Ἔτι
174 1966 204 1993 δὲ
220 1965 288 2001 πρὸς
305 1965 423 2000 Πύρρον,
438 1965 480 1991 ἔτι
491 1965 679 2001 πρεσὸντέρου
695 1965 729 1982 ⁹¹⁸⁵
748 1965 852 2001 βαθμὸν

52 2017 158 2051 ἔχοντα
174 2012 223 2040 καὶ
246 2011 324 2038 οὔπω
337 2011 389 2045 τῆς
410 2012 609 2046 ἀρχιερατικῆς
624 2011 760 2039 ἐπιϐάντα
786 2011 853 2038 καθ-

53 2063 152 2098 έδρας.
179 2059 287 2091 Θειάζει
307 2059 330 2087 δ’
344 2060 373 2085 ἐν
387 2059 456 2093 αὐτῇ
487 2057 533 2085 τὸν
561 2058 681 2093 Πύρρον,
693 2058 739 2084 καὶ
753 2057 852 2092 εὐσεϐῆ

53 2109 161 2142 γνῶσιν
178 2106 253 2141 αὑτῷ
278 2107 327 2134 καὶ
355 2105 483 2139 ὁσιότητα
510 2103 740 2139 ἐπιμαρτύρεται.
774 2103 854 2130 Ἀλλὰ

54 2154 103 2180 καὶ
120 2151 190 2188 περι
199 2159 291 2184 τινων,
304 2151 343 2183 ὡς
356 2150 455 2182 ἔοικεν,
469 2149 635 2182 ἀξιώσαντος
654 2148 730 2183 αὐτῷ
743 2149 851 2184 γραφῆ-

53 2208 100 2226 ναι
118 2200 133 2225 ὀ
144 2198 230 2232 σοφὸς
244 2197 370 2231 Μάξιμος
381 2197 412 2223 οὑ
425 2197 504 2231 μόνον
516 2197 700 2231 παραιτεῖται,
718 2195 850 2230 ἰσχνόφω-

53 2253 100 2271 νον
115 2243 219 2271 sauth
229 2243 277 2270 καὶ
295 2243 507 2279 βραδύγλωσσον
530 2236 689 2272 ἀποκαλῶν,
703 2241 761 2279 dar
785 2242 849 2268 ἀντ’

936 1964 1037 1992 Scribit
1060 1969 1189 1999 praeterea
1203 1963 1318 2000 Pyrrho,
1341 1965 1472 1999 dignitate
1489 1970 1545 1992 tum
1562 1966 1690 2000 temporis

901 2009 1070 2045 presbytero,
1085 2015 1113 2037 et
1127 2010 1285 2038 cathedram
1298 2018 1435 2038 summam
1453 2012 1569 2040 nondum
1583 2012 1689 2047 adepto.

902 2055 960 2089 Qua
985 2055 1013 2082 in
1032 2056 1146 2090 epistola
1162 2057 1283 2084 divinum
1305 2064 1366 2084 eum
1389 2057 1529 2091 praedicat,
1552 2062 1580 2085 et
1597 2058 1691 2085 ortho-

903 2101 1000 2129 doxam
1022 2102 1103 2128 ﬁdem
1121 2102 1171 2136 ipsi
1187 2109 1220 2130 ac
1236 2103 1443 2131 sanctimoniam
1465 2111 1514 2130 suo
1535 2104 1691 2131 testimonio

903 2147 1009 2174 tribuit.
1025 2147 1076 2180 Qui
1093 2153 1121 2175 et
1136 2148 1170 2175 de
1184 2148 1357 2182 quibusdam,
1371 2155 1401 2176 ut
1426 2154 1547 2184 apparet,
1571 2150 1691 2178 scribere

903 2192 1050 2220 Maximum
1065 2201 1128 2221 cum
1143 2199 1275 2228 rogasset.
1290 2195 1399 2228 sapiens
1413 2195 1457 2222 hic
1476 2196 1519 2222 vir
1534 2203 1587 2222 non
1602 2194 1689 2222 solum

904 2240 1111 2274 tergiversatur,
1121 2240 1229 2268 balbum
1243 2240 1299 2275 (48)
1312 2248 1342 2268 se
1355 2246 1382 2268 et
1393 2240 1523 2268 infantem
1531 2240 1669 2275 appellans
1681 2250 1688 2268 :

55 2290 130 2322 αξιοί
136 2289 222 2316 αὑτὸν
227 2290 250 2305 ⁹⁵
258 2275 403 2324 γράμματι
412 2288 511 2322 μᾶλλον
518 2287 633 2321 διδάξαι,
641 2287 683 2317 τίς
690 2288 706 2322 ἠ
712 2275 847 2322 ἐνέργεια,

906 2292 996 2312 verum
1018 2291 1112 2312 contra
1136 2285 1299 2319 obtestatur,
1314 2291 1343 2313 ut
1366 2294 1414 2320 per
1431 2286 1535 2314 litteras
1557 2294 1587 2314 se
1600 2286 1690 2322 potius

56 2337 106 2362 καὶ
120 2334 241 2370 ὁσαχῶς,
253 2335 301 2361 καὶ
312 2335 338 2361 τί
352 2335 428 2370 παρὰ
443 2334 543 2369 ταύτην
565 2333 624 2360 ἐστὶ
645 2333 675 2360 τὸ
697 2333 850 2368 ἐνέργημα,

57 2382 106 2408 καὶ
123 2381 150 2406 τί
171 2380 276 2406 τούτων
290 2380 445 2415 διενήνοχεν
475 2380 492 2414 ἡ
517 2379 616 2415 πρᾶξις
644 2379 692 2406 καὶ
711 2379 741 2406 τὺ
758 2379 849 2414 ἔργον,

57 2426 106 2452 καὶ
123 2424 187 2456 πῶς
205 2424 264 2451 ἐστι
281 2424 400 2460 λέγεινῆ
425 2425 526 2451 ἐννοεῖν
545 2424 596 2458 τὴν
611 2424 675 2459 μίαν
697 2423 849 2459 ἐνέργειαν.

61 2471 136 2498 Ἀλλ’
149 2472 180 2498 ἐν
199 2470 305 2503 τούτοις
323 2471 373 2506 μὲν
392 2471 441 2497 καὶ
457 2471 474 2506 ὴ
487 2470 555 2506 πρδς
569 2470 688 2506 Πύρῤ⁰ν’

96 2561 203 2596 Γράφει
216 2560 245 2586 δὲ
259 2560 305 2586 καὶ
317 2560 385 2596 πρὸς
395 2560 497 2595 Θωμᾶν
518 2568 589 2592 τινα,
601 2560 784 2595 αἰτησάμενον
799 2562 849 2596 ρη-

59 2608 115 2635 τῶν
132 2616 218 2635 τινων
238 2606 437 2642 ἀπορουμένων
449 2606 599 2638 ἐπιλύσειας.
611 2606 652 2633 Τὰ
660 2606 688 2632 δὲ
710 2607 780 2642 ρητὰ
802 2605 849 2632 τοῦ

903 2331 1000 2358 doceat
1019 2339 1026 2358 :
1043 2331 1113 2364 Quid
1125 2332 1258 2366 operatio,
1272 2338 1299 2360 et
1313 2333 1460 2367 quotnplex
1473 2333 1485 2359 ‘1
1499 2337 1523 2359 et
1544 2333 1608 2367 quid
1623 2340 1690 2367 pra»-

905 2382 945 2404 ter
960 2377 1029 2404 hanc
1044 2377 1078 2404 sit
1092 2377 1226 2405 effectus?
1241 2378 1359 2413 quidque
1374 2379 1462 2405 abhis
1477 2378 1604 2406 diflerant
1619 2379 1691 2406 actio

903 2427 931 2448 et
954 2423 1045 2456 opus?
1059 2427 1086 2450 et
1102 2431 1220 2457 quanatn
1237 2425 1323 2458 possit
1351 2424 1457 2451 ratione
1477 2425 1528 2452 dici
1548 2424 1690 2456 sentirive.

905 2474 986 2494 unam
1013 2475 1073 2495 csse
1099 2468 1126 2494 in
1155 2467 1263 2495 Christo
1286 2469 1497 2503 operationem?
1519 2472 1608 2504 Atque
1633 2471 1690 2498 haec

905 2513 1012 2548 quidem
1026 2513 1051 2539 in
1070 2513 1183 2547 epistola
1201 2514 1233 2540 ad
1252 2513 1396 2549 Pyrrhum.

939 2558 980 2586 Ad
1002 2559 1133 2586 Thomam
1159 2559 1214 2595 (49)
1231 2560 1340 2594 insuper
1352 2563 1495 2595 quemdam
1517 2562 1621 2595 scribit,
1641 2562 1686 2597 qni

904 2604 1092 2639 ambiguorum
1102 2606 1279 2640 quorumdam
1296 2607 1416 2634 locorum
1431 2608 1578 2636 solutiones
1595 2613 1688 2643 postu-

700 2681 818 2709 νΑιυιΕ
837 2682 1039 2713 LECTIONES.

99 2740 121 2756 δ’
135 2741 183 2767 τὸν
205 2739 325 2775 Χριστὸν
349 2739 480 2775 ὴφόριζον
503 2740 524 2765 Α
546 2739 707 2775 εὰερῴριζον
730 2749 761 2772 ς.

57 2782 131 2803 corr.
154 2776 188 2802 A.
228 2775 251 2791 ⁸³
271 2775 320 2809 τῆς
341 2783 396 2802 οιιι.
421 2775 453 2802 Α.

809 2741 831 2756 ’⁵⁸³
848 2742 896 2768 καὶ
925 2747 989 2770 ante
1016 2752 1077 2770 ποσ.
1094 2744 1160 2770 add.
1175 2744 1208 2770 A.

492 2774 515 2791 ’δ
528 2774 672 2806 οὑσιώδους
688 2782 742 2810 mg.
782 2775 815 2791 9“
833 2775 860 2809 β.

1246 2745 1268 2761 ’ί
1282 2745 1366 2777 αὐτὰς
1380 2754 1434 2773 om.
1464 2746 1498 2774 A.
1534 2747 1556 2762 ⁹¹
1570 2747 1688 2773 ποιεῖται

877 2778 976 2812 πρεσὸ.
1013 2779 1036 2795 ’⁷⁵
1048 2779 1128 2806 αὐτὸν
1143 2780 1189 2806 καὶ
1202 2788 1249 2815 γρ.
1266 2781 1298 2808 Α.

820 2832 936 2862 ΝΟΤΑΞ.

100 2878 154 2915 (48)
169 2878 253 2906 Musis
265 2877 387 2912 exemplo
401 2877 484 2905 Exodi
503 2885 537 2904 tv.

940 2881 994 2918 (i9)
1012 2882 1336 2919 Constantinopolitanum
1353 2884 1466 2914 forsitan
1487 2887 1633 2922 patriarch.
