1916 3092
248 161 300 195 653
458 148 460 151 Ι
807 162 937 192 ΡΙΙΟΤΙΙ
959 161 1210 191 I’ATIllARClL’E
1225 161 1269 192 ΟΡ

1817 162 1869 192 650

239 222 321 248 latrat.
340 219 424 245 l-Zrant
449 225 539 246 autem
561 219 683 254 quax-lam
703 219 826 252 Gregorii
847 218 989 253 Theologi,
1005 223 1025 244 el

1086 218 1213 252 θεολόγον
1228 219 1258 245 τέ
1274 220 1332 245 ἐστι
1347 218 1496 254 Γρηγορίου
1515 218 1562 244 καὶ
1575 218 1622 244 τοῦ
1633 217 1705 244 θείου
1719 219 1868 251 Διονυσίου,

240 267 324 294 divini
343 265 462 300 Dionysii
478 266 654 292 assertioncs.
668 265 707 291 Ex
721 265 793 292 illius
807 264 914 298 quidem
928 264 1026 290 oratio-

241 321 276 341 ne
287 313 322 340 de
333 311 400 339 Filio
415 312 483 347 (50),
496 312 538 338 illa
559 321 569 337 ι
586 311 734 345 Propterea
758 311 848 337 unitas
865 318 880 337 a
892 310 1026 344 principio

238 363 325 389 mota,
346 367 356 383 ι
387 362 415 385 et
427 366 487 392 qua:
503 361 652 391 sequuntur
670 364 677 388 ;
693 361 742 382 et:
765 365 773 381 ι
792 355 902 383 Unilate
916 354 1026 390 quidem

240 403 275 429 ob
304 403 411 430 divilias
441 407 511 429 mota
532 411 538 428 :
560 411 568 427 ι
586 401 659 435 quod
686 406 727 427 est
745 408 778 426 ex
795 400 919 427 oratione
941 400 1025 434 ipsius

240 450 324 476 altera
339 449 395 483 (51)
410 448 446 474 De
455 455 530 480 pace.
544 446 635 472 Altera
647 446 724 472 hmc:
740 454 750 470 ‹
766 445 816 473 Uni
831 453 894 472 vero
904 445 997 478 capiti,
1013 453 1022 470 ι

234 500 268 521 et
282 494 395 528 reliqua.
409 492 513 523 Tertia.
528 500 561 519 ex
576 499 607 519 ea
623 491 679 525 ipsa
696 491 827 522 oratione,
855 491 898 517 illa
916 498 924 517 :
943 499 952 516 ‹
977 489 1026 517 llic

240 541 313 567 enim
343 541 388 573 qui
417 546 487 565 nunc
504 546 520 565 a
546 543 571 564 te
603 537 784 564 contemnitur
807 537 874 572 (ὅῖ),
896 542 949 563 iet
967 543 1026 570 quae

240 591 398 620 sequuntur.
415 584 538 617 Quarta:
559 592 568 608 ι
588 582 623 610 Ut
640 583 755 610 Verbum
775 583 845 609 enim
867 590 952 616 neque
962 583 1026 609 obe-

240 631 316 656 diens
344 633 411 660 erat,
440 636 526 662 neque
550 628 708 655 inobediens
731 628 799 663 (55),
832 637 841 653 ι
862 633 889 655 et
916 632 1023 654 caetera.

240 675 326 702 liii-ini
342 682 405 700 vero
421 674 539 708 Dionysii
552 673 615 700 illud
627 673 758 708 explicat:
771 683 779 699 ι
798 673 935 706 Quomodo
948 673 1024 706 dicis,

234 719 326 751 Jesus,
348 720 393 754 qui
408 724 450 745 est
471 727 552 752 supra
573 719 678 751 omnia,
696 727 757 746 cum
782 719 906 746 onmihus
918 724 959 746 est
975 719 1026 746 lio-

239 763 356 790 minibus
374 763 590 790 substantialiler
608 764 781 790 coordinalus
802 763 870 798 (54),
888 773 896 789 ι
920 768 949 790 et
962 763 1026 790 reli—

237 816 289 842 qua
305 816 312 834 :
329 813 357 835 et
383 807 434 834 alia
451 808 514 834 item
530 808 603 834 varia
624 808 694 835 loca.
709 808 774 842 Qua:
786 809 894 844 quidem
913 809 1026 842 epistola

240 853 283 880 illa
301 854 334 880 ad
347 853 479 881 Thomam
496 853 582 887 prima
598 855 772 881 continentur
791 862 798 880 :
818 861 878 881 nam
895 854 922 881 in
942 854 1025 881 altera

1080 265 1112 290 ὲκ
1132 265 1181 299 μὲν
1191 264 1238 291 τοῦ
1253 265 1316 299 περὶ
1332 264 1397 291 Υἱοῦ
1414 265 1454 295 εἰς
1470 265 1512 296 τὸ,
1529 275 1538 290 ι
1557 265 1605 290 Διὰ
1619 263 1699 290 τοῦτο
1716 265 1800 299 μονὰς
1821 266 1869 292 ἀπ’

1079 311 1168 346 ἀρχῆς
1180 311 1347 346 κινηθεῖσα,ι
1362 312 1408 337 καί
1417 310 1491 346 ἑξῆς,
1505 309 1579 343 καὶ,‹
1601 310 1714 345 μονάδος
1727 311 1776 345 μὲν
1790 320 1869 347 κινη-

1081 356 1174 390 θείσης
1189 356 1233 382 διὰ
1247 356 1277 382 τὸ
1301 356 1437 388 πλούσιον,
1460 366 1470 382 ι
1488 357 1556 391 ὅπερ
1576 356 1649 383 ἐστὶν
1665 357 1697 382 ὲκ
1711 356 1759 382 τοῦ
1775 357 1869 383 δευτέ-

1081 410 1128 437 ρου
1146 401 1305 436 Εἰρηνικοῦ·
1322 401 1343 435 β’
1358 402 1398 433 εἰς
1414 401 1454 434 τὸ,
1471 411 1480 427 ι
1507 402 1548 428 ἐνὶ
1571 401 1599 428 δὲ
1617 402 1767 436 κεφαλαίῳ,
1786 411 1795 427 ι
1823 403 1871 429 καὶ

1080 446 1144 480 ἑξῆς
1157 455 1163 461 ·
1176 446 1267 481 τρίτον
1280 447 1313 472 ἐκ
1327 446 1373 472 τοῦ
1385 445 1465 472 αὐτοῦ
1480 446 1558 480 λόγου
1577 447 1617 478 είς
1633 447 1674 478 τὸ,
1687 455 1696 472 ι
1715 445 1798 478 οὗτος
1814 447 1871 480 γὰρ

1080 492 1094 518 ὁ
1109 492 1156 518 νῦν
1171 500 1212 518 σοι
1240 491 1504 526 καταφρονούμενος,
1524 500 1534 517 ι
1560 491 1607 517 καὶ
1627 492 1691 526 ἑξῆς
1703 499 1709 506 ”
1737 492 1870 527 τέταρτον

1079 538 1119 568 είς
1129 537 1158 563 τὸ
1173 537 1207 569 ⁵⁸⁸,
1226 545 1235 562 ς
1261 536 1304 568 Ὠς
1321 537 1368 571 μὲν
1382 536 1437 571 γὰρ
1457 536 1535 570 λόγος
1550 536 1611 562 οὔτε
1624 537 1743 572 ὑπήκοος
1753 535 1787 572 ἦν
1807 537 1869 564 οὔτε

1080 583 1205 617 ἀνήκοος,
1223 592 1231 608 ι
1251 583 1298 608 καὶ
1314 582 1388 617 ἑξῆς.
1407 582 1460 609 Τοῦ
1479 583 1508 609 δέ
1519 591 1550 617 γε
1570 582 1713 609 Θεσπεσίου
1728 584 1870 610 Διονυσίου

1079 629 1120 658 είς
1134 627 1190 660 τὸ,‹
1206 627 1268 658 Πῶς
1280 627 1343 661 φὴς,
1366 628 1467 662 Ἰησοῦς
1485 629 1499 654 6
1512 628 1620 654 πάντων
1635 629 1765 655 ἐπέκεινα
1785 629 1870 655 πᾶσιν

1079 674 1153 699 ἐστιν
1179 672 1334 708 ἀνθρώποις
1363 673 1499 705 οὑσιωδῶς
1530 675 1768 708 συντεταγμένος;

1080 719 1154 751 ἑξῆς,
1169 719 1216 744 καὶ
1227 719 1268 749 είς
1283 718 1364 753 ἕτερα
1392 719 1519 754 διάφοροι.
1543 720 1598 746 Καὶ
1626 719 1711 746 ταῦτα
1728 720 1778 754 μὲν
1793 721 1823 747 ἐν
1835 722 1869 755 τῇ

1080 765 1147 798 πρὸς
1162 764 1263 799 Θωμᾶν
1277 764 1374 801 πρώτῃ
1384 765 1515 800 ἐπιστολῇ
1525 773 1532 780 ·
1550 765 1579 791 ἐν
1593 765 1620 791 δὲ
1631 767 1664 800 τῇ
1679 765 1796 800 δευτέρᾳ.
1810 763 1870 792 οἷον

1080 808 1252 843 ὲπανάληψιν
1278 809 1357 836 ἐνίων
1391 809 1481 844 ῥητῶν
1510 809 1565 836 τῶν
1591 809 1870 844 προσαφηνισθὲντων

1081 854 1113 880 ὲκ
1125 854 1175 888 τῆς
1192 853 1349 889 θεολογικῆς
1364 853 1518 886 συντάξεως
1533 855 1662 885 ποιεῖται,
1681 855 1728 880 καὶ
1749 854 1819 888 πρός
1833 863 1868 887 γε

1788 684 1798 700 ›
1821 675 1869 700 καὶ

239 900 321 927 veluti
346 900 534 934 repetitionem
555 900 699 932 quamdam
718 907 750 926 ex
777 907 859 934 opere
876 899 1025 934 theologica

1086 899 1132 932 :6,(
1147 899 1196 925 Διὰ
1216 899 1304 933 μέσου
1321 899 1381 930 νοὸς
1397 899 1532 935 ὁμιλήσας
1546 899 1630 934 σαρκὶ
1642 899 1695 931 ἕως
1715 898 1762 925 τοῦ
1773 899 1871 934 κρείτ-

236 946 427 974 nonnullorum
449 946 476 973 in
489 954 521 974 eo
532 946 588 980 jam
600 951 678 973 antea
689 946 872 980 expositorum
887 947 1004 974 instituit
1016 954 1023 974 :

237 995 321 1024 atque
334 991 398 1018 illud
407 991 517 1025 insuper
527 992 620 1018 eodem
634 991 713 1018 modo
724 991 937 1026 interpretatur:
952 1000 963 1018 ‹
975 991 1026 1020 Per

239 1038 356 1064 medium
368 1045 443 1064 mens
451 1044 482 1065 ca
488 1038 527 1064 rni
542 1044 733 1069 consuesccns,
745 1038 832 1065 donec
846 1038 917 1073 quod
928 1037 1026 1067 fortius

236 1088 281 1111 cst
296 1083 437 1111 victoriam
456 1085 611 1118 reportarit.
631 1093 640 1109 ι
659 1083 712 1111 Sed
732 1083 789 1111 haec
807 1084 854 1111 ibi.

577 1128 681 1156 CXCV.

239 1173 367 1210 Ejusdem
383 1175 468 1201 sancti
496 1173 608 1210 Maximi
623 1173 750 1210 ΙζιήίιοίιιΔ
761 1175 796 1201 ad
812 1173 985 1210 VMaWn'anum,
1001 1178 1026 1201 el

274 1209 402 1244 Dialogus
426 1217 484 1235 cum
503 1208 617 1243 Pyrrho.
636 1208 672 1235 De
687 1208 789 1236 duabus
808 1209 834 1236 in
859 1209 966 1236 C/trislo
983 1217 1026 1236 ιιο-

275 1245 421 1270 [ululatibus
434 1249 457 1269 et
473 1244 682 1274 operationibus.

273 1287 355 1316 Lecta
397 1293 439 1316 est
472 1288 592 1322 ejusdem
635 1289 721 1316 sancti
759 1288 867 1316 Maximi
897 1289 1026 1324 Epistola,

1078 954 1152 976 τονος
1165 945 1387 980 ὲκνικήσαντος,›
1400 946 1501 982 ὁμοίιος
1509 945 1665 982 ἑρμηνεύει.
1686 946 1768 972 Ἀλλὰ
1777 946 1870 974 ταῦτα

1079 989 1130 1024 μὲν
1144 989 1173 1016 ὲν
1186 989 1301 1021 τούτοις.

1428 1123 1510 1157 Pw.

1082 1169 1137 1197 Τοῦ
1149 1170 1243 1197 αὐτου
1263 1169 1425 1203 Ἐπιστολὴ
1441 1169 1515 1203 πρὸς
1527 1171 1692 1204 Μαριανόν·
1705 1170 1753 1196 καὶ
1763 1169 1872 1197 Διάλο-

1113 1214 1166 1238 γος
1185 1204 1251 1238 περὶ
1263 1204 1322 1231 τῶν
1335 1204 1390 1230 δύο
1401 1204 1586 1239 θελημιὶτων,
1600 1204 1650 1232 καὶ
1672 1204 1731 1231 τῶν
1746 1204 1802 1232 δύο
1816 1205 1871 1232 ἐπὶ

1114 1240 1241 1273 Χριστοῦ
1256 1239 1420 1274 ἐνεργειῶν.

1120 1284 1290 1319 Ἀνεγνὼσθη
1303 1284 1350 1311 τοῦ
1365 1285 1446 1311 αὐτοῦ
1464 1285 1542 1319 ἁγίου
1565 1285 1662 1320 ἀνδρὸς
1680 1286 1826 1321 Ἐπιστολὴ
1846 1287 1872 1303 ⁸⁷

238 1343 299 1369 quzc
330 1334 425 1369 1596
450 1333 570 1360 Mariano
592 1335 750 1369 presbytero
772 1334 937 1361 inscribitur.
977 1334 1025 1362 Hic

1086 1329 1223 1365 [Μαριανῷ
1239 1329 1418 1366 πρεσϐυτέρῳ
1433 1331 1684 1366 προσπεφώνηται),
1695 1329 1750 1368 ἐνῇ
1764 1340 1798 1358 πε
1805 1333 1873 1368 ρξτε

240 1383 273 1408 de
299 1381 415 1408 naturali
438 1380 585 1413 voluntate,
602 1381 658 1408 sive
673 1380 836 1414 appetitione
857 1381 923 1413 agit,
945 1386 971 1408 et
991 1381 1025 1408 de

1086 1375 1197 1409 poetico?)
1211 1375 1365 1410 θελήματος
1380 1377 1440 1411 ἦτοι
1453 1376 1588 1412 θελήσιως
1612 1377 1723 1411 διέξεισι
1734 1379 1782 1404 καὶ
1800 1379 1869 1413 βου-

239 1427 352 1454 consilio
375 1434 421 1454 seu
437 1426 642 1454 deliberatione.
657 1426 722 1453 Item
744 1427 775 1452 de
787 1427 984 1460 praelectione,
1001 1431 1025 1453 et

1086 1422 1184 1456 λήσεως
1197 1422 1243 1448 καὶ
1262 1421 1359 1457 βουλῆς
1369 1423 1428 1458 ἢτοι
1440 1422 1616 1457 βουλεύσεως.
1638 1424 1702 1458 περὶ
1717 1432 1746 1450 τε
1766 1433 1873 1459 προαι-

241 1473 273 1498 de
287 1471 449 1506 quibusnam
467 1471 664 1498 consultemus.
681 1470 718 1498 De
733 1471 865 1498 sententia
886 1476 1025 1506 pranerea.

1086 1468 1193 1503 ρέσεως,
1209 1468 1257 1494 καὶ
1272 1468 1336 1504 περὶ
1349 1469 1430 1495 τίνων
1445 1469 1636 1504 βουλευόμεθα,
1655 1470 1703 1497 καὶ
1716 1470 1782 1504 περὶ
1795 1470 1873 1503 γνώο

239 1523 266 1544 ιιι
282 1522 413 1551 potestate
425 1517 519 1548 libera,
530 1522 557 1544 et
568 1517 704 1552 opinione.
722 1517 821 1544 Adlnec
830 1517 862 1544 de
875 1517 1025 1552 prudentia,

1086 1521 1135 1548 μης
1159 1514 1206 1540 καὶ
1219 1513 1344 1546 ἐξουσίας
1358 1515 1405 1541 καὶ
1417 1515 1506 1550 δόξης,
1532 1518 1580 1542 καὶ
1598 1516 1663 1550 περὶ
1688 1518 1872 1551 φρονήματος

240 1563 292 1589 hoc
314 1567 364 1593 est,
386 1563 560 1597 providentia
577 1571 584 1588 :
601 1567 627 1589 et
642 1562 778 1597 quomodo
800 1569 852 1589 non
875 1569 923 1596 per
937 1562 1025 1589 omnia

1086 1559 1168 1586 ιῖτουν
1178 1562 1352 1595 φρονήσεως·
1369 1561 1416 1587 καὶ
1432 1561 1469 1592 ὡς
1488 1561 1518 1587 οὐ
1532 1562 1602 1588 κατὰ
1619 1562 1708 1588 πάντα
1721 1563 1824 1597 τρόπον
1841 1563 1874 1589 ἓν

238 1612 300 1645 ιιοςι
325 1609 552 1635 I'CSUI'I'CCliOHCIII
575 1615 630 1634 una
657 1608 709 1634 erit
731 1615 762 1634 ac
783 1612 876 1634 ιιιιιιιιιι
904 1607 1028 1635 voluntas

239 1657 394 1680 sanctorum
420 1658 500 1688 atque
525 1653 581 1685 Dei,
609 1661 659 1680 nec
691 1661 743 1679 una
773 1661 815 1680 res
847 1661 927 1688 quam
944 1653 1029 1680 velint

239 1705 343 1730 omnes,
372 1703 401 1725 ut
422 1698 531 1732 quidam
548 1703 674 1724 asserunt
701 1705 710 1724 τ
734 1697 832 1732 quibus
855 1697 1027 1724 undecimum

239 1743 344 1770 accedit
368 1747 447 1778 caput
470 1751 478 1771 :
510 1742 567 1771 Non
583 1749 661 1777 posse
682 1750 762 1769 unam
783 1742 891 1770 Christo
916 1742 1027 1769 attribui

239 1788 416 1820 voluntatem,
430 1788 487 1815 sive
502 1788 651 1815 naturalem
673 1788 786 1820 dixeris,
802 1787 859 1814 sive
875 1787 1027 1819 clectivam,

239 1840 268 1860 nt
281 1833 441 1868 quibusdam
455 1834 540 1860 visum
556 1839 607 1861 est.
623 1833 686 1861 Hice
699 1834 744 1861 illa
759 1834 885 1868 cpistola,
899 1841 958 1868 qua:
973 1841 1027 1860 non

238 1878 271 1904 ad
283 1882 383 1905 rectam
396 1878 475 1905 modo
488 1878 647 1914 religionem
662 1879 775 1906 multum
793 1879 872 1906 affert
886 1880 1026 1911 momenti,

239 1923 285 1950 sed
297 1924 379 1950 etiam
389 1923 422 1950 ad
431 1923 497 1951 alias
509 1925 606 1952 multas
626 1925 806 1960 pulchrasque
818 1925 1027 1960 contemplatio-

239 1977 287 1996 nes
303 1969 376 1996 utilis
388 1975 439 1998 est.

273 2015 371 2043 Lectus
383 2024 489 2051 quoque
504 2017 529 2044 iu
548 2017 641 2045 eodem
667 2017 727 2051 ipso
741 2016 877 2044 volumine
896 2016 1025 2051 Dialogus

238 2061 270 2088 de
280 2061 378 2095 duplici
395 2062 422 2089 in
441 2063 544 2090 Christo
561 2067 585 2090 el
599 2063 729 2090 t-olumate
757 2069 780 2089 et
795 2063 945 2096 operatione
956 2062 1024 2096 (55).

236 2106 362 2135 Persona:
378 2113 468 2136 autem
486 2110 650 2136 inducuntur
673 2108 796 2145 Pyrrhus
813 2113 842 2136 et
868 2107 1002 2134 Maximus
1016 2115 1023 2134 :

237 2161 352 2187 quorum
365 2154 408 2182 hic
421 2155 530 2190 quidem
540 2155 720 2182 orthodoxam
735 2159 825 2182 tuetur
839 2154 1002 2181 sententiam
1014 2161 1022 2186 ;

237 2199 280 2225 ille
303 2207 377 2232 vero.
393 2201 444 2228 etsi
472 2200 659 2227 hrereticorum
681 2204 830 2234 propugnat
857 2198 1022 2232 opinionem,

1079 1605 1154 1632 ἔσται
1167 1606 1235 1640 μετὰ
1246 1605 1296 1641 τὴν
1310 1606 1459 1633 ἀνάστασιν
1472 1607 1503 1633 τὸ
1518 1607 1622 1642 θέλημα
1643 1607 1711 1642 πρὸς
1733 1607 1875 1643 ἀλλήλους

1078 1649 1132 1676 τῶν
1149 1651 1235 1684 ἁγίων
1246 1651 1294 1676 καὶ
1306 1651 1354 1677 τοῦ
1371 1651 1449 1683 Θεοῦ,
1465 1651 1516 1678 κᾶν
1530 1652 1553 1668 ’³
1567 1651 1631 1688 [5η
1644 1652 1689 1688 IL]
1701 1653 1730 1678 ἓν
1745 1653 1775 1678 τὸ
1788 1653 1876 1689 θελη-

1078 1695 1125 1722 θὲν
1138 1697 1250 1730 ἅπασιν,
1271 1696 1308 1728 ὥς
1334 1706 1405 1728 τινες
1432 1697 1553 1732 λέγουσι.
1580 1698 1634 1724 Καὶ
1657 1699 1801 1725 ἑνδέκατον
1821 1701 1875 1726 ἐπὶ

1077 1743 1180 1774 τούτοις
1208 1743 1364 1777 κεφάλαιον,
1399 1744 1496 1780 ὅτιπερ
1519 1744 1548 1770 ἓν
1568 1744 1672 1780 θέλημα
1696 1745 1726 1771 οὐ
1753 1745 1875 1773 δύναται

1077 1789 1124 1815 ὲπὶ
1134 1789 1253 1825 Χριστοῦ
1264 1789 1406 1824 λέγεσθαι,
1417 1790 1471 1816 εἴτε
1482 1791 1595 1825 φυσικὸν
1606 1791 1660 1817 εἴτε
1673 1794 1875 1826 προαιρετικὸν

1077 1836 1172 1871 λεχθῇ,
1187 1835 1225 1867 ὥς
1247 1845 1318 1862 τισιν
1335 1836 1436 1869 ἔδοξεν.
1452 1837 1526 1871 Αὕτη
1553 1838 1603 1870 μὲν
1623 1838 1640 1871 ὴ
1667 1838 1814 1872 ὲπιςτολή’
1839 1839 1873 1865 οὐ

1078 1881 1158 1915 μόνον
1171 1881 1192 1907 δ’
1203 1882 1243 1912 εἰς
1258 1881 1400 1908 εὐσέϐειαν
1414 1881 1482 1908 πολὺ
1497 1881 1528 1908 τὸ
1549 1881 1676 1917 χρειῶδες
1700 1883 1873 1918 παρέχεται,

1076 1925 1145 1952 ἀλλά
1159 1926 1206 1952 καὶ
1219 1927 1259 1958 είς
1273 1926 1356 1959 ἄλλας
1371 1926 1472 1959 πολλὰς
1485 1927 1533 1954 καὶ
1548 1927 1635 1959 καλὰς
1647 1928 1777 1964 θεωρίας.

1116 2015 1285 2051 Ἀνεγνώσθη
1300 2016 1323 2042 δ’
1337 2017 1366 2043 ὲν
1379 2015 1418 2052 τῷ
1430 2016 1506 2052 αὺτῷ
1522 2016 1614 2052 τεύχει
1630 2017 1775 2052 Διάλογος
1794 2021 1873 2054 ,περὶ

1075 2061 1135 2088 τῶν
1158 2061 1213 2089 δύο
1241 2063 1416 2096 θελημάτωγ·
1435 2063 1485 2089 καὶ
1507 2063 1566 2090 τῶν
1586 2063 1641 2090 δύο
1660 2064 1708 2090 ἐπὶ
1730 2065 1873 2098 Χριστοῦ

1073 2108 1238 2143 ἐνεργειῶν.
1261 2109 1302 2135 Τὰ
1317 2109 1452 2144 πρόσωπα
1470 2109 1499 2136 δὲ
1520 2110 1542 2126 ¹“
1564 2110 1609 2136 τοῦ
1634 2110 1760 2144 διαλόγου
1787 2113 1871 2149 Πὺῥ-

1075 2153 1119 2186 po;
1127 2151 1191 2187 [264
1203 2150 1250 2187 H.]
1263 2153 1310 2179 καὶ
1323 2149 1504 2187 Μάξιμος,ὦν
1515 2154 1529 2179 6
1545 2153 1594 2188 μὲν
1606 2154 1656 2189 τῆς
1665 2154 1871 2194 όρθοδοξοὺσης

1073 2198 1236 2233 προΐσταται
1245 2197 1368 2233 γνώμης,
1379 2199 1486 2234 Πύρρος
1500 2199 1527 2225 δὲ
1541 2199 1589 2226 τοῦ
1603 2199 1788 2234 αἱρετίζοντος
1799 2203 1871 2231 ἀντ-

236 2250 325 2272 mneo
345 2247 420 2280 quasi
433 2247 606 2273 consentiens
617 2253 678 2273 cum
701 2245 869 2277 orthodoxis,
881 2244 1022 2278 enthyme-

1087 2244 1201 2279 χόμενος
1218 2245 1392 2279 φρονήματος
1404 2265 1412 2277 ,
1424 2245 1509 2279 ὅμως,
1523 2245 1617 2282 ὥσπερ
1631 2248 1815 2282 συνεχόμενός
1835 2260 1868 2277 τε

236 2295 307 2317 mala
321 2298 353 2318 ac
366 2291 491 2328 dogmata
506 2299 555 2327 pro
574 2297 645 2319 recta
660 2290 793 2318 sententia
818 2289 896 2317 aﬂ'ert
909 2297 915 2316 :
930 2289 1017 2315 fassus

1086 2288 1117 2314 αὶ
1135 2288 1362 2323 συνελαυνόμενος
1371 2291 1428 2320 τοῖς
1441 2290 1628 2325 ὀρθοδοξοῦσιν
1639 2291 1820 2328 ἐνθυμήμασὶ
1835 2305 1867 2323 τε

237 2338 351 2372 ingenue
382 2346 411 2365 se
436 2339 513 2366 initio
534 2346 586 2366 non
614 2343 687 2364 recte
717 2336 846 2364 sensisse.
862 2335 921 2369 Ipsa
941 2342 1021 2369 porro

1086 2333 1120 2359 ιαὶ
1127 2332 1243 2367 δόγμασι
1263 2333 1283 2366 ⁸,
1292 2333 1396 2360 τίθεται
1406 2335 1438 2369 τῇ
1450 2335 1575 2371 εὐσεϐείᾳ
1583 2355 1591 2368 ,
1601 2337 1776 2372 ἁνομολογῶν
1798 2340 1869 2366 ἑαυ-

233 2383 321 2409 oratio
333 2382 426 2410 Boma:
444 2383 501 2418 (56)
515 2391 575 2410 eum
593 2383 693 2410 indicat
707 2383 742 2408 ad
760 2381 830 2408 hanc
849 2380 1021 2407 descendisse

1086 2377 1118 2403 liv
1148 2378 1200 2404 οὐκ
1216 2377 1305 2413 ὀρθῶς
1335 2380 1537 2414 πεφρονηκέναι
1550 2380 1585 2406 τὰ
1600 2381 1743 2416 πρότερον.
1774 2383 1824 2410 Ἐν
1837 2386 1868 2412 δὲ

234 2427 443 2461 disputationem
457 2435 464 2454 :
478 2432 652 2462 posteaquam
664 2427 792 2454 nimirum
809 2426 866 2460 ipse
873 2423 1020 2460 [Pyrrhus]

1086 2425 1108 2458 τῇ
1132 2423 1226 2459 Ῥώμῃ
1240 2423 1322 2450 αὑτὸν
1337 2425 1352 2451 6
1365 2424 1444 2459 λόγος
1463 2425 1600 2453 δείκνυσιν
1617 2427 1765 2461 ἀφικέσθαι
1791 2432 1868 2465 πρὸς

867 2490 982 2519 VARUS
1001 2488 1203 2517 LECTIONES.

268 2543 291 2558 ⁰⁶
307 2543 346 2573 εἰς
359 2542 389 2567 τὸ
412 2542 474 2568 add.
489 2544 520 2569 Λ.
563 2543 586 2558 ’⁷
600 2541 728 2576 ἐπιστολὴ
742 2542 803 2577 ἣτις
816 2541 890 2576 Μαρ.
907 2549 938 2572 ς.
984 2538 1007 2554 ’⁸
1024 2538 1076 2564 κᾶν
1090 2538 1114 2563 Α
1128 2547 1136 2564 :
1155 2537 1203 2564 ml.
1217 2546 1245 2569 ς.

1298 2538 1321 2554 ’⁵
1332 2538 1365 2565 τὰ
1383 2539 1517 2574 πρόσωπα
1538 2539 1566 2567 δὲ
1580 2541 1602 2567 Δ
1618 2550 1625 2568 :
1639 2541 1686 2568 καὶ
1710 2542 1745 2569 τὰ
1772 2545 1865 2579 πρός-

232 2586 294 2603 ωπα
314 2585 344 2608 ς’.
390 2577 398 2592 ⁸
415 2577 592 2613 ἐνθυμήματὰ
604 2578 767 2612 -δόγματα
785 2585 816 2608 ς.

982 2628 1099 2657 ΝΟΤΛΕ.

269 2684 325 2719 (50)
339 2684 371 2711 Et
383 2684 491 2719 quidem
507 2684 592 2719 prima
609 2684 680 2720 (qua:
692 2688 734 2711 est
749 2683 776 2710 in
791 2681 861 2709 Billii
887 2681 952 2709 edit.
969 2680 1015 2715 35)
1069 2677 1259 2720 posllp‘ri'neip.

233 2713 290 2754 ipsi,
310 2713 371 2746 ιλ,οχ
383 2713 443 2747 ﬁl“.
507 2713 516 2719 '
612 2713 618 2720 ‘
629 2713 637 2720 '
754 2739 758 2744 _
790 2752 846 2754 MU
914 2752 920 2754 ν
958 2751 964 2754 _
1005 2713 1010 2715 ’
1178 2714 1290 2754 loitiunt
1301 2713 1352 2754 hoc
1365 2720 1406 2743 est
1416 2715 1496 2754 epist.
1507 2714 1684 2754 AB._Di_onys.
1697 2717 1732 2742 ad
1747 2717 1861 2748 Caium,

268 2750 325 2791 (51)
345 2755 454 2783 Decima
469 2754 546 2783 tertia
557 2761 678 2787 numero,
703 2753 772 2788 apud
789 2752 895 2780 Billium
913 2752 940 2779 in
958 2751 1015 2786 ipso
1069 2786 1074 2791 _
1104 2750 1159 2785 (55)
1175 2749 1270 2791 Graeco
1281 2748 1402 2791 Lanl‘inuin
1415 2748 1498 2778 edidit
1510 2751 1584 2778 card.
1600 2748 1698 2777 Baron.
1712 2757 1780 2780 tom.
1796 2754 1862 2789 ΗΠ,

232 2783 301 2818 med.
315 2783 322 2791 ’
671 2783 676 2787 ⁷
722 2783 729 2788 ’
968 2783 976 2786 ’
1068 2783 1178 2818 interpr.
1196 2784 1291 2811 Frauc.
1311 2783 1452 2814 Turriano.

270 2827 326 2861 (Ἢ)
341 2825 430 2854 Prima
449 2826 481 2853 de
497 2825 564 2852 Filio
583 2826 632 2852 sub
646 2825 691 2861 lin.
752 2859 757 2861 _
790 2858 810 2861 _
823 2859 838 2861 η
892 2858 908 2861 ἡ
1095 2822 1163 2861 (56)
1182 2821 1237 2861 lino
1265 2820 1415 2861 ianlI‘rica,
1434 2826 1465 2848 ut
1488 2821 1564 2850 docet
1585 2821 1680 2849 Baron.
1699 2826 1767 2849 tom.
1791 2824 1860 2858 Vill.

266 2856 323 2897 (ῠῦ)
338 2862 474 2898 Legontur
490 2862 544 2888 Incc
555 2865 624 2888 orat.
643 2859 727 2887 altera
742 2859 775 2887 de
790 2858 858 2887 Filio
874 2858 1012 2893 aliquanto
1068 2860 1100 2887 ad
1119 2865 1182 2884 ann.
1202 2856 1267 2883 Chr.
1281 2856 1342 2882 (iis.
