1916 3092
246 165 300 196 659

821 163 954 194 PHOTII
970 148 1227 194 'PATRIARCHtE
1241 163 1296 193 cr.

1825 167 1876 198 660

246 226 318 248 ctam
337 218 465 253 pietatem
479 217 584 245 edocet.
597 216 707 245 XXXIX
727 216 823 252 [Num.
855 217 913 254 77.]
928 218 968 245 Ad
978 225 1035 250 eos,

1097 218 1116 244 it‘:
1129 217 1184 244 MB’
1197 217 1218 233 ¹⁷
1230 217 1386 252 συνίστησιν
1400 216 1438 248 ὡς
1450 216 1543 244 δίκαια
1557 217 1691 245 πέπονθεν
1715 219 1773 247 Ἠλὶ
1791 221 1811 237 ¹¹
1823 222 1838 248 ὁ
1849 223 1876 248 ὲν

247 267 296 301 qui
311 273 359 293 sua
371 265 531 300 negligentia
548 265 720 296 Iabuntur,et
731 264 924 292 excusationes
938 265 1036 292 deinde

247 314 379 338 excusant
399 310 426 336 in
456 309 583 343 peccatis.
600 309 656 336 XL.
679 308 774 344 [Num.
792 309 850 345 78.]
865 310 905 336 Ad
926 309 1037 337 fratrem

247 355 352 389 lapsum
385 355 492 382 habitus
515 359 566 387 est,
589 359 616 381 et
640 355 694 389 agit
723 355 756 382 de
781 355 950 390 paenitentia.
969 354 1037 382 XLI.

250 399 347 436 [Num.
380 399 439 436 79.]
462 400 564 427 Suadet
587 407 602 427 a
627 399 781 434 juratneuto
812 409 845 427 ac
873 400 1038 428 maledicen-

250 447 286 473 tia
318 446 520 474 abstinendum.
540 445 618 472 XLII.
647 445 703 480 (63)
732 446 842 481 Colligit
864 446 939 480 juste
955 446 1037 480 puni-

249 497 306 520 tum
320 492 377 519 lit-li
392 492 558 519 sacerdotem
578 492 643 527 legis
661 499 668 517 :
685 491 717 518 ad
733 493 853 526 eumqui
872 493 924 519 hac
939 493 996 527 ipsa
1004 492 1039 520 de

251 546 280 566 re
293 539 444 566 dttbitahat.
462 538 499 566 De
515 538 611 565 timore
628 537 684 572 (66)
704 545 784 571 porro
807 537 852 564 Dei
879 537 961 565 XLIII
983 545 1040 564 ser-

250 591 331 611 mone
356 584 464 610 disserit
481 591 488 610 :
503 589 533 610 ut
556 588 584 610 et
611 583 644 610 de
673 583 817 610 dilectione
839 582 932 610 XLIV.
956 581 1038 609 XLV-

251 629 336 666 [Num
352 630 410 666 82.]
422 630 565 658 Multarum
582 631 711 657 virtutum
740 629 938 657 admonitiones
950 636 982 656 ac
995 630 1042 656 do-

250 676 365 703 ctrinam
384 677 417 703 ad
435 676 587 711 Eulogium,
603 676 650 711 qui
664 677 720 703 haec
733 675 893 710 postularat,
909 674 1037 709 explicat.

251 721 343 749 XLVI.
358 722 399 749 Ad
419 722 597 757 negligentem
613 726 641 749 et
657 721 782 756 ignavum
811 720 972 748 monachum
987 719 1036 746 ha-

249 768 335 799 bitus.
361 769 528 804 argumentis
555 768 676 803 pulchris
699 775 731 794 ac
752 767 836 794 variis
859 774 874 793 a
896 766 984 794 reditu
1005 765 1039 793 ad

252 814 435 850 [smul-arent]
460 815 542 841 vitam
569 813 774 842 revocareillum
791 813 914 840 studens.
929 811 1035 839 XLVII.

1092 263 1132 298 τῷ
1148 263 1222 297 νόμῳ
1240 263 1340 298 ἱερεὺς,
1352 262 1421 298 πρὸς
1435 263 1482 289 τὸν
1497 264 1561 298 περὶ
1574 264 1656 291 αὐτοῦ
1677 265 1773 292 τούτου
1796 267 1877 294 ἐπιδι-

1093 307 1237 338 στάζοντα.
1254 307 1323 342 Περὶ
1338 307 1368 333 δὲ
1383 306 1466 342 φόϐου
1481 307 1549 334 Θεοῦ
1567 309 1580 334 ό
1593 308 1660 342 MI",
1679 309 1728 335 κα)⁸
1738 309 1803 344 περὶ
1813 310 1876 345 ἀγά-

1092 356 1172 389 πηςό
1189 353 1255 382 M-A'.
1278 355 1308 380 '0
1322 354 1351 380 δὲ
1365 354 1422 381 ME'
1438 354 1506 390 πρὸς
1517 354 1647 389 Εὑλόγιον
1662 356 1711 391 μὲν
1729 358 1876 392 αἰτήσαντα

1093 400 1240 436 γράφεται.
1263 401 1393 427 πλειόνων
1415 401 1436 417 ⁸³
1452 401 1481 427 δὲ
1507 401 1729 436 κατορθωμάτων
1747 403 1876 438 παραινέ-

1094 454 1152 477 σεις
1184 445 1232 472 καὶ
1266 445 1443 472 διδασκαλίαν
1477 446 1658 474 ἀναπτύσσει.
1699 448 1728 474 '0
1755 449 1783 475 δὲ
1813 450 1875 484 Μςν

1091 491 1161 526 πρὸς
1176 491 1200 507 ’⁸
1215 491 1279 527 [265
1295 491 1342 527 Η.]
1354 492 1522 526 ἀκηδιαστήν
1535 493 1594 520 ἐστι
1609 494 1727 528 μοναχὸν
1743 495 1877 522 συντεθει-

1095 537 1186 572 μένος,
1202 537 1316 569 πολλαῖς
1327 538 1374 564 καὶ⁵
1391 538 1487 570 καλαῖς
1499 539 1651 574 ὑποθήκαις
1664 540 1779 574 ἀπάγων
1799 541 1877 568 αὐτὸν

1093 583 1142 617 τῆς
1154 583 1222 618 πρὸς
1235 583 1282 610 τὸν
1298 583 1356 618 βίον
1378 585 1520 612 ἐπανόδου.
1539 585 1569 612 '0
1583 585 1611 612 δὲ
1634 587 1689 612 ΜΖ¹
1705 587 1876 622 καταδρομὴν

1095 630 1212 656 ποιεῖται
1231 630 1281 665 τῆς
1297 631 1472 666 κακοηθείας.
1492 632 1521 659 '0
1533 632 1562 658 δὲ
1586 633 1656 664 ΜΗ¹,
1675 633 1738 659 ὅσον
1762 633 1877 668 διενήνο-

1091 684 1138 710 χεν
1155 676 1169 701 ὁ
1187 676 1331 709 μοναδικὺς
1346 677 1402 711 βίος
1417 678 1466 712 τῆς
1486 678 1515 704 ὲν
1525 677 1621 713 κόσμῳ
1641 678 1792 710 πολιτείας,
1820 679 1877 705 ἑπι-

1090 720 1219 747 δεικνύει.
1241 721 1270 747 '0
1284 721 1312 748 δὲ
1329 723 1386 748 ΜΘν
1400 722 1449 757 τὴν
1468 722 1598 758 δευτέραν
1615 723 1663 750 τοῦ
1675 724 1779 758 Κυρίου
1793 723 1867 750 διατυ

1092 767 1139 792 ποῖ
1153 767 1315 802 παρουσίαν,
1332 770 1380 794 καὶ
1399 769 1556 804 παρακαλεῖ
1572 769 1639 804 πρὸς
1657 770 1805 804 μετάνοιαν
1819 770 1877 800 τοὺς

1093 812 1265 848 ἀνθρώπους.

253 862 348 899 [Num.
360 862 417 898 δε]
438 862 621 897 Reprehensio
637 866 680 888 est
693 868 838 895 pravorum
864 867 981 886 morum.
1007 858 1043 885 XI

1097 859 1122 887 .l.
1149 859 1245 896 [Num.
1278 861 1336 898 85.]
1378 862 1513 895 Quantum
1544 863 1650 891 ditl‘erat
1678 864 1801 891 solitaria
1828 864 1877 890 vita

251 918 267 936 a
284 909 418 942 saeculari,
437 909 471 935 ob
489 908 582 936 oculos
598 908 681 943 ponit.
698 906 793 934 XLIX.
811 906 963 934 Secundum
987 906 1054 942 (66⁵)
1065 905 1167 934 Christi
1184 907 1330 935 adventum
1354 909 1492 943 describit,
1513 915 1540 937 et
1562 910 1595 938 ad
1617 911 1804 945 pcenitcntiam
1836 912 1880 938 ho-

252 956 340 983 mines
358 955 491 982 hortatur.

289 1001 317 1028 In
339 1001 380 1028 his
397 999 586 1027 admonitoriis
605 999 691 1026 sancti
710 999 759 1026 viri
777 999 959 1032 sermonibus,
976 998 1037 1032 jure
1057 998 1079 1028 Β

252 1047 316 1081 quis
342 1047 504 1078 admiretur,
529 1054 610 1080 quam
629 1046 684 1073 alte
709 1051 834 1080 penetret
860 1045 1040 1080 persuadendi

252 1094 304 1124 vis.
326 1098 514 1128 quantumque
538 1093 571 1118 ab
597 1092 640 1119 his
664 1091 729 1118 ﬂuat
744 1091 933 1125 iucunditatis,
959 1098 1041 1125 quam

253 1139 371 1174 denique
387 1139 533 1166 aﬂectuum
552 1138 628 1172 copia
645 1138 739 1164 referti
754 1137 820 1165 sint.
839 1137 934 1164 Oratio
951 1141 1042 1163 tamen

255 1184 324 1218 ejus,
337 1192 369 1212 ac
383 1186 476 1220 ﬁgurae
490 1184 556 1210 nihil
570 1184 679 1215 mirum,
693 1183 715 1211 si
730 1183 762 1211 ad
779 1189 938 1210 consuetum
956 1182 1043 1210 homi-

255 1230 354 1258 liarum
378 1237 468 1261 usum,
491 1234 518 1256 et
535 1230 732 1257 inelaboratum
748 1229 855 1256 dicendi
873 1235 959 1264 genus
981 1235 1043 1256 vero

255 1282 330 1311 gant.
342 1275 399 1304 Non
411 1276 483 1303 enim
499 1277 524 1303 in
539 1281 679 1304 auctorem
693 1283 835 1306 sensuum,
848 1276 895 1302 sed
909 1275 934 1302 in
947 1275 1043 1302 horum

255 1323 431 1357 interpretem
446 1329 477 1349 ea
491 1322 654 1350 conferenda
669 1321 758 1356 culpa.
775 1321 871 1356 16οὸ
899 1321 949 1354 Qui
967 1328 1044 1347 nam-

257 1375 312 1402 que
326 1368 446 1403 Syriaca:
462 1373 524 1395 sunt
534 1367 634 1402 lingua:
650 1367 718 1395 bene
731 1368 819 1401 periti,
830 1367 920 1394 verbis
930 1366 998 1393 adeo
1012 1373 1045 1394 ac

257 1414 343 1449 tropis
357 1414 491 1442 excellere
507 1419 618 1445 norunt,
636 1419 664 1440 ut
677 1414 833 1448 ambiguum
846 1413 892 1444 sit,
908 1413 942 1440 ab
967 1413 1045 1439 hisne

256 1468 293 1487 an
314 1468 329 1486 a
344 1468 423 1488 sensu
449 1460 600 1491 recondito,
616 1465 692 1486 tanta
710 1459 767 1493 ejus
780 1458 887 1486 dicendi
908 1459 948 1485 vis
964 1463 1045 1492 atque

257 1505 395 1539 elegantia
424 1504 621 1538 proﬁciscatur.
646 1504 827 1537 Quamobrem
852 1511 904 1531 non
929 1508 982 1530 tant
1005 1502 1047 1529 di-

257 1551 358 1578 ctionis
375 1550 515 1577 humilitas
529 1550 696 1582 adtuiranda,
711 1557 791 1585 quam
816 1550 879 1576 illud
894 1549 1046 1584 suspicien-

257 1597 334 1628 dum,
363 1597 498 1631 quomodo
527 1604 575 1631 per
602 1601 701 1623 tantam
727 1597 871 1623 verborum
900 1596 1044 1628 vilitatem,

258 1647 332 1669 tanta
349 1643 422 1670 salus
436 1648 517 1677 atque
533 1642 640 1669 utilitas
664 1642 691 1669 in
716 1642 840 1677 legentes
860 1642 933 1670 velut
957 1641 1045 1669 eﬂ'un-

258 1689 346 1717 datur.

294 1734 393 1762 Eadem
421 1741 462 1762 est
488 1735 606 1764 refertus
624 1735 734 1763 dicendi
759 1735 784 1763 vi
811 1740 839 1763 et
863 1735 949 1771 gratia
971 1735 1043 1770 ejtts~

258 1784 319 1809 dent
333 1782 390 1816 (67)
415 1782 447 1808 de
468 1782 621 1810 humilitate
637 1782 733 1816 suique
751 1782 926 1817 despectione
944 1789 1045 1816 sermo,

258 1827 286 1854 in
303 1832 412 1854 centum
429 1828 578 1862 productus
594 1828 693 1861 capita.
715 1826 751 1854 Ut
775 1835 825 1855 nec
854 1828 899 1855 illa
926 1833 1045 1855 mutuam

258 1878 320 1897 cutn
333 1871 519 1906 superioribus
534 1872 692 1899 allinitatent
709 1879 741 1899 ac
757 1871 960 1899 similitudinem
977 1871 1046 1899 falso

258 1917 362 1944 iudicat
383 1918 482 1949 oratio.
508 1926 561 1952 qua
579 1918 668 1945 ridere
685 1918 741 1953 (68)
757 1924 839 1953 atque
859 1918 952 1946 extolli
966 1923 1047 1954 negat

258 1965 394 1995 oportere,
409 1962 456 1989 sed
474 1962 500 1988 iu
517 1970 634 1990 interere
648 1964 738 1998 potius
751 1963 902 1997 degendum
917 1971 986 1990 esse.
1004 1964 1046 1990 Ad

259 2007 383 2034 eumdem
401 2008 509 2034 modum
531 2013 559 2035 et
576 2008 621 2035 illa
642 2008 676 2035 ad
700 2008 852 2035 hletebinos
875 2007 930 2042 (69)
951 2015 1046 2036 mona-

259 2051 325 2079 t-hos
341 2053 374 2080 ah
400 2053 459 2088 ipso
482 2053 574 2081 habita
601 2054 700 2086 oratio,
722 2061 782 2088 quia
803 2059 832 2081 ut
857 2054 996 2081 lenitatem
1015 2061 1048 2081 ac

259 2099 493 2126 mansuetudinem
532 2100 623 2132 docet,
655 2100 691 2127 ita
720 2100 850 2127 malitiam
890 2100 1045 2135 fugiendam

260 2145 367 2179 suadet,
380 2145 509 2180 ducitque
522 2146 556 2172 ad
578 2146 823 2180 longanitnitatem,
840 2146 979 2174 iracundia
1004 2154 1047 2173 re-

260 2192 404 2226 prehensa.
422 2192 467 2219 Sic
487 2191 614 2226 patientia
629 2191 729 2220 ctelum
745 2193 835 2227 parari
850 2200 882 2220 ac
900 2192 1047 2220 beatitudi-

260 2244 320 2264 nem
338 2238 468 2269 ostendit,
485 2238 566 2264 anitni
587 2238 666 2265 simul
684 2238 783 2271 abiecti
802 2239 935 2272 prolatam
961 2239 1046 2266 mise-

260 2283 326 2309 riaut
343 2290 490 2317 exponens.
511 2283 648 2310 Timorem
667 2284 777 2319 insuper
789 2285 848 2317 Dei,
865 2285 910 2319 qui
933 2285 1045 2319 sapien-

1136 997 1180 1024 Ἐν
1201 998 1306 1030 τούτοις
1319 1000 1374 1030 τοῖς
1398 1001 1602 1035 παραινετικοῖς
1623 1001 1714 1034 λόγοις
1729 1001 1779 1027 τοῦ
1805 1001 1879 1035 ἀγξου

1094 1043 1261 1078 Θαυμάσειεν
1276 1044 1308 1071 ἀν
1324 1053 1366 1076 τις
1381 1045 1443 1072 ὅσον
1459 1046 1509 1080 μὲν
1527 1045 1712 1080 ὲμϐαθύνεται
1725 1046 1757 1072 τὸ
1777 1047 1878 1079 πεῖθον,

1093 1089 1155 1116 ὅσον
1166 1090 1188 1117 δ’
1200 1090 1291 1117 αὐτῶν
1303 1090 1453 1122 ἀποστάζει
1471 1092 1503 1117 τὸ
1527 1091 1624 1126 ήδῠνον
1639 1093 1673 1126 ²¹,
1697 1093 1745 1119 καὶ
1757 1093 1826 1125 ὅλως
1843 1095 1879 1125 εἰς

1093 1135 1153 1162 ὅσον
1172 1135 1249 1170 βρύει
1265 1136 1295 1162 τὸ
1307 1134 1383 1171 ἦθος.
1403 1136 1436 1162 Ἦ
1450 1137 1479 1163 δὲ
1501 1137 1574 1169 λέξις
1587 1137 1636 1164 καὶ
1654 1138 1690 1165 τά
1711 1139 1840 1173 σχήματα
1851 1139 1878 1164 οὺ

1094 1182 1250 1217 θαυμαστὸν
1265 1184 1290 1209 εἰ
1311 1183 1380 1218 πρὸς
1402 1184 1432 1210 τὸ
1452 1184 1606 1219 κοινότερον
1625 1185 1675 1219 τῆς
1700 1185 1809 1220 ὁμιλίας
1835 1185 1879 1211 καὶ

1094 1228 1267 1263 ἠμελημένον
1282 1229 1408 1256 νένευκεν
1418 1237 1425 1244 ”
1441 1230 1472 1255 οὺ
1488 1230 1543 1265 γάρ
1557 1231 1598 1261 εἰς
1608 1231 1652 1257 τὸν
1668 1231 1819 1266 γεννήτορά
1828 1231 1879 1256 τῶν

1093 1274 1248 1309 νοημάτων,
1261 1274 1321 1301 ἀλλ’
1337 1275 1378 1306 είς
1405 1275 1451 1302 τὸν
1472 1275 1559 1302 ταῦτα
1589 1276 1839 1311 μεταφρασάμενον
1862 1275 1878 1310 ἡ

1094 1320 1167 1348 αἰτία.
1181 1321 1318 1348 διαϐαίνει
1333 1322 1368 1354 ’³,
1384 1321 1446 1348 ἐπεὶ
1460 1322 1486 1348 οἱ
1496 1330 1529 1356 γε
1548 1322 1600 1356 τῆς
1616 1322 1705 1358 Σύροις
1728 1323 1822 1357 φωνῆς
1835 1322 1879 1357 τὴν

1095 1366 1240 1401 ἀκρίϐειαν
1264 1367 1415 1402 ἠσκημένοι
1435 1367 1482 1394 ἐπὶ
1499 1367 1629 1395 τοσοῦτον
1651 1369 1712 1400 ταῖς
1728 1368 1819 1400 λέξεσι
1837 1369 1880 1394 καὶ

1095 1413 1152 1443 τοῖς
1165 1412 1304 1448 σχήμασιν
1317 1412 1398 1440 αὑτὸν
1415 1413 1506 1440 ἴσασιν
1527 1413 1718 1449 εὐδοκιμῆσαι,
1735 1413 1775 1445 ὡς
1806 1414 1878 1448 ἀμφι

1095 1459 1209 1493 ήριστον
1223 1456 1295 1485 εἶναι
1310 1459 1427 1494 πότερον
1441 1459 1486 1486 διά
1496 1459 1584 1486 ταῦτα
1597 1459 1614 1494 ἢ
1631 1459 1676 1486 διά
1690 1459 1736 1485 τὸν
1751 1459 1783 1485 ὲν
1795 1459 1880 1489 αὐτοῖς

1096 1504 1160 1530 νοῦν
1174 1505 1190 1539 ή
1211 1504 1330 1539 τοσαύτη
1348 1504 1430 1539 χάρις
1440 1504 1488 1531 καὶ
1497 1504 1612 1540 δύναμις
1623 1505 1676 1531 τῶν
1688 1504 1798 1531 ἐκείνου
1817 1504 1879 1539 πρό·

1096 1558 1150 1576 εισι
1169 1550 1267 1584 λόγων.
1287 1550 1325 1577 Οὐ
1353 1551 1511 1586 θαυμαστὸν
1524 1548 1570 1578 οὖν
1585 1551 1603 1585 ή
1627 1550 1677 1585 τῆς
1696 1550 1825 1586 φράσεως
1839 1559 1882 1576 τα⁹

1097 1597 1225 1632 πεινότης
1238 1605 1245 1613 ⁸
1262 1597 1318 1625 ἀλλ’
1329 1598 1418 1624 ἐκεῖνο
1431 1597 1598 1632 θαυμαστὸν,
1606 1598 1644 1628 ὡς
1657 1597 1704 1624 καὶ
1715 1596 1760 1623 διὰ
1777 1596 1881 1632 χυδαιό-

1097 1651 1178 1678 τητος
1203 1643 1331 1678 τοιαύτης
1366 1643 1497 1679 ῥημάτων
1521 1642 1671 1679 τηλικαύτη
1692 1643 1816 1678 σωτηρία
1841 1642 1882 1668 καὶ

1099 1687 1219 1721 ὠφέλεια
1231 1689 1288 1719 τοῖς
1305 1688 1469 1723 προσέχουσι
1483 1689 1635 1723 προχεῖται.

1135 1734 1191 1768 Τῆς
1206 1734 1228 1760 δ’
1255 1734 1341 1769 αὐτῆς
1357 1735 1431 1761 ἐστιν
1455 1733 1611 1770 ὴρτημένος
1635 1734 1682 1760 καὶ¹
1698 1742 1812 1769 χαριτος
1842 1730 1880 1758 καὶ

1098 1779 1242 1815 δυνάμεως
1254 1780 1302 1807 καὶ
1316 1780 1331 1806 ὁ
1343 1780 1410 1815 περὶ
1424 1779 1678 1815 ταπεινοφροσύνης
1693 1779 1785 1813 λόγος,
1801 1785 1881 1812 κεφα-

1096 1825 1183 1857 λαίοις
1203 1825 1224 1860 ρ’
1243 1825 1440 1861 ἀνηπλωμένος
1462 1825 1496 1852 ³³.
1519 1825 1657 1857 Ὡσαύτως
1669 1825 1716 1852 καὶ
1729 1825 1752 1841 ’⁸
1762 1826 1777 1852 ὁ
1787 1823 1882 1858 λόγοςὸ

1097 1871 1163 1906 περ).
1182 1870 1229 1898 τοῦ
1244 1872 1284 1898 ὅτι
1297 1871 1335 1906 μὴ
1350 1871 1403 1907 χρὴ
1419 1872 1502 1907 γελᾷν
1521 1872 1569 1898 καὶ
1588 1870 1816 1908 μετεωρίζεσθαι,
1829 1869 1880 1896 ἀλλ’

1099 1917 1128 1942 ὲν
1143 1915 1236 1943 πένθει
1252 1916 1353 1950 μᾶλλον
1378 1916 1523 1949 διατελεῖν,
1550 1917 1582 1943 οὐ
1603 1917 1732 1951 ψεύδεται
1753 1918 1806 1950 τὴν
1821 1915 1881 1950 πρὸς

1097 1963 1162 1994 τοὺς
1183 1962 1281 1994 ἄλλους
1299 1963 1322 1979 ¹¹
1353 1963 1526 1998 συγγένειαν.
1551 1963 1691 1994 Ὡσαύτως
1714 1963 1771 1989 οὐδ’
1792 1964 1807 1989 ὁ
1821 1961 1881 1997 arpi;

1098 2008 1264 2040 Μετεϐίνους
1277 2008 1410 2044 μοναχοὺς
1425 2009 1500 2045 αὐτῷ
1518 2008 1699 2044 διειλεγμένος
1711 2009 1786 2041 ’⁸,δς
1802 2007 1882 2044 1:916-

1098 2063 1170 2089 τητα
1200 2053 1250 2090 μὲν
1269 2053 1436 2087 ἐκδιδάσκει,
1463 2054 1597 2089 πονηρίαν
1618 2053 1640 2080 δ’
1657 2053 1820 2089 ἀποτρέπει,
1843 2051 1881 2077 καὶ

1101 2100 1172 2135 πρὸς
1193 2100 1242 2135 μὲν
1262 2099 1456 2135 μακροθυμίαν
1474 2099 1548 2133 ἀγει,
1559 2098 1686 2134 ὀξύχολον
1703 2099 1731 2126 δὲ
1742 2098 1880 2132 διελέγχει,

1099 2147 1147 2173 καὶ
1156 2146 1207 2182 τὴν
1220 2146 1270 2181 μὲν
1281 2146 1421 2180 ὑπομονὴν
1431 2146 1608 2181 μακαρισμοῦ
1617 2145 1745 2180 πρόξενον
1759 2143 1880 2173 δεικνύει,

1099 2192 1147 2219 τοῦ
1162 2192 1184 2218 δ’
1199 2192 1331 2228 όλιγώρου
1346 2192 1377 2218 τὸ
1394 2191 1488 2219 ἄθλιον
1513 2191 1676 2227 στηλιτεύει,
1695 2190 1743 2218 καὶ
1768 2191 1815 2217 τὸν
1839 2189 1880 2224 μὲν

1101 2237 1172 2264 θεῖον
1191 2237 1274 2272 φόϐον
1285 2238 1335 2272 τῆς
1355 2237 1443 2264 ἀϊδίου
1467 2236 1638 2272 εὐφροσύνης
1660 2235 1780 2271 χορηγὸν
1803 2242 1880 2262 κατι-

1101 2283 1239 2316 σκευάζει,
1261 2283 1307 2309 τὸν
1327 2283 1356 2311 δὲ
1382 2283 1595 2318 καταφρονητὴν
1620 2282 1709 2314 δίκαις
1730 2281 1880 2310 ὑποϐάλλει,

261 2328 304 2353 tia:
314 2332 423 2354 aeterna:
443 2333 537 2355 auctor
550 2334 591 2356 est
604 2337 637 2356 ac
651 2330 825 2364 principium,
849 2330 963 2360 indttcit.
980 2338 1043 2357 con-

1100 2329 1147 2356 καὶ
1159 2330 1209 2364 τὴν
1232 2329 1280 2364 μὲν
1303 2329 1414 2365 ἀγάπην
1438 2329 1507 2365 πρὸς
1531 2328 1598 2356 Θεὸν
1618 2329 1730 2363 ἀνάγειν
1748 2328 1785 2361 ³⁷,
1813 2327 1842 2353 τὺ
1859 2325 1881 2351 δὲ

262 2374 538 2410 teutptoreruqne[Dei
551 2375 700 2412 hominem]
711 2377 799 2411 pinnis
808 2378 929 2404 damnat.
939 2376 978 2403 Ad
989 2376 1048 2403 hac

1103 2376 1181 2411 μῖσος
1196 2375 1236 2411 τῷ
1248 2375 1363 2411 διαϐόλῳ
1377 2376 1559 2410 ἀποφαίνεται
1568 2375 1592 2392 ⁸⁸
1608 2375 1756 2402 συνάπτειν
1768 2384 1776 2391 ·
1793 2375 1838 2402 καὶ
1850 2372 1880 2403 ὡς

908 2455 1025 2483 ΥΑΒΙᾹΞ.
1050 2457 1254 2487 LECTIONES.

296 2500 317 2515 ¹⁷
329 2499 357 2526 δὲ
373 2499 441 2536 MB’]
459 2499 514 2526 MB’
534 2500 562 2527 δὲ
580 2501 610 2528 Λ.
651 2501 673 2517 ’⁸
691 2501 765 2528 Ἧλεὶ
783 2511 812 2533 ς.

260 2534 374 2571 fortasse
386 2534 457 2571 corr.
496 2536 518 2551 ²¹
537 2535 716 2571 διαλαμϐάνει
731 2546 760 2568 ς.

259 2571 283 2586 ³⁵
297 2570 525 2605 διειλημμένοςς.
564 2571 586 2587 ³⁷
602 2572 696 2606 ἀνάγει
710 2580 751 2606 pr.
768 2572 799 2598 Α.
839 2572 862 2588 ³⁸
877 2570 1005 2607 φαίνεται
1017 2583 1047 2606 ς.

853 2503 874 2518 ι’
891 2502 1021 2536 πλειόνως
1036 2513 1066 2537 ς.

799 2537 823 2552 ’⁵
835 2538 1026 2572 ὲνηπλωμένος
1044 2548 1075 2572 ς.
1113 2541 1136 2556 ³⁸
1145 2537 1225 2568 καὶνΑ
1238 2540 1283 2567 ιδὲ
1295 2537 1384 2572 xei-'5'.

1115 2504 1281 2546 ἳῗΜςίκοέὲ
1315 2505 1369 2546 sitv
1397 2505 1467 2546 πρὶς
1491 2504 1587 2546 δικ-ει
1623 2501 1879 2546 "ww..in

1432 2541 1456 2557 "
1471 2541 1534 2573 τοὺς
1545 2540 1644 2572 ἄλλους
1653 2538 1676 2566 Α
1689 2549 1696 2567 :
1714 2538 1843 2574 ἀλλήλους
1855 2545 1878 2568 ς.

1026 2620 1143 2650 NOTAE.

295 2662 352 2696 (65)
371 2662 419 2690 llic
436 2668 478 2690 est
493 2668 559 2691 tom.
576 2664 596 2696 1,
616 2673 688 2692 nunt.
702 2666 728 2693 5.

293 2698 349 2731 (66)
369 2697 448 2725 Tom.
468 2698 499 2729 ll.
519 2707 593 2726 nunt.
606 2700 650 2727 50.

259 2732 465 2796 11υ(36“ὲοΝυιιι.
488 2734 533 2762 95.
549 2735 598 2762 Cui
616 2744 669 2762 tton
686 2736 818 2764 absimilis
833 2736 902 2764 alter
922 2742 987 2765 tom.
1009 2738 1044 2771 ν,

298 2803 457 2864 (67)8I7|abes
472 2812 533 2832 eum
555 2806 581 2831 iu
609 2813 704 2834 recens
730 2807 810 2835 editis
834 2808 910 2836 libris
928 2813 992 2836 tom.
1014 2808 1046 2840 II,

300 2847 335 2864 III.
390 2857 401 2864 .

259 2847 335 2866 ιιιΙιΙΙ.
354 2847 401 2866 Dl-

296 2873 351 2908 (68)
364 2874 440 2902 Tum.
459 2874 478 2906 Ι,
494 2882 569 2902 nuttt.
588 2875 632 2903 44.

1141 2670 1267 2706 (69⁷⁸)1Α1.
1294 2670 1465 2698 Melebonos:
1495 2678 1575 2706 quam
1601 2669 1878 2706 inscriptionetmnon

1106 2701 1224 2733 videtur'
1234 2708 1369 2740 reperisse
1398 2701 1534 2733 recentior
1559 2701 1706 2739 interpres,
1730 2701 1878 2740 cuntuhnn?

1105 2741 1193 2775 ipsum
1219 2738 1364 2767 tractatum
1382 2749 1444 2768 cttm
1469 2738 1686 2775 epigraphe,iDe
1704 2738 1877 2775 uirtutiburgl

1105 2769 1173 2802 vitiis
1191 2784 1238 2809 per
1255 2776 1456 2810 oppasitt‘anem,
1473 2769 1605 2801 Υἶειῦιῐίίιι
1621 2769 1693 2801 ⁷ιοιιι.
1712 2774 1732 2806 Ι,
1752 2781 1827 2810 Vnum.
1842 2769 1876 2798 “5.

1104 2816 1131 2836 et
1147 2809 1275 2838 undecim
1290 2811 1462 2845 sequentium
1482 2811 1599 2845 capitutn
1615 2810 1710 2837 ordine
1733 2809 1877 2844 plcruutqu"

1104 2849 1215 2873 mutato.
