1916 3092
66 139 105 173 €61
579 146 845 177 BIBLIOTHECA.
865 160 900 165 -
920 147 1002 177 COD.
1019 147 1157 178 CXCVII.

1608 150 1662 182 662

67 200 80 233 ἡ
91 197 185 233 ἀλήθεια
193 198 296 226 πολλῶν
306 200 363 228 ἐστι
375 201 468 237 μήτηρ
482 201 713 236 κατορθωμάτων,
730 201 819 236 φθορὰ

879 202 1033 229 :haritatem
1057 203 1090 230 ad
1107 204 1190 230 Deum
1210 202 1311 231 ducere
1328 212 1335 230 :
1356 204 1447 232 odium
1466 212 1530 233 vero
1548 205 1660 233 dzcmoni

68 245 89 271 δὲ
102 244 186 271 τούτων
197 245 224 271 τὸ
241 245 349 280 ψεῦδος,
364 246 495 279 ὡσαύτως
509 247 526 282 ἡ
540 247 647 283 ὑπακοὴ
669 249 710 275 ὅτι
729 257 821 283 μακα-

69 293 124 326 ρίους
135 292 190 323 τοὺς
206 293 361 328 χρωμένους
371 294 528 328 ἀποφαίνει,
542 295 574 321 τὸ
590 295 614 321 δ’
631 295 822 323 ἀνυπότακτον

67 337 164 371 κατάρας
173 338 217 364 καὶ
228 337 328 372 πολλῆς
352 339 437 374 ἄλλης
451 339 581 375 αἰσχύνης
603 341 676 366 ποιεῖ
689 340 821 376 κληρονό-

69 390 119 416 μους
129 391 135 397 ·
149 383 190 409 καὶ
202 382 231 409 τὸ
246 384 384 418 καθαροὺς
400 382 471 411 εἶναι
485 385 582 420 φθόνου
596 387 644 412 καὶ
652 385 734 422 ζήλου
750 387 822 420 ἀγά-

67 436 108 462 πην
129 428 179 454 ἐπὶ
194 430 468 463 καταπεπλουτῐσθαι,
486 431 628 466 ἐνέχεσθαι
647 431 675 458 δὲ
703 433 767 463 τοὺς
779 433 822 459 ὲν-

68 473 199 508 ισχημένους
220 473 258 509 τῷ
284 475 365 502 πάθει
380 477 435 507 τοῖς
453 476 500 502 τοῦ
529 476 654 503 διαϐόλου
675 477 819 512 κρίμασιν,

66 518 139 554 ὥσπερ
153 520 196 546 καὶ
221 521 284 552 τοὺς
309 521 456 557 λοιδορίαις
481 522 648 555 ἑαλωκότας.
677 523 733 550 Καὶ
757 524 822 558 περὶ

66 564 198 599 ἐγκρατείας
210 566 237 592 δὲ
262 566 310 592 καὶ
325 567 462 601 ἀκρασίας
478 568 550 594 κατὰ
568 568 599 594 τὺ
618 568 748 602 ἀνάλογον
763 570 822 596 δια-

65 608 180 643 λαμϐάνει.
203 610 230 636 Ὁ
257 612 307 646 μὲν
329 609 376 638 οὖν
397 611 465 646 πρὸς
480 612 543 644 τοὺς
558 612 724 645 Μετεϐίνους
744 613 823 648 λόγος

66 653 101 679 ἐπὶ
110 654 233 686 τοσούτοις
250 656 466 690 διαπεραιοῦται.
492 656 556 692 [516
571 657 619 693 R.]
632 658 688 685 Καὶ
712 658 780 685 ἄλλα
793 658 822 686 δὲ

64 699 153 726 πλεῖστα
178 702 222 728 τοῦ
249 702 355 737 ἀνδρὸς,
379 703 586 738 μεταϐληθὲντα
605 705 672 740 πρὸς
694 705 745 740 τὴν
765 705 824 732 Ἐλ-

63 744 123 777 λάδα,
141 747 310 782 συντάγματα
327 748 438 783 φέρεται
465 749 556 785 πλήρη
576 750 688 784 χάριτος
712 750 759 776 καὶ
775 750 822 776 δυ-

64 791 157 824 νάμεως.
171 792 263 828 Σύρων
274 793 302 819 δὲ
317 794 412 826 παῖδές
436 804 517 829 φασιν
534 795 604 830 ὑπὲρ
632 795 682 828 τὰς
701 796 824 831 χιλιάδας

63 836 136 870 λόγους
149 838 224 864 αὐτὸν
238 839 407 875 ἀναγράψαι,
425 838 465 872 οἷς
475 841 527 867 καί¹
538 842 552 868 ὁ
567 842 632 877 περὶ
643 842 692 876 τὴν
703 842 823 877 ἱστορίαν

880 245 985 272 similes
1004 244 1121 278 efﬁcere,
1145 251 1314 280 compertum
1341 247 1403 284 [ait]
1433 249 1559 277 habetur.
1575 251 1660 283 Quem

873 290 936 317 item
955 291 988 317 ad
1003 291 1112 318 modum
1129 292 1231 318 veritas
1248 292 1392 320 multorum
1414 299 1455 321 est
1474 299 1549 322 recte
1574 295 1662 322 factu-

875 343 934 363 rum
947 344 1057 371 parens,
1071 337 1168 371 quibus
1187 337 1358 366 mendacium
1374 340 1521 374 perniciem
1543 340 1659 374 afferat;

875 382 911 409 ita
936 382 1090 409 obedientia
1118 383 1210 410 beatos
1229 384 1327 416 reddit,
1355 389 1382 411 et
1406 385 1585 413 inobedientia
1611 386 1657 414 Dei

873 428 1090 455 maledictionem
1108 428 1245 463 multaque
1260 434 1359 463 prmter
1380 437 1440 457 eam
1463 431 1594 458 dedecora
1617 439 1662 458 ac-

872 473 966 507 quirit.
984 473 1068 500 Puros
1093 478 1225 508 praeterea
1251 474 1285 502 ab
1309 475 1410 502 invidia
1436 481 1463 502 et
1489 476 1661 503 aemulatione

873 519 1007 546 charitate
1030 519 1128 546 divites
1156 519 1214 547 fieri
1229 520 1371 556 [ostendit]
1391 521 1545 548 :obnoxios
1565 527 1661 549 contra

873 562 972 589 diaboli
993 562 1098 596 judicio
1111 562 1192 596 eiﬁci,
1208 565 1255 599 qui
1280 565 1331 592 hoc
1350 565 1444 593 morbo
1458 565 1590 600 laborent,
1608 575 1661 594 non

875 609 965 635 minus
980 616 1060 643 quam
1077 609 1123 643 qui
1145 610 1277 638 conviciis
1287 610 1422 646 jacicndis
1437 612 1520 639 dediti
1540 612 1607 640 sint.
1624 612 1662 640 De

878 655 1055 688 temperantia
1072 655 1188 689 denique
1199 660 1280 690 atque
1296 656 1505 692 intemperantia
1517 658 1573 692 pari
1583 658 1662 685 modo

874 701 940 735 agit.
952 700 1040 735 Atque
1055 701 1112 728 haec
1131 701 1188 729 fere
1207 702 1296 729 oratio
1316 703 1360 730 illa
1381 703 1414 730 ad
1436 703 1583 731 Metehinos
1606 712 1663 731 mo-

874 747 976 774 nachos
985 747 1130 775 continet:
1150 755 1304 783 quanquam
1330 749 1382 775 alia
1399 748 1455 784 (70)
1479 757 1586 785 quoque
1603 751 1662 784 plu-

875 793 942 819 rima
970 793 1057 820 sancti
1094 793 1144 820 viri
1172 794 1197 821 in
1223 794 1344 822 Graecam
1384 803 1513 822 conversa
1545 796 1663 830 linguam

876 838 1007 871 opuscula
1030 838 1271 872 circumferuntur,
1293 840 1399 867 dicendi
1414 841 1439 867 vi
1465 847 1498 867 ac
1524 845 1664 868 venustate

63 883 100 909 οὐκ
111 883 300 917 ἀναξιόπιστος,
316 885 340 911 εἰ
359 885 407 912 καὶ
429 886 466 921 μὴ
484 886 518 913 τὰ
541 886 678 921 δόγματα,
692 887 826 919 Εὐσέϐιος

879 882 985 910 referta.
1003 883 1065 919 Syri
1082 892 1148 912 vero
1169 883 1302 912 affirmant
1330 887 1467 913 orationes
1487 894 1567 920 supra
1591 886 1664 912 mille

62 929 107 955 te
116 930 250 964 Παμφίλου
269 930 413 966 ἐπώνυμον
433 932 523 966 φέρων
545 933 767 968 ὲπιμαρτύρεται
785 933 821 961 ’³.

60 1108 110 1144 [266
121 1110 151 1147 Η]
162 1112 335 1140 Knud/aro?)
347 1111 484 1147 μοναχοῦ
503 1110 593 1145 Λόγοι
605 1110 764 1144 ἀσκητικοὶ
783 1113 823 1144 τ’.

90 1157 244 1194 Ἀνεγνὼσθη
260 1158 428 1194 βιϐλιδὰριον
444 1158 473 1184 ὲν
486 1153 508 1190 ᾧ
520 1156 676 1183 Κασσιανοῦ
694 1156 824 1192 μοναχοῇ

63 1201 154 1240 Ῥώμην
185 1205 316 1241 λαχόντος
341 1204 479 1239 πατρίδα,
507 1205 643 1239 περιῆσαν
674 1203 749 1237 λόγοι
781 1203 823 1238 β’,

59 1244 85 1274 ὧν
98 1251 109 1276 ὁ
123 1250 166 1285 μὲν
179 1251 449 1287 Κάστοριέπισκόπῳ
461 1250 665 1285 ἀνεγέγραπτο,
688 1249 763 1284 αὐτῷ
775 1258 825 1276 πε-

59 1295 173 1330 mthqu
187 1296 209 1312 ³ο
222 1296 276 1331 τὴν
290 1296 345 1322 τῶν
361 1294 566 1330 γεγραμμένων
582 1294 701 1330 αἴτησιν,
717 1295 826 1326 Τύπους

58 1335 146 1371 δὀῧτος
165 1341 211 1367 καὶ
226 1341 345 1372 κανόνας
367 1339 544 1374 ἀπαγγέλλει,
561 1339 622 1366 καθ’
639 1338 685 1370 οὒς
707 1339 780 1365 ἐδέου
796 1339 826 1366 τδ

58 1384 79 1408 lca
90 1385 204 1421 Δίγύπτῳ
216 1386 290 1413 κατὰ
304 1387 468 1421 συστήματα
482 1385 625 1421 μοναδικόν
636 1385 658 1401 ³¹
667 1392 675 1400 '
691 1386 827 1412 κοινόϐια

57 1428 78 1454 δὲ
89 1431 148 1457 αὐτὰ
157 1432 170 1457 ό
188 1432 220 1458 ἐκ
235 1434 288 1466 τῆς
300 1432 466 1466 ὲτυμότητος
485 1430 613 1466 ὀνομάζει
626 1431 717 1466 λόγος.
744 1431 800 1457 Καὶ
813 1431 827 1458 ὁ

58 1473 160 1511 δεύτερος
186 1477 214 1504 δὲ
231 1478 275 1511 τῷ
296 1477 371 1512 αὑτῷ
386 1477 658 1513 προσπεφωνημένος
678 1477 748 1509 ἐστὶ,
762 1477 827 1512 περὶ

57 1520 99 1546 τῶν
108 1521 207 1549 ὀκτὼδὲ
220 1522 362 1558 λογισμῶν
378 1523 427 1558 τὴν
446 1522 604 1558 ἐπιγραφὴν
617 1523 707 1558 φέρει,
723 1519 764 1554 οἷς
777 1530 827 1556 γα-

58 1569 229 1603 στριμαργίαν,
248 1568 392 1603 πορνείαν,
406 1568 602 1604 φιλαργυρίαν,
626 1567 722 1603 ὀργὴν,
738 1567 827 1603 λύπην

57 1612 94 1638 καὶ
106 1613 221 1648 ἁκηδίαν,
229 1614 385 1647 κενοδοξίαν
396 1623 427 1640 τε
441 1615 488 1641 καὶ
502 1614 692 1650 ὑπερηφανίαν
703 1613 827 1646 ἐξάπτει.

57 1657 167 1695 Χρήσιμα
182 1661 221 1694 δὲ,
238 1661 321 1696 εἴπερ
337 1661 360 1676 ³⁸
387 1669 414 1687 τι
428 1660 502 1694 ἄλλο,
519 1661 554 1687 τὰ
567 1661 647 1695 λόγια
669 1660 756 1687 ταῦτα
772 1661 829 1691 τοῖς

58 1704 207 1740 αἱρουμένοις
221 1707 271 1734 τὸν
290 1707 439 1742 ἀσκητικὸν
454 1707 636 1742 ἀναδέχεσθαι
651 1707 755 1740 ἀγῶνα.
773 1707 830 1733 Καὶ

57 1749 94 1776 ἐπὶ
100 1752 221 1780 τοσοῦτον
231 1753 262 1780 τὸ
278 1753 300 1770 ³³
308 1753 421 1779 δυνατὸν
431 1753 523 1784 αὐτοῖς
535 1753 582 1780 καὶ
594 1753 665 1780 θεῖον
676 1753 827 1788 περίεστιν,

57 1795 112 1823 ὥστε
125 1799 168 1825 καὶ
184 1799 266 1834 μέχρι
279 1799 337 1833 νῦν,
350 1800 378 1826 ei
390 1808 417 1826 τι
429 1800 501 1826 κατὰ
515 1800 579 1831 τοὺς
587 1799 689 1832 τύπους
703 1799 830 1826 τουτουσὶ

57 1842 94 1868 καὶ
104 1843 134 1869 τὰ
146 1844 318 1879 διατάγματα
335 1845 498 1879 μοναστικὸν
510 1845 534 1861 ³⁸
548 1844 676 1880 σύστημα
685 1844 830 1872 πολιτεύοι-

57 1894 88 1918 το.
97 1888 165 1915 ἀνθεῖ
172 1899 202 1916 τε
219 1890 258 1922 ὡς
277 1890 300 1906 ³⁵
311 1890 420 1925 ἀληθῶς
439 1889 554 1917 καὶτῶν
567 1889 655 1917 ἄλλων
670 1889 830 1925 προλάμπει

57 1933 94 1958 καὶ
106 1934 154 1960 τῶν
178 1936 289 1970 ἀρετῶν
301 1936 396 1971 ὁρᾶται
412 1936 607 1972 ἐργαστήριον,
630 1936 660 1967 ὃς
674 1936 703 1963 δὲ
718 1935 831 1967 τούτους

57 1976 212 2015 διεγράψατο,
231 1982 283 2008 ἐπὶ
298 1983 406 2017 μικροῖς
420 1990 476 2009 τισι
502 1982 641 2016 λειψάνοις
656 1981 710 2008 τῶν
724 1981 831 2017 ἀρετῶν

59 2025 149 2052 σαλεύει
170 2027 187 2062 ἦ
208 2028 257 2054 καὶ
277 2028 399 2063 ναυαγίῳ
415 2028 585 2064 περιδύεται,
606 2027 652 2054 Διδ
671 2027 761 2063 χρεών
773 2028 831 2054 ἐστι

59 2070 126 2104 μηδὲν
136 2073 188 2100 τῶν
204 2075 234 2101 ἑν
257 2074 352 2105 αὐτοῖς
371 2074 598 2110 παραδεδομένων
613 2074 754 2110 παρορᾷν·
782 2074 832 2100 Δε-

58 2117 170 2153 σποτικῆς
177 2119 230 2156 γὰρ
245 2119 334 2147 ταῦτα
344 2119 506 2155 νομοθεσίας
520 2120 568 2146 καλ⁵
583 2119 633 2154 τῆς
647 2118 831 2153 εύαγγελικῆς

56 2161 175 2196 πολιτείας
202 2165 226 2181 ³⁸
250 2166 328 2192 ἐστὶν
354 2165 504 2197 ἀνάπτυξίς
524 2173 555 2192 τε
585 2165 634 2192 καὶ
663 2165 831 2198 ὲξάπλωσις.

59 2206 158 2236 Ἐστιδὲ
166 2211 242 2247 αὐτῷ
257 2213 347 2239 οἰκεῖα
359 2213 416 2243 τοῖς
427 2211 590 2246 διανοήμασι
602 2211 650 2238 καὶ
662 2212 697 2238 τὰ
709 2212 830 2246 ῥήματα,

57 2251 80 2277 τὸ
91 2261 117 2280 τε
129 2256 211 2291 σαφὲς
235 2257 448 2290 ἀποστίλϐοντα,
477 2257 525 2284 καὶ
544 2257 575 2283 τὸ
587 2257 688 2292 ῥᾳδίως
702 2258 762 2288 ταῖς
779 2256 831 2290 ψυ-

57 2300 106 2331 χαῖς
129 2303 175 2330 καὶ
201 2303 368 2338 ἀνεπαχθῶς
388 2304 410 2319 ³⁷
427 2302 652 2338 ὲγχαράσσεαθαι
675 2302 725 2338 τὴν
750 2302 831 2338 χάριν

58 2343 253 2384 κληρωσάμενα,
269 2350 331 2385 ἅμα
341 2349 447 2376 καὶτοῦ
465 2350 488 2366 ³⁸
505 2349 669 2384 συμπείθειν
683 2349 730 2376 καὶ
739 2348 830 2375 ἕλκειν

57 2390 127 2424 αὑτὰς
139 2395 206 2430 πρὸς
218 2396 252 2422 τὸ
267 2395 499 2431 σπουδαζόμενον.
517 2396 573 2422 Καὶ
593 2395 666 2421 οὕτω
681 2395 770 2422 πάντα
784 2403 830 2420 σο-

873 929 1038 963 scripsisse:
1053 930 1152 964 quibus
1171 931 1251 958 etiam
1277 932 1459 959 testimonium
1471 933 1560 959 reddit
1575 932 1664 967 (cujus

873 976 965 1010 gravis
995 980 1037 1003 est
1063 977 1090 1003 in
1116 976 1244 1011 historia,
1261 986 1314 1005 non
1346 978 1409 1004 item
1437 978 1463 1005 in
1494 979 1665 1013 dogmatibus

875 1023 952 1058 ﬁdes)
969 1024 1098 1051 Eusebius
1123 1024 1168 1051 ille
1190 1023 1321 1058 Pamphili
1338 1029 1526 1059 cognomento.

1203 1070 1330 1100 CXCVII.

997 1115 1118 1142 Cassiani
1139 1116 1258 1143 monachi
1270 1115 1344 1143 Libri
1362 1117 1468 1144 ascetict
1483 1121 1546 1144 tres.

912 1161 1010 1189 Lectus
1038 1162 1156 1194 libellus,
1182 1170 1236 1197 quo
1263 1162 1387 1190 Cassiani
1414 1163 1551 1193 monachi.
1577 1163 1668 1197 patria.

876 1207 990 1234 Romani
1013 1207 1081 1242 (7i),
1098 1208 1158 1235 libri
1179 1210 1232 1235 duo
1259 1209 1477 1236 continebantur.
1504 1209 1600 1244 161a
1617 1209 1666 1235 lio-

876 1261 935 1281 rum
962 1253 1031 1281 alter
1054 1254 1161 1282 Castori
1187 1255 1292 1281 cuidam
1323 1255 1453 1290 episcopo
1484 1261 1665 1289 nuncupatur,

877 1300 922 1335 qui
945 1299 1018 1327 hunc
1033 1300 1067 1327 ab
1079 1300 1125 1328 illo
1137 1300 1220 1328 scribi
1236 1300 1398 1335 postularat.
1416 1300 1531 1328 Formas
1544 1299 1601 1336 (7:2)
1615 1309 1666 1327 au-

878 1348 931 1371 tem
952 1351 984 1371 ac
1003 1344 1110 1379 regulas
1129 1344 1292 1379 prmeribit,
1308 1351 1341 1372 ex
1365 1352 1481 1380 quarum
1510 1345 1667 1379 praescripto

877 1389 970 1416 vivant
994 1389 1019 1416 in
1046 1388 1163 1424 Egypto
1186 1389 1311 1416 monachi
1328 1397 1376 1424 per
1392 1395 1480 1417 ccetus
1496 1389 1556 1417 illos
1576 1390 1665 1417 distri-

878 1432 947 1464 buti,
964 1439 1032 1466 quos
1046 1439 1077 1459 ex
1091 1433 1166 1459 vocis
1180 1432 1284 1467 origine
1299 1433 1385 1467 petita
1405 1432 1520 1465 ratione,
1544 1432 1668 1459 cmnobia

879 1477 1030 1504 nominant.
1055 1477 1130 1504 Alter
1146 1485 1255 1512 quoque
1290 1478 1362 1505 iiber
1384 1476 1471 1505 eidem
1502 1478 1665 1512 inscriptus,

880 1523 914 1550 ab
939 1528 1001 1550 octo
1023 1522 1079 1558 (75)
1107 1523 1162 1551 illis
1179 1522 1311 1559 [vitiosis]
1329 1523 1542 1559 cogitationibus
1560 1523 1668 1551 titulum

879 1575 1028 1602 mutuatur,
1057 1571 1157 1605 quibus
1189 1570 1298 1604 gulam,
1324 1571 1476 1604 luxuriam,
1507 1571 1669 1604 avaritiam,

880 1613 958 1646 iram,
984 1613 1126 1647 invidiam,
1151 1615 1286 1647 acedi‘am,
1310 1615 1418 1642 inanem
1444 1615 1557 1649 gloriam
1587 1620 1670 1650 atque

879 1659 1032 1693 superbiam
1056 1660 1191 1688 attribuit.
1208 1659 1360 1688 Utilissimu
1385 1668 1463 1694 vero,
1480 1661 1504 1688 si
1524 1668 1585 1696 quae
1604 1661 1668 1693 alia,

880 1703 939 1732 hinc
952 1704 985 1732 iis
998 1710 1061 1733 sunt
1075 1706 1260 1739 pronuntiata,
1274 1706 1319 1741 qui
1332 1706 1486 1741 religiosam
1501 1707 1571 1733 inire
1586 1706 1669 1734 vitam

880 1752 1002 1786 cupiunt.
1018 1751 1051 1778 Et
1067 1759 1132 1779 vero
1153 1756 1228 1779 tanta
1250 1752 1284 1779 iis
1299 1751 1339 1779 vis
1355 1752 1437 1784 inest,
1460 1759 1492 1779 ac
1508 1751 1585 1786 quasi
1601 1751 1670 1779 divi-

881 1798 962 1831 nitas,
978 1802 1009 1825 ut
1023 1802 1051 1825 et
1071 1797 1098 1824 in
1119 1797 1191 1825 hunc
1205 1805 1291 1833 usque
1307 1798 1390 1831 diem,
1403 1797 1427 1824 si
1447 1797 1508 1832 quis
1523 1792 1665 1824 monacho-

881 1852 940 1872 rum
959 1850 1108 1872 conventus
1119 1845 1170 1872 hac
1184 1853 1217 1872 ex
1238 1845 1325 1872 forma
1343 1849 1369 1872 et
1385 1845 1463 1872 hisce
1482 1844 1670 1879 prmceptioni-

882 1892 932 1918 bus
957 1891 1135 1926 gubernetur,
1161 1898 1255 1918 revera
1282 1891 1416 1924 tantisper
1431 1889 1535 1922 ﬂoreat,
1552 1889 1669 1917 caeteris—

882 1945 935 1972 que
945 1937 1095 1972 praelucens
1111 1937 1240 1964 virtutum
1257 1944 1318 1964 esse
1332 1935 1439 1964 ollicina
1455 1939 1595 1969 cernatur,
1609 1943 1670 1962 cum

882 1983 928 2019 qui
955 1984 1011 2010 hzec
1035 1983 1182 2017 repudiarit
1211 1987 1309 2015 coetus,
1327 1983 1419 2017 parvis
1436 1982 1599 2018 quibusdam
1616 1982 1672 2008 vir-

884 2033 969 2056 tutum
987 2028 1098 2063 reliquis
1118 2027 1301 2064 [instructus],
1330 2029 1411 2056 veluti
1436 2029 1461 2056 in
1483 2028 1609 2056 fluctibus
1631 2028 1672 2062 ja-

882 2079 983 2108 etetur,
1000 2074 1043 2101 vel
1057 2074 1138 2101 etiam
1161 2074 1333 2109 naufragium
1348 2075 1440 2104 faciat.
1461 2074 1551 2108 Quare
1564 2073 1674 2108 expedit

885 2120 951 2147 nihil
970 2128 1065 2148 eorum
1090 2127 1150 2154 qua:
1173 2120 1208 2146 ibi
1234 2120 1378 2147 traduntur
1401 2124 1586 2147 contemnere.
1603 2119 1671 2146 Nam

884 2166 1032 2194 Dominicis:
1054 2167 1111 2194 haec
1135 2166 1202 2201 legis
1226 2170 1289 2194 sunt
1308 2172 1390 2201 atque
1408 2165 1569 2201 evangelicae
1592 2165 1674 2192 disci-

847 2225 870 2254 Β
884 2212 964 2246 plinae
986 2212 1119 2246 expositio
1143 2216 1171 2239 et
1194 2212 1361 2246 explanatio.
1387 2211 1521 2239 Carterum
1548 2210 1675 2237 sensibus

884 2258 943 2292 ipsa
958 2264 1066 2293 quoque
1091 2258 1161 2292 apud
1177 2265 1240 2285 eum
1260 2257 1406 2292 respondet
1420 2257 1549 2289 elocutio,
1565 2261 1594 2283 ut
1614 2263 1674 2290 qua:

886 2310 939 2330 non
968 2303 1187 2338 perspicuitatem
1216 2303 1303 2331 solum
1327 2310 1418 2331 secum
1440 2303 1547 2336 all'erat,
1571 2303 1618 2330 sed
1643 2310 1674 2329 ea

885 2349 996 2384 insuper
1010 2350 1046 2377 sit
1064 2349 1196 2377 facultate
1210 2350 1333 2384 pradita,
1349 2354 1378 2376 ιιι
1394 2349 1474 2376 facile
1493 2356 1527 2376 ac
1548 2348 1607 2376 sine
1622 2348 1674 2375 ulla

889 2396 913 2421 vi
937 2395 1077 2422 hominum
1098 2395 1199 2423 animis
1225 2396 1397 2430 imprimatur
1414 2404 1421 2422 :
1439 2394 1503 2428 quin
1521 2400 1549 2422 et
1565 2394 1675 2422 eosdem

681 2474 798 2502 VARIJE
815 2473 1017 2502 LECTIONES.

58 2562 74 2577 11
86 2529 104 2545 ²⁹
128 2537 184 2565 post
194 2534 418 2577 gntuap'ftipeut
429 2535 454 2577 in
464 2534 603 2577 'A".acupa
620 2540 748 2577 versuum
769 2533 786 2560 5
802 2541 812 2577 Ξ
829 2533 855 2559 Ῑη
868 2532 896 2577 ,ς
919 2533 1011 2559 unius.

89 2568 223 2605 μοναχικὺν
239 2566 272 2600 ς.
291 2566 297 2569 ⁷
310 2566 439 2605 ³³ἐῖπερ]
460 2569 531 2604 ὑπὲρ
551 2569 595 2605 VA.
635 2568 703 2605 "ﬁco
716 2575 771 2594 om.
797 2571 831 2605 λῃ
867 2568 889 2605 ³)
918 2566 1108 2605 μοναχικδνής.

59 2604 107 2631 post
118 2599 270 2635 ἐξᾶπλωσις
294 2605 367 2638 ponit
383 2599 417 2637 ς.’
430 2599 438 2605 ³
450 2605 471 2620 ³⁷
484 2599 532 2631 xit
546 2604 626 2630 ἁνεπ.
657 2604 755 2638 ἐγχαρ.
786 2603 847 2634 ταῖς

1059 2531 1081 2547 ³⁰
1108 2532 1290 2571 πεποιημένῳ
1321 2536 1381 2571 post
1413 2531 1521 2571 αἴτησιν
1550 2530 1672 2571 βρηίιιςῖ

1163 2568 1185 2584 ³⁵
1204 2565 1246 2599 ὡς
1266 2565 1397 2600 Ᾱττέως
1424 2577 1454 2599 ς.
1469 2565 1475 2568 ’
1493 2567 1516 2583 ³⁸
1536 2565 1675 2593 πολιτείας

868 2603 968 2638 ψυχαῖς
985 2611 1015 2634 ς.
1053 2602 1075 2618 ³³
1091 2602 1139 2628 τοῦ
1155 2603 1179 2629 Α
1193 2611 1200 2629 :
1219 2603 1250 2629 τὸ
1265 2611 1295 2634 ς.

786 2656 901 2684 NOTAE.

87 2701 135 2740 (70)
147 2705 168 2731 Ε
184 2706 287 2740 quibus
301 2712 380 2739 supra
398 2709 517 2740 centum,
534 2709 632 2740 praeter
645 2705 700 2739 jam
716 2711 831 2732 enume-

60 2740 107 2775 Γὲιιῖ
119 2733 212 2775 Latiu'e
226 2733 340 2767 reddita.
356 2741 469 2775 protulit
483 2733 597 2767 Gel-ard.
614 2733 726 2767 Vo'ssius
739 2739 832 2766 Romae

58 2773 81 2795 et
91 2772 200 2802 tioiouizr
216 2776 304 2802 edita.

90 2807 138 2845 (7i)
160 2810 198 2836 An
215 2810 283 2845 quia
301 2810 370 2837 inter
393 2810 503 2837 Latinos
522 2809 647 2837 Massilia:
661 2808 832 2845 vixit?iNam

61 2838 177 2876 S-‘j'Lbatn
191 2838 305 2873 mitione
318 2846 402 2874 fuisse
415 2844 572 2874 Gennadius
587 2850 681 2874 auctor
693 2845 726 2881 lin
743 2844 832 2873 Catal.

884 2711 944 2731 can.
963 2703 1008 2730 61.

919 2711 1110 2774 ἳῇἳῗιίλὶιρειιίε
1131 2743 1257 2772 quatuor,
1270 2739 1315 2773 qui
1336 2739 1435 2774 passim
1453 2743 1562 2767 exstant
1578 2738 1678 2766 Latine

885 2778 914 2800 et
929 2773 1023 2809 Graece
1039 2773 1209 2809 inbiblioth.
1223 2774 1339 2809 August.

925 2808 982 2841 (75)
1000 2807 1126 2844 Totidem
1149 2809 1245 2836 libellis
1269 2807 1358 2838 editus
1385 2809 1492 2843 Latine,
1511 2809 1557 2844 qui
1579 2808 1674 2837 Grmce

887 2850 950 2873 sunt
962 2844 988 2871 in
1007 2842 1130 2872 biblioth.
1142 2843 1258 2878 August.
