  <div class='ocr_page' id='page_1' title='image "/cluster/home/n/w/nwhite01/storage/ocr_20150623/103/njp.32101010943882/428.png"; bbox 0 0 1916 3092; ppageno 0'>
   <div class='ocr_carea' id='block_1_1' title="bbox 52 176 882 213">
    <p class='ocr_par' dir='ltr' id='par_1_1' title="bbox 52 176 882 213">
     <span class='ocr_line' id='line_1_1' title="bbox 52 176 882 213; baseline -0.002 -8"><span class='ocrx_word' id='word_1_1' title='bbox 52 179 124 213; x_wconf 78' lang='grc' dir='ltr'>ἑξῆς,</span> <span class='ocrx_word' id='word_1_2' title='bbox 138 177 197 209; x_wconf 80' lang='grc' dir='ltr'><strong>πῶς</strong></span> <span class='ocrx_word' id='word_1_3' title='bbox 206 186 247 209; x_wconf 80' lang='grc' dir='ltr'><strong>τις</strong></span> <span class='ocrx_word' id='word_1_4' title='bbox 257 177 427 213; x_wconf 78' lang='grc' dir='ltr'><strong>λυπούμενος</strong></span> <span class='ocrx_word' id='word_1_5' title='bbox 437 178 467 204; x_wconf 74' lang='grc' dir='ltr'>ὲν</span> <span class='ocrx_word' id='word_1_6' title='bbox 475 179 638 213; x_wconf 80' lang='grc' dir='ltr'><strong>πειρασμοῖς</strong></span> <span class='ocrx_word' id='word_1_7' title='bbox 647 177 757 204; x_wconf 82' lang='grc' dir='ltr'>δύναται</span> <span class='ocrx_word' id='word_1_8' title='bbox 766 176 846 210; x_wconf 82' lang='grc' dir='ltr'>ἀγαλ-</span> <span class='ocrx_word' id='word_1_9' title='bbox 858 177 882 206; x_wconf 83' lang='grc' dir='ltr'><strong>Α</strong></span> 
     </span>
    </p>
   </div>
   <div class='ocr_carea' id='block_1_2' title="bbox 51 222 845 259">
    <p class='ocr_par' dir='ltr' id='par_1_2' title="bbox 51 222 845 259">
     <span class='ocr_line' id='line_1_2' title="bbox 51 222 845 259; baseline -0.001 -9"><span class='ocrx_word' id='word_1_10' title='bbox 51 224 160 251; x_wconf 77' lang='grc' dir='ltr'>λιᾶσθαι</span> <span class='ocrx_word' id='word_1_11' title='bbox 171 233 179 257; x_wconf 89' lang='grc'>;</span> <span class='ocrx_word' id='word_1_12' title='bbox 188 224 244 250; x_wconf 82' lang='lat' dir='ltr'><strong>NH’</strong></span> <span class='ocrx_word' id='word_1_13' title='bbox 252 225 322 258; x_wconf 77' lang='grc' dir='ltr'>Περὶ</span> <span class='ocrx_word' id='word_1_14' title='bbox 328 222 366 259; x_wconf 80' lang='grc' dir='ltr'>ἧς</span> <span class='ocrx_word' id='word_1_15' title='bbox 374 225 522 258; x_wconf 75' lang='grc' dir='ltr'>σωτηρίας·</span> <span class='ocrx_word' id='word_1_16' title='bbox 529 223 715 257; x_wconf 79' lang='grc' dir='ltr'><strong>ἐξεζήτησαν</strong></span> <span class='ocrx_word' id='word_1_17' title='bbox 720 223 768 250; x_wconf 80' lang='grc' dir='ltr'>καὶ</span> <span class='ocrx_word' id='word_1_18' title='bbox 774 223 845 257; x_wconf 80' lang='grc' dir='ltr'><strong>ἐξη-</strong></span> 
     </span>
    </p>
   </div>
   <div class='ocr_carea' id='block_1_3' title="bbox 49 268 846 305">
    <p class='ocr_par' dir='ltr' id='par_1_3' title="bbox 49 268 846 305">
     <span class='ocr_line' id='line_1_3' title="bbox 49 268 846 305; baseline 0 -9"><span class='ocrx_word' id='word_1_19' title='bbox 49 271 209 305; x_wconf 74' lang='grc' dir='ltr'>ρεύνησαν</span> <span class='ocrx_word' id='word_1_20' title='bbox 241 270 402 305; x_wconf 70' lang='grc' dir='ltr'>προφῆται.</span> <span class='ocrx_word' id='word_1_21' title='bbox 421 269 474 297; x_wconf 88' lang='grc' dir='ltr'><strong>ΝΘ¹</strong></span> <span class='ocrx_word' id='word_1_22' title='bbox 502 271 568 305; x_wconf 75' lang='grc' dir='ltr'>περὶ</span> <span class='ocrx_word' id='word_1_23' title='bbox 599 269 648 296; x_wconf 84' lang='grc' dir='ltr'>τοῦ</span> <span class='ocrx_word' id='word_1_24' title='bbox 673 270 722 303; x_wconf 86' lang='grc' dir='ltr'>Ὧς</span> <span class='ocrx_word' id='word_1_25' title='bbox 748 268 846 303; x_wconf 79' lang='grc' dir='ltr'>ἀμνοῦ</span> 
     </span>
    </p>
   </div>
   <div class='ocr_carea' id='block_1_4' title="bbox 52 314 845 351">
    <p class='ocr_par' dir='ltr' id='par_1_4' title="bbox 52 314 845 351">
     <span class='ocr_line' id='line_1_4' title="bbox 52 314 845 351; baseline -0.001 -8"><span class='ocrx_word' id='word_1_26' title='bbox 52 317 175 351; x_wconf 80' lang='grc' dir='ltr'><strong>ἀμώμου</strong></span> <span class='ocrx_word' id='word_1_27' title='bbox 197 316 247 343; x_wconf 76' lang='grc' dir='ltr'>καὶ</span> <span class='ocrx_word' id='word_1_28' title='bbox 272 317 407 344; x_wconf 77' lang='grc' dir='ltr'><strong>ἀσπίλου</strong></span> <span class='ocrx_word' id='word_1_29' title='bbox 432 317 562 350; x_wconf 82' lang='grc' dir='ltr'><strong>Χριστοῦ</strong></span> <span class='ocrx_word' id='word_1_30' title='bbox 585 314 845 350; x_wconf 79' lang='grc' dir='ltr'><strong>προεγνωσμένου,</strong></span> 
     </span>
    </p>
   </div>
   <div class='ocr_carea' id='block_1_5' title="bbox 56 359 847 397">
    <p class='ocr_par' dir='ltr' id='par_1_5' title="bbox 56 359 847 397">
     <span class='ocr_line' id='line_1_5' title="bbox 56 359 847 397; baseline -0.005 -9"><span class='ocrx_word' id='word_1_31' title='bbox 56 362 109 388; x_wconf 81' lang='grc' dir='ltr'><strong>ὑπὸ</strong></span> <span class='ocrx_word' id='word_1_32' title='bbox 141 361 217 393; x_wconf 85' lang='grc' dir='ltr'>τινος</span> <span class='ocrx_word' id='word_1_33' title='bbox 233 361 482 397; x_wconf 81' lang='grc' dir='ltr'>προεγνωσμένου;</span> <span class='ocrx_word' id='word_1_34' title='bbox 510 361 542 388; x_wconf 81' lang='grc' dir='ltr'><strong>Τί</strong></span> <span class='ocrx_word' id='word_1_35' title='bbox 569 362 644 387; x_wconf 78' lang='grc' dir='ltr'>ἐστιν</span> <span class='ocrx_word' id='word_1_36' title='bbox 664 360 724 386; x_wconf 86' lang='grc' dir='ltr'>’Ὁτι</span> <span class='ocrx_word' id='word_1_37' title='bbox 744 359 847 393; x_wconf 79' lang='grc' dir='ltr'>καιρὸς</span> 
     </span>
    </p>
   </div>
   <div class='ocr_carea' id='block_1_6' title="bbox 52 406 844 442">
    <p class='ocr_par' dir='ltr' id='par_1_6' title="bbox 52 406 844 442">
     <span class='ocr_line' id='line_1_6' title="bbox 52 406 844 442; baseline -0.003 -7"><span class='ocrx_word' id='word_1_38' title='bbox 52 409 107 435; x_wconf 76' lang='grc' dir='ltr'>τοῦ</span> <span class='ocrx_word' id='word_1_39' title='bbox 134 408 284 442; x_wconf 77' lang='grc' dir='ltr'>ἄρξασθαι</span> <span class='ocrx_word' id='word_1_40' title='bbox 298 409 331 435; x_wconf 86' lang='grc' dir='ltr'>τὸ</span> <span class='ocrx_word' id='word_1_41' title='bbox 343 409 432 442; x_wconf 79' lang='grc' dir='ltr'>κρῖμα</span> <span class='ocrx_word' id='word_1_42' title='bbox 451 409 510 435; x_wconf 81' lang='grc' dir='ltr'><strong>ἀπὸ</strong></span> <span class='ocrx_word' id='word_1_43' title='bbox 526 408 580 435; x_wconf 83' lang='grc' dir='ltr'>τοῦ</span> <span class='ocrx_word' id='word_1_44' title='bbox 594 408 678 435; x_wconf 74' lang='grc' dir='ltr'>οἴκου</span> <span class='ocrx_word' id='word_1_45' title='bbox 694 407 747 434; x_wconf 85' lang='grc' dir='ltr'>τοῦ</span> <span class='ocrx_word' id='word_1_46' title='bbox 759 406 844 438; x_wconf 74' lang='grc' dir='ltr'>Θεοῦ,</span> 
     </span>
    </p>
   </div>
   <div class='ocr_carea' id='block_1_7' title="bbox 55 449 847 488">
    <p class='ocr_par' dir='ltr' id='par_1_7' title="bbox 55 449 847 488">
     <span class='ocr_line' id='line_1_7' title="bbox 55 449 847 488; baseline -0.006 -8"><span class='ocrx_word' id='word_1_47' title='bbox 55 454 104 480; x_wconf 80' lang='grc' dir='ltr'>καὶ</span> <span class='ocrx_word' id='word_1_48' title='bbox 115 453 199 488; x_wconf 81' lang='grc' dir='ltr'><strong>ὲξῆς;</strong></span> <span class='ocrx_word' id='word_1_49' title='bbox 219 453 269 480; x_wconf 78' lang='lat' dir='ltr'><strong>EA’</strong></span> <span class='ocrx_word' id='word_1_50' title='bbox 285 453 349 488; x_wconf 74' lang='grc' dir='ltr'>περὶ</span> <span class='ocrx_word' id='word_1_51' title='bbox 368 453 413 479; x_wconf 84' lang='grc' dir='ltr'>τοῦ</span> <span class='ocrx_word' id='word_1_52' title='bbox 429 453 562 488; x_wconf 83' lang='grc' dir='ltr'>δρεπάνου</span> <span class='ocrx_word' id='word_1_53' title='bbox 575 451 649 478; x_wconf 77' lang='grc' dir='ltr'>ὂεῖδε</span> <span class='ocrx_word' id='word_1_54' title='bbox 667 451 817 485; x_wconf 79' lang='grc' dir='ltr'>πετόμενον</span> <span class='ocrx_word' id='word_1_55' title='bbox 833 449 847 474; x_wconf 85' lang='grc' dir='ltr'>ὁ</span> 
     </span>
    </p>
   </div>
   <div class='ocr_carea' id='block_1_8' title="bbox 55 496 847 535">
    <p class='ocr_par' dir='ltr' id='par_1_8' title="bbox 55 496 847 535">
     <span class='ocr_line' id='line_1_8' title="bbox 55 496 847 535; baseline -0.005 -8"><span class='ocrx_word' id='word_1_56' title='bbox 55 500 206 535; x_wconf 80' lang='grc' dir='ltr'>Ζαχαρίας.</span> <span class='ocrx_word' id='word_1_57' title='bbox 237 499 286 526; x_wconf 80' lang='lat' dir='ltr'><strong>EB’</strong></span> <span class='ocrx_word' id='word_1_58' title='bbox 302 499 427 535; x_wconf 75' lang='grc' dir='ltr'><strong>περὶτῆς</strong></span> <span class='ocrx_word' id='word_1_59' title='bbox 458 499 561 534; x_wconf 80' lang='grc' dir='ltr'><strong>χρυσῆς</strong></span> <span class='ocrx_word' id='word_1_60' title='bbox 589 498 699 533; x_wconf 83' lang='grc' dir='ltr'><strong>λυχνίας</strong></span> <span class='ocrx_word' id='word_1_61' title='bbox 724 498 758 534; x_wconf 79' lang='grc' dir='ltr'>ἣν</span> <span class='ocrx_word' id='word_1_62' title='bbox 779 496 847 523; x_wconf 71' lang='grc' dir='ltr'>εἶδεν</span> 
     </span>
    </p>
   </div>
   <div class='ocr_carea' id='block_1_9' title="bbox 55 541 848 580">
    <p class='ocr_par' dir='ltr' id='par_1_9' title="bbox 55 541 848 580">
     <span class='ocr_line' id='line_1_9' title="bbox 55 541 848 580; baseline -0.004 -9"><span class='ocrx_word' id='word_1_63' title='bbox 55 546 138 576; x_wconf 73' lang='grc' dir='ltr'>αὐτὸς</span> <span class='ocrx_word' id='word_1_64' title='bbox 169 546 324 580; x_wconf 79' lang='grc' dir='ltr'><strong>προφήτης.</strong></span> <span class='ocrx_word' id='word_1_65' title='bbox 356 544 402 571; x_wconf 80' lang='lat' dir='ltr'><strong>EI&quot;</strong></span> <span class='ocrx_word' id='word_1_66' title='bbox 431 544 457 570; x_wconf 81' lang='grc' dir='ltr'><strong>τί</strong></span> <span class='ocrx_word' id='word_1_67' title='bbox 493 546 585 576; x_wconf 76' lang='grc' dir='ltr'>ἐστιν,</span> <span class='ocrx_word' id='word_1_68' title='bbox 613 544 660 570; x_wconf 83' lang='grc' dir='ltr'>Ἐν</span> <span class='ocrx_word' id='word_1_69' title='bbox 692 541 712 579; x_wconf 81' lang='grc' dir='ltr'><em>ᾗ</em></span> <span class='ocrx_word' id='word_1_70' title='bbox 749 551 848 570; x_wconf 77' lang='grc' dir='ltr'>κατοι-</span> 
     </span>
    </p>
   </div>
   <div class='ocr_carea' id='block_1_10' title="bbox 55 587 848 624">
    <p class='ocr_par' dir='ltr' id='par_1_10' title="bbox 55 587 848 624">
     <span class='ocr_line' id='line_1_10' title="bbox 55 587 848 624; baseline -0.004 -8"><span class='ocrx_word' id='word_1_71' title='bbox 55 591 146 617; x_wconf 77' lang='grc' dir='ltr'>κοῦσι</span> <span class='ocrx_word' id='word_1_72' title='bbox 159 591 287 622; x_wconf 76' lang='grc' dir='ltr'>πλείους</span> <span class='ocrx_word' id='word_1_73' title='bbox 303 590 322 623; x_wconf 83' lang='grc' dir='ltr'>ἣ</span> <span class='ocrx_word' id='word_1_74' title='bbox 338 589 453 616; x_wconf 78' lang='grc' dir='ltr'>δώδεκα</span> <span class='ocrx_word' id='word_1_75' title='bbox 473 589 618 624; x_wconf 79' lang='grc' dir='ltr'><strong>μυριάδες</strong></span> <span class='ocrx_word' id='word_1_76' title='bbox 632 587 761 623; x_wconf 79' lang='grc' dir='ltr'>ἀνδρῶν,</span> <span class='ocrx_word' id='word_1_77' title='bbox 776 587 848 614; x_wconf 80' lang='grc' dir='ltr'>οἵτι-</span> 
     </span>
    </p>
   </div>
   <div class='ocr_carea' id='block_1_11' title="bbox 56 631 849 671">
    <p class='ocr_par' dir='ltr' id='par_1_11' title="bbox 56 631 849 671">
     <span class='ocr_line' id='line_1_11' title="bbox 56 631 849 671; baseline -0.006 -8"><span class='ocrx_word' id='word_1_78' title='bbox 56 646 109 670; x_wconf 75' lang='grc' dir='ltr'>νες</span> <span class='ocrx_word' id='word_1_79' title='bbox 137 638 195 663; x_wconf 82' lang='grc' dir='ltr'>οὐκ</span> <span class='ocrx_word' id='word_1_80' title='bbox 217 637 357 671; x_wconf 72' lang='grc' dir='ltr'>ἔγνωσαν</span> <span class='ocrx_word' id='word_1_81' title='bbox 382 635 486 667; x_wconf 81' lang='grc' dir='ltr'>δεξιὰν</span> <span class='ocrx_word' id='word_1_82' title='bbox 501 633 602 661; x_wconf 82' lang='grc' dir='ltr'>αὐτῶν</span> <span class='ocrx_word' id='word_1_83' title='bbox 622 633 641 667; x_wconf 82' lang='grc' dir='ltr'><strong>ἣ</strong></span> <span class='ocrx_word' id='word_1_84' title='bbox 663 631 849 668; x_wconf 76' lang='grc' dir='ltr'>ἀριστεράν;</span> 
     </span>
    </p>
   </div>
   <div class='ocr_carea' id='block_1_12' title="bbox 57 677 849 717">
    <p class='ocr_par' dir='ltr' id='par_1_12' title="bbox 57 677 849 717">
     <span class='ocr_line' id='line_1_12' title="bbox 57 677 849 717; baseline -0.008 -8"><span class='ocrx_word' id='word_1_85' title='bbox 57 682 137 714; x_wconf 76' lang='grc' dir='ltr'>Τενες</span> <span class='ocrx_word' id='word_1_86' title='bbox 154 683 179 708; x_wconf 81' lang='grc' dir='ltr'>οἱ</span> <span class='ocrx_word' id='word_1_87' title='bbox 207 682 314 717; x_wconf 74' lang='grc' dir='ltr'>ἇνδρεςς</span> <span class='ocrx_word' id='word_1_88' title='bbox 332 681 377 707; x_wconf 65' lang='grc' dir='ltr'>καὶ</span> <span class='ocrx_word' id='word_1_89' title='bbox 392 681 433 712; x_wconf 78' lang='grc' dir='ltr'><strong>τίς</strong></span> <span class='ocrx_word' id='word_1_90' title='bbox 449 681 466 715; x_wconf 81' lang='grc' dir='ltr'>ἡ</span> <span class='ocrx_word' id='word_1_91' title='bbox 481 679 556 713; x_wconf 78' lang='grc' dir='ltr'>δεξιὰ</span> <span class='ocrx_word' id='word_1_92' title='bbox 571 679 618 706; x_wconf 72' lang='grc' dir='ltr'>καὶ</span> <span class='ocrx_word' id='word_1_93' title='bbox 637 678 770 713; x_wconf 83' lang='grc' dir='ltr'>ἀριστερά</span> <span class='ocrx_word' id='word_1_94' title='bbox 783 687 790 710; x_wconf 95' lang='grc'><strong>;</strong></span> <span class='ocrx_word' id='word_1_95' title='bbox 802 677 849 703; x_wconf 68' lang='lat' dir='ltr'><strong>EA’</strong></span> 
     </span>
    </p>
   </div>
   <div class='ocr_carea' id='block_1_13' title="bbox 56 723 851 762">
    <p class='ocr_par' dir='ltr' id='par_1_13' title="bbox 56 723 851 762">
     <span class='ocr_line' id='line_1_13' title="bbox 56 723 851 762; baseline -0.006 -8"><span class='ocrx_word' id='word_1_96' title='bbox 56 730 101 755; x_wconf 77' lang='grc' dir='ltr'><strong>διὰ</strong></span> <span class='ocrx_word' id='word_1_97' title='bbox 116 729 144 756; x_wconf 81' lang='grc' dir='ltr'>τί</span> <span class='ocrx_word' id='word_1_98' title='bbox 169 729 239 762; x_wconf 79' lang='grc' dir='ltr'>μετά</span> <span class='ocrx_word' id='word_1_99' title='bbox 252 728 298 754; x_wconf 76' lang='grc' dir='ltr'>τὸν</span> <span class='ocrx_word' id='word_1_100' title='bbox 318 728 341 743; x_wconf 73' lang='grc'><strong>³⁵</strong></span> <span class='ocrx_word' id='word_1_101' title='bbox 358 727 472 754; x_wconf 81' lang='grc' dir='ltr'>θάνατον</span> <span class='ocrx_word' id='word_1_102' title='bbox 488 725 574 752; x_wconf 81' lang='grc' dir='ltr'>Σαοὺλ</span> <span class='ocrx_word' id='word_1_103' title='bbox 598 723 645 751; x_wconf 81' lang='grc' dir='ltr'><strong>τοῦ</strong></span> <span class='ocrx_word' id='word_1_104' title='bbox 672 724 851 758; x_wconf 82' lang='grc' dir='ltr'><strong>ἀδικήσαντος</strong></span> 
     </span>
    </p>
   </div>
   <div class='ocr_carea' id='block_1_14' title="bbox 57 767 843 807">
    <p class='ocr_par' dir='ltr' id='par_1_14' title="bbox 57 767 843 807">
     <span class='ocr_line' id='line_1_14' title="bbox 57 767 843 807; baseline -0.01 -6"><span class='ocrx_word' id='word_1_105' title='bbox 57 775 120 805; x_wconf 66' lang='grc' dir='ltr'>τοὺς</span> <span class='ocrx_word' id='word_1_106' title='bbox 136 773 313 804; x_wconf 75' lang='grc' dir='ltr'>Γαϐαωνίτας</span> <span class='ocrx_word' id='word_1_107' title='bbox 329 773 344 799; x_wconf 85' lang='grc' dir='ltr'><strong><em>ὁ</em></strong></span> <span class='ocrx_word' id='word_1_108' title='bbox 365 771 446 807; x_wconf 78' lang='grc' dir='ltr'>μηδὲν</span> <span class='ocrx_word' id='word_1_109' title='bbox 461 771 593 805; x_wconf 73' lang='grc' dir='ltr'><strong>ἀδικήσας</strong></span> <span class='ocrx_word' id='word_1_110' title='bbox 610 769 692 796; x_wconf 82' lang='grc' dir='ltr'>Δαὸὶδ</span> <span class='ocrx_word' id='word_1_111' title='bbox 713 767 843 804; x_wconf 81' lang='grc' dir='ltr'>ἀπῃτήθη</span> 
     </span>
    </p>
   </div>
   <div class='ocr_carea' id='block_1_15' title="bbox 58 814 850 855">
    <p class='ocr_par' dir='ltr' id='par_1_15' title="bbox 58 814 850 855">
     <span class='ocr_line' id='line_1_15' title="bbox 58 814 850 855; baseline -0.008 -9"><span class='ocrx_word' id='word_1_112' title='bbox 58 821 147 852; x_wconf 77' lang='grc' dir='ltr'>δίκας,</span> <span class='ocrx_word' id='word_1_113' title='bbox 157 819 230 855; x_wconf 84' lang='grc' dir='ltr'>λιμῷ</span> <span class='ocrx_word' id='word_1_114' title='bbox 244 819 295 854; x_wconf 80' lang='grc' dir='ltr'>τῆς</span> <span class='ocrx_word' id='word_1_115' title='bbox 304 818 396 853; x_wconf 87' lang='grc' dir='ltr'>χώρας</span> <span class='ocrx_word' id='word_1_116' title='bbox 409 817 493 844; x_wconf 80' lang='grc' dir='ltr'>αὑτοῦ</span> <span class='ocrx_word' id='word_1_117' title='bbox 505 815 691 850; x_wconf 78' lang='grc' dir='ltr'><strong>κακουμένης,</strong></span> <span class='ocrx_word' id='word_1_118' title='bbox 703 814 755 845; x_wconf 75' lang='grc' dir='ltr'>ἕως</span> <span class='ocrx_word' id='word_1_119' title='bbox 765 814 850 840; x_wconf 70' lang='grc' dir='ltr'>ἔδωκε</span> 
     </span>
    </p>
   </div>
   <div class='ocr_carea' id='block_1_16' title="bbox 58 855 888 900">
    <p class='ocr_par' dir='ltr' id='par_1_16' title="bbox 58 855 888 900">
     <span class='ocr_line' id='line_1_16' title="bbox 58 855 888 900; baseline -0.008 -8"><span class='ocrx_word' id='word_1_120' title='bbox 58 867 122 898; x_wconf 72' lang='grc' dir='ltr'>τοὺς</span> <span class='ocrx_word' id='word_1_121' title='bbox 145 866 179 892; x_wconf 80' lang='grc' dir='ltr'>ὲκ</span> <span class='ocrx_word' id='word_1_122' title='bbox 207 866 254 892; x_wconf 78' lang='grc' dir='ltr'><strong>τοῦ</strong></span> <span class='ocrx_word' id='word_1_123' title='bbox 276 865 433 900; x_wconf 81' lang='grc' dir='ltr'>σπέρματος</span> <span class='ocrx_word' id='word_1_124' title='bbox 462 862 549 889; x_wconf 82' lang='grc' dir='ltr'>Σαοὺλ</span> <span class='ocrx_word' id='word_1_125' title='bbox 573 860 643 888; x_wconf 76' lang='grc' dir='ltr'>ἑπτὰ</span> <span class='ocrx_word' id='word_1_126' title='bbox 668 861 767 896; x_wconf 80' lang='grc' dir='ltr'>ἄνδρας</span> <span class='ocrx_word' id='word_1_127' title='bbox 794 860 850 891; x_wconf 77' lang='grc' dir='ltr'>τοῖς</span> <span class='ocrx_word' id='word_1_128' title='bbox 867 855 888 885; x_wconf 86' lang='grc' dir='ltr'><strong><em>Β</em></strong></span> 
     </span>
    </p>
   </div>
   <div class='ocr_carea' id='block_1_17' title="bbox 58 912 275 944">
    <p class='ocr_par' dir='ltr' id='par_1_17' title="bbox 58 912 275 944">
     <span class='ocr_line' id='line_1_17' title="bbox 58 912 275 944; baseline -0.009 -6"><span class='ocrx_word' id='word_1_129' title='bbox 58 912 248 942; x_wconf 68' lang='grc' dir='ltr'>Γαδαωνζταις</span> <span class='ocrx_word' id='word_1_130' title='bbox 267 920 275 944; x_wconf 85' lang='grc'>;</span> 
     </span>
    </p>
   </div>
   <div class='ocr_carea' id='block_1_18' title="bbox 94 951 853 988">
    <p class='ocr_par' dir='ltr' id='par_1_18' title="bbox 94 951 853 988">
     <span class='ocr_line' id='line_1_18' title="bbox 94 951 853 988; baseline -0.009 -4"><span class='ocrx_word' id='word_1_131' title='bbox 94 957 207 984; x_wconf 83' lang='grc' dir='ltr'><strong>Τούτων</strong></span> <span class='ocrx_word' id='word_1_132' title='bbox 225 954 272 983; x_wconf 71' lang='grc' dir='ltr'>οὖν</span> <span class='ocrx_word' id='word_1_133' title='bbox 294 956 344 988; x_wconf 78' lang='grc' dir='ltr'>τὰς</span> <span class='ocrx_word' id='word_1_134' title='bbox 367 955 460 987; x_wconf 81' lang='grc' dir='ltr'>λύσεις</span> <span class='ocrx_word' id='word_1_135' title='bbox 481 955 496 981; x_wconf 79' lang='grc' dir='ltr'>ὁ</span> <span class='ocrx_word' id='word_1_136' title='bbox 511 954 581 985; x_wconf 85' lang='grc' dir='ltr'>θεῖος</span> <span class='ocrx_word' id='word_1_137' title='bbox 604 961 681 984; x_wconf 89' lang='grc' dir='ltr'>ουτος</span> <span class='ocrx_word' id='word_1_138' title='bbox 703 952 773 988; x_wconf 80' lang='grc' dir='ltr'>ἀνὴρ</span> <span class='ocrx_word' id='word_1_139' title='bbox 805 951 853 978; x_wconf 77' lang='grc' dir='ltr'>καὶ</span> 
     </span>
    </p>
   </div>
   <div class='ocr_carea' id='block_1_19' title="bbox 60 998 852 1037">
    <p class='ocr_par' dir='ltr' id='par_1_19' title="bbox 60 998 852 1037">
     <span class='ocr_line' id='line_1_19' title="bbox 60 998 852 1037; baseline -0.008 -7"><span class='ocrx_word' id='word_1_140' title='bbox 60 1004 189 1037; x_wconf 74' lang='grc' dir='ltr'><strong>γενναῖος</strong></span> <span class='ocrx_word' id='word_1_141' title='bbox 217 1001 389 1037; x_wconf 80' lang='grc' dir='ltr'>ὁμολογητὴς</span> <span class='ocrx_word' id='word_1_142' title='bbox 412 1000 567 1028; x_wconf 79' lang='grc' dir='ltr'><strong>ἀποδιδόναι</strong></span> <span class='ocrx_word' id='word_1_143' title='bbox 582 1000 729 1034; x_wconf 77' lang='grc' dir='ltr'><strong>ὑπέρχεται</strong></span> <span class='ocrx_word' id='word_1_144' title='bbox 761 998 852 1024; x_wconf 83' lang='grc' dir='ltr'>πόνον.</span> 
     </span>
    </p>
   </div>
   <div class='ocr_carea' id='block_1_20' title="bbox 61 1043 855 1083">
    <p class='ocr_par' dir='ltr' id='par_1_20' title="bbox 61 1043 855 1083">
     <span class='ocr_line' id='line_1_20' title="bbox 61 1043 855 1083; baseline -0.009 -7"><span class='ocrx_word' id='word_1_145' title='bbox 61 1050 141 1076; x_wconf 83' lang='grc' dir='ltr'>Ἔστι</span> <span class='ocrx_word' id='word_1_146' title='bbox 162 1049 191 1076; x_wconf 79' lang='grc' dir='ltr'>δὲ</span> <span class='ocrx_word' id='word_1_147' title='bbox 210 1048 261 1083; x_wconf 86' lang='grc' dir='ltr'>τὴν</span> <span class='ocrx_word' id='word_1_148' title='bbox 291 1048 392 1083; x_wconf 83' lang='grc' dir='ltr'>φράσιν</span> <span class='ocrx_word' id='word_1_149' title='bbox 421 1047 592 1082; x_wconf 74' lang='grc' dir='ltr'>σχοινοτενής</span> <span class='ocrx_word' id='word_1_150' title='bbox 619 1054 649 1072; x_wconf 85' lang='grc' dir='ltr'><strong>τε</strong></span> <span class='ocrx_word' id='word_1_151' title='bbox 677 1046 736 1076; x_wconf 82' lang='grc' dir='ltr'>ταῖς</span> <span class='ocrx_word' id='word_1_152' title='bbox 762 1043 855 1079; x_wconf 81' lang='grc' dir='ltr'>περιό‹</span> 
     </span>
    </p>
   </div>
   <div class='ocr_carea' id='block_1_21' title="bbox 59 1090 855 1130">
    <p class='ocr_par' dir='ltr' id='par_1_21' title="bbox 59 1090 855 1130">
     <span class='ocr_line' id='line_1_21' title="bbox 59 1090 855 1130; baseline -0.009 -8"><span class='ocrx_word' id='word_1_153' title='bbox 59 1097 128 1128; x_wconf 76' lang='grc' dir='ltr'>δοις,</span> <span class='ocrx_word' id='word_1_154' title='bbox 144 1095 193 1122; x_wconf 79' lang='grc' dir='ltr'>καὶ</span> <span class='ocrx_word' id='word_1_155' title='bbox 224 1094 329 1130; x_wconf 79' lang='grc' dir='ltr'>χαίρων</span> <span class='ocrx_word' id='word_1_156' title='bbox 357 1093 532 1128; x_wconf 76' lang='grc' dir='ltr'>ὑπερϐατοῖς,</span> <span class='ocrx_word' id='word_1_157' title='bbox 551 1091 715 1126; x_wconf 78' lang='grc' dir='ltr'>ἑνακμάζων</span> <span class='ocrx_word' id='word_1_158' title='bbox 738 1098 768 1116; x_wconf 85' lang='grc' dir='ltr'><strong>τε</strong></span> <span class='ocrx_word' id='word_1_159' title='bbox 794 1090 855 1120; x_wconf 84' lang='grc' dir='ltr'>ταῖς</span> 
     </span>
    </p>
   </div>
   <div class='ocr_carea' id='block_1_22' title="bbox 58 1136 856 1177">
    <p class='ocr_par' dir='ltr' id='par_1_22' title="bbox 58 1136 856 1177">
     <span class='ocr_line' id='line_1_22' title="bbox 58 1136 856 1177; baseline -0.008 -9"><span class='ocrx_word' id='word_1_160' title='bbox 58 1142 234 1177; x_wconf 70' lang='grc' dir='ltr'>περιϐολαῖς,</span> <span class='ocrx_word' id='word_1_161' title='bbox 253 1141 300 1167; x_wconf 67' lang='grc' dir='ltr'><strong>καὶ</strong></span> <span class='ocrx_word' id='word_1_162' title='bbox 311 1140 482 1175; x_wconf 82' lang='grc' dir='ltr'>κυριολογεῖν</span> <span class='ocrx_word' id='word_1_163' title='bbox 499 1139 549 1165; x_wconf 77' lang='grc' dir='ltr'><strong>οὐκ</strong></span> <span class='ocrx_word' id='word_1_164' title='bbox 570 1136 789 1172; x_wconf 67' lang='grc' dir='ltr'><strong>ἐσπουδασμένος</strong></span> <span class='ocrx_word' id='word_1_165' title='bbox 804 1145 812 1152; x_wconf 93' lang='grc'><strong>·</strong></span> <span class='ocrx_word' id='word_1_166' title='bbox 826 1136 856 1168; x_wconf 78' lang='grc' dir='ltr'><strong>ἐξ</strong></span> 
     </span>
    </p>
   </div>
   <div class='ocr_carea' id='block_1_23' title="bbox 59 1181 855 1222">
    <p class='ocr_par' dir='ltr' id='par_1_23' title="bbox 59 1181 855 1222">
     <span class='ocr_line' id='line_1_23' title="bbox 59 1181 855 1222; baseline -0.01 -7"><span class='ocrx_word' id='word_1_167' title='bbox 59 1185 97 1215; x_wconf 83' lang='grc' dir='ltr'>ὧν</span> <span class='ocrx_word' id='word_1_168' title='bbox 110 1187 187 1222; x_wconf 71' lang='grc' dir='ltr'>αὐτῷ</span> <span class='ocrx_word' id='word_1_169' title='bbox 199 1188 232 1222; x_wconf 85' lang='grc' dir='ltr'>τῇ</span> <span class='ocrx_word' id='word_1_170' title='bbox 246 1186 393 1220; x_wconf 81' lang='grc' dir='ltr'>συγγραφῇ</span> <span class='ocrx_word' id='word_1_171' title='bbox 408 1185 454 1211; x_wconf 78' lang='grc' dir='ltr'>καὶ</span> <span class='ocrx_word' id='word_1_172' title='bbox 468 1184 499 1210; x_wconf 79' lang='grc' dir='ltr'>τὸ</span> <span class='ocrx_word' id='word_1_173' title='bbox 509 1183 614 1218; x_wconf 82' lang='grc' dir='ltr'>ἀσαφὲς</span> <span class='ocrx_word' id='word_1_174' title='bbox 630 1183 676 1210; x_wconf 77' lang='grc' dir='ltr'>καὶ</span> <span class='ocrx_word' id='word_1_175' title='bbox 691 1181 855 1209; x_wconf 82' lang='grc' dir='ltr'>δυσεπισκό-</span> 
     </span>
    </p>
   </div>
   <div class='ocr_carea' id='block_1_24' title="bbox 58 1228 856 1269">
    <p class='ocr_par' dir='ltr' id='par_1_24' title="bbox 58 1228 856 1269">
     <span class='ocr_line' id='line_1_24' title="bbox 58 1228 856 1269; baseline -0.009 -9"><span class='ocrx_word' id='word_1_176' title='bbox 58 1242 148 1269; x_wconf 78' lang='grc' dir='ltr'>πητον</span> <span class='ocrx_word' id='word_1_177' title='bbox 168 1233 190 1249; x_wconf 74' lang='grc'><strong>’⁷</strong></span> <span class='ocrx_word' id='word_1_178' title='bbox 207 1232 355 1268; x_wconf 81' lang='grc' dir='ltr'>διατρέχει.</span> <span class='ocrx_word' id='word_1_179' title='bbox 382 1231 426 1265; x_wconf 84' lang='grc' dir='ltr'><strong>Τῷ</strong></span> <span class='ocrx_word' id='word_1_180' title='bbox 445 1231 542 1265; x_wconf 79' lang='grc' dir='ltr'>τραχεῖ</span> <span class='ocrx_word' id='word_1_181' title='bbox 563 1230 592 1256; x_wconf 80' lang='grc' dir='ltr'>δὲ</span> <span class='ocrx_word' id='word_1_182' title='bbox 609 1229 655 1256; x_wconf 86' lang='grc' dir='ltr'>τοῦ</span> <span class='ocrx_word' id='word_1_183' title='bbox 680 1229 761 1264; x_wconf 75' lang='grc' dir='ltr'>δγκου</span> <span class='ocrx_word' id='word_1_184' title='bbox 773 1249 781 1260; x_wconf 84' lang='grc'><strong>,</strong></span> <span class='ocrx_word' id='word_1_185' title='bbox 805 1228 856 1254; x_wconf 78' lang='grc' dir='ltr'><strong>ὅσα</strong></span> 
     </span>
    </p>
   </div>
   <div class='ocr_carea' id='block_1_25' title="bbox 58 1273 852 1315">
    <p class='ocr_par' dir='ltr' id='par_1_25' title="bbox 58 1273 852 1315">
     <span class='ocr_line' id='line_1_25' title="bbox 58 1273 852 1315; baseline -0.009 -9"><span class='ocrx_word' id='word_1_186' title='bbox 58 1281 126 1315; x_wconf 75' lang='grc' dir='ltr'>περὶ</span> <span class='ocrx_word' id='word_1_187' title='bbox 142 1278 281 1313; x_wconf 79' lang='grc' dir='ltr'>συνθήκην</span> <span class='ocrx_word' id='word_1_188' title='bbox 303 1277 352 1304; x_wconf 64' lang='grc' dir='ltr'><strong>καὶ</strong></span> <span class='ocrx_word' id='word_1_189' title='bbox 366 1276 546 1307; x_wconf 81' lang='grc' dir='ltr'>ἀναπαύσεις,</span> <span class='ocrx_word' id='word_1_190' title='bbox 562 1276 608 1302; x_wconf 75' lang='grc' dir='ltr'>τὸν</span> <span class='ocrx_word' id='word_1_191' title='bbox 624 1275 704 1309; x_wconf 84' lang='grc' dir='ltr'>λόγον</span> <span class='ocrx_word' id='word_1_192' title='bbox 730 1273 852 1300; x_wconf 79' lang='grc' dir='ltr'>ὑποϐάλ-</span> 
     </span>
    </p>
   </div>
   <div class='ocr_carea' id='block_1_26' title="bbox 58 1319 857 1358">
    <p class='ocr_par' dir='ltr' id='par_1_26' title="bbox 58 1319 857 1358">
     <span class='ocr_line' id='line_1_26' title="bbox 58 1319 857 1358; baseline -0.009 -7"><span class='ocrx_word' id='word_1_193' title='bbox 58 1325 115 1351; x_wconf 85' lang='grc' dir='ltr'><strong>λων</strong></span> <span class='ocrx_word' id='word_1_194' title='bbox 130 1323 187 1350; x_wconf 78' lang='grc' dir='ltr'>οὐδ’</span> <span class='ocrx_word' id='word_1_195' title='bbox 197 1324 262 1358; x_wconf 79' lang='grc' dir='ltr'>ἡδὺς</span> <span class='ocrx_word' id='word_1_196' title='bbox 276 1320 346 1349; x_wconf 85' lang='grc' dir='ltr'>εἶναι</span> <span class='ocrx_word' id='word_1_197' title='bbox 369 1321 514 1353; x_wconf 77' lang='grc' dir='ltr'>σπουδάζει</span> <span class='ocrx_word' id='word_1_198' title='bbox 527 1320 653 1356; x_wconf 73' lang='grc' dir='ltr'>τῇζάκοῇ.</span> <span class='ocrx_word' id='word_1_199' title='bbox 673 1319 729 1346; x_wconf 78' lang='grc' dir='ltr'><strong>Καὶ</strong></span> <span class='ocrx_word' id='word_1_200' title='bbox 742 1319 759 1354; x_wconf 83' lang='grc' dir='ltr'>ὴ</span> <span class='ocrx_word' id='word_1_201' title='bbox 772 1326 857 1354; x_wconf 77' lang='grc' dir='ltr'>μετα-</span> 
     </span>
    </p>
   </div>
   <div class='ocr_carea' id='block_1_27' title="bbox 58 1364 859 1406">
    <p class='ocr_par' dir='ltr' id='par_1_27' title="bbox 58 1364 859 1406">
     <span class='ocr_line' id='line_1_27' title="bbox 58 1364 859 1406; baseline -0.009 -9"><span class='ocrx_word' id='word_1_202' title='bbox 58 1370 135 1406; x_wconf 74' lang='grc' dir='ltr'>φορὰ</span> <span class='ocrx_word' id='word_1_203' title='bbox 150 1368 226 1404; x_wconf 73' lang='grc' dir='ltr'><strong>αὺτῷ</strong></span> <span class='ocrx_word' id='word_1_204' title='bbox 246 1369 301 1395; x_wconf 83' lang='grc' dir='ltr'>τῶν</span> <span class='ocrx_word' id='word_1_205' title='bbox 316 1367 414 1399; x_wconf 77' lang='grc' dir='ltr'>λέξεων</span> <span class='ocrx_word' id='word_1_206' title='bbox 425 1366 474 1394; x_wconf 81' lang='grc' dir='ltr'>οὐκ</span> <span class='ocrx_word' id='word_1_207' title='bbox 490 1366 530 1397; x_wconf 80' lang='grc' dir='ltr'><strong>εἰς</strong></span> <span class='ocrx_word' id='word_1_208' title='bbox 544 1366 574 1392; x_wconf 78' lang='grc' dir='ltr'>τὸ</span> <span class='ocrx_word' id='word_1_209' title='bbox 585 1365 682 1401; x_wconf 82' lang='grc' dir='ltr'>χαρίεν</span> <span class='ocrx_word' id='word_1_210' title='bbox 697 1364 745 1392; x_wconf 79' lang='grc' dir='ltr'>καὶ</span> <span class='ocrx_word' id='word_1_211' title='bbox 758 1371 859 1398; x_wconf 84' lang='grc' dir='ltr'>γεγοη-</span> 
     </span>
    </p>
   </div>
   <div class='ocr_carea' id='block_1_28' title="bbox 57 1410 860 1450">
    <p class='ocr_par' dir='ltr' id='par_1_28' title="bbox 57 1410 860 1450">
     <span class='ocr_line' id='line_1_28' title="bbox 57 1410 860 1450; baseline -0.009 -8"><span class='ocrx_word' id='word_1_212' title='bbox 57 1416 194 1450; x_wconf 75' lang='grc' dir='ltr'>τευμένον</span> <span class='ocrx_word' id='word_1_213' title='bbox 205 1413 407 1450; x_wconf 76' lang='grc' dir='ltr'>περιήνθισται,</span> <span class='ocrx_word' id='word_1_214' title='bbox 417 1412 474 1438; x_wconf 84' lang='grc' dir='ltr'>ἁλλ’</span> <span class='ocrx_word' id='word_1_215' title='bbox 489 1411 577 1442; x_wconf 77' lang='grc' dir='ltr'>οὕτως</span> <span class='ocrx_word' id='word_1_216' title='bbox 592 1410 684 1442; x_wconf 82' lang='grc' dir='ltr'>ἁπλῶς</span> <span class='ocrx_word' id='word_1_217' title='bbox 699 1411 747 1437; x_wconf 69' lang='grc' dir='ltr'>καὶ</span> <span class='ocrx_word' id='word_1_218' title='bbox 762 1411 860 1444; x_wconf 81' lang='grc' dir='ltr'>ἀπερι-</span> 
     </span>
    </p>
   </div>
   <div class='ocr_carea' id='block_1_29' title="bbox 62 1456 860 1497">
    <p class='ocr_par' dir='ltr' id='par_1_29' title="bbox 62 1456 860 1497">
     <span class='ocr_line' id='line_1_29' title="bbox 62 1456 860 1497; baseline -0.006 -10"><span class='ocrx_word' id='word_1_219' title='bbox 62 1461 209 1497; x_wconf 77' lang='grc' dir='ltr'>μερίμνως</span> <span class='ocrx_word' id='word_1_220' title='bbox 236 1458 491 1495; x_wconf 75' lang='grc' dir='ltr'>παραλαμϐάνεται.</span> <span class='ocrx_word' id='word_1_221' title='bbox 514 1458 546 1484; x_wconf 86' lang='lat'><strong>‘0</strong></span> <span class='ocrx_word' id='word_1_222' title='bbox 566 1456 589 1483; x_wconf 80' lang='grc' dir='ltr'>δ’</span> <span class='ocrx_word' id='word_1_223' title='bbox 613 1457 695 1491; x_wconf 71' lang='grc' dir='ltr'>ἔγγὺς</span> <span class='ocrx_word' id='word_1_224' title='bbox 723 1456 770 1483; x_wconf 74' lang='grc' dir='ltr'><strong>καὶ</strong></span> <span class='ocrx_word' id='word_1_225' title='bbox 796 1456 860 1486; x_wconf 74' lang='grc' dir='ltr'>τοὺς</span> 
     </span>
    </p>
   </div>
   <div class='ocr_carea' id='block_1_30' title="bbox 59 1501 859 1543">
    <p class='ocr_par' dir='ltr' id='par_1_30' title="bbox 59 1501 859 1543">
     <span class='ocr_line' id='line_1_30' title="bbox 59 1501 859 1543; baseline -0.008 -10"><span class='ocrx_word' id='word_1_226' title='bbox 59 1509 130 1543; x_wconf 74' lang='grc' dir='ltr'>περὶ</span> <span class='ocrx_word' id='word_1_227' title='bbox 142 1506 225 1533; x_wconf 75' lang='grc' dir='ltr'>αὑτὸν</span> <span class='ocrx_word' id='word_1_228' title='bbox 241 1505 450 1536; x_wconf 71' lang='grc' dir='ltr'>ἐσπουδακότας</span> <span class='ocrx_word' id='word_1_229' title='bbox 465 1503 609 1530; x_wconf 77' lang='grc' dir='ltr'>ἀποκναίει</span> <span class='ocrx_word' id='word_1_230' title='bbox 633 1502 666 1535; x_wconf 77' lang='grc'><strong>’³,</strong></span> <span class='ocrx_word' id='word_1_231' title='bbox 690 1502 784 1537; x_wconf 76' lang='grc' dir='ltr'>πόρρω</span> <span class='ocrx_word' id='word_1_232' title='bbox 812 1501 859 1528; x_wconf 80' lang='grc' dir='ltr'><strong>τοῦ</strong></span> 
     </span>
    </p>
   </div>
   <div class='ocr_carea' id='block_1_31' title="bbox 59 1538 895 1588">
    <p class='ocr_par' dir='ltr' id='par_1_31' title="bbox 59 1538 895 1588">
     <span class='ocr_line' id='line_1_31' title="bbox 59 1538 895 1588; baseline -0.007 -9"><span class='ocrx_word' id='word_1_233' title='bbox 59 1538 233 1588; x_wconf 58' lang='grc' dir='ltr'>γραμματος</span> <span class='ocrx_word' id='word_1_234' title='bbox 249 1551 358 1584; x_wconf 77' lang='grc' dir='ltr'>καὶτῆς</span> <span class='ocrx_word' id='word_1_235' title='bbox 373 1550 548 1585; x_wconf 73' lang='grc' dir='ltr'>ἐγνωσμένης</span> <span class='ocrx_word' id='word_1_236' title='bbox 570 1549 705 1584; x_wconf 74' lang='grc' dir='ltr'>ἱστορίας,</span> <span class='ocrx_word' id='word_1_237' title='bbox 719 1548 736 1583; x_wconf 82' lang='grc' dir='ltr'>ἢ</span> <span class='ocrx_word' id='word_1_238' title='bbox 761 1547 859 1583; x_wconf 81' lang='grc' dir='ltr'>μᾶλλον</span> <span class='ocrx_word' id='word_1_239' title='bbox 873 1538 895 1569; x_wconf 78' lang='lat' dir='ltr'>C</span> 
     </span>
    </p>
   </div>
   <div class='ocr_carea' id='block_1_32' title="bbox 60 1593 861 1631">
    <p class='ocr_par' dir='ltr' id='par_1_32' title="bbox 60 1593 861 1631">
     <span class='ocr_line' id='line_1_32' title="bbox 60 1593 861 1631; baseline -0.009 -5"><span class='ocrx_word' id='word_1_240' title='bbox 60 1600 110 1626; x_wconf 79' lang='grc' dir='ltr'>καὶ</span> <span class='ocrx_word' id='word_1_241' title='bbox 126 1596 213 1626; x_wconf 73' lang='grc' dir='ltr'>αὑτοῦ</span> <span class='ocrx_word' id='word_1_242' title='bbox 235 1597 283 1624; x_wconf 77' lang='grc' dir='ltr'><strong>τοῦ</strong></span> <span class='ocrx_word' id='word_1_243' title='bbox 310 1596 496 1631; x_wconf 76' lang='grc' dir='ltr'>ἠπορημένον,</span> <span class='ocrx_word' id='word_1_244' title='bbox 520 1595 547 1622; x_wconf 84' lang='grc' dir='ltr'>αἱ</span> <span class='ocrx_word' id='word_1_245' title='bbox 565 1594 658 1626; x_wconf 83' lang='grc' dir='ltr'>λύσεις</span> <span class='ocrx_word' id='word_1_246' title='bbox 682 1593 756 1628; x_wconf 83' lang='grc' dir='ltr'>αὐτῴ</span> <span class='ocrx_word' id='word_1_247' title='bbox 783 1602 861 1628; x_wconf 81' lang='grc' dir='ltr'>περι-</span> 
     </span>
    </p>
   </div>
   <div class='ocr_carea' id='block_1_33' title="bbox 58 1640 861 1678">
    <p class='ocr_par' dir='ltr' id='par_1_33' title="bbox 58 1640 861 1678">
     <span class='ocr_line' id='line_1_33' title="bbox 58 1640 861 1678; baseline -0.006 -7"><span class='ocrx_word' id='word_1_248' title='bbox 58 1646 202 1672; x_wconf 74' lang='grc' dir='ltr'>νοοίνται.</span> <span class='ocrx_word' id='word_1_249' title='bbox 219 1642 291 1678; x_wconf 83' lang='grc' dir='ltr'>Πλὴν</span> <span class='ocrx_word' id='word_1_250' title='bbox 301 1643 327 1669; x_wconf 74' lang='grc' dir='ltr'>εἴ</span> <span class='ocrx_word' id='word_1_251' title='bbox 341 1651 393 1669; x_wconf 81' lang='grc' dir='ltr'>τινι</span> <span class='ocrx_word' id='word_1_252' title='bbox 410 1642 487 1677; x_wconf 80' lang='grc' dir='ltr'>φίλον</span> <span class='ocrx_word' id='word_1_253' title='bbox 502 1642 659 1676; x_wconf 80' lang='grc' dir='ltr'>ἀναγωγαῖς</span> <span class='ocrx_word' id='word_1_254' title='bbox 677 1641 724 1667; x_wconf 77' lang='grc' dir='ltr'>καὶ</span> <span class='ocrx_word' id='word_1_255' title='bbox 733 1640 861 1676; x_wconf 78' lang='grc' dir='ltr'>θεωρίαις</span> 
     </span>
    </p>
   </div>
   <div class='ocr_carea' id='block_1_34' title="bbox 58 1687 860 1723">
    <p class='ocr_par' dir='ltr' id='par_1_34' title="bbox 58 1687 860 1723">
     <span class='ocr_line' id='line_1_34' title="bbox 58 1687 860 1723; baseline -0.009 -4"><span class='ocrx_word' id='word_1_256' title='bbox 58 1694 109 1719; x_wconf 68' lang='grc' dir='ltr'><strong>τὸν</strong></span> <span class='ocrx_word' id='word_1_257' title='bbox 125 1691 189 1718; x_wconf 77' lang='grc' dir='ltr'>νοῦν</span> <span class='ocrx_word' id='word_1_258' title='bbox 214 1691 377 1723; x_wconf 73' lang='grc' dir='ltr'>ἀνελίσσειν,</span> <span class='ocrx_word' id='word_1_259' title='bbox 391 1690 442 1716; x_wconf 82' lang='grc' dir='ltr'>οὐκ</span> <span class='ocrx_word' id='word_1_260' title='bbox 460 1690 493 1716; x_wconf 84' lang='grc' dir='ltr'>ἂν</span> <span class='ocrx_word' id='word_1_261' title='bbox 515 1688 726 1723; x_wconf 83' lang='grc' dir='ltr'>ποικιλωτέραις</span> <span class='ocrx_word' id='word_1_262' title='bbox 741 1687 794 1714; x_wconf 73' lang='grc' dir='ltr'>οὐδ’</span> <span class='ocrx_word' id='word_1_263' title='bbox 813 1687 860 1712; x_wconf 75' lang='grc' dir='ltr'><strong>ἐσ-</strong></span> 
     </span>
    </p>
   </div>
   <div class='ocr_carea' id='block_1_35' title="bbox 60 1731 861 1770">
    <p class='ocr_par' dir='ltr' id='par_1_35' title="bbox 60 1731 861 1770">
     <span class='ocr_line' id='line_1_35' title="bbox 60 1731 861 1770; baseline -0.007 -7"><span class='ocrx_word' id='word_1_264' title='bbox 60 1735 273 1770; x_wconf 69' lang='grc' dir='ltr'>πουδασμένως</span> <span class='ocrx_word' id='word_1_265' title='bbox 287 1734 386 1770; x_wconf 80' lang='grc' dir='ltr'>μᾶλλον</span> <span class='ocrx_word' id='word_1_266' title='bbox 402 1735 419 1770; x_wconf 79' lang='grc' dir='ltr'>ἢ</span> <span class='ocrx_word' id='word_1_267' title='bbox 435 1734 546 1765; x_wconf 81' lang='grc' dir='ltr'>ταύταις</span> <span class='ocrx_word' id='word_1_268' title='bbox 561 1732 715 1768; x_wconf 79' lang='grc' dir='ltr'>περιτύχοι.</span> <span class='ocrx_word' id='word_1_269' title='bbox 734 1731 861 1764; x_wconf 84' lang='grc' dir='ltr'>Συλλέγει</span> 
     </span>
    </p>
   </div>
   <div class='ocr_carea' id='block_1_36' title="bbox 62 1778 862 1820">
    <p class='ocr_par' dir='ltr' id='par_1_36' title="bbox 62 1778 862 1820">
     <span class='ocr_line' id='line_1_36' title="bbox 62 1778 862 1820; baseline -0.009 -10"><span class='ocrx_word' id='word_1_270' title='bbox 62 1786 117 1820; x_wconf 71' lang='grc' dir='ltr'>μὲν</span> <span class='ocrx_word' id='word_1_271' title='bbox 131 1783 188 1817; x_wconf 85' lang='grc' dir='ltr'>γὰρ</span> <span class='ocrx_word' id='word_1_272' title='bbox 205 1783 252 1809; x_wconf 75' lang='grc' dir='ltr'>καὶ</span> <span class='ocrx_word' id='word_1_273' title='bbox 264 1782 318 1808; x_wconf 84' lang='grc' dir='ltr'>τῶν</span> <span class='ocrx_word' id='word_1_274' title='bbox 333 1781 386 1816; x_wconf 80' lang='grc' dir='ltr'>πρὸ</span> <span class='ocrx_word' id='word_1_275' title='bbox 398 1780 480 1807; x_wconf 79' lang='grc' dir='ltr'>αὐτοῦ</span> <span class='ocrx_word' id='word_1_276' title='bbox 496 1781 535 1811; x_wconf 80' lang='grc' dir='ltr'><strong>εἰς</strong></span> <span class='ocrx_word' id='word_1_277' title='bbox 550 1779 608 1806; x_wconf 77' lang='grc' dir='ltr'>ἔνια</span> <span class='ocrx_word' id='word_1_278' title='bbox 615 1779 668 1805; x_wconf 85' lang='grc' dir='ltr'>τῶν</span> <span class='ocrx_word' id='word_1_279' title='bbox 681 1778 862 1813; x_wconf 76' lang='grc' dir='ltr'>ἠπορημένων</span> 
     </span>
    </p>
   </div>
   <div class='ocr_carea' id='block_1_37' title="bbox 60 1823 863 1865">
    <p class='ocr_par' dir='ltr' id='par_1_37' title="bbox 60 1823 863 1865">
     <span class='ocr_line' id='line_1_37' title="bbox 60 1823 863 1865; baseline -0.01 -9"><span class='ocrx_word' id='word_1_280' title='bbox 60 1829 217 1865; x_wconf 78' lang='grc' dir='ltr'>εἰρημένα,</span> <span class='ocrx_word' id='word_1_281' title='bbox 231 1827 412 1855; x_wconf 85' lang='grc' dir='ltr'>ὲπισυνάπτει</span> <span class='ocrx_word' id='word_1_282' title='bbox 432 1826 461 1853; x_wconf 84' lang='grc' dir='ltr'>δὲ</span> <span class='ocrx_word' id='word_1_283' title='bbox 471 1827 516 1852; x_wconf 75' lang='grc' dir='ltr'>καὶ</span> <span class='ocrx_word' id='word_1_284' title='bbox 526 1826 575 1861; x_wconf 82' lang='grc' dir='ltr'>τῆς</span> <span class='ocrx_word' id='word_1_285' title='bbox 586 1824 691 1852; x_wconf 85' lang='grc' dir='ltr'>οἴκοθεν</span> <span class='ocrx_word' id='word_1_286' title='bbox 705 1823 863 1859; x_wconf 79' lang='grc' dir='ltr'>φιλοπονίας</span> 
     </span>
    </p>
   </div>
   <div class='ocr_carea' id='block_1_38' title="bbox 61 1869 864 1909">
    <p class='ocr_par' dir='ltr' id='par_1_38' title="bbox 61 1869 864 1909">
     <span class='ocr_line' id='line_1_38' title="bbox 61 1869 864 1909; baseline -0.009 -7"><span class='ocrx_word' id='word_1_287' title='bbox 61 1876 148 1903; x_wconf 66' lang='grc' dir='ltr'>οὐδὲν</span> <span class='ocrx_word' id='word_1_288' title='bbox 165 1875 286 1905; x_wconf 75' lang='grc' dir='ltr'>ἐλαττον,</span> <span class='ocrx_word' id='word_1_289' title='bbox 299 1875 323 1900; x_wconf 78' lang='lat' dir='ltr'><strong>ei.</strong></span> <span class='ocrx_word' id='word_1_290' title='bbox 341 1873 378 1909; x_wconf 82' lang='grc' dir='ltr'>μὴ</span> <span class='ocrx_word' id='word_1_291' title='bbox 394 1874 440 1900; x_wconf 71' lang='grc' dir='ltr'><strong>καὶ</strong></span> <span class='ocrx_word' id='word_1_292' title='bbox 457 1873 568 1907; x_wconf 79' lang='grc' dir='ltr'>μᾶλλον,</span> <span class='ocrx_word' id='word_1_293' title='bbox 585 1871 616 1898; x_wconf 73' lang='grc' dir='ltr'>τὸ</span> <span class='ocrx_word' id='word_1_294' title='bbox 627 1871 764 1906; x_wconf 84' lang='grc' dir='ltr'>γλαφυρόν</span> <span class='ocrx_word' id='word_1_295' title='bbox 773 1878 802 1896; x_wconf 83' lang='grc' dir='ltr'><strong>τε</strong></span> <span class='ocrx_word' id='word_1_296' title='bbox 816 1869 864 1896; x_wconf 76' lang='grc' dir='ltr'>καὶ</span> 
     </span>
    </p>
   </div>
   <div class='ocr_carea' id='block_1_39' title="bbox 63 1914 864 1957">
    <p class='ocr_par' dir='ltr' id='par_1_39' title="bbox 63 1914 864 1957">
     <span class='ocr_line' id='line_1_39' title="bbox 63 1914 864 1957; baseline -0.009 -9"><span class='ocrx_word' id='word_1_297' title='bbox 63 1921 305 1957; x_wconf 83' lang='grc' dir='ltr'>περινενοημένον</span> <span class='ocrx_word' id='word_1_298' title='bbox 332 1919 552 1956; x_wconf 73' lang='grc' dir='ltr'>πριιϐεσλημένα.</span> <span class='ocrx_word' id='word_1_299' title='bbox 568 1917 632 1954; x_wconf 69' lang='grc'><strong>[504</strong></span> <span class='ocrx_word' id='word_1_300' title='bbox 653 1916 700 1953; x_wconf 63' lang='lat' dir='ltr'><strong>IL]</strong></span> <span class='ocrx_word' id='word_1_301' title='bbox 723 1914 864 1950; x_wconf 83' lang='grc' dir='ltr'>Πανταχοῦ</span> 
     </span>
    </p>
   </div>
   <div class='ocr_carea' id='block_1_40' title="bbox 63 1961 866 1999">
    <p class='ocr_par' dir='ltr' id='par_1_40' title="bbox 63 1961 866 1999">
     <span class='ocr_line' id='line_1_40' title="bbox 63 1961 866 1999; baseline -0.007 -6"><span class='ocrx_word' id='word_1_302' title='bbox 63 1968 95 1994; x_wconf 77' lang='grc' dir='ltr'>δὲ</span> <span class='ocrx_word' id='word_1_303' title='bbox 111 1967 145 1992; x_wconf 79' lang='grc' dir='ltr'>τὸ</span> <span class='ocrx_word' id='word_1_304' title='bbox 163 1966 279 1998; x_wconf 72' lang='grc' dir='ltr'>εὐσεϐὲς</span> <span class='ocrx_word' id='word_1_305' title='bbox 299 1965 382 1992; x_wconf 79' lang='grc' dir='ltr'>αὐτοῦ</span> <span class='ocrx_word' id='word_1_306' title='bbox 397 1965 444 1992; x_wconf 71' lang='grc' dir='ltr'>καὶ</span> <span class='ocrx_word' id='word_1_307' title='bbox 469 1964 516 1991; x_wconf 82' lang='grc' dir='ltr'>τοῦ</span> <span class='ocrx_word' id='word_1_308' title='bbox 538 1964 578 1996; x_wconf 75' lang='grc' dir='ltr'>εἰς</span> <span class='ocrx_word' id='word_1_309' title='bbox 601 1962 720 1999; x_wconf 77' lang='grc' dir='ltr'>Χριστὸν</span> <span class='ocrx_word' id='word_1_310' title='bbox 735 1961 817 1988; x_wconf 79' lang='grc' dir='ltr'>πόθου</span> <span class='ocrx_word' id='word_1_311' title='bbox 835 1961 866 1988; x_wconf 75' lang='grc' dir='ltr'>τὸ</span> 
     </span>
    </p>
   </div>
   <div class='ocr_carea' id='block_1_41' title="bbox 64 2010 557 2048">
    <p class='ocr_par' dir='ltr' id='par_1_41' title="bbox 64 2010 557 2048">
     <span class='ocr_line' id='line_1_41' title="bbox 64 2010 557 2048; baseline -0.008 -8"><span class='ocrx_word' id='word_1_312' title='bbox 64 2012 196 2048; x_wconf 72' lang='grc' dir='ltr'>καθαρὸν</span> <span class='ocrx_word' id='word_1_313' title='bbox 211 2012 260 2038; x_wconf 75' lang='grc' dir='ltr'><strong>καὶ</strong></span> <span class='ocrx_word' id='word_1_314' title='bbox 272 2011 385 2047; x_wconf 82' lang='grc' dir='ltr'>γνήσιον</span> <span class='ocrx_word' id='word_1_315' title='bbox 397 2010 557 2046; x_wconf 85' lang='grc' dir='ltr'>διαλάμπει.</span> 
     </span>
    </p>
   </div>
   <div class='ocr_carea' id='block_1_42' title="bbox 456 2145 502 2174">
    <p class='ocr_par' dir='ltr' id='par_1_42' title="bbox 456 2145 502 2174">
     <span class='ocr_line' id='line_1_42' title="bbox 456 2145 502 2174; baseline 0.043 -2"><span class='ocrx_word' id='word_1_316' title='bbox 456 2145 502 2174; x_wconf 82' lang='lat' dir='ltr'><strong>B&quot;.</strong></span> 
     </span>
    </p>
   </div>
   <div class='ocr_carea' id='block_1_43' title="bbox 270 2147 680 2221">
    <p class='ocr_par' dir='ltr' id='par_1_43' title="bbox 270 2147 680 2221">
     <span class='ocr_line' id='line_1_43' title="bbox 456 2147 502 2174; baseline 0.043 -2"><span class='ocrx_word' id='word_1_317' title='bbox 456 2147 502 2174; x_wconf 82' lang='lat' dir='ltr'><strong>B&quot;.</strong></span> 
     </span>
     <span class='ocr_line' id='line_1_44' title="bbox 270 2147 680 2221; baseline -0.015 0"><span class='ocrx_word' id='word_1_318' title='bbox 270 2192 328 2221; x_wconf 83' lang='grc' dir='ltr'><strong>Τοῦ</strong></span> <span class='ocrx_word' id='word_1_319' title='bbox 346 2147 612 2219; x_wconf 46' lang='grc' dir='ltr'>αὺτοέΗέπιστολαὶ</span> <span class='ocrx_word' id='word_1_320' title='bbox 628 2188 680 2220; x_wconf 77' lang='grc' dir='ltr'><strong>κζ’.</strong></span> 
     </span>
    </p>
   </div>
   <div class='ocr_carea' id='block_1_44' title="bbox 547 121 1143 153">
    <p class='ocr_par' dir='ltr' id='par_1_44' title="bbox 547 121 1143 153">
     <span class='ocr_line' id='line_1_45' title="bbox 547 121 1143 153; baseline -0.007 0"><span class='ocrx_word' id='word_1_321' title='bbox 547 122 811 153; x_wconf 82' lang='lat' dir='ltr'><strong>BIBLIOTIIECA.</strong></span> <span class='ocrx_word' id='word_1_322' title='bbox 824 134 860 139; x_wconf 88' lang='lat'><strong>—-</strong></span> <span class='ocrx_word' id='word_1_323' title='bbox 876 121 959 152; x_wconf 86' lang='lat' dir='ltr'><strong>COD.</strong></span> <span class='ocrx_word' id='word_1_324' title='bbox 975 121 1076 151; x_wconf 83' lang='lat' dir='ltr'><strong>CXCII</strong></span> <span class='ocrx_word' id='word_1_325' title='bbox 1093 121 1143 145; x_wconf 68' lang='lat' dir='ltr'><strong>bis-</strong></span> 
     </span>
    </p>
   </div>
   <div class='ocr_carea' id='block_1_45' title="bbox 897 175 1686 212">
    <p class='ocr_par' dir='ltr' id='par_1_45' title="bbox 897 175 1686 212">
     <span class='ocr_line' id='line_1_46' title="bbox 897 175 1686 212; baseline 0.008 -10"><span class='ocrx_word' id='word_1_326' title='bbox 897 180 940 203; x_wconf 93' lang='lat' dir='ltr'><strong>tus</strong></span> <span class='ocrx_word' id='word_1_327' title='bbox 958 176 1020 210; x_wconf 88' lang='lat' dir='ltr'><strong>quis</strong></span> <span class='ocrx_word' id='word_1_328' title='bbox 1035 175 1061 202; x_wconf 90' lang='lat' dir='ltr'><strong>in</strong></span> <span class='ocrx_word' id='word_1_329' title='bbox 1075 175 1270 204; x_wconf 82' lang='lat' dir='ltr'><strong>tentationibus</strong></span> <span class='ocrx_word' id='word_1_330' title='bbox 1284 176 1422 204; x_wconf 72' lang='lat' dir='ltr'><strong>exsultare</strong></span> <span class='ocrx_word' id='word_1_331' title='bbox 1435 182 1528 212; x_wconf 84' lang='lat' dir='ltr'><strong>queat.</strong></span> <span class='ocrx_word' id='word_1_332' title='bbox 1539 178 1627 207; x_wconf 86' lang='lat' dir='ltr'><strong>LVIII.</strong></span> <span class='ocrx_word' id='word_1_333' title='bbox 1645 181 1686 208; x_wconf 70' lang='lat' dir='ltr'><strong>De</strong></span> 
     </span>
    </p>
   </div>
   <div class='ocr_carea' id='block_1_46' title="bbox 895 221 1686 259">
    <p class='ocr_par' dir='ltr' id='par_1_46' title="bbox 895 221 1686 259">
     <span class='ocr_line' id='line_1_47' title="bbox 895 221 1686 259; baseline 0.008 -12"><span class='ocrx_word' id='word_1_334' title='bbox 895 229 948 255; x_wconf 85' lang='lat' dir='ltr'><strong>qua</strong></span> <span class='ocrx_word' id='word_1_335' title='bbox 973 221 1058 248; x_wconf 73' lang='lat' dir='ltr'><strong>salute</strong></span> <span class='ocrx_word' id='word_1_336' title='bbox 1087 221 1266 255; x_wconf 72' lang='lat' dir='ltr'><strong>exquisierunt</strong></span> <span class='ocrx_word' id='word_1_337' title='bbox 1295 227 1373 257; x_wconf 83' lang='lat' dir='ltr'><strong>atque</strong></span> <span class='ocrx_word' id='word_1_338' title='bbox 1401 223 1517 250; x_wconf 75' lang='lat' dir='ltr'><strong>scrutari</strong></span> <span class='ocrx_word' id='word_1_339' title='bbox 1542 230 1602 252; x_wconf 82' lang='lat' dir='ltr'><strong>sunt</strong></span> <span class='ocrx_word' id='word_1_340' title='bbox 1623 234 1686 259; x_wconf 83' lang='lat' dir='ltr'><strong>pro-</strong></span> 
     </span>
    </p>
   </div>
   <div class='ocr_carea' id='block_1_47' title="bbox 896 265 1687 301">
    <p class='ocr_par' dir='ltr' id='par_1_47' title="bbox 896 265 1687 301">
     <span class='ocr_line' id='line_1_48' title="bbox 896 265 1687 301; baseline 0.008 -9"><span class='ocrx_word' id='word_1_341' title='bbox 896 267 979 301; x_wconf 66' lang='lat' dir='ltr'><strong>phetae</strong></span> <span class='ocrx_word' id='word_1_342' title='bbox 1001 265 1112 293; x_wconf 65' lang='lat' dir='ltr'><strong>iiLIX.</strong></span> <span class='ocrx_word' id='word_1_343' title='bbox 1136 266 1175 294; x_wconf 89' lang='lat' dir='ltr'><strong>De</strong></span> <span class='ocrx_word' id='word_1_344' title='bbox 1189 267 1235 294; x_wconf 90' lang='lat' dir='ltr'><strong>illo</strong></span> <span class='ocrx_word' id='word_1_345' title='bbox 1255 276 1263 294; x_wconf 87' lang='lat'>:</span> <span class='ocrx_word' id='word_1_346' title='bbox 1281 267 1364 300; x_wconf 81' lang='lat' dir='ltr'><strong>Quasi</strong></span> <span class='ocrx_word' id='word_1_347' title='bbox 1380 269 1544 296; x_wconf 77' lang='lat' dir='ltr'><strong>immaculatt&#39;</strong></span> <span class='ocrx_word' id='word_1_348' title='bbox 1556 275 1580 296; x_wconf 76' lang='lat' dir='ltr'><strong>et</strong></span> <span class='ocrx_word' id='word_1_349' title='bbox 1598 271 1687 298; x_wconf 80' lang='lat' dir='ltr'><strong>incon-</strong></span> 
     </span>
    </p>
   </div>
   <div class='ocr_carea' id='block_1_48' title="bbox 897 311 1686 348">
    <p class='ocr_par' dir='ltr' id='par_1_48' title="bbox 897 311 1686 348">
     <span class='ocr_line' id='line_1_49' title="bbox 897 311 1686 348; baseline 0.006 -10"><span class='ocrx_word' id='word_1_350' title='bbox 897 313 1024 338; x_wconf 80' lang='lat' dir='ltr'><strong>taminati</strong></span> <span class='ocrx_word' id='word_1_351' title='bbox 1038 311 1150 344; x_wconf 73' lang='lat' dir='ltr'><strong>Christi,</strong></span> <span class='ocrx_word' id='word_1_352' title='bbox 1162 313 1316 347; x_wconf 66' lang='grc' dir='ltr'>ιιι-ατοςηὶιὶ</span> <span class='ocrx_word' id='word_1_353' title='bbox 1331 315 1435 348; x_wconf 82' lang='lat' dir='ltr'><strong>quidem</strong></span> <span class='ocrx_word' id='word_1_354' title='bbox 1445 318 1506 341; x_wconf 81' lang='lat' dir='ltr'><strong>ante</strong></span> <span class='ocrx_word' id='word_1_355' title='bbox 1518 317 1686 343; x_wconf 68' lang='lat' dir='ltr'><strong>constitutio-</strong></span> 
     </span>
    </p>
   </div>
   <div class='ocr_carea' id='block_1_49' title="bbox 897 358 1685 395">
    <p class='ocr_par' dir='ltr' id='par_1_49' title="bbox 897 358 1685 395">
     <span class='ocr_line' id='line_1_50' title="bbox 897 358 1685 395; baseline 0.005 -11"><span class='ocrx_word' id='word_1_356' title='bbox 897 366 956 385; x_wconf 83' lang='lat' dir='ltr'><strong>nem</strong></span> <span class='ocrx_word' id='word_1_357' title='bbox 993 358 1086 384; x_wconf 84' lang='lat' dir='ltr'><strong>mundi</strong></span> <span class='ocrx_word' id='word_1_358' title='bbox 1114 358 1140 385; x_wconf 69' lang='grc' dir='ltr'><strong>κ.</strong></span> <span class='ocrx_word' id='word_1_359' title='bbox 1155 358 1208 386; x_wconf 86' lang='lat' dir='ltr'><strong>Sed</strong></span> <span class='ocrx_word' id='word_1_360' title='bbox 1231 367 1245 386; x_wconf 85' lang='lat' dir='ltr'><strong>a</strong></span> <span class='ocrx_word' id='word_1_361' title='bbox 1272 366 1326 394; x_wconf 87' lang='lat' dir='ltr'><strong>qtto</strong></span> <span class='ocrx_word' id='word_1_362' title='bbox 1348 360 1526 395; x_wconf 75' lang='lat' dir='ltr'><strong>prtecogniti?</strong></span> <span class='ocrx_word' id='word_1_363' title='bbox 1543 360 1599 389; x_wconf 80' lang='lat' dir='ltr'><strong>LX.</strong></span> <span class='ocrx_word' id='word_1_364' title='bbox 1616 361 1685 394; x_wconf 85' lang='lat' dir='ltr'><strong>Quid</strong></span> 
     </span>
    </p>
   </div>
   <div class='ocr_carea' id='block_1_50' title="bbox 897 403 1687 441">
    <p class='ocr_par' dir='ltr' id='par_1_50' title="bbox 897 403 1687 441">
     <span class='ocr_line' id='line_1_51' title="bbox 897 403 1687 441; baseline 0.005 -11"><span class='ocrx_word' id='word_1_365' title='bbox 897 409 940 431; x_wconf 84' lang='lat' dir='ltr'><strong>est.</strong></span> <span class='ocrx_word' id='word_1_366' title='bbox 963 412 970 430; x_wconf 86' lang='lat'><strong>:</strong></span> <span class='ocrx_word' id='word_1_367' title='bbox 1001 403 1132 436; x_wconf 84' lang='lat' dir='ltr'><strong>Quoniam</strong></span> <span class='ocrx_word' id='word_1_368' title='bbox 1165 410 1267 438; x_wconf 79' lang='lat' dir='ltr'><strong>tempus</strong></span> <span class='ocrx_word' id='word_1_369' title='bbox 1296 405 1379 441; x_wconf 78' lang='lat' dir='ltr'><strong>incipi</strong></span> <span class='ocrx_word' id='word_1_370' title='bbox 1405 407 1537 441; x_wconf 79' lang='lat' dir='ltr'><strong>judicium</strong></span> <span class='ocrx_word' id='word_1_371' title='bbox 1565 416 1581 433; x_wconf 87' lang='lat' dir='ltr'><strong>a</strong></span> <span class='ocrx_word' id='word_1_372' title='bbox 1609 410 1687 435; x_wconf 87' lang='lat' dir='ltr'><strong>domo</strong></span> 
     </span>
    </p>
   </div>
   <div class='ocr_carea' id='block_1_51' title="bbox 899 448 1688 490">
    <p class='ocr_par' dir='ltr' id='par_1_51' title="bbox 899 448 1688 490">
     <span class='ocr_line' id='line_1_52' title="bbox 899 448 1688 490; baseline 0.005 -14"><span class='ocrx_word' id='word_1_373' title='bbox 899 450 947 477; x_wconf 83' lang='lat' dir='ltr'><strong>Dei</strong></span> <span class='ocrx_word' id='word_1_374' title='bbox 962 448 983 484; x_wconf 83' lang='lat'><strong>1,</strong></span> <span class='ocrx_word' id='word_1_375' title='bbox 997 455 1025 477; x_wconf 88' lang='lat' dir='ltr'><strong>et</strong></span> <span class='ocrx_word' id='word_1_376' title='bbox 1040 450 1163 485; x_wconf 81' lang='lat' dir='ltr'><strong>reliqua?</strong></span> <span class='ocrx_word' id='word_1_377' title='bbox 1187 450 1255 478; x_wconf 79' lang='lat' dir='ltr'><strong>LXI.</strong></span> <span class='ocrx_word' id='word_1_378' title='bbox 1272 451 1309 478; x_wconf 89' lang='lat' dir='ltr'><strong>De</strong></span> <span class='ocrx_word' id='word_1_379' title='bbox 1330 451 1398 479; x_wconf 79' lang='lat' dir='ltr'><strong>falce</strong></span> <span class='ocrx_word' id='word_1_380' title='bbox 1415 453 1482 490; x_wconf 58' lang='grc'><strong>(58),</strong></span> <span class='ocrx_word' id='word_1_381' title='bbox 1497 460 1576 487; x_wconf 91' lang='lat' dir='ltr'><strong>quam</strong></span> <span class='ocrx_word' id='word_1_382' title='bbox 1592 454 1688 480; x_wconf 85' lang='lat' dir='ltr'><strong>volan-</strong></span> 
     </span>
    </p>
   </div>
   <div class='ocr_carea' id='block_1_52' title="bbox 899 495 1687 531">
    <p class='ocr_par' dir='ltr' id='par_1_52' title="bbox 899 495 1687 531">
     <span class='ocr_line' id='line_1_53' title="bbox 899 495 1687 531; baseline 0.003 -8"><span class='ocrx_word' id='word_1_383' title='bbox 899 501 952 523; x_wconf 90' lang='lat' dir='ltr'><strong>tetn</strong></span> <span class='ocrx_word' id='word_1_384' title='bbox 968 496 1035 523; x_wconf 91' lang='lat' dir='ltr'><strong>vidit</strong></span> <span class='ocrx_word' id='word_1_385' title='bbox 1049 495 1196 523; x_wconf 77' lang='lat' dir='ltr'><strong>Zacharias</strong></span> <span class='ocrx_word' id='word_1_386' title='bbox 1210 502 1241 524; x_wconf 75' lang='grc' dir='ltr'><strong>ω.</strong></span> <span class='ocrx_word' id='word_1_387' title='bbox 1258 496 1339 524; x_wconf 82' lang='lat' dir='ltr'><strong>LXII.</strong></span> <span class='ocrx_word' id='word_1_388' title='bbox 1357 497 1393 523; x_wconf 89' lang='lat' dir='ltr'><strong>De</strong></span> <span class='ocrx_word' id='word_1_389' title='bbox 1413 498 1575 525; x_wconf 83' lang='lat' dir='ltr'><strong>candelabro</strong></span> <span class='ocrx_word' id='word_1_390' title='bbox 1594 506 1687 531; x_wconf 86' lang='lat' dir='ltr'><strong>aureo,</strong></span> 
     </span>
    </p>
   </div>
   <div class='ocr_carea' id='block_1_53' title="bbox 899 542 1689 577">
    <p class='ocr_par' dir='ltr' id='par_1_53' title="bbox 899 542 1689 577">
     <span class='ocr_line' id='line_1_54' title="bbox 899 542 1689 577; baseline 0.003 -9"><span class='ocrx_word' id='word_1_391' title='bbox 899 543 971 576; x_wconf 87' lang='lat' dir='ltr'><strong>quod</strong></span> <span class='ocrx_word' id='word_1_392' title='bbox 990 542 1059 568; x_wconf 90' lang='lat' dir='ltr'><strong>idem</strong></span> <span class='ocrx_word' id='word_1_393' title='bbox 1079 547 1155 569; x_wconf 86' lang='lat' dir='ltr'><strong>vates</strong></span> <span class='ocrx_word' id='word_1_394' title='bbox 1167 543 1309 577; x_wconf 85' lang='lat' dir='ltr'><strong>conspexit</strong></span> <span class='ocrx_word' id='word_1_395' title='bbox 1328 547 1353 569; x_wconf 74' lang='grc' dir='ltr'>ιι.</span> <span class='ocrx_word' id='word_1_396' title='bbox 1369 542 1462 570; x_wconf 83' lang='lat' dir='ltr'><strong>LXIII.</strong></span> <span class='ocrx_word' id='word_1_397' title='bbox 1484 543 1552 575; x_wconf 79' lang='lat' dir='ltr'><strong>Quid</strong></span> <span class='ocrx_word' id='word_1_398' title='bbox 1573 550 1636 571; x_wconf 84' lang='lat' dir='ltr'><strong>est:</strong></span> <span class='ocrx_word' id='word_1_399' title='bbox 1655 543 1689 570; x_wconf 81' lang='lat' dir='ltr'><strong>In</strong></span> 
     </span>
    </p>
   </div>
   <div class='ocr_carea' id='block_1_54' title="bbox 898 585 1691 624">
    <p class='ocr_par' dir='ltr' id='par_1_54' title="bbox 898 585 1691 624">
     <span class='ocr_line' id='line_1_55' title="bbox 898 585 1691 624; baseline 0.004 -11"><span class='ocrx_word' id='word_1_400' title='bbox 898 596 950 622; x_wconf 83' lang='lat' dir='ltr'><strong>qua</strong></span> <span class='ocrx_word' id='word_1_401' title='bbox 971 588 1089 614; x_wconf 78' lang='lat' dir='ltr'><strong>habitant</strong></span> <span class='ocrx_word' id='word_1_402' title='bbox 1103 585 1190 620; x_wconf 65' lang='lat' dir='ltr'><strong>plures</strong></span> <span class='ocrx_word' id='word_1_403' title='bbox 1205 597 1283 623; x_wconf 84' lang='lat' dir='ltr'><strong>quam</strong></span> <span class='ocrx_word' id='word_1_404' title='bbox 1304 594 1408 616; x_wconf 81' lang='lat' dir='ltr'><strong>centum</strong></span> <span class='ocrx_word' id='word_1_405' title='bbox 1423 589 1512 624; x_wconf 76' lang='lat' dir='ltr'><strong>viginti</strong></span> <span class='ocrx_word' id='word_1_406' title='bbox 1525 591 1609 616; x_wconf 78' lang='lat' dir='ltr'><strong>millia</strong></span> <span class='ocrx_word' id='word_1_407' title='bbox 1622 591 1691 616; x_wconf 77' lang='lat' dir='ltr'><strong>viro-</strong></span> 
     </span>
    </p>
   </div>
   <div class='ocr_carea' id='block_1_55' title="bbox 900 634 1692 668">
    <p class='ocr_par' dir='ltr' id='par_1_55' title="bbox 900 634 1692 668">
     <span class='ocr_line' id='line_1_56' title="bbox 900 634 1692 668; baseline 0.004 -9"><span class='ocrx_word' id='word_1_408' title='bbox 900 641 969 665; x_wconf 87' lang='lat' dir='ltr'><strong>rum,</strong></span> <span class='ocrx_word' id='word_1_409' title='bbox 993 634 1037 667; x_wconf 86' lang='lat' dir='ltr'><strong>qui</strong></span> <span class='ocrx_word' id='word_1_410' title='bbox 1060 642 1112 660; x_wconf 83' lang='lat' dir='ltr'><strong>non</strong></span> <span class='ocrx_word' id='word_1_411' title='bbox 1137 640 1312 668; x_wconf 74' lang='lat' dir='ltr'><strong>cognoverunt</strong></span> <span class='ocrx_word' id='word_1_412' title='bbox 1337 636 1456 662; x_wconf 72' lang='lat' dir='ltr'><strong>dextram</strong></span> <span class='ocrx_word' id='word_1_413' title='bbox 1472 643 1546 662; x_wconf 78' lang='lat' dir='ltr'><strong>suam</strong></span> <span class='ocrx_word' id='word_1_414' title='bbox 1566 641 1611 661; x_wconf 86' lang='lat' dir='ltr'><strong>aut</strong></span> <span class='ocrx_word' id='word_1_415' title='bbox 1629 635 1692 662; x_wconf 75' lang='lat' dir='ltr'><strong>sini-</strong></span> 
     </span>
    </p>
   </div>
   <div class='ocr_carea' id='block_1_56' title="bbox 899 680 1694 716">
    <p class='ocr_par' dir='ltr' id='par_1_56' title="bbox 899 680 1694 716">
     <span class='ocr_line' id='line_1_57' title="bbox 899 680 1694 716; baseline 0.001 -9"><span class='ocrx_word' id='word_1_416' title='bbox 899 686 980 707; x_wconf 70' lang='lat' dir='ltr'><strong>stram</strong></span> <span class='ocrx_word' id='word_1_417' title='bbox 998 680 1031 706; x_wconf 69' lang='grc' dir='ltr'><strong>οἳ</strong></span> <span class='ocrx_word' id='word_1_418' title='bbox 1058 680 1174 713; x_wconf 84' lang='lat' dir='ltr'><strong>Quinam</strong></span> <span class='ocrx_word' id='word_1_419' title='bbox 1195 681 1222 707; x_wconf 91' lang='lat' dir='ltr'><strong>hi</strong></span> <span class='ocrx_word' id='word_1_420' title='bbox 1248 681 1298 708; x_wconf 89' lang='lat' dir='ltr'><strong>viri</strong></span> <span class='ocrx_word' id='word_1_421' title='bbox 1327 687 1400 714; x_wconf 87' lang='lat' dir='ltr'><strong>sunt,</strong></span> <span class='ocrx_word' id='word_1_422' title='bbox 1428 689 1540 716; x_wconf 63' lang='lat' dir='ltr'><strong>qumque</strong></span> <span class='ocrx_word' id='word_1_423' title='bbox 1554 682 1647 708; x_wconf 85' lang='lat' dir='ltr'><strong>dextra</strong></span> <span class='ocrx_word' id='word_1_424' title='bbox 1665 685 1694 709; x_wconf 82' lang='lat' dir='ltr'><strong>et</strong></span> 
     </span>
    </p>
   </div>
   <div class='ocr_carea' id='block_1_57' title="bbox 901 726 1694 762">
    <p class='ocr_par' dir='ltr' id='par_1_57' title="bbox 901 726 1694 762">
     <span class='ocr_line' id='line_1_58' title="bbox 901 726 1694 762; baseline 0.003 -10"><span class='ocrx_word' id='word_1_425' title='bbox 901 726 1032 753; x_wconf 83' lang='lat' dir='ltr'><strong>sinislra?</strong></span> <span class='ocrx_word' id='word_1_426' title='bbox 1053 726 1144 754; x_wconf 74' lang='lat' dir='ltr'><strong>LXIV.</strong></span> <span class='ocrx_word' id='word_1_427' title='bbox 1164 727 1254 759; x_wconf 85' lang='lat' dir='ltr'><strong>Quare</strong></span> <span class='ocrx_word' id='word_1_428' title='bbox 1271 732 1331 762; x_wconf 88' lang='lat' dir='ltr'><strong>post</strong></span> <span class='ocrx_word' id='word_1_429' title='bbox 1350 733 1466 755; x_wconf 87' lang='lat' dir='ltr'><strong>mortem</strong></span> <span class='ocrx_word' id='word_1_430' title='bbox 1483 727 1559 762; x_wconf 75' lang='lat' dir='ltr'><strong>Sani,</strong></span> <span class='ocrx_word' id='word_1_431' title='bbox 1575 727 1622 761; x_wconf 90' lang='lat' dir='ltr'><strong>qui</strong></span> <span class='ocrx_word' id='word_1_432' title='bbox 1636 727 1694 754; x_wconf 84' lang='lat' dir='ltr'><strong>Ga-</strong></span> 
     </span>
    </p>
   </div>
   <div class='ocr_carea' id='block_1_58' title="bbox 901 772 1691 809">
    <p class='ocr_par' dir='ltr' id='par_1_58' title="bbox 901 772 1691 809">
     <span class='ocr_line' id='line_1_59' title="bbox 901 772 1691 809; baseline 0.003 -11"><span class='ocrx_word' id='word_1_433' title='bbox 901 772 1027 799; x_wconf 81' lang='lat' dir='ltr'><strong>baonitas</strong></span> <span class='ocrx_word' id='word_1_434' title='bbox 1042 773 1139 806; x_wconf 80' lang='lat' dir='ltr'><strong>injuria</strong></span> <span class='ocrx_word' id='word_1_435' title='bbox 1160 772 1301 803; x_wconf 66' lang='lat' dir='ltr'><strong>ail‘ecerat.</strong></span> <span class='ocrx_word' id='word_1_436' title='bbox 1319 774 1352 801; x_wconf 88' lang='lat' dir='ltr'><strong>ab</strong></span> <span class='ocrx_word' id='word_1_437' title='bbox 1371 773 1481 801; x_wconf 82' lang='lat' dir='ltr'><strong>innoxio</strong></span> <span class='ocrx_word' id='word_1_438' title='bbox 1496 774 1596 800; x_wconf 88' lang='lat' dir='ltr'><strong>Davide</strong></span> <span class='ocrx_word' id='word_1_439' title='bbox 1612 781 1691 809; x_wconf 73' lang='lat' dir='ltr'><strong>paena</strong></span> 
     </span>
    </p>
   </div>
   <div class='ocr_carea' id='block_1_59' title="bbox 902 818 1694 854">
    <p class='ocr_par' dir='ltr' id='par_1_59' title="bbox 902 818 1694 854">
     <span class='ocr_line' id='line_1_60' title="bbox 902 818 1694 854; baseline -0.003 -8"><span class='ocrx_word' id='word_1_440' title='bbox 902 824 996 846; x_wconf 73' lang='lat' dir='ltr'><strong>exacta</strong></span> <span class='ocrx_word' id='word_1_441' title='bbox 1026 819 1117 851; x_wconf 82' lang='lat' dir='ltr'><strong>fuerit,</strong></span> <span class='ocrx_word' id='word_1_442' title='bbox 1145 818 1216 846; x_wconf 78' lang='lat' dir='ltr'><strong>fame</strong></span> <span class='ocrx_word' id='word_1_443' title='bbox 1240 820 1299 853; x_wconf 82' lang='lat' dir='ltr'><strong>ejus</strong></span> <span class='ocrx_word' id='word_1_444' title='bbox 1327 819 1437 854; x_wconf 77' lang='lat' dir='ltr'><strong>regione</strong></span> <span class='ocrx_word' id='word_1_445' title='bbox 1464 824 1572 852; x_wconf 80' lang='lat' dir='ltr'><strong>vexata,</strong></span> <span class='ocrx_word' id='word_1_446' title='bbox 1606 819 1694 845; x_wconf 88' lang='lat' dir='ltr'><strong>donec</strong></span> 
     </span>
    </p>
   </div>
   <div class='ocr_carea' id='block_1_60' title="bbox 905 865 1693 900">
    <p class='ocr_par' dir='ltr' id='par_1_60' title="bbox 905 865 1693 900">
     <span class='ocr_line' id='line_1_61' title="bbox 905 865 1693 900; baseline 0 -8"><span class='ocrx_word' id='word_1_447' title='bbox 905 865 1025 893; x_wconf 88' lang='lat' dir='ltr'><strong>traderet</strong></span> <span class='ocrx_word' id='word_1_448' title='bbox 1041 873 1075 893; x_wconf 85' lang='lat' dir='ltr'><strong>ex</strong></span> <span class='ocrx_word' id='word_1_449' title='bbox 1091 865 1194 893; x_wconf 81' lang='lat' dir='ltr'><strong>semine</strong></span> <span class='ocrx_word' id='word_1_450' title='bbox 1208 865 1273 892; x_wconf 84' lang='lat' dir='ltr'><strong>Saul</strong></span> <span class='ocrx_word' id='word_1_451' title='bbox 1287 869 1392 900; x_wconf 89' lang='lat' dir='ltr'><strong>septem</strong></span> <span class='ocrx_word' id='word_1_452' title='bbox 1403 866 1478 893; x_wconf 91' lang='lat' dir='ltr'><strong>viros</strong></span> <span class='ocrx_word' id='word_1_453' title='bbox 1494 865 1653 893; x_wconf 86' lang='lat' dir='ltr'><strong>Gabaonitis</strong></span> <span class='ocrx_word' id='word_1_454' title='bbox 1668 869 1693 892; x_wconf 71' lang='grc' dir='ltr'><strong>Ρ.</strong></span> 
     </span>
    </p>
   </div>
   <div class='ocr_carea' id='block_1_61' title="bbox 938 953 1692 990">
    <p class='ocr_par' dir='ltr' id='par_1_61' title="bbox 938 953 1692 990">
     <span class='ocr_line' id='line_1_62' title="bbox 938 953 1692 990; baseline 0 -9"><span class='ocrx_word' id='word_1_455' title='bbox 938 953 993 981; x_wconf 81' lang='lat' dir='ltr'><strong>llas</strong></span> <span class='ocrx_word' id='word_1_456' title='bbox 1024 954 1107 989; x_wconf 75' lang='lat' dir='ltr'><strong>igitur</strong></span> <span class='ocrx_word' id='word_1_457' title='bbox 1133 955 1239 982; x_wconf 88' lang='lat' dir='ltr'><strong>solvere</strong></span> <span class='ocrx_word' id='word_1_458' title='bbox 1268 955 1432 990; x_wconf 66' lang='lat' dir='ltr'><strong>quaestiones</strong></span> <span class='ocrx_word' id='word_1_459' title='bbox 1455 955 1563 982; x_wconf 86' lang='lat' dir='ltr'><strong>divinus</strong></span> <span class='ocrx_word' id='word_1_460' title='bbox 1588 955 1632 981; x_wconf 80' lang='lat' dir='ltr'><strong>ille</strong></span> <span class='ocrx_word' id='word_1_461' title='bbox 1650 955 1692 981; x_wconf 87' lang='lat' dir='ltr'><strong>vir</strong></span> 
     </span>
    </p>
   </div>
   <div class='ocr_carea' id='block_1_62' title="bbox 904 1000 1696 1036">
    <p class='ocr_par' dir='ltr' id='par_1_62' title="bbox 904 1000 1696 1036">
     <span class='ocr_line' id='line_1_63' title="bbox 904 1000 1696 1036; baseline -0.001 -9"><span class='ocrx_word' id='word_1_462' title='bbox 904 1004 932 1027; x_wconf 90' lang='lat' dir='ltr'><strong>et</strong></span> <span class='ocrx_word' id='word_1_463' title='bbox 964 1001 1107 1028; x_wconf 71' lang='lat' dir='ltr'><strong>confessor</strong></span> <span class='ocrx_word' id='word_1_464' title='bbox 1139 1001 1266 1036; x_wconf 71' lang='lat' dir='ltr'><strong>egregius</strong></span> <span class='ocrx_word' id='word_1_465' title='bbox 1304 1001 1478 1028; x_wconf 84' lang='lat' dir='ltr'><strong>allaboravit.</strong></span> <span class='ocrx_word' id='word_1_466' title='bbox 1516 1001 1610 1028; x_wconf 86' lang='lat' dir='ltr'><strong>Oratio</strong></span> <span class='ocrx_word' id='word_1_467' title='bbox 1638 1000 1696 1032; x_wconf 85' lang='lat' dir='ltr'><strong>ejus</strong></span> 
     </span>
    </p>
   </div>
   <div class='ocr_carea' id='block_1_63' title="bbox 904 1045 1696 1080">
    <p class='ocr_par' dir='ltr' id='par_1_63' title="bbox 904 1045 1696 1080">
     <span class='ocr_line' id='line_1_64' title="bbox 904 1045 1696 1080; baseline -0.001 -7"><span class='ocrx_word' id='word_1_468' title='bbox 904 1045 1194 1080; x_wconf 80' lang='lat' dir='ltr'><strong>comprehensionibus</strong></span> <span class='ocrx_word' id='word_1_469' title='bbox 1228 1046 1399 1073; x_wconf 82' lang='lat' dir='ltr'><strong>euntinenter</strong></span> <span class='ocrx_word' id='word_1_470' title='bbox 1430 1046 1600 1080; x_wconf 75' lang='lat' dir='ltr'><strong>producitur,</strong></span> <span class='ocrx_word' id='word_1_471' title='bbox 1627 1052 1696 1078; x_wconf 77' lang='lat' dir='ltr'><strong>gau-</strong></span> 
     </span>
    </p>
   </div>
   <div class='ocr_carea' id='block_1_64' title="bbox 904 1091 1696 1127">
    <p class='ocr_par' dir='ltr' id='par_1_64' title="bbox 904 1091 1696 1127">
     <span class='ocr_line' id='line_1_65' title="bbox 904 1091 1696 1127; baseline 0.001 -9"><span class='ocrx_word' id='word_1_472' title='bbox 904 1092 1006 1126; x_wconf 81' lang='lat' dir='ltr'><strong>detque</strong></span> <span class='ocrx_word' id='word_1_473' title='bbox 1045 1091 1222 1127; x_wconf 82' lang='lat' dir='ltr'><strong>hyperbatis,</strong></span> <span class='ocrx_word' id='word_1_474' title='bbox 1265 1092 1543 1120; x_wconf 77' lang='lat' dir='ltr'><strong>circumductionibus</strong></span> <span class='ocrx_word' id='word_1_475' title='bbox 1587 1099 1696 1126; x_wconf 84' lang='lat' dir='ltr'><strong>quoque</strong></span> 
     </span>
    </p>
   </div>
   <div class='ocr_carea' id='block_1_65' title="bbox 907 1137 1691 1174">
    <p class='ocr_par' dir='ltr' id='par_1_65' title="bbox 907 1137 1691 1174">
     <span class='ocr_line' id='line_1_66' title="bbox 907 1137 1691 1174; baseline 0 -10"><span class='ocrx_word' id='word_1_476' title='bbox 907 1137 1095 1171; x_wconf 85' lang='lat' dir='ltr'><strong>invalescens;</strong></span> <span class='ocrx_word' id='word_1_477' title='bbox 1122 1138 1173 1166; x_wconf 83' lang='lat' dir='ltr'><strong>etsi</strong></span> <span class='ocrx_word' id='word_1_478' title='bbox 1192 1139 1300 1174; x_wconf 88' lang='lat' dir='ltr'><strong>proprie</strong></span> <span class='ocrx_word' id='word_1_479' title='bbox 1329 1139 1402 1174; x_wconf 85' lang='lat' dir='ltr'><strong>loqui</strong></span> <span class='ocrx_word' id='word_1_480' title='bbox 1439 1138 1552 1166; x_wconf 88' lang='lat' dir='ltr'><strong>minitne</strong></span> <span class='ocrx_word' id='word_1_481' title='bbox 1578 1138 1691 1172; x_wconf 81' lang='lat' dir='ltr'><strong>satagit.</strong></span> 
     </span>
    </p>
   </div>
   <div class='ocr_carea' id='block_1_66' title="bbox 907 1181 1698 1220">
    <p class='ocr_par' dir='ltr' id='par_1_66' title="bbox 907 1181 1698 1220">
     <span class='ocr_line' id='line_1_67' title="bbox 907 1181 1698 1220; baseline -0.001 -9"><span class='ocrx_word' id='word_1_482' title='bbox 907 1183 947 1211; x_wconf 77' lang='lat' dir='ltr'><strong>Ex</strong></span> <span class='ocrx_word' id='word_1_483' title='bbox 979 1184 1080 1219; x_wconf 85' lang='lat' dir='ltr'><strong>quibus</strong></span> <span class='ocrx_word' id='word_1_484' title='bbox 1113 1192 1162 1219; x_wconf 89' lang='lat' dir='ltr'><strong>per</strong></span> <span class='ocrx_word' id='word_1_485' title='bbox 1191 1181 1323 1220; x_wconf 83' lang='lat' dir='ltr'><strong>scriptqu</strong></span> <span class='ocrx_word' id='word_1_486' title='bbox 1362 1185 1414 1212; x_wconf 88' lang='lat' dir='ltr'><strong>hoc</strong></span> <span class='ocrx_word' id='word_1_487' title='bbox 1446 1185 1515 1219; x_wconf 73' lang='lat' dir='ltr'><strong>ejus,</strong></span> <span class='ocrx_word' id='word_1_488' title='bbox 1539 1189 1566 1211; x_wconf 89' lang='lat' dir='ltr'><strong>et</strong></span> <span class='ocrx_word' id='word_1_489' title='bbox 1599 1184 1698 1211; x_wconf 78' lang='lat' dir='ltr'><strong>obscu—</strong></span> 
     </span>
    </p>
   </div>
   <div class='ocr_carea' id='block_1_67' title="bbox 908 1229 1697 1266">
    <p class='ocr_par' dir='ltr' id='par_1_67' title="bbox 908 1229 1697 1266">
     <span class='ocr_line' id='line_1_68' title="bbox 908 1229 1697 1266; baseline 0.001 -10"><span class='ocrx_word' id='word_1_490' title='bbox 908 1231 985 1263; x_wconf 87' lang='lat' dir='ltr'><strong>ritas,</strong></span> <span class='ocrx_word' id='word_1_491' title='bbox 1013 1235 1041 1257; x_wconf 89' lang='lat' dir='ltr'><strong>et</strong></span> <span class='ocrx_word' id='word_1_492' title='bbox 1072 1229 1213 1258; x_wconf 88' lang='lat' dir='ltr'><strong>diIIicultas</strong></span> <span class='ocrx_word' id='word_1_493' title='bbox 1234 1231 1296 1258; x_wconf 90' lang='lat' dir='ltr'><strong>illud</strong></span> <span class='ocrx_word' id='word_1_494' title='bbox 1321 1231 1570 1266; x_wconf 87' lang='lat' dir='ltr'><strong>comprehendendi</strong></span> <span class='ocrx_word' id='word_1_495' title='bbox 1596 1230 1697 1265; x_wconf 88' lang='lat' dir='ltr'><strong>passim</strong></span> 
     </span>
    </p>
   </div>
   <div class='ocr_carea' id='block_1_68' title="bbox 907 1275 1697 1310">
    <p class='ocr_par' dir='ltr' id='par_1_68' title="bbox 907 1275 1697 1310">
     <span class='ocr_line' id='line_1_69' title="bbox 907 1275 1697 1310; baseline 0.001 -8"><span class='ocrx_word' id='word_1_496' title='bbox 907 1275 1037 1303; x_wconf 85' lang='lat' dir='ltr'><strong>decurrit.</strong></span> <span class='ocrx_word' id='word_1_497' title='bbox 1057 1277 1238 1310; x_wconf 79' lang='lat' dir='ltr'><strong>Asperitatem</strong></span> <span class='ocrx_word' id='word_1_498' title='bbox 1266 1278 1367 1305; x_wconf 86' lang='lat' dir='ltr'><strong>deinde</strong></span> <span class='ocrx_word' id='word_1_499' title='bbox 1389 1278 1543 1305; x_wconf 89' lang='lat' dir='ltr'><strong>tumidioris</strong></span> <span class='ocrx_word' id='word_1_500' title='bbox 1569 1277 1697 1305; x_wconf 75' lang='lat' dir='ltr'><strong>dictionis</strong></span> 
     </span>
    </p>
   </div>
   <div class='ocr_carea' id='block_1_69' title="bbox 911 1321 1700 1358">
    <p class='ocr_par' dir='ltr' id='par_1_69' title="bbox 911 1321 1700 1358">
     <span class='ocr_line' id='line_1_70' title="bbox 911 1321 1700 1358; baseline 0.001 -10"><span class='ocrx_word' id='word_1_501' title='bbox 911 1321 1055 1356; x_wconf 88' lang='lat' dir='ltr'><strong>(quantum</strong></span> <span class='ocrx_word' id='word_1_502' title='bbox 1069 1323 1101 1349; x_wconf 90' lang='lat' dir='ltr'><strong>ad</strong></span> <span class='ocrx_word' id='word_1_503' title='bbox 1113 1323 1339 1357; x_wconf 87' lang='lat' dir='ltr'><strong>compositionem</strong></span> <span class='ocrx_word' id='word_1_504' title='bbox 1350 1323 1596 1358; x_wconf 83' lang='lat' dir='ltr'><strong>cessationesque),</strong></span> <span class='ocrx_word' id='word_1_505' title='bbox 1611 1331 1659 1350; x_wconf 86' lang='lat' dir='ltr'><strong>sua</strong></span> <span class='ocrx_word' id='word_1_506' title='bbox 1672 1323 1700 1349; x_wconf 90' lang='lat' dir='ltr'><strong>in</strong></span> 
     </span>
    </p>
   </div>
   <div class='ocr_carea' id='block_1_70' title="bbox 917 1369 1702 1405">
    <p class='ocr_par' dir='ltr' id='par_1_70' title="bbox 917 1369 1702 1405">
     <span class='ocr_line' id='line_1_71' title="bbox 917 1369 1702 1405; baseline 0 -9"><span class='ocrx_word' id='word_1_507' title='bbox 917 1369 1043 1396; x_wconf 89' lang='lat' dir='ltr'><strong>oratione</strong></span> <span class='ocrx_word' id='word_1_508' title='bbox 1058 1374 1189 1400; x_wconf 83' lang='lat' dir='ltr'><strong>sectatus.</strong></span> <span class='ocrx_word' id='word_1_509' title='bbox 1205 1377 1238 1397; x_wconf 88' lang='lat' dir='ltr'><strong>ne</strong></span> <span class='ocrx_word' id='word_1_510' title='bbox 1253 1370 1346 1397; x_wconf 85' lang='lat' dir='ltr'><strong>auditu</strong></span> <span class='ocrx_word' id='word_1_511' title='bbox 1365 1370 1474 1405; x_wconf 82' lang='lat' dir='ltr'><strong>quidem</strong></span> <span class='ocrx_word' id='word_1_512' title='bbox 1492 1377 1552 1397; x_wconf 87' lang='lat' dir='ltr'><strong>esse</strong></span> <span class='ocrx_word' id='word_1_513' title='bbox 1564 1369 1702 1403; x_wconf 78' lang='lat' dir='ltr'><strong>iucundus</strong></span> 
     </span>
    </p>
   </div>
   <div class='ocr_carea' id='block_1_71' title="bbox 911 1414 1699 1450">
    <p class='ocr_par' dir='ltr' id='par_1_71' title="bbox 911 1414 1699 1450">
     <span class='ocr_line' id='line_1_72' title="bbox 911 1414 1699 1450; baseline 0.003 -10"><span class='ocrx_word' id='word_1_514' title='bbox 911 1414 1013 1442; x_wconf 85' lang='lat' dir='ltr'><strong>studet.</strong></span> <span class='ocrx_word' id='word_1_515' title='bbox 1033 1414 1184 1443; x_wconf 82' lang='lat' dir='ltr'><strong>Verborum</strong></span> <span class='ocrx_word' id='word_1_516' title='bbox 1212 1416 1323 1450; x_wconf 88' lang='lat' dir='ltr'><strong>insuper</strong></span> <span class='ocrx_word' id='word_1_517' title='bbox 1346 1416 1498 1449; x_wconf 83' lang='lat' dir='ltr'><strong>translatio,</strong></span> <span class='ocrx_word' id='word_1_518' title='bbox 1525 1424 1699 1450; x_wconf 82' lang='lat' dir='ltr'><strong>nequaquam</strong></span> 
     </span>
    </p>
   </div>
   <div class='ocr_carea' id='block_1_72' title="bbox 913 1458 1698 1496">
    <p class='ocr_par' dir='ltr' id='par_1_72' title="bbox 913 1458 1698 1496">
     <span class='ocr_line' id='line_1_73' title="bbox 913 1458 1698 1496; baseline 0.004 -11"><span class='ocrx_word' id='word_1_519' title='bbox 913 1458 946 1485; x_wconf 88' lang='lat' dir='ltr'><strong>ad</strong></span> <span class='ocrx_word' id='word_1_520' title='bbox 961 1460 1080 1494; x_wconf 74' lang='lat' dir='ltr'><strong>gratiam</strong></span> <span class='ocrx_word' id='word_1_521' title='bbox 1106 1460 1285 1494; x_wconf 81' lang='lat' dir='ltr'><strong>colligendam</strong></span> <span class='ocrx_word' id='word_1_522' title='bbox 1299 1461 1484 1496; x_wconf 87' lang='lat' dir='ltr'><strong>lectoretnque</strong></span> <span class='ocrx_word' id='word_1_523' title='bbox 1508 1462 1698 1496; x_wconf 87' lang='lat' dir='ltr'><strong>pellicieudum</strong></span> 
     </span>
    </p>
   </div>
   <div class='ocr_carea' id='block_1_73' title="bbox 910 1504 1703 1542">
    <p class='ocr_par' dir='ltr' id='par_1_73' title="bbox 910 1504 1703 1542">
     <span class='ocr_line' id='line_1_74' title="bbox 910 1504 1703 1542; baseline 0.004 -11"><span class='ocrx_word' id='word_1_524' title='bbox 910 1504 1006 1532; x_wconf 82' lang='lat' dir='ltr'><strong>ﬂoride</strong></span> <span class='ocrx_word' id='word_1_525' title='bbox 1037 1507 1187 1540; x_wconf 84' lang='lat' dir='ltr'><strong>composita</strong></span> <span class='ocrx_word' id='word_1_526' title='bbox 1215 1512 1274 1539; x_wconf 82' lang='lat' dir='ltr'><strong>est;</strong></span> <span class='ocrx_word' id='word_1_527' title='bbox 1301 1508 1347 1534; x_wconf 88' lang='lat' dir='ltr'><strong>sed</strong></span> <span class='ocrx_word' id='word_1_528' title='bbox 1364 1507 1528 1542; x_wconf 85' lang='lat' dir='ltr'><strong>simpliciter</strong></span> <span class='ocrx_word' id='word_1_529' title='bbox 1552 1512 1634 1541; x_wconf 89' lang='lat' dir='ltr'><strong>atque</strong></span> <span class='ocrx_word' id='word_1_530' title='bbox 1658 1507 1703 1534; x_wconf 89' lang='lat' dir='ltr'><strong>in-</strong></span> 
     </span>
    </p>
   </div>
   <div class='ocr_carea' id='block_1_74' title="bbox 913 1551 1705 1586">
    <p class='ocr_par' dir='ltr' id='par_1_74' title="bbox 913 1551 1705 1586">
     <span class='ocr_line' id='line_1_75' title="bbox 913 1551 1705 1586; baseline 0.001 -8"><span class='ocrx_word' id='word_1_531' title='bbox 913 1552 1020 1578; x_wconf 87' lang='lat' dir='ltr'><strong>curiose</strong></span> <span class='ocrx_word' id='word_1_532' title='bbox 1057 1552 1217 1579; x_wconf 86' lang='lat' dir='ltr'><strong>assumitur.</strong></span> <span class='ocrx_word' id='word_1_533' title='bbox 1243 1551 1315 1581; x_wconf 90' lang='lat' dir='ltr'><strong>ldem</strong></span> <span class='ocrx_word' id='word_1_534' title='bbox 1339 1557 1470 1586; x_wconf 66' lang='lat' dir='ltr'><strong>praeterea</strong></span> <span class='ocrx_word' id='word_1_535' title='bbox 1497 1553 1539 1580; x_wconf 91' lang='lat' dir='ltr'><strong>sui</strong></span> <span class='ocrx_word' id='word_1_536' title='bbox 1566 1553 1705 1580; x_wconf 86' lang='lat' dir='ltr'><strong>studiosos</strong></span> 
     </span>
    </p>
   </div>
   <div class='ocr_carea' id='block_1_75' title="bbox 915 1598 1703 1634">
    <p class='ocr_par' dir='ltr' id='par_1_75' title="bbox 915 1598 1703 1634">
     <span class='ocr_line' id='line_1_76' title="bbox 915 1598 1703 1634; baseline 0.003 -10"><span class='ocrx_word' id='word_1_537' title='bbox 915 1598 1109 1632; x_wconf 84' lang='lat' dir='ltr'><strong>propemodum</strong></span> <span class='ocrx_word' id='word_1_538' title='bbox 1131 1598 1276 1625; x_wconf 85' lang='lat' dir='ltr'><strong>obtundit:</strong></span> <span class='ocrx_word' id='word_1_539' title='bbox 1296 1599 1364 1626; x_wconf 87' lang='lat' dir='ltr'><strong>adeo</strong></span> <span class='ocrx_word' id='word_1_540' title='bbox 1382 1598 1439 1634; x_wconf 75' lang='lat'><strong>(39)</strong></span> <span class='ocrx_word' id='word_1_541' title='bbox 1465 1599 1558 1633; x_wconf 88' lang='lat' dir='ltr'><strong>procul</strong></span> <span class='ocrx_word' id='word_1_542' title='bbox 1582 1607 1597 1626; x_wconf 84' lang='lat' dir='ltr'><strong>a</strong></span> <span class='ocrx_word' id='word_1_543' title='bbox 1613 1599 1703 1626; x_wconf 81' lang='lat' dir='ltr'><strong>littera</strong></span> 
     </span>
    </p>
   </div>
   <div class='ocr_carea' id='block_1_76' title="bbox 913 1643 1738 1678">
    <p class='ocr_par' dir='ltr' id='par_1_76' title="bbox 913 1643 1738 1678">
     <span class='ocr_line' id='line_1_77' title="bbox 913 1643 1738 1678; baseline 0 -8"><span class='ocrx_word' id='word_1_544' title='bbox 913 1647 941 1670; x_wconf 91' lang='lat' dir='ltr'><strong>et</strong></span> <span class='ocrx_word' id='word_1_545' title='bbox 958 1648 1023 1670; x_wconf 91' lang='lat' dir='ltr'><strong>nota</strong></span> <span class='ocrx_word' id='word_1_546' title='bbox 1057 1643 1180 1675; x_wconf 85' lang='lat' dir='ltr'><strong>historia,</strong></span> <span class='ocrx_word' id='word_1_547' title='bbox 1200 1643 1259 1669; x_wconf 86' lang='lat' dir='ltr'><strong>sive</strong></span> <span class='ocrx_word' id='word_1_548' title='bbox 1286 1644 1376 1670; x_wconf 75' lang='lat' dir='ltr'><strong>notius</strong></span> <span class='ocrx_word' id='word_1_549' title='bbox 1390 1643 1424 1670; x_wconf 85' lang='lat' dir='ltr'><strong>ab</strong></span> <span class='ocrx_word' id='word_1_550' title='bbox 1451 1651 1484 1671; x_wconf 90' lang='lat' dir='ltr'><strong>eo</strong></span> <span class='ocrx_word' id='word_1_551' title='bbox 1507 1643 1576 1678; x_wconf 87' lang='lat' dir='ltr'><strong>ipso,</strong></span> <span class='ocrx_word' id='word_1_552' title='bbox 1604 1643 1702 1678; x_wconf 72' lang='lat' dir='ltr'><strong>157a</strong></span> <span class='ocrx_word' id='word_1_553' title='bbox 1735 1668 1738 1670; x_wconf 89' lang='lat'><strong>.</strong></span> 
     </span>
    </p>
   </div>
   <div class='ocr_carea' id='block_1_77' title="bbox 915 1689 1704 1724">
    <p class='ocr_par' dir='ltr' id='par_1_77' title="bbox 915 1689 1704 1724">
     <span class='ocr_line' id='line_1_78' title="bbox 915 1689 1704 1724; baseline 0 -8"><span class='ocrx_word' id='word_1_554' title='bbox 915 1689 988 1723; x_wconf 90' lang='lat' dir='ltr'><strong>quod</strong></span> <span class='ocrx_word' id='word_1_555' title='bbox 1018 1689 1132 1723; x_wconf 87' lang='lat' dir='ltr'><strong>petitum</strong></span> <span class='ocrx_word' id='word_1_556' title='bbox 1161 1694 1231 1721; x_wconf 87' lang='lat' dir='ltr'><strong>erat,</strong></span> <span class='ocrx_word' id='word_1_557' title='bbox 1259 1689 1410 1717; x_wconf 88' lang='lat' dir='ltr'><strong>sclutiones</strong></span> <span class='ocrx_word' id='word_1_558' title='bbox 1444 1690 1532 1724; x_wconf 88' lang='lat' dir='ltr'><strong>ipsius</strong></span> <span class='ocrx_word' id='word_1_559' title='bbox 1561 1691 1704 1717; x_wconf 89' lang='lat' dir='ltr'><strong>recedunt.</strong></span> 
     </span>
    </p>
   </div>
   <div class='ocr_carea' id='block_1_78' title="bbox 915 1733 1707 1769">
    <p class='ocr_par' dir='ltr' id='par_1_78' title="bbox 915 1733 1707 1769">
     <span class='ocr_line' id='line_1_79' title="bbox 915 1733 1707 1769; baseline 0.001 -9"><span class='ocrx_word' id='word_1_560' title='bbox 915 1733 1032 1760; x_wconf 87' lang='lat' dir='ltr'><strong>Tantum</strong></span> <span class='ocrx_word' id='word_1_561' title='bbox 1045 1734 1068 1760; x_wconf 88' lang='lat' dir='ltr'><strong>si</strong></span> <span class='ocrx_word' id='word_1_562' title='bbox 1084 1734 1127 1761; x_wconf 90' lang='lat' dir='ltr'><strong>cui</strong></span> <span class='ocrx_word' id='word_1_563' title='bbox 1142 1734 1212 1762; x_wconf 83' lang='lat' dir='ltr'><strong>forte</strong></span> <span class='ocrx_word' id='word_1_564' title='bbox 1229 1739 1334 1769; x_wconf 77' lang='lat' dir='ltr'><strong>gratum</strong></span> <span class='ocrx_word' id='word_1_565' title='bbox 1362 1735 1519 1769; x_wconf 75' lang='lat' dir='ltr'><strong>anagogicis</strong></span> <span class='ocrx_word' id='word_1_566' title='bbox 1536 1742 1569 1762; x_wconf 88' lang='lat' dir='ltr'><strong>ac</strong></span> <span class='ocrx_word' id='word_1_567' title='bbox 1583 1740 1707 1762; x_wconf 84' lang='lat' dir='ltr'><strong>contem-</strong></span> 
     </span>
    </p>
   </div>
   <div class='ocr_carea' id='block_1_79' title="bbox 916 1779 1705 1815">
    <p class='ocr_par' dir='ltr' id='par_1_79' title="bbox 916 1779 1705 1815">
     <span class='ocr_line' id='line_1_80' title="bbox 916 1779 1705 1815; baseline 0.001 -9"><span class='ocrx_word' id='word_1_568' title='bbox 916 1780 1083 1814; x_wconf 86' lang='lat' dir='ltr'><strong>plationihus</strong></span> <span class='ocrx_word' id='word_1_569' title='bbox 1092 1779 1208 1807; x_wconf 70' lang='lat' dir='ltr'><strong>mehlem</strong></span> <span class='ocrx_word' id='word_1_570' title='bbox 1225 1781 1376 1815; x_wconf 84' lang='lat' dir='ltr'><strong>implicare,</strong></span> <span class='ocrx_word' id='word_1_571' title='bbox 1393 1788 1530 1814; x_wconf 85' lang='lat' dir='ltr'><strong>nunquam</strong></span> <span class='ocrx_word' id='word_1_572' title='bbox 1546 1781 1568 1807; x_wconf 91' lang='lat' dir='ltr'><strong>is</strong></span> <span class='ocrx_word' id='word_1_573' title='bbox 1581 1787 1705 1808; x_wconf 77' lang='lat' dir='ltr'><strong>sanere-</strong></span> 
     </span>
    </p>
   </div>
   <div class='ocr_carea' id='block_1_80' title="bbox 918 1826 1707 1861">
    <p class='ocr_par' dir='ltr' id='par_1_80' title="bbox 918 1826 1707 1861">
     <span class='ocr_line' id='line_1_81' title="bbox 918 1826 1707 1861; baseline 0.003 -9"><span class='ocrx_word' id='word_1_574' title='bbox 918 1826 1006 1860; x_wconf 85' lang='lat' dir='ltr'><strong>periat</strong></span> <span class='ocrx_word' id='word_1_575' title='bbox 1017 1826 1092 1853; x_wconf 89' lang='lat' dir='ltr'><strong>hisce</strong></span> <span class='ocrx_word' id='word_1_576' title='bbox 1105 1831 1152 1852; x_wconf 84' lang='lat' dir='ltr'><strong>aut</strong></span> <span class='ocrx_word' id='word_1_577' title='bbox 1166 1826 1253 1861; x_wconf 75' lang='lat' dir='ltr'><strong>magis</strong></span> <span class='ocrx_word' id='word_1_578' title='bbox 1271 1826 1359 1858; x_wconf 85' lang='lat' dir='ltr'><strong>varia,</strong></span> <span class='ocrx_word' id='word_1_579' title='bbox 1375 1831 1422 1852; x_wconf 87' lang='lat' dir='ltr'><strong>aut</strong></span> <span class='ocrx_word' id='word_1_580' title='bbox 1438 1826 1595 1861; x_wconf 74' lang='lat' dir='ltr'><strong>diligentius</strong></span> <span class='ocrx_word' id='word_1_581' title='bbox 1614 1826 1707 1854; x_wconf 83' lang='lat' dir='ltr'><strong>elabo-</strong></span> 
     </span>
    </p>
   </div>
   <div class='ocr_carea' id='block_1_81' title="bbox 918 1871 1707 1907">
    <p class='ocr_par' dir='ltr' id='par_1_81' title="bbox 918 1871 1707 1907">
     <span class='ocr_line' id='line_1_82' title="bbox 918 1871 1707 1907; baseline 0.003 -10"><span class='ocrx_word' id='word_1_582' title='bbox 918 1877 989 1898; x_wconf 89' lang='lat' dir='ltr'><strong>rata.</strong></span> <span class='ocrx_word' id='word_1_583' title='bbox 1019 1871 1126 1899; x_wconf 87' lang='lat' dir='ltr'><strong>Etenim</strong></span> <span class='ocrx_word' id='word_1_584' title='bbox 1145 1880 1206 1899; x_wconf 91' lang='lat' dir='ltr'><strong>cum</strong></span> <span class='ocrx_word' id='word_1_585' title='bbox 1232 1871 1347 1900; x_wconf 86' lang='lat' dir='ltr'><strong>aliorum</strong></span> <span class='ocrx_word' id='word_1_586' title='bbox 1376 1871 1481 1907; x_wconf 77' lang='lat' dir='ltr'><strong>colligit</strong></span> <span class='ocrx_word' id='word_1_587' title='bbox 1506 1873 1658 1900; x_wconf 85' lang='lat' dir='ltr'><strong>sententias</strong></span> <span class='ocrx_word' id='word_1_588' title='bbox 1679 1873 1707 1900; x_wconf 86' lang='lat' dir='ltr'><strong>in</strong></span> 
     </span>
    </p>
   </div>
   <div class='ocr_carea' id='block_1_82' title="bbox 919 1917 1708 1952">
    <p class='ocr_par' dir='ltr' id='par_1_82' title="bbox 919 1917 1708 1952">
     <span class='ocr_line' id='line_1_83' title="bbox 919 1917 1708 1952; baseline 0.001 -9"><span class='ocrx_word' id='word_1_589' title='bbox 919 1917 1010 1944; x_wconf 87' lang='lat' dir='ltr'><strong>dubiis</strong></span> <span class='ocrx_word' id='word_1_590' title='bbox 1029 1917 1192 1951; x_wconf 88' lang='lat' dir='ltr'><strong>quibusdam</strong></span> <span class='ocrx_word' id='word_1_591' title='bbox 1223 1918 1425 1952; x_wconf 86' lang='lat' dir='ltr'><strong>pronuntiatas,</strong></span> <span class='ocrx_word' id='word_1_592' title='bbox 1456 1922 1512 1944; x_wconf 90' lang='lat' dir='ltr'><strong>tum</strong></span> <span class='ocrx_word' id='word_1_593' title='bbox 1541 1922 1570 1944; x_wconf 88' lang='lat' dir='ltr'><strong>et</strong></span> <span class='ocrx_word' id='word_1_594' title='bbox 1602 1918 1708 1952; x_wconf 87' lang='lat' dir='ltr'><strong>adjicit,</strong></span> 
     </span>
    </p>
   </div>
   <div class='ocr_carea' id='block_1_83' title="bbox 919 1962 1706 1997">
    <p class='ocr_par' dir='ltr' id='par_1_83' title="bbox 919 1962 1706 1997">
     <span class='ocr_line' id='line_1_84' title="bbox 919 1962 1706 1997; baseline 0.003 -9"><span class='ocrx_word' id='word_1_595' title='bbox 919 1970 979 1997; x_wconf 66' lang='lat' dir='ltr'><strong>quae</strong></span> <span class='ocrx_word' id='word_1_596' title='bbox 995 1962 1080 1997; x_wconf 87' lang='lat' dir='ltr'><strong>ipsius</strong></span> <span class='ocrx_word' id='word_1_597' title='bbox 1098 1963 1248 1997; x_wconf 70' lang='lat' dir='ltr'><strong>diligentiae</strong></span> <span class='ocrx_word' id='word_1_598' title='bbox 1263 1963 1349 1990; x_wconf 85' lang='lat' dir='ltr'><strong>nihilo</strong></span> <span class='ocrx_word' id='word_1_599' title='bbox 1373 1963 1416 1990; x_wconf 87' lang='lat' dir='ltr'><strong>his</strong></span> <span class='ocrx_word' id='word_1_600' title='bbox 1444 1963 1590 1996; x_wconf 89' lang='lat' dir='ltr'><strong>minorem,</strong></span> <span class='ocrx_word' id='word_1_601' title='bbox 1616 1963 1640 1990; x_wconf 85' lang='lat' dir='ltr'><strong>si</strong></span> <span class='ocrx_word' id='word_1_602' title='bbox 1655 1970 1706 1990; x_wconf 89' lang='lat' dir='ltr'><strong>non</strong></span> 
     </span>
    </p>
   </div>
   <div class='ocr_carea' id='block_1_84' title="bbox 920 2007 1708 2043">
    <p class='ocr_par' dir='ltr' id='par_1_84' title="bbox 920 2007 1708 2043">
     <span class='ocr_line' id='line_1_85' title="bbox 920 2007 1708 2043; baseline 0.003 -9"><span class='ocrx_word' id='word_1_603' title='bbox 920 2007 1063 2041; x_wconf 87' lang='lat' dir='ltr'><strong>majorem,</strong></span> <span class='ocrx_word' id='word_1_604' title='bbox 1089 2008 1238 2042; x_wconf 66' lang='lat' dir='ltr'><strong>prmierunt</strong></span> <span class='ocrx_word' id='word_1_605' title='bbox 1268 2013 1438 2036; x_wconf 72' lang='lat' dir='ltr'><strong>venustatem</strong></span> <span class='ocrx_word' id='word_1_606' title='bbox 1453 2014 1536 2043; x_wconf 80' lang='lat' dir='ltr'><strong>atque</strong></span> <span class='ocrx_word' id='word_1_607' title='bbox 1557 2009 1708 2040; x_wconf 83' lang='lat' dir='ltr'><strong>solertiam.</strong></span> 
     </span>
    </p>
   </div>
   <div class='ocr_carea' id='block_1_85' title="bbox 920 2052 1710 2090">
    <p class='ocr_par' dir='ltr' id='par_1_85' title="bbox 920 2052 1710 2090">
     <span class='ocr_line' id='line_1_86' title="bbox 920 2052 1710 2090; baseline 0.001 -10"><span class='ocrx_word' id='word_1_608' title='bbox 920 2052 1029 2088; x_wconf 88' lang='lat' dir='ltr'><strong>Ubique</strong></span> <span class='ocrx_word' id='word_1_609' title='bbox 1045 2060 1135 2082; x_wconf 87' lang='lat' dir='ltr'><strong>autem</strong></span> <span class='ocrx_word' id='word_1_610' title='bbox 1154 2055 1203 2081; x_wconf 91' lang='lat' dir='ltr'><strong>viri</strong></span> <span class='ocrx_word' id='word_1_611' title='bbox 1221 2055 1320 2089; x_wconf 86' lang='lat' dir='ltr'><strong>pietas,</strong></span> <span class='ocrx_word' id='word_1_612' title='bbox 1338 2059 1365 2082; x_wconf 88' lang='lat' dir='ltr'><strong>et</strong></span> <span class='ocrx_word' id='word_1_613' title='bbox 1379 2062 1477 2090; x_wconf 87' lang='lat' dir='ltr'><strong>purum</strong></span> <span class='ocrx_word' id='word_1_614' title='bbox 1490 2061 1710 2090; x_wconf 73' lang='lat' dir='ltr'><strong>germanamque</strong></span> 
     </span>
    </p>
   </div>
   <div class='ocr_carea' id='block_1_86' title="bbox 920 2099 1322 2128">
    <p class='ocr_par' dir='ltr' id='par_1_86' title="bbox 920 2099 1322 2128">
     <span class='ocr_line' id='line_1_87' title="bbox 920 2099 1322 2128; baseline 0 0"><span class='ocrx_word' id='word_1_615' title='bbox 920 2099 1022 2128; x_wconf 85' lang='lat' dir='ltr'><strong>Christi</strong></span> <span class='ocrx_word' id='word_1_616' title='bbox 1042 2101 1205 2128; x_wconf 86' lang='lat' dir='ltr'><strong>desiderium</strong></span> <span class='ocrx_word' id='word_1_617' title='bbox 1222 2101 1322 2128; x_wconf 86' lang='lat' dir='ltr'><strong>elucet.</strong></span> 
     </span>
    </p>
   </div>
   <div class='ocr_carea' id='block_1_87' title="bbox 1217 2146 1402 2182">
    <p class='ocr_par' dir='ltr' id='par_1_87' title="bbox 1217 2146 1402 2182">
     <span class='ocr_line' id='line_1_88' title="bbox 1217 2146 1402 2182; baseline 0 -8"><span class='ocrx_word' id='word_1_618' title='bbox 1217 2146 1319 2174; x_wconf 69' lang='lat' dir='ltr'><strong>cxcn&#39;</strong></span> <span class='ocrx_word' id='word_1_619' title='bbox 1335 2146 1402 2182; x_wconf 79' lang='grc' dir='ltr'>(ιο).</span> 
     </span>
    </p>
   </div>
   <div class='ocr_carea' id='block_1_88' title="bbox 1033 2191 1604 2227">
    <p class='ocr_par' dir='ltr' id='par_1_88' title="bbox 1033 2191 1604 2227">
     <span class='ocr_line' id='line_1_89' title="bbox 1033 2191 1604 2227; baseline 0 -8"><span class='ocrx_word' id='word_1_620' title='bbox 1033 2191 1162 2227; x_wconf 73' lang='lat' dir='ltr'><strong>Ejusdem</strong></span> <span class='ocrx_word' id='word_1_621' title='bbox 1183 2191 1252 2219; x_wconf 85' lang='lat' dir='ltr'><strong>beati</strong></span> <span class='ocrx_word' id='word_1_622' title='bbox 1269 2192 1382 2219; x_wconf 71' lang='lat' dir='ltr'><strong>Maximi</strong></span> <span class='ocrx_word' id='word_1_623' title='bbox 1395 2191 1523 2226; x_wconf 72' lang='lat' dir='ltr'><strong>Epistula?</strong></span> <span class='ocrx_word' id='word_1_624' title='bbox 1537 2200 1604 2220; x_wconf 79' lang='lat' dir='ltr'><strong>xvu.</strong></span> 
     </span>
    </p>
   </div>
   <div class='ocr_carea' id='block_1_89' title="bbox 107 2220 848 2275">
    <p class='ocr_par' dir='ltr' id='par_1_89' title="bbox 107 2220 848 2275">
     <span class='ocr_line' id='line_1_90' title="bbox 107 2220 848 2275; baseline -0.009 -5"><span class='ocrx_word' id='word_1_625' title='bbox 107 2243 174 2270; x_wconf 79' lang='grc' dir='ltr'>Ἔτι</span> <span class='ocrx_word' id='word_1_626' title='bbox 198 2220 411 2275; x_wconf 79' lang='grc' dir='ltr'>ἀνεγνώσθησαν</span> <span class='ocrx_word' id='word_1_627' title='bbox 434 2237 517 2264; x_wconf 76' lang='grc' dir='ltr'>αὑτοῦ</span> <span class='ocrx_word' id='word_1_628' title='bbox 535 2237 583 2263; x_wconf 76' lang='grc' dir='ltr'>καὶ</span> <span class='ocrx_word' id='word_1_629' title='bbox 605 2235 780 2264; x_wconf 69' lang='grc' dir='ltr'>Ἐπιστολαὶ</span> <span class='ocrx_word' id='word_1_630' title='bbox 804 2245 848 2273; x_wconf 55' lang='grc' dir='ltr'>περ</span> 
     </span>
    </p>
   </div>
   <div class='ocr_carea' id='block_1_90' title="bbox 909 2220 1713 2275">
    <p class='ocr_par' dir='ltr' id='par_1_90' title="bbox 953 2220 1713 2273">
     <span class='ocr_line' id='line_1_91' title="bbox 953 2220 1713 2273; baseline 0.001 -9"><span class='ocrx_word' id='word_1_631' title='bbox 953 2235 1042 2264; x_wconf 76' lang='lat' dir='ltr'><strong>Lectae</strong></span> <span class='ocrx_word' id='word_1_632' title='bbox 1054 2220 1153 2265; x_wconf 64' lang='lat' dir='ltr'><strong>adhaec</strong></span> <span class='ocrx_word' id='word_1_633' title='bbox 1175 2239 1257 2265; x_wconf 72' lang='lat' dir='ltr'><strong>Varia:</strong></span> <span class='ocrx_word' id='word_1_634' title='bbox 1276 2237 1396 2272; x_wconf 87' lang='lat' dir='ltr'><strong>ejusdem</strong></span> <span class='ocrx_word' id='word_1_635' title='bbox 1419 2220 1551 2273; x_wconf 65' lang='lat' dir='ltr'><strong>Iilpistolm</strong></span> <span class='ocrx_word' id='word_1_636' title='bbox 1575 2238 1609 2266; x_wconf 89' lang='lat' dir='ltr'><strong>de</strong></span> <span class='ocrx_word' id='word_1_637' title='bbox 1631 2237 1713 2265; x_wconf 88' lang='lat' dir='ltr'><strong>rebus</strong></span> 
     </span>
    </p>
   </div>
   <div class='ocr_carea' id='block_1_91' title="bbox 69 2282 870 2324">
    <p class='ocr_par' dir='ltr' id='par_1_91' title="bbox 69 2282 870 2324">
     <span class='ocr_line' id='line_1_92' title="bbox 69 2282 870 2324; baseline -0.01 -7"><span class='ocrx_word' id='word_1_638' title='bbox 69 2289 217 2324; x_wconf 73' lang='grc' dir='ltr'>διαφόρων</span> <span class='ocrx_word' id='word_1_639' title='bbox 228 2286 384 2314; x_wconf 78' lang='grc' dir='ltr'>ὑποθέσεων</span> <span class='ocrx_word' id='word_1_640' title='bbox 394 2283 562 2319; x_wconf 71' lang='grc' dir='ltr'>ψυχωφελὼν</span> <span class='ocrx_word' id='word_1_641' title='bbox 573 2283 596 2299; x_wconf 72' lang='grc'><strong>³⁸</strong></span> <span class='ocrx_word' id='word_1_642' title='bbox 607 2291 636 2310; x_wconf 84' lang='grc' dir='ltr'><strong>τε</strong></span> <span class='ocrx_word' id='word_1_643' title='bbox 651 2283 699 2310; x_wconf 78' lang='grc' dir='ltr'>καὶ</span> <span class='ocrx_word' id='word_1_644' title='bbox 712 2282 870 2317; x_wconf 79' lang='grc' dir='ltr'>ἀναγκαίων</span> 
     </span>
    </p>
   </div>
   <div class='ocr_carea' id='block_1_92' title="bbox 69 2329 870 2370">
    <p class='ocr_par' dir='ltr' id='par_1_92' title="bbox 69 2329 870 2370">
     <span class='ocr_line' id='line_1_93' title="bbox 69 2329 870 2370; baseline -0.011 -7"><span class='ocrx_word' id='word_1_645' title='bbox 69 2338 129 2367; x_wconf 82' lang='grc' dir='ltr'>τοῖς</span> <span class='ocrx_word' id='word_1_646' title='bbox 144 2332 246 2370; x_wconf 78' lang='grc' dir='ltr'>ὀρθοῦν</span> <span class='ocrx_word' id='word_1_647' title='bbox 259 2341 289 2359; x_wconf 85' lang='grc' dir='ltr'><strong>τε</strong></span> <span class='ocrx_word' id='word_1_648' title='bbox 300 2331 335 2358; x_wconf 78' lang='grc' dir='ltr'><strong>τὰ</strong></span> <span class='ocrx_word' id='word_1_649' title='bbox 348 2330 400 2366; x_wconf 73' lang='grc' dir='ltr'>ἢθη</span> <span class='ocrx_word' id='word_1_650' title='bbox 416 2329 520 2357; x_wconf 76' lang='grc' dir='ltr'>καὶτὸν</span> <span class='ocrx_word' id='word_1_651' title='bbox 537 2329 600 2356; x_wconf 81' lang='grc' dir='ltr'>νοῦν</span> <span class='ocrx_word' id='word_1_652' title='bbox 621 2329 791 2365; x_wconf 74' lang='grc' dir='ltr'>ἐγρηγορότα</span> <span class='ocrx_word' id='word_1_653' title='bbox 808 2336 870 2354; x_wconf 87' lang='grc' dir='ltr'>συν-</span> 
     </span>
    </p>
   </div>
   <div class='ocr_carea' id='block_1_93' title="bbox 71 2373 869 2418">
    <p class='ocr_par' dir='ltr' id='par_1_93' title="bbox 71 2373 869 2418">
     <span class='ocr_line' id='line_1_94' title="bbox 71 2373 869 2418; baseline -0.01 -10"><span class='ocrx_word' id='word_1_654' title='bbox 71 2382 168 2418; x_wconf 84' lang='grc' dir='ltr'>τηρεῖν</span> <span class='ocrx_word' id='word_1_655' title='bbox 188 2379 258 2415; x_wconf 74' lang='grc' dir='ltr'>πρὸς</span> <span class='ocrx_word' id='word_1_656' title='bbox 269 2378 314 2395; x_wconf 67' lang='grc' dir='ltr'><strong>Μ’</strong></span> <span class='ocrx_word' id='word_1_657' title='bbox 328 2379 378 2413; x_wconf 80' lang='grc' dir='ltr'>τὴν</span> <span class='ocrx_word' id='word_1_658' title='bbox 393 2376 533 2414; x_wconf 80' lang='grc' dir='ltr'>εὐσέΰειαν</span> <span class='ocrx_word' id='word_1_659' title='bbox 554 2373 798 2408; x_wconf 78' lang='grc' dir='ltr'>ὲσπουδακόσι,τὸν</span> <span class='ocrx_word' id='word_1_660' title='bbox 821 2374 869 2409; x_wconf 85' lang='grc' dir='ltr'>ἅρι</span> 
     </span>
    </p>
   </div>
   <div class='ocr_carea' id='block_1_94' title="bbox 115 2453 1040 2487">
    <p class='ocr_par' dir='ltr' id='par_1_94' title="bbox 115 2453 1040 2487">
     <span class='ocr_line' id='line_1_95' title="bbox 115 2453 1040 2487; baseline -0.004 0"><span class='ocrx_word' id='word_1_661' title='bbox 115 2460 122 2486; x_wconf 91' lang='lat' dir='ltr'><strong>i</strong></span> <span class='ocrx_word' id='word_1_662' title='bbox 155 2459 224 2487; x_wconf 85' lang='lat' dir='ltr'><strong>ibid.</strong></span> <span class='ocrx_word' id='word_1_663' title='bbox 249 2458 294 2485; x_wconf 83' lang='lat' dir='ltr'><strong>IO.</strong></span> <span class='ocrx_word' id='word_1_664' title='bbox 338 2456 352 2476; x_wconf 79' lang='grc' dir='ltr'>ιι</span> <span class='ocrx_word' id='word_1_665' title='bbox 366 2455 432 2483; x_wconf 88' lang='lat' dir='ltr'><strong>ibid.</strong></span> <span class='ocrx_word' id='word_1_666' title='bbox 454 2455 501 2483; x_wconf 61' lang='lat' dir='ltr'><strong>I9.</strong></span> <span class='ocrx_word' id='word_1_667' title='bbox 543 2454 662 2482; x_wconf 78' lang='lat' dir='ltr'><strong>1Il’etr.</strong></span> <span class='ocrx_word' id='word_1_668' title='bbox 683 2461 722 2487; x_wconf 86' lang='lat' dir='ltr'><strong>tv,</strong></span> <span class='ocrx_word' id='word_1_669' title='bbox 740 2453 784 2481; x_wconf 85' lang='lat' dir='ltr'><strong>I7.</strong></span> <span class='ocrx_word' id='word_1_670' title='bbox 830 2457 851 2473; x_wconf 74' lang='grc' dir='ltr'>ιη</span> <span class='ocrx_word' id='word_1_671' title='bbox 868 2453 952 2482; x_wconf 84' lang='lat' dir='ltr'><strong>Zacb.</strong></span> <span class='ocrx_word' id='word_1_672' title='bbox 968 2462 994 2487; x_wconf 79' lang='grc' dir='ltr'><strong>ν,</strong></span> <span class='ocrx_word' id='word_1_673' title='bbox 1015 2456 1040 2483; x_wconf 82' lang='grc'><strong>1.</strong></span> 
     </span>
    </p>
   </div>
   <div class='ocr_carea' id='block_1_95' title="bbox 75 2497 174 2530">
    <p class='ocr_par' dir='ltr' id='par_1_95' title="bbox 75 2497 174 2530">
     <span class='ocr_line' id='line_1_96' title="bbox 75 2497 174 2530; baseline -0.02 -5"><span class='ocrx_word' id='word_1_674' title='bbox 75 2505 132 2530; x_wconf 82' lang='lat' dir='ltr'><strong>ut,</strong></span> <span class='ocrx_word' id='word_1_675' title='bbox 146 2497 174 2524; x_wconf 79' lang='lat' dir='ltr'><strong>I.</strong></span> 
     </span>
    </p>
   </div>
   <div class='ocr_carea' id='block_1_96' title="bbox 923 2284 1713 2319">
    <p class='ocr_par' dir='ltr' id='par_1_96' title="bbox 923 2284 1713 2319">
     <span class='ocr_line' id='line_1_97' title="bbox 923 2284 1713 2319; baseline 0 -9"><span class='ocrx_word' id='word_1_676' title='bbox 923 2284 1100 2318; x_wconf 87' lang='lat' dir='ltr'><strong>necessariis,</strong></span> <span class='ocrx_word' id='word_1_677' title='bbox 1126 2288 1155 2311; x_wconf 91' lang='lat' dir='ltr'><strong>et</strong></span> <span class='ocrx_word' id='word_1_678' title='bbox 1170 2284 1262 2311; x_wconf 90' lang='lat' dir='ltr'><strong>animo</strong></span> <span class='ocrx_word' id='word_1_679' title='bbox 1290 2284 1412 2318; x_wconf 90' lang='lat' dir='ltr'><strong>utilibus,</strong></span> <span class='ocrx_word' id='word_1_680' title='bbox 1432 2285 1464 2312; x_wconf 91' lang='lat' dir='ltr'><strong>iis</strong></span> <span class='ocrx_word' id='word_1_681' title='bbox 1489 2284 1631 2319; x_wconf 80' lang='lat' dir='ltr'><strong>(maxime)</strong></span> <span class='ocrx_word' id='word_1_682' title='bbox 1665 2285 1713 2319; x_wconf 87' lang='lat' dir='ltr'><strong>qui</strong></span> 
     </span>
    </p>
   </div>
   <div class='ocr_carea' id='block_1_97' title="bbox 923 2329 1714 2365">
    <p class='ocr_par' dir='ltr' id='par_1_97' title="bbox 923 2329 1714 2365">
     <span class='ocr_line' id='line_1_98' title="bbox 923 2329 1714 2365; baseline 0.001 -9"><span class='ocrx_word' id='word_1_683' title='bbox 923 2336 1013 2357; x_wconf 86' lang='lat' dir='ltr'><strong>mores</strong></span> <span class='ocrx_word' id='word_1_684' title='bbox 1026 2337 1091 2357; x_wconf 86' lang='lat' dir='ltr'><strong>suos</strong></span> <span class='ocrx_word' id='word_1_685' title='bbox 1106 2330 1254 2365; x_wconf 78' lang='lat' dir='ltr'><strong>corrigere,</strong></span> <span class='ocrx_word' id='word_1_686' title='bbox 1281 2334 1453 2365; x_wconf 83' lang='lat' dir='ltr'><strong>mentemque</strong></span> <span class='ocrx_word' id='word_1_687' title='bbox 1472 2330 1498 2357; x_wconf 93' lang='lat' dir='ltr'><strong>in</strong></span> <span class='ocrx_word' id='word_1_688' title='bbox 1514 2330 1614 2365; x_wconf 86' lang='lat' dir='ltr'><strong>pietate</strong></span> <span class='ocrx_word' id='word_1_689' title='bbox 1639 2329 1714 2358; x_wconf 75' lang='lat' dir='ltr'><strong>exci-</strong></span> 
     </span>
    </p>
   </div>
   <div class='ocr_carea' id='block_1_98' title="bbox 923 2375 1714 2411">
    <p class='ocr_par' dir='ltr' id='par_1_98' title="bbox 923 2375 1714 2411">
     <span class='ocr_line' id='line_1_99' title="bbox 923 2375 1714 2411; baseline 0 -9"><span class='ocrx_word' id='word_1_690' title='bbox 923 2379 1007 2402; x_wconf 86' lang='lat' dir='ltr'><strong>tatam</strong></span> <span class='ocrx_word' id='word_1_691' title='bbox 1031 2382 1193 2404; x_wconf 83' lang='lat' dir='ltr'><strong>conservare</strong></span> <span class='ocrx_word' id='word_1_692' title='bbox 1209 2375 1327 2409; x_wconf 89' lang='lat' dir='ltr'><strong>student,</strong></span> <span class='ocrx_word' id='word_1_693' title='bbox 1350 2383 1462 2403; x_wconf 88' lang='lat' dir='ltr'><strong>numero</strong></span> <span class='ocrx_word' id='word_1_694' title='bbox 1483 2375 1576 2411; x_wconf 73' lang='lat' dir='ltr'><strong>viginti</strong></span> <span class='ocrx_word' id='word_1_695' title='bbox 1600 2381 1714 2411; x_wconf 85' lang='lat' dir='ltr'><strong>septem.</strong></span> 
     </span>
    </p>
   </div>
   <div class='ocr_carea' id='block_1_99' title="bbox 1090 2455 1714 2490">
    <p class='ocr_par' dir='ltr' id='par_1_99' title="bbox 1090 2455 1714 2490">
     <span class='ocr_line' id='line_1_100' title="bbox 1090 2455 1714 2490; baseline -0.002 -6"><span class='ocrx_word' id='word_1_696' title='bbox 1090 2460 1104 2475; x_wconf 78' lang='grc' dir='ltr'><strong>ιι</strong></span> <span class='ocrx_word' id='word_1_697' title='bbox 1117 2456 1202 2484; x_wconf 87' lang='lat' dir='ltr'><strong>Zach.</strong></span> <span class='ocrx_word' id='word_1_698' title='bbox 1217 2463 1254 2490; x_wconf 89' lang='lat' dir='ltr'><strong>tv,</strong></span> <span class='ocrx_word' id='word_1_699' title='bbox 1271 2456 1299 2484; x_wconf 78' lang='lat'><strong>2.</strong></span> <span class='ocrx_word' id='word_1_700' title='bbox 1344 2461 1358 2476; x_wconf 73' lang='grc' dir='ltr'><strong>θ</strong></span> <span class='ocrx_word' id='word_1_701' title='bbox 1371 2456 1444 2484; x_wconf 54' lang='lat' dir='ltr'><strong>Jonas</strong></span> <span class='ocrx_word' id='word_1_702' title='bbox 1457 2464 1494 2490; x_wconf 81' lang='lat' dir='ltr'><strong>iv,</strong></span> <span class='ocrx_word' id='word_1_703' title='bbox 1509 2456 1551 2483; x_wconf 84' lang='lat' dir='ltr'><strong>II.</strong></span> <span class='ocrx_word' id='word_1_704' title='bbox 1583 2460 1598 2480; x_wconf 84' lang='lat' dir='ltr'><strong>P</strong></span> <span class='ocrx_word' id='word_1_705' title='bbox 1614 2455 1635 2483; x_wconf 96' lang='lat' dir='ltr'><strong>Il</strong></span> <span class='ocrx_word' id='word_1_706' title='bbox 1647 2455 1714 2490; x_wconf 73' lang='lat' dir='ltr'><strong>Reg.</strong></span> 
     </span>
    </p>
   </div>
   <div class='ocr_carea' id='block_1_100' title="bbox 715 2558 1060 2587">
    <p class='ocr_par' dir='ltr' id='par_1_100' title="bbox 715 2558 1060 2587">
     <span class='ocr_line' id='line_1_101' title="bbox 715 2558 1060 2587; baseline 0.003 -1"><span class='ocrx_word' id='word_1_707' title='bbox 715 2559 836 2587; x_wconf 66' lang='lat' dir='ltr'><strong>YAIIIJE</strong></span> <span class='ocrx_word' id='word_1_708' title='bbox 856 2558 1060 2587; x_wconf 82' lang='lat' dir='ltr'><strong>LECTIONES.</strong></span> 
     </span>
    </p>
   </div>
   <div class='ocr_carea' id='block_1_101' title="bbox 124 2620 649 2655">
    <p class='ocr_par' dir='ltr' id='par_1_101' title="bbox 124 2620 649 2655">
     <span class='ocr_line' id='line_1_102' title="bbox 124 2620 649 2655; baseline -0.01 -4"><span class='ocrx_word' id='word_1_709' title='bbox 124 2625 148 2642; x_wconf 79' lang='grc'><strong>⁸⁸</strong></span> <span class='ocrx_word' id='word_1_710' title='bbox 158 2625 206 2651; x_wconf 78' lang='grc' dir='ltr'>τὸν</span> <span class='ocrx_word' id='word_1_711' title='bbox 223 2623 287 2650; x_wconf 82' lang='lat' dir='ltr'><strong>add.</strong></span> <span class='ocrx_word' id='word_1_712' title='bbox 303 2623 336 2650; x_wconf 82' lang='lat' dir='ltr'><strong>A.</strong></span> <span class='ocrx_word' id='word_1_713' title='bbox 372 2622 395 2638; x_wconf 77' lang='lat'><strong>‘7</strong></span> <span class='ocrx_word' id='word_1_714' title='bbox 409 2620 604 2655; x_wconf 82' lang='grc' dir='ltr'>δυσεπιχτητον</span> <span class='ocrx_word' id='word_1_715' title='bbox 618 2629 649 2652; x_wconf 85' lang='grc' dir='ltr'>ς.</span> 
     </span>
    </p>
   </div>
   <div class='ocr_carea' id='block_1_102' title="bbox 79 2653 872 2695">
    <p class='ocr_par' dir='ltr' id='par_1_102' title="bbox 79 2653 872 2695">
     <span class='ocr_line' id='line_1_103' title="bbox 79 2653 872 2695; baseline -0.009 -8"><span class='ocrx_word' id='word_1_716' title='bbox 79 2660 235 2695; x_wconf 77' lang='grc' dir='ltr'>ἀναγκαίων</span> <span class='ocrx_word' id='word_1_717' title='bbox 260 2674 293 2680; x_wconf 94' lang='lat'><strong>-—-</strong></span> <span class='ocrx_word' id='word_1_718' title='bbox 303 2657 471 2693; x_wconf 80' lang='grc' dir='ltr'>ψυχωφελῶν</span> <span class='ocrx_word' id='word_1_719' title='bbox 489 2665 519 2689; x_wconf 86' lang='grc' dir='ltr'>ς.</span> <span class='ocrx_word' id='word_1_720' title='bbox 548 2653 592 2672; x_wconf 62' lang='grc' dir='ltr'><strong>Μ’</strong></span> <span class='ocrx_word' id='word_1_721' title='bbox 607 2653 686 2691; x_wconf 80' lang='grc' dir='ltr'>πρὸς]</span> <span class='ocrx_word' id='word_1_722' title='bbox 702 2654 827 2690; x_wconf 76' lang='grc' dir='ltr'>καὶπρὸς</span> <span class='ocrx_word' id='word_1_723' title='bbox 840 2655 872 2681; x_wconf 81' lang='grc' dir='ltr'><strong>Α.</strong></span> 
     </span>
    </p>
   </div>
   <div class='ocr_carea' id='block_1_103' title="bbox 699 2618 1163 2653">
    <p class='ocr_par' dir='ltr' id='par_1_103' title="bbox 699 2618 1163 2653">
     <span class='ocr_line' id='line_1_104' title="bbox 699 2618 1163 2653; baseline 0.009 -9"><span class='ocrx_word' id='word_1_724' title='bbox 699 2619 723 2635; x_wconf 71' lang='grc'>⁸⁸</span> <span class='ocrx_word' id='word_1_725' title='bbox 743 2618 885 2646; x_wconf 83' lang='grc' dir='ltr'>ἀποκναίει</span> <span class='ocrx_word' id='word_1_726' title='bbox 904 2619 1107 2652; x_wconf 76' lang='grc' dir='ltr'>ἐσπουδακότας</span> <span class='ocrx_word' id='word_1_727' title='bbox 1132 2628 1163 2653; x_wconf 86' lang='grc' dir='ltr'>ς.</span> 
     </span>
    </p>
   </div>
   <div class='ocr_carea' id='block_1_104' title="bbox 1211 2615 1714 2656">
    <p class='ocr_par' dir='ltr' id='par_1_104' title="bbox 1211 2615 1714 2656">
     <span class='ocr_line' id='line_1_105' title="bbox 1211 2615 1714 2656; baseline -0.01 -10"><span class='ocrx_word' id='word_1_728' title='bbox 1211 2620 1235 2637; x_wconf 86' lang='grc'><strong>⁹⁹</strong></span> <span class='ocrx_word' id='word_1_729' title='bbox 1248 2618 1416 2656; x_wconf 82' lang='grc' dir='ltr'>ψυχωφελῶν</span> <span class='ocrx_word' id='word_1_730' title='bbox 1430 2632 1465 2640; x_wconf 92' lang='grc'><strong><em>-</em></strong></span> <span class='ocrx_word' id='word_1_731' title='bbox 1480 2616 1638 2652; x_wconf 80' lang='grc' dir='ltr'>ἁναγκαξων</span> <span class='ocrx_word' id='word_1_732' title='bbox 1665 2615 1689 2643; x_wconf 81' lang='grc' dir='ltr'><strong>Α</strong></span> <span class='ocrx_word' id='word_1_733' title='bbox 1704 2622 1714 2642; x_wconf 84' lang='lat'><strong>:</strong></span> 
     </span>
    </p>
   </div>
   <div class='ocr_carea' id='block_1_105' title="bbox 842 2723 958 2752">
    <p class='ocr_par' dir='ltr' id='par_1_105' title="bbox 842 2723 958 2752">
     <span class='ocr_line' id='line_1_106' title="bbox 842 2723 958 2752; baseline 0.009 -1"><span class='ocrx_word' id='word_1_734' title='bbox 842 2723 958 2752; x_wconf 63' lang='lat' dir='ltr'><strong>NOTAE.</strong></span> 
     </span>
    </p>
   </div>
   <div class='ocr_carea' id='block_1_106' title="bbox 114 2782 877 2824">
    <p class='ocr_par' dir='ltr' id='par_1_106' title="bbox 114 2782 877 2824">
     <span class='ocr_line' id='line_1_107' title="bbox 114 2782 877 2824; baseline -0.01 -7"><span class='ocrx_word' id='word_1_735' title='bbox 114 2790 170 2823; x_wconf 78' lang='lat'><strong>(38)</strong></span> <span class='ocrx_word' id='word_1_736' title='bbox 187 2789 218 2816; x_wconf 91' lang='lat' dir='ltr'><strong>In</strong></span> <span class='ocrx_word' id='word_1_737' title='bbox 231 2788 339 2823; x_wconf 74' lang='lat' dir='ltr'><strong>vulgata</strong></span> <span class='ocrx_word' id='word_1_738' title='bbox 364 2787 484 2824; x_wconf 81' lang='lat' dir='ltr'><strong>editione</strong></span> <span class='ocrx_word' id='word_1_739' title='bbox 501 2785 601 2824; x_wconf 54' lang='lat' dir='ltr'><strong>legitur</strong></span> <span class='ocrx_word' id='word_1_740' title='bbox 631 2784 759 2824; x_wconf 42' lang='lat' dir='ltr'><strong>volumen.</strong></span> <span class='ocrx_word' id='word_1_741' title='bbox 775 2782 877 2810; x_wconf 82' lang='lat' dir='ltr'><strong>volam.</strong></span> 
     </span>
    </p>
   </div>
   <div class='ocr_carea' id='block_1_107' title="bbox 115 2820 870 2861">
    <p class='ocr_par' dir='ltr' id='par_1_107' title="bbox 115 2820 870 2861">
     <span class='ocr_line' id='line_1_108' title="bbox 115 2820 870 2861; baseline -0.011 -8"><span class='ocrx_word' id='word_1_742' title='bbox 115 2820 171 2861; x_wconf 80' lang='grc'><strong>(59)</strong></span> <span class='ocrx_word' id='word_1_743' title='bbox 187 2824 248 2852; x_wconf 78' lang='lat' dir='ltr'><strong>Huc</strong></span> <span class='ocrx_word' id='word_1_744' title='bbox 261 2820 313 2861; x_wconf 54' lang='lat' dir='ltr'><strong>ego</strong></span> <span class='ocrx_word' id='word_1_745' title='bbox 337 2823 497 2858; x_wconf 85' lang='lat' dir='ltr'><strong>particulam</strong></span> <span class='ocrx_word' id='word_1_746' title='bbox 520 2821 606 2861; x_wconf 75' lang='grc' dir='ltr'>οὕτως</span> <span class='ocrx_word' id='word_1_747' title='bbox 629 2820 810 2848; x_wconf 85' lang='lat' dir='ltr'><strong>commodiore</strong></span> <span class='ocrx_word' id='word_1_748' title='bbox 823 2826 870 2846; x_wconf 86' lang='lat' dir='ltr'><strong>or-</strong></span> 
     </span>
    </p>
   </div>
   <div class='ocr_carea' id='block_1_108' title="bbox 82 2859 569 2894">
    <p class='ocr_par' dir='ltr' id='par_1_108' title="bbox 82 2859 569 2894">
     <span class='ocr_line' id='line_1_109' title="bbox 82 2859 569 2894; baseline -0.006 -7"><span class='ocrx_word' id='word_1_749' title='bbox 82 2860 145 2889; x_wconf 85' lang='lat' dir='ltr'><strong>dine</strong></span> <span class='ocrx_word' id='word_1_750' title='bbox 162 2859 178 2889; x_wconf 81' lang='lat' dir='ltr'><strong>e</strong></span> <span class='ocrx_word' id='word_1_751' title='bbox 192 2859 339 2894; x_wconf 86' lang='lat' dir='ltr'><strong>superiore</strong></span> <span class='ocrx_word' id='word_1_752' title='bbox 353 2865 432 2886; x_wconf 85' lang='lat' dir='ltr'><strong>versu</strong></span> <span class='ocrx_word' id='word_1_753' title='bbox 450 2859 569 2885; x_wconf 84' lang='lat' dir='ltr'><strong>rterabo.</strong></span> 
     </span>
    </p>
   </div>
   <div class='ocr_carea' id='block_1_109' title="bbox 970 2774 1718 2818">
    <p class='ocr_par' dir='ltr' id='par_1_109' title="bbox 970 2774 1718 2818">
     <span class='ocr_line' id='line_1_110' title="bbox 970 2774 1718 2818; baseline -0.011 -8"><span class='ocrx_word' id='word_1_754' title='bbox 970 2782 1025 2818; x_wconf 65' lang='lat'><strong>(40)</strong></span> <span class='ocrx_word' id='word_1_755' title='bbox 1049 2781 1237 2817; x_wconf 83' lang='lat' dir='ltr'><strong>Distinguendi</strong></span> <span class='ocrx_word' id='word_1_756' title='bbox 1258 2780 1354 2818; x_wconf 14' lang='lat' dir='ltr'><strong>gratia?</strong></span> <span class='ocrx_word' id='word_1_757' title='bbox 1369 2779 1413 2818; x_wconf 84' lang='lat' dir='ltr'><strong>hic</strong></span> <span class='ocrx_word' id='word_1_758' title='bbox 1428 2776 1537 2818; x_wconf 76' lang='lat' dir='ltr'><strong>stellula</strong></span> <span class='ocrx_word' id='word_1_759' title='bbox 1552 2776 1602 2804; x_wconf 90' lang='lat' dir='ltr'><strong>Iuit</strong></span> <span class='ocrx_word' id='word_1_760' title='bbox 1617 2774 1650 2802; x_wconf 88' lang='lat' dir='ltr'><strong>ad</strong></span> <span class='ocrx_word' id='word_1_761' title='bbox 1673 2781 1718 2803; x_wconf 82' lang='lat' dir='ltr'><strong>re-</strong></span> 
     </span>
    </p>
   </div>
   <div class='ocr_carea' id='block_1_110' title="bbox 925 2815 1463 2852">
    <p class='ocr_par' dir='ltr' id='par_1_110' title="bbox 925 2815 1463 2852">
     <span class='ocr_line' id='line_1_111' title="bbox 925 2815 1463 2852; baseline -0.011 -6"><span class='ocrx_word' id='word_1_762' title='bbox 925 2815 1038 2852; x_wconf 84' lang='lat' dir='ltr'><strong>petitum</strong></span> <span class='ocrx_word' id='word_1_763' title='bbox 1053 2817 1124 2846; x_wconf 79' lang='lat' dir='ltr'><strong>male</strong></span> <span class='ocrx_word' id='word_1_764' title='bbox 1138 2815 1285 2846; x_wconf 75' lang='lat' dir='ltr'><strong>humerum</strong></span> <span class='ocrx_word' id='word_1_765' title='bbox 1303 2815 1463 2850; x_wconf 82' lang='lat' dir='ltr'><strong>adjicienda.</strong></span> 
     </span>
    </p>
   </div>
  </div>
