1916 3092
232 152 286 184 1535

807 151 939 182 ΡΗΟΤΙΙ
956 152 1210 184 ΡΔΤΒῙΑΒΟΗΑΞ
1224 153 1280 184 CP.

1796 153 1844 186 6'36

232 215 313 243 ιιιιηθ
340 206 553 240 οτριειηιιιίοηες.
576 205 683 234 Eminet
702 206 758 242 (l6)
779 214 862 241 porro
885 208 966 242 hujus
990 207 1017 235 in

1074 210 1174 244 νισμόν.
1193 210 1238 237 Ἐν
1254 209 1303 245 μὲν
1324 209 1372 237 οὖν
1398 211 1455 242 τοῖς
1472 210 1562 245 λόγοις
1576 211 1607 237 rb
1635 211 1749 247 σύνηθες
1768 212 1842 239 αὐτου

233 253 309 282 libris
333 253 451 288 egregie,
478 259 530 279 non
557 253 600 279 ille
625 253 704 280 modo
723 252 852 279 solemnis
876 254 943 281 adeo
968 254 1021 288 ipsi

233 300 345 327 allectus
369 299 467 330 lenior,
485 299 532 326 sed
554 306 619 333 pura
649 300 729 326 etiam
748 300 949 334 perspicuitas:
967 301 1020 329 nisi

232 348 303 380 quod
319 346 345 372 in
368 345 465 381 155a
497 342 692 380 quaestionibus
714 345 874 380 quibusdam
908 347 1021 381 empha-

232 399 292 419 seos
305 391 405 426 aliquid
424 391 459 418 ab
479 398 512 418 eo
532 398 672 425 aspersum
689 394 828 425 appareat,
845 399 898 418 non
912 391 937 418 id
954 392 1022 419 adeo

231 438 369 466 vocabulis
385 438 474 465 minus
489 438 595 464 usitatis
606 437 763 472 juveniliter
777 437 916 468 adhibitis.
933 446 1021 473 neque

231 483 428 517 cmupositione
448 490 495 518 per
510 483 756 510 circumductiones
777 483 1019 517 obscurata:quin

232 536 320 564 neque
341 529 430 562 aliqua
445 529 597 562 peregrina,
620 534 647 555 et
668 536 682 555 a
700 529 804 562 privato
825 536 874 555 usu
895 529 1022 564 civilique

233 581 358 601 sermone
374 574 520 600 remotiore
545 573 715 606 curiositate,
732 579 778 600 aut
795 574 955 606 acrimonia,
974 575 1021 602 sed

231 619 303 654 quod
324 619 398 646 hisce
423 619 457 646 de
471 626 546 646 more
567 620 695 652 servatis,
713 620 863 653 emphasim
880 619 962 646 veluti
982 621 1022 647 in-

235 664 367 699 terjiciat;
392 665 466 691 nullo
481 665 589 692 interim
616 665 734 702 [lectori]
748 665 832 693 indito
850 667 965 693 instituti
981 667 1022 694 sui

233 717 324 742 sensu,
341 716 494 744 quanquam
509 717 540 736 ea
556 717 615 744 qme
635 711 753 738 breviter
769 711 918 746 proposuit,
934 711 1022 746 pluri-

234 761 305 780 mum
321 761 373 780 non
390 759 548 787 pertractat,
570 762 603 782 eo
626 755 698 789 quod
722 763 827 782 summa
850 757 938 790 capita
958 756 1024 783 dun-

234 804 308 826 taxat
323 800 447 827 orationc
464 801 588 835 persequi
605 801 773 835 propositum
788 801 901 835 habens,
919 802 1022 829 clario-

233 844 271 872 ris
296 845 484 880 explicationis
506 847 735 880 opportuuitatem
762 847 862 874 nullam
891 847 1021 882 reperiat.

233 890 267 917 Et
281 891 391 918 adhibet
411 892 455 919 ille
470 892 578 926 quidem
593 899 671 918 suum
688 892 722 919 ad
737 892 954 927 persuadendum
971 900 1020 920 ac-
1036 885 1060 915 Β

233 938 433 964 commodatum
451 945 565 964 acumen
589 937 681 964 multis
704 938 884 972 quaestionum
907 938 1020 965 solutio-

233 983 324 1015 nibus,
342 983 390 1010 sed
403 982 503 1010 anima:
516 983 590 1010 salus
611 988 692 1017 atque
708 983 809 1010 utilitas
824 983 904 1018 plane
921 984 1022 1019 ubique

233 1032 384 1061 spectatur.
415 1027 572 1062 Quanquam
593 1035 644 1054 non
669 1028 726 1054 sola
744 1028 878 1056 brevitate
904 1028 1022 1055 violetur

233 1074 305 1107 apud
320 1081 382 1101 eum
406 1074 587 1108 perspicuitas
603 1083 611 1101 ς
634 1082 725 1101 verum
742 1079 770 1101 et
787 1082 819 1101 ex
833 1082 877 1108 eo,
890 1076 960 1108 quod
978 1082 1022 1102 so-

235 1119 345 1146 lutionis
374 1119 539 1154 indigentem
555 1119 708 1146 orationem
731 1119 852 1152 claudat,
867 1120 939 1147 nulla
954 1128 1023 1148 con-

234 1165 360 1192 cludendi
377 1165 461 1192 l‘orma
477 1166 598 1192 adhibita
615 1174 624 1193 :
643 1170 674 1192 ut
698 1166 768 1193 inter
783 1166 912 1202 disjectas
928 1175 1024 1202 propo-

234 1211 359 1243 sitiones,
373 1217 402 1238 et
423 1211 555 1238 iulereudi
580 1217 606 1238 et
628 1211 810 1239 concludendi
836 1214 860 1239 vi
875 1213 1021 1241 destitutas

233 1257 417 1291 probationes,
434 1265 509 1284 mens
532 1257 650 1284 aberret.

272 1302 373 1329 Harum
391 1308 480 1329 autem
502 1311 592 1330 rerum
611 1311 692 1331 causa
714 1304 740 1330 in
756 1305 857 1331 variam
877 1304 1023 1339 providen-

234 1347 279 1375 tiae
291 1348 446 1375 methodum
460 1348 624 1381 dissecatur,
639 1357 720 1384 quam
737 1351 877 1384 sapientia:
896 1356 948 1378 tute
967 1351 1023 1386 (l7)

235 1395 460 1422 considerandam
481 1396 617 1430 permitto.
640 1396 668 1422 In
684 1396 724 1423 his
738 1395 851 1432 [tamen]
866 1397 974 1424 duobus
989 1397 1022 1423 li-

236 1442 294 1469 bris
306 1449 357 1468 non
373 1449 482 1477 semper
496 1443 686 1477 ademphasim
701 1444 825 1471 recurrit.
840 1444 937 1471 Statim
951 1445 1023 1471 enim

235 1487 339 1521 primus
363 1487 431 1514 liber
455 1488 520 1514 nihil
545 1496 601 1522 prae
619 1496 648 1515 se
673 1489 725 1515 lert
740 1488 802 1521 tale,
822 1490 873 1517 nisi
894 1491 965 1525 quod
979 1499 1024 1518 se-

236 1533 288 1559 mel
310 1533 406 1561 alicubi
427 1541 474 1568 per
492 1534 662 1561 reticentiam
685 1535 784 1561 malum
803 1543 883 1563 omen
902 1543 1020 1566 avertat.
1037 1555 1057 1583 ε

236 1578 303 1605 Nam
327 1580 360 1606 ad
386 1585 480 1606 czctera
497 1581 568 1614 quod
589 1581 700 1612 attinet,
723 1581 799 1608 valde
815 1582 851 1608 ibi
863 1584 1021 1616 estﬁrmns,

237 1630 263 1651 et
278 1633 354 1660 :uque
375 1633 458 1660 purus
476 1631 557 1661 atque
571 1627 716 1661 dilucidus,
739 1635 840 1662 perque
862 1629 929 1656 duos
943 1629 1025 1657 hosce

237 1671 321 1698 libros
343 1673 463 1699 decurrit
487 1673 637 1707 simplicior
661 1673 771 1708 quidam
787 1680 812 1701 et
832 1675 1025 1708 perfamiliaris

237 1726 329 1745 sermo
349 1726 381 1745 ac
396 1720 565 1754 compositio,
581 1720 614 1746 ad
633 1719 706 1755 vulgi
725 1727 804 1748 aures
817 1727 971 1756 comparata
987 1729 1026 1750 at-

237 1772 291 1799 que
306 1765 468 1797 demissa,et
479 1766 512 1792 ad
521 1767 604 1794 solam
621 1765 727 1792 demum
738 1762 891 1794 auditorum
906 1768 1022 1795 salutem

238 1811 353 1838 intenta.
369 1810 452 1846 Igitur
467 1812 569 1846 primus
585 1813 643 1847 eius
659 1814 726 1841 liber
741 1814 798 1849 (l8)
811 1815 942 1841 continet.
961 1814 1026 1847 Quae

239 1856 276 1882 sit
298 1864 391 1888 causa,
417 1863 603 1892 quantumque
615 1859 766 1893 periculum
789 1860 942 1894 hujusmodi
963 1867 1024 1887 cum

237 1902 420 1929 Ecclesiarum
440 1902 499 1935 Dei,
529 1908 586 1931 tum
605 1904 770 1938 singulorum
796 1905 934 1931 hominum
956 1905 1025 1932 inter

236 1949 313 1982 ipsos
329 1948 505 1976 dissensionis
521 1954 602 1984 atque
616 1949 733 1977 dissidii.
752 1950 864 1983 Deinde,
877 1950 948 1984 quod
967 1958 1026 1978 om-

238 1994 282 2021 uis
295 1995 421 2028 praecepti
438 1995 522 2022 divini
538 1996 720 2030 transgressio
732 1996 908 2023 vehementer
927 2003 956 2023 ac
970 2000 1026 2023 ter-

238 2040 354 2068 ribiliter
370 2041 490 2074 punitur.
513 2041 592 2075 idque
605 2049 620 2068 c
640 2041 787 2075 Scripturis
800 2042 884 2069 sacris
910 2042 1026 2069 demou-

237 2089 365 2112 stratum.
393 2085 496 2119 Tertio,
524 2087 557 2114 de
577 2087 628 2114 lide
651 2093 741 2114 ucstra
762 2088 907 2120 catholica,
922 2089 980 2115 sive
993 2089 1027 2116 de

237 2138 306 2164 pura
332 2136 425 2159 nostra
449 2137 477 2160 et
502 2133 608 2160 sincera
635 2133 809 2161 confessione
844 2135 1026 2162 sanctissume

238 2176 390 2205 Trinitatis.
404 2178 486 2206 Liber
499 2186 564 2206 vero
579 2181 726 2213 secundus,
742 2181 891 2208 Christiani
906 2182 1025 2208 hominis

1071 252 1137 291 ἦθος
1149 255 1173 272 ⁸⁸
1195 255 1341 290 διαπρέπει
1362 255 1411 283 καὶ
1425 256 1476 291 τῆς
1501 257 1650 292 σαφηνείας
1664 258 1695 284 τὸ
1717 258 1843 294 καθαρόν*

1072 300 1141 335 πλὴν
1162 300 1205 327 ἐπ’
1233 300 1314 332 ἐνίοις
1333 300 1389 327 τῶν
1417 300 1586 336 ζητημάτων
1609 303 1669 328 ὲστί
1696 312 1753 335 πως
1778 304 1846 340 αὐτῷ

1071 346 1303 382 παρεσπαρμένον
1325 347 1373 373 καὶ
1397 347 1428 373 τὺ
1454 347 1616 381 ὲμφατικὺν,
1633 348 1664 375 οὐ
1689 349 1739 383 τῆς
1756 349 1847 382 λέξεως

1071 393 1112 424 εις
1130 393 1255 426 γλῶτταν
1269 393 1471 428 νεανιευούσης,
1488 392 1550 419 οὐδὲ
1563 395 1612 428 τῆς
1627 394 1763 429 συνθήκης
1776 404 1848 430 περι-

1072 437 1163 469 ὄολαῖς
1174 437 1427 473 ὲπηλυγαζομένης,
1443 439 1474 465 οὺ
1494 439 1548 474 μὴν
1570 439 1626 465 οὐδ’
1641 439 1707 475 ἄλλῃ
1721 440 1771 466 τινὶ
1784 440 1848 472 ξενι-

1073 483 1155 520 ζοὺσῃ
1170 485 1216 510 καὶ
1233 485 1491 521 ἀνακεχωρηκυίᾳῆ
1509 485 1557 511 τοῦ
1577 485 1644 512 ἰδίου
1663 486 1762 522 τρόπου
1775 487 1849 522 ἢτοῦ

1073 529 1211 557 πολιτικοῦ
1221 530 1302 564 λόγου
1313 530 1461 567 περιεργίᾳ
1474 531 1522 558 καὶ
1531 531 1666 566 δεινότητι
1676 539 1683 546 ·
1696 532 1762 559 ἀλλὰ
1771 532 1850 559 ταῦτα

1073 576 1214 610 φυλάττων
1239 576 1277 605 ὡς
1292 575 1364 609 ἔθος,
1379 576 1409 602 τὸ
1431 578 1580 612 ὲμφατικὺν
1605 577 1700 613 ὥσπερ
1716 578 1852 614 ὲναποῤῥί-

1073 630 1152 652 πτει,
1180 622 1318 657 μηδεμίαν
1344 623 1466 657 ὲναφιεὶς
1491 623 1706 658 ἐπιτηδεύματος
1735 623 1848 655 ἔννοιαν,

1073 666 1142 700 πλὴν
1155 667 1205 693 ὅσα
1219 675 1252 701 γε
1269 669 1301 703 τῇ
1321 667 1454 704 σιιντομίιτ⁴
1478 669 1627 703 προσάλλει
1644 669 1722 696 αὐτό.
1738 670 1771 696 Τὸ
1789 670 1850 705 μέν-

1072 721 1114 739 τοι
1128 712 1150 728 ⁸⁷
1171 713 1306 748 εὑκρινὲς,
1322 713 1370 740 ἆτε
1387 713 1420 749 δὴ
1443 714 1615 750 κεφαλαιώδη
1638 714 1852 750 προϐεϐλημένος

1072 758 1119 784 τὸν
1131 758 1219 792 λόγον,
1237 759 1331 794 καιρὸν
1344 759 1394 794 οὐχ
1406 759 1477 793 ὀρῶν
1489 759 1639 794 εὑρίσκειν,
1655 760 1709 786 οὐδ’
1723 760 1853 794 ἐχρήσατο

1073 803 1106 831 τὰ
1127 804 1222 832 πολλά.
1238 805 1334 839 Διήκει
1351 805 1374 831 δ’
1398 805 1480 832 αὐτοῦ
1501 805 1547 831 καὶ
1564 805 1594 831 τὸ
1615 805 1697 839 δριμὺ
1719 805 1784 840 μετὰ
1804 804 1852 831 τοῦ

1075 848 1189 875 πιθανοῦ
1205 849 1342 884 πολλαχοῦ
1355 849 1409 876 τῶν
1420 849 1584 884 ζητημάτων
1599 851 1659 880 ταῖς
1676 849 1777 881 λύσεσι,
1787 857 1853 876 παν-

1073 894 1155 930 ταχοῦ
1178 895 1207 921 δὲ
1221 895 1251 922 τὸ
1264 895 1423 930 ψυχωφελὲς
1440 896 1486 922 καὶ
1503 895 1649 930 σωτήριον.
1662 895 1699 921 Οὐ
1719 895 1804 929 μέντοι
1819 897 1854 930 τῇ

1074 939 1205 974 συντομία
1218 939 1288 976 μόνῃ
1302 939 1498 975 περιθραύεται
1508 940 1539 966 τὸ
1554 941 1648 975 σαφὲς,
1659 940 1737 967 οὐδὲν
1746 940 1769 966 δ’
1779 940 1856 967 ἐλατ-

1072 995 1118 1013 τον
1131 987 1178 1012 καὶ
1193 987 1232 1022 τῷ
1244 986 1268 1002 ⁵⁸
1281 986 1318 1022 μὴ
1332 987 1394 1019 τοὺς
1409 987 1458 1022 τὴν
1468 987 1545 1013 λύσιν
1559 986 1750 1018 ἐπιτελοῦντας
1762 987 1857 1020 λόγους

1072 1033 1111 1064 εἰς
1129 1033 1160 1059 τὸ
1176 1033 1397 1068 συμπεραντικδν
1413 1033 1618 1070 ἀπαρτίζεσθαι
1635 1034 1738 1068 σχῆμα,
1755 1033 1809 1060 ἀλλ’
1826 1034 1857 1059 ὲν

1071 1077 1111 1113 τῷ
1131 1078 1318 1114 διεῤῥιμμένῳ
1340 1079 1389 1114 μὲν
1415 1079 1470 1105 τῶν
1486 1079 1645 1114 προτάσεων
1659 1078 1812 1113 ἀνεπιφὸρῳ
1827 1079 1858 1104 δὲ

1072 1125 1119 1150 καὶ
1133 1125 1164 1150 οὐ
1185 1125 1394 1161 συνειλημμένῳ
1416 1125 1470 1152 τῶν
1493 1125 1655 1157 ἀποδείξεων
1677 1125 1726 1160 τὴν
1740 1125 1861 1152 διάνοιαν

1073 1170 1306 1205 περιπλανᾶσθαι.

1114 1302 1146 1329 Ἦ
1171 1302 1200 1329 δὲ
1226 1302 1328 1329 τούτων
1350 1303 1426 1330 αίτία
1451 1311 1491 1336 εις
1515 1305 1642 1339 ποικίλην
1672 1304 1862 1339 περισχίζεται

1075 1347 1187 1383 μέθοδον
1201 1348 1339 1383 προνοίας,
1352 1349 1386 1384 ἣν
1401 1349 1502 1384 ἀφίημί
1518 1358 1564 1375 σου
1579 1349 1609 1376 τὸ
1626 1350 1734 1376 συνετὸν
1749 1351 1863 1376 ἐπισκο-

1073 1395 1134 1420 πεῖν
1149 1394 1181 1421 ⁸⁸.
1205 1395 1262 1420 Οὐκ
1279 1395 1307 1420 ὲν
1330 1395 1387 1426 τοῖς
1411 1395 1471 1421 δυσὶ
1496 1395 1525 1421 δὲ
1546 1395 1636 1429 λόγοις
1655 1395 1686 1421 τὺ
1711 1395 1864 1430 ὲμφατιγρδν

1074 1441 1222 1475 ἐπιτρέχει.
1248 1441 1353 1468 Αὐτίκα
1369 1442 1382 1468 ὸ
1398 1442 1506 1477 πρῶτος
1526 1442 1600 1468 οὐδὲν
1617 1442 1782 1468 ἐπιδείκνυσι
1805 1451 1865 1469 τοι-

1074 1487 1162 1519 οῦτον,
1176 1486 1245 1522 πλὴν
1261 1486 1335 1519 ἅπαξ
1352 1496 1403 1514 που
1421 1489 1453 1523 τῇ
1471 1488 1660 1522 ἀποσιωπήσει
1676 1488 1706 1514 τὸ
1721 1488 1865 1523 δύσφημον

1075 1532 1235 1567 οἰκονομῶν,
1262 1533 1323 1559 ἐπεὶ
1351 1533 1386 1560 τά
1404 1542 1436 1567 γε
1460 1533 1527 1560 ἄλλα
1559 1533 1643 1565 πολὺς
1674 1534 1724 1568 μέν
1747 1535 1806 1560 ἐστι
1832 1534 1868 1560 τὸ

1075 1580 1198 1614 ἀσφαλὲς
1208 1580 1242 1613 ⁸ο,
1254 1580 1310 1612 τσος
1321 1579 1349 1606 δὲ
1359 1580 1390 1606 τὸ
1403 1579 1533 1615 καθαρὸν,
1545 1579 1613 1606 ἀλλὰ
1625 1581 1671 1606 καὶ
1684 1580 1714 1607 τὸ
1727 1580 1866 1615 εὐκρινές.

1075 1627 1125 1653 Διὰ
1143 1627 1235 1661 μέντοι
1250 1625 1304 1652 τῶν
1319 1625 1365 1652 δύο
1378 1625 1452 1660 αὐτῷ
1469 1625 1558 1660 διήκει
1573 1625 1604 1651 τὸ
1619 1625 1804 1660 ἁπλούστερον
1817 1625 1870 1651 καὶ

1075 1671 1300 1707 καθωμιλημένον
1323 1671 1377 1697 τῶν
1398 1679 1428 1697 τε
1453 1671 1554 1704 λέξεων
1576 1671 1624 1697 καὶ
1647 1671 1697 1706 τῆς
1714 1670 1869 1706 συνθήκης,

1075 1719 1144 1753 πρὸς
1158 1719 1208 1753 τὴν
1231 1717 1285 1744 τῶν
1301 1716 1408 1743 πολλῶν
1425 1717 1509 1752 ἀκοὴν
1527 1716 1742 1751 διατυπούμενόν
1761 1725 1792 1742 τε
1816 1717 1872 1742 καὶ

1075 1763 1300 1799 ταπεινούμενον,
1317 1764 1364 1790 καὶ
1381 1763 1465 1799 μόνης
1477 1763 1528 1798 τῆς
1543 1763 1597 1789 τῶν
1616 1762 1760 1798 ἀκροατῶν
1777 1770 1875 1797 σωτη-

1077 1812 1139 1846 ρίας
1162 1809 1445 1845 καταστοχαζόμενον.
1468 1810 1498 1836 Ὀ
1515 1809 1564 1844 μὲν
1589 1809 1638 1835 οὖν
1659 1808 1768 1843 πρῶτος
1791 1807 1874 1842 αὐτῷ

1075 1856 1154 1890 λόγος
1175 1855 1343 1891 διεξέρχεται
1372 1855 1413 1888 τίς
1428 1857 1445 1891 ἡ
1469 1856 1544 1883 αἰτία
1568 1856 1614 1882 καὶ
1640 1855 1654 1881 ὸ
1671 1854 1794 1885 κίνδυνος
1818 1855 1875 1888 τῆς

1075 1902 1210 1938 τοσαύτης
1237 1902 1291 1929 τῶν
1314 1902 1484 1937 Ἐκκλησιῶν
1510 1901 1557 1928 τοῦ
1580 1900 1648 1927 Θεοῦ
1676 1900 1724 1927 καὶ
1748 1900 1877 1926 ἑκάστου

1076 1947 1145 1982 πρὸς
1162 1948 1208 1974 τὸν
1224 1947 1321 1982 ἕτερον
1336 1947 1487 1981 διαφωνίας
1499 1955 1528 1973 τε
1545 1948 1593 1972 καὶ
1606 1946 1786 1976 διαστάσεως.
1803 1945 1879 1971 Δεῦ-

1075 2002 1153 2028 τερον
1169 1994 1210 2020 ὃτι
1228 1993 1321 2028 πάσης
1337 1993 1448 2028 ἐντολῆς
1473 1992 1541 2018 Θεοῦ
1569 1992 1726 2027 παράϐασις
1744 1991 1881 2025 σφοδρῶς

1076 2040 1125 2066 καὶ
1147 2039 1271 2074 φοὸερῶς
1291 2039 1456 2065 ὲκδικεῖται·
1483 2038 1530 2065 καὶ
1556 2037 1728 2073 ήάπόδειξις
1752 2038 1787 2062 ὲκ
1816 2037 1882 2063 τῶν

1075 2085 1204 2121 Γραφῶν.
1219 2085 1283 2122 [496
1297 2085 1343 2120 3.]
1357 2084 1454 2120 Τρίτον
1465 2085 1530 2120 περὶ
1543 2084 1592 2118 τῆς
1607 2084 1735 2123 εὐσεϐοῦς
1747 2083 1883 2114 πίστεως

1077 2132 1167 2166 ἡμῶν,
1181 2132 1240 2167 ἦτοι
1262 2133 1311 2166 τῆς
1326 2133 1366 2164 εἰς
1382 2133 1430 2167 τὴν
1446 2132 1602 2167 ὑπεραγίαν
1617 2131 1721 2166 Τριάδα
1743 2131 1883 2165 καθαρᾶς

1076 2178 1155 2213 ἡμῶν
1173 2178 1221 2205 καὶ
1236 2178 1400 2213 εἰλικρινοῦς
1421 2178 1580 2212 ὁμολογίας.
1605 2177 1634 2203 '0
1657 2177 1685 2203 δὲ
1703 2177 1724 2192 ⁶¹
1740 2176 1884 2212 δεύτερος

237 2223 383 2257 quamdam
397 2225 480 2251 veluti
498 2225 710 2260 descriptionem
725 2227 781 2262 (l9)
794 2235 841 2261 per
855 2235 961 2254 summa
976 2234 1022 2254 ca—

1077 2221 1133 2250 οἷον
1152 2224 1314 2259 χαρακτῆρα
1330 2224 1492 2259 Χριστιανοῦ
1509 2223 1686 2259 κεφαλαιώδη
1701 2224 1748 2249 καὶ
1773 2221 1884 2248 σύντο-

238 2268 294 2302 pita
310 2269 483 2305 breviterque
506 2272 631 2306 proponit
645 2281 652 2299 :
670 2273 843 2308 similemque
857 2281 964 2300 rursum
978 2273 1025 2300 de-

238 2314 413 2348 scriptionem
431 2323 537 2350 eorum,
559 2317 606 2352 qui
632 2318 754 2346 docendo
769 2318 915 2353 Evangelia
929 2319 1025 2353 praefe-

238 2360 275 2387 cti
299 2366 371 2388 sunt.
396 2361 498 2390 Deinde
512 2363 588 2398 quasi
605 2364 712 2399 regulas
736 2364 865 2398 quasdam
895 2364 1028 2392 asceticas

1080 2279 1130 2306 μον
1142 2271 1332 2306 παρατίθεται,
1344 2272 1391 2297 καὶ
1402 2271 1565 2306 χαρακτῆρα
1578 2270 1659 2297 πάλιν
1674 2269 1886 2304 παραπλήσιον

1078 2317 1132 2344 τῶν
1152 2317 1331 2353 προεστώτων
1351 2317 1398 2344 τοῦ
1421 2317 1512 2350 λόγου,
1538 2314 1604 2343 Εἶτα
1621 2313 1677 2342 οἷον
1696 2315 1778 2350 ὄρους
1796 2313 1887 2344 τινὰς

1081 2364 1257 2399 ἀσκητικοὺς,
1270 2364 1307 2396 ὼς
1320 2365 1348 2391 ὲν
1360 2365 1493 2401 ἐρωτήσει
1509 2364 1557 2391 καὶ
1568 2363 1712 2397 ἀποκρίσει
1725 2361 1889 2397 προηγμέ-

874 2453 994 2480 VARI/ﬁ
1015 2452 1218 2482 LECTIONES.

274 2523 297 2538 ""
309 2521 386 2558 ἦθος]
398 2523 443 2550 τοῦ
460 2524 541 2558 ﬁlim);
557 2526 588 2550 Α.
626 2523 648 2539 ⁸⁷
661 2524 751 2557 μέντοι
765 2524 785 2550 Α
805 2533 812 2551 :
830 2523 880 2558 μέν
895 2532 968 2559 τις.
1007 2524 1030 2540 ³⁵⁸
1048 2524 1086 2559 τῷ
1101 2539 1135 2545 —-
1149 2523 1252 2551 ὲπιτελ.
1267 2523 1294 2559 Α
1309 2534 1316 2551 :
1333 2523 1369 2558 μὴ
1384 2522 1423 2558 τῷ
1435 2523 1499 2559 τοῦς
1514 2522 1605 2559 λύσιν.
1619 2519 1827 2555 ἐπιζητοῦντας
1849 2528 1886 2550 ς·

238 2557 262 2573 ⁸³
279 2559 308 2585 τὸ
321 2557 432 2585 συνετόν
446 2557 491 2585 σου
509 2560 685 2594 περισκοπεῖν
701 2567 732 2590 ς.
770 2558 792 2574 ⁸⁸
802 2557 935 2594 ἀσφαλὲς]
947 2559 1045 2594 ἀφελὲς
1061 2557 1244 2594 apographum
1261 2557 1413 2593 Stephani.’
1439 2558 1460 2573 “
1474 2558 1502 2584 δὲ
1516 2558 1579 2584 add.
1592 2557 1626 2583 A.

998 2635 1115 2664 NOTAE.

278 2694 333 2730 (16)
361 2693 460 2730 lterum
483 2694 516 2722 de
532 2694 563 2722 Β.
591 2694 682 2721 Basilii
709 2694 778 2730 stylo
801 2693 930 2728 judicium
961 2694 1024 2722 tulit

241 2738 317 2764 supr.
334 2731 392 2758 rod.
409 2729 471 2757 141.

279 2763 334 2798 (1⁵1)
352 2764 493 2792 Tarasium
509 2763 620 2791 fratrem
641 2763 796 2798 compellat.

279 2801 335 2833 (l8)
351 2799 488 2834 nguntur
513 2799 570 2826 haec
595 2800 671 2826 hodie
686 2799 766 2825 aliter
779 2798 941 2826 distributae.
958 2798 1024 2825 Nam

243 2843 331 2868 mune
346 2835 371 2861 in
387 2835 470 2862 libros
492 2834 649 2860 dividuntur
663 2834 798 2866 Ascetica,
814 2838 841 2860 et
852 2839 955 2868 septeni
969 2834 1023 2861 sal-

243 2877 298 2898 tem
325 2870 470 2897 Lemmata
498 2875 553 2896 tres
576 2869 656 2897 hasce
680 2876 689 2896 ι
709 2869 770 2896 libri
795 2874 885 2902 partes
902 2874 1022 2896 -antcce-

1077 2696 1145 2723 dunt
1168 2696 1255 2730 prima
1275 2695 1356 2722 etiam
1381 2695 1424 2730 hic
1440 2699 1468 2721 et
1490 2693 1609 2722 secunda
1632 2699 1708 2728 parte
1724 2692 1752 2720 in
1779 2699 1881 2719 nullm

1080 2731 1115 2758 =bi
1128 2736 1211 2764 caput
1228 2730 1265 2756 De
1276 2730 1380 2764 judicio
1397 2729 1446 2756 Dei
1468 2736 1620 2763 compacta.

1113 2766 1168 2799 (19)
1187 2765 1307 2799 Utraque
1326 2765 1384 2792 haec
1399 2764 1544 2800 descriptio
1558 2772 1629 2792 nunc
1644 2764 1805 2791 Ethicorum
1825 2764 1894 2790 [ide

1076 2800 1233 2862 ἰθέονιιίίιιὲὃ
1255 2799 1362 2828 nomine
1390 2800 1469 2835 vulgo
1491 2799 1597 2832 notior,
1629 2801 1882 2834 continenturque

1099 2843 1184 2862 unua:
1237 2855 1243 2862 .

1099 2843 1184 2870 agunt-
1199 2843 1243 2862 δυ.
