1916 3092
69 161 120 193 637

606 151 876 189 BIBLIOrrHECA.
897 170 932 176 —
953 158 1037 190 COD.
1055 159 1170 192 CXCII.

1637 163 1692 194 638

74 227 142 250 ιους,
156 217 308 248 ἐκτίθεται,
320 216 366 243 τὸν
387 215 503 250 ἀριθμὸν
517 219 564 248 vs’,
586 216 634 242 καὶ
648 215 731 242 πάλιν
753 223 845 241 συντο-

910 217 1093 251 nterrogando
1114 225 1147 245 ac
1172 217 1362 253 respondendo
1385 219 1539 253 propositas
1559 221 1684 253 exponit,

72 264 194 300 ειὼτερον
204 264 315 299 ἑτέρους
328 263 408 298 ὄρους
423 265 486 296 τιγ¹.

421 351 502 385 Pw.

74 396 127 424 Ταῦ
141 396 179 423 ἐν
196 396 293 429 ἁγίοις
307 395 445 430 Μαξίμου
451 396 512 431 ητοῦ
527 395 723 430 ὁμολογητοῦ.
734 396 856 431 Ἀπορη-

179 431 312 464 ματικὼν
325 430 484 466 Γραφικὼν
500 431 649 465 κεφάλαια
664 431 740 465 ρξδ¹.

102 477 276 512 Ἀνεγνώσθη
292 477 340 504 τοῦ
355 478 383 503 ἐν
401 477 489 510 ἁγίοις
510 477 636 512 Μαξίμου
661 477 792 512 μοναχοῦ,
809 478 855 505 τοῦ

70 525 115 550 καὶ
129 525 310 560 ὸμολογητοῦ,
327 526 396 561 πρὸς
408 526 558 554 Θαλάσσιον
576 527 724 554 ὁσιώτατον
735 527 857 562 πρεσϐύ-

69 579 146 605 τερον
172 572 221 598 καὶ
253 571 404 607 ἡγούμενον
429 575 700 609 προσπεφωνημένον
723 574 787 610 [ἳὸϐ
808 575 854 610 IL]

69 617 181 650 βιϐλίον,
197 618 227 644 ὲν
250 615 274 652 ᾧ
302 619 463 654 Γραφικῶν
477 620 688 656 Ἀπορημάτων
704 622 772 656 ρξδ⁹
787 622 854 649 ἀνα-

68 663 168 696 γράφει
182 664 360 698 Λύσεις.Ἐν
375 665 466 700 μέντοι
478 667 517 701 τῷ
531 668 666 702 προοιμίῳ
675 667 855 703 διαλαμὸάνει

68 709 194 743 περὶτῆς
209 710 345 743 γενέσεως
357 712 411 737 τῶν
424 713 454 739 ἐν
466 713 532 748 ἡμῖν
545 713 649 746 παθῶν,
662 714 708 740 καί
721 723 803 749 φησιν
817 714 855 745 ὡς

66 754 95 780 τὸ
109 755 197 781 κακὸν
210 756 295 791 μηδὲν
314 757 376 792 μηδ’
395 758 463 790 ὅλως
489 758 543 785 τῶν
558 759 644 786 ὄντων
664 760 798 795 ὑπάρχον,
817 760 854 795 μὴ

67 799 190 833 ποιότης,
207 801 246 836 μὴ
261 802 391 837 ποσότης,
405 803 442 838 μὴ
456 805 557 838 σχέσις,
571 804 640 831 ἀλλὰ
653 805 721 840 μηδὲ
734 806 819 837 πάθος
832 806 854 822 ¹¹

67 849 192 881 φυσικῶς
217 858 271 876 τινι
296 850 351 877 τῶν
373 851 458 878 ὅντων
476 852 703 888 ὲνθεωρούμενον,
727 854 769 889 εῐη
784 854 807 869 ⁸³
821 853 854 880 ἂν

65 895 186 930 ἔλλειψις
197 896 247 931 τῆς
262 897 329 931 πρὸς
339 897 369 923 τὸ
381 898 458 929 τέλος
469 899 610 934 ἐνεργείας
623 899 677 926 τῶν
687 900 853 935 ἐγκειμένων

64 940 97 974 τῇ
121 939 205 973 φύσει
227 940 380 976 δυνάμεων,
398 942 415 977 ἦ
428 943 452 959 ⁸⁸
478 944 527 970 καὶ
548 943 634 976 οὓτω,
659 944 714 971 τῶν
731 946 854 979 φυσικῶν

65 983 209 1018 δυνάμεων
220 986 280 1012 κατ’
293 987 466 1023 ὲσφαλμένην
482 989 573 1023 κρίσιν
594 989 637 1016 ἐπ’
652 990 716 1016 ἄλλο
734 992 811 1026 παρὰ
825 991 855 1017 τὺ

64 1030 141 1061 τέλος
168 1030 313 1064 ἀλόγιστος
336 1033 453 1067 κίνησις.
471 1034 567 1060 Δίτίαν
584 1035 613 1061 δέ
639 1044 710 1070 φημι
740 1035 797 1068 νῦν,
819 1034 854 1071 ἧς

65 1075 154 1101 πάντα
181 1077 307 1110 φυσικῶς
330 1077 446 1111 ἐφίεται,
470 1079 505 1115 ἢν
521 1081 535 1106 ὁ
551 1079 648 1114 Ἀδὰμ,
672 1081 780 1114 ἀπάτην
806 1081 853 1108 τοῦ

64 1121 187 1156 πονηροῦ
202 1123 330 1157 νοσήσας,
347 1125 478 1160 ἠγνόησε,
498 1125 567 1160 πρὸς
581 1125 645 1161 ὅλην
665 1126 694 1153 δὲ
713 1126 853 1162 κατεσύρη

64 1167 113 1201 τὴν
135 1168 283 1202 αἴσθησιν,
313 1170 557 1206 παρασυμὸληθεὶς
581 1172 638 1203 τοῖς
668 1172 788 1207 κτήνεσι,
807 1174 854 1200 καὶ

64 1214 126 1239 ὅσον
140 1213 192 1248 τῆς
208 1214 278 1248 πρὸς
291 1215 417 1250 αἴσθησιν
432 1217 591 1252 ἐπεμελεῖτο
605 1218 628 1234 ⁵⁵
641 1217 778 1252 γνώσεως,
792 1228 854 1246 τοσ-

65 1258 142 1285 οῦτον
157 1259 210 1294 τῆς
231 1260 306 1292 θείας
322 1260 465 1293 ἐξέπιπτε·
485 1263 546 1290 ὅσον
561 1263 583 1280 ⁸⁸
602 1263 625 1290 δ’
647 1264 789 1291 ἐκπίπτων
813 1265 853 1292 δι-

65 1306 156 1339 έμενε,
175 1306 303 1333 τοσοῦτον
330 1309 364 1343 τῇ
380 1308 528 1335 ἀπολαύσει
549 1309 602 1336 τῶν
616 1310 792 1343 γνωσθέντων
810 1312 854 1338 al-

65 1351 172 1386 ώητῶν
185 1352 208 1368 ⁸⁷
223 1353 394 1388 προσηλοῦτο
411 1354 459 1381 καὶ
483 1356 716 1391 συγκατεφέρετο·
738 1357 801 1383 ὅσον
823 1357 853 1384 δὲ

63 1397 169 1429 τούτοις
180 1399 312 1431 ἐνέκειτο,
325 1400 452 1426 τοσοῦτον
462 1402 512 1436 τῆς
526 1401 692 1433 ἐπιϐλασοῦς
707 1402 853 1437 φιλαυτίας

65 1443 165 1478 ἐξῆπτε
184 1444 207 1461 ⁸⁸
219 1445 265 1472 τὸν
281 1445 371 1480 ἔρωτα
381 1455 389 1462 ο
406 1447 468 1473 ὅσον
483 1447 505 1473 δ’
526 1448 616 1482 εἴχετο
634 1448 684 1483 τῆς
698 1449 850 1482 φιλαυτίας,

63 1489 193 1516 τοσοῦτον
206 1491 314 1518 ἐπενόει
338 1493 386 1525 τῆς
399 1493 495 1527 ἡδονῆς
512 1493 654 1524 ποικίλους
673 1495 720 1520 καὶ
737 1494 851 1526 πολλοὺς

64 1535 202 1570 τρόπους·
229 1536 389 1572 γεννήματα
423 1538 478 1572 γὰρ
503 1537 555 1572 τῆς
581 1538 724 1571 φιλαυτίας
753 1538 850 1567 ταῦτα.

65 1580 119 1606 Καὶ
134 1580 232 1614 ἐπειδὴ
250 1582 327 1608 πᾶσα
340 1581 424 1608 κακία
434 1583 490 1613 τοῖς
509 1583 671 1610 συνιστῶσιν
686 1583 771 1617 αὐτὴν
791 1592 853 1610 συν-

62 1624 262 1660 διαφθείρεται,
275 1626 412 1661 εὑρίσκων
428 1627 458 1659 ὲξ
470 1627 556 1661 αὐτῆς
577 1628 676 1662 πείρας
691 1628 739 1662 τῆς
755 1628 853 1663 ἡδονῆς

64 1669 175 1701 πάντως
189 1670 311 1706 διάδοχον
331 1672 381 1706 τὴν
397 1671 503 1707 ὀδύνην,
517 1672 567 1708 τῆς
589 1673 637 1708 μὲν
654 1673 722 1708 ὑπὲρ
737 1673 852 1708 δύναμιν

63 1716 214 1751 ἀντείχετο,
236 1717 287 1752 τῆς
314 1717 411 1752 ὀδύνης
432 1718 461 1744 δὲ
488 1719 611 1754 σφοδρῶς
638 1719 852 1755 κατηγωνίζετο,

63 1762 189 1796 οἰόμενος
206 1763 273 1798 ὅπερ
285 1761 321 1798 ἦν
332 1764 483 1798 ἀμήχανον,
501 1764 646 1800 διαστῆσαι
660 1766 762 1798 ταύτας
773 1767 855 1802 ἀλλή-

64 1808 118 1834 λων
132 1808 182 1835 καὶ
198 1809 266 1844 μόνῃ
281 1811 315 1844 τῇ
333 1809 413 1845 ἡδονῇ
430 1811 566 1846 ὲντρυφᾷν
584 1812 630 1837 καὶ
645 1811 694 1846 τὴν
709 1812 854 1846 φιλαυτίαν

64 1854 150 1890 ταύτῃ
168 1855 347 1890 συνημμένην
361 1854 443 1890 ἔχειν.
459 1856 598 1883 Ἐντεῦθεν
609 1858 623 1884 ὸ
639 1858 694 1889 πᾶς
707 1858 786 1893 δχλος
799 1859 854 1885 τῶν

65 1901 160 1928 παθῶν
169 1910 178 1916 ·
193 1901 290 1936 ἡδονῆς
301 1901 355 1936 γὰρ
365 1901 410 1929 διὰ
420 1901 468 1938 τὴν
481 1902 624 1937 φιλαυτίαν
634 1904 854 1940 ἀντιποιούμενοι

65 1945 112 1971 καὶ
131 1944 232 1980 ὀδύνην
246 1945 448 1979 ἀποφεύγοντες
470 1949 519 1978 τὰς
540 1947 700 1983 ἀμυθήτους
720 1949 774 1975 τῶν
789 1949 854 1983 φθο-

65 1990 184 2025 ροποιιῖιν
199 1990 293 2017 παθῶν
317 1991 479 2026 ὲπινοοῦμεν
492 1993 626 2026 γενέσεις.
640 1991 704 2021 Οἷον
719 1995 741 2011 ⁶⁹
755 1996 780 2022 εί
804 1996 855 2030 μὲν

64 2037 114 2070 τῆς
131 2037 161 2063 ὲν
189 2036 320 2072 φιλαυτία
335 2037 432 2072 ἡδονῆς
461 2038 691 2075 ἀντιποιούμεθα,
714 2041 855 2076 γεννῶμεν

64 2084 113 2117 τὴν
139 2083 377 2118 γαστριμαργίαν,
395 2084 446 2119 τὴν
466 2085 667 2121 ὑπερηφανίαν,
691 2086 740 2122 τὴν
757 2088 855 2123 φιλαρ-

63 2128 174 2163 γυρίαν,
189 2129 236 2155 καὶ
251 2129 302 2155 ὅσα
313 2129 358 2155 τὸν
371 2130 487 2165 τυχόντα
500 2132 601 2166 τρόπον
617 2132 724 2167 πορίζει
741 2133 853 2167 ἡδονήν·

64 2175 88 2200 εἰ
101 2175 132 2201 δὲ
151 2174 203 2210 τὴν
219 2176 249 2201 ἑν
265 2175 396 2211 φιλαυτία
410 2177 547 2212 φεύγομεν
558 2178 581 2193 ⁷ο
594 2178 700 2214 ὀδύνην,
714 2180 854 2214 γεννῶμεν

911 268 1022 288 nttmero
1035 261 1226 297 quinquaginta
1250 263 1371 297 quinque
1385 270 1392 289 :
1415 263 1567 297 iterumque
1578 264 1688 292 brevio—

911 313 953 334 res
968 307 1024 342 (20)
1040 308 1106 335 alias
1122 313 1257 336 trecentas
1271 309 1412 337 tredecim.

1260 355 1362 383 CXCII.

910 399 943 426 Β.
957 399 1067 427 Maximi
1085 401 1205 437 monachi
1218 405 1243 427 et
1256 402 1410 437 confessoris
1423 401 1603 435 Qumlt'onum
1619 411 1632 430 ε
1647 411 1692 430 ια-

1082 444 1126 462 cra
1140 435 1277 469 Scriptura
1296 435 1437 464 solutiones
1448 445 1536 465 CLXIV.

947 479 1042 515 154D
1058 479 1184 514 Legimus
1197 481 1227 507 Β.
1244 481 1351 508 Maximi
1362 483 1485 510 monachi
1495 482 1562 518 (20‘)
1575 484 1654 511 simul
1665 487 1692 511 et

909 526 1072 554 cattl‘essoris
1092 526 1233 554 Thalassio
1252 529 1411 563 presbytero
1424 530 1598 557 sanctissimo
1608 535 1690 566 atqtte

909 571 1036 606 praelecto
1055 572 1214 606 inscriptum
1232 572 1315 604 Opus.
1340 581 1391 606 quo
1416 573 1597 606 Quintianum
1611 583 1625 601 ο
1647 583 1692 601 m-

908 625 953 643 cra
978 616 1115 651 Scriptura
1140 617 1282 644 solutiones
1308 617 1412 645 CLXIV
1445 620 1609 647 continentur
1623 620 1690 656 (21).

908 661 1040 688 Caeterum
1053 662 1079 688 itt
1090 662 1246 696 praefatione
1262 663 1379 697 disputat
1388 664 1420 691 de
1434 667 1494 691 orltt
1510 665 1692 692 humanarum

908 708 1139 741 perturbationum
1153 717 1161 735 :
1173 709 1324 743 asserilque
1344 714 1481 744 peccatum
1498 718 1559 737 ctttn
1575 711 1642 738 niltil
1656 713 1693 738 sit

879 764 882 765 ν
907 752 1018 779 omnin
1030 752 1180 780 subsistens
1191 754 1255 788 (non
1266 753 1394 791 qualitas,
1408 762 1460 781 non
1472 756 1620 789 quantitas,
1637 763 1692 782 non

907 796 1028 830 habitus,
1050 796 1103 825 non
1129 799 1298 832 perturbatio
1323 799 1440 834 denique
1454 800 1512 834 ipsa
1531 803 1693 829 naturaliter

907 842 1003 870 saltem
1017 843 1043 870 in
1060 843 1249 872 exsistentium
1263 844 1354 880 aliquo
1370 846 1570 882 considerata);
1588 853 1691 875 tantum

872 894 892 921 Β
907 888 1050 916 insitarum
1064 890 1142 918 nobis
1158 898 1173 918 a
1189 896 1285 918 natura
1303 891 1461 920 facultatum
1481 901 1542 921 esse
1559 894 1691 922 defectio-

905 941 966 969 nem
988 942 1044 962 suae
1064 935 1180 963 actionis
1193 944 1206 963 a
1222 936 1286 969 line,
1307 942 1337 964 ut
1362 938 1462 966 sithoc
1485 940 1565 967 modo
1581 945 1692 967 natura-

905 979 971 1007 lium
993 980 1151 1009 facultatum
1176 990 1209 1010 εκ
1232 984 1455 1018 errantejudicio
1471 985 1690 1014 inconsideratae

904 1026 1014 1060 quidam
1030 1032 1129 1059 motus,
1149 1027 1183 1054 ad
1204 1028 1277 1055 aliud
1293 1037 1373 1063 quant
1394 1031 1426 1056 ad
1439 1038 1516 1056 suum
1531 1032 1611 1058 linem
1628 1036 1689 1058 ten-

904 1073 983 1100 dens.
999 1072 1095 1100 Finem
1122 1080 1187 1101 vero
1202 1074 1278 1101 illum
1294 1075 1374 1102 modo
1391 1076 1461 1107 dico,
1479 1083 1560 1109 quem
1576 1081 1689 1104 natura-

904 1118 966 1146 liter
985 1119 1094 1154 quidem
1109 1121 1199 1147 omnia
1219 1126 1361 1155 appetuttt,
1377 1123 1425 1149 sed
1443 1130 1524 1157 quem
1538 1123 1593 1157 jam
1611 1124 1690 1151 dece-

903 1170 967 1200 ptus
988 1173 1003 1192 a
1028 1171 1153 1200 serpente
1182 1167 1302 1195 Adamus
1329 1176 1381 1195 non
1403 1169 1525 1203 agnovit,
1544 1174 1634 1196 totum
1661 1170 1689 1197 in

903 1219 1012 1240 sensum
1037 1220 1150 1247 prontts,
1173 1213 1355 1249 iumentisque
1379 1215 1476 1242 similis
1504 1216 1603 1244 factus.
1633 1217 1690 1244 Itno

903 1263 1033 1292 quantum
1058 1259 1140 1286 studii
1166 1260 1285 1293 ponebat
1310 1260 1336 1287 itt
1363 1262 1529 1296 cognitione,
1560 1270 1620 1296 quae
1641 1270 1690 1298 per

903 1312 1014 1332 sensum
1033 1304 1185 1338 adducitur,
1203 1309 1306 1332 tantum
1332 1313 1347 1333 a
1370 1307 1459 1334 divina
1478 1309 1633 1342 cognitione
1651 1316 1690 1336 re-

903 1350 1027 1378 cedebat.
1053 1349 1170 1378 Rursum
1192 1356 1322 1386 quantum
1347 1352 1373 1379 in
1391 1353 1443 1380 hac
1459 1354 1613 1381 recessione
1629 1362 1690 1388 per—

903 1395 1057 1427 severabat,
1082 1400 1187 1423 tantum
1207 1397 1289 1424 etiam
1308 1405 1399 1424 rerum
1424 1399 1593 1433 cognitarum
1620 1399 1689 1426 l'rui-

904 1442 970 1469 tioni
986 1442 1064 1476 quasi
1090 1443 1272 1476 assidebatur.
1301 1452 1410 1480 unaque
1425 1453 1485 1472 cum
1515 1446 1548 1472 iis
1570 1453 1690 1481 prmceps

904 1488 1051 1516 ferebatur.
1081 1488 1216 1521 Quantum
1242 1489 1306 1516 item
1330 1491 1371 1517 bis
1400 1490 1558 1524 inhaerebat,
1586 1496 1689 1518 tantum

904 1541 1014 1568 quoque
1040 1534 1066 1560 itt
1090 1541 1122 1561 eo
1145 1535 1241 1561 noxius
1260 1535 1304 1561 ille
1324 1543 1400 1562 amor
1417 1537 1457 1563 sui
1481 1537 1690 1564 accendebatur.

904 1579 990 1612 Quam
1005 1580 1122 1614 denique
1146 1579 1260 1607 firmiter
1287 1582 1373 1608 amori
1398 1582 1552 1610 adhaerebat
1567 1584 1619 1614 sui,
1633 1587 1690 1610 tam

902 1625 985 1652 etiam
1010 1625 1134 1652 studiose
1158 1625 1259 1652 multas
1282 1626 1426 1660 variasque
1441 1627 1589 1660 voluptatis
1603 1629 1690 1654 ratio-

903 1679 951 1699 nes
966 1671 1231 1699 comminiscebatur.
1248 1671 1311 1698 Ilatc
1326 1672 1397 1698 enim
1416 1673 1516 1699 amoris
1527 1674 1568 1699 sui
1583 1673 1691 1700 soboles

902 1721 954 1744 est.
973 1716 1107 1750 Quoniam
1124 1723 1189 1743 vero
1211 1716 1312 1743 malitia
1330 1717 1420 1744 omnis
1441 1725 1502 1744 cum
1529 1717 1563 1744 iis
1579 1726 1630 1744 una
1649 1726 1692 1745 re-

902 1762 953 1789 bus
973 1762 1081 1796 tittterit,
1106 1769 1166 1796 quae
1186 1761 1258 1788 illam
1278 1766 1416 1794 crearattt,
1444 1762 1555 1796 ipseque
1580 1763 1691 1796 experi-

902 1812 994 1836 mento
1011 1807 1131 1835 discebat
1144 1807 1289 1842 voluptatis
1298 1807 1409 1834 omnino
1422 1808 1553 1834 comitem
1566 1815 1627 1835 esse
1643 1809 1692 1835 do-

903 1853 1001 1885 lorem,
1020 1852 1092 1880 illam
1109 1853 1151 1880 vel
1169 1860 1248 1886 supra
1271 1852 1347 1879 vires
1362 1853 1479 1880 retinere
1495 1858 1618 1884 conatus,
1631 1860 1691 1879 cum

904 1899 997 1926 dolore
1035 1899 1137 1926 acriter
1172 1898 1318 1932 pugnabat,
1354 1898 1412 1926 fieri
1439 1906 1520 1933 posse
1546 1898 1693 1926 arbitratus

904 1945 987 1979 (quod
1002 1944 1075 1971 nullo
1091 1943 1172 1971 modo
1195 1943 1312 1978 poterat)
1331 1948 1360 1971 ut
1377 1944 1410 1971 ab
1428 1944 1543 1971 invicem
1564 1944 1638 1971 ltisce
1653 1944 1694 1970 di-

903 1990 999 2021 vulsis,
1013 1994 1042 2016 et
1056 1989 1114 2016 sola
1134 1988 1271 2023 voluptate
1293 1987 1490 2022 perfrueretnr,
1507 1993 1534 2015 et
1556 1988 1596 2015 stti
1615 1996 1693 2015 amo-

905 2044 961 2064 rem
978 2037 1040 2063 huic
1055 2035 1185 2069 voluptati
1212 2035 1371 2070 pertnistutn
1395 2035 1537 2062 retitteret.
1557 2035 1625 2062 Hinc
1640 2034 1694 2071 [er-

905 2091 938 2117 go
953 2082 1003 2118 ait]
1016 2082 1104 2109 omnis
1120 2081 1357 2116 perturbationum
1380 2081 1532 2108 multitudo.
1555 2079 1623 2108 Nam
1645 2089 1694 2108 vo-

904 2129 1034 2164 lttptatem
1046 2135 1102 2163 prae
1124 2134 1217 2155 amore
1231 2127 1317 2154 nostri
1332 2131 1534 2157 consectantes.
1553 2127 1692 2154 dolorem-

904 2182 959 2210 que
986 2174 1132 2209 fugientes,
1158 2171 1362 2207 inexplicabiles
1390 2172 1450 2199 illos
1479 2171 1693 2206 perniciosarum

62 2221 107 2246 τὸν
132 2221 234 2255 θυμὸν,
255 2222 300 2247 τὸν
324 2221 432 2256 φθόνον.
446 2222 477 2249 τδ
499 2224 587 2258 μῖσος,
614 2224 664 2260 τὴν
686 2226 850 2259 ἀπόγνωσιν,

906 2221 1061 2256 passionum
1088 2223 1163 2246 ortus
1191 2223 1282 2245 ntente
1309 2217 1487 2252 concipimus.
1510 2217 1542 2244 Et
1559 2221 1695 2251 quatenus

64 2267 112 2293 καὶ
138 2267 191 2293 ὅσα
210 2267 278 2294 ἄλλα
307 2267 356 2302 τῆς
376 2268 525 2304 ἡδυνούσης
543 2270 578 2285 ⁷⁰¹
595 2270 739 2306 ἐστέρηται
763 2271 852 2298 διαθέ-

65 2321 143 2344 σεως.
167 2312 215 2338 Ἐκ
228 2313 257 2338 δὲ
275 2312 326 2346 τῆς
345 2313 446 2347 ἀμφοῖν
473 2313 574 2348 μίξεως
599 2315 718 2343 τίκτεται
745 2318 761 2352 ἡ
789 2318 853 2344 ὑπό-

65 2365 166 2391 κρισις,
183 2359 200 2392 ἡ
226 2357 367 2389 κολακεία,
383 2359 397 2385 ὁ
415 2358 501 2391 δόλος,
525 2359 572 2386 καὶ
593 2360 688 2392 ἁπλῶς
709 2362 758 2388 ὅσα
785 2363 853 2390 ἄλλα

67 2403 220 2438 μοχθηρίας
235 2403 291 2439 εἴδη
308 2404 358 2438 τῆς
374 2406 472 2439 μικτῆς
488 2405 545 2431 ἐστι
559 2407 729 2442 πανουργίας
743 2410 853 2443 ἐπινοή-

67 2457 137 2484 ματα
148 2450 171 2465 ἰ
189 2449 253 2485 [497
265 2449 323 2485 Β.].
352 2450 421 2477 Ἀλλ’
439 2451 454 2477 ὃ
471 2452 517 2478 καὶ
529 2452 698 2489 προέφημεν,
711 2455 762 2489 τῆς
776 2456 853 2490 θείας

905 2268 1014 2303 quidem
1029 2265 1057 2292 itt
1072 2272 1166 2292 amore
1181 2263 1291 2298 proprio
1312 2263 1474 2296 voluptatem
1493 2267 1692 2294 eonsectamur,

904 2321 938 2341 ex
962 2320 994 2340 eo
1017 2311 1106 2346 gulam
1131 2309 1276 2345 gignimus,
1305 2309 1471 2342 superbiam,
1497 2308 1643 2335 avaritiam
1667 2312 1695 2335 et

905 2366 1074 2396 quaecunque
1098 2365 1149 2392 pro
1169 2363 1200 2384 re
1226 2361 1289 2383 nata
1309 2355 1474 2389 voluptatem
1499 2355 1628 2389 pariunt:
1651 2355 1695 2382 sin

905 2417 938 2436 ex
962 2413 1054 2434 amore
1078 2404 1189 2439 proprio
1212 2403 1334 2430 dolorem
1362 2400 1490 2435 fugimus,
1521 2401 1589 2428 iram
1618 2408 1692 2432 mox,

904 2453 1046 2484 invidiam,
1062 2451 1165 2482 odium,
1188 2448 1401 2484 desperationem
1427 2446 1557 2480 paritnus,
1579 2451 1606 2473 et
1626 2446 1695 2473 alias

719 2512 837 2543 VARl/E
857 2513 1060 2544 LECTIONES.

99 2553 201 2596 "pl-,5:
209 2554 244 2594 τὸ
255 2553 340 2596 πάρος
367 2563 396 2596 τε.
434 2555 464 2596 ⁸³.
476 2556 520 2596 εἴη
539 2556 558 2582 Α
575 2558 654 2596 aptati
668 2559 710 2594 εἴη
731 2568 761 2591 ς.
800 2561 822 2577 ⁸⁸
837 2562 853 2596 ἢ
868 2562 944 2596 ~add.
960 2563 991 2587 A.

1039 2559 1060 2575 ⁸⁸
1081 2555 1237 2584 ἐπετελεϊτο
1249 2563 1280 2586 ς.
1318 2552 1340 2568 ⁸⁸
1351 2552 1413 2578 ὅσον
1427 2550 1449 2577 δ’
1466 2551 1488 2577 Α
1500 2560 1507 2577 ι
1519 2549 1572 2586 ,καὶ
1583 2549 1646 2586 ὅσον
1660 2559 1691 2582 ς.

104 2585 242 2628 αἰσθητῷν
255 2595 280 2615 et
293 2589 339 2615 20.
357 2585 405 2624 τῆς
432 2591 493 2617 add.
506 2585 539 2618 Ᾱ.
578 2592 601 2608 ⁸⁸
611 2585 772 2628 ὲξῆπτέιιξ,
813 2585 944 2623 ω”οἷξνᾜ
1042 2591 1097 2620 οἷον
1108 2601 1140 2625 ς.
1177 2591 1203 2606 ⁷⁰
1217 2585 1362 2624 φεῦγωμεν
1378 2587 1412 2614 Αο
1450 2586 1484 2602 ⁷⁸⁸
1500 2585 1645 2621 ὀδυνούσης
1661 2594 1693 2617 ςο

68 2623 86 2638 ⁷¹
102 2624 291 2658 επινοσήματα
303 2633 333 2656 ς.

818 2676 933 2705 ΝΟΤᾸΕ.

101 2718 156 2753 ίῖθ)
175 2718 223 2744 llis
248 2719 330 2744 etiam
347 2719 497 2754 ἐπιτιμίας,
520 2721 577 2746 sive
594 2721 848 2754 transgredientium

67 2760 160 2812 Lamias
186 2761 236 2788 pro
259 2754 407 2787 virginibus
431 2755 459 2781 itt
481 2755 556 2781 libris
588 2755 667 2783 editis
688 2757 847 2790 sultjunctas

83 2795 134 2812 ιρι).

83 2795 134 2818 λιτο-

939 2721 994 2756 (ili
1011 2720 1154 2756 Irrnpsisse
1172 2719 1215 2746 hic
1234 2717 1352 2745 notulam
1370 2725 1392 2751 p
1417 2719 1523 2756 constat
1546 2721 1617 2756 cuni
1626 2722 1695 2756 non:

905 2749 955 2784 nisi
984 2756 1018 2782 6t
1042 2749 1209 2787 Qt'tztestiones
1245 2759 1303 2789 post
1333 2749 1472 2789 enunieret
1492 2749 1693 2789 Phot._E_§stat

904 2792 978 2825 Opus
996 2783 1063 2817 hoc"
1071 2797 1132 2825 cttttt
1150 2789 1211 2816 aliis
1229 2783 1349 2825 pIuribus
1361 2788 1480 2825 ejusdem
1502 2785 1586 2825 sancti
1608 2783 1694 2825 hiati-

103 2823 167 2857 (ἳθἽ
185 2823 256 2861 Lege
279 2823 377 2861 rei}!!!
400 2831 432 2852 eo
456 2831 546 2860 gestas
560 2825 616 2854 sive
637 2825 751 2860 scriptas
765 2827 859 2861 apudsi
911 2818 946 2852 II'II
962 2833 1022 2852 cuttt
1039 2826 1065 2861 _in
1087 2818 1240 2861 Vaticana,
1259 2829 1314 2852 tum
1337 2823 1363 2850 in
1375 2818 1494 2857 'August.
1511 2819 1556 2847 illa
1579 2818 1695 2846 nobilis-

69 2857 162 2885 Baron.
177 2857 255 2887 cari.
273 2864 292 2886 t.
310 2857 377 2886 VIII.

909 2861 977 2889 sima
991 2859 1113 2890 biblioth.
