1916 3092
240 146 294 178 639

808 144 942 177 ΡΗΟΤΗ
953 142 1211 179 ΡΑΤΗΙΛΒΟΗΑΞ
1223 142 1280 173 CP.

1811 139 1866 172 640

240 200 268 226 id
279 206 375 234 genus,
395 206 455 234 quae
467 203 562 227 carent
571 199 713 229 all'ectione
727 199 848 228 dolorem
864 200 1028 227 comitante.

1087 199 1099 224 ΰ
1123 198 1267 234 ἄνθρωπος
1291 197 1335 225 διὰ
1351 197 1401 231 τῆς
1419 197 1530 232 ἀπάτης
1555 194 1719 223 καταπεσὼν
1738 193 1866 229 γνώσεως

242 243 282 271 Ex
307 245 445 279 utriusque
470 252 551 279 porro
575 245 703 272 mistione
735 245 857 274 nascitur
882 243 1028 276 simulatio,

243 290 404 322 assentatio,
430 290 519 323 dolus,
544 291 609 318 etsi
641 298 701 326 qua;-
722 290 834 318 omnino
853 290 906 318 alia
930 290 1031 325 impro-

241 335 334 363 bitatis
364 344 473 371 genera,
503 336 590 364 mistae
619 341 683 364 sunt
697 337 823 364 versutia:
846 335 1030 371 aegritudines.

244 382 342 418 155a
356 382 391 408 At
412 386 554 417 postquam
576 383 618 418 (ut
645 381 700 417 iam
723 382 803 417 paulo
819 386 882 410 ante
896 380 1030 416 diximus)

242 436 292 462 per
306 427 491 461 deceptionem
510 429 591 456 homo
607 436 622 455 a
639 428 730 455 divina
745 428 848 455 excidit
862 427 1031 463 cognitione,

243 478 270 500 et
294 473 327 501 ad
352 481 462 501 sensum
487 481 548 502 sese
574 474 682 509 penitus
701 475 848 505 convertit,
865 480 1031 506 creaturam,

243 527 304 554 quae
323 519 374 547 sub
390 525 530 555 aspectum
555 520 639 553 cadit,
665 528 714 555 pro
727 521 780 548 Deo
803 521 887 555 coepit
902 527 1032 555 perverse

243 573 402 601 agnoscere,
427 566 462 593 ob
478 566 624 594 utilitatem
647 566 764 598 scilicet,
777 573 859 601 quam
873 574 907 593 ex
921 574 953 593 ca
971 573 1033 593 cor-

243 619 294 646 pus
317 611 494 646 percipiebat,
522 616 655 639 creaturae
680 613 770 647 potius
800 619 882 647 quam
908 611 1032 639 Creatori

243 656 366 684 serviens
381 662 405 684 α.
430 656 490 690 Quo
504 657 613 692 quidem
638 664 753 692 corpore
768 657 950 692 perniciosum
969 657 1033 684 illud

244 702 400 737 praestando
421 703 595 737 obsequium,
619 703 786 737 voluptatem
809 702 918 731 assidue
933 703 1034 730 sentie-

244 747 302 779 bat,
320 748 564 784 vehementemque
586 748 720 787 dolorem,
736 749 825 784 reipsa
843 757 951 784 semper
972 749 1034 777 ino-

243 794 389 822 bedientia:
413 795 478 822 illud
494 795 595 830 lignum
617 794 684 823 boni
702 799 730 823 et
749 796 812 823 mali
829 797 987 830 comedens,
1005 801 1033 824 et

243 840 399 868 settsibilem
423 841 474 868 sibi
500 842 682 876 cognitionem
704 841 832 869 aﬂ'erens.
861 842 952 876 Quare
975 843 1033 870 for-

244 890 329 917 tasse,
345 886 390 920 qui
407 886 508 922 lignum
531 887 595 915 boni
621 893 649 915 et
665 888 728 914 mali
748 887 861 920 dixerit,
877 894 1032 917 creaturam

243 939 306 960 esse
320 933 465 967 visibilem,
486 941 502 961 a
516 941 581 962 vero
603 942 656 962 non
678 935 827 963 aberrabit.
844 935 946 964 Natura
961 939 1035 964 enim

244 978 302 1012 ipsa
326 979 363 1007 ita
380 985 565 1014 comparatum
585 986 639 1012 est.
665 986 696 1008 ut
718 989 783 1010 usus
807 982 868 1017 ejus
890 983 1038 1018 voluptatis

244 1024 401 1060 dolorisque
416 1026 549 1054 alliciendi
563 1028 618 1054 vim
631 1028 739 1055 habent.
756 1028 806 1056 Vel
822 1036 930 1056 rursum
945 1039 954 1057 :
966 1029 1033 1063 Quia

243 1075 272 1097 et
285 1071 442 1105 spirituales
458 1073 540 1100 habet
557 1074 679 1101 rationes
704 1075 880 1109 aspectabilis
896 1081 1033 1108 creatura,

243 1124 305 1151 quae
326 1122 444 1146 mentem
465 1120 590 1147 nutriunt
606 1129 614 1147 :
639 1125 666 1148 et
682 1122 778 1148 iterum
796 1122 853 1158 (22)
869 1123 923 1150 vim
938 1131 1035 1157 quam-

244 1161 306 1188 dam
327 1163 494 1196 naturalem,
515 1172 576 1199 quae
590 1172 700 1192 sensum
714 1167 824 1200 quidem
843 1167 971 1202 delectat,
986 1169 1034 1196 sed

245 1213 365 1236 mentem
391 1210 531 1243 pervertit,
548 1217 691 1245 propterea
707 1212 810 1247 lignum
832 1214 954 1242 scientiae
969 1215 1032 1242 boni

244 1257 272 1279 et
294 1253 356 1281 mali
373 1254 431 1281 hac
445 1259 487 1282 est
502 1256 646 1290 appellata.
668 1256 829 1286 Passionum
847 1261 920 1286 enim
946 1261 1035 1296 magi-

245 1302 302 1326 stra
321 1298 351 1326 ﬁt
368 1299 401 1327 iis
413 1300 461 1334 qui
474 1301 534 1335 ejus
553 1306 658 1336 partem
677 1303 795 1338 aliquam
810 1311 944 1340 corporeo
957 1307 1036 1334 modo

246 1343 392 1378 at-cipiunt.
408 1345 477 1374 Hinc
492 1346 562 1375 forte
575 1352 605 1376 et
619 1349 722 1376 homini
739 1349 820 1384 Deus,
841 1358 876 1379 ne
891 1351 972 1386 hujus
987 1353 1034 1380 tle-

247 1393 290 1416 ret
309 1391 446 1424 particeps
466 1398 545 1421 antea
565 1393 726 1423 interdixit:
743 1399 773 1423 ut
794 1397 871 1432 prius
889 1397 972 1434 (quod
988 1407 1037 1434 par

247 1435 318 1469 erat)
341 1444 389 1470 per
407 1439 502 1472 gratiae
523 1440 759 1475 participationem
783 1443 895 1478 proprio
918 1443 976 1479 ipse
991 1453 1037 1473 co-

1082 241 1131 268 καὶ
1160 242 1229 277 πρὸς
1252 242 1303 277 τὴν
1324 241 1452 277 αἴσθησιν
1475 241 1536 274 ὅλος
1562 242 1585 257 ⁷¹
1611 241 1790 276 ἐπιστραφεὶς
1815 241 1866 276 τὴν

1082 287 1249 322 φαινομένην
1265 287 1353 314 κτίσιν
1380 288 1420 319 είς
1441 287 1508 314 Θεδν
1534 286 1738 322 παρεγνώρισε,
1754 286 1798 313 διὰ
1815 287 1866 321 τὴν

1081 334 1129 360 ἀπ’
1144 333 1230 368 αὐτῆς
1247 333 1295 360 τοῦ
1321 332 1446 369 σώματος
1464 333 1560 368 χρείαν
1574 333 1607 368 τῇ
1622 333 1710 359 κτίσει
1730 331 1869 367 λατρεύων

1082 380 1158 416 παρὰ
1182 379 1227 407 τὸν
1243 379 1390 410 Κτίσαντα,
1420 379 1481 406 καθ’
1496 379 1510 406 ὃ
1535 379 1615 414 σῶμα
1638 379 1687 414 τὴν
1708 378 1870 414 φθοροποιὸν

1082 426 1215 453 ἐπιτελῶν
1228 426 1356 461 λατρείαν
1369 425 1465 461 ἡδονὴν
1479 424 1552 460 εἶχεν
1565 425 1608 453 ἀεὶ
1621 425 1668 452 καὶ
1681 425 1779 460 ὀδύνην
1793 426 1869 460 ἔνερ-

1082 472 1229 507 γουμένην,
1253 471 1351 498 ἐσθίων
1379 472 1423 498 ἀεὶ
1441 471 1472 498 τὺ
1495 471 1518 486 ⁷³
1541 471 1618 502 ξύλον
1642 472 1695 505 τῆς
1725 471 1870 506 παρακοῆς

1081 517 1129 544 τοῦ
1142 517 1164 533 ⁷⁸
1175 516 1260 544 καλοῦ
1275 518 1321 544 καὶ
1339 517 1425 543 κακοῦ
1441 517 1486 543 διὰ
1499 517 1549 551 τῆς
1562 517 1661 552 πείρας
1674 517 1697 533 ⁷⁵
1713 516 1808 551 αὐτῆς,
1822 517 1871 543 καὶ

1082 563 1154 591 κατὰ
1169 563 1218 598 τὴν
1232 563 1359 598 αἴσθησιν
1371 564 1500 598 παρέχων
1507 563 1557 598 τὴν
1571 563 1593 578 ⁷⁸
1606 562 1718 597 γνῶσιν.
1735 563 1789 589 Καὶ
1800 562 1871 597 τάχα

1084 609 1162 642 ξύλον
1175 607 1246 636 εἷναι
1260 608 1343 636 καλοῦ
1355 610 1403 635 καὶ
1416 608 1536 644 πονηροῦ
1549 608 1598 644 τὴν
1611 608 1778 644 φαινομένην
1786 608 1871 634 εἰπὼν

1083 655 1172 682 κτίσιν
1187 664 1228 687 τις
1244 655 1295 682 οὐκ
1308 654 1340 681 ἃν
1353 655 1471 691 ἁμάρτοι
1483 655 1532 690 τῆς
1547 654 1676 689 ἀληθείας
1685 663 1692 671 ’
1706 654 1802 690 ἡδονῆς
1816 655 1872 690 γὰρ

1084 703 1133 731 καὶ
1154 702 1243 738 λύπης
1259 702 1405 737 ποιητικὴν
1428 701 1485 737 ἔχει
1500 701 1622 736 φυσικῶς
1638 701 1688 736 τὴν
1707 701 1871 736 μετάληψιν.

1086 750 1122 776 Ἦ
1131 749 1222 782 πάλιν,
1240 749 1334 783 ἐπειδὴ
1352 748 1400 774 καὶ
1424 747 1519 781 λόγους
1545 747 1602 782 ἔχει
1631 747 1834 782 πνευματικοὺς
1855 747 1872 781 ή

1083 795 1210 831 ὁρωμένη
1229 794 1319 825 κτίσις
1331 793 1394 821 νοῦν
1408 792 1472 829 [257
1484 792 1531 828 [1.]
1545 792 1705 828 τρέφοντας,
1724 791 1772 819 καὶ
1792 791 1873 818 δύνα-

1087 850 1133 876 μιν
1146 841 1228 868 πάλιν
1246 841 1365 876 φυσικὴν
1384 839 1433 875 τὴν
1451 840 1502 875 μὲν
1517 839 1643 874 αἴσθησιν
1658 839 1814 874 τέρπουσαν
1827 838 1873 865 τὸν

1084 888 1114 915 δὲ
1139 887 1202 915 νοῦν
1228 888 1457 923 διαστρέφουσαν,
1483 887 1529 913 διὰ
1554 887 1635 913 τοῦτο
1658 885 1736 919 ξύλον
1752 885 1874 920 γνωστὸν

1086 936 1170 964 καλοῦ
1197 945 1228 964 τε
1246 936 1294 964 καὶ
1327 935 1413 963 κακοῦ
1444 935 1672 971 προσηγορεύθη·
1702 933 1798 960 παθῶν
1819 932 1874 968 γὰρ

1086 983 1192 1017 γίνεται
1204 981 1364 1014 διδάσκαλος
1376 982 1434 1013 τοῖς
1451 980 1616 1016 σωματικῶς
1630 980 1715 1015 αὐτῆς
1734 978 1875 1015 μεταλαμ-

1088 1030 1209 1057 ϐάνουσι.
1227 1028 1273 1055 Διὸ
1285 1028 1366 1063 τυχδν
1379 1028 1428 1054 καὶ
1445 1026 1485 1062 τῷ
1503 1026 1641 1062 ἀνθρώπῳ
1653 1025 1703 1061 τὴν
1724 1024 1875 1060 μετάληψιν

1088 1075 1173 1110 αὐτῆς
1185 1077 1199 1103 ὁ
1211 1075 1278 1107 Θεὸς
1288 1074 1464 1110 ἀπηγόρευσε
1474 1073 1553 1105 τέως,
1563 1072 1608 1101 ἵνα
1625 1072 1769 1107 πρότερον,
1780 1070 1876 1105 ὥσπερ

1087 1120 1121 1158 ἦν
1137 1121 1252 1153 δίκαιον,
1272 1120 1316 1147 διὰ
1339 1121 1389 1155 τῆς
1411 1121 1440 1146 ὲν
1460 1119 1551 1154 χάριτι
1579 1117 1694 1152 μετοχῆς
1710 1117 1760 1152 τὴν
1771 1116 1876 1145 οίιιείαν

1087 1168 1215 1202 ἐπιγνοὺς
1226 1167 1316 1194 αἰτίαν
1333 1166 1381 1193 καὶ
1397 1165 1447 1200 τὴν
1470 1165 1562 1200 χάριτι
1575 1163 1699 1190 δοθεῖσαν
1712 1162 1873 1194 ἀθανασίαν,

1086 1215 1132 1241 διὰ
1156 1215 1207 1248 τῆς
1222 1212 1352 1247 τοιαύτης
1380 1211 1557 1247 μεταλήψεως
1576 1209 1645 1245 πρὸς
1667 1208 1804 1236 ἀπάθειαν
1828 1209 1876 1235 καὶ

1088 1259 1221 1295 ἁτρεψίαν
1241 1258 1397 1294 στομώσας,
1413 1257 1451 1289 ὡς
1470 1256 1537 1288 Θεὸς
1557 1256 1609 1291 ἤδη
1627 1257 1660 1291 τῇ
1685 1254 1782 1282 θεώσει
1796 1253 1876 1288 ’γενόο

1089 1315 1169 1342 μενος
1185 1306 1254 1341 μετὰ
1265 1303 1333 1331 Θεοῦ
1347 1304 1381 1330 τὰ
1392 1302 1439 1329 τοῦ
1452 1301 1521 1329 Θεοῦ
1532 1301 1714 1336 διασκέψηται
1725 1300 1873 1334 κτίσματα,

1089 1352 1174 1388 μηδὲν
1188 1352 1234 1378 ὑπ’
1257 1350 1349 1377 αὐτῶν
1370 1348 1636 1384 παραὸλαπτόμενος
1650 1347 1698 1374 καὶ
1711 1346 1762 1381 τὴν
1784 1345 1876 1372 αὐτῶν

1087 1398 1262 1435 ἀναλήψηται
1276 1396 1377 1433 γνῶσιν
1400 1396 1438 1427 ὡς
1451 1395 1542 1431 χάριτι
1557 1393 1623 1425 Θεὸς
1635 1393 1684 1420 καὶ
1703 1393 1754 1419 οὐκ
1770 1392 1876 1427 ἄνθρω-

1089 1455 1140 1478 πος
1143 1464 1151 1473 ι

248 1481 324 1514 ﬁnito
337 1488 449 1511 auctore
461 1493 515 1512 una
531 1493 593 1513 cum
625 1487 712 1522 gratis
742 1488 877 1523 impertita
897 1491 1113 1526 immortalitate,
1139 1501 1186 1528 per
1211 1494 1281 1519 hanc
1311 1487 1546 1525 participationem
1577 1487 1611 1513 ad
1645 1485 1820 1513 indolentiam
1850 1488 1878 1512 et

249 1526 498 1558 immutabilitstem
524 1532 657 1565 lit-matus.
680 1541 713 1561 ac
726 1535 800 1562 velut
816 1536 886 1564 Deus
900 1536 957 1572 jam
975 1546 1024 1574 per
1052 1526 1249 1567 deiticationem
1266 1537 1364 1567 factus.
1391 1543 1453 1563 cum
1482 1533 1536 1561 Deo
1569 1533 1797 1567 contemplaretur
1830 1530 1876 1559 Dei

249 1578 403 1606 creaturas,
418 1576 548 1611 nulloque
577 1578 660 1606 abiis
682 1585 793 1614 accepto
807 1581 970 1611 detrimento
1000 1591 1094 1612 earum
1109 1584 1292 1620 cognitionem
1323 1586 1549 1618 consequeretur;
1587 1579 1663 1615 quasi
1692 1579 1762 1606 Deus
1793 1578 1878 1606 nimi-

250 1625 310 1645 rmn
332 1619 430 1654 aliquis
450 1629 499 1656 per
518 1622 645 1658 gratiam,
664 1631 717 1651 non
739 1625 821 1653 homo
842 1626 967 1655 aﬁ’ectus.

287 1665 350 1694 Haec
365 1672 392 1694 et
409 1667 622 1696 aliaconsimilia
643 1670 669 1697 in
688 1672 822 1705 prooemio
834 1672 1036 1708 philosophatus

1128 1672 1222 1700 Ταῦτα
1231 1672 1279 1699 καὶ
1290 1671 1403 1699 τοιαῦτα
1417 1670 1440 1686 ⁷⁷
1458 1671 1488 1697 ὲν
1502 1670 1660 1705 προοιμίοις
1680 1669 1879 1704 φιλοσοφήσας,

251 1716 336 1744 atque
360 1712 498 1746 pollicitus
514 1714 601 1748 (quasi
624 1720 698 1743 esset
713 1716 778 1744 alibi
794 1717 943 1752 perfectius
957 1727 1040 1747 accu-

251 1757 393 1792 ratiusque
417 1759 452 1786 de
473 1758 506 1786 iis
530 1764 653 1792 acturus.
676 1768 708 1788 ac
732 1763 872 1797 proprium
890 1764 914 1791 ei
932 1766 1041 1800 negotio

253 1807 400 1831 tractatum
424 1804 635 1841 destinaturus).
659 1808 893 1844 interrogationes
912 1811 1041 1846 deinceps

250 1847 508 1885 Responsionesque
526 1852 682 1887 aggreditur
701 1861 709 1880 :
725 1861 839 1888 quarum
854 1855 942 1890 prima
964 1864 1042 1891 qua:-

251 1895 307 1923 stio
327 1901 389 1924 est:
406 1897 477 1930 Quid
496 1898 563 1929 illud
581 1899 717 1934 signiﬁcet
734 1909 741 1927 :
766 1899 849 1928 Pater
865 1910 939 1929 meus
964 1905 1041 1932 modo

250 1947 377 1970 oneratur
389 1942 414 1969 δ.
431 1942 524 1971 Altera
546 1944 579 1971 de
601 1944 659 1976 illo.
681 1945 726 1980 qni
755 1945 781 1973 in
810 1946 960 1982 Evangelio
981 1957 1041 1976 am-

253 1987 367 2022 phoram
380 1996 458 2023 aqua:
473 1989 576 2024 bajulat
588 1995 611 2017 ε.
624 1991 718 2018 Tertia
733 1991 766 2019 de
788 1992 833 2020 illo
847 2002 854 2020 :
877 1993 967 2022 Nolite
979 2003 1042 2030 pos-

252 2034 339 2061 sidere
353 2035 421 2062 duas
436 2036 571 2064 tunicasd.
585 2036 630 2064 Ν.
645 2038 682 2065 De
697 2037 840 2066 maledicta
853 2043 925 2067 terra
940 2040 967 2067 in
979 2048 1043 2075 ope-

252 2080 329 2108 ribus
354 2081 439 2108 Adam
457 2087 481 2110 ο.
499 2081 533 2110 ν.
549 2082 587 2110 De
603 2083 670 2111 illo:
694 2084 747 2116 Qui
765 2091 843 2112 natus
862 2091 901 2112 est
924 2095 956 2114 ea:
969 2086 1041 2120 Deo,

251 2131 389 2159 peccatum
416 2135 467 2154 non
488 2127 550 2162 fecit
566 2127 588 2155 ί.
616 2128 659 2155 VI.
684 2129 722 2156 De
743 2129 812 2157 illo:
841 2129 899 2157 Hoc
929 2131 998 2158 enim
1017 2136 1042 2159 et

252 2173 364 2199 mortuis
375 2173 626 2208 nangelizatumest
635 2175 658 2203 ⁸.
671 2175 766 2211 155b
779 2176 834 2204 νιι.
843 2177 882 2204 De
895 2177 941 2204 illo
955 2177 1042 2205 :Detts

255 2217 303 2245 tua:
311 2224 349 2245 est
366 2218 392 2245 1³.
409 2218 478 2246 Vill.
495 2219 531 2246 De
548 2220 594 2247 illo
610 2220 769 2254 :Quomodo
779 2221 882 2258 [Nunc]
894 2231 985 2249 sumus
993 2223 1043 2257 filii

255 2263 316 2296 Dei.
338 2270 366 2292 et
381 2267 520 2300 quomodo
536 2272 596 2301 post
618 2268 676 2294 haec
698 2268 801 2295 erimus
815 2267 837 2296 ι.
861 2268 905 2296 ΙΧ.
922 2268 960 2296 De
976 2270 1042 2296 illo:

256 2311 310 2343 Qui
333 2312 420 2344 timet,
450 2319 502 2339 non
523 2318 560 2339 est
573 2312 701 2347 perfectus
726 2314 753 2340 in
777 2313 917 2341 dilectione
933 2314 956 2343 ί.
983 2315 1041 2342 Et:

1091 1719 1141 1747 καὶ
1167 1717 1400 1753 ἐπαγγειλάμενος
1419 1716 1458 1748 ὡς
1483 1717 1511 1742 ὲν
1528 1715 1633 1751 ἑτέροις
1657 1714 1825 1749 τελειότερον
1849 1722 1879 1740 τε

1091 1765 1139 1792 καὶ
1150 1764 1346 1800 άκριὸέστερον
1361 1763 1426 1798 περὶ
1439 1762 1529 1788 αὐτῶν
1551 1760 1728 1796 ὲπισκέψοιτο
1751 1760 1801 1788 καὶ
1829 1760 1881 1795 ἰδίᾳ

1090 1810 1271 1847 πραγματείᾳ
1284 1809 1335 1845 τὴν
1349 1809 1416 1844 περὶ
1439 1808 1529 1835 αὐτῶν
1545 1808 1656 1842 ἀφοριεῑ
1672 1806 1879 1842 πραγματείαν,

1092 1858 1192 1893 ἑφεξῆς
1211 1857 1266 1884 τῶν
1294 1856 1457 1892 ἐρωτήσεων
1480 1855 1527 1881 καὶ
1552 1853 1725 1890 ἀποκρίσεων
1752 1852 1880 1879 ἅπτεται.

1092 1900 1144 1930 Ὧν
1158 1902 1267 1938 πρῶτον
1283 1902 1394 1938 ζήτημα
1421 1900 1486 1937 περὶ
1503 1899 1550 1927 τοῦ
1571 1899 1598 1925 τί
1613 1899 1752 1935 σημαίνει·
1773 1898 1806 1925 '0
1823 1899 1881 1925 11a-

1091 1948 1149 1984 τήρ
1175 1956 1235 1983 μου
1258 1947 1314 1980 ἕως
1329 1946 1394 1981 ἄρτι
1408 1944 1567 1980 ἐργάζεται.
1584 1944 1611 1970 B'
1633 1943 1698 1979 περὶ
1709 1943 1769 1959 ’Μ’
1780 1942 1832 1969 τοῦ
1854 1942 1883 1968 ὲν

1092 1995 1131 2029 τῷ
1153 1993 1311 2028 Εύαγγελίῳ
1333 1992 1365 2020 τὸ
1394 1991 1526 2027 κεράμιον
1540 1990 1587 2017 τοῦ
1619 1989 1715 2021 ὓδατος
1734 1988 1883 2024 βαστάζον-

1090 2048 1147 2072 τος.
1162 2040 1188 2066 I"
1201 2030 1267 2074 περῖ
1279 2038 1338 2072 τοῦ,
1365 2038 1414 2071 Μὴ
1444 2037 1600 2072 κτήσησθε
1609 2036 1632 2052 “°
1659 2035 1714 2062 δύο
1743 2033 1880 2066 χιτῶνας,

1092 2088 1119 2113 Δ¹
1132 2086 1196 2122 περὶ
1210 2087 1261 2121 τῆς
1279 2084 1480 2119 καταραθείσης
1501 2083 1555 2118 γῆς
1580 2083 1610 2109 ὲν
1636 2083 1692 2112 τοῖς
1714 2080 1808 2117 ἔργοις
1836 2079 1883 2106 τοῦ

1099 2133 1195 2168 ’Δδάμη
1216 2131 1243 2159 E’
1269 2131 1335 2167 περὶ
1362 2130 1421 2163 τοῦ,
1450 2130 1477 2157 '0
1504 2128 1723 2164 γεγεννημένος
1763 2128 1799 2154 ἐκ
1830 2126 1882 2153 τοῦ

1093 2179 1169 2207 Θεοῦ
1183 2178 1329 2213 ἁμαρτίαν
1342 2178 1378 2204 οὺ
1388 2176 1474 2203 ποιεῖ.
1490 2175 1525 2209 q'
1540 2175 1604 2210 περὶ
1616 2173 1675 2206 τοῦ,
1687 2175 1740 2206 Eli;
1755 2173 1778 2189 ⁸⁸
1795 2172 1883 2199 τοῦτο

1092 2225 1149 2261 γὰρ
1173 2225 1222 2252 καὶ
1245 2223 1364 2258 νεκροῖς
1392 2220 1604 2256 εὺηηνελίσθη.
1628 2220 1654 2246 Z’
1668 2219 1734 2254 περὶ
1759 2219 1831 2250 τοῦ,
1856 2217 1881 2243 '0

1094 2272 1167 2304 Θεὸς
1193 2269 1256 2305 φῶς
1277 2270 1372 2297 ἐστιν.
1387 2269 1418 2296 ιιι
1438 2268 1504 2303 περὶ
1530 2266 1577 2293 τοῦ
1607 2266 1664 2298 πῶς
1699 2266 1782 2300 ὲσμεν
1803 2264 1883 2291 τέκνα

1094 2315 1162 2342 Θεοῦ
1177 2314 1298 2346 καὶπῶς
1311 2315 1334 2330 θ’
1353 2313 1423 2349 μετὰ
1452 2312 1540 2339 ταῦτα
1555 2311 1682 2346 ἐσόμεθα.
1700 2310 1728 2336 Θ¹
1743 2309 1810 2344 περὶ
1839 2307 1883 2335 τοῦ

257 2355 321 2383 Non
339 2362 378 2384 est
399 2357 487 2391 inopia
503 2358 650 2385 timentibus
664 2367 723 2386 eum
736 2359 760 2387 ι.
783 2358 819 2386 Χ.
835 2358 901 2393 Quis
914 2360 953 2387 illi
968 2361 1036 2395 prin-

1093 2360 1170 2394 πῶς,
1206 2361 1238 2387 '0
1275 2348 1461 2394 φοϐούμενος
1492 2358 1530 2385 οὐ
1564 2356 1749 2384 τετελείωται
1785 2355 1822 2382 ἐν
1848 2352 1884 2387 τῇ

291 2453 305 2467 ι
323 2447 499 2485 ίξυιηηιεξεί.
525 2448 632 2485 ιιιιοιιιι.
653 2456 679 2482 v,
697 2450 740 2477 ΓΙ.
775 2455 786 2470 ο
803 2449 887 2478 Marc.
910 2459 966 2484 κιο,
992 2451 1036 2478 15]

1090 2459 1124 2479 Ic.
1143 2459 1188 2485 xx,
1214 2452 1257 2479 40.
1296 2451 1309 2471 τι
1327 2450 1423 2478 Manli.
1451 2458 1478 2482 κ,
1498 2450 1546 2482 to;
1562 2448 1633 2485 an.
1648 2455 1687 2479 Ut,
1705 2446 1738 2485 ᾗ
1777 2444 1881 2485 flictu,

256 2490 299 2513 Ill,
320 2483 383 2521 17.Δ
407 2483 538 2511 ιιιίυιιιι.
551 2491 593 2517 Ill,
608 2483 635 2512 9.
681 2489 693 2509 ις
710 2485 804 2514 lPetr.
819 2494 856 2521 ιν,
875 2486 904 2514 6.
949 2487 964 2507 II
978 2486 988 2514 ί
1003 2486 1035 2514 Jo

1101 2496 1120 2521 ι,
1139 2487 1165 2516 5.

257 2525 356 2551 sunt,
369 2518 395 2546 9.

1224 2488 1232 2507 ί
1251 2485 1352 2514 lJoan.
1374 2494 1413 2518 ιιι,
1427 2485 1455 2512 2.
1473 2479 1477 2482 ’
1502 2484 1508 2510 i
1530 2479 1544 2512 ι’
1557 2484 1636 2511 Joan.
1654 2491 1691 2515 tv,
1709 2481 1751 2509 18.
1783 2480 1798 2500 ι
1814 2479 1882 2506 Psal.

906 2601 1023 2630 VARI/E2
1043 2599 1234 2629 LECTIONES

295 2666 317 2682 ⁷³
329 2664 398 2695 ὅλως
413 2672 443 2695 ς.
480 2663 504 2679 ’⁸³
516 2663 546 2690 τὸ
563 2663 626 2691 add.
641 2664 674 2691 Δ,
715 2663 739 2679 ’³
752 2662 812 2699 τοῦ]
825 2663 855 2690 τὸ
877 2663 909 2690 Α.
947 2662 971 2678 ⁷⁵
991 2661 1088 2697 πείρας
1102 2661 1124 2687 Α
1139 2668 1146 2686 :
1166 2660 1279 2696 πορείας
1290 2669 1321 2692 ς.

295 2698 370 2726 ιαῦτσ.
397 2708 428 2731 ς.
499 2699 559 2715 "'7’
583 2704 647 2727 ante
670 2698 735 2732 περὶ
763 2707 823 2726 cum
842 2699 864 2725 A
891 2697 970 2726 omisi
999 2697 1039 2724 δέ.
1086 2696 1109 2712 ⁸ο
1125 2696 1273 2732 κτήσασθαι
1287 2696 1321 2722 Α.

258 2698 370 2726 τοιαῦτα
397 2708 428 2731 ς.

499 2699 559 2715 "'7’
583 2704 647 2727 ante
670 2698 735 2735 περὶ
763 2697 823 2726 cum
842 2699 864 2725 A
891 2697 970 2726 omisi
999 2697 1039 2724 δέ.

259 2735 282 2751 ⁸⁸
301 2734 360 2766 πῶς
376 2735 438 2762 add.
450 2735 483 2762 Α.

1366 2659 1390 2674 ’⁸
1406 2658 1455 2692 τὴν
1467 2662 1494 2685 et
1508 2657 1550 2685 19.
1566 2665 1595 2682 τε
1606 2656 1667 2692 add.
1753 2654 1777 2670 "'
1793 2655 1839 2681 καὶ
1853 2653 1883 2692 τὰ

1374 2694 1395 2709 ⁸¹
1426 2687 1464 2724 εἰς
1480 2694 1540 2720 add.
1556 2692 1589 2719 A.
1615 2691 1651 2719 cf.
1681 2691 1690 2718 I
1717 2689 1833 2723 Petmv,
1857 2687 1883 2715 6.

1027 2807 1140 2836 NOTA‘J.

299 2873 355 2910 (Β)
372 2874 502 2910 Expungo
522 2881 582 2908 qua:
605 2873 657 2901 hoc
681 2872 740 2900 loco
761 2873 787 2900 in
803 2877 875 2899 textu
891 2870 984 2898 (ἐΐσκει
999 2868 1093 2895 vitiose
1110 2871 1277 2901 repetuntur,
1297 2873 1376 2893 voces
1391 2863 1534 2899 pauculas.
