1916 3092
227 133 279 166 647

794 127 927 159 ΡΗΟΤῙῐ
948 127 1020 158 PA'I‘
1025 125 1205 157 RIARCHB
1220 126 1274 157 ΟΡ.

1810 126 1868 158 648

228 190 329 217 Harum
339 192 399 215 erat
409 194 462 214 una
474 193 542 214 nene
561 185 639 222 longa
648 185 680 212 ad
697 184 827 213 Joannem
840 184 1027 220 philosophum

1129 193 1147 211 ιν
1161 184 1183 216 ζ’
1200 184 1248 212 καὶ
1259 182 1294 212 κ’.
1308 180 1361 210 Ὠν
1373 181 1408 219 ἦν
1422 182 1471 219 μία
1483 182 1656 218 πολύπιχος,
1675 182 1744 220 [καὶ]
1761 184 1777 219 ἡ
1794 185 1868 219 πρός

229 236 312 262 missa
329 242 336 260 :
353 233 431 267 cujus
446 233 504 259 haec
522 232 579 259 fere
600 232 689 265 capita
704 229 774 266 μιν)
792 239 800 257 :
818 230 952 260 Primum.
971 228 1019 256 In-

227 280 352 314 crepatio
377 285 484 311 eorum,
505 277 562 312 iqui
591 277 780 304 haereticorum
807 280 969 307 sectatores,
988 282 1021 302 ac

231 326 405 361 potissimum
425 324 532 356 Severi,
558 323 742 351 defendendos
769 327 960 358 susceperunt.
974 322 1021 349 Al-

177 389 179 392 ‹
232 379 321 400 terunt
343 372 451 404 deinde,
475 372 607 406 Oportere
620 369 695 396 omni
710 368 815 396 ratione
829 369 953 395 traditam
974 376 1022 395 no-

231 419 273 445 bis
298 419 483 451 incorruptam
498 423 609 448 servare
635 415 809 450 religionem.
835 414 968 446 Tertium,
985 414 1022 441 De

230 463 395 494 diﬂ'erenlia,
409 469 518 496 quaque
533 461 638 488 ratione
655 461 780 488 centlteri
794 460 838 495 pie
851 460 943 492 liceat,
956 461 1022 488 duas

236 510 263 535 in
293 508 403 535 Christo
430 512 491 542 post
517 506 644 533 unionem
662 510 784 532 naturus.
813 505 944 538 Quartqu
968 509 1021 536 est,

232 555 382 582 Numerum
399 561 487 588 neque
502 552 635 583 dividere,
664 559 752 586 neque
771 551 869 583 dividi,
884 558 934 578 nec
952 549 1022 577 divi-

233 602 338 629 sionem
362 601 388 627 iu
406 600 565 626 universum
596 598 680 624 ullam
706 598 854 624 secundum
881 597 1020 631 propriam

233 648 368 675 rationem
401 646 501 673 aﬂ‘erre
532 646 576 678 iis,
608 645 706 679 quibus
734 644 852 671 additur.
880 638 1023 676 Quintum,

236 695 380 729 Quomodo
397 695 441 730 pie
462 701 592 721 numerus
605 694 638 720 ad
651 692 821 720 indicandam
844 691 1023 718 dili‘erentiam

233 741 406 769 adhibeatur.
420 740 545 772 Sextum,
563 739 706 773 Quomodo
721 738 793 766 beati
813 738 907 774 Cyrilli
922 738 1024 765 dictum

231 787 347 823 epistola
363 787 396 814 ad
410 786 578 814 Succensum
596 786 633 813 sit
644 785 850 820 accipiendum.
866 784 924 812 Non
941 784 1024 811 etiam

235 840 356 869 pugnare
371 833 441 859 hanc
456 839 549 860 vocem
560 832 587 859 in
601 831 714 863 duabus,
727 839 789 858 cum
803 831 845 863 iis,
867 830 911 864 qui
927 830 1023 857 dicunt

235 887 317 906 uuam
331 878 411 906 Verbi
428 882 551 905 naturam
566 884 677 904 carnem
701 884 763 904 esse
792 876 903 909 faciant,
925 876 976 903 nisi
992 884 1024 903 ex

237 926 371 960 opinione
382 924 499 952 Nestorii
512 924 595 958 impie
608 928 740 950 sumatur.
757 922 920 956 Septimum,
934 929 1027 949 rerum

235 973 293 1000 sive
305 970 584 1005 substantiarum(M)
598 971 624 996 in
635 969 756 1002 Christo,
768 976 829 996 esse
837 967 1028 999 diﬁ'erentiam.

235 1025 289 1045 non
307 1017 490 1052 qualitatum;
515 1022 679 1050 omnemque
702 1014 771 1041 adeo
791 1013 1030 1041 diﬂ‘erentiamne—

235 1064 365 1092 cessitate
375 1063 492 1098 quadam
501 1062 637 1089 adducere
645 1067 735 1088 secum
746 1067 841 1087 eorum
849 1066 963 1094 quorum
977 1064 1029 1091 est,

236 1110 413 1145 quantitatem
426 1118 433 1136 :
449 1107 677 1144 quemadmodum
695 1114 800 1133 rursum
813 1106 950 1140 quantitas
962 1105 1031 1140 (sive

234 1155 367 1183 continua
383 1155 427 1182 illa
443 1155 489 1186 sit,
503 1155 560 1182 sive
579 1152 709 1188 discreta)
733 1160 874 1179 numerum
897 1158 927 1179 se
937 1151 1030 1186 expri-

236 1206 362 1229 mentem
392 1199 514 1227 adducit.
534 1198 678 1230 Octavum,
699 1197 783 1232 Impie
799 1196 863 1229 dici,
889 1195 1030 1223 Christum

237 1255 319 1274 unam
344 1253 406 1274 esse
433 1245 612 1279 compositam
645 1248 789 1271 naturam:
817 1241 939 1276 illudque
969 1248 1031 1268 cum

237 1293 355 1320 veritate
375 1298 507 1327 pugnare.
523 1290 640 1322 Nonum,
657 1290 694 1316 De
709 1287 848 1324 hypostasi
863 1287 1030 1322 composita,

241 1344 270 1367 et
284 1339 377 1366 brevis
393 1337 526 1372 expositio
539 1340 710 1370 receptarum
727 1335 760 1362 de
781 1334 832 1361 title
846 1341 956 1365 vocum,
972 1340 1032 1367 quae

240 1390 317 1413 recte
327 1385 361 1412 de
381 1384 492 1412 Christo
511 1391 545 1411 ex
575 1390 624 1410 usu
652 1381 781 1408 Ecclesia
801 1380 943 1407 catholica:
968 1386 1032 1414 pro-

241 1431 378 1458 feruntur.
394 1429 544 1461 Decimum,
560 1427 598 1455 De
616 1427 760 1462 llypostasi
776 1425 929 1460 composita
945 1424 1032 1458 magis

240 1476 375 1504 naturalis
387 1475 546 1510 disputatio,
559 1481 612 1501 uua
633 1481 694 1500 cuin
711 1477 840 1500 accurata
856 1472 1027 1499 demonstra-

242 1522 327 1553 tione,
355 1520 428 1556 quod
452 1520 480 1547 in
498 1520 593 1547 eadem
625 1526 797 1554 nequaquam
823 1517 955 1549 incidant,
983 1516 1028 1551 qni
1046 1532 1068 1562 ρ

241 1567 380 1595 Christum
398 1567 560 1601 proﬁtentur
574 1573 656 1593 unam
670 1565 848 1599 compositam
860 1563 1032 1598 hyposmsin,

243 1620 306 1640 cum
319 1612 354 1640 iis
371 1613 417 1647 qui
431 1619 512 1639 unam
531 1618 593 1638 eum
607 1611 701 1638 dicunt
715 1617 777 1638 esse
789 1608 968 1644 compositam
986 1615 1035 1635 uno

243 1663 344 1685 turam.
381 1656 574 1688 Undecimutn,
605 1655 700 1691 1571';
732 1654 783 1682 Per
820 1652 1034 1688 assumptionem

247 1704 349 1731 factam
363 1711 426 1730 esse
444 1703 530 1730 solam
542 1703 617 1730 illam
637 1701 715 1729 Verbi
724 1708 787 1729 cum
803 1708 885 1727 carne
896 1699 1036 1730 unionem,

1041 859 1062 887 Β

254 1757 382 1784 tanquam
399 1750 626 1785 prmexsisteutis,
635 1754 663 1776 et
674 1748 707 1775 ad
719 1748 846 1794 unionem
859 1746 949 1773 carnis
965 1744 1037 1772 uuiri

244 1796 384 1824 volentis:
403 1796 474 1830 quod
505 1796 532 1822 in
550 1795 604 1822 alio
628 1794 739 1822 omnino
755 1792 905 1828 composito
922 1792 1035 1819 minime

242 1844 416 1870 observetur.
450 1841 479 1868 in
503 1841 564 1868 aliis
589 1841 674 1874 enim,
712 1848 764 1867 non
796 1846 844 1874 per
876 1838 1035 1865 alterutrius

244 1888 456 1922 assumptionem
481 1888 510 1915 iit
535 1887 611 1922 unio,
635 1888 682 1915 sed
704 1886 845 1917 ambobus,
865 1893 944 1913 exeo
957 1885 1029 1920 quod

1069 242 1131 261 τινα
1148 233 1172 249 ⁸⁸
1190 231 1336 267 φιλόσοφον
1361 231 1501 265 Ἰωάννην,
1519 226 1574 262 Ἦς
1590 231 1649 257 ἐστι
1673 230 1707 257 τὰ
1727 231 1870 265 κεφάλαια.

1070 280 1179 316 πρῶτον
1195 278 1355 313 ἐπιτίμησις
1368 278 1425 309 τοῖς
1438 276 1610 312 ιδιεκδικοῦσι
1627 276 1690 308 τούς
1706 277 1866 312 αίρετίζον-

1069 335 1120 358 τας
1131 345 1139 358 ,
1156 325 1204 352 καὶ
1217 324 1334 360 μάλιστα
1344 324 1408 355 τούς
1422 322 1477 350 ἀπὸ
1486 323 1618 358 Σεϐήρου·
1633 322 1759 358 δεύτερον
1770 323 1811 349 ὅτι
1824 323 1870 350 δεῖ

1072 371 1154 398 παντὶ
1167 370 1263 407 τρόπῳ
1274 369 1324 404 τὴν
1339 368 1563 405 παραδεδομένην
1578 368 1721 395 εὐσέϐειαν
1737 368 1801 404 [260
1818 368 1870 404 [1.]

1071 416 1273 452 ἀπαράτρωτον
1283 415 1305 431 ⁸³
1319 415 1521 448 διαφυλάττειν⁸
1536 414 1628 450 τρίτον
1644 415 1708 449 περὶ
1721 415 1869 450 διαφορᾶς,

1072 464 1120 491 καὶ
1133 462 1192 494 πῶς
1205 462 1281 489 ἔστιν
1296 461 1416 492 εὐσεϐῶς
1433 461 1480 487 δύο
1491 460 1586 496 φύσεις
1601 461 1647 487 ἐπὶ
1663 460 1782 495 Χριστοῦ
1795 460 1872 496 μετὰ

1072 510 1122 545 τὴν
1139 509 1237 535 ἕνωσιν
1250 508 1401 543 όμολογεῖψ
1416 507 1437 533 δ’
1458 507 1498 534 ὅτι
1512 507 1526 533 ὀ
1545 506 1662 542 ἀριθμὸς
1684 506 1746 533 οὔτε
1767 507 1873 543 διαιρεί

1073 555 1137 583 οὕτε
1149 555 1306 589 διαιρεῖται,
1318 553 1380 581 οὔτε
1392 553 1526 588 διαίρεσιν
1541 554 1646 587 είσάγει
1657 554 1727 580 κατὰ
1741 554 1786 580 τὸν
1801 554 1873 581 [διον

1073 602 1152 636 λόγον
1165 601 1197 628 τδ
1215 600 1337 632 σύνολον,
1356 598 1398 632 οἷς
1415 600 1581 634 ἐπιλέγεται’
1600 596 1621 626 ε’
1643 600 1702 631 πῶς
1717 600 1838 631 εὐσεϐῶς
1855 601 1873 627 ὁ

1074 648 1191 684 ἀριθμὸς
1205 647 1275 683 πρὸς
1294 647 1410 682 δήλωσιν
1433 646 1484 681 τῆς
1499 647 1630 682 διαφορᾶς
1651 646 1874 682 παραλαμϐάνε-

1073 702 1130 721 ται·
1147 697 1174 727 ς’
1189 693 1248 726 πῶς
1330 695 1400 720 νοεῖν
1410 694 1460 729 τὴν
1473 693 1606 729 κειμένην
1623 694 1701 728 ῥῆσιν
1711 694 1739 720 ὲν
1751 695 1784 729 τῇ
1799 694 1875 729 πρὸς

1075 739 1226 766 Σούκενσον
1241 739 1371 774 ἐπιστολῇ
1389 739 1437 765 τοῦ
1457 739 1535 773 ἁγίου
1553 738 1699 774 Κυρίλλου,
1718 739 1765 766 καὶ
1778 739 1821 765 ὅτι
1837 739 1874 765 οὐ

1077 785 1194 820 μάχεται
1210 785 1227 820 ἡ
1242 783 1277 811 ἐν
1296 784 1351 811 δύο
1366 784 1442 820 φωνὴ
1452 785 1510 816 τοῖς
1524 783 1633 818 λέγουσι
1646 784 1712 820 μίαν
1726 784 1807 819 φύσιν
1821 784 1874 811 τοῦ

1077 831 1163 865 Λόγου
1188 830 1414 865 σεσαρκωμένην,
1435 831 1459 857 εί
1477 832 1514 866 μὴ
1541 831 1612 857 κατὰ
1635 830 1666 857 τδ
1681 831 1705 847 ⁸³
1728 831 1878 866 Νεστορίῳ

1077 876 1173 903 δοκοῦν
1184 876 1289 908 ἀσεϐῶς
1300 876 1503 912 λαμϐανομένη·
1516 877 1539 908 ζ’
1549 876 1591 903 ὅτι
1601 877 1771 912 πραγμάτων
1785 877 1877 912 ἤγουν

1077 922 1177 949 οὐσιῶν
1195 922 1242 949 ἐπὶ
1264 922 1385 958 Χριστοῦ
1402 923 1418 958 ἡ
1432 923 1550 957 διαφορὰ
1562 943 1569 955 ,
1586 923 1644 949 ἀλλ’
1659 923 1689 949 οὐ
1705 923 1876 958 ποιοτήτων,

1079 969 1126 996 καὶ
1141 969 1182 996 ὅτι
1200 970 1276 996 πᾶσα
1290 969 1406 1004 διαφορὰ
1427 969 1456 1001 ἐξ
1472 970 1595 1003 ἀνάγκης
1612 969 1767 1003 συνεισάγει
1785 970 1878 1004 ἑαυτῇ

1079 1015 1128 1051 τὴν
1144 1012 1181 1042 ὦν
1191 1015 1248 1041 ἐστι
1263 1016 1416 1050 ποσότητα,
1433 1016 1480 1042 καὶ
1492 1017 1508 1051 ὴ
1522 1015 1641 1050 ποσότης
1653 1015 1735 1043 πάλιν
1749 1015 1794 1042 τὸν
1807 1016 1880 1043 ἑαυ-

1079 1061 1130 1094 τῆς
1143 1061 1313 1095 σημαντικὸν
1328 1061 1457 1096 ἀριθμὸν,
1471 1062 1523 1089 κᾶν
1532 1071 1561 1088 τε
1579 1063 1694 1099 συνεχής
1708 1063 1767 1090 ἐστι
1782 1063 1835 1090 κᾶν
1842 1072 1880 1090 τι

1080 1106 1245 1143 διῃρημένη·
1267 1109 1293 1140 η’
1313 1107 1355 1133 ὅτι
1377 1107 1476 1139 ἀσεϐές
1490 1109 1548 1135 ἐστι
1569 1108 1599 1134 τὸ
1613 1109 1704 1143 λέγειν
1727 1109 1792 1145 μίαν
1808 1109 1881 1136 σύν-

1081 1153 1158 1180 θετον
1171 1153 1252 1187 φύσιν
1262 1153 1308 1180 τὸν
1320 1154 1449 1189 Χριστὺν.
1466 1154 1514 1181 καὶ
1527 1156 1560 1190 τῇ
1568 1154 1690 1191 ,ἀληθείᾳ
1705 1156 1879 1191 μαχόμενον

1081 1199 1104 1226 θ’
1119 1199 1184 1234 περὶ
1200 1199 1376 1231 ὑποστάσεως
1392 1200 1533 1233 συνθέτου,
1548 1201 1596 1228 καὶ
1611 1201 1720 1233 ἐκθεσις
1740 1201 1882 1236 σύντομος

1080 1245 1131 1280 τῆς
1145 1245 1326 1281 ἐκδοχῆςτῶν
1342 1246 1429 1282 ὀρθῶς
1443 1246 1489 1273 ὲπὶ
1504 1247 1624 1281 Χριστοῦ
1640 1248 1712 1274 κατὰ
1734 1247 1783 1284 τὴν
1802 1247 1880 1274 καθ-

1081 1291 1176 1326 ολικὴν
1194 1292 1360 1326 Ἐκκλησίαν
1373 1293 1597 1328 ὁμολογουμένων
1613 1295 1663 1329 τῆς
1677 1294 1795 1326 πίστεως
1810 1303 1883 1328 φω-

1082 1338 1144 1365 νῶν·
1163 1336 1180 1364 ι’
1194 1339 1258 1372 περὶ
1281 1338 1458 1371 ὑποστάσεως
1474 1339 1602 1366 συνθέτου
1624 1341 1800 1375 φυσικωτέρα
1815 1341 1883 1368 διά-

1081 1382 1178 1418 ληψις,
1203 1384 1250 1410 καὶ
1274 1383 1412 1416 ἀπόδειξις
1434 1384 1552 1420 ἀκριϐὴς
1570 1384 1616 1411 τοῦ
1644 1385 1682 1421 μὴ
1704 1387 1761 1417 τοῖς
1783 1386 1885 1419 αὐτοῖς

1082 1427 1259 1462 περιπίπτειν
1282 1429 1346 1460 τοὺς
1363 1429 1563 1464 ὁμολογοῦντας
1579 1430 1645 1464 μίαν
1663 1430 1789 1458 σύνθετον
1805 1431 1883 1459 ὑπό-

1085 1481 1180 1499 στασιν
1193 1473 1239 1500 τὸν
1250 1474 1368 1509 Χριστὸν
1381 1475 1437 1505 τοῖς
1451 1475 1517 1509 μίαν
1530 1475 1612 1502 αὐτὸν
1625 1475 1751 1503 σύνθετον
1765 1477 1885 1511 λέγουσι

1085 1519 1176 1554 φύσιν⁸
1196 1522 1232 1546 ια’
1254 1519 1296 1546 ὅτι
1316 1520 1388 1547 κατὰ
1412 1521 1565 1556 πρόσληψιν
1587 1522 1604 1556 ὴ
1626 1521 1695 1557 πρὸς
1715 1522 1764 1557 τὴν
1784 1522 1886 1558 σάρκα.

1087 1564 1156 1600 μόνη
1173 1564 1221 1591 τοῦ
1237 1565 1324 1600 Λόγου
1348 1566 1461 1600 γέγονεν
1483 1567 1599 1600 ἓνωσις,
1622 1567 1660 1599 ὡς
1678 1568 1808 1603 προόντος
1829 1570 1888 1596 καὶ

1086 1610 1156 1644 πρὸς
1174 1611 1272 1637 ἕνωσιν
1287 1612 1388 1647 σαρκὸς
1407 1611 1542 1647 ἑνωῦῆναι
1555 1614 1731 1648 θελήσαντος
1746 1614 1814 1649 ὅπερ
1827 1615 1888 1642 οὐκ

1087 1656 1162 1683 ἔστιν
1189 1658 1258 1689 ὅλως
1283 1658 1327 1684 ἐπ’
1346 1658 1427 1685 ἄλλου
1458 1658 1513 1685 τῶν
1540 1659 1677 1686 συνθέτων
1706 1660 1779 1688 ἰδεῖν.
1815 1661 1890 1688 Ἐπὶ

1088 1704 1143 1739 γὰρ
1154 1703 1209 1730 τῶν
1220 1703 1307 1730 ἄλλων
1322 1703 1352 1730 οὐ
1367 1704 1437 1731 κατὰ
1451 1705 1604 1741 πρόσληψιν
1619 1705 1735 1742 θατέρου
1751 1707 1767 1741 ἡ
1781 1706 1890 1739 ἓνωσις

1089 1751 1213 1784 γίνεται,
1227 1750 1285 1778 ἀλλ’
1298 1750 1384 1785 ἄμφω
1400 1751 1546 1778 συνιόντων
1565 1753 1597 1778 ἐκ
1622 1752 1670 1778 τοῦ
1685 1753 1724 1788 μὴ
1741 1753 1818 1781 evre:
1841 1754 1890 1785 εἰς

1087 1795 1137 1831 τὴν
1161 1795 1209 1822 τοῦ
1235 1796 1364 1823 συνθέτου
1387 1796 1585 1831 συμπλήρωσιν
1602 1798 1651 1824 καὶ
1673 1798 1813 1825 οὐσίωσιν.
1852 1798 1891 1825 ’Π

1089 1842 1140 1877 μὲν
1152 1842 1175 1858 ¹³
1187 1842 1256 1877 πρὸς
1277 1842 1404 1878 Ἰωάννην
1419 1843 1547 1879 ἐπιστολὴ
1565 1843 1634 1880 αὕτη
1653 1844 1700 1871 καὶ
1718 1843 1753 1870 τά
1768 1845 1797 1870 ὲν
1811 1844 1892 1880 αὐτῇ

1084 1887 1229 1921 κεφάλαια.

244 1945 298 1965 non
318 1942 371 1970 est,
397 1938 432 1965 ad
464 1937 606 1972 compositi
644 1936 840 1971 perfectionem
868 1939 950 1969 atque
982 1936 1205 1964 consututiunem
1230 1937 1466 1965 concurrentibus.
1489 1937 1552 1965 Haec
1571 1944 1636 1972 ergo
1651 1936 1734 1964 estad
1750 1937 1894 1965 Joannem

245 1985 368 2020 epistola,
388 1985 485 2019 eteius
501 1985 544 2011 illa
556 1984 656 2019 capita.

284 2029 462 2065 Reliquorum
488 2030 587 2057 deinde
619 2035 674 2056 tres
706 2029 775 2056 datte
798 2028 831 2055 ad
866 2027 1038 2055 Thalassium

249 2077 444 2111 presbyterum
459 2083 490 2102 ac
503 2075 661 2110 praefectum
677 2083 685 2108 ;
701 2075 761 2101 duae
778 2076 811 2101 ad
825 2073 954 2101 Joannem
967 2074 1041 2101 cubi-

248 2122 396 2154 cularium,
429 2121 541 2148 totidem
581 2122 615 2148 ad
655 2120 838 2156 Sophronium
877 2120 1038 2147 monachum

248 2173 431 2203 cognomento
443 2167 604 2195 Eucratam:
620 2174 673 2193 una
687 2167 720 2193 ad
729 2166 860 2193 Joannem
872 2166 1039 2200 Sophistam,

249 2209 278 2240 ἐι
292 2213 380 2240 altera
407 2213 441 2239 ad
460 2212 568 2239 Juuiatn
587 2212 753 2247 praefectam.
773 2212 871 2239 lterum
894 2219 945 2238 una
969 2211 1041 2238 Tha-

251 2257 335 2285 lassio
348 2256 479 2293 praefecto
491 2265 522 2284 ac
535 2257 695 2292 presbytero
707 2256 801 2288 missa,
815 2255 897 2283 altera
916 2255 1042 2283 Jordanm

248 2303 429 2339 presbytero,
447 2303 639 2338 Stepltanoqne
667 2303 795 2338 prtereclo
815 2310 847 2330 ac
874 2303 1043 2337 presbytero.

255 2348 314 2375 Una
329 2355 437 2383 quoque
450 2347 584 2384 Cyrisicio
610 2349 748 2383 episcopo,
774 2354 939 2382 rursumque
956 2347 1043 2374 altera

253 2392 352 2421 Joauui
384 2394 570 2426 cubiculario,
603 2393 729 2421 similiter
754 2398 781 2421 et
809 2393 948 2427 Stephano
974 2400 1044 2428 pra:-

255 2439 348 2473 fecto,
377 2447 439 2467 cum
470 2447 523 2468 una
551 2439 585 2467 ad
622 2439 760 2468 ConOnetu
793 2439 982 2475 presbyterum
1013 2447 1047 2467 ac

1129 2028 1190 2055 Τῶν
1204 2028 1226 2055 δ’
1243 2027 1332 2055 ἄλλων
1346 2029 1498 2056 ἐπιστολῶν
1517 2030 1590 2065 τρεῖς
1608 2029 1658 2064 μέν
1678 2030 1732 2055 εισι
1746 2028 1817 2064 πρὸς
1830 2029 1895 2056 Θα-

1092 2073 1202 2101 λάσσιον
1227 2074 1414 2111 πρεσϐύτερον
1441 2075 1489 2101 καὶ
1512 2075 1674 2110 ἡγούμενον,
1696 2075 1742 2101 δύο
1764 2075 1792 2101 δὲ
1816 2076 1896 2110 πρὸς

1056 2135 1078 2163 D
1099 2119 1226 2154 Ἰωάννην
1254 2119 1488 2156 κουϐικουλάριον,
1513 2119 1560 2146 δύο
1583 2119 1612 2146 δὲ
1638 2119 1707 2154 πρὸς
1731 2119 1897 2154 Σωφρὸνιον

1094 2164 1247 2200 μονάζοντα
1273 2164 1318 2191 τὸν
1342 2165 1457 2200 ἐπίκλην
1483 2165 1638 2200 Εὑκρατᾶν,
1665 2165 1713 2192 καὶ
1740 2165 1788 2200 μία
1818 2166 1898 2200 πρὸς

1101 2210 1231 2245 Ἰωάννην
1258 2210 1400 2246 σοφιστὴν,
1424 2212 1471 2237 καὶ
1490 2211 1541 2246 μία
1558 2211 1625 2246 πρὸς
1645 2210 1743 2237 Ἰανίαν
1767 2211 1899 2245 ἡγουμέ-

1093 2265 1153 2290 νην,
1174 2256 1221 2282 καὶ
1238 2255 1287 2291 μία
1303 2255 1448 2292 Θαλασσίῳ
1464 2257 1609 2292 ἡγουμένῳ
1626 2257 1672 2283 καὶ
1687 2256 1875 2292 πρεσϐυτέρῳ
1888 2277 1897 2290 ,

1095 2303 1142 2328 καὶ
1159 2302 1208 2337 μία
1235 2302 1357 2339 Ἰορδάνῃ
1380 2303 1560 2339 πρεσϐυτέρῳ
1583 2304 1630 2330 καὶ
1654 2304 1783 2339 Στεφάνῳ
1805 2304 1899 2338 ἡγου-

1099 2348 1172 2384 μένῳ
1188 2348 1236 2375 καὶ
1260 2348 1440 2384 πρεσϐυτέρῳ
1452 2369 1459 2379 ,
1484 2350 1529 2376 καὶ
1545 2349 1595 2384 μία
1610 2349 1632 2365 ⁸⁸
1654 2349 1809 2385 Κυρισικίῳ
1827 2350 1899 2375 ἐπι-

1099 2394 1214 2430 σκόπῳ,
1233 2395 1280 2421 καὶ
1309 2395 1349 2421 ἔτι
1366 2395 1388 2411 ⁸⁵
1416 2396 1497 2430 ἑτέρα
1524 2397 1573 2430 μία
1605 2396 1715 2430 Ἰωάννῃ
1743 2396 1898 2421 κουϐικου-

1097 2440 1204 2476 λαρίῳ,
1227 2441 1329 2477 ὁμοίως
1355 2442 1403 2468 καὶ
1431 2441 1559 2477 Στεφάνῳ
1588 2441 1770 2477 πρεσϐυτέρῳ
1798 2449 1851 2468 και
1874 2444 1899 2456 “⁶

903 2521 946 2549 VA
953 2520 1023 2548 file
1045 2520 1251 2551 LECTIONES.

290 2578 313 2594 “
331 2586 391 2616 τινα
407 2578 551 2616 φιλόσοφον
558 2577 696 2616 Ἰωάννην]
706 2578 832 2616 Ἰωάννην
839 2578 899 2616 τινᾲ
986 2579 1009 2594 θ’
1026 2579 1225 2616 ᾲπαράτρωτον
1238 2581 1379 2608 εὐσέϐειαν
1392 2590 1421 2614 ς.

254 2610 300 2649 οὖν
315 2613 382 2649 πρὸς
391 2610 421 2646 ςξ

255 2647 278 2664 ⁸⁵
292 2647 469 2684 πρεσϐυτέρῳ
485 2650 533 2675 καὶ
549 2649 611 2676 add.
627 2650 660 2676 Α.

475 2614 498 2629 ⁸⁸
512 2614 558 2640 καὶ
574 2614 623 2650 μία
640 2613 804 2650 Κυριτίνδῳ]
818 2614 955 2642 haeciufra
969 2613 1156 2649 ponitA'ant'e
1175 2616 1218 2643 illa
1238 2624 1265 2644 ν.
1289 2617 1333 2644 19.
1353 2613 1404 2643 καῖ
1427 2616 1474 2644 δύο
1494 2617 1524 2644 Ἰ.

1460 2582 1482 2597 ⁸⁸
1494 2581 1562 2616 τδτῷ
1577 2580 1717 2616 Νεστορίῳ
1732 2589 1761 2613 ς.
1801 2581 1824 2596 ⁸³
1843 2583 1906 2616 μὲν

1572 2617 1594 2632 ⁶¹
1613 2615 1671 2652 μία⁷
1693 2617 1734 2643 ἑτι
1754 2615 1848 2651 ἑτέρα
1866 2628 1902 2650 ς,

1015 2718 1131 2747 ΝΟΤΔΕ.

294 2777 360 2811 (40⁸)
379 2777 443 2810 Qua:
458 2784 525 2810 pene
540 2777 631 2804 omnia
656 2778 769 2813 repetita
786 2778 861 2813 leges
875 2778 908 2805 ad
930 2776 1039 2806 Petrqu

259 2811 393 2840 Illustretn
405 2813 452 2838 tul'.
465 2812 523 2840 cod.
540 2820 598 2846 seq.

1104 2778 1190 2848 '02:!)
1208 2777 1377 2806 Naturarum
1403 2787 1509 2815 quoque
1525 2787 1626 2814 vertas,
1654 2786 1683 2809 ut
1705 2786 1800 2809 notum
1819 2784 1908 2811 thum-
