  <div class='ocr_page' id='page_1' title='image "/cluster/home/n/w/nwhite01/storage/ocr_20150623/103/njp.32101010943882/439.png"; bbox 0 0 1916 3092; ppageno 0'>
   <div class='ocr_carea' id='block_1_1' title="bbox 251 152 301 185">
    <p class='ocr_par' dir='ltr' id='par_1_1' title="bbox 251 152 301 185">
     <span class='ocr_line' id='line_1_1' title="bbox 251 152 301 185; baseline -0.02 0"><span class='ocrx_word' id='word_1_1' title='bbox 251 152 301 185; x_wconf 72' lang='grc'><strong>(551</strong></span> 
     </span>
    </p>
   </div>
   <div class='ocr_carea' id='block_1_2' title="bbox 824 152 1300 183">
    <p class='ocr_par' dir='ltr' id='par_1_2' title="bbox 824 152 1300 183">
     <span class='ocr_line' id='line_1_2' title="bbox 824 152 1300 183; baseline -0.004 0"><span class='ocrx_word' id='word_1_2' title='bbox 824 153 956 183; x_wconf 87' lang='grc' dir='ltr'><strong>ΡΗΟΤΙΙ</strong></span> <span class='ocrx_word' id='word_1_3' title='bbox 975 152 1228 183; x_wconf 69' lang='grc' dir='ltr'><strong>ΡΑΤΙῖΙΑΙὶΟΗίΕ</strong></span> <span class='ocrx_word' id='word_1_4' title='bbox 1246 153 1300 182; x_wconf 87' lang='lat' dir='ltr'><strong>CP.</strong></span> 
     </span>
    </p>
   </div>
   <div class='ocr_carea' id='block_1_3' title="bbox 1815 151 1866 183">
    <p class='ocr_par' dir='ltr' id='par_1_3' title="bbox 1815 151 1866 183">
     <span class='ocr_line' id='line_1_3' title="bbox 1815 151 1866 183; baseline 0.02 -1"><span class='ocrx_word' id='word_1_5' title='bbox 1815 151 1866 183; x_wconf 73' lang='lat'>652</span> 
     </span>
    </p>
   </div>
   <div class='ocr_carea' id='block_1_4' title="bbox 253 205 1037 245">
    <p class='ocr_par' dir='ltr' id='par_1_4' title="bbox 253 208 1037 245">
     <span class='ocr_line' id='line_1_4' title="bbox 253 208 1037 245; baseline -0.004 -8"><span class='ocrx_word' id='word_1_6' title='bbox 253 217 316 238; x_wconf 87' lang='lat' dir='ltr'><strong>cum</strong></span> <span class='ocrx_word' id='word_1_7' title='bbox 334 209 540 245; x_wconf 74' lang='lat' dir='ltr'><strong>quadringentis</strong></span> <span class='ocrx_word' id='word_1_8' title='bbox 553 209 605 236; x_wconf 85' lang='lat' dir='ltr'><strong>illis</strong></span> <span class='ocrx_word' id='word_1_9' title='bbox 620 209 753 244; x_wconf 82' lang='lat' dir='ltr'><strong>capitibus</strong></span> <span class='ocrx_word' id='word_1_10' title='bbox 765 208 844 244; x_wconf 86' lang='lat' dir='ltr'><strong>quasi</strong></span> <span class='ocrx_word' id='word_1_11' title='bbox 853 209 1037 243; x_wconf 78' lang='lat' dir='ltr'><strong>cognationem</strong></span> 
     </span>
    </p>
   </div>
   <div class='ocr_carea' id='block_1_5' title="bbox 1096 205 1869 245">
    <p class='ocr_par' dir='ltr' id='par_1_5' title="bbox 1096 205 1869 243">
     <span class='ocr_line' id='line_1_5' title="bbox 1096 205 1869 243; baseline 0 -9"><span class='ocrx_word' id='word_1_12' title='bbox 1096 208 1198 242; x_wconf 77' lang='grc' dir='ltr'>φάλαια</span> <span class='ocrx_word' id='word_1_13' title='bbox 1211 207 1261 243; x_wconf 87' lang='grc' dir='ltr'>τὴν</span> <span class='ocrx_word' id='word_1_14' title='bbox 1277 207 1439 241; x_wconf 81' lang='grc' dir='ltr'>συγγένειαν</span> <span class='ocrx_word' id='word_1_15' title='bbox 1452 205 1595 234; x_wconf 64' lang='grc' dir='ltr'>ἀνόθευτον</span> <span class='ocrx_word' id='word_1_16' title='bbox 1612 207 1747 234; x_wconf 78' lang='grc' dir='ltr'>δείκνυσιν</span> <span class='ocrx_word' id='word_1_17' title='bbox 1761 207 1798 234; x_wconf 80' lang='grc' dir='ltr'>ὅτι</span> <span class='ocrx_word' id='word_1_18' title='bbox 1811 208 1869 234; x_wconf 66' lang='grc' dir='ltr'>διαι-</span> 
     </span>
    </p>
   </div>
   <div class='ocr_carea' id='block_1_6' title="bbox 253 255 467 283">
    <p class='ocr_par' dir='ltr' id='par_1_6' title="bbox 253 255 467 283">
     <span class='ocr_line' id='line_1_6' title="bbox 253 255 467 283; baseline -0.005 0"><span class='ocrx_word' id='word_1_19' title='bbox 253 257 323 283; x_wconf 81' lang='lat' dir='ltr'><strong>satis</strong></span> <span class='ocrx_word' id='word_1_20' title='bbox 336 255 467 283; x_wconf 91' lang='lat' dir='ltr'><strong>declarat.</strong></span> 
     </span>
    </p>
   </div>
   <div class='ocr_carea' id='block_1_7' title="bbox 283 300 1040 336">
    <p class='ocr_par' dir='ltr' id='par_1_7' title="bbox 283 300 1040 336">
     <span class='ocr_line' id='line_1_7' title="bbox 283 300 1040 336; baseline -0.001 -8"><span class='ocrx_word' id='word_1_21' title='bbox 283 301 314 328; x_wconf 81' lang='grc' dir='ltr'>ιιι</span> <span class='ocrx_word' id='word_1_22' title='bbox 330 310 363 329; x_wconf 90' lang='lat' dir='ltr'><strong>eo</strong></span> <span class='ocrx_word' id='word_1_23' title='bbox 389 301 448 336; x_wconf 88' lang='lat' dir='ltr'><strong>ipso</strong></span> <span class='ocrx_word' id='word_1_24' title='bbox 471 301 608 328; x_wconf 93' lang='lat' dir='ltr'><strong>volumine</strong></span> <span class='ocrx_word' id='word_1_25' title='bbox 631 300 720 328; x_wconf 86' lang='lat' dir='ltr'><strong>lectus</strong></span> <span class='ocrx_word' id='word_1_26' title='bbox 747 300 804 336; x_wconf 71' lang='grc'><strong>(45)</strong></span> <span class='ocrx_word' id='word_1_27' title='bbox 832 300 902 328; x_wconf 85' lang='lat' dir='ltr'><strong>liber</strong></span> <span class='ocrx_word' id='word_1_28' title='bbox 929 305 1040 327; x_wconf 86' lang='lat' dir='ltr'><strong>centum</strong></span> 
     </span>
    </p>
   </div>
   <div class='ocr_carea' id='block_1_8' title="bbox 254 346 1040 382">
    <p class='ocr_par' dir='ltr' id='par_1_8' title="bbox 254 346 1040 382">
     <span class='ocr_line' id='line_1_8' title="bbox 254 346 1040 382; baseline -0.003 -7"><span class='ocrx_word' id='word_1_29' title='bbox 254 352 384 375; x_wconf 93' lang='lat' dir='ltr'><strong>constans</strong></span> <span class='ocrx_word' id='word_1_30' title='bbox 399 347 545 382; x_wconf 87' lang='lat' dir='ltr'><strong>capitibus,</strong></span> <span class='ocrx_word' id='word_1_31' title='bbox 562 351 590 373; x_wconf 89' lang='lat' dir='ltr'><strong>et</strong></span> <span class='ocrx_word' id='word_1_32' title='bbox 608 346 676 373; x_wconf 87' lang='lat' dir='ltr'><strong>alter</strong></span> <span class='ocrx_word' id='word_1_33' title='bbox 692 346 756 373; x_wconf 90' lang='lat' dir='ltr'><strong>item</strong></span> <span class='ocrx_word' id='word_1_34' title='bbox 772 346 882 374; x_wconf 83' lang='lat' dir='ltr'><strong>totidem</strong></span> <span class='ocrx_word' id='word_1_35' title='bbox 902 346 1040 381; x_wconf 81' lang='lat' dir='ltr'><strong>capitibus</strong></span> 
     </span>
    </p>
   </div>
   <div class='ocr_carea' id='block_1_9' title="bbox 255 391 1039 428">
    <p class='ocr_par' dir='ltr' id='par_1_9' title="bbox 255 391 1039 428">
     <span class='ocr_line' id='line_1_9' title="bbox 255 391 1039 428; baseline -0.004 -7"><span class='ocrx_word' id='word_1_36' title='bbox 255 393 403 425; x_wconf 81' lang='lat' dir='ltr'><strong>absolutus,</strong></span> <span class='ocrx_word' id='word_1_37' title='bbox 416 393 441 420; x_wconf 91' lang='lat' dir='ltr'><strong>in</strong></span> <span class='ocrx_word' id='word_1_38' title='bbox 467 393 565 428; x_wconf 84' lang='lat' dir='ltr'><strong>quibus</strong></span> <span class='ocrx_word' id='word_1_39' title='bbox 584 399 636 419; x_wconf 91' lang='lat' dir='ltr'><strong>non</strong></span> <span class='ocrx_word' id='word_1_40' title='bbox 661 391 749 419; x_wconf 90' lang='lat' dir='ltr'><strong>solum</strong></span> <span class='ocrx_word' id='word_1_41' title='bbox 775 392 929 421; x_wconf 88' lang='lat' dir='ltr'><strong>divinarum</strong></span> <span class='ocrx_word' id='word_1_42' title='bbox 948 400 1039 419; x_wconf 87' lang='lat' dir='ltr'><strong>rermn</strong></span> 
     </span>
    </p>
   </div>
   <div class='ocr_carea' id='block_1_10' title="bbox 253 438 1041 472">
    <p class='ocr_par' dir='ltr' id='par_1_10' title="bbox 253 438 1041 472">
     <span class='ocr_line' id='line_1_10' title="bbox 253 438 1041 472; baseline -0.003 -4"><span class='ocrx_word' id='word_1_43' title='bbox 253 440 369 468; x_wconf 85' lang='lat' dir='ltr'><strong>scientia</strong></span> <span class='ocrx_word' id='word_1_44' title='bbox 394 439 494 471; x_wconf 87' lang='lat' dir='ltr'><strong>elucet,</strong></span> <span class='ocrx_word' id='word_1_45' title='bbox 520 439 566 465; x_wconf 84' lang='lat' dir='ltr'><strong>sed</strong></span> <span class='ocrx_word' id='word_1_46' title='bbox 595 438 715 465; x_wconf 91' lang='lat' dir='ltr'><strong>moribus</strong></span> <span class='ocrx_word' id='word_1_47' title='bbox 739 445 850 472; x_wconf 90' lang='lat' dir='ltr'><strong>quoque</strong></span> <span class='ocrx_word' id='word_1_48' title='bbox 874 439 1041 466; x_wconf 78' lang='lat' dir='ltr'><strong>exornandis</strong></span> 
     </span>
    </p>
   </div>
   <div class='ocr_carea' id='block_1_11' title="bbox 253 484 1041 522">
    <p class='ocr_par' dir='ltr' id='par_1_11' title="bbox 253 484 1041 522">
     <span class='ocr_line' id='line_1_11' title="bbox 253 484 1041 522; baseline -0.001 -9"><span class='ocrx_word' id='word_1_49' title='bbox 253 491 317 522; x_wconf 87' lang='lat' dir='ltr'><strong>apta</strong></span> <span class='ocrx_word' id='word_1_50' title='bbox 335 485 458 514; x_wconf 83' lang='lat' dir='ltr'><strong>doctrina</strong></span> <span class='ocrx_word' id='word_1_51' title='bbox 475 485 594 512; x_wconf 80' lang='lat' dir='ltr'><strong>excellit.</strong></span> <span class='ocrx_word' id='word_1_52' title='bbox 613 484 734 518; x_wconf 89' lang='lat' dir='ltr'><strong>Quorum</strong></span> <span class='ocrx_word' id='word_1_53' title='bbox 752 484 860 519; x_wconf 83' lang='lat' dir='ltr'><strong>quidem</strong></span> <span class='ocrx_word' id='word_1_54' title='bbox 875 485 947 511; x_wconf 85' lang='lat' dir='ltr'><strong>nulla</strong></span> <span class='ocrx_word' id='word_1_55' title='bbox 970 484 997 511; x_wconf 93' lang='lat' dir='ltr'><strong>in</strong></span> <span class='ocrx_word' id='word_1_56' title='bbox 1011 492 1041 512; x_wconf 92' lang='lat' dir='ltr'><strong>re</strong></span> 
     </span>
    </p>
   </div>
   <div class='ocr_carea' id='block_1_12' title="bbox 252 530 1041 566">
    <p class='ocr_par' dir='ltr' id='par_1_12' title="bbox 252 530 1041 566">
     <span class='ocr_line' id='line_1_12' title="bbox 252 530 1041 566; baseline -0.001 -7"><span class='ocrx_word' id='word_1_57' title='bbox 252 540 315 559; x_wconf 87' lang='lat' dir='ltr'><strong>cutn</strong></span> <span class='ocrx_word' id='word_1_58' title='bbox 335 531 545 566; x_wconf 81' lang='lat' dir='ltr'><strong>quadringentis</strong></span> <span class='ocrx_word' id='word_1_59' title='bbox 581 530 636 558; x_wconf 82' lang='lat' dir='ltr'><strong>illis</strong></span> <span class='ocrx_word' id='word_1_60' title='bbox 665 530 802 565; x_wconf 81' lang='lat' dir='ltr'><strong>capitibus</strong></span> <span class='ocrx_word' id='word_1_61' title='bbox 829 530 926 558; x_wconf 87' lang='lat' dir='ltr'><strong>similis</strong></span> <span class='ocrx_word' id='word_1_62' title='bbox 947 530 1041 565; x_wconf 74' lang='lat' dir='ltr'><strong>genius</strong></span> 
     </span>
    </p>
   </div>
   <div class='ocr_carea' id='block_1_13' title="bbox 253 575 1037 610">
    <p class='ocr_par' dir='ltr' id='par_1_13' title="bbox 253 575 1037 610">
     <span class='ocr_line' id='line_1_13' title="bbox 253 575 1037 610; baseline -0.003 -6"><span class='ocrx_word' id='word_1_63' title='bbox 253 577 460 608; x_wconf 87' lang='lat' dir='ltr'><strong>adulteraretur,</strong></span> <span class='ocrx_word' id='word_1_64' title='bbox 473 575 495 604; x_wconf 88' lang='lat' dir='ltr'><strong>si</strong></span> <span class='ocrx_word' id='word_1_65' title='bbox 509 583 561 603; x_wconf 90' lang='lat' dir='ltr'><strong>non</strong></span> <span class='ocrx_word' id='word_1_66' title='bbox 578 576 723 610; x_wconf 64' lang='lat' dir='ltr'><strong>suppositas</strong></span> <span class='ocrx_word' id='word_1_67' title='bbox 739 576 877 610; x_wconf 86' lang='lat' dir='ltr'><strong>plerisque</strong></span> <span class='ocrx_word' id='word_1_68' title='bbox 891 575 1037 610; x_wconf 74' lang='lat' dir='ltr'><strong>allegorize,</strong></span> 
     </span>
    </p>
   </div>
   <div class='ocr_carea' id='block_1_14' title="bbox 253 620 1038 656">
    <p class='ocr_par' dir='ltr' id='par_1_14' title="bbox 253 620 1038 656">
     <span class='ocr_line' id='line_1_14' title="bbox 253 620 1038 656; baseline -0.001 -7"><span class='ocrx_word' id='word_1_69' title='bbox 253 623 341 650; x_wconf 85' lang='lat' dir='ltr'><strong>ailinia</strong></span> <span class='ocrx_word' id='word_1_70' title='bbox 357 623 413 649; x_wconf 63' lang='lat' dir='ltr'><strong>haec</strong></span> <span class='ocrx_word' id='word_1_71' title='bbox 425 622 448 649; x_wconf 90' lang='lat' dir='ltr'><strong>ei</strong></span> <span class='ocrx_word' id='word_1_72' title='bbox 467 622 570 656; x_wconf 89' lang='lat' dir='ltr'><strong>scripto</strong></span> <span class='ocrx_word' id='word_1_73' title='bbox 584 621 786 656; x_wconf 82' lang='lat' dir='ltr'><strong>quodammodo</strong></span> <span class='ocrx_word' id='word_1_74' title='bbox 802 620 950 655; x_wconf 79' lang='lat' dir='ltr'><strong>cﬂicercnt,</strong></span> <span class='ocrx_word' id='word_1_75' title='bbox 966 621 1038 655; x_wconf 86' lang='lat' dir='ltr'><strong>quod</strong></span> 
     </span>
    </p>
   </div>
   <div class='ocr_carea' id='block_1_15' title="bbox 253 665 1038 701">
    <p class='ocr_par' dir='ltr' id='par_1_15' title="bbox 253 665 1038 701">
     <span class='ocr_line' id='line_1_15' title="bbox 253 665 1038 701; baseline -0.003 -7"><span class='ocrx_word' id='word_1_76' title='bbox 253 667 412 701; x_wconf 78' lang='lat' dir='ltr'><strong>diligentem</strong></span> <span class='ocrx_word' id='word_1_77' title='bbox 430 665 503 692; x_wconf 86' lang='lat' dir='ltr'><strong>illam</strong></span> <span class='ocrx_word' id='word_1_78' title='bbox 523 666 666 693; x_wconf 90' lang='lat' dir='ltr'><strong>dubiorum</strong></span> <span class='ocrx_word' id='word_1_79' title='bbox 691 673 724 692; x_wconf 87' lang='lat' dir='ltr'><strong>ac</strong></span> <span class='ocrx_word' id='word_1_80' title='bbox 742 665 908 693; x_wconf 87' lang='lat' dir='ltr'><strong>solutionum</strong></span> <span class='ocrx_word' id='word_1_81' title='bbox 925 672 941 692; x_wconf 86' lang='lat' dir='ltr'><strong>e</strong></span> <span class='ocrx_word' id='word_1_82' title='bbox 961 672 1038 692; x_wconf 87' lang='lat' dir='ltr'><strong>sacra</strong></span> 
     </span>
    </p>
   </div>
   <div class='ocr_carea' id='block_1_16' title="bbox 254 711 1036 747">
    <p class='ocr_par' dir='ltr' id='par_1_16' title="bbox 254 711 1036 747">
     <span class='ocr_line' id='line_1_16' title="bbox 254 711 1036 747; baseline -0.003 -7"><span class='ocrx_word' id='word_1_83' title='bbox 254 714 395 747; x_wconf 85' lang='lat' dir='ltr'><strong>Scriptura</strong></span> <span class='ocrx_word' id='word_1_84' title='bbox 429 712 647 746; x_wconf 84' lang='lat' dir='ltr'><strong>explanationem</strong></span> <span class='ocrx_word' id='word_1_85' title='bbox 677 711 862 747; x_wconf 83' lang='lat' dir='ltr'><strong>persequitur,</strong></span> <span class='ocrx_word' id='word_1_86' title='bbox 891 711 1036 739; x_wconf 90' lang='lat' dir='ltr'><strong>Thalassio</strong></span> 
     </span>
    </p>
   </div>
   <div class='ocr_carea' id='block_1_17' title="bbox 252 757 1037 795">
    <p class='ocr_par' dir='ltr' id='par_1_17' title="bbox 252 757 1037 795">
     <span class='ocr_line' id='line_1_17' title="bbox 252 757 1037 795; baseline -0.001 -10"><span class='ocrx_word' id='word_1_87' title='bbox 252 760 412 795; x_wconf 75' lang='lat' dir='ltr'><strong>presbytero</strong></span> <span class='ocrx_word' id='word_1_88' title='bbox 426 766 458 786; x_wconf 90' lang='lat' dir='ltr'><strong>ac</strong></span> <span class='ocrx_word' id='word_1_89' title='bbox 474 757 600 793; x_wconf 64' lang='lat' dir='ltr'><strong>praefecto</strong></span> <span class='ocrx_word' id='word_1_90' title='bbox 629 757 793 785; x_wconf 87' lang='lat' dir='ltr'><strong>dedicatum.</strong></span> <span class='ocrx_word' id='word_1_91' title='bbox 811 758 972 792; x_wconf 87' lang='lat' dir='ltr'><strong>Quanquam</strong></span> <span class='ocrx_word' id='word_1_92' title='bbox 986 757 1037 785; x_wconf 88' lang='lat' dir='ltr'><strong>ho-</strong></span> 
     </span>
    </p>
   </div>
   <div class='ocr_carea' id='block_1_18' title="bbox 252 803 1037 839">
    <p class='ocr_par' dir='ltr' id='par_1_18' title="bbox 252 803 1037 839">
     <span class='ocr_line' id='line_1_18' title="bbox 252 803 1037 839; baseline -0.003 -7"><span class='ocrx_word' id='word_1_93' title='bbox 252 813 312 832; x_wconf 86' lang='lat' dir='ltr'><strong>rum</strong></span> <span class='ocrx_word' id='word_1_94' title='bbox 329 804 410 832; x_wconf 89' lang='lat' dir='ltr'><strong>etiam</strong></span> <span class='ocrx_word' id='word_1_95' title='bbox 434 804 566 831; x_wconf 88' lang='lat' dir='ltr'><strong>librorum</strong></span> <span class='ocrx_word' id='word_1_96' title='bbox 585 811 646 831; x_wconf 93' lang='lat' dir='ltr'><strong>cum</strong></span> <span class='ocrx_word' id='word_1_97' title='bbox 676 803 729 831; x_wconf 87' lang='lat' dir='ltr'><strong>illis</strong></span> <span class='ocrx_word' id='word_1_98' title='bbox 743 803 878 838; x_wconf 86' lang='lat' dir='ltr'><strong>capitibus</strong></span> <span class='ocrx_word' id='word_1_99' title='bbox 897 804 1037 839; x_wconf 74' lang='lat' dir='ltr'><strong>cognatio,</strong></span> 
     </span>
    </p>
   </div>
   <div class='ocr_carea' id='block_1_19' title="bbox 1094 254 1186 284">
    <p class='ocr_par' dir='ltr' id='par_1_19' title="bbox 1094 254 1186 284">
     <span class='ocr_line' id='line_1_19' title="bbox 1094 254 1186 284; baseline 0 -4"><span class='ocrx_word' id='word_1_100' title='bbox 1094 254 1186 284; x_wconf 80' lang='grc' dir='ltr'><strong>σώζει.</strong></span> 
     </span>
    </p>
   </div>
   <div class='ocr_carea' id='block_1_20' title="bbox 1134 296 1869 334">
    <p class='ocr_par' dir='ltr' id='par_1_20' title="bbox 1134 296 1869 334">
     <span class='ocr_line' id='line_1_20' title="bbox 1134 296 1869 334; baseline 0.005 -12"><span class='ocrx_word' id='word_1_101' title='bbox 1134 297 1178 322; x_wconf 87' lang='grc' dir='ltr'>Ἐν</span> <span class='ocrx_word' id='word_1_102' title='bbox 1191 296 1220 322; x_wconf 80' lang='grc' dir='ltr'>δὲ</span> <span class='ocrx_word' id='word_1_103' title='bbox 1235 296 1273 331; x_wconf 82' lang='grc' dir='ltr'><strong>τῷ</strong></span> <span class='ocrx_word' id='word_1_104' title='bbox 1287 296 1360 332; x_wconf 83' lang='grc' dir='ltr'><strong>αὺτῷ</strong></span> <span class='ocrx_word' id='word_1_105' title='bbox 1375 296 1465 332; x_wconf 82' lang='grc' dir='ltr'><strong>τεύχει</strong></span> <span class='ocrx_word' id='word_1_106' title='bbox 1481 298 1686 334; x_wconf 83' lang='grc' dir='ltr'>συνανεγνώσθη</span> <span class='ocrx_word' id='word_1_107' title='bbox 1701 299 1776 333; x_wconf 84' lang='grc' dir='ltr'>λόγος</span> <span class='ocrx_word' id='word_1_108' title='bbox 1789 308 1869 334; x_wconf 83' lang='grc' dir='ltr'>κεφα-</span> 
     </span>
    </p>
   </div>
   <div class='ocr_carea' id='block_1_21' title="bbox 1093 343 1868 380">
    <p class='ocr_par' dir='ltr' id='par_1_21' title="bbox 1093 343 1868 380">
     <span class='ocr_line' id='line_1_21' title="bbox 1093 343 1868 380; baseline 0.004 -11"><span class='ocrx_word' id='word_1_109' title='bbox 1093 343 1178 375; x_wconf 81' lang='grc' dir='ltr'>λαίοις</span> <span class='ocrx_word' id='word_1_110' title='bbox 1191 346 1214 378; x_wconf 84' lang='grc' dir='ltr'>ρ’</span> <span class='ocrx_word' id='word_1_111' title='bbox 1227 343 1418 378; x_wconf 78' lang='grc' dir='ltr'><strong>διειλημμένος</strong></span> <span class='ocrx_word' id='word_1_112' title='bbox 1430 364 1437 376; x_wconf 89' lang='grc'><strong>,</strong></span> <span class='ocrx_word' id='word_1_113' title='bbox 1452 344 1500 370; x_wconf 84' lang='grc' dir='ltr'>καὶ</span> <span class='ocrx_word' id='word_1_114' title='bbox 1515 344 1607 379; x_wconf 74' lang='grc' dir='ltr'>ἕτερος</span> <span class='ocrx_word' id='word_1_115' title='bbox 1626 344 1726 380; x_wconf 83' lang='grc' dir='ltr'>ὁμοίως</span> <span class='ocrx_word' id='word_1_116' title='bbox 1740 347 1792 377; x_wconf 80' lang='grc' dir='ltr'>τοῖς</span> <span class='ocrx_word' id='word_1_117' title='bbox 1805 346 1868 378; x_wconf 77' lang='grc' dir='ltr'>ἴσοις</span> 
     </span>
    </p>
   </div>
   <div class='ocr_carea' id='block_1_22' title="bbox 1092 387 1871 426">
    <p class='ocr_par' dir='ltr' id='par_1_22' title="bbox 1092 387 1871 426">
     <span class='ocr_line' id='line_1_22' title="bbox 1092 387 1871 426; baseline 0.005 -11"><span class='ocrx_word' id='word_1_118' title='bbox 1092 389 1316 424; x_wconf 81' lang='grc' dir='ltr'>ἁπηρτισμένος,</span> <span class='ocrx_word' id='word_1_119' title='bbox 1342 391 1371 417; x_wconf 82' lang='grc' dir='ltr'>ὲν</span> <span class='ocrx_word' id='word_1_120' title='bbox 1397 387 1438 421; x_wconf 73' lang='grc' dir='ltr'><strong>οἷς</strong></span> <span class='ocrx_word' id='word_1_121' title='bbox 1461 390 1584 424; x_wconf 81' lang='grc' dir='ltr'>Θεολογία</span> <span class='ocrx_word' id='word_1_122' title='bbox 1606 399 1638 417; x_wconf 75' lang='grc' dir='ltr'><strong>τε</strong></span> <span class='ocrx_word' id='word_1_123' title='bbox 1659 391 1802 426; x_wconf 84' lang='grc' dir='ltr'><strong>διαλάμπει</strong></span> <span class='ocrx_word' id='word_1_124' title='bbox 1823 393 1871 419; x_wconf 75' lang='grc' dir='ltr'>καὶ</span> 
     </span>
    </p>
   </div>
   <div class='ocr_carea' id='block_1_23' title="bbox 1092 435 1871 472">
    <p class='ocr_par' dir='ltr' id='par_1_23' title="bbox 1092 435 1871 472">
     <span class='ocr_line' id='line_1_23' title="bbox 1092 435 1871 472; baseline 0.003 -10"><span class='ocrx_word' id='word_1_125' title='bbox 1092 435 1166 472; x_wconf 81' lang='grc' dir='ltr'>ἠθῶν</span> <span class='ocrx_word' id='word_1_126' title='bbox 1178 436 1358 471; x_wconf 81' lang='grc' dir='ltr'><strong>διακόσμησις</strong></span> <span class='ocrx_word' id='word_1_127' title='bbox 1380 436 1536 472; x_wconf 79' lang='grc' dir='ltr'>διαπρέπει.</span> <span class='ocrx_word' id='word_1_128' title='bbox 1553 437 1607 464; x_wconf 73' lang='grc' dir='ltr'><strong>Καὶ</strong></span> <span class='ocrx_word' id='word_1_129' title='bbox 1622 437 1673 464; x_wconf 82' lang='grc' dir='ltr'>οὐκ</span> <span class='ocrx_word' id='word_1_130' title='bbox 1688 437 1722 464; x_wconf 82' lang='grc' dir='ltr'>ἂν</span> <span class='ocrx_word' id='word_1_131' title='bbox 1742 438 1770 464; x_wconf 83' lang='grc' dir='ltr'>ὲν</span> <span class='ocrx_word' id='word_1_132' title='bbox 1786 438 1871 465; x_wconf 74' lang='grc' dir='ltr'>οὐδενὶ</span> 
     </span>
    </p>
   </div>
   <div class='ocr_carea' id='block_1_24' title="bbox 1092 482 1871 518">
    <p class='ocr_par' dir='ltr' id='par_1_24' title="bbox 1092 482 1871 518">
     <span class='ocr_line' id='line_1_24' title="bbox 1092 482 1871 518; baseline 0.003 -10"><span class='ocrx_word' id='word_1_133' title='bbox 1092 482 1122 508; x_wconf 81' lang='grc' dir='ltr'>τὸ</span> <span class='ocrx_word' id='word_1_134' title='bbox 1135 482 1254 517; x_wconf 74' lang='grc' dir='ltr'>ὀμοφυὲς</span> <span class='ocrx_word' id='word_1_135' title='bbox 1274 483 1366 514; x_wconf 83' lang='grc' dir='ltr'>αὐτοῖς</span> <span class='ocrx_word' id='word_1_136' title='bbox 1380 483 1448 518; x_wconf 74' lang='grc' dir='ltr'>πρὸς</span> <span class='ocrx_word' id='word_1_137' title='bbox 1459 482 1494 509; x_wconf 79' lang='grc' dir='ltr'><strong>τὰ</strong></span> <span class='ocrx_word' id='word_1_138' title='bbox 1505 486 1527 508; x_wconf 87' lang='grc' dir='ltr'>υ¹</span> <span class='ocrx_word' id='word_1_139' title='bbox 1542 482 1677 517; x_wconf 79' lang='grc' dir='ltr'>κεφάλαια</span> <span class='ocrx_word' id='word_1_140' title='bbox 1691 483 1830 515; x_wconf 77' lang='grc' dir='ltr'>ἐνοθεύετο,</span> <span class='ocrx_word' id='word_1_141' title='bbox 1845 485 1871 509; x_wconf 74' lang='grc' dir='ltr'>εἰ</span> 
     </span>
    </p>
   </div>
   <div class='ocr_carea' id='block_1_25' title="bbox 1093 527 1871 564">
    <p class='ocr_par' dir='ltr' id='par_1_25' title="bbox 1093 527 1871 564">
     <span class='ocr_line' id='line_1_25' title="bbox 1093 527 1871 564; baseline 0.003 -10"><span class='ocrx_word' id='word_1_142' title='bbox 1093 527 1132 564; x_wconf 80' lang='grc' dir='ltr'>μὴ</span> <span class='ocrx_word' id='word_1_143' title='bbox 1154 528 1184 554; x_wconf 81' lang='grc' dir='ltr'><strong>τὸ</strong></span> <span class='ocrx_word' id='word_1_144' title='bbox 1209 528 1389 564; x_wconf 82' lang='grc' dir='ltr'>ἀλληγορικὺν</span> <span class='ocrx_word' id='word_1_145' title='bbox 1413 529 1443 555; x_wconf 79' lang='grc' dir='ltr'>ἐν</span> <span class='ocrx_word' id='word_1_146' title='bbox 1464 528 1572 560; x_wconf 79' lang='grc' dir='ltr'><strong>πολλοῖς</strong></span> <span class='ocrx_word' id='word_1_147' title='bbox 1591 529 1803 564; x_wconf 77' lang='grc' dir='ltr'>ὑποϐαλλόμενον</span> <span class='ocrx_word' id='word_1_148' title='bbox 1822 529 1871 556; x_wconf 67' lang='grc' dir='ltr'>καὶ</span> 
     </span>
    </p>
   </div>
   <div class='ocr_carea' id='block_1_26' title="bbox 1092 574 1869 610">
    <p class='ocr_par' dir='ltr' id='par_1_26' title="bbox 1092 574 1869 610">
     <span class='ocr_line' id='line_1_26' title="bbox 1092 574 1869 610; baseline 0.001 -10"><span class='ocrx_word' id='word_1_149' title='bbox 1092 574 1216 608; x_wconf 87' lang='grc' dir='ltr'>ὁμόφυλά</span> <span class='ocrx_word' id='word_1_150' title='bbox 1239 583 1299 606; x_wconf 85' lang='grc' dir='ltr'>πως</span> <span class='ocrx_word' id='word_1_151' title='bbox 1324 574 1393 601; x_wconf 71' lang='grc' dir='ltr'>αὐτὰ</span> <span class='ocrx_word' id='word_1_152' title='bbox 1423 574 1602 609; x_wconf 83' lang='grc' dir='ltr'>παραστῆσαν</span> <span class='ocrx_word' id='word_1_153' title='bbox 1621 574 1643 590; x_wconf 84' lang='grc'><strong>⁷⁵</strong></span> <span class='ocrx_word' id='word_1_154' title='bbox 1666 575 1700 610; x_wconf 87' lang='grc' dir='ltr'><strong>τῇ</strong></span> <span class='ocrx_word' id='word_1_155' title='bbox 1734 575 1869 607; x_wconf 81' lang='grc' dir='ltr'>συντάξει,</span> 
     </span>
    </p>
   </div>
   <div class='ocr_carea' id='block_1_27' title="bbox 1094 618 1873 655">
    <p class='ocr_par' dir='ltr' id='par_1_27' title="bbox 1094 618 1873 655">
     <span class='ocr_line' id='line_1_27' title="bbox 1094 618 1873 655; baseline -0.001 -8"><span class='ocrx_word' id='word_1_156' title='bbox 1094 618 1157 655; x_wconf 81' lang='lat'><strong>[508</strong></span> <span class='ocrx_word' id='word_1_157' title='bbox 1171 619 1218 655; x_wconf 70' lang='lat' dir='ltr'><strong>IL]</strong></span> <span class='ocrx_word' id='word_1_158' title='bbox 1241 619 1303 655; x_wconf 80' lang='grc' dir='ltr'>ἥτις</span> <span class='ocrx_word' id='word_1_159' title='bbox 1321 619 1466 655; x_wconf 70' lang='grc' dir='ltr'>Γραφικῶν</span> <span class='ocrx_word' id='word_1_160' title='bbox 1479 620 1502 636; x_wconf 84' lang='grc'>⁷⁸</span> <span class='ocrx_word' id='word_1_161' title='bbox 1514 620 1700 655; x_wconf 81' lang='grc' dir='ltr'>ἀπορημάτων</span> <span class='ocrx_word' id='word_1_162' title='bbox 1713 621 1759 647; x_wconf 78' lang='grc' dir='ltr'>καὶ</span> <span class='ocrx_word' id='word_1_163' title='bbox 1772 620 1873 647; x_wconf 78' lang='grc' dir='ltr'><strong>λύσεων</strong></span> 
     </span>
    </p>
   </div>
   <div class='ocr_carea' id='block_1_28' title="bbox 1093 663 1873 700">
    <p class='ocr_par' dir='ltr' id='par_1_28' title="bbox 1093 663 1873 700">
     <span class='ocr_line' id='line_1_28' title="bbox 1093 663 1873 700; baseline 0 -9"><span class='ocrx_word' id='word_1_164' title='bbox 1093 663 1200 691; x_wconf 76' lang='grc' dir='ltr'>ἔκθεσιν</span> <span class='ocrx_word' id='word_1_165' title='bbox 1223 664 1370 696; x_wconf 81' lang='grc' dir='ltr'><strong>σπουδάζει</strong></span> <span class='ocrx_word' id='word_1_166' title='bbox 1391 664 1438 691; x_wconf 70' lang='grc' dir='ltr'>καὶ</span> <span class='ocrx_word' id='word_1_167' title='bbox 1462 665 1607 700; x_wconf 84' lang='grc' dir='ltr'>Θαλασσιῳ</span> <span class='ocrx_word' id='word_1_168' title='bbox 1626 665 1685 691; x_wconf 82' lang='grc' dir='ltr'>ἐστὶ</span> <span class='ocrx_word' id='word_1_169' title='bbox 1699 665 1873 700; x_wconf 75' lang='grc' dir='ltr'>πρεσϐυτέρῳ</span> 
     </span>
    </p>
   </div>
   <div class='ocr_carea' id='block_1_29' title="bbox 1092 710 1873 747">
    <p class='ocr_par' dir='ltr' id='par_1_29' title="bbox 1092 710 1873 747">
     <span class='ocr_line' id='line_1_29' title="bbox 1092 710 1873 747; baseline 0.001 -10"><span class='ocrx_word' id='word_1_170' title='bbox 1092 710 1140 738; x_wconf 79' lang='grc' dir='ltr'>καὶ</span> <span class='ocrx_word' id='word_1_171' title='bbox 1156 711 1299 746; x_wconf 80' lang='grc' dir='ltr'><strong>ἡγουμένῳ</strong></span> <span class='ocrx_word' id='word_1_172' title='bbox 1321 711 1578 746; x_wconf 83' lang='grc' dir='ltr'>προσπεφωνημένη</span> <span class='ocrx_word' id='word_1_173' title='bbox 1590 731 1598 744; x_wconf 94' lang='grc'><strong>,</strong></span> <span class='ocrx_word' id='word_1_174' title='bbox 1616 711 1646 738; x_wconf 83' lang='grc' dir='ltr'><strong>τὸ</strong></span> <span class='ocrx_word' id='word_1_175' title='bbox 1669 711 1736 747; x_wconf 81' lang='grc' dir='ltr'>πρὸς</span> <span class='ocrx_word' id='word_1_176' title='bbox 1753 712 1834 739; x_wconf 83' lang='grc' dir='ltr'>ταῦτα</span> <span class='ocrx_word' id='word_1_177' title='bbox 1849 712 1873 727; x_wconf 77' lang='grc'>⁷⁷</span> 
     </span>
    </p>
   </div>
   <div class='ocr_carea' id='block_1_30' title="bbox 1093 757 1874 793">
    <p class='ocr_par' dir='ltr' id='par_1_30' title="bbox 1093 757 1874 793">
     <span class='ocr_line' id='line_1_30' title="bbox 1093 757 1874 793; baseline 0.003 -10"><span class='ocrx_word' id='word_1_178' title='bbox 1093 757 1222 791; x_wconf 83' lang='grc' dir='ltr'>συγγενὲς</span> <span class='ocrx_word' id='word_1_179' title='bbox 1242 757 1287 784; x_wconf 76' lang='grc' dir='ltr'><strong>διὰ</strong></span> <span class='ocrx_word' id='word_1_180' title='bbox 1305 757 1355 792; x_wconf 85' lang='grc' dir='ltr'>τῆς</span> <span class='ocrx_word' id='word_1_181' title='bbox 1379 757 1447 793; x_wconf 78' lang='grc' dir='ltr'>πρὸς</span> <span class='ocrx_word' id='word_1_182' title='bbox 1467 758 1575 793; x_wconf 78' lang='grc' dir='ltr'>ἐκείνην</span> <span class='ocrx_word' id='word_1_183' title='bbox 1599 757 1762 789; x_wconf 70' lang='grc' dir='ltr'>οἱκειώσεως</span> <span class='ocrx_word' id='word_1_184' title='bbox 1774 757 1874 785; x_wconf 76' lang='grc' dir='ltr'>ὑποϐο-</span> 
     </span>
    </p>
   </div>
   <div class='ocr_carea' id='block_1_31' title="bbox 1091 801 1682 839">
    <p class='ocr_par' dir='ltr' id='par_1_31' title="bbox 1091 801 1682 839">
     <span class='ocr_line' id='line_1_31' title="bbox 1091 801 1682 839; baseline 0.002 -10"><span class='ocrx_word' id='word_1_185' title='bbox 1091 802 1199 838; x_wconf 85' lang='grc' dir='ltr'>λίμαῖον</span> <span class='ocrx_word' id='word_1_186' title='bbox 1213 803 1235 819; x_wconf 82' lang='grc'><strong>⁷⁸</strong></span> <span class='ocrx_word' id='word_1_187' title='bbox 1251 801 1321 830; x_wconf 80' lang='grc' dir='ltr'>εἶναι</span> <span class='ocrx_word' id='word_1_188' title='bbox 1334 803 1482 839; x_wconf 82' lang='grc' dir='ltr'>λογισμοὺς</span> <span class='ocrx_word' id='word_1_189' title='bbox 1498 803 1682 839; x_wconf 77' lang='grc' dir='ltr'>ἀναῤῥιπίζει.</span> 
     </span>
    </p>
   </div>
   <div class='ocr_carea' id='block_1_32' title="bbox 251 851 1874 888">
    <p class='ocr_par' dir='ltr' id='par_1_32' title="bbox 251 851 1874 888">
     <span class='ocr_line' id='line_1_32' title="bbox 251 851 1874 888; baseline -0.001 -8"><span class='ocrx_word' id='word_1_190' title='bbox 251 861 299 888; x_wconf 91' lang='lat' dir='ltr'><strong>per</strong></span> <span class='ocrx_word' id='word_1_191' title='bbox 329 852 486 880; x_wconf 83' lang='lat' dir='ltr'><strong>atlinitatem</strong></span> <span class='ocrx_word' id='word_1_192' title='bbox 515 859 576 879; x_wconf 91' lang='lat' dir='ltr'><strong>cum</strong></span> <span class='ocrx_word' id='word_1_193' title='bbox 622 852 674 879; x_wconf 90' lang='lat' dir='ltr'><strong>hoc</strong></span> <span class='ocrx_word' id='word_1_194' title='bbox 706 852 809 887; x_wconf 87' lang='lat' dir='ltr'><strong>scripto</strong></span> <span class='ocrx_word' id='word_1_195' title='bbox 850 851 1048 888; x_wconf 84' lang='lat' dir='ltr'><strong>[conﬁrmata],</strong></span> <span class='ocrx_word' id='word_1_196' title='bbox 1084 859 1180 880; x_wconf 85' lang='lat' dir='ltr'><strong>omnes</strong></span> <span class='ocrx_word' id='word_1_197' title='bbox 1205 852 1319 887; x_wconf 85' lang='lat' dir='ltr'><strong>repellat</strong></span> <span class='ocrx_word' id='word_1_198' title='bbox 1357 859 1454 879; x_wconf 80' lang='lat' dir='ltr'><strong>causas</strong></span> <span class='ocrx_word' id='word_1_199' title='bbox 1498 851 1678 888; x_wconf 85' lang='lat' dir='ltr'><strong>[suspicandi]</strong></span> <span class='ocrx_word' id='word_1_200' title='bbox 1709 851 1874 887; x_wconf 87' lang='lat' dir='ltr'><strong>suppositum</strong></span> 
     </span>
    </p>
   </div>
   <div class='ocr_carea' id='block_1_33' title="bbox 250 898 492 928">
    <p class='ocr_par' dir='ltr' id='par_1_33' title="bbox 250 898 492 928">
     <span class='ocr_line' id='line_1_33' title="bbox 250 898 492 928; baseline -0.017 0"><span class='ocrx_word' id='word_1_201' title='bbox 250 907 312 928; x_wconf 87' lang='lat' dir='ltr'><strong>eum</strong></span> <span class='ocrx_word' id='word_1_202' title='bbox 326 906 385 926; x_wconf 86' lang='lat' dir='ltr'><strong>esse</strong></span> <span class='ocrx_word' id='word_1_203' title='bbox 399 898 492 925; x_wconf 76' lang='lat' dir='ltr'><strong>fctum.</strong></span> 
     </span>
    </p>
   </div>
   <div class='ocr_carea' id='block_1_34' title="bbox 286 945 1078 981">
    <p class='ocr_par' dir='ltr' id='par_1_34' title="bbox 286 945 1078 981">
     <span class='ocr_line' id='line_1_34' title="bbox 286 945 1078 981; baseline -0.001 -7"><span class='ocrx_word' id='word_1_204' title='bbox 286 946 315 974; x_wconf 89' lang='lat' dir='ltr'><strong>In</strong></span> <span class='ocrx_word' id='word_1_205' title='bbox 323 946 418 974; x_wconf 90' lang='lat' dir='ltr'><strong>eodem</strong></span> <span class='ocrx_word' id='word_1_206' title='bbox 428 945 509 973; x_wconf 90' lang='lat' dir='ltr'><strong>simul</strong></span> <span class='ocrx_word' id='word_1_207' title='bbox 521 945 820 980; x_wconf 77' lang='lat' dir='ltr'><strong>voluminelegcbantur</strong></span> <span class='ocrx_word' id='word_1_208' title='bbox 828 946 911 973; x_wconf 66' lang='lat' dir='ltr'><strong>varia;</strong></span> <span class='ocrx_word' id='word_1_209' title='bbox 918 946 1038 981; x_wconf 87' lang='lat' dir='ltr'><strong>ejusdem</strong></span> <span class='ocrx_word' id='word_1_210' title='bbox 1054 948 1078 978; x_wconf 86' lang='grc' dir='ltr'><strong>Β</strong></span> 
     </span>
    </p>
   </div>
   <div class='ocr_carea' id='block_1_35' title="bbox 247 990 1038 1026">
    <p class='ocr_par' dir='ltr' id='par_1_35' title="bbox 247 990 1038 1026">
     <span class='ocr_line' id='line_1_35' title="bbox 247 990 1038 1026; baseline -0.001 -7"><span class='ocrx_word' id='word_1_211' title='bbox 247 992 397 1026; x_wconf 62' lang='lat' dir='ltr'><strong>Epistula:</strong></span> <span class='ocrx_word' id='word_1_212' title='bbox 414 999 529 1026; x_wconf 87' lang='lat' dir='ltr'><strong>quarum</strong></span> <span class='ocrx_word' id='word_1_213' title='bbox 541 991 627 1026; x_wconf 90' lang='lat' dir='ltr'><strong>prima</strong></span> <span class='ocrx_word' id='word_1_214' title='bbox 641 991 674 1018; x_wconf 88' lang='lat' dir='ltr'><strong>ad</strong></span> <span class='ocrx_word' id='word_1_215' title='bbox 683 990 795 1018; x_wconf 85' lang='lat' dir='ltr'><strong>Petrum</strong></span> <span class='ocrx_word' id='word_1_216' title='bbox 809 990 955 1020; x_wconf 84' lang='lat' dir='ltr'><strong>illustrem.</strong></span> <span class='ocrx_word' id='word_1_217' title='bbox 973 992 1038 1026; x_wconf 82' lang='lat' dir='ltr'><strong>Ejus</strong></span> 
     </span>
    </p>
   </div>
   <div class='ocr_carea' id='block_1_36' title="bbox 251 1036 1038 1072">
    <p class='ocr_par' dir='ltr' id='par_1_36' title="bbox 251 1036 1038 1072">
     <span class='ocr_line' id='line_1_36' title="bbox 251 1036 1038 1072; baseline -0.003 -6"><span class='ocrx_word' id='word_1_218' title='bbox 251 1038 369 1067; x_wconf 87' lang='lat' dir='ltr'><strong>titulus:</strong></span> <span class='ocrx_word' id='word_1_219' title='bbox 387 1037 483 1066; x_wconf 84' lang='lat' dir='ltr'><strong>Oratio</strong></span> <span class='ocrx_word' id='word_1_220' title='bbox 498 1038 582 1065; x_wconf 79' lang='lat' dir='ltr'><strong>breuis</strong></span> <span class='ocrx_word' id='word_1_221' title='bbox 597 1037 630 1064; x_wconf 76' lang='lat' dir='ltr'><strong>de</strong></span> <span class='ocrx_word' id='word_1_222' title='bbox 655 1038 780 1072; x_wconf 70' lang='lat' dir='ltr'><strong>mysteria</strong></span> <span class='ocrx_word' id='word_1_223' title='bbox 800 1036 901 1065; x_wconf 75' lang='lat' dir='ltr'><strong>Christi</strong></span> <span class='ocrx_word' id='word_1_224' title='bbox 920 1037 1038 1070; x_wconf 80' lang='lat' dir='ltr'><strong>Domini,</strong></span> 
     </span>
    </p>
   </div>
   <div class='ocr_carea' id='block_1_37' title="bbox 251 1081 1040 1118">
    <p class='ocr_par' dir='ltr' id='par_1_37' title="bbox 251 1081 1040 1118">
     <span class='ocr_line' id='line_1_37' title="bbox 251 1081 1040 1118; baseline -0.001 -7"><span class='ocrx_word' id='word_1_225' title='bbox 251 1090 274 1112; x_wconf 83' lang='lat' dir='ltr'><strong>et</strong></span> <span class='ocrx_word' id='word_1_226' title='bbox 290 1085 416 1111; x_wconf 73' lang='lat' dir='ltr'><strong>adversus</strong></span> <span class='ocrx_word' id='word_1_227' title='bbox 444 1083 532 1111; x_wconf 80' lang='lat' dir='ltr'><strong>Seueri</strong></span> <span class='ocrx_word' id='word_1_228' title='bbox 556 1082 690 1118; x_wconf 81' lang='lat' dir='ltr'><strong>dogmata.</strong></span> <span class='ocrx_word' id='word_1_229' title='bbox 710 1081 804 1116; x_wconf 88' lang='lat' dir='ltr'><strong>Capita</strong></span> <span class='ocrx_word' id='word_1_230' title='bbox 821 1083 879 1110; x_wconf 78' lang='lat' dir='ltr'><strong>hazc</strong></span> <span class='ocrx_word' id='word_1_231' title='bbox 903 1082 972 1118; x_wconf 76' lang='grc'><strong>(46).</strong></span> <span class='ocrx_word' id='word_1_232' title='bbox 1001 1082 1040 1110; x_wconf 83' lang='lat' dir='ltr'><strong>De</strong></span> 
     </span>
    </p>
   </div>
   <div class='ocr_carea' id='block_1_38' title="bbox 251 1127 1039 1164">
    <p class='ocr_par' dir='ltr' id='par_1_38' title="bbox 251 1127 1039 1164">
     <span class='ocr_line' id='line_1_38' title="bbox 251 1127 1039 1164; baseline -0.004 -6"><span class='ocrx_word' id='word_1_233' title='bbox 251 1137 367 1158; x_wconf 88' lang='lat' dir='ltr'><strong>numero</strong></span> <span class='ocrx_word' id='word_1_234' title='bbox 382 1137 398 1157; x_wconf 90' lang='lat' dir='ltr'><strong>e</strong></span> <span class='ocrx_word' id='word_1_235' title='bbox 411 1134 509 1157; x_wconf 84' lang='lat' dir='ltr'><strong>natura</strong></span> <span class='ocrx_word' id='word_1_236' title='bbox 527 1128 614 1164; x_wconf 84' lang='lat' dir='ltr'><strong>magis</strong></span> <span class='ocrx_word' id='word_1_237' title='bbox 637 1128 721 1164; x_wconf 89' lang='lat' dir='ltr'><strong>petita</strong></span> <span class='ocrx_word' id='word_1_238' title='bbox 735 1129 874 1156; x_wconf 86' lang='lat' dir='ltr'><strong>tractatio.</strong></span> <span class='ocrx_word' id='word_1_239' title='bbox 894 1128 932 1156; x_wconf 91' lang='lat' dir='ltr'><strong>De</strong></span> <span class='ocrx_word' id='word_1_240' title='bbox 960 1127 1039 1156; x_wconf 67' lang='lat' dir='ltr'><strong>dide—</strong></span> 
     </span>
    </p>
   </div>
   <div class='ocr_carea' id='block_1_39' title="bbox 251 1175 1039 1210">
    <p class='ocr_par' dir='ltr' id='par_1_39' title="bbox 251 1175 1039 1210">
     <span class='ocr_line' id='line_1_39' title="bbox 251 1175 1039 1210; baseline -0.004 -6"><span class='ocrx_word' id='word_1_241' title='bbox 251 1177 341 1204; x_wconf 87' lang='lat' dir='ltr'><strong>renlia</strong></span> <span class='ocrx_word' id='word_1_242' title='bbox 355 1180 383 1203; x_wconf 89' lang='lat' dir='ltr'><strong>et</strong></span> <span class='ocrx_word' id='word_1_243' title='bbox 398 1175 531 1210; x_wconf 85' lang='lat' dir='ltr'><strong>qualitate</strong></span> <span class='ocrx_word' id='word_1_244' title='bbox 548 1175 714 1207; x_wconf 85' lang='lat' dir='ltr'><strong>accuratius,</strong></span> <span class='ocrx_word' id='word_1_245' title='bbox 729 1175 817 1209; x_wconf 90' lang='lat' dir='ltr'><strong>deque</strong></span> <span class='ocrx_word' id='word_1_246' title='bbox 834 1175 930 1202; x_wconf 91' lang='lat' dir='ltr'><strong>borum</strong></span> <span class='ocrx_word' id='word_1_247' title='bbox 943 1175 1039 1202; x_wconf 89' lang='lat' dir='ltr'><strong>ortho-</strong></span> 
     </span>
    </p>
   </div>
   <div class='ocr_carea' id='block_1_40' title="bbox 251 1219 1040 1256">
    <p class='ocr_par' dir='ltr' id='par_1_40' title="bbox 251 1219 1040 1256">
     <span class='ocr_line' id='line_1_40' title="bbox 251 1219 1040 1256; baseline -0.001 -7"><span class='ocrx_word' id='word_1_248' title='bbox 251 1225 323 1249; x_wconf 82' lang='lat' dir='ltr'><strong>doxa</strong></span> <span class='ocrx_word' id='word_1_249' title='bbox 335 1221 515 1256; x_wconf 82' lang='lat' dir='ltr'><strong>professione.</strong></span> <span class='ocrx_word' id='word_1_250' title='bbox 528 1221 582 1248; x_wconf 88' lang='lat' dir='ltr'><strong>Pro</strong></span> <span class='ocrx_word' id='word_1_251' title='bbox 593 1219 933 1255; x_wconf 86' lang='lat' dir='ltr'><strong>blasphemiahabendum,</strong></span> <span class='ocrx_word' id='word_1_252' title='bbox 945 1221 967 1248; x_wconf 90' lang='lat' dir='ltr'><strong>si</strong></span> <span class='ocrx_word' id='word_1_253' title='bbox 978 1221 1040 1255; x_wconf 88' lang='lat' dir='ltr'><strong>quis</strong></span> 
     </span>
    </p>
   </div>
   <div class='ocr_carea' id='block_1_41' title="bbox 251 1267 1038 1304">
    <p class='ocr_par' dir='ltr' id='par_1_41' title="bbox 251 1267 1038 1304">
     <span class='ocr_line' id='line_1_41' title="bbox 251 1267 1038 1304; baseline -0.004 -8"><span class='ocrx_word' id='word_1_254' title='bbox 251 1269 290 1296; x_wconf 90' lang='lat' dir='ltr'><strong>ita</strong></span> <span class='ocrx_word' id='word_1_255' title='bbox 303 1268 465 1304; x_wconf 88' lang='lat' dir='ltr'><strong>simpliciter</strong></span> <span class='ocrx_word' id='word_1_256' title='bbox 475 1268 548 1295; x_wconf 85' lang='lat' dir='ltr'><strong>dicat</strong></span> <span class='ocrx_word' id='word_1_257' title='bbox 576 1267 714 1295; x_wconf 91' lang='lat' dir='ltr'><strong>Christum</strong></span> <span class='ocrx_word' id='word_1_258' title='bbox 732 1275 813 1295; x_wconf 90' lang='lat' dir='ltr'><strong>unam</strong></span> <span class='ocrx_word' id='word_1_259' title='bbox 827 1275 887 1295; x_wconf 87' lang='lat' dir='ltr'><strong>esse</strong></span> <span class='ocrx_word' id='word_1_260' title='bbox 900 1271 1038 1294; x_wconf 88' lang='lat' dir='ltr'><strong>naturam.</strong></span> 
     </span>
    </p>
   </div>
   <div class='ocr_carea' id='block_1_42' title="bbox 253 1313 1038 1349">
    <p class='ocr_par' dir='ltr' id='par_1_42' title="bbox 253 1313 1038 1349">
     <span class='ocr_line' id='line_1_42' title="bbox 253 1313 1038 1349; baseline -0.001 -8"><span class='ocrx_word' id='word_1_261' title='bbox 253 1315 291 1341; x_wconf 85' lang='lat' dir='ltr'><strong>De</strong></span> <span class='ocrx_word' id='word_1_262' title='bbox 305 1313 457 1349; x_wconf 87' lang='lat' dir='ltr'><strong>composita</strong></span> <span class='ocrx_word' id='word_1_263' title='bbox 483 1317 593 1346; x_wconf 86' lang='lat' dir='ltr'><strong>natura,</strong></span> <span class='ocrx_word' id='word_1_264' title='bbox 610 1314 723 1349; x_wconf 87' lang='lat' dir='ltr'><strong>ejusque</strong></span> <span class='ocrx_word' id='word_1_265' title='bbox 739 1313 865 1341; x_wconf 90' lang='lat' dir='ltr'><strong>ratione:</strong></span> <span class='ocrx_word' id='word_1_266' title='bbox 880 1318 907 1340; x_wconf 89' lang='lat' dir='ltr'><strong>et</strong></span> <span class='ocrx_word' id='word_1_267' title='bbox 924 1313 1006 1348; x_wconf 90' lang='lat' dir='ltr'><strong>impie</strong></span> <span class='ocrx_word' id='word_1_268' title='bbox 1024 1321 1038 1340; x_wconf 85' lang='lat' dir='ltr'><strong>a</strong></span> 
     </span>
    </p>
   </div>
   <div class='ocr_carea' id='block_1_43' title="bbox 251 1359 1037 1395">
    <p class='ocr_par' dir='ltr' id='par_1_43' title="bbox 251 1359 1037 1395">
     <span class='ocr_line' id='line_1_43' title="bbox 251 1359 1037 1395; baseline 0 -9"><span class='ocrx_word' id='word_1_269' title='bbox 251 1360 413 1395; x_wconf 84' lang='lat' dir='ltr'><strong>quihusdam</strong></span> <span class='ocrx_word' id='word_1_270' title='bbox 426 1359 491 1393; x_wconf 84' lang='lat' dir='ltr'><strong>dici,</strong></span> <span class='ocrx_word' id='word_1_271' title='bbox 510 1359 651 1387; x_wconf 83' lang='lat' dir='ltr'><strong>Christum</strong></span> <span class='ocrx_word' id='word_1_272' title='bbox 666 1367 748 1387; x_wconf 88' lang='lat' dir='ltr'><strong>unam</strong></span> <span class='ocrx_word' id='word_1_273' title='bbox 771 1367 834 1387; x_wconf 86' lang='lat' dir='ltr'><strong>esse</strong></span> <span class='ocrx_word' id='word_1_274' title='bbox 856 1360 1037 1394; x_wconf 85' lang='lat' dir='ltr'><strong>compositam</strong></span> 
     </span>
    </p>
   </div>
   <div class='ocr_carea' id='block_1_44' title="bbox 252 1405 1037 1439">
    <p class='ocr_par' dir='ltr' id='par_1_44' title="bbox 252 1405 1037 1439">
     <span class='ocr_line' id='line_1_44' title="bbox 252 1405 1037 1439; baseline -0.001 -6"><span class='ocrx_word' id='word_1_275' title='bbox 252 1411 390 1434; x_wconf 86' lang='lat' dir='ltr'><strong>naturam.</strong></span> <span class='ocrx_word' id='word_1_276' title='bbox 409 1405 460 1439; x_wconf 88' lang='lat' dir='ltr'><strong>Qui</strong></span> <span class='ocrx_word' id='word_1_277' title='bbox 475 1405 578 1433; x_wconf 84' lang='lat' dir='ltr'><strong>dixerit</strong></span> <span class='ocrx_word' id='word_1_278' title='bbox 594 1405 732 1433; x_wconf 88' lang='lat' dir='ltr'><strong>Christum</strong></span> <span class='ocrx_word' id='word_1_279' title='bbox 751 1406 835 1433; x_wconf 89' lang='lat' dir='ltr'><strong>Deum</strong></span> <span class='ocrx_word' id='word_1_280' title='bbox 851 1410 878 1433; x_wconf 87' lang='lat' dir='ltr'><strong>et</strong></span> <span class='ocrx_word' id='word_1_281' title='bbox 897 1405 1037 1433; x_wconf 86' lang='lat' dir='ltr'><strong>hominem</strong></span> 
     </span>
    </p>
   </div>
   <div class='ocr_carea' id='block_1_45' title="bbox 251 1451 1038 1486">
    <p class='ocr_par' dir='ltr' id='par_1_45' title="bbox 251 1451 1038 1486">
     <span class='ocr_line' id='line_1_45' title="bbox 251 1451 1038 1486; baseline -0.001 -7"><span class='ocrx_word' id='word_1_282' title='bbox 251 1457 314 1486; x_wconf 89' lang='lat' dir='ltr'><strong>post</strong></span> <span class='ocrx_word' id='word_1_283' title='bbox 329 1451 469 1484; x_wconf 91' lang='lat' dir='ltr'><strong>unionem,</strong></span> <span class='ocrx_word' id='word_1_284' title='bbox 496 1451 520 1478; x_wconf 90' lang='lat' dir='ltr'><strong>is</strong></span> <span class='ocrx_word' id='word_1_285' title='bbox 536 1451 617 1478; x_wconf 89' lang='lat' dir='ltr'><strong>simul</strong></span> <span class='ocrx_word' id='word_1_286' title='bbox 643 1459 704 1478; x_wconf 88' lang='lat' dir='ltr'><strong>cum</strong></span> <span class='ocrx_word' id='word_1_287' title='bbox 719 1451 786 1486; x_wconf 88' lang='lat' dir='ltr'><strong>ipsis</strong></span> <span class='ocrx_word' id='word_1_288' title='bbox 801 1451 957 1479; x_wconf 90' lang='lat' dir='ltr'><strong>nominibus</strong></span> <span class='ocrx_word' id='word_1_289' title='bbox 972 1459 1038 1478; x_wconf 88' lang='lat' dir='ltr'><strong>con-</strong></span> 
     </span>
    </p>
   </div>
   <div class='ocr_carea' id='block_1_46' title="bbox 251 1497 1037 1532">
    <p class='ocr_par' dir='ltr' id='par_1_46' title="bbox 251 1497 1037 1532">
     <span class='ocr_line' id='line_1_46' title="bbox 251 1497 1037 1532; baseline -0.001 -7"><span class='ocrx_word' id='word_1_290' title='bbox 251 1498 343 1525; x_wconf 77' lang='lat' dir='ltr'><strong>ﬁtetur</strong></span> <span class='ocrx_word' id='word_1_291' title='bbox 357 1503 466 1525; x_wconf 89' lang='lat' dir='ltr'><strong>naturas</strong></span> <span class='ocrx_word' id='word_1_292' title='bbox 482 1497 635 1525; x_wconf 90' lang='lat' dir='ltr'><strong>necessario</strong></span> <span class='ocrx_word' id='word_1_293' title='bbox 644 1502 704 1532; x_wconf 87' lang='lat' dir='ltr'><strong>post</strong></span> <span class='ocrx_word' id='word_1_294' title='bbox 718 1497 845 1525; x_wconf 90' lang='lat' dir='ltr'><strong>unionem</strong></span> <span class='ocrx_word' id='word_1_295' title='bbox 861 1505 939 1531; x_wconf 88' lang='lat' dir='ltr'><strong>esse;</strong></span> <span class='ocrx_word' id='word_1_296' title='bbox 953 1502 1037 1530; x_wconf 88' lang='lat' dir='ltr'><strong>recte,</strong></span> 
     </span>
    </p>
   </div>
   <div class='ocr_carea' id='block_1_47' title="bbox 251 1543 1038 1578">
    <p class='ocr_par' dir='ltr' id='par_1_47' title="bbox 251 1543 1038 1578">
     <span class='ocr_line' id='line_1_47' title="bbox 251 1543 1038 1578; baseline 0 -8"><span class='ocrx_word' id='word_1_297' title='bbox 251 1550 281 1570; x_wconf 91' lang='lat' dir='ltr'><strong>ut</strong></span> <span class='ocrx_word' id='word_1_298' title='bbox 296 1548 419 1578; x_wconf 84' lang='lat' dir='ltr'><strong>apparet,</strong></span> <span class='ocrx_word' id='word_1_299' title='bbox 436 1548 463 1570; x_wconf 90' lang='lat' dir='ltr'><strong>et</strong></span> <span class='ocrx_word' id='word_1_300' title='bbox 489 1548 690 1578; x_wconf 84' lang='lat' dir='ltr'><strong>consequenter</strong></span> <span class='ocrx_word' id='word_1_301' title='bbox 708 1543 742 1570; x_wconf 92' lang='lat' dir='ltr'><strong>iis</strong></span> <span class='ocrx_word' id='word_1_302' title='bbox 755 1551 815 1578; x_wconf 69' lang='lat' dir='ltr'><strong>qua:</strong></span> <span class='ocrx_word' id='word_1_303' title='bbox 830 1543 910 1574; x_wconf 75' lang='lat' dir='ltr'><strong>dixit,</strong></span> <span class='ocrx_word' id='word_1_304' title='bbox 924 1545 1038 1571; x_wconf 88' lang='lat' dir='ltr'><strong>credere</strong></span> 
     </span>
    </p>
   </div>
   <div class='ocr_carea' id='block_1_48' title="bbox 249 1587 1036 1624">
    <p class='ocr_par' dir='ltr' id='par_1_48' title="bbox 249 1587 1036 1624">
     <span class='ocr_line' id='line_1_48' title="bbox 249 1587 1036 1624; baseline 0.004 -11"><span class='ocrx_word' id='word_1_305' title='bbox 249 1589 355 1616; x_wconf 79' lang='lat' dir='ltr'><strong>volens.</strong></span> <span class='ocrx_word' id='word_1_306' title='bbox 373 1588 468 1624; x_wconf 80' lang='lat' dir='ltr'><strong>158b</strong></span> <span class='ocrx_word' id='word_1_307' title='bbox 502 1588 540 1615; x_wconf 91' lang='lat' dir='ltr'><strong>De</strong></span> <span class='ocrx_word' id='word_1_308' title='bbox 569 1596 635 1615; x_wconf 88' lang='lat' dir='ltr'><strong>voce</strong></span> <span class='ocrx_word' id='word_1_309' title='bbox 655 1589 683 1615; x_wconf 84' lang='lat' dir='ltr'><strong>in</strong></span> <span class='ocrx_word' id='word_1_310' title='bbox 711 1588 823 1616; x_wconf 73' lang='lat' dir='ltr'><strong>duabus.</strong></span> <span class='ocrx_word' id='word_1_311' title='bbox 854 1587 939 1616; x_wconf 86' lang='lat' dir='ltr'><strong>Recta</strong></span> <span class='ocrx_word' id='word_1_312' title='bbox 969 1596 1036 1616; x_wconf 82' lang='lat' dir='ltr'><strong>con-</strong></span> 
     </span>
    </p>
   </div>
   <div class='ocr_carea' id='block_1_49' title="bbox 249 1633 1036 1667">
    <p class='ocr_par' dir='ltr' id='par_1_49' title="bbox 249 1633 1036 1667">
     <span class='ocr_line' id='line_1_49' title="bbox 249 1633 1036 1667; baseline 0 -6"><span class='ocrx_word' id='word_1_313' title='bbox 249 1634 335 1662; x_wconf 80' lang='lat' dir='ltr'><strong>fessio</strong></span> <span class='ocrx_word' id='word_1_314' title='bbox 351 1636 431 1662; x_wconf 91' lang='lat' dir='ltr'><strong>unius</strong></span> <span class='ocrx_word' id='word_1_315' title='bbox 443 1639 550 1667; x_wconf 62' lang='lat' dir='ltr'><strong>natura:</strong></span> <span class='ocrx_word' id='word_1_316' title='bbox 564 1633 645 1661; x_wconf 82' lang='lat' dir='ltr'><strong>Verbi</strong></span> <span class='ocrx_word' id='word_1_317' title='bbox 661 1641 693 1661; x_wconf 79' lang='lat' dir='ltr'><strong>ex</strong></span> <span class='ocrx_word' id='word_1_318' title='bbox 706 1634 816 1660; x_wconf 83' lang='lat' dir='ltr'><strong>Patrum</strong></span> <span class='ocrx_word' id='word_1_319' title='bbox 838 1635 989 1666; x_wconf 80' lang='lat' dir='ltr'><strong>sententia,</strong></span> <span class='ocrx_word' id='word_1_320' title='bbox 1008 1639 1036 1661; x_wconf 91' lang='lat' dir='ltr'><strong>et</strong></span> 
     </span>
    </p>
   </div>
   <div class='ocr_carea' id='block_1_50' title="bbox 251 1679 1036 1714">
    <p class='ocr_par' dir='ltr' id='par_1_50' title="bbox 251 1679 1036 1714">
     <span class='ocr_line' id='line_1_50' title="bbox 251 1679 1036 1714; baseline 0 -7"><span class='ocrx_word' id='word_1_321' title='bbox 251 1679 362 1714; x_wconf 73' lang='lat' dir='ltr'><strong>reiectio</strong></span> <span class='ocrx_word' id='word_1_322' title='bbox 378 1680 457 1708; x_wconf 89' lang='lat' dir='ltr'><strong>unius</strong></span> <span class='ocrx_word' id='word_1_323' title='bbox 468 1680 624 1714; x_wconf 65' lang='lat' dir='ltr'><strong>compositae</strong></span> <span class='ocrx_word' id='word_1_324' title='bbox 635 1685 748 1706; x_wconf 79' lang='lat' dir='ltr'><strong>naturae.</strong></span> <span class='ocrx_word' id='word_1_325' title='bbox 766 1679 803 1706; x_wconf 81' lang='lat' dir='ltr'><strong>De</strong></span> <span class='ocrx_word' id='word_1_326' title='bbox 812 1680 949 1714; x_wconf 86' lang='lat' dir='ltr'><strong>hypostasi</strong></span> <span class='ocrx_word' id='word_1_327' title='bbox 961 1688 1036 1707; x_wconf 90' lang='lat' dir='ltr'><strong>com-</strong></span> 
     </span>
    </p>
   </div>
   <div class='ocr_carea' id='block_1_51' title="bbox 250 1724 1036 1760">
    <p class='ocr_par' dir='ltr' id='par_1_51' title="bbox 250 1724 1036 1760">
     <span class='ocr_line' id='line_1_51' title="bbox 250 1724 1036 1760; baseline -0.001 -8"><span class='ocrx_word' id='word_1_328' title='bbox 250 1725 337 1760; x_wconf 87' lang='lat' dir='ltr'><strong>posita</strong></span> <span class='ocrx_word' id='word_1_329' title='bbox 367 1725 453 1759; x_wconf 85' lang='lat' dir='ltr'><strong>magis</strong></span> <span class='ocrx_word' id='word_1_330' title='bbox 489 1724 622 1752; x_wconf 88' lang='lat' dir='ltr'><strong>naturalis</strong></span> <span class='ocrx_word' id='word_1_331' title='bbox 654 1724 813 1759; x_wconf 85' lang='lat' dir='ltr'><strong>disputatio.</strong></span> <span class='ocrx_word' id='word_1_332' title='bbox 834 1724 1036 1751; x_wconf 88' lang='lat' dir='ltr'><strong>Demonstratio</strong></span> 
     </span>
    </p>
   </div>
   <div class='ocr_carea' id='block_1_52' title="bbox 250 1769 1034 1804">
    <p class='ocr_par' dir='ltr' id='par_1_52' title="bbox 250 1769 1034 1804">
     <span class='ocr_line' id='line_1_52' title="bbox 250 1769 1034 1804; baseline -0.003 -6"><span class='ocrx_word' id='word_1_333' title='bbox 250 1771 332 1798; x_wconf 89' lang='lat' dir='ltr'><strong>item:</strong></span> <span class='ocrx_word' id='word_1_334' title='bbox 349 1770 442 1798; x_wconf 87' lang='lat' dir='ltr'><strong>Nonin</strong></span> <span class='ocrx_word' id='word_1_335' title='bbox 455 1770 547 1798; x_wconf 90' lang='lat' dir='ltr'><strong>eadem</strong></span> <span class='ocrx_word' id='word_1_336' title='bbox 563 1770 685 1797; x_wconf 88' lang='lat' dir='ltr'><strong>incidere</strong></span> <span class='ocrx_word' id='word_1_337' title='bbox 693 1769 825 1803; x_wconf 89' lang='lat' dir='ltr'><strong>absurda,</strong></span> <span class='ocrx_word' id='word_1_338' title='bbox 840 1770 885 1804; x_wconf 90' lang='lat' dir='ltr'><strong>qui</strong></span> <span class='ocrx_word' id='word_1_339' title='bbox 896 1770 1034 1797; x_wconf 86' lang='lat' dir='ltr'><strong>Christum</strong></span> 
     </span>
    </p>
   </div>
   <div class='ocr_carea' id='block_1_53' title="bbox 247 1816 1034 1852">
    <p class='ocr_par' dir='ltr' id='par_1_53' title="bbox 247 1816 1034 1852">
     <span class='ocr_line' id='line_1_53' title="bbox 247 1816 1034 1852; baseline 0.001 -9"><span class='ocrx_word' id='word_1_340' title='bbox 247 1824 310 1843; x_wconf 72' lang='lat' dir='ltr'><strong>esse</strong></span> <span class='ocrx_word' id='word_1_341' title='bbox 327 1824 408 1843; x_wconf 85' lang='lat' dir='ltr'><strong>unam</strong></span> <span class='ocrx_word' id='word_1_342' title='bbox 428 1816 604 1852; x_wconf 83' lang='lat' dir='ltr'><strong>compositam</strong></span> <span class='ocrx_word' id='word_1_343' title='bbox 622 1816 779 1851; x_wconf 85' lang='lat' dir='ltr'><strong>bypostasin</strong></span> <span class='ocrx_word' id='word_1_344' title='bbox 789 1816 961 1850; x_wconf 84' lang='lat' dir='ltr'><strong>conﬁtentur,</strong></span> <span class='ocrx_word' id='word_1_345' title='bbox 974 1824 1034 1844; x_wconf 90' lang='lat' dir='ltr'><strong>cum</strong></span> 
     </span>
    </p>
   </div>
   <div class='ocr_carea' id='block_1_54' title="bbox 249 1863 1036 1898">
    <p class='ocr_par' dir='ltr' id='par_1_54' title="bbox 249 1863 1036 1898">
     <span class='ocr_line' id='line_1_54' title="bbox 249 1863 1036 1898; baseline -0.001 -7"><span class='ocrx_word' id='word_1_346' title='bbox 249 1864 284 1891; x_wconf 94' lang='lat' dir='ltr'><strong>iis</strong></span> <span class='ocrx_word' id='word_1_347' title='bbox 311 1863 356 1898; x_wconf 91' lang='lat' dir='ltr'><strong>qui</strong></span> <span class='ocrx_word' id='word_1_348' title='bbox 376 1864 463 1898; x_wconf 88' lang='lat' dir='ltr'><strong>ipsum</strong></span> <span class='ocrx_word' id='word_1_349' title='bbox 477 1871 537 1891; x_wconf 87' lang='lat' dir='ltr'><strong>esse</strong></span> <span class='ocrx_word' id='word_1_350' title='bbox 553 1869 682 1891; x_wconf 87' lang='lat' dir='ltr'><strong>asserunt</strong></span> <span class='ocrx_word' id='word_1_351' title='bbox 700 1872 779 1890; x_wconf 91' lang='lat' dir='ltr'><strong>unam</strong></span> <span class='ocrx_word' id='word_1_352' title='bbox 794 1864 971 1898; x_wconf 80' lang='lat' dir='ltr'><strong>compositam</strong></span> <span class='ocrx_word' id='word_1_353' title='bbox 985 1871 1036 1890; x_wconf 88' lang='lat' dir='ltr'><strong>na-</strong></span> 
     </span>
    </p>
   </div>
   <div class='ocr_carea' id='block_1_55' title="bbox 249 1908 1032 1944">
    <p class='ocr_par' dir='ltr' id='par_1_55' title="bbox 249 1908 1032 1944">
     <span class='ocr_line' id='line_1_55' title="bbox 249 1908 1032 1944; baseline -0.001 -8"><span class='ocrx_word' id='word_1_354' title='bbox 249 1916 349 1936; x_wconf 85' lang='lat' dir='ltr'><strong>turam.</strong></span> <span class='ocrx_word' id='word_1_355' title='bbox 363 1909 416 1937; x_wconf 85' lang='lat' dir='ltr'><strong>Per</strong></span> <span class='ocrx_word' id='word_1_356' title='bbox 430 1909 514 1936; x_wconf 88' lang='lat' dir='ltr'><strong>solam</strong></span> <span class='ocrx_word' id='word_1_357' title='bbox 527 1910 741 1944; x_wconf 85' lang='lat' dir='ltr'><strong>assumptionem</strong></span> <span class='ocrx_word' id='word_1_358' title='bbox 757 1910 855 1937; x_wconf 82' lang='lat' dir='ltr'><strong>factam</strong></span> <span class='ocrx_word' id='word_1_359' title='bbox 881 1908 942 1936; x_wconf 85' lang='lat' dir='ltr'><strong>esse</strong></span> <span class='ocrx_word' id='word_1_360' title='bbox 958 1909 1032 1936; x_wconf 86' lang='lat' dir='ltr'><strong>illam</strong></span> 
     </span>
    </p>
   </div>
   <div class='ocr_carea' id='block_1_56' title="bbox 247 1955 1035 1991">
    <p class='ocr_par' dir='ltr' id='par_1_56' title="bbox 247 1955 1035 1991">
     <span class='ocr_line' id='line_1_56' title="bbox 247 1955 1035 1991; baseline -0.003 -7"><span class='ocrx_word' id='word_1_361' title='bbox 247 1957 397 1984; x_wconf 89' lang='lat' dir='ltr'><strong>secundum</strong></span> <span class='ocrx_word' id='word_1_362' title='bbox 424 1963 534 1983; x_wconf 83' lang='lat' dir='ltr'><strong>carnem</strong></span> <span class='ocrx_word' id='word_1_363' title='bbox 547 1957 673 1983; x_wconf 91' lang='lat' dir='ltr'><strong>unionem</strong></span> <span class='ocrx_word' id='word_1_364' title='bbox 687 1955 791 1991; x_wconf 85' lang='lat' dir='ltr'><strong>[Verbi]</strong></span> <span class='ocrx_word' id='word_1_365' title='bbox 818 1960 946 1990; x_wconf 86' lang='lat' dir='ltr'><strong>tanquam</strong></span> <span class='ocrx_word' id='word_1_366' title='bbox 965 1963 1035 1991; x_wconf 74' lang='lat' dir='ltr'><strong>pra:-</strong></span> 
     </span>
    </p>
   </div>
   <div class='ocr_carea' id='block_1_57' title="bbox 247 2002 1034 2038">
    <p class='ocr_par' dir='ltr' id='par_1_57' title="bbox 247 2002 1034 2038">
     <span class='ocr_line' id='line_1_57' title="bbox 247 2002 1034 2038; baseline -0.003 -8"><span class='ocrx_word' id='word_1_367' title='bbox 247 2003 404 2030; x_wconf 80' lang='lat' dir='ltr'><strong>exsistentis</strong></span> <span class='ocrx_word' id='word_1_368' title='bbox 427 2007 455 2029; x_wconf 88' lang='lat' dir='ltr'><strong>et</strong></span> <span class='ocrx_word' id='word_1_369' title='bbox 481 2002 620 2029; x_wconf 81' lang='lat' dir='ltr'><strong>voluntate</strong></span> <span class='ocrx_word' id='word_1_370' title='bbox 650 2003 777 2030; x_wconf 89' lang='lat' dir='ltr'><strong>unionem</strong></span> <span class='ocrx_word' id='word_1_371' title='bbox 791 2002 847 2038; x_wconf 72' lang='grc'><strong>(47)</strong></span> <span class='ocrx_word' id='word_1_372' title='bbox 872 2009 933 2029; x_wconf 88' lang='lat' dir='ltr'><strong>cum</strong></span> <span class='ocrx_word' id='word_1_373' title='bbox 952 2009 1034 2029; x_wconf 90' lang='lat' dir='ltr'><strong>carne</strong></span> 
     </span>
    </p>
   </div>
   <div class='ocr_carea' id='block_1_58' title="bbox 248 2047 809 2084">
    <p class='ocr_par' dir='ltr' id='par_1_58' title="bbox 248 2047 809 2084">
     <span class='ocr_line' id='line_1_58' title="bbox 248 2047 809 2084; baseline -0.004 -8"><span class='ocrx_word' id='word_1_374' title='bbox 248 2048 398 2084; x_wconf 89' lang='lat' dir='ltr'><strong>operantis.</strong></span> <span class='ocrx_word' id='word_1_375' title='bbox 411 2048 476 2075; x_wconf 53' lang='lat' dir='ltr'><strong>Hunc</strong></span> <span class='ocrx_word' id='word_1_376' title='bbox 494 2048 527 2075; x_wconf 90' lang='lat' dir='ltr'><strong>ad</strong></span> <span class='ocrx_word' id='word_1_377' title='bbox 539 2047 648 2075; x_wconf 84' lang='lat' dir='ltr'><strong>Petrum</strong></span> <span class='ocrx_word' id='word_1_378' title='bbox 662 2048 809 2075; x_wconf 87' lang='lat' dir='ltr'><strong>lliustrem.</strong></span> 
     </span>
    </p>
   </div>
   <div class='ocr_carea' id='block_1_59' title="bbox 276 2093 1032 2122">
    <p class='ocr_par' dir='ltr' id='par_1_59' title="bbox 276 2093 1032 2122">
     <span class='ocr_line' id='line_1_59' title="bbox 276 2093 1032 2122; baseline -0.003 -2"><span class='ocrx_word' id='word_1_379' title='bbox 276 2094 367 2121; x_wconf 78' lang='lat' dir='ltr'><strong>Altera</strong></span> <span class='ocrx_word' id='word_1_380' title='bbox 374 2093 471 2121; x_wconf 90' lang='lat' dir='ltr'><strong>deinde</strong></span> <span class='ocrx_word' id='word_1_381' title='bbox 483 2094 515 2120; x_wconf 88' lang='lat' dir='ltr'><strong>ad</strong></span> <span class='ocrx_word' id='word_1_382' title='bbox 522 2094 650 2122; x_wconf 86' lang='lat' dir='ltr'><strong>Cosmam</strong></span> <span class='ocrx_word' id='word_1_383' title='bbox 662 2093 806 2120; x_wconf 89' lang='lat' dir='ltr'><strong>diaconum</strong></span> <span class='ocrx_word' id='word_1_384' title='bbox 819 2093 1032 2120; x_wconf 80' lang='lat' dir='ltr'><strong>Alexamlrinum</strong></span> 
     </span>
    </p>
   </div>
   <div class='ocr_carea' id='block_1_60' title="bbox 247 2139 1033 2173">
    <p class='ocr_par' dir='ltr' id='par_1_60' title="bbox 247 2139 1033 2173">
     <span class='ocr_line' id='line_1_60' title="bbox 247 2139 1033 2173; baseline -0.001 -7"><span class='ocrx_word' id='word_1_385' title='bbox 247 2139 388 2172; x_wconf 88' lang='lat' dir='ltr'><strong>scribitur,</strong></span> <span class='ocrx_word' id='word_1_386' title='bbox 405 2140 442 2166; x_wconf 86' lang='lat' dir='ltr'><strong>De</strong></span> <span class='ocrx_word' id='word_1_387' title='bbox 457 2139 593 2166; x_wconf 91' lang='lat' dir='ltr'><strong>communi</strong></span> <span class='ocrx_word' id='word_1_388' title='bbox 609 2144 637 2166; x_wconf 89' lang='lat' dir='ltr'><strong>et</strong></span> <span class='ocrx_word' id='word_1_389' title='bbox 651 2139 770 2173; x_wconf 83' lang='lat' dir='ltr'><strong>proprio,</strong></span> <span class='ocrx_word' id='word_1_390' title='bbox 785 2139 843 2167; x_wconf 88' lang='lat' dir='ltr'><strong>sive</strong></span> <span class='ocrx_word' id='word_1_391' title='bbox 858 2139 892 2166; x_wconf 86' lang='lat' dir='ltr'><strong>de</strong></span> <span class='ocrx_word' id='word_1_392' title='bbox 913 2139 1033 2166; x_wconf 76' lang='lat' dir='ltr'><strong>essentia</strong></span> 
     </span>
    </p>
   </div>
   <div class='ocr_carea' id='block_1_61' title="bbox 246 2183 1033 2218">
    <p class='ocr_par' dir='ltr' id='par_1_61' title="bbox 246 2183 1033 2218">
     <span class='ocr_line' id='line_1_61' title="bbox 246 2183 1033 2218; baseline -0.003 -6"><span class='ocrx_word' id='word_1_393' title='bbox 246 2190 275 2212; x_wconf 89' lang='lat' dir='ltr'><strong>ct</strong></span> <span class='ocrx_word' id='word_1_394' title='bbox 291 2184 477 2212; x_wconf 85' lang='lat' dir='ltr'><strong>subsistentia.</strong></span> <span class='ocrx_word' id='word_1_395' title='bbox 495 2183 581 2218; x_wconf 80' lang='lat' dir='ltr'><strong>Hujus</strong></span> <span class='ocrx_word' id='word_1_396' title='bbox 592 2189 672 2218; x_wconf 89' lang='lat' dir='ltr'><strong>caput</strong></span> <span class='ocrx_word' id='word_1_397' title='bbox 687 2184 804 2218; x_wconf 92' lang='lat' dir='ltr'><strong>primum</strong></span> <span class='ocrx_word' id='word_1_398' title='bbox 822 2192 836 2211; x_wconf 92' lang='lat' dir='ltr'><strong>e</strong></span> <span class='ocrx_word' id='word_1_399' title='bbox 851 2188 945 2210; x_wconf 87' lang='lat' dir='ltr'><strong>natura</strong></span> <span class='ocrx_word' id='word_1_400' title='bbox 964 2191 1033 2218; x_wconf 70' lang='lat' dir='ltr'><strong>pra:-</strong></span> 
     </span>
    </p>
   </div>
   <div class='ocr_carea' id='block_1_62' title="bbox 246 2228 1027 2266">
    <p class='ocr_par' dir='ltr' id='par_1_62' title="bbox 246 2228 1027 2266">
     <span class='ocr_line' id='line_1_62' title="bbox 246 2228 1027 2266; baseline -0.004 -8"><span class='ocrx_word' id='word_1_401' title='bbox 246 2231 325 2265; x_wconf 89' lang='lat' dir='ltr'><strong>cipua</strong></span> <span class='ocrx_word' id='word_1_402' title='bbox 341 2231 424 2266; x_wconf 81' lang='lat' dir='ltr'><strong>petita</strong></span> <span class='ocrx_word' id='word_1_403' title='bbox 446 2230 572 2265; x_wconf 81' lang='lat' dir='ltr'><strong>probatio</strong></span> <span class='ocrx_word' id='word_1_404' title='bbox 590 2234 631 2257; x_wconf 86' lang='lat' dir='ltr'><strong>est</strong></span> <span class='ocrx_word' id='word_1_405' title='bbox 646 2238 653 2256; x_wconf 88' lang='lat'>:</span> <span class='ocrx_word' id='word_1_406' title='bbox 685 2228 758 2256; x_wconf 82' lang='lat' dir='ltr'><strong>Nihil</strong></span> <span class='ocrx_word' id='word_1_407' title='bbox 773 2229 901 2256; x_wconf 83' lang='lat' dir='ltr'><strong>videlicet</strong></span> <span class='ocrx_word' id='word_1_408' title='bbox 929 2236 1027 2256; x_wconf 90' lang='lat' dir='ltr'><strong>eorum</strong></span> 
     </span>
    </p>
   </div>
   <div class='ocr_carea' id='block_1_63' title="bbox 245 2275 1069 2319">
    <p class='ocr_par' dir='ltr' id='par_1_63' title="bbox 245 2275 1069 2319">
     <span class='ocr_line' id='line_1_63' title="bbox 245 2275 1069 2319; baseline -0.002 -15"><span class='ocrx_word' id='word_1_409' title='bbox 245 2284 305 2311; x_wconf 72' lang='lat' dir='ltr'><strong>qum</strong></span> <span class='ocrx_word' id='word_1_410' title='bbox 320 2281 395 2309; x_wconf 87' lang='lat' dir='ltr'><strong>sunt,</strong></span> <span class='ocrx_word' id='word_1_411' title='bbox 411 2277 481 2304; x_wconf 91' lang='lat' dir='ltr'><strong>idem</strong></span> <span class='ocrx_word' id='word_1_412' title='bbox 500 2276 580 2303; x_wconf 87' lang='lat' dir='ltr'><strong>etiam</strong></span> <span class='ocrx_word' id='word_1_413' title='bbox 594 2276 742 2303; x_wconf 86' lang='lat' dir='ltr'><strong>secundum</strong></span> <span class='ocrx_word' id='word_1_414' title='bbox 760 2275 908 2302; x_wconf 86' lang='lat' dir='ltr'><strong>essentiam</strong></span> <span class='ocrx_word' id='word_1_415' title='bbox 925 2280 952 2302; x_wconf 81' lang='lat' dir='ltr'><strong>et</strong></span> <span class='ocrx_word' id='word_1_416' title='bbox 968 2275 1030 2302; x_wconf 84' lang='lat' dir='ltr'><strong>sub-</strong></span> <span class='ocrx_word' id='word_1_417' title='bbox 1046 2291 1069 2319; x_wconf 77' lang='lat' dir='ltr'>D</span> 
     </span>
    </p>
   </div>
   <div class='ocr_carea' id='block_1_64' title="bbox 245 2320 1027 2355">
    <p class='ocr_par' dir='ltr' id='par_1_64' title="bbox 245 2320 1027 2355">
     <span class='ocr_line' id='line_1_64' title="bbox 245 2320 1027 2355; baseline -0.003 -6"><span class='ocrx_word' id='word_1_418' title='bbox 245 2322 396 2350; x_wconf 86' lang='lat' dir='ltr'><strong>sistentiam</strong></span> <span class='ocrx_word' id='word_1_419' title='bbox 421 2329 483 2348; x_wconf 88' lang='lat' dir='ltr'><strong>eum</strong></span> <span class='ocrx_word' id='word_1_420' title='bbox 498 2322 583 2349; x_wconf 88' lang='lat' dir='ltr'><strong>altero</strong></span> <span class='ocrx_word' id='word_1_421' title='bbox 595 2329 666 2354; x_wconf 88' lang='lat' dir='ltr'><strong>esse,</strong></span> <span class='ocrx_word' id='word_1_422' title='bbox 691 2327 833 2355; x_wconf 86' lang='lat' dir='ltr'><strong>propterea</strong></span> <span class='ocrx_word' id='word_1_423' title='bbox 857 2320 928 2355; x_wconf 85' lang='lat' dir='ltr'><strong>quod</strong></span> <span class='ocrx_word' id='word_1_424' title='bbox 955 2321 1027 2348; x_wconf 90' lang='lat' dir='ltr'><strong>idem</strong></span> 
     </span>
    </p>
   </div>
   <div class='ocr_carea' id='block_1_65' title="bbox 246 2365 1029 2401">
    <p class='ocr_par' dir='ltr' id='par_1_65' title="bbox 246 2365 1029 2401">
     <span class='ocr_line' id='line_1_65' title="bbox 246 2365 1029 2401; baseline -0.001 -8"><span class='ocrx_word' id='word_1_425' title='bbox 246 2374 414 2401; x_wconf 85' lang='lat' dir='ltr'><strong>nequaquam</strong></span> <span class='ocrx_word' id='word_1_426' title='bbox 429 2367 464 2393; x_wconf 89' lang='lat' dir='ltr'><strong>sit</strong></span> <span class='ocrx_word' id='word_1_427' title='bbox 476 2367 594 2394; x_wconf 84' lang='lat' dir='ltr'><strong>essentia</strong></span> <span class='ocrx_word' id='word_1_428' title='bbox 608 2371 690 2401; x_wconf 87' lang='lat' dir='ltr'><strong>atque</strong></span> <span class='ocrx_word' id='word_1_429' title='bbox 706 2365 896 2399; x_wconf 84' lang='lat' dir='ltr'><strong>subsistentia,</strong></span> <span class='ocrx_word' id='word_1_430' title='bbox 916 2365 986 2392; x_wconf 87' lang='lat' dir='ltr'><strong>adeo</strong></span> <span class='ocrx_word' id='word_1_431' title='bbox 999 2370 1029 2392; x_wconf 87' lang='lat' dir='ltr'><strong>ut</strong></span> 
     </span>
    </p>
   </div>
   <div class='ocr_carea' id='block_1_66' title="bbox 244 2411 1028 2448">
    <p class='ocr_par' dir='ltr' id='par_1_66' title="bbox 244 2411 1028 2448">
     <span class='ocr_line' id='line_1_66' title="bbox 244 2411 1028 2448; baseline -0.003 -8"><span class='ocrx_word' id='word_1_432' title='bbox 244 2420 305 2448; x_wconf 81' lang='lat' dir='ltr'><strong>quac</strong></span> <span class='ocrx_word' id='word_1_433' title='bbox 330 2413 448 2441; x_wconf 83' lang='lat' dir='ltr'><strong>essentia</strong></span> <span class='ocrx_word' id='word_1_434' title='bbox 479 2413 572 2441; x_wconf 87' lang='lat' dir='ltr'><strong>eadem</strong></span> <span class='ocrx_word' id='word_1_435' title='bbox 600 2416 674 2445; x_wconf 89' lang='lat' dir='ltr'><strong>sunt,</strong></span> <span class='ocrx_word' id='word_1_436' title='bbox 702 2411 876 2439; x_wconf 83' lang='lat' dir='ltr'><strong>subsistentia</strong></span> <span class='ocrx_word' id='word_1_437' title='bbox 906 2411 1028 2447; x_wconf 80' lang='lat' dir='ltr'><strong>[saltem]</strong></span> 
     </span>
    </p>
   </div>
   <div class='ocr_carea' id='block_1_67' title="bbox 1133 943 1876 981">
    <p class='ocr_par' dir='ltr' id='par_1_67' title="bbox 1133 943 1876 981">
     <span class='ocr_line' id='line_1_67' title="bbox 1133 943 1876 981; baseline -0.005 -8"><span class='ocrx_word' id='word_1_438' title='bbox 1133 947 1178 973; x_wconf 85' lang='grc' dir='ltr'>Ἐν</span> <span class='ocrx_word' id='word_1_439' title='bbox 1192 946 1283 981; x_wconf 81' lang='grc' dir='ltr'>ταυτῷ</span> <span class='ocrx_word' id='word_1_440' title='bbox 1301 945 1329 972; x_wconf 83' lang='grc' dir='ltr'><strong>δὲ</strong></span> <span class='ocrx_word' id='word_1_441' title='bbox 1345 944 1604 979; x_wconf 82' lang='grc' dir='ltr'>συνανεγνώσοησαν</span> <span class='ocrx_word' id='word_1_442' title='bbox 1626 944 1673 970; x_wconf 76' lang='grc' dir='ltr'><strong>τοῦ</strong></span> <span class='ocrx_word' id='word_1_443' title='bbox 1696 943 1777 970; x_wconf 82' lang='grc' dir='ltr'><strong>αὑτοῦ</strong></span> <span class='ocrx_word' id='word_1_444' title='bbox 1795 943 1876 970; x_wconf 74' lang='grc' dir='ltr'><strong>Ἐπι-</strong></span> 
     </span>
    </p>
   </div>
   <div class='ocr_carea' id='block_1_68' title="bbox 1090 988 1878 1026">
    <p class='ocr_par' dir='ltr' id='par_1_68' title="bbox 1090 988 1878 1026">
     <span class='ocr_line' id='line_1_68' title="bbox 1090 988 1878 1026; baseline -0.005 -7"><span class='ocrx_word' id='word_1_445' title='bbox 1090 991 1198 1019; x_wconf 76' lang='grc' dir='ltr'>στολαὶ</span> <span class='ocrx_word' id='word_1_446' title='bbox 1209 991 1342 1026; x_wconf 81' lang='grc' dir='ltr'>διάφοροι.</span> <span class='ocrx_word' id='word_1_447' title='bbox 1366 988 1416 1018; x_wconf 82' lang='grc' dir='ltr'>Ὧν</span> <span class='ocrx_word' id='word_1_448' title='bbox 1433 990 1529 1026; x_wconf 81' lang='grc' dir='ltr'><strong>πρώτη</strong></span> <span class='ocrx_word' id='word_1_449' title='bbox 1547 991 1596 1026; x_wconf 79' lang='grc' dir='ltr'>μὲν</span> <span class='ocrx_word' id='word_1_450' title='bbox 1618 990 1686 1025; x_wconf 75' lang='grc' dir='ltr'>πρὸς</span> <span class='ocrx_word' id='word_1_451' title='bbox 1700 990 1801 1025; x_wconf 84' lang='grc' dir='ltr'>Πέτρον</span> <span class='ocrx_word' id='word_1_452' title='bbox 1824 990 1878 1016; x_wconf 80' lang='grc' dir='ltr'><strong>’ἰλ-</strong></span> 
     </span>
    </p>
   </div>
   <div class='ocr_carea' id='block_1_69' title="bbox 1089 1035 1879 1074">
    <p class='ocr_par' dir='ltr' id='par_1_69' title="bbox 1089 1035 1879 1074">
     <span class='ocr_line' id='line_1_69' title="bbox 1089 1035 1879 1074; baseline -0.004 -9"><span class='ocrx_word' id='word_1_453' title='bbox 1089 1036 1282 1074; x_wconf 81' lang='grc' dir='ltr'>λούστριον,ἦς</span> <span class='ocrx_word' id='word_1_454' title='bbox 1297 1037 1438 1074; x_wconf 74' lang='grc' dir='ltr'>ἐπιγραφὴ</span> <span class='ocrx_word' id='word_1_455' title='bbox 1448 1038 1471 1054; x_wconf 75' lang='grc'>⁷⁸</span> <span class='ocrx_word' id='word_1_456' title='bbox 1488 1037 1549 1073; x_wconf 78' lang='grc' dir='ltr'>μὲν,</span> <span class='ocrx_word' id='word_1_457' title='bbox 1565 1037 1633 1072; x_wconf 80' lang='grc' dir='ltr'>Περὶ</span> <span class='ocrx_word' id='word_1_458' title='bbox 1653 1036 1705 1064; x_wconf 85' lang='grc' dir='ltr'><strong>τοῦ</strong></span> <span class='ocrx_word' id='word_1_459' title='bbox 1720 1035 1793 1063; x_wconf 79' lang='grc' dir='ltr'>κατὰ</span> <span class='ocrx_word' id='word_1_460' title='bbox 1808 1037 1879 1069; x_wconf 76' lang='grc' dir='ltr'>Χρι-</span> 
     </span>
    </p>
   </div>
   <div class='ocr_carea' id='block_1_70' title="bbox 1090 1082 1877 1120">
    <p class='ocr_par' dir='ltr' id='par_1_70' title="bbox 1090 1082 1877 1120">
     <span class='ocr_line' id='line_1_70' title="bbox 1090 1082 1877 1120; baseline -0.005 -7"><span class='ocrx_word' id='word_1_461' title='bbox 1090 1085 1167 1113; x_wconf 78' lang='grc' dir='ltr'>στὸν</span> <span class='ocrx_word' id='word_1_462' title='bbox 1174 1085 1343 1119; x_wconf 79' lang='grc' dir='ltr'><strong>μυστηρίου</strong></span> <span class='ocrx_word' id='word_1_463' title='bbox 1355 1085 1451 1120; x_wconf 76' lang='grc' dir='ltr'>Λόγος</span> <span class='ocrx_word' id='word_1_464' title='bbox 1464 1084 1604 1119; x_wconf 77' lang='grc' dir='ltr'>ἐπίτομος</span> <span class='ocrx_word' id='word_1_465' title='bbox 1614 1083 1747 1111; x_wconf 76' lang='grc' dir='ltr'>καὶκατὰ</span> <span class='ocrx_word' id='word_1_466' title='bbox 1757 1082 1816 1119; x_wconf 68' lang='grc' dir='ltr'><strong>[2ῧὲ</strong></span> <span class='ocrx_word' id='word_1_467' title='bbox 1827 1083 1849 1109; x_wconf 76' lang='lat' dir='ltr'><strong>li</strong></span> <span class='ocrx_word' id='word_1_468' title='bbox 1854 1082 1877 1118; x_wconf 85' lang='lat'><strong>.]</strong></span> 
     </span>
    </p>
   </div>
   <div class='ocr_carea' id='block_1_71' title="bbox 1090 1129 1880 1165">
    <p class='ocr_par' dir='ltr' id='par_1_71' title="bbox 1090 1129 1880 1165">
     <span class='ocr_line' id='line_1_71' title="bbox 1090 1129 1880 1165; baseline -0.004 -7"><span class='ocrx_word' id='word_1_469' title='bbox 1090 1131 1149 1158; x_wconf 86' lang='grc' dir='ltr'><strong>τῶν</strong></span> <span class='ocrx_word' id='word_1_470' title='bbox 1171 1131 1303 1165; x_wconf 80' lang='grc' dir='ltr'>Σεόήρου</span> <span class='ocrx_word' id='word_1_471' title='bbox 1328 1130 1492 1165; x_wconf 80' lang='grc' dir='ltr'><strong>δογμάτων,</strong></span> <span class='ocrx_word' id='word_1_472' title='bbox 1508 1130 1644 1165; x_wconf 72' lang='grc' dir='ltr'>κεφάλαια</span> <span class='ocrx_word' id='word_1_473' title='bbox 1666 1129 1695 1156; x_wconf 83' lang='grc' dir='ltr'><strong>δὲ</strong></span> <span class='ocrx_word' id='word_1_474' title='bbox 1707 1129 1768 1155; x_wconf 85' lang='grc' dir='ltr'>τάδε</span> <span class='ocrx_word' id='word_1_475' title='bbox 1783 1137 1790 1144; x_wconf 90' lang='grc'>·</span> <span class='ocrx_word' id='word_1_476' title='bbox 1805 1130 1880 1164; x_wconf 68' lang='grc' dir='ltr'>Περὶ</span> 
     </span>
    </p>
   </div>
   <div class='ocr_carea' id='block_1_72' title="bbox 1090 1175 1880 1213">
    <p class='ocr_par' dir='ltr' id='par_1_72' title="bbox 1090 1175 1880 1213">
     <span class='ocr_line' id='line_1_72' title="bbox 1090 1175 1880 1213; baseline -0.005 -8"><span class='ocrx_word' id='word_1_477' title='bbox 1090 1177 1207 1213; x_wconf 84' lang='grc' dir='ltr'>ἀριθμοῦ</span> <span class='ocrx_word' id='word_1_478' title='bbox 1232 1177 1406 1213; x_wconf 83' lang='grc' dir='ltr'>φυσικωτέρα</span> <span class='ocrx_word' id='word_1_479' title='bbox 1429 1176 1570 1212; x_wconf 80' lang='grc' dir='ltr'>διάληψις,</span> <span class='ocrx_word' id='word_1_480' title='bbox 1597 1176 1661 1211; x_wconf 80' lang='grc' dir='ltr'>περὶ</span> <span class='ocrx_word' id='word_1_481' title='bbox 1678 1175 1807 1210; x_wconf 74' lang='grc' dir='ltr'>διαφορᾶς</span> <span class='ocrx_word' id='word_1_482' title='bbox 1827 1176 1880 1201; x_wconf 80' lang='grc' dir='ltr'>καὶ</span> 
     </span>
    </p>
   </div>
   <div class='ocr_carea' id='block_1_73' title="bbox 1091 1221 1881 1259">
    <p class='ocr_par' dir='ltr' id='par_1_73' title="bbox 1091 1221 1881 1259">
     <span class='ocr_line' id='line_1_73' title="bbox 1091 1221 1881 1259; baseline -0.006 -8"><span class='ocrx_word' id='word_1_483' title='bbox 1091 1224 1232 1259; x_wconf 81' lang='grc' dir='ltr'>ποιότητος</span> <span class='ocrx_word' id='word_1_484' title='bbox 1259 1223 1454 1259; x_wconf 77' lang='grc' dir='ltr'>ἀκριϐέστερον</span> <span class='ocrx_word' id='word_1_485' title='bbox 1485 1223 1533 1249; x_wconf 79' lang='grc' dir='ltr'><strong>καὶ</strong></span> <span class='ocrx_word' id='word_1_486' title='bbox 1555 1223 1605 1258; x_wconf 83' lang='grc' dir='ltr'><strong>τῆς</strong></span> <span class='ocrx_word' id='word_1_487' title='bbox 1633 1221 1722 1249; x_wconf 80' lang='grc' dir='ltr'>αὐτῶν</span> <span class='ocrx_word' id='word_1_488' title='bbox 1748 1221 1881 1253; x_wconf 79' lang='grc' dir='ltr'>εὐσεὸοῦς</span> 
     </span>
    </p>
   </div>
   <div class='ocr_carea' id='block_1_74' title="bbox 1089 1267 1881 1305">
    <p class='ocr_par' dir='ltr' id='par_1_74' title="bbox 1089 1267 1881 1305">
     <span class='ocr_line' id='line_1_74' title="bbox 1089 1267 1881 1305; baseline -0.005 -8"><span class='ocrx_word' id='word_1_489' title='bbox 1089 1270 1244 1305; x_wconf 75' lang='grc' dir='ltr'>ὁμολογίαςο</span> <span class='ocrx_word' id='word_1_490' title='bbox 1266 1271 1306 1297; x_wconf 84' lang='grc' dir='ltr'>ὃτι</span> <span class='ocrx_word' id='word_1_491' title='bbox 1330 1269 1490 1305; x_wconf 82' lang='grc' dir='ltr'>βλάσφημον</span> <span class='ocrx_word' id='word_1_492' title='bbox 1510 1269 1541 1296; x_wconf 84' lang='grc' dir='ltr'>τὸ</span> <span class='ocrx_word' id='word_1_493' title='bbox 1564 1269 1654 1302; x_wconf 84' lang='grc' dir='ltr'>λέγειν</span> <span class='ocrx_word' id='word_1_494' title='bbox 1677 1269 1763 1300; x_wconf 79' lang='grc' dir='ltr'>οὕτως</span> <span class='ocrx_word' id='word_1_495' title='bbox 1783 1267 1881 1299; x_wconf 81' lang='grc' dir='ltr'>ἁπλῶς</span> 
     </span>
    </p>
   </div>
   <div class='ocr_carea' id='block_1_75' title="bbox 1089 1315 1882 1353">
    <p class='ocr_par' dir='ltr' id='par_1_75' title="bbox 1089 1315 1882 1353">
     <span class='ocr_line' id='line_1_75' title="bbox 1089 1315 1882 1353; baseline -0.005 -9"><span class='ocrx_word' id='word_1_496' title='bbox 1089 1317 1134 1344; x_wconf 81' lang='grc' dir='ltr'>τὸν</span> <span class='ocrx_word' id='word_1_497' title='bbox 1148 1317 1265 1353; x_wconf 82' lang='grc' dir='ltr'>Χριστὸν</span> <span class='ocrx_word' id='word_1_498' title='bbox 1288 1317 1352 1352; x_wconf 82' lang='grc' dir='ltr'>μίαν</span> <span class='ocrx_word' id='word_1_499' title='bbox 1374 1316 1465 1351; x_wconf 83' lang='grc' dir='ltr'>φύσιν·</span> <span class='ocrx_word' id='word_1_500' title='bbox 1487 1316 1552 1351; x_wconf 77' lang='grc' dir='ltr'>περὶ</span> <span class='ocrx_word' id='word_1_501' title='bbox 1568 1315 1695 1342; x_wconf 78' lang='grc' dir='ltr'>συνθέτου</span> <span class='ocrx_word' id='word_1_502' title='bbox 1708 1315 1813 1348; x_wconf 84' lang='grc' dir='ltr'>φύσεως</span> <span class='ocrx_word' id='word_1_503' title='bbox 1827 1315 1882 1340; x_wconf 78' lang='grc' dir='ltr'>καὶ</span> 
     </span>
    </p>
   </div>
   <div class='ocr_carea' id='block_1_76' title="bbox 1089 1361 1883 1398">
    <p class='ocr_par' dir='ltr' id='par_1_76' title="bbox 1089 1361 1883 1398">
     <span class='ocr_line' id='line_1_76' title="bbox 1089 1361 1883 1398; baseline -0.005 -7"><span class='ocrx_word' id='word_1_504' title='bbox 1089 1365 1136 1391; x_wconf 83' lang='grc' dir='ltr'>τοῦ</span> <span class='ocrx_word' id='word_1_505' title='bbox 1157 1363 1216 1390; x_wconf 80' lang='grc' dir='ltr'>κατ’</span> <span class='ocrx_word' id='word_1_506' title='bbox 1232 1363 1316 1398; x_wconf 82' lang='grc' dir='ltr'>αὐτὴν</span> <span class='ocrx_word' id='word_1_507' title='bbox 1336 1362 1427 1396; x_wconf 85' lang='grc' dir='ltr'>λόγου,</span> <span class='ocrx_word' id='word_1_508' title='bbox 1443 1362 1491 1389; x_wconf 79' lang='grc' dir='ltr'>καὶ</span> <span class='ocrx_word' id='word_1_509' title='bbox 1505 1362 1542 1394; x_wconf 84' lang='grc' dir='ltr'>ὡς</span> <span class='ocrx_word' id='word_1_510' title='bbox 1554 1361 1699 1389; x_wconf 80' lang='grc' dir='ltr'>ἀσεὸοὖσιν</span> <span class='ocrx_word' id='word_1_511' title='bbox 1714 1361 1739 1388; x_wconf 75' lang='grc' dir='ltr'><strong>οι</strong></span> <span class='ocrx_word' id='word_1_512' title='bbox 1754 1361 1883 1395; x_wconf 83' lang='grc' dir='ltr'>λέγοντες</span> 
     </span>
    </p>
   </div>
   <div class='ocr_carea' id='block_1_77' title="bbox 1088 1407 1884 1445">
    <p class='ocr_par' dir='ltr' id='par_1_77' title="bbox 1088 1407 1884 1445">
     <span class='ocr_line' id='line_1_77' title="bbox 1088 1407 1884 1445; baseline -0.004 -9"><span class='ocrx_word' id='word_1_513' title='bbox 1088 1411 1134 1437; x_wconf 79' lang='grc' dir='ltr'>τὸν</span> <span class='ocrx_word' id='word_1_514' title='bbox 1149 1409 1267 1445; x_wconf 75' lang='grc' dir='ltr'>Χριστὺι</span> <span class='ocrx_word' id='word_1_515' title='bbox 1279 1409 1344 1444; x_wconf 79' lang='grc' dir='ltr'>μίαν</span> <span class='ocrx_word' id='word_1_516' title='bbox 1361 1408 1488 1435; x_wconf 83' lang='grc' dir='ltr'>σύνθετον</span> <span class='ocrx_word' id='word_1_517' title='bbox 1499 1408 1522 1424; x_wconf 74' lang='grc'><strong>³⁸</strong></span> <span class='ocrx_word' id='word_1_518' title='bbox 1538 1408 1628 1442; x_wconf 76' lang='grc' dir='ltr'>φύσιψ</span> <span class='ocrx_word' id='word_1_519' title='bbox 1643 1408 1685 1434; x_wconf 85' lang='grc' dir='ltr'>ὅτι</span> <span class='ocrx_word' id='word_1_520' title='bbox 1701 1408 1716 1434; x_wconf 81' lang='grc' dir='ltr'><strong>ὁ</strong></span> <span class='ocrx_word' id='word_1_521' title='bbox 1731 1407 1814 1441; x_wconf 78' lang='grc' dir='ltr'>λέγων</span> <span class='ocrx_word' id='word_1_522' title='bbox 1830 1407 1884 1434; x_wconf 73' lang='grc' dir='ltr'>τὸν</span> 
     </span>
    </p>
   </div>
   <div class='ocr_carea' id='block_1_78' title="bbox 1089 1454 1885 1492">
    <p class='ocr_par' dir='ltr' id='par_1_78' title="bbox 1089 1454 1885 1492">
     <span class='ocr_line' id='line_1_78' title="bbox 1089 1454 1885 1492; baseline -0.004 -10"><span class='ocrx_word' id='word_1_523' title='bbox 1089 1456 1206 1492; x_wconf 69' lang='grc' dir='ltr'>Χριστὸν</span> <span class='ocrx_word' id='word_1_524' title='bbox 1220 1455 1287 1482; x_wconf 76' lang='grc' dir='ltr'>Θεὸν</span> <span class='ocrx_word' id='word_1_525' title='bbox 1308 1457 1355 1482; x_wconf 73' lang='grc' dir='ltr'>καὶ</span> <span class='ocrx_word' id='word_1_526' title='bbox 1372 1455 1515 1490; x_wconf 83' lang='grc' dir='ltr'>ἄνθρωπον</span> <span class='ocrx_word' id='word_1_527' title='bbox 1539 1454 1609 1490; x_wconf 84' lang='grc' dir='ltr'>μετὰ</span> <span class='ocrx_word' id='word_1_528' title='bbox 1638 1454 1687 1489; x_wconf 83' lang='grc' dir='ltr'>τὴν</span> <span class='ocrx_word' id='word_1_529' title='bbox 1701 1454 1797 1481; x_wconf 86' lang='grc' dir='ltr'>’ένωσιν</span> <span class='ocrx_word' id='word_1_530' title='bbox 1813 1462 1885 1479; x_wconf 83' lang='grc' dir='ltr'>συν-</span> 
     </span>
    </p>
   </div>
   <div class='ocr_carea' id='block_1_79' title="bbox 1091 1500 1884 1537">
    <p class='ocr_par' dir='ltr' id='par_1_79' title="bbox 1091 1500 1884 1537">
     <span class='ocr_line' id='line_1_79' title="bbox 1091 1500 1884 1537; baseline -0.003 -8"><span class='ocrx_word' id='word_1_531' title='bbox 1091 1502 1217 1537; x_wconf 79' lang='grc' dir='ltr'>ομολογεῖ</span> <span class='ocrx_word' id='word_1_532' title='bbox 1231 1503 1288 1533; x_wconf 86' lang='grc' dir='ltr'>τοῖς</span> <span class='ocrx_word' id='word_1_533' title='bbox 1299 1502 1412 1535; x_wconf 82' lang='grc' dir='ltr'>ὀνόμασι</span> <span class='ocrx_word' id='word_1_534' title='bbox 1423 1501 1472 1533; x_wconf 83' lang='grc' dir='ltr'>τὰς</span> <span class='ocrx_word' id='word_1_535' title='bbox 1495 1500 1590 1535; x_wconf 80' lang='grc' dir='ltr'>φύσεις</span> <span class='ocrx_word' id='word_1_536' title='bbox 1610 1500 1641 1533; x_wconf 82' lang='grc' dir='ltr'>ἐξ</span> <span class='ocrx_word' id='word_1_537' title='bbox 1662 1500 1785 1535; x_wconf 82' lang='grc' dir='ltr'><strong>ἀνάγκης</strong></span> <span class='ocrx_word' id='word_1_538' title='bbox 1805 1501 1884 1534; x_wconf 75' lang='grc' dir='ltr'>μετὰ</span> 
     </span>
    </p>
   </div>
   <div class='ocr_carea' id='block_1_80' title="bbox 1087 1543 1885 1583">
    <p class='ocr_par' dir='ltr' id='par_1_80' title="bbox 1087 1543 1885 1583">
     <span class='ocr_line' id='line_1_80' title="bbox 1087 1543 1885 1583; baseline -0.003 -9"><span class='ocrx_word' id='word_1_539' title='bbox 1087 1548 1137 1583; x_wconf 84' lang='grc' dir='ltr'>τὴν</span> <span class='ocrx_word' id='word_1_540' title='bbox 1151 1548 1258 1577; x_wconf 73' lang='grc' dir='ltr'>ἕνωσιν.</span> <span class='ocrx_word' id='word_1_541' title='bbox 1275 1547 1363 1583; x_wconf 82' lang='grc' dir='ltr'>ὀρθῶς</span> <span class='ocrx_word' id='word_1_542' title='bbox 1377 1547 1498 1582; x_wconf 81' lang='grc' dir='ltr'>δηλονότι</span> <span class='ocrx_word' id='word_1_543' title='bbox 1514 1547 1560 1573; x_wconf 86' lang='grc' dir='ltr'>καὶ</span> <span class='ocrx_word' id='word_1_544' title='bbox 1573 1547 1728 1578; x_wconf 78' lang='grc' dir='ltr'>ἀκολούθως</span> <span class='ocrx_word' id='word_1_545' title='bbox 1745 1543 1785 1577; x_wconf 73' lang='grc' dir='ltr'><strong>οἷς</strong></span> <span class='ocrx_word' id='word_1_546' title='bbox 1800 1546 1885 1579; x_wconf 78' lang='grc' dir='ltr'>λέγει</span> 
     </span>
    </p>
   </div>
   <div class='ocr_carea' id='block_1_81' title="bbox 1088 1591 1888 1628">
    <p class='ocr_par' dir='ltr' id='par_1_81' title="bbox 1088 1591 1888 1628">
     <span class='ocr_line' id='line_1_81' title="bbox 1088 1591 1888 1628; baseline -0.001 -10"><span class='ocrx_word' id='word_1_547' title='bbox 1088 1592 1228 1619; x_wconf 80' lang='grc' dir='ltr'>πιστεύειν</span> <span class='ocrx_word' id='word_1_548' title='bbox 1244 1592 1391 1628; x_wconf 73' lang='grc' dir='ltr'>ᾑρημένοςο</span> <span class='ocrx_word' id='word_1_549' title='bbox 1408 1593 1474 1627; x_wconf 78' lang='grc' dir='ltr'>περὶ</span> <span class='ocrx_word' id='word_1_550' title='bbox 1484 1592 1534 1627; x_wconf 84' lang='grc' dir='ltr'>τῆς</span> <span class='ocrx_word' id='word_1_551' title='bbox 1545 1592 1581 1618; x_wconf 74' lang='grc' dir='ltr'><strong>ἐν</strong></span> <span class='ocrx_word' id='word_1_552' title='bbox 1594 1591 1649 1618; x_wconf 84' lang='grc' dir='ltr'>δύο</span> <span class='ocrx_word' id='word_1_553' title='bbox 1664 1591 1796 1626; x_wconf 72' lang='grc' dir='ltr'><strong>φωνῆςθί·</strong></span> <span class='ocrx_word' id='word_1_554' title='bbox 1811 1593 1888 1626; x_wconf 74' lang='grc' dir='ltr'>περὶ</span> 
     </span>
    </p>
   </div>
   <div class='ocr_carea' id='block_1_82' title="bbox 1087 1636 1886 1673">
    <p class='ocr_par' dir='ltr' id='par_1_82' title="bbox 1087 1636 1886 1673">
     <span class='ocr_line' id='line_1_82' title="bbox 1087 1636 1886 1673; baseline -0.001 -9"><span class='ocrx_word' id='word_1_555' title='bbox 1087 1637 1136 1673; x_wconf 81' lang='grc' dir='ltr'><strong>τῆς</strong></span> <span class='ocrx_word' id='word_1_556' title='bbox 1151 1638 1214 1673; x_wconf 83' lang='grc' dir='ltr'>μιᾶς</span> <span class='ocrx_word' id='word_1_557' title='bbox 1225 1638 1271 1664; x_wconf 81' lang='grc' dir='ltr'><strong>τοῦ</strong></span> <span class='ocrx_word' id='word_1_558' title='bbox 1285 1637 1365 1672; x_wconf 83' lang='grc' dir='ltr'>λόγου</span> <span class='ocrx_word' id='word_1_559' title='bbox 1380 1636 1485 1672; x_wconf 83' lang='grc' dir='ltr'>φύσεως</span> <span class='ocrx_word' id='word_1_560' title='bbox 1497 1636 1611 1672; x_wconf 76' lang='grc' dir='ltr'>εὐσεϐὴς</span> <span class='ocrx_word' id='word_1_561' title='bbox 1622 1636 1645 1652; x_wconf 81' lang='grc'><strong>⁸¹</strong></span> <span class='ocrx_word' id='word_1_562' title='bbox 1661 1636 1790 1671; x_wconf 82' lang='grc' dir='ltr'>ὁμολογία</span> <span class='ocrx_word' id='word_1_563' title='bbox 1804 1637 1886 1663; x_wconf 75' lang='grc' dir='ltr'>κατὰ</span> 
     </span>
    </p>
   </div>
   <div class='ocr_carea' id='block_1_83' title="bbox 1086 1683 1888 1718">
    <p class='ocr_par' dir='ltr' id='par_1_83' title="bbox 1086 1683 1888 1718">
     <span class='ocr_line' id='line_1_83' title="bbox 1086 1683 1888 1718; baseline 0 -8"><span class='ocrx_word' id='word_1_564' title='bbox 1086 1684 1150 1715; x_wconf 82' lang='grc' dir='ltr'>τοὺς</span> <span class='ocrx_word' id='word_1_565' title='bbox 1163 1684 1288 1718; x_wconf 75' lang='grc' dir='ltr'>Πατέρας</span> <span class='ocrx_word' id='word_1_566' title='bbox 1301 1703 1308 1716; x_wconf 87' lang='grc'><strong>,</strong></span> <span class='ocrx_word' id='word_1_567' title='bbox 1324 1684 1371 1710; x_wconf 75' lang='grc' dir='ltr'>καὶ</span> <span class='ocrx_word' id='word_1_568' title='bbox 1389 1683 1516 1718; x_wconf 79' lang='grc' dir='ltr'><strong>ἀθέτησις</strong></span> <span class='ocrx_word' id='word_1_569' title='bbox 1534 1683 1583 1718; x_wconf 81' lang='grc' dir='ltr'>τῆς</span> <span class='ocrx_word' id='word_1_570' title='bbox 1603 1683 1668 1718; x_wconf 80' lang='grc' dir='ltr'>μιᾶς</span> <span class='ocrx_word' id='word_1_571' title='bbox 1684 1683 1812 1710; x_wconf 77' lang='grc' dir='ltr'><strong>συνθέτου</strong></span> <span class='ocrx_word' id='word_1_572' title='bbox 1827 1684 1888 1717; x_wconf 72' lang='grc' dir='ltr'><strong>φύ-</strong></span> 
     </span>
    </p>
   </div>
   <div class='ocr_carea' id='block_1_84' title="bbox 1088 1728 1887 1765">
    <p class='ocr_par' dir='ltr' id='par_1_84' title="bbox 1088 1728 1887 1765">
     <span class='ocr_line' id='line_1_84' title="bbox 1088 1728 1887 1765; baseline 0 -9"><span class='ocrx_word' id='word_1_573' title='bbox 1088 1739 1167 1761; x_wconf 87' lang='grc' dir='ltr'>σεως·</span> <span class='ocrx_word' id='word_1_574' title='bbox 1186 1730 1251 1765; x_wconf 77' lang='grc' dir='ltr'>περὶ</span> <span class='ocrx_word' id='word_1_575' title='bbox 1268 1729 1444 1760; x_wconf 81' lang='grc' dir='ltr'>ὑποστάσεως</span> <span class='ocrx_word' id='word_1_576' title='bbox 1467 1729 1594 1756; x_wconf 76' lang='grc' dir='ltr'>συνθέτου</span> <span class='ocrx_word' id='word_1_577' title='bbox 1618 1728 1794 1764; x_wconf 81' lang='grc' dir='ltr'>φυσικωτέρα</span> <span class='ocrx_word' id='word_1_578' title='bbox 1817 1729 1887 1756; x_wconf 78' lang='grc' dir='ltr'><strong>διά-</strong></span> 
     </span>
    </p>
   </div>
   <div class='ocr_carea' id='block_1_85' title="bbox 1086 1774 1887 1812">
    <p class='ocr_par' dir='ltr' id='par_1_85' title="bbox 1086 1774 1887 1812">
     <span class='ocr_line' id='line_1_85' title="bbox 1086 1774 1887 1812; baseline 0 -10"><span class='ocrx_word' id='word_1_579' title='bbox 1086 1776 1166 1812; x_wconf 78' lang='grc' dir='ltr'>ληψις</span> <span class='ocrx_word' id='word_1_580' title='bbox 1178 1797 1186 1809; x_wconf 85' lang='lat'><strong>,</strong></span> <span class='ocrx_word' id='word_1_581' title='bbox 1215 1776 1263 1802; x_wconf 76' lang='grc' dir='ltr'>καὶ</span> <span class='ocrx_word' id='word_1_582' title='bbox 1282 1775 1420 1808; x_wconf 83' lang='grc' dir='ltr'>ἀπόδειξις</span> <span class='ocrx_word' id='word_1_583' title='bbox 1440 1775 1477 1807; x_wconf 81' lang='grc' dir='ltr'>ὡς</span> <span class='ocrx_word' id='word_1_584' title='bbox 1502 1775 1564 1811; x_wconf 76' lang='grc' dir='ltr'><strong>οὐχὶ</strong></span> <span class='ocrx_word' id='word_1_585' title='bbox 1580 1776 1637 1807; x_wconf 81' lang='grc' dir='ltr'>τοῖς</span> <span class='ocrx_word' id='word_1_586' title='bbox 1654 1774 1746 1806; x_wconf 80' lang='grc' dir='ltr'>αὐτοῖς</span> <span class='ocrx_word' id='word_1_587' title='bbox 1764 1775 1887 1807; x_wconf 78' lang='grc' dir='ltr'>ἀτόποις</span> 
     </span>
    </p>
   </div>
   <div class='ocr_carea' id='block_1_86' title="bbox 1086 1821 1888 1857">
    <p class='ocr_par' dir='ltr' id='par_1_86' title="bbox 1086 1821 1888 1857">
     <span class='ocr_line' id='line_1_86' title="bbox 1086 1821 1888 1857; baseline 0 -9"><span class='ocrx_word' id='word_1_588' title='bbox 1086 1822 1296 1857; x_wconf 82' lang='grc' dir='ltr'>περιπίπτουσιν</span> <span class='ocrx_word' id='word_1_589' title='bbox 1318 1822 1342 1848; x_wconf 79' lang='grc' dir='ltr'>οἱ</span> <span class='ocrx_word' id='word_1_590' title='bbox 1368 1821 1433 1856; x_wconf 83' lang='grc' dir='ltr'>μίαν</span> <span class='ocrx_word' id='word_1_591' title='bbox 1455 1821 1583 1848; x_wconf 84' lang='grc' dir='ltr'>σύνθετον</span> <span class='ocrx_word' id='word_1_592' title='bbox 1609 1821 1760 1849; x_wconf 81' lang='grc' dir='ltr'>ὑπόστασιν</span> <span class='ocrx_word' id='word_1_593' title='bbox 1777 1822 1888 1856; x_wconf 72' lang='grc' dir='ltr'>ὁμολο-</span> 
     </span>
    </p>
   </div>
   <div class='ocr_carea' id='block_1_87' title="bbox 1086 1865 1888 1902">
    <p class='ocr_par' dir='ltr' id='par_1_87' title="bbox 1086 1865 1888 1902">
     <span class='ocr_line' id='line_1_87' title="bbox 1086 1865 1888 1902; baseline 0.002 -10"><span class='ocrx_word' id='word_1_594' title='bbox 1086 1866 1196 1900; x_wconf 75' lang='grc' dir='ltr'>γοῦντες</span> <span class='ocrx_word' id='word_1_595' title='bbox 1205 1866 1250 1893; x_wconf 83' lang='grc' dir='ltr'>τὸν</span> <span class='ocrx_word' id='word_1_596' title='bbox 1262 1865 1378 1902; x_wconf 77' lang='grc' dir='ltr'>Χριστὸν</span> <span class='ocrx_word' id='word_1_597' title='bbox 1389 1867 1445 1897; x_wconf 82' lang='grc' dir='ltr'>τοῖς</span> <span class='ocrx_word' id='word_1_598' title='bbox 1457 1865 1521 1901; x_wconf 78' lang='grc' dir='ltr'>μίαν</span> <span class='ocrx_word' id='word_1_599' title='bbox 1534 1866 1614 1893; x_wconf 80' lang='grc' dir='ltr'>αὺτδν</span> <span class='ocrx_word' id='word_1_600' title='bbox 1626 1866 1753 1894; x_wconf 79' lang='grc' dir='ltr'>σύνθετον</span> <span class='ocrx_word' id='word_1_601' title='bbox 1765 1867 1888 1900; x_wconf 68' lang='grc' dir='ltr'>λέγουσι</span> 
     </span>
    </p>
   </div>
   <div class='ocr_carea' id='block_1_88' title="bbox 1085 1911 1888 1948">
    <p class='ocr_par' dir='ltr' id='par_1_88' title="bbox 1085 1911 1888 1948">
     <span class='ocr_line' id='line_1_88' title="bbox 1085 1911 1888 1948; baseline 0.001 -10"><span class='ocrx_word' id='word_1_602' title='bbox 1085 1912 1177 1947; x_wconf 83' lang='grc' dir='ltr'>φύσιν·</span> <span class='ocrx_word' id='word_1_603' title='bbox 1194 1912 1215 1939; x_wconf 85' lang='grc' dir='ltr'><strong>θ’</strong></span> <span class='ocrx_word' id='word_1_604' title='bbox 1233 1912 1380 1946; x_wconf 74' lang='grc' dir='ltr'>κεφάλαιον</span> <span class='ocrx_word' id='word_1_605' title='bbox 1393 1911 1416 1927; x_wconf 73' lang='grc'><strong>⁸³</strong></span> <span class='ocrx_word' id='word_1_606' title='bbox 1432 1913 1472 1939; x_wconf 78' lang='grc' dir='ltr'>ὅτι</span> <span class='ocrx_word' id='word_1_607' title='bbox 1490 1912 1561 1939; x_wconf 80' lang='grc' dir='ltr'>κατὰ</span> <span class='ocrx_word' id='word_1_608' title='bbox 1581 1912 1734 1948; x_wconf 63' lang='grc' dir='ltr'>πρόσληψιν</span> <span class='ocrx_word' id='word_1_609' title='bbox 1755 1913 1843 1948; x_wconf 87' lang='grc' dir='ltr'>μόνην</span> <span class='ocrx_word' id='word_1_610' title='bbox 1857 1914 1888 1930; x_wconf 66' lang='grc'><strong>⁸⁸</strong></span> 
     </span>
    </p>
   </div>
   <div class='ocr_carea' id='block_1_89' title="bbox 1084 1956 1888 1993">
    <p class='ocr_par' dir='ltr' id='par_1_89' title="bbox 1084 1956 1888 1993">
     <span class='ocr_line' id='line_1_89' title="bbox 1084 1956 1888 1993; baseline 0.002 -9"><span class='ocrx_word' id='word_1_611' title='bbox 1084 1958 1100 1992; x_wconf 88' lang='grc' dir='ltr'>ὴ</span> <span class='ocrx_word' id='word_1_612' title='bbox 1120 1957 1187 1992; x_wconf 79' lang='grc' dir='ltr'>πρὸς</span> <span class='ocrx_word' id='word_1_613' title='bbox 1200 1957 1249 1992; x_wconf 86' lang='grc' dir='ltr'>τὴν</span> <span class='ocrx_word' id='word_1_614' title='bbox 1263 1957 1352 1993; x_wconf 85' lang='grc' dir='ltr'>σάρκα</span> <span class='ocrx_word' id='word_1_615' title='bbox 1365 1956 1475 1991; x_wconf 87' lang='grc' dir='ltr'>γέγονεν</span> <span class='ocrx_word' id='word_1_616' title='bbox 1487 1957 1584 1988; x_wconf 77' lang='grc' dir='ltr'>ἓνωσις</span> <span class='ocrx_word' id='word_1_617' title='bbox 1594 1979 1602 1990; x_wconf 84' lang='grc'><strong>,</strong></span> <span class='ocrx_word' id='word_1_618' title='bbox 1615 1957 1653 1989; x_wconf 86' lang='grc' dir='ltr'>ὼς</span> <span class='ocrx_word' id='word_1_619' title='bbox 1669 1957 1812 1993; x_wconf 74' lang='grc' dir='ltr'>προόντος,</span> <span class='ocrx_word' id='word_1_620' title='bbox 1832 1960 1888 1987; x_wconf 64' lang='grc' dir='ltr'>καὶ</span> 
     </span>
    </p>
   </div>
   <div class='ocr_carea' id='block_1_90' title="bbox 1085 2003 1888 2039">
    <p class='ocr_par' dir='ltr' id='par_1_90' title="bbox 1085 2003 1888 2039">
     <span class='ocr_line' id='line_1_90' title="bbox 1085 2003 1888 2039; baseline 0.002 -9"><span class='ocrx_word' id='word_1_621' title='bbox 1085 2003 1217 2039; x_wconf 86' lang='grc' dir='ltr'>θελήματι</span> <span class='ocrx_word' id='word_1_622' title='bbox 1229 2003 1277 2038; x_wconf 85' lang='grc' dir='ltr'>τὴν</span> <span class='ocrx_word' id='word_1_623' title='bbox 1288 2003 1356 2039; x_wconf 78' lang='grc' dir='ltr'>πρὸς</span> <span class='ocrx_word' id='word_1_624' title='bbox 1364 2004 1387 2020; x_wconf 66' lang='grc'><strong>⁸⁵</strong></span> <span class='ocrx_word' id='word_1_625' title='bbox 1397 2003 1487 2038; x_wconf 82' lang='grc' dir='ltr'>σάρκα</span> <span class='ocrx_word' id='word_1_626' title='bbox 1498 2003 1720 2039; x_wconf 79' lang='grc' dir='ltr'>διαπραξαμένου</span> <span class='ocrx_word' id='word_1_627' title='bbox 1731 2004 1833 2032; x_wconf 71' lang='grc' dir='ltr'>ἕνωσιν</span> <span class='ocrx_word' id='word_1_628' title='bbox 1846 2006 1888 2033; x_wconf 69' lang='grc'><strong>³⁸.</strong></span> 
     </span>
    </p>
   </div>
   <div class='ocr_carea' id='block_1_91' title="bbox 1091 2049 1677 2085">
    <p class='ocr_par' dir='ltr' id='par_1_91' title="bbox 1091 2049 1677 2085">
     <span class='ocr_line' id='line_1_91' title="bbox 1091 2049 1677 2085; baseline 0.003 -11"><span class='ocrx_word' id='word_1_629' title='bbox 1091 2049 1161 2075; x_wconf 75' lang='grc' dir='ltr'>Ἀλλ’</span> <span class='ocrx_word' id='word_1_630' title='bbox 1179 2050 1196 2084; x_wconf 77' lang='grc' dir='ltr'><strong>ἡ</strong></span> <span class='ocrx_word' id='word_1_631' title='bbox 1212 2049 1261 2084; x_wconf 75' lang='grc' dir='ltr'>μὲν</span> <span class='ocrx_word' id='word_1_632' title='bbox 1278 2050 1346 2084; x_wconf 84' lang='grc' dir='ltr'>πρὸς</span> <span class='ocrx_word' id='word_1_633' title='bbox 1363 2049 1467 2084; x_wconf 78' lang='grc' dir='ltr'>Πέτρον</span> <span class='ocrx_word' id='word_1_634' title='bbox 1487 2049 1677 2085; x_wconf 75' lang='grc' dir='ltr'>Ἰλλούστριον.</span> 
     </span>
    </p>
   </div>
   <div class='ocr_carea' id='block_1_92' title="bbox 1126 2093 1888 2129">
    <p class='ocr_par' dir='ltr' id='par_1_92' title="bbox 1126 2093 1888 2129">
     <span class='ocr_line' id='line_1_92' title="bbox 1126 2093 1888 2129; baseline 0.001 -10"><span class='ocrx_word' id='word_1_635' title='bbox 1126 2093 1222 2129; x_wconf 81' lang='grc' dir='ltr'>Ἑτέρα</span> <span class='ocrx_word' id='word_1_636' title='bbox 1245 2093 1273 2120; x_wconf 76' lang='grc' dir='ltr'><strong>δὲ</strong></span> <span class='ocrx_word' id='word_1_637' title='bbox 1290 2093 1496 2129; x_wconf 64' lang='grc' dir='ltr'>πρὺςιΚοσμᾶν</span> <span class='ocrx_word' id='word_1_638' title='bbox 1519 2094 1644 2121; x_wconf 78' lang='grc' dir='ltr'>διάκονον</span> <span class='ocrx_word' id='word_1_639' title='bbox 1669 2095 1888 2129; x_wconf 66' lang='grc' dir='ltr'>Ἀλεξανδρείας</span> 
     </span>
    </p>
   </div>
   <div class='ocr_carea' id='block_1_93' title="bbox 1084 2136 1888 2172">
    <p class='ocr_par' dir='ltr' id='par_1_93' title="bbox 1084 2136 1888 2172">
     <span class='ocr_line' id='line_1_93' title="bbox 1084 2136 1888 2172; baseline 0.005 -10"><span class='ocrx_word' id='word_1_640' title='bbox 1084 2137 1149 2172; x_wconf 70' lang='grc' dir='ltr'>περὶ</span> <span class='ocrx_word' id='word_1_641' title='bbox 1161 2136 1251 2163; x_wconf 78' lang='grc' dir='ltr'>κοινοῦ</span> <span class='ocrx_word' id='word_1_642' title='bbox 1270 2137 1317 2164; x_wconf 67' lang='grc' dir='ltr'>καὶ</span> <span class='ocrx_word' id='word_1_643' title='bbox 1335 2138 1412 2170; x_wconf 81' lang='grc' dir='ltr'>ἰδίου,</span> <span class='ocrx_word' id='word_1_644' title='bbox 1428 2138 1568 2165; x_wconf 79' lang='grc' dir='ltr'>τουτέστιν</span> <span class='ocrx_word' id='word_1_645' title='bbox 1582 2139 1677 2170; x_wconf 74' lang='grc' dir='ltr'>οὐσίας</span> <span class='ocrx_word' id='word_1_646' title='bbox 1691 2140 1739 2166; x_wconf 82' lang='grc' dir='ltr'>καὶ</span> <span class='ocrx_word' id='word_1_647' title='bbox 1756 2140 1888 2166; x_wconf 73' lang='grc' dir='ltr'>ὑποστά-</span> 
     </span>
    </p>
   </div>
   <div class='ocr_carea' id='block_1_94' title="bbox 1085 2180 1888 2220">
    <p class='ocr_par' dir='ltr' id='par_1_94' title="bbox 1085 2180 1888 2220">
     <span class='ocr_line' id='line_1_94' title="bbox 1085 2180 1888 2220; baseline 0.002 -11"><span class='ocrx_word' id='word_1_648' title='bbox 1085 2191 1163 2213; x_wconf 81' lang='grc' dir='ltr'>σεως.</span> <span class='ocrx_word' id='word_1_649' title='bbox 1183 2180 1238 2214; x_wconf 81' lang='grc' dir='ltr'><strong>Ἶῐς</strong></span> <span class='ocrx_word' id='word_1_650' title='bbox 1259 2184 1408 2217; x_wconf 80' lang='grc' dir='ltr'>κεφάλαιον</span> <span class='ocrx_word' id='word_1_651' title='bbox 1420 2184 1442 2200; x_wconf 74' lang='grc'><strong>³⁷</strong></span> <span class='ocrx_word' id='word_1_652' title='bbox 1460 2186 1616 2219; x_wconf 79' lang='grc' dir='ltr'>κατασκευὴ</span> <span class='ocrx_word' id='word_1_653' title='bbox 1636 2185 1816 2220; x_wconf 76' lang='grc' dir='ltr'>φυσικωτέρα</span> <span class='ocrx_word' id='word_1_654' title='bbox 1844 2186 1888 2218; x_wconf 69' lang='grc' dir='ltr'>ὡς</span> 
     </span>
    </p>
   </div>
   <div class='ocr_carea' id='block_1_95' title="bbox 1083 2229 1888 2266">
    <p class='ocr_par' dir='ltr' id='par_1_95' title="bbox 1083 2229 1888 2266">
     <span class='ocr_line' id='line_1_95' title="bbox 1083 2229 1888 2266; baseline 0.004 -11"><span class='ocrx_word' id='word_1_655' title='bbox 1083 2229 1158 2255; x_wconf 77' lang='grc' dir='ltr'>οὐδὲν</span> <span class='ocrx_word' id='word_1_656' title='bbox 1174 2229 1228 2256; x_wconf 83' lang='grc' dir='ltr'>τῶν</span> <span class='ocrx_word' id='word_1_657' title='bbox 1244 2229 1329 2256; x_wconf 71' lang='grc' dir='ltr'>ὄντων</span> <span class='ocrx_word' id='word_1_658' title='bbox 1345 2230 1432 2266; x_wconf 81' lang='grc' dir='ltr'>ἑτέρῳ</span> <span class='ocrx_word' id='word_1_659' title='bbox 1447 2231 1501 2257; x_wconf 77' lang='grc' dir='ltr'>τινὶ</span> <span class='ocrx_word' id='word_1_660' title='bbox 1518 2231 1616 2258; x_wconf 76' lang='grc' dir='ltr'>ταυτόν</span> <span class='ocrx_word' id='word_1_661' title='bbox 1630 2232 1688 2257; x_wconf 77' lang='grc' dir='ltr'>ἐστι</span> <span class='ocrx_word' id='word_1_662' title='bbox 1704 2232 1766 2258; x_wconf 80' lang='grc' dir='ltr'>κατ’</span> <span class='ocrx_word' id='word_1_663' title='bbox 1780 2232 1888 2258; x_wconf 67' lang='grc' dir='ltr'>οὖσίειυ</span> 
     </span>
    </p>
   </div>
   <div class='ocr_carea' id='block_1_96' title="bbox 1084 2275 1888 2312">
    <p class='ocr_par' dir='ltr' id='par_1_96' title="bbox 1084 2275 1888 2312">
     <span class='ocr_line' id='line_1_96' title="bbox 1084 2275 1888 2312; baseline 0.004 -11"><span class='ocrx_word' id='word_1_664' title='bbox 1084 2276 1131 2301; x_wconf 72' lang='grc' dir='ltr'>καὶ</span> <span class='ocrx_word' id='word_1_665' title='bbox 1147 2275 1305 2308; x_wconf 80' lang='grc' dir='ltr'>ὑπόστασιν,</span> <span class='ocrx_word' id='word_1_666' title='bbox 1327 2276 1371 2303; x_wconf 84' lang='grc' dir='ltr'>διὰ</span> <span class='ocrx_word' id='word_1_667' title='bbox 1396 2277 1427 2303; x_wconf 80' lang='grc' dir='ltr'>τὸ</span> <span class='ocrx_word' id='word_1_668' title='bbox 1446 2277 1482 2312; x_wconf 81' lang='grc' dir='ltr'>μὴ</span> <span class='ocrx_word' id='word_1_669' title='bbox 1504 2277 1603 2304; x_wconf 79' lang='grc' dir='ltr'>ταυτὸν</span> <span class='ocrx_word' id='word_1_670' title='bbox 1627 2275 1696 2304; x_wconf 82' lang='grc' dir='ltr'>εἶναι</span> <span class='ocrx_word' id='word_1_671' title='bbox 1713 2277 1813 2304; x_wconf 77' lang='grc' dir='ltr'>οὐσίαν</span> <span class='ocrx_word' id='word_1_672' title='bbox 1833 2279 1888 2304; x_wconf 62' lang='grc' dir='ltr'><strong>καῖ</strong></span> 
     </span>
    </p>
   </div>
   <div class='ocr_carea' id='block_1_97' title="bbox 1083 2321 1888 2359">
    <p class='ocr_par' dir='ltr' id='par_1_97' title="bbox 1083 2321 1888 2359">
     <span class='ocr_line' id='line_1_97' title="bbox 1083 2321 1888 2359; baseline 0.004 -12"><span class='ocrx_word' id='word_1_673' title='bbox 1083 2321 1243 2353; x_wconf 82' lang='grc' dir='ltr'>ὑπόστασιν.</span> <span class='ocrx_word' id='word_1_674' title='bbox 1259 2323 1326 2349; x_wconf 82' lang='grc' dir='ltr'>ἀλλὰ</span> <span class='ocrx_word' id='word_1_675' title='bbox 1339 2323 1373 2350; x_wconf 76' lang='grc' dir='ltr'><strong>τὰ</strong></span> <span class='ocrx_word' id='word_1_676' title='bbox 1391 2324 1440 2359; x_wconf 80' lang='grc' dir='ltr'>μὲν</span> <span class='ocrx_word' id='word_1_677' title='bbox 1452 2324 1511 2350; x_wconf 87' lang='grc' dir='ltr'>κατ’</span> <span class='ocrx_word' id='word_1_678' title='bbox 1526 2323 1620 2350; x_wconf 81' lang='grc' dir='ltr'>οὐσίαν</span> <span class='ocrx_word' id='word_1_679' title='bbox 1634 2323 1720 2350; x_wconf 78' lang='grc' dir='ltr'>ταυτὰ</span> <span class='ocrx_word' id='word_1_680' title='bbox 1734 2325 1798 2355; x_wconf 82' lang='grc' dir='ltr'>ταῖς</span> <span class='ocrx_word' id='word_1_681' title='bbox 1816 2325 1888 2359; x_wconf 40' lang='grc' dir='ltr'><strong>ὑπαὶ</strong></span> 
     </span>
    </p>
   </div>
   <div class='ocr_carea' id='block_1_98' title="bbox 1085 2367 1888 2404">
    <p class='ocr_par' dir='ltr' id='par_1_98' title="bbox 1085 2367 1888 2404">
     <span class='ocr_line' id='line_1_98' title="bbox 1085 2367 1888 2404; baseline 0.005 -11"><span class='ocrx_word' id='word_1_682' title='bbox 1085 2367 1211 2396; x_wconf 79' lang='grc' dir='ltr'>στάσεσιν</span> <span class='ocrx_word' id='word_1_683' title='bbox 1227 2369 1319 2404; x_wconf 75' lang='grc' dir='ltr'>ἕτερα,</span> <span class='ocrx_word' id='word_1_684' title='bbox 1337 2369 1355 2396; x_wconf 81' lang='grc' dir='ltr'>ἃ</span> <span class='ocrx_word' id='word_1_685' title='bbox 1370 2370 1398 2396; x_wconf 73' lang='grc' dir='ltr'><strong>δὲ</strong></span> <span class='ocrx_word' id='word_1_686' title='bbox 1413 2371 1499 2397; x_wconf 82' lang='grc' dir='ltr'>ταυτὰ</span> <span class='ocrx_word' id='word_1_687' title='bbox 1517 2370 1579 2397; x_wconf 81' lang='grc' dir='ltr'>καθ’</span> <span class='ocrx_word' id='word_1_688' title='bbox 1591 2370 1613 2386; x_wconf 77' lang='grc'><strong>⁸⁸</strong></span> <span class='ocrx_word' id='word_1_689' title='bbox 1631 2370 1795 2401; x_wconf 80' lang='grc' dir='ltr'>ὑπόστασιν,</span> <span class='ocrx_word' id='word_1_690' title='bbox 1819 2372 1888 2397; x_wconf 61' lang='grc' dir='ltr'><strong>κακέ</strong></span> 
     </span>
    </p>
   </div>
   <div class='ocr_carea' id='block_1_99' title="bbox 1084 2413 1888 2452">
    <p class='ocr_par' dir='ltr' id='par_1_99' title="bbox 1084 2413 1888 2452">
     <span class='ocr_line' id='line_1_99' title="bbox 1084 2413 1888 2452; baseline 0.005 -13"><span class='ocrx_word' id='word_1_691' title='bbox 1084 2413 1179 2441; x_wconf 81' lang='grc' dir='ltr'>οὐσίαν</span> <span class='ocrx_word' id='word_1_692' title='bbox 1198 2415 1245 2441; x_wconf 81' lang='grc' dir='ltr'>καὶ</span> <span class='ocrx_word' id='word_1_693' title='bbox 1267 2416 1349 2450; x_wconf 84' lang='grc' dir='ltr'>φύσιν</span> <span class='ocrx_word' id='word_1_694' title='bbox 1370 2415 1498 2451; x_wconf 76' lang='grc' dir='ltr'>διάφορα.</span> <span class='ocrx_word' id='word_1_695' title='bbox 1516 2416 1647 2452; x_wconf 86' lang='grc' dir='ltr'>Δεύτερον</span> <span class='ocrx_word' id='word_1_696' title='bbox 1664 2417 1705 2443; x_wconf 82' lang='grc' dir='ltr'>ὅτι</span> <span class='ocrx_word' id='word_1_697' title='bbox 1726 2417 1741 2443; x_wconf 82' lang='grc' dir='ltr'>ὁ</span> <span class='ocrx_word' id='word_1_698' title='bbox 1755 2417 1888 2451; x_wconf 71' lang='grc' dir='ltr'>Χριστὸς</span> 
     </span>
    </p>
   </div>
   <div class='ocr_carea' id='block_1_100' title="bbox 875 2478 1225 2510">
    <p class='ocr_par' dir='ltr' id='par_1_100' title="bbox 875 2478 1225 2510">
     <span class='ocr_line' id='line_1_100' title="bbox 875 2478 1225 2510; baseline 0.011 -5"><span class='ocrx_word' id='word_1_699' title='bbox 875 2478 993 2506; x_wconf 72' lang='lat' dir='ltr'><strong>VARLE</strong></span> <span class='ocrx_word' id='word_1_700' title='bbox 1024 2479 1225 2510; x_wconf 84' lang='lat' dir='ltr'><strong>LECTIONES.</strong></span> 
     </span>
    </p>
   </div>
   <div class='ocr_carea' id='block_1_101' title="bbox 279 2533 896 2574">
    <p class='ocr_par' dir='ltr' id='par_1_101' title="bbox 279 2533 896 2574">
     <span class='ocr_line' id='line_1_101' title="bbox 279 2533 896 2574; baseline -0.006 -8"><span class='ocrx_word' id='word_1_701' title='bbox 279 2539 302 2556; x_wconf 83' lang='grc'><strong>⁷⁸</strong></span> <span class='ocrx_word' id='word_1_702' title='bbox 319 2538 498 2574; x_wconf 81' lang='grc' dir='ltr'>παραστήσας</span> <span class='ocrx_word' id='word_1_703' title='bbox 524 2537 548 2564; x_wconf 81' lang='grc' dir='ltr'><strong>Α</strong></span> <span class='ocrx_word' id='word_1_704' title='bbox 575 2546 582 2564; x_wconf 91' lang='lat'>:</span> <span class='ocrx_word' id='word_1_705' title='bbox 605 2537 783 2574; x_wconf 77' lang='grc' dir='ltr'>παραστήσας</span> <span class='ocrx_word' id='word_1_706' title='bbox 805 2533 840 2571; x_wconf 80' lang='grc' dir='ltr'>ἦν</span> <span class='ocrx_word' id='word_1_707' title='bbox 854 2545 896 2574; x_wconf 28' lang='grc' dir='ltr'><strong>ις.</strong></span> 
     </span>
    </p>
   </div>
   <div class='ocr_carea' id='block_1_102' title="bbox 244 2572 922 2614">
    <p class='ocr_par' dir='ltr' id='par_1_102' title="bbox 244 2572 922 2614">
     <span class='ocr_line' id='line_1_102' title="bbox 244 2572 922 2614; baseline -0.001 0"><span class='ocrx_word' id='word_1_708' title='bbox 244 2576 268 2614; x_wconf 64' lang='grc' dir='ltr'><strong>ῖξ</strong></span> <span class='ocrx_word' id='word_1_709' title='bbox 280 2572 505 2614; x_wconf 50' lang='lat' dir='ltr'><strong>smmum.</strong></span> <span class='ocrx_word' id='word_1_710' title='bbox 518 2581 567 2614; x_wconf 50' lang='lat'><strong>5-.</strong></span> <span class='ocrx_word' id='word_1_711' title='bbox 605 2572 676 2614; x_wconf 52' lang='lat' dir='ltr'><strong>&quot;ac</strong></span> <span class='ocrx_word' id='word_1_712' title='bbox 688 2573 711 2614; x_wconf 70' lang='grc' dir='ltr'><strong>,ἡ</strong></span> <span class='ocrx_word' id='word_1_713' title='bbox 729 2572 868 2614; x_wconf 49' lang='lat' dir='ltr'><strong>aereae</strong></span> <span class='ocrx_word' id='word_1_714' title='bbox 893 2581 922 2604; x_wconf 65' lang='grc' dir='ltr'>ςι</span> 
     </span>
    </p>
   </div>
   <div class='ocr_carea' id='block_1_103' title="bbox 244 2643 659 2672">
    <p class='ocr_par' dir='ltr' id='par_1_103' title="bbox 244 2643 659 2672">
     <span class='ocr_line' id='line_1_103' title="bbox 244 2643 659 2672; baseline -0.01 0"><span class='ocrx_word' id='word_1_715' title='bbox 244 2645 305 2672; x_wconf 91' lang='lat' dir='ltr'><strong>libri</strong></span> <span class='ocrx_word' id='word_1_716' title='bbox 316 2644 431 2670; x_wconf 80' lang='grc' dir='ltr'>κένωσιν</span> <span class='ocrx_word' id='word_1_717' title='bbox 479 2643 502 2658; x_wconf 84' lang='grc'><strong>⁸⁷</strong></span> <span class='ocrx_word' id='word_1_718' title='bbox 515 2643 659 2670; x_wconf 74' lang='grc' dir='ltr'>κεφάλαιον</span> 
     </span>
    </p>
   </div>
   <div class='ocr_carea' id='block_1_104' title="bbox 952 2537 1230 2573">
    <p class='ocr_par' dir='ltr' id='par_1_104' title="bbox 952 2537 1230 2573">
     <span class='ocr_line' id='line_1_104' title="bbox 952 2537 1230 2573; baseline 0.014 -10"><span class='ocrx_word' id='word_1_719' title='bbox 952 2537 975 2553; x_wconf 75' lang='grc'><strong>⁷⁸</strong></span> <span class='ocrx_word' id='word_1_720' title='bbox 989 2540 1183 2573; x_wconf 81' lang='grc' dir='ltr'>συγγραφικῶν</span> <span class='ocrx_word' id='word_1_721' title='bbox 1199 2541 1230 2567; x_wconf 81' lang='grc' dir='ltr'><strong>Α.</strong></span> 
     </span>
    </p>
   </div>
   <div class='ocr_carea' id='block_1_105' title="bbox 967 2573 1136 2600">
    <p class='ocr_par' dir='ltr' id='par_1_105' title="bbox 967 2573 1136 2600">
     <span class='ocr_line' id='line_1_105' title="bbox 967 2573 1136 2600; baseline 0.012 -2"><span class='ocrx_word' id='word_1_722' title='bbox 967 2573 990 2588; x_wconf 75' lang='grc' dir='ltr'><strong>⁸ο</strong></span> <span class='ocrx_word' id='word_1_723' title='bbox 1010 2573 1136 2600; x_wconf 82' lang='grc' dir='ltr'>σύνθετον</span> 
     </span>
    </p>
   </div>
   <div class='ocr_carea' id='block_1_106' title="bbox 243 2607 1506 2646">
    <p class='ocr_par' dir='ltr' id='par_1_106' title="bbox 243 2607 1506 2646">
     <span class='ocr_line' id='line_1_106' title="bbox 243 2607 1506 2646; baseline -0.002 -11"><span class='ocrx_word' id='word_1_724' title='bbox 243 2611 267 2626; x_wconf 79' lang='grc'><strong>⁸¹</strong></span> <span class='ocrx_word' id='word_1_725' title='bbox 279 2610 303 2646; x_wconf 50' lang='grc' dir='ltr'>Θ(</span> <span class='ocrx_word' id='word_1_726' title='bbox 315 2607 462 2646; x_wconf 75' lang='grc' dir='ltr'>κεφάλαιον</span> <span class='ocrx_word' id='word_1_727' title='bbox 473 2608 535 2646; x_wconf 67' lang='lat' dir='ltr'><strong>add.</strong></span> <span class='ocrx_word' id='word_1_728' title='bbox 554 2608 594 2646; x_wconf 81' lang='lat' dir='ltr'><strong>A_._</strong></span> <span class='ocrx_word' id='word_1_729' title='bbox 624 2607 646 2623; x_wconf 76' lang='grc'><strong>⁸⁵</strong></span> <span class='ocrx_word' id='word_1_730' title='bbox 655 2607 756 2646; x_wconf 75' lang='grc' dir='ltr'>μόνην]</span> <span class='ocrx_word' id='word_1_731' title='bbox 775 2607 973 2646; x_wconf 30' lang='grc' dir='ltr'>μόνηηειυιιειρῖ</span> <span class='ocrx_word' id='word_1_732' title='bbox 995 2608 1045 2634; x_wconf 74' lang='grc'><strong>157</strong></span> <span class='ocrx_word' id='word_1_733' title='bbox 1154 2607 1177 2626; x_wconf 69' lang='grc'><strong>⁸⁵</strong></span> <span class='ocrx_word' id='word_1_734' title='bbox 1195 2607 1262 2646; x_wconf 63' lang='grc' dir='ltr'>πρὸξ</span> <span class='ocrx_word' id='word_1_735' title='bbox 1275 2611 1324 2646; x_wconf 74' lang='grc' dir='ltr'>τὴν</span> <span class='ocrx_word' id='word_1_736' title='bbox 1336 2607 1378 2640; x_wconf 80' lang='grc' dir='ltr'><strong>Α’;</strong></span> <span class='ocrx_word' id='word_1_737' title='bbox 1394 2607 1466 2638; x_wconf 67' lang='grc' dir='ltr'>κάτὰ</span> <span class='ocrx_word' id='word_1_738' title='bbox 1475 2621 1506 2643; x_wconf 74' lang='grc' dir='ltr'><strong>ς»,</strong></span> 
     </span>
    </p>
   </div>
   <div class='ocr_carea' id='block_1_107' title="bbox 660 2616 1189 2679">
    <p class='ocr_par' dir='ltr' id='par_1_107' title="bbox 660 2616 1189 2679">
     <span class='ocr_line' id='line_1_107' title="bbox 660 2616 1177 2678; baseline 0.01 -46"><span class='ocrx_word' id='word_1_739' title='bbox 660 2616 756 2678; x_wconf 57' lang='grc' dir='ltr'>μονην]</span> <span class='ocrx_word' id='word_1_740' title='bbox 775 2616 841 2641; x_wconf 87' lang='grc' dir='ltr'>μονη</span> <span class='ocrx_word' id='word_1_741' title='bbox 872 2616 930 2633; x_wconf 77' lang='lat' dir='ltr'><strong>erat</strong></span> <span class='ocrx_word' id='word_1_742' title='bbox 946 2616 973 2641; x_wconf 88' lang='lat' dir='ltr'><strong>p.</strong></span> <span class='ocrx_word' id='word_1_743' title='bbox 995 2616 1044 2634; x_wconf 71' lang='lat' dir='ltr'><strong>lbi</strong></span> <span class='ocrx_word' id='word_1_744' title='bbox 1064 2616 1116 2650; x_wconf 51' lang='lat'><strong>0‘1.</strong></span> <span class='ocrx_word' id='word_1_745' title='bbox 1154 2616 1177 2626; x_wconf 69' lang='lat'><strong>““</strong></span> 
     </span>
     <span class='ocr_line' id='line_1_108' title="bbox 696 2641 1189 2679; baseline 0.008 -11"><span class='ocrx_word' id='word_1_746' title='bbox 696 2643 764 2669; x_wconf 83' lang='lat' dir='ltr'><strong>adde</strong></span> <span class='ocrx_word' id='word_1_747' title='bbox 775 2642 810 2668; x_wconf 83' lang='grc' dir='ltr'><strong>α’.</strong></span> <span class='ocrx_word' id='word_1_748' title='bbox 847 2641 869 2657; x_wconf 76' lang='grc'>⁸⁸</span> <span class='ocrx_word' id='word_1_749' title='bbox 881 2641 941 2667; x_wconf 78' lang='grc' dir='ltr'>καθ’</span> <span class='ocrx_word' id='word_1_750' title='bbox 956 2642 978 2668; x_wconf 89' lang='grc' dir='ltr'>Λ</span> <span class='ocrx_word' id='word_1_751' title='bbox 992 2651 999 2669; x_wconf 86' lang='lat'><strong>:</strong></span> <span class='ocrx_word' id='word_1_752' title='bbox 1017 2651 1086 2670; x_wconf 86' lang='grc' dir='ltr'>κατα</span> <span class='ocrx_word' id='word_1_753' title='bbox 1100 2645 1150 2679; x_wconf 81' lang='grc' dir='ltr'>τὴν</span> <span class='ocrx_word' id='word_1_754' title='bbox 1159 2655 1189 2678; x_wconf 80' lang='grc' dir='ltr'><strong>ς.</strong></span> 
     </span>
    </p>
   </div>
   <div class='ocr_carea' id='block_1_108' title="bbox 1277 2540 1888 2576">
    <p class='ocr_par' dir='ltr' id='par_1_108' title="bbox 1277 2540 1888 2576">
     <span class='ocr_line' id='line_1_109' title="bbox 1277 2540 1888 2576; baseline 0 -8"><span class='ocrx_word' id='word_1_755' title='bbox 1277 2541 1300 2557; x_wconf 80' lang='grc'><strong>’⁷</strong></span> <span class='ocrx_word' id='word_1_756' title='bbox 1320 2550 1421 2576; x_wconf 85' lang='grc' dir='ltr'>προσπ.</span> <span class='ocrx_word' id='word_1_757' title='bbox 1452 2541 1499 2568; x_wconf 76' lang='grc' dir='ltr'>καὶ</span> <span class='ocrx_word' id='word_1_758' title='bbox 1525 2542 1556 2568; x_wconf 85' lang='grc' dir='ltr'>τὸ</span> <span class='ocrx_word' id='word_1_759' title='bbox 1581 2541 1647 2576; x_wconf 83' lang='grc' dir='ltr'>πρὸς</span> <span class='ocrx_word' id='word_1_760' title='bbox 1674 2540 1764 2567; x_wconf 74' lang='grc' dir='ltr'>ταῦτα</span> <span class='ocrx_word' id='word_1_761' title='bbox 1789 2541 1822 2567; x_wconf 79' lang='grc' dir='ltr'>δὲ</span> <span class='ocrx_word' id='word_1_762' title='bbox 1853 2551 1888 2574; x_wconf 77' lang='grc' dir='ltr'><strong>ς.</strong></span> 
     </span>
    </p>
   </div>
   <div class='ocr_carea' id='block_1_109' title="bbox 1676 2630 1888 2643">
    <p class='ocr_par' dir='ltr' id='par_1_109' title="bbox 1676 2630 1888 2643">
     <span class='ocr_line' id='line_1_110' title="bbox 1676 2630 1888 2643; baseline 0.014 -6"><span class='ocrx_word' id='word_1_763' title='bbox 1676 2630 1688 2643; x_wconf 51' lang='grc'>⁵</span> <span class='ocrx_word' id='word_1_764' title='bbox 1716 2630 1808 2638; x_wconf 61' lang='grc' dir='ltr'><strong>λιιι-νδ</strong></span> <span class='ocrx_word' id='word_1_765' title='bbox 1814 2630 1864 2639; x_wconf 71' lang='lat' dir='ltr'><strong>uno</strong></span> <span class='ocrx_word' id='word_1_766' title='bbox 1882 2633 1888 2640; x_wconf 63' lang='grc' dir='ltr'>ς</span> 
     </span>
    </p>
   </div>
   <div class='ocr_carea' id='block_1_110' title="bbox 1011 2701 1127 2729">
    <p class='ocr_par' dir='ltr' id='par_1_110' title="bbox 1011 2701 1127 2729">
     <span class='ocr_line' id='line_1_111' title="bbox 1011 2701 1127 2729; baseline 0.009 -1"><span class='ocrx_word' id='word_1_767' title='bbox 1011 2701 1127 2729; x_wconf 67' lang='grc' dir='ltr'><strong>ΝΟΤΔΕ.</strong></span> 
     </span>
    </p>
   </div>
   <div class='ocr_carea' id='block_1_111' title="bbox 278 2756 1022 2794">
    <p class='ocr_par' dir='ltr' id='par_1_111' title="bbox 278 2756 1022 2794">
     <span class='ocr_line' id='line_1_112' title="bbox 278 2756 1022 2794; baseline -0.001 -9"><span class='ocrx_word' id='word_1_768' title='bbox 278 2758 333 2794; x_wconf 70' lang='grc'><strong>(45)</strong></span> <span class='ocrx_word' id='word_1_769' title='bbox 346 2757 433 2792; x_wconf 74' lang='grc' dir='ltr'>Ηιῃιιε</span> <span class='ocrx_word' id='word_1_770' title='bbox 449 2760 600 2794; x_wconf 61' lang='lat' dir='ltr'><strong>argiLmentt</strong></span> <span class='ocrx_word' id='word_1_771' title='bbox 617 2760 841 2794; x_wconf 53' lang='lat' dir='ltr'><strong>centurLseptem</strong></span> <span class='ocrx_word' id='word_1_772' title='bbox 854 2756 880 2782; x_wconf 93' lang='lat' dir='ltr'><strong>in</strong></span> <span class='ocrx_word' id='word_1_773' title='bbox 898 2756 1022 2794; x_wconf 78' lang='lat' dir='ltr'><strong>biblioth.</strong></span> 
     </span>
    </p>
   </div>
   <div class='ocr_carea' id='block_1_112' title="bbox 244 2791 1023 2824">
    <p class='ocr_par' dir='ltr' id='par_1_112' title="bbox 244 2791 1023 2824">
     <span class='ocr_line' id='line_1_113' title="bbox 244 2791 1023 2824; baseline -0.001 -3"><span class='ocrx_word' id='word_1_774' title='bbox 244 2791 333 2821; x_wconf 53' lang='lat' dir='ltr'><strong>Va&#39;tic&#39;.</strong></span> <span class='ocrx_word' id='word_1_775' title='bbox 362 2791 603 2820; x_wconf 64' lang='lat' dir='ltr'><strong>eistareailirmat</strong></span> <span class='ocrx_word' id='word_1_776' title='bbox 628 2793 705 2817; x_wconf 85' lang='lat' dir='ltr'><strong>card.</strong></span> <span class='ocrx_word' id='word_1_777' title='bbox 718 2791 861 2824; x_wconf 82' lang='lat' dir='ltr'><strong>Baronius,</strong></span> <span class='ocrx_word' id='word_1_778' title='bbox 882 2797 947 2819; x_wconf 86' lang='lat' dir='ltr'><strong>tom.</strong></span> <span class='ocrx_word' id='word_1_779' title='bbox 967 2793 1023 2820; x_wconf 85' lang='lat' dir='ltr'><strong>Vill</strong></span> 
     </span>
    </p>
   </div>
   <div class='ocr_carea' id='block_1_113' title="bbox 244 2825 717 2861">
    <p class='ocr_par' dir='ltr' id='par_1_113' title="bbox 244 2825 717 2861">
     <span class='ocr_line' id='line_1_114' title="bbox 244 2825 717 2861; baseline -0.004 -7"><span class='ocrx_word' id='word_1_780' title='bbox 244 2829 343 2855; x_wconf 80' lang='lat' dir='ltr'><strong>Annal.</strong></span> <span class='ocrx_word' id='word_1_781' title='bbox 356 2833 386 2854; x_wconf 85' lang='lat' dir='ltr'><strong>ut.</strong></span> <span class='ocrx_word' id='word_1_782' title='bbox 401 2832 429 2854; x_wconf 87' lang='lat' dir='ltr'><strong>et</strong></span> <span class='ocrx_word' id='word_1_783' title='bbox 444 2827 592 2861; x_wconf 82' lang='lat' dir='ltr'><strong>Augustani</strong></span> <span class='ocrx_word' id='word_1_784' title='bbox 608 2826 634 2852; x_wconf 94' lang='lat' dir='ltr'><strong>in</strong></span> <span class='ocrx_word' id='word_1_785' title='bbox 651 2825 717 2861; x_wconf 79' lang='lat' dir='ltr'><strong>sud.</strong></span> 
     </span>
    </p>
   </div>
   <div class='ocr_carea' id='block_1_114' title="bbox 274 2860 1025 2898">
    <p class='ocr_par' dir='ltr' id='par_1_114' title="bbox 274 2860 1025 2898">
     <span class='ocr_line' id='line_1_115' title="bbox 274 2860 1025 2898; baseline 0 -9"><span class='ocrx_word' id='word_1_786' title='bbox 274 2863 331 2897; x_wconf 70' lang='grc'><strong>(46)</strong></span> <span class='ocrx_word' id='word_1_787' title='bbox 345 2863 432 2898; x_wconf 86' lang='lat' dir='ltr'><strong>Supra</strong></span> <span class='ocrx_word' id='word_1_788' title='bbox 450 2860 556 2896; x_wconf 77' lang='lat' dir='ltr'><strong>quoque</strong></span> <span class='ocrx_word' id='word_1_789' title='bbox 568 2860 622 2888; x_wconf 72' lang='lat'><strong>29?.</strong></span> <span class='ocrx_word' id='word_1_790' title='bbox 633 2860 666 2888; x_wconf 84' lang='lat' dir='ltr'><strong>ad</strong></span> <span class='ocrx_word' id='word_1_791' title='bbox 678 2860 808 2890; x_wconf 78' lang='lat' dir='ltr'><strong>Joannem</strong></span> <span class='ocrx_word' id='word_1_792' title='bbox 833 2861 1025 2896; x_wconf 77' lang='lat' dir='ltr'><strong>philosophum</strong></span> 
     </span>
    </p>
   </div>
   <div class='ocr_carea' id='block_1_115' title="bbox 1075 2762 1241 2795">
    <p class='ocr_par' dir='ltr' id='par_1_115' title="bbox 1075 2762 1241 2795">
     <span class='ocr_line' id='line_1_116' title="bbox 1075 2762 1241 2795; baseline 0 -8"><span class='ocrx_word' id='word_1_793' title='bbox 1075 2762 1210 2795; x_wconf 70' lang='lat' dir='ltr'><strong>pra-script</strong></span> <span class='ocrx_word' id='word_1_794' title='bbox 1217 2770 1241 2787; x_wconf 83' lang='lat' dir='ltr'><strong>a.</strong></span> 
     </span>
    </p>
   </div>
   <div class='ocr_carea' id='block_1_116' title="bbox 1109 2796 1888 2833">
    <p class='ocr_par' dir='ltr' id='par_1_116' title="bbox 1109 2796 1888 2833">
     <span class='ocr_line' id='line_1_117' title="bbox 1109 2796 1888 2833; baseline 0 -9"><span class='ocrx_word' id='word_1_795' title='bbox 1109 2796 1164 2831; x_wconf 60' lang='lat'><strong>(-17)</strong></span> <span class='ocrx_word' id='word_1_796' title='bbox 1180 2797 1296 2823; x_wconf 77' lang='grc' dir='ltr'>Ἒνωσιν</span> <span class='ocrx_word' id='word_1_797' title='bbox 1312 2798 1426 2826; x_wconf 90' lang='lat' dir='ltr'><strong>emcmlo</strong></span> <span class='ocrx_word' id='word_1_798' title='bbox 1438 2805 1470 2826; x_wconf 81' lang='lat' dir='ltr'><strong>ex</strong></span> <span class='ocrx_word' id='word_1_799' title='bbox 1491 2797 1602 2833; x_wconf 84' lang='lat' dir='ltr'><strong>cpistola</strong></span> <span class='ocrx_word' id='word_1_800' title='bbox 1626 2799 1659 2826; x_wconf 87' lang='lat' dir='ltr'><strong>ad</strong></span> <span class='ocrx_word' id='word_1_801' title='bbox 1675 2798 1791 2826; x_wconf 81' lang='lat' dir='ltr'><strong>Petrum</strong></span> <span class='ocrx_word' id='word_1_802' title='bbox 1810 2797 1888 2825; x_wconf 64' lang='lat' dir='ltr'><strong>illu~</strong></span> 
     </span>
    </p>
   </div>
   <div class='ocr_carea' id='block_1_117' title="bbox 1079 2835 1250 2866">
    <p class='ocr_par' dir='ltr' id='par_1_117' title="bbox 1079 2835 1250 2866">
     <span class='ocr_line' id='line_1_118' title="bbox 1079 2835 1250 2866; baseline 0.006 -8"><span class='ocrx_word' id='word_1_803' title='bbox 1079 2835 1162 2859; x_wconf 87' lang='lat' dir='ltr'><strong>strem</strong></span> <span class='ocrx_word' id='word_1_804' title='bbox 1175 2839 1250 2866; x_wconf 85' lang='lat' dir='ltr'><strong>supr.</strong></span> 
     </span>
    </p>
   </div>
  </div>
