1916 3092
67 168 113 198 653

591 165 852 196 BIBLIOTHECA.
872 178 907 182 —
929 165 1011 195 COD.
1030 166 1177 197 CXCXIV.

1637 166 1689 198 654

71 225 119 255 ui;
133 223 180 258 μὲν
204 222 266 250 κατ’
289 222 384 249 οὐσίαν
406 221 462 248 τῶν
481 220 589 247 οἰκείων
614 221 706 256 μερῶν
727 223 797 256 πρὸς
813 221 843 248 τὰ

899 221 1116 255 distinguantur;
1130 227 1158 249 et
1170 221 1290 258 [contra]
1306 228 1366 256 qua:
1380 220 1560 248 subsistentia
1576 222 1684 254 eadem,

68 272 130 305 ἂκρα
145 269 301 304 κοινότησιν
316 267 460 301 ὲνούμενος
472 286 480 298 ,
494 266 544 302 τὴν
558 267 628 302 πρὸς
646 266 714 294 ἄλλα
728 268 783 293 τῶν
798 275 847 302 με-

69 317 115 351 ρῶν
128 315 286 350 σωζομένην
303 311 361 348 εἶχε
375 312 519 348 διαφορὰν.
543 313 603 344 ταῖς
626 311 655 339 δὲ
677 313 733 340 τῶν
755 313 846 348 μερῶν

69 361 169 395 ἰδιότησι
181 359 215 386 τὸ
230 358 293 386 καθ’
309 359 460 385 ὑπόστασιν
477 357 611 384 διεδείκνυ
628 357 667 389 ὡς
681 357 742 384 ὅλον
757 359 847 384 κοινὸν

67 406 230 441 ἀμφοτέρων.
247 405 274 431 Γ¹
288 405 330 431 ὅτι
341 403 376 430 τὰ
395 403 446 439 μὲν
461 403 523 430 καθ’
537 402 688 429 ὑπόστασιν
699 403 776 430 κοινὰ
792 403 847 430 τῶν

69 450 150 486 μερῶν
167 451 199 477 τὸ
218 450 292 482 ὅλον,
307 450 391 486 ἦγουν
404 449 450 476 τὸν
468 448 597 485 Χριστὸν,
613 447 745 483 ὴφόριζον
758 448 780 464 ⁸³
793 449 848 476 τῶν

66 497 158 531 ἄκρων,
175 496 211 522 τὰ
225 496 254 522 δὲ
276 496 338 522 κατ’
361 494 456 521 οὐσίαν
471 494 540 530 πρὸς
562 494 598 520 τὰ
612 493 685 528 ἄκρα
700 494 779 521 κοινὰ
792 493 848 523 τῶν

67 542 149 577 μερῶν
170 542 209 573 ὡς
232 541 294 568 ὅλον
311 541 431 577 συνῆπτε
451 542 509 573 τοῖς
524 541 622 574 ἄκροις
637 540 776 572 οὖσιωδῶς
801 539 847 566 τὸν

65 588 184 622 Χριστόν.
199 586 227 613 Δ¹
241 587 283 614 ὅτι
296 587 363 618 Θεὸς
377 587 508 622 ὑπάρχων
522 586 625 618 τέλειος
637 587 652 612 ὅ
667 585 786 621 Χριστὸς
798 585 847 612 καὶ

64 633 196 669 ἄνθρωπος
203 634 307 665 τέλειος
317 634 331 660 ὁ
344 633 435 665 αὐτὸς,
448 631 505 668 εἶχε
516 633 549 659 τὺ
557 632 647 659 κοινὸν
658 631 749 658 αὐτῶν
759 632 808 658 καὶ
817 631 847 657 τὸ

64 680 121 706 [διον
133 676 174 710 οἷς
188 679 259 715 πρὸς
273 679 370 705 ἑαυτὸν
382 679 501 705 ἐποιεῖτο
513 678 563 713 τὴν
576 678 631 704 τῶν
643 678 738 713 ἄκρων
749 677 847 703 ἕνωσιν

62 725 104 751 καὶ
110 725 258 760 διάκρισιν,
272 725 306 760 τῇ
324 724 374 759 μὲν
388 724 456 759 πρὸς
471 723 566 750 ἑαυτὸν
581 723 678 750 ὲνώσει
689 723 744 750 τῶν
754 722 847 757 ἄκρων

62 769 179 804 ὲνέαυτῷ
189 769 348 805 σωζομένας
357 769 406 802 τὰς
414 769 443 801 ἐξ
450 766 487 796 ὧν
495 768 622 804 συνετέθη
632 768 729 803 φύσεις
736 768 847 796 πιστού-

62 823 145 849 μενος,
161 816 197 850 τῇ
213 815 243 841 δὲ
266 814 336 850 πρὸς
360 815 455 841 ἑαυτὸν
478 814 613 849 διακρίσει
632 814 687 841 τῶν
706 815 800 850 ἄκρων
816 813 847 841 τδ

62 858 200 892 ito-mitbe
209 858 261 893 τῆς
272 859 377 888 οἰκείας
391 859 527 894 παριστὰς
539 859 725 891 ὑποστάσεως,
742 859 770 885 E’
783 859 846 895 περὶ

898 266 1019 293 essentia
1033 266 1087 294 sint
1103 271 1187 301 atque
1201 270 1298 294 natura
1306 266 1424 294 diversa.
1440 266 1595 294 Secundum
1607 273 1689 302 capttt

897 313 950 339 ista
975 313 1091 347 exponit
1105 321 1112 339 ε
1128 313 1253 340 Christus
1269 312 1420 340 rationibus
1443 313 1553 348 quidem
1566 321 1680 341 commu-

897 357 977 386 nibus
1006 358 1157 386 secundum
1186 358 1335 386 essentiam
1358 358 1529 393 prbpriarum
1563 359 1683 394 partium

897 411 960 431 cttm
972 404 1104 432 extremis
1120 404 1223 436 unitus,
1243 404 1347 431 salvam
1379 403 1404 431 in
1427 404 1540 438 reliquis
1566 404 1684 439 partium

897 449 1102 478 distinctionem
1143 450 1299 483 retinebat;
1334 454 1363 477 at
1385 457 1449 477 vero
1474 451 1686 485 proprietatibus

897 495 995 522 harum
1011 496 1127 530 partium
1154 496 1238 524 veluti
1264 500 1350 524 totum
1378 495 1513 530 quoddam
1540 496 1684 524 ambarum

897 547 1060 573 commune,
1086 541 1246 576 hypostasin
1272 541 1429 569 exhibebat.
1465 540 1606 569 Tertium:
1621 543 1687 576 Quae

897 588 1045 614 secundum
1061 587 1219 622 hypostasin
1232 594 1393 615 communes
1407 592 1487 614 erant
1498 588 1617 615 rationes
1627 595 1686 622 par-

898 633 976 666 tium,
986 638 1073 660 totum
1090 634 1190 668 ipsum,
1205 633 1232 660 id
1248 637 1291 660 est
1304 632 1457 666 Christum,
1477 632 1686 668 distinguebant

898 678 932 706 ab
947 679 1077 706 extremis
1091 687 1098 705 :
1118 686 1179 714 qua:
1200 686 1266 706 vero
1281 678 1429 706 secundum
1439 678 1586 706 essentiam
1607 683 1687 705 erant

898 724 1052 751 communia
1074 725 1192 759 partium
1219 724 1253 752 ad
1271 729 1404 757 extrema,
1432 723 1571 752 Christum
1601 724 1685 752 veluti

900 773 986 796 totum
1003 770 1187 798 essentialiter
1203 777 1264 797 cum
1276 770 1406 798 extremis
1416 769 1577 805 iungebant.
1595 770 1684 803 Quar-

897 819 974 843 tum:
995 814 1062 842 Cum
1076 814 1201 843 Christus
1212 816 1283 843 Deus
1303 816 1439 850 perfectus
1459 820 1542 848 esset,
1560 816 1685 850 idemque

898 859 980 888 homo
1011 861 1159 895 perfectus,
1180 860 1272 896 [simul
1302 861 1343 897 et]
1371 862 1443 896 quod
1469 868 1614 889 commune
1642 861 1685 889 his

60 905 186 939 διαφορᾶς
199 904 326 939 διάληψις
341 904 484 940 σύντομος,
500 904 535 932 δι’
545 902 579 940 ἦς
591 905 730 932 δείκνυται
741 905 772 932 τὸ
785 905 843 933 κατ’

897 911 956 934 erat
970 907 1096 941 habebat,
1113 912 1142 935 et
1164 909 1235 943 quod
1251 909 1389 943 propriutn
1407 907 1526 942 ;quibus
1547 912 1576 935 et
1592 911 1685 934 extre-

58 951 148 977 οὐσίαν
162 949 248 976 ποσὸν
262 950 319 977 τῶν
342 950 490 986 ήνωμένων
513 951 678 986 σωζόμενον.
702 952 738 985 q'
758 959 844 978 κατα-

58 1005 100 1023 σκε
104 997 137 1032 υὴ
145 996 304 1032 πλατυτέρα
313 997 361 1024 καὶ
370 997 546 1033 φυσικωτέρα
553 1007 586 1024 πε
590 998 618 1033 ρὶ
625 998 759 1033 διαφορᾶς
765 999 813 1025 καὶ
820 998 844 1014 ³ο

57 1043 202 1078 ποσότητος
228 1043 277 1070 καὶ
301 1043 350 1070 τοῦ
383 1042 527 1078 δηλοῦντος
554 1044 640 1075 αὑτὰς
665 1043 687 1059 ’ί
712 1043 843 1079 ἀριθμοῦ.

58 1089 116 1124 [509
127 1088 174 1124 IL]
189 1089 216 1114 Z’
228 1089 269 1116 ὅτι
284 1089 298 1115 δ
313 1089 352 1123 μὴ
365 1089 465 1116 ταυτὸν
480 1089 557 1121 εἰδὼς
570 1089 653 1125 φύσιν
665 1089 712 1116 καὶ
727 1089 846 1116 ὑπόστα-

56 1145 95 1162 σιν
109 1135 232 1167 εὐσεϐῶς
246 1135 293 1162 ἐπὶ
306 1135 424 1171 Χριστοῦ
441 1134 601 1170 δογματίζει
617 1135 668 1171 τὴν
682 1135 780 1162 ἕνωσιν
797 1135 844 1162 καὶ

56 1182 99 1216 τὴν
110 1181 257 1216 διαφορὰν,
272 1177 310 1208 ὧν
320 1181 351 1207 τδ
365 1180 414 1216 μὲν
429 1181 526 1216 ὁρᾶται
540 1180 613 1207 κατὰ
623 1181 673 1215 τὴν
683 1181 841 1213 ὑπόστασιν,

56 1226 81 1251 τὸ
96 1226 124 1252 δὲ
147 1225 224 1252 κατὰ
239 1224 290 1260 τὴν
309 1224 399 1259 φύσιν.
417 1225 448 1251 Η¹
466 1225 507 1251 ὅτι
522 1225 642 1260 Σεὸἦρος
656 1225 756 1252 ταυτὸν
772 1223 843 1253 εἶναι

55 1271 212 1306 βιαζόμενος
227 1270 310 1304 φύσιν
326 1271 374 1297 καὶ
393 1270 543 1297 ὑπόστασιν
566 1271 665 1305 συγχεί
678 1271 729 1306 τὴν
745 1270 842 1298 ἕνωσιν

54 1318 98 1344 καὶ
116 1319 192 1344 ποιεί
201 1317 224 1333 ⁹¹
239 1317 372 1352 διαίρεσιν
389 1316 438 1352 τὴν
452 1316 598 1352 διαφοράν·
610 1316 673 1343 καθ’
689 1316 723 1352 ἢν
736 1316 842 1344 δείκνυ-

53 1373 93 1390 ται
108 1364 157 1390 καὶ
171 1363 218 1390 τὸν
233 1363 282 1397 τῆς
295 1363 318 1379 ’³
338 1363 453 1397 Τριάδος
468 1363 509 1394 είς
526 1362 642 1398 τετράδα
657 1362 840 1394 διασκεδάζων

52 1409 145 1443 Λόγον,
172 1408 266 1435 καὶτὸ
291 1408 341 1443 τῆς
365 1409 429 1442 μιᾶς
453 1407 580 1443 θεότητος
604 1407 781 1442 κατατέμνων
800 1408 841 1440 εἰς

51 1456 131 1482 cuit}:
146 1455 310 1491 μυστήριον,
335 1455 383 1480 καὶ
402 1454 492 1489 πάσης
505 1454 552 1481 τὸν
566 1454 684 1490 Χριστὸν
708 1454 837 1489 ὑπερορί-

52 1502 103 1533 {an
117 1501 256 1532 οὺσιωδῶς
268 1500 292 1516 ⁸⁵
302 1499 456 1534 ὑπάρξεως.
472 1500 537 1535 [265
549 1499 594 1535 IL]
609 1500 637 1527 8’
650 1499 758 1531 ἔκθεσις
776 1500 838 1526 σύν-

50 1556 131 1582 τομος
151 1547 225 1582 μετὰ
241 1547 291 1581 τῆς
311 1546 395 1582 ὀρθῆς
415 1546 578 1580 συνηγορίας
592 1546 642 1580 τῆς
657 1545 773 1580 ἀληθοῦς
783 1547 838 1572 τῶν

50 1593 182 1628 Πατέρων
203 1592 361 1627 ὁμολογὶας.
385 1591 453 1618 Ἀλλ’
469 1592 499 1618 ὲν
511 1591 617 1623 τούτοις
632 1592 682 1627 μὲν
697 1593 744 1618 καὶ
759 1591 838 1627 αὕτη.

50 1640 102 1666 Καὶ
116 1639 199 1674 δῆλον
213 1639 262 1666 καὶ
276 1638 305 1670 ἐξ
320 1637 409 1664 αὐτῶν
425 1637 480 1664 τῶν
497 1637 653 1671 κεφαλαίων
664 1638 695 1664 τὸ
709 1638 749 1669 είς
761 1637 841 1664 εὐσέ-

50 1686 125 1711 εειαν
139 1686 290 1720 χρήσιμον.
317 1685 373 1710 Καὶ
398 1686 414 1719 ὴ
441 1684 542 1720 φράσις
563 1684 592 1710 δὲ
613 1683 651 1715 ὠς
669 1684 699 1710 ὲν
727 1682 839 1718 τοιαύτῃ

49 1730 77 1756 τὸ
91 1730 181 1764 σαφὲς
196 1729 290 1756 διώκει
304 1730 351 1756 καὶ
367 1730 417 1756 οὐκ
430 1730 565 1765 ἄκομψον.

898 960 1004 979 morum
1020 953 1054 979 ad
1069 954 1190 988 seipsum
1207 954 1334 981 unionem
1366 953 1512 986 elllciebat,
1529 960 1562 980 ac
1582 953 1686 980 discre-

898 998 1009 1026 tionem.
1021 997 1074 1026 Per
1099 999 1227 1026 unionem
1243 999 1350 1034 quidem
1375 1004 1573 1030 extremorum,
1592 1005 1683 1026 secum

896 1042 987 1069 salvas
1005 1043 1031 1069 in
1043 1043 1132 1077 seipso
1149 1049 1273 1075 naturas,
1291 1051 1325 1071 ex
1338 1043 1437 1078 quibus
1445 1043 1614 1078 compositus
1630 1047 1683 1075 cst,

897 1092 1026 1115 testatum
1046 1089 1159 1121 faciens,
1173 1089 1221 1116 sed
1240 1088 1405 1116 discretione
1416 1093 1601 1116 extremorum
1612 1094 1628 1114 a
1642 1094 1683 1120 se,

895 1133 1014 1168 propriae
1027 1133 1203 1169 hypostaseos
1219 1133 1351 1165 exhibens
1371 1133 1516 1161 unitatem.
1529 1132 1660 1166 Quintum
1674 1140 1682 1159 :

896 1179 993 1207 Brevis
1022 1179 1056 1207 de
1075 1179 1229 1208 differentia
1255 1179 1414 1214 disputatio,
1447 1186 1500 1214 qua
1530 1178 1684 1206 ostenditur

895 1226 1072 1253 essentialem
1091 1227 1231 1253 unitorum
1249 1226 1432 1261 quantitatem
1444 1224 1548 1252 salvam
1557 1223 1681 1251 retineri.

895 1272 1147 1301 Sextum:Fusior
1175 1273 1317 1308 magisque
1343 1271 1527 1307 philosophica
1555 1270 1684 1298 tractatio

891 1318 925 1345 de
936 1317 1085 1345 diﬂ‘erentia
1110 1318 1159 1353 (et)
1184 1319 1346 1351 quantitate,
1369 1325 1403 1344 at:
1426 1316 1461 1344 de
1488 1322 1622 1348 numero»,
1637 1314 1683 1349 qui

891 1364 988 1391 barum
1007 1364 1088 1391 index
1103 1369 1155 1392 est.
1184 1364 1334 1398 Septimum
1353 1372 1360 1391 :
1381 1363 1432 1397 Qui
1463 1363 1515 1390 scit
1543 1369 1596 1389 non
1624 1368 1686 1388 esse

891 1410 960 1438 idem
979 1413 1102 1437 naturam
1115 1416 1143 1437 et
1163 1410 1330 1445 hypostasin,
1342 1410 1365 1437 is
1379 1409 1422 1445 pie
1443 1409 1469 1436 in
1483 1408 1592 1436 Christo
1605 1407 1686 1434 tradit

891 1456 1041 1484 unitionem
1057 1463 1090 1483 ac
1115 1456 1297 1483 differentiatn
1314 1464 1348 1483 ex
1374 1456 1473 1489 quibus
1497 1454 1540 1481 illa
1576 1453 1684 1488 quidem

889 1506 1026 1537 spectatur
1036 1502 1184 1529 secundutn
1198 1502 1366 1536 ltypostasin,
1381 1502 1439 1529 haec
1455 1508 1520 1528 vero
1536 1499 1684 1527 secuttdnm

891 1553 1026 1576 naturatn.
1039 1547 1170 1576 Octavum
1185 1547 1318 1576 :Severus
1331 1548 1394 1574 dum
1407 1554 1455 1581 per
1465 1547 1518 1574 vim
1532 1547 1602 1574 idettt
1619 1550 1679 1572 esse

894 1593 966 1628 cogit
980 1599 1104 1620 naturam
1119 1597 1199 1628 atque
1224 1593 1394 1628 hypostasin,
1421 1597 1449 1619 et
1477 1592 1603 1619 unionem
1618 1599 1684 1618 con-

894 1638 994 1672 futtdit,
1016 1642 1044 1665 et
1065 1638 1225 1666 divisionem
1253 1638 1318 1665 facit
1335 1638 1433 1673 159a
1463 1645 1495 1664 ex
1513 1636 1682 1664 dilferentia:

893 1685 967 1712 unde
983 1684 1166 1718 convincitur,
1180 1690 1208 1712 et
1223 1684 1367 1713 Trinitatis
1387 1685 1518 1711 rationem
1534 1684 1562 1710 in
1574 1687 1684 1718 quater-

893 1729 1005 1757 nitatetn
1019 1730 1181 1763 diffundere,
1197 1735 1224 1758 et
1240 1731 1320 1758 unius
1349 1730 1507 1766 mysterium
1533 1727 1684 1756 Divinitatis

50 1777 73 1804 in
84 1776 138 1803 duo
152 1783 262 1807 secare,
277 1776 352 1803 etab
368 1776 440 1803 omni
457 1775 537 1803 simul
552 1775 724 1804 substantiali
755 1775 930 1803 subsistentia
952 1775 1090 1803 Christum
1124 1780 1259 1804 extorrem
1291 1776 1393 1804 facere.
1433 1775 1536 1803 Nonum
1557 1783 1565 1802 :
1589 1773 1682 1802 Brevis

48 1829 87 1850 est
102 1823 253 1859 expositio,
269 1830 330 1849 cutn
349 1827 422 1850 recta
438 1822 594 1851 defensione
607 1830 679 1851 verte
696 1827 850 1850 sanctorum
867 1821 976 1849 Patrum
993 1822 1178 1850 confessionis.
1191 1823 1220 1850 In
1231 1823 1273 1850 his
1284 1830 1350 1858 ergo
1364 1823 1408 1850 illa
1423 1828 1547 1850 versatur
1559 1821 1681 1857 epistola,

50 1878 76 1898 ut
94 1879 130 1899 ex
151 1870 222 1904 ipsis
245 1876 308 1896 mox
332 1867 465 1903 capitibus
490 1874 580 1904 pateat
605 1869 665 1905 ejus
688 1870 722 1897 ad
748 1869 858 1904 pictatis
873 1869 990 1896 studium
1006 1870 1218 1903 promoveudum
1234 1869 1345 1898 utilitas.
1375 1870 1462 1898 Dictio
1476 1877 1567 1905 porro,
1602 1874 1632 1896 ut
1653 1869 1680 1896 in

50 1925 76 1945 re
103 1917 164 1950 tali,
185 1916 408 1951 perspicuitatem
433 1920 566 1948 sectatur,
590 1923 678 1950 neque
695 1921 738 1943 est
758 1915 908 1951 inelegans.

82 1965 146 1991 Ἔτι
160 1963 193 1990 δὲ
209 1962 279 1997 πρὸς
295 1961 413 1996 Πύρρον,
428 1961 470 1988 ἑτι
481 1961 669 1998 πρεσϐυτέρου
686 1962 719 1979 ⁹⁸”
738 1962 842 1997 βαθμὸν

47 2012 144 2047 ἔχοντα
160 2009 212 2037 καὶ
236 2008 314 2034 οὔπω
328 2007 380 2041 τῆς
401 2008 599 2043 ἀρχιερατικῆς
614 2008 750 2036 ἐπιϐάντα
777 2007 843 2035 καθ-

47 2059 138 2094 έδρας.
165 2056 278 2087 Θειάζει
297 2056 321 2084 δ’
334 2057 364 2082 ὲν
377 2055 446 2090 αὐτῇ
477 2054 523 2081 τὸν
551 2054 671 2090 Πύρρον,
683 2055 730 2081 καὶ
743 2054 842 2089 εὐσεὸἦ

46 2105 147 2138 γνῶσιν
163 2103 244 2138 αὐτῷ
268 2103 318 2130 καὶ
346 2102 473 2136 ὁσιότητα
501 2100 730 2136 ὲπιμαρτύρεται.
764 2100 844 2127 Ἀλλὰ

46 2150 90 2176 καὶ
106 2149 177 2184 περί
187 2156 281 2181 τινων,
294 2148 333 2179 ὡς
346 2147 445 2179 ἔοικεν,
460 2146 626 2179 ἀξιώσαντος
644 2145 720 2180 αὐτῷ
733 2146 841 2181 γραφῆ-

45 2204 87 2222 ναι
103 2197 119 2222 ὁ
131 2194 218 2229 σοφὸς
233 2193 361 2228 Μάξιμος
371 2193 401 2220 σὺ
415 2194 495 2228 μόνον
506 2193 690 2227 παραιτεῖται,
708 2192 840 2226 ἰσχνόφω-

44 2250 87 2267 νον
100 2240 208 2268 ἑαυτὸν
218 2241 267 2266 καὶ
286 2239 497 2275 βραδύγλωσσον
520 2232 679 2269 ἀποκαλῶν,
694 2238 751 2278 ὀιλλ¹
775 2239 839 2264 ἀντ-

926 1961 1027 1990 Scribit
1050 1966 1180 1996 praterea
1194 1961 1308 1997 Pyrrho,
1332 1962 1463 1996 dignitate
1480 1967 1535 1989 tum
1552 1963 1680 1997 temporis

891 2006 1061 2042 presbytero,
1075 2011 1103 2034 et
1117 2007 1276 2034 cathedram
1289 2015 1425 2035 summam
1444 2009 1560 2036 nondum
1573 2009 1680 2044 adepto.

893 2052 951 2085 Qua
976 2052 1003 2079 in
1022 2053 1137 2087 epistola
1153 2053 1273 2080 divintttn
1295 2061 1356 2080 eum
1379 2053 1519 2088 praedicat,
1542 2059 1570 2082 et
1587 2055 1681 2082 ortho-

893 2098 991 2125 doxam
1012 2099 1093 2125 ﬁdem
1111 2099 1162 2133 ipsi
1178 2106 1210 2126 ac
1227 2100 1433 2127 sanctimoniam
1455 2107 1504 2128 suo
1525 2101 1681 2128 testimonio

893 2144 999 2171 tribuit.
1015 2144 1066 2177 Qui
1084 2149 1111 2172 et
1127 2145 1160 2172 de
1175 2145 1347 2180 quibusdam,
1361 2151 1391 2173 ut
1417 2151 1537 2180 apparet.
1561 2147 1681 2175 scribere

893 2189 1041 2217 Maximum
1056 2198 1118 2218 cum
1132 2195 1266 2226 rogasset,
1280 2192 1389 2225 sapiens
1403 2192 1448 2219 hic
1467 2193 1509 2219 vir
1524 2199 1578 2219 non
1592 2191 1680 2219 solum

894 2236 1101 2271 tergiversatur,
1112 2237 1220 2264 balbum
1233 2237 1290 2272 (48)
1302 2245 1332 2274 se
1345 2243 1373 2265 et
1384 2237 1513 2265 infantem
1521 2237 1659 2272 appellans
1671 2247 1678 2266 :

46 2286 115 2317 αξιοῐ
122 2286 210 2313 αὑτὸν
216 2287 240 2302 9³
248 2286 393 2321 γράμματι
402 2285 501 2319 μᾶλλον
508 2284 623 2317 διδάξαι,
631 2284 673 2314 τίς
680 2284 696 2319 ἡ
703 2283 838 2318 ἐνέργεια,

896 2289 986 2309 verum
1008 2287 1103 2309 contra
1126 2282 1290 2316 obtestatur,
1305 2288 1333 2310 ut
1357 2290 1405 2317 per
1421 2283 1526 2311 litteras
1547 2291 1577 2311 se
1590 2283 1680 2319 potius

46 2333 91 2358 καὶ
105 2332 230 2367 ὁσαχῶς,
244 2332 291 2358 καὶ
302 2331 329 2358 τί
342 2332 419 2367 παρὰ
433 2331 533 2365 ταύτην
556 2330 614 2357 ἐστὶ
635 2329 665 2356 τὺ
687 2329 840 2364 ἐνέργημα,

46 2379 92 2403 καὶ
107 2377 137 2403 τί
156 2377 266 2404 τούτων
280 2377 435 2412 διενήνοχεν
465 2377 482 2412 ἡ
508 2377 607 2412 πρᾶξις
634 2376 683 2403 καὶ
701 2375 732 2402 τὸ
748 2375 839 2410 ἔργον,

47 2422 91 2447 11".
108 2421 174 2454 πῶς
195 2421 254 2448 ἐστι
270 2421 390 2456 λέγεινῆ
415 2422 516 2448 ἐννοεῖν
535 2421 586 2456 τὴν
601 2421 665 2455 μίαν
687 2420 839 2455 ἐνέργειαν.

50 2467 121 2494 Ἀλλ’
135 2469 167 2495 ὲν
188 2468 295 2499 τούτοις
313 2467 364 2503 μὲν
382 2467 431 2494 καὶ
447 2468 464 2502 ἡ
477 2467 546 2502 πρὸς
559 2467 678 2503 Πύρρον.

80 2557 192 2592 Γράιρει
205 2557 235 2583 δὲ
249 2557 296 2584 καὶ
307 2557 376 2592 πρὸς
386 2557 487 2592 Θωμᾶν
508 2565 579 2589 τινα,
591 2556 774 2592 αίτησάμενον
789 2558 839 2592 ρη-

48 2604 100 2631 τῶν
119 2613 208 2631 τινων
227 2603 427 2639 ἀπορουμένων
439 2603 589 2634 ὲπιλύσεις.
601 2602 678 2629 Τὰδὲ
700 2603 770 2638 ῥητὰ
793 2601 840 2628 τοῦ

894 2327 990 2355 doceat
1009 2337 1016 2354 ε
1033 2327 1103 2360 Quid
1116 2329 1249 2363 operatio,
1263 2334 1290 2356 et
1303 2329 1450 2364 quotttplex
1463 2330 1475 2356 ?
1489 2335 1514 2356 et
1534 2330 1598 2364 quid
1613 2337 1680 2364 pne-

895 2378 936 2400 ter
950 2373 1019 2401 hanc
1034 2374 1069 2400 sit
1082 2374 1216 2402 effectus?
1231 2374 1349 2410 quidque
1364 2376 1398 2402 ab
1410 2375 1452 2402 his
1467 2375 1594 2402 differant
1609 2376 1681 2404 actio

894 2423 922 2445 et
944 2419 1035 2453 opus?
1049 2424 1076 2446 et
1092 2427 1210 2454 quanam
1227 2421 1313 2454 possit
1342 2421 1447 2448 ratione
1467 2422 1518 2448 dici
1539 2422 1681 2454 sentirive,

895 2471 976 2490 unam
1003 2472 1063 2492 esse
1090 2465 1116 2491 in
1145 2464 1254 2492 Christo
1276 2466 1488 2500 operationem?
1510 2469 1598 2501 Atque
1623 2468 1681 2495 hac

895 2509 1003 2544 quidem
1016 2510 1041 2536 iu
1060 2510 1174 2544 epistola
1191 2511 1224 2537 ad
1243 2511 1386 2546 Pyrrhum.

929 2555 970 2582 Ad
993 2555 1124 2583 Thomam
1149 2557 1204 2592 (49)
1221 2557 1330 2591 insuper
1343 2560 1485 2592 quemdam
1508 2559 1612 2592 scribit,
1632 2559 1677 2594 qui

894 2601 1082 2635 ambiguorum
1093 2603 1269 2636 quorumdam
1285 2604 1406 2631 locorutn
1421 2605 1569 2633 solutiones
1585 2611 1679 2640 postu-

690 2677 808 2705 νΑιιιΑῖ
827 2678 1029 2710 LECTIONES.

82 2736 106 2752 δ’
122 2737 171 2763 τδν
194 2736 315 2772 Χριστὸν
339 2736 470 2771 ὴφόριζον
493 2736 515 2762 Α
536 2736 697 2772 εὰἓῲριζον
721 2746 751 2769 ς.

46 2777 119 2798 corr.
142 2773 177 2798 Δ.
216 2773 240 2788 ³³
260 2772 310 2806 τῆς
331 2779 386 2799 om.
410 2773 443 2798 Α.

482 2737 515 2787 ,Δέ
536 2737 697 2787 Ξὰξιέριζον
708 2746 751 2787 ης.
772 2737 887 2787 “fluxa!
916 2743 979 2787 atto
1003 2749 1068 2787 ρξοσε
1085 2741 1151 2787 add.
1236 2742 1357 2787 "‘at'nd;
1370 2751 1424 2770 om.
1455 2743 1488 2770 A.
1525 2744 1547 2760 "
1561 2745 1678 2770 ποιεῖται

518 2771 661 2803 οὐσιώδους
678 2779 732 2807 mg.
772 2772 805 2788 ³⁸⁵
823 2772 850 2806 β.
867 2774 966 2809 πρεσὸ.
1003 2775 1026 2791 ⁸³
1038 2775 1119 2802 αὐτὸν
1134 2777 1180 2802 καὶ
1192 2785 1239 2812 γρ.
1256 2778 1289 2804 Α.

810 2829 926 2858 NOTAE.

82 2874 141 2911 (ιδ)
157 2875 242 2903 )los‘ts
253 2873 378 2909 exemplo
391 2873 475 2901 Exodi
493 2881 528 2901 tv.

930 2878 985 2915 (ω)
1002 2879 1326 2916 Coustantinopolitanum
1344 2881 1457 2911 forsitan
1477 2884 1624 2919 patriarcb.
