1916 3092
241 170 293 200 ϋῦἷι

801 167 932 197 PllOTII
952 166 1203 196 PA'l‘RlARCll/E
1218 167 1262 197 ΟΡ

1810 168 1869 198 656

233 227 315 254 larnt.
334 224 417 250 Ειιιιιι
443 229 532 250 autent
554 224 676 258 qumdam
696 224 820 257 Gregorii
841 223 983 258 Thcologi,
999 229 1019 249 ιιι

1079 224 1206 257 Θεολόγου
1221 224 1252 250 τέ
1267 225 1326 250 ἐστι
1341 223 1490 259 Γρηγορῐου
1508 223 1556 250 καὶ
1569 223 1615 250 τοῦ
1627 223 1699 250 θείου
1713 225 1866 257 Διονυσίου,

233 272 318 299 divini
336 270 455 305 Dionysii
471 271 647 297 ass-:rtioncs.
662 269 701 296 Ex
714 269 787 297 illius
801 269 908 303 quidem
922 270 1020 296 oratio-

235 326 269 346 ne
280 318 315 345 de
326 316 393 344 Filio
408 317 476 350 (50),
489 316 531 342 illa
550 325 561 342 1
579 315 727 350 Propterea
751 316 843 343 unitas
859 323 874 342 a
885 315 1019 349 principio

234 368 318 393 tnota,
339 371 348 388 ι
380 367 407 389 et
420 370 479 396 qua:
495 366 645 395 sequuntur
663 369 670 393 ;
687 366 736 387 et:
758 370 767 386 ι
786 360 896 388 Unitate
910 359 1019 394 quidem

233 409 268 435 ob
298 408 404 434 divitias
434 411 504 434 mota
525 415 531 432 :
553 416 562 431 ι
580 406 652 440 quod
679 411 720 432 est
739 413 771 432 ex
788 405 912 432 oratione
935 405 1019 439 ipsius

233 454 317 481 altera
332 453 388 488 (51)
403 453 439 478 De
448 460 524 484 pace.
538 450 628 477 Altera
641 451 698 478 haec
711 458 718 477 :
734 459 744 475 ‹
760 450 810 478 Uni
824 458 888 477 vero
899 450 991 484 capiti,
1007 458 1016 475 ι

228 504 261 526 ct
275 499 388 533 reliqua.
401 497 506 528 Tertia,
521 504 553 524 ex
569 504 600 524 ea
617 497 672 530 ipsa
690 495 821 528 oratione,
849 496 892 522 illa
910 503 918 522 :
937 505 946 521 ι
971 495 1019 522 llic

234 546 306 572 enim
337 545 381 578 qui
410 551 480 570 nunc
498 551 513 570 a
540 549 565 570 te
596 542 778 569 contemnitur
801 542 868 577 (5’2),
889 551 898 568 ι
916 547 1020 575 etquae

234 596 391 625 sequuntur.
409 589 509 622 Quarta
525 597 531 616 :
552 597 561 614 ι
581 587 617 615 Ut
634 587 749 615 Verbum
769 588 839 614 enim
860 595 945 622 neque
956 587 1019 614 ohe-

233 636 309 662 dicns
337 639 405 665 erat,
434 641 520 667 neque
544 633 702 660 inobediens
725 633 793 668 (55),
826 642 835 658 ι
856 637 883 660 et
910 638 1018 660 eastern.

233 681 320 707 Divini
335 687 399 706 vero
415 678 533 714 Dionysii
546 679 608 705 illud
621 678 752 713 explicat:
764 688 774 704 ι
792 678 929 711 Quomodo
942 678 1018 711 dicis,

228 725 319 756 Jesus,
341 725 386 760 qui
402 729 444 751 est
465 732 545 757 supra
568 725 672 756 omnia,
689 731 751 750 cum
775 724 900 751 omnibus
911 729 953 752 est
969 724 1019 751 lto-

233 768 349 795 minibus
367 768 584 796 substantialiter
602 769 774 796 coordinatus
796 769 864 802 (54),
881 777 890 794 ι
915 773 942 795 et
956 769 1020 795 reli-

231 821 283 848 qua
299 822 306 840 :
323 819 351 840 et
376 813 428 839 alia
445 813 508 840 item
524 813 597 839 varia
618 813 688 840 loca.
703 813 768 847 Quae
779 815 888 849 quidem
907 813 1019 848 epistola

233 859 277 886 illa
295 860 328 885 ad
341 859 472 886 Thomam
490 858 575 892 prima
592 860 766 886 continentur
785 868 791 885 :
811 867 872 887 nam
889 859 915 886 in
935 859 1019 886 altera

1073 270 1106 296 ἐκ
1126 270 1175 304 μὲν
1185 269 1231 296 τοῦ
1246 270 1310 304 περὶ
1325 269 1390 296 Υἱοῦ
1408 271 1448 301 εἰς
1464 270 1506 301 τὸ,
1523 280 1531 295 ι
1550 270 1599 296 Att
1613 269 1693 295 τοῦτο
1710 270 1793 305 μονὰς
1813 271 1867 297 ἀπ’

1073 316 1161 351 ἀρχῆς
1173 315 1341 351 κινηθεῖσα,›
1355 317 1402 342 καὶ
1411 316 1485 351 ἑξῆς,
1499 315 1572 349 καὶ,ι
1594 316 1708 350 μονάδος
1721 317 1769 351 μὲν
1783 325 1866 352 κινη-

1075 361 1168 395 θείσης
1183 361 1226 388 διὰ
1240 361 1271 388 τὸ
1294 361 1430 394 πλούσιον,
1454 372 1463 387 ι
1482 362 1550 396 ὅπερ
1569 362 1643 388 ἐστὶν
1659 362 1691 388 ὲκ
1705 362 1752 388 τοῦ
1768 362 1867 389 δευτέ-

1075 415 1122 442 ρου
1140 407 1298 442 Εἱρηνικοῦ·
1316 406 1337 441 β’
1352 407 1392 438 εἰς
1407 407 1447 439 τὸ,
1464 416 1473 433 ι
1501 408 1542 433 ἐνὶ
1565 407 1593 434 δὲ
1611 407 1761 442 κεφαλαίῳ,
1779 417 1789 433 ι
1815 408 1869 434 καὶ

1073 452 1138 486 ἑξῆς
1150 460 1157 466 ·
1170 451 1260 487 τρίτον
1274 452 1306 478 ἐκ
1320 451 1367 478 τοῦ
1378 451 1459 478 αὐτοῦ
1474 451 1552 485 λόγου
1571 452 1610 483 εἰς
1627 452 1668 484 τὸ,
1681 461 1690 478 ι
1708 450 1791 484 υῦτος
1806 452 1868 486 γὰρ

1074 497 1088 523 ὁ
1102 497 1149 524 νῦν
1164 505 1206 523 σοι
1233 497 1497 532 καταφρονούμενος,
1517 506 1527 522 ι
1554 496 1601 523 καὶ
1621 498 1684 531 ἑξῆς
1696 505 1703 512 ·
1731 498 1867 533 τέταρτον

1073 543 1113 573 εἰς
1123 542 1152 568 τὸ
1167 542 1201 574 ⁸⁸,
1220 551 1229 567 ‹
1255 542 1298 573 Ὧς
1314 543 1362 576 μὲν
1376 542 1430 577 γὰρ
1452 541 1529 575 λόγος
1543 541 1604 568 οὔτε
1618 543 1737 578 ὑπήκοος
1747 540 1780 578 ἦν
1799 543 1866 569 οὔτε

1073 588 1199 622 ἀνήκοος,
1216 597 1225 613 ι
1245 588 1291 614 καὶ
1308 587 1381 622 ἑξῆς.
1401 588 1454 615 Τοῦ
1473 588 1502 614 δὲ
1513 597 1543 622 γε
1564 587 1706 614 θεσπεσίου
1722 590 1866 615 Διονυσίου

1073 634 1114 664 εἰς
1127 633 1184 666 τὸ,‹
1199 632 1262 664 Πῶς
1274 633 1337 667 φὴς,
1360 633 1461 668 Ἰησοῦς
1479 635 1492 660 ό
1505 633 1613 660 πάντων
1628 634 1758 661 ἐπέκεινα
1778 635 1866 660 πᾶσίν

1073 679 1146 705 ἐστιν
1172 678 1328 713 ἀνθρώποις
1357 679 1493 710 οὺσιωδῶς
1523 680 1761 714 συντεταγμένος;
1781 689 1790 706 ι
1813 681 1865 706 καὶ

1073 724 1148 757 ἑξῆς,
1163 724 1210 750 καὶ
1221 724 1262 754 εἰς
1277 723 1358 758 ἕτερα
1386 724 1513 760 διάφορα.
1537 725 1591 752 Καὶ
1619 725 1705 752 ταῦτα
1721 725 1770 759 μὲν
1786 727 1815 752 ὲν
1827 727 1865 761 τῇ

1074 770 1141 803 πρὸς
1156 770 1257 805 Θωμᾶν
1271 769 1367 806 πρώτῃ
1379 770 1526 805 ἐπιστολῇ·
1543 771 1572 796 ἐν
1586 771 1614 797 δὲ
1624 772 1657 805 τῇ
1673 771 1789 806 δευτέρᾳ
1802 768 1866 798 οἷον

1074 814 1245 849 ὲπανάληψιν
1271 814 1350 841 ἐνίων
1385 814 1475 850 ῥητῶν
1503 814 1558 841 τῶν
1584 815 1866 850 προσαφηνισθέντων

1075 859 1107 885 ὲκ
1118 859 1169 893 τῆς
1186 858 1342 894 θεολογικῆς
1358 859 1511 891 συντάξεως
1527 861 1655 890 ποιεῖται,
1675 860 1722 886 καὶ
1743 859 1812 894 πρός
1826 868 1864 893 γε

232 905 315 933 veluti
339 905 528 940 repetitionem
549 905 694 938 quamdam
712 913 744 932 ex
771 913 853 939 opere
870 905 1019 940 theologica

1079 904 1126 937 om
1141 903 1190 930 Διὰ
1210 904 1298 938 μέσου
1315 905 1374 936 νοὸς
1391 905 1526 940 ὁμιλήσας
1539 905 1623 940 σαρκὶ
1636 905 1688 936 ἕως
1709 904 1755 931 τοῦ
1767 905 1867 940 κρείτ-

230 951 421 979 nonnullorum
443 951 469 978 in
482 959 515 979 eo
525 951 582 986 jam
594 956 672 978 antea
682 951 865 986 expositorum
881 951 1017 980 instituit:

231 1001 315 1030 atque
327 996 392 1023 illud
401 996 510 1030 insuper
521 997 614 1023 eodem
628 997 706 1023 modo
718 996 912 1031 interpretatur
924 1006 931 1024 :
946 1005 956 1024 ι
968 996 1020 1025 Per

232 1043 349 1070 medium
362 1050 437 1070 mens
445 1043 521 1070 carni
536 1049 727 1074 consuescons.
739 1043 826 1070 donec
840 1044 911 1078 quod
922 1043 1020 1072 fortius

229 1094 275 1116 est
290 1089 430 1117 victoriam
449 1090 605 1124 reportarit.
625 1098 634 1114 ι
653 1088 706 1116 Sed
725 1089 783 1116 haec
801 1089 847 1116 ibi.

571 1133 675 1161 CXCV.

232 1178 360 1214 Ejusdem
377 1180 462 1206 sancti
490 1179 602 1206 Maximi
617 1178 738 1214 Epistola
755 1180 790 1206 ad
815 1178 978 1214 Marianum,
995 1184 1019 1206 et

268 1215 395 1250 Dialogus
419 1222 477 1240 cum
496 1213 612 1250 Pyrrho.
629 1213 666 1240 De
681 1213 782 1240 duabus
801 1214 828 1241 in
852 1213 960 1242 Christo
977 1223 1020 1242 vo-

269 1250 415 1276 luntatibus
428 1254 451 1275 ει
467 1249 676 1280 operationibus.

268 1293 349 1321 Lecta
391 1298 433 1321 est
465 1293 586 1327 ejusdem
629 1294 715 1321 sancti
753 1294 860 1321 Maximi
891 1295 1020 1330 Epistola,

231 1348 293 1374 qua!
323 1339 419 1374 159b
444 1338 564 1366 Mariano
585 1340 744 1374 presbytero
764 1339 931 1367 inscribitur.
971 1339 1021 1368 Hic

234 1389 267 1414 de
293 1386 408 1413 naturali
431 1386 578 1418 voluntate,
596 1386 652 1413 sive
666 1386 830 1420 appetitione
851 1387 917 1419 agit,
939 1391 965 1413 et
984 1387 1019 1414 de

232 1432 346 1459 consilio
369 1439 415 1459 seu
431 1431 635 1459 deliberatione.
650 1432 716 1458 Item
737 1432 769 1458 de
780 1432 977 1466 praeelectione,
994 1437 1022 1459 et

235 1478 267 1504 de
282 1477 442 1510 quibusnam
461 1476 657 1503 consultemus.
674 1475 712 1503 De
727 1477 859 1503 sententia
879 1481 1020 1511 praeterea,

233 1527 260 1549 ιιι
276 1528 407 1556 potestate
419 1522 512 1553 lihera.
524 1527 551 1549 et
562 1523 698 1556 opinione.
715 1522 815 1550 Adhzee
823 1523 855 1549 de
868 1522 1020 1557 prudentia,

1071 959 1146 981 τονος
1159 951 1381 985 ὲκνικήσαντος,ι
1394 951 1494 987 ὁμοίους
1503 950 1658 987 ἐρμηνεύει.
1679 951 1761 978 Ἀλλὰ
1770 951 1866 979 ταῦτα.

1073 994 1123 1030 μὲν
1138 995 1167 1022 ἐν
1180 994 1295 1026 τούτοις.

1422 1129 1504 1162 mea

1075 1175 1130 1202 Τοῦ
1143 1175 1236 1202 αὐτου
1256 1174 1419 1208 Ἐπιστολὴ
1434 1175 1509 1208 πρὸς
1521 1176 1686 1209 Μαριανόν’
1699 1175 1746 1201 καὶ
1757 1175 1867 1202 Διάλο-

1107 1219 1160 1244 γος
1178 1209 1245 1243 περὶ
1257 1209 1316 1236 τῶν
1329 1209 1384 1236 δύο
1395 1210 1579 1244 θελημάτων,
1593 1210 1644 1237 καὶ
1665 1209 1724 1236 τῶν
1739 1209 1793 1237 δύο
1808 1210 1866 1237 ἐπὶ

1107 1245 1234 1278 Χριστοῦ
1249 1244 1414 1279 ἐνεργειῶν.

1114 1289 1283 1324 Ἀνεγνώσοη
1297 1289 1344 1316 τοῦ
1358 1290 1440 1316 αὑτοῦ
1457 1290 1536 1324 ἁγίου
1559 1290 1655 1326 ἀνδρὸς
1673 1291 1817 1326 Ἐπιστολὴ
1836 1292 1867 1308 "

1074 1335 1216 1370 (Μαριανῷ
1232 1335 1412 1371 πρεσϐυτέρῳ
1427 1336 1678 1372 προσπεφώνηται),
1688 1335 1743 1374 ὲνῇ
1757 1346 1789 1363 πε
1796 1338 1867 1373 pits

1074 1380 1190 1415 φυσικοῦ
1205 1381 1358 1416 θελήματος
1374 1383 1433 1416 ἦτοι
1447 1381 1582 1417 θελήσεως
1605 1382 1716 1416 διέξεισι
1727 1384 1774 1410 καὶ
1791 1383 1863 1418 βου-

1073 1427 1177 1462 λήσεως
1191 1427 1237 1454 καὶ
1255 1427 1353 1462 βουλῆς
1363 1428 1422 1463 ἤτοι
1433 1427 1609 1463 βουλεύσεως,
1631 1429 1696 1464 περί
1710 1437 1739 1455 τε
1758 1437 1868 1464 προαι-

1075 1473 1187 1509 ρέσεως,
1202 1473 1250 1499 καὶ
1266 1473 1330 1509 περὶ
1342 1474 1423 1501 τινων
1438 1474 1629 1510 βουλευόμεθα,
1648 1476 1696 1502 καὶ
1709 1475 1773 1509 περὶ
1786 1475 1868 1508 γνὼ-

1076 1527 1129 1553 μης
1153 1519 1199 1546 καὶ
1213 1519 1338 1551 ἐξουσίας
1352 1520 1399 1546 καὶ
1411 1520 1500 1555 δόξης,
1525 1522 1572 1547 καὶ
1591 1521 1656 1556 περὶ
1681 1522 1867 1556 φρονήματος

234 1568 286 1595 hoc
307 1572 358 1598 est.
380 1568 553 1602 providentia
570 1576 577 1594 :
595 1572 621 1594 et
636 1567 771 1602 quomodo
794 1575 845 1594 non
868 1575 917 1602 per
930 1567 1019 1594 omnia

1079 1565 1162 1592 εἷτουν
1172 1567 1346 1600 φρονήσεως*
1363 1567 1410 1592 καὶ
1425 1566 1462 1598 ὡς
1482 1566 1511 1592 οὐ
1525 1567 1595 1593 κατὰ
1612 1567 1701 1594 πάντα
1714 1567 1816 1602 τρόπον
1831 1567 1870 1594 ’ἐν

232 1617 293 1650 post
319 1613 545 1640 resurrectionem
568 1620 623 1640 una
650 1613 703 1640 erit
724 1620 755 1639 ac
777 1617 870 1640 mutua
898 1613 1022 1641 voluntas

232 1662 388 1685 sanctorum
413 1664 493 1693 atque
518 1659 575 1690 Dei,
603 1666 652 1685 nec
685 1666 736 1685 una
766 1666 809 1685 res
840 1666 920 1693 quant
938 1659 1023 1686 velint

232 1710 336 1735 omnes,
365 1708 395 1730 ut
415 1703 524 1738 quidam
542 1709 667 1730 asserunt
695 1711 704 1730 :
727 1703 826 1738 quibus
849 1703 1020 1730 undecimum

232 1748 337 1775 accedit
361 1752 440 1783 caput
463 1757 471 1776 :
504 1747 560 1776 Non
577 1755 655 1783 posse
675 1755 756 1775 unam
776 1747 885 1775 Christo
910 1747 1020 1775 attribui

232 1793 409 1826 voluntatem,
423 1793 481 1821 sive
495 1793 644 1820 naturalem
667 1793 779 1825 dixeris,
796 1793 853 1820 sive
869 1792 1020 1825 electivam,

231 1845 261 1866 ut
274 1839 434 1874 quibusdam
448 1839 534 1866 visum
550 1844 600 1866 est.
617 1839 679 1866 Huic
693 1839 738 1867 illa
753 1839 879 1874 epistola,
893 1847 952 1874 qua:
967 1846 1020 1865 non

231 1883 264 1909 ad
277 1887 377 1910 rectam
389 1883 469 1911 modo
481 1884 641 1919 religionem
655 1885 769 1912 multum
786 1884 866 1911 affert
879 1885 1020 1916 momenti,

232 1929 277 1955 sed
290 1929 372 1956 etiam
382 1929 415 1955 ad
424 1928 490 1957 alias
502 1930 599 1958 multas
619 1931 800 1965 pulchrosque
812 1930 1021 1965 contemplatio-

233 1982 280 2002 nes
296 1975 369 2002 utilis
381 1981 432 2004 est.

266 2021 364 2049 Lectus
376 2029 482 2057 quoque
498 2023 523 2050 iu
542 2023 635 2050 eodem
660 2022 720 2057 ipso
734 2022 871 2050 volumine
890 2022 1018 2056 Dialogus

230 2066 262 2093 de
273 2067 371 2101 duplici
388 2068 416 2094 in
434 2068 538 2095 Christo
555 2073 578 2095 et
592 2068 723 2095 voluntate
751 2074 774 2095 et
789 2068 938 2102 operatione
949 2067 1018 2102 (55).

230 2111 356 2140 Persona:
371 2118 462 2141 autem
479 2115 643 2142 inducuntur
666 2113 789 2150 Pyrrhus
807 2118 835 2141 et
861 2113 995 2140 Maximus
1009 2121 1016 2139 :

230 2166 345 2193 quorum
358 2160 402 2187 hic
415 2161 524 2195 quidetn
534 2161 714 2188 orthodoxam
729 2165 818 2187 tuetur
833 2159 995 2187 sententiam
1008 2166 1016 2191 ;

230 2205 273 2231 ille
296 2212 371 2237 vero,
387 2206 437 2233 etsi
466 2206 653 2232 haereticorum
675 2209 824 2239 propugnat
851 2203 1015 2238 opinionem,

1072 1610 1148 1637 ἔσται
1161 1611 1229 1646 μετὰ
1240 1611 1289 1646 τὴν
1304 1611 1452 1638 ἀνάστασιν
1466 1612 1496 1638 τὺ
1511 1612 1615 1647 θέλημα
1636 1613 1704 1648 πρὸς
1726 1612 1870 1648 ἀλλήλους

1071 1655 1126 1681 τῶν
1143 1656 1228 1689 ἁγίων
1240 1656 1288 1682 καὶ
1300 1656 1347 1682 τοῦ
1365 1656 1442 1687 Θεοῦ.
1458 1657 1509 1683 κᾶν
1523 1657 1546 1673 ’⁸
1561 1657 1624 1693 [51⁸2
1637 1657 1682 1693 ἢ]
1695 1658 1722 1684 ἓν
1737 1658 1767 1684 τὸ
1778 1658 1871 1694 θελη-

1072 1701 1118 1728 οὲν
1132 1702 1244 1735 ἅπασιν,
1265 1702 1302 1733 ὣς
1327 1711 1399 1733 τινες
1426 1702 1546 1737 λέγουσι.
1573 1704 1628 1730 Καὶ
1651 1704 1792 1730 ἑνδέκατον
1812 1706 1870 1732 ἐπὶ

1071 1748 1174 1780 τούτοις
1201 1748 1358 1783 κεφάλαιον,
1393 1749 1489 1785 ὅτιπερ
1511 1749 1541 1776 ἓν
1561 1750 1665 1785 θέλημα
1689 1751 1719 1776 οὺ
1746 1750 1869 1778 δύναται

1071 1795 1117 1820 ὲπὶ
1128 1795 1246 1830 Χριστοῦ
1257 1795 1399 1829 λέγεσθαι,
1411 1795 1464 1822 εἴτε
1475 1797 1588 1830 φυσικὸν
1599 1797 1654 1822 εἴτε
1667 1799 1869 1831 προαιρετικὸν

1071 1841 1165 1876 λεχθῇ,
1181 1841 1218 1873 ὥς
1241 1850 1312 1868 τισιν
1329 1841 1429 1874 ἔδοξεν.
1445 1842 1520 1876 Α’ύτη
1547 1843 1596 1876 μὲν
1617 1843 1632 1876 ἠ
1660 1843 1805 1877 ἐπιστολή·
1828 1844 1868 1870 οὐ

1072 1886 1152 1921 μόνον
1164 1886 1186 1912 δ’
1197 1887 1236 1918 εἰς
1252 1886 1393 1914 εὐσέϐειαν
1408 1887 1476 1913 πολὺ
1490 1887 1522 1913 τὸ
1542 1887 1670 1922 χρειῶδες
1693 1888 1868 1923 παρέχεται,

1069 1931 1138 1958 ἀλλὰ
1152 1931 1200 1958 καὶ
1212 1932 1252 1963 εἰς
1266 1931 1349 1964 ἄλλας
1364 1932 1465 1964 πολλὰς
1479 1933 1526 1959 καὶ
1541 1932 1628 1965 καλὰς
1641 1933 1769 1968 Θεωρίας.

1109 2020 1279 2056 Ἀνεγνώσοη
1294 2022 1316 2048 δ’
1330 2022 1359 2048 ἔν
1373 2021 1412 2057 τῷ
1424 2021 1499 2057 αὐτῷ
1516 2021 1606 2058 τεύχει
1623 2022 1767 2057 Διάλογος
1786 2026 1867 2059 περὶ

1068 2066 1128 2094 τῶν
1151 2067 1206 2094 δύο
1234 2068 1409 2102 θελημάτων
1429 2068 1478 2094 καὶ
1500 2067 1559 2094 τῶν
1579 2068 1634 2096 δύο
1653 2069 1702 2095 ἐπὶ
1724 2071 1867 2103 Χριστοῦ

1067 2113 1231 2148 ἐνεργειῶν.
1254 2114 1296 2140 Τὰ
1310 2114 1445 2149 πρόσωπα
1463 2115 1492 2141 δὲ
1513 2115 1535 2130 "
1557 2115 1602 2142 τοῦ
1627 2115 1752 2150 διαλόγου
1779 2118 1866 2154 Πύρ-

1067 2158 1112 2192 ρος
1121 2156 1184 2192 [264
1197 2155 1243 2192 [1.]
1256 2158 1304 2184 καὶ
1316 2157 1453 2193 Μάξιμος,
1461 2155 1497 2185 ὧν
1509 2160 1522 2185 ὁ
1539 2159 1588 2193 μὲν
1599 2159 1649 2194 τῆς
1658 2159 1866 2198 ὀρθοδοξούσης

1067 2203 1229 2238 προΐσταται
1238 2203 1361 2238 γνώμης,
1372 2204 1479 2240 Ηύρῤος
1493 2204 1521 2230 δὲ
1534 2204 1582 2231 τοῦ
1596 2205 1780 2240 αἱρετίζοντος
1791 2208 1865 2236 ἀντ-

230 2255 318 2277 t.unen
339 2252 414 2285 quasi
427 2252 600 2278 consentiens
611 2259 671 2278 cum
695 2250 863 2282 orthodoxis,
875 2249 1016 2284 enthyme-

1081 2249 1194 2284 χόμενος
1211 2250 1386 2285 φρονήματος
1397 2270 1405 2282 ,
1417 2251 1502 2285 ὅμως,
1516 2251 1610 2287 ὥσπερ
1624 2253 1806 2287 συνεχόμενος
1825 2264 1863 2282 τε

230 2300 300 2322 inata
315 2304 346 2323 ac
360 2297 485 2332 dogmata
500 2304 549 2332 pro
567 2302 639 2324 recta
653 2295 786 2323 sententia
811 2294 889 2322 aﬂert
902 2303 909 2321 :
924 2294 1011 2320 fassus

1079 2293 1110 2319 ai
1129 2293 1355 2328 συνελαυνόμενος
1365 2296 1422 2326 τοῖς
1435 2295 1622 2330 όρθοδοξοῡσιν
1632 2297 1810 2333 ἐνθυμήμασί
1825 2309 1861 2328 τε

231 2343 345 2376 ingenue
376 2350 405 2370 se
430 2343 507 2371 initio
527 2351 580 2370 non
607 2348 681 2370 recte
711 2342 839 2369 sensisse.
855 2341 915 2374 lpsa
934 2347 1014 2375 porro

1066 2338 1113 2364 καὶ
1120 2338 1236 2373 δόγμασι
1255 2339 1276 2372 ¹,
1286 2339 1389 2366 τίθεται
1399 2340 1432 2374 τῇ
1443 2340 1568 2376 εὑσεόείᾳ
1577 2360 1584 2372 ,
1594 2342 1768 2378 ἁνομολογῶν
1789 2345 1864 2371 ἑαυ-

226 2387 315 2413 oratio
327 2386 419 2414 Romae.
438 2387 495 2422 (56)
509 2395 569 2414 eum
587 2388 687 2414 indicat
701 2388 735 2414 ad
753 2387 824 2413 hanc
842 2385 1014 2412 descendisse

1079 2383 1112 2408 ὸν
1142 2383 1193 2409 οὐκ
1209 2383 1298 2418 ὀρθῶς
1328 2385 1530 2419 πεφρονηκέναι
1543 2385 1578 2412 τὰ
1592 2386 1735 2422 πρότερον.
1766 2388 1813 2415 Ἐν
1828 2391 1863 2417 δὲ

228 2431 437 2465 disputationem
450 2440 458 2458 :
471 2436 646 2466 posteaquam
658 2432 785 2459 nimirum
802 2431 859 2465 ipse
867 2428 1013 2466 [Pyrrhus]

1079 2430 1101 2463 τῇ
1125 2428 1219 2463 Ῥώμῃ
1233 2428 1315 2456 αὑτὸν
1330 2430 1345 2456 ὁ
1358 2429 1438 2464 λόγος
1456 2430 1593 2458 δείκνυσιν
1610 2432 1757 2466 ἀφικέσθαι
1782 2435 1863 2470 πρὸς

860 2495 976 2523 νΑῐὶΙΑΞ
994 2493 1196 2522 LECTIONES.

262 2547 285 2562 ⁹⁶
301 2547 339 2578 εἰς
353 2546 383 2572 ea
405 2547 467 2573 add.
482 2549 514 2574 Λ.
557 2548 579 2563 ’⁷
594 2546 721 2582 ἐπιστολὴ
735 2547 796 2582 ἣτις
809 2545 882 2581 Μαρ.
900 2553 931 2576 ς.
977 2543 1000 2559 ³⁸
1017 2542 1069 2568 κᾶν
1084 2543 1106 2568 Α
1121 2551 1129 2569 :
1148 2542 1196 2568 καὶ
1209 2551 1238 2574 ς,

1292 2543 1314 2559 ’⁸
1325 2543 1359 2570 τὰ
1376 2544 1510 2579 πρόσωπα
1531 2545 1560 2572 δὲ
1574 2545 1595 2572 Α
1611 2554 1618 2573 :
1632 2546 1680 2573 καὶ
1703 2547 1737 2573 τὰ
1763 2549 1861 2584 πρός-

225 2591 288 2608 ωπα
307 2591 337 2614 ς.
384 2583 392 2598 ί
409 2582 761 2618 ἐνθυμήματα-δόγματα
779 2590 809 2613 ς.

976 2632 1093 2662 ΝΟΤᾸΕ.

262 2689 319 2724 (50)
333 2689 364 2716 Ει
377 2689 484 2724 quidem
501 2689 585 2724 prima
602 2689 673 2724 (qua:
685 2693 728 2715 est
743 2687 769 2715 in
784 2686 854 2714 Billii
880 2685 945 2714 edit.
962 2685 1008 2720 55)
1062 2682 1252 2724 postprincip.

226 2718 284 2760 ipsi)
303 2718 364 2751 mox
377 2718 437 2752 iiut.
501 2718 521 2760 ’ν
605 2718 630 2724 ’³
747 2743 764 2760 ._
782 2756 840 2760 _____
907 2757 913 2760 _
951 2756 957 2760 _
998 2718 1003 2720 ’
1100 2718 1158 2760 (Eii)
1171 2719 1283 2760 ,l‘nitiung
1294 2718 1345 2760 hoc
1358 2725 1399 2748 est
1410 2719 1677 2760 epist.4B._Di3nys.
1691 2721 1724 2747 ad
1739 2721 1856 2760 Caium,

462 2759 538 2787 tertia
550 2766 672 2791 numero,
697 2743 766 2793 apud
782 2756 888 2784 Billium
906 2757 933 2784 in
951 2756 1008 2792 ipso
1062 2791 1067 2796 _
1168 2743 1399 2796 meditato};

226 2788 294 2823 metu.
309 2788 316 2796 ι
664 2788 668 2791 ·
715 2788 722 2793 ·
961 2788 968 2792 ”
1062 2788 1172 2822 ἧηιέΓβΓ.
1189 2789 1284 2816 Franc.
1303 2788 1445 2819 Turriano.

263 2831 319 2865 (ςῖ)
334 2829 424 2858 Prima
442 2830 475 2857 de
490 2829 558 2856 Filio
576 2830 625 2856 sub
639 2829 684 2865 (in.
745 2863 751 2865 _
783 2862 803 2865 _
816 2863 832 2865 __
884 2863 900 2865 __
1101 2827 1156 2861 (56)
1175 2826 1231 2865 lino
1258 2825 1409 2865 innitirica,
1428 2831 1458 2854 ut
1481 2827 1558 2855 docet
1577 2827 1673 2854 Baron.
1692 2831 1757 2854 tom.
1783 2828 1857 2863 VIII,

260 2861 317 2902 (εῶ)
332 2866 468 2902 LeguMur
483 2866 538 2892 lucc
548 2870 618 2892 orat.
636 2864 720 2891 altera
735 2863 768 2892 de
783 2862 851 2891 Filio
867 2863 1005 2898 aliquanto
1061 2865 1093 2892 ad
1112 2871 1175 2889 ann.
1195 2861 1261 2888 Chr.
1275 2861 1336 2888 (iis.
