  <div class='ocr_page' id='page_1' title='image "/cluster/home/n/w/nwhite01/storage/ocr_20150623/103/njp.32101010943882/442.png"; bbox 0 0 1916 3092; ppageno 0'>
   <div class='ocr_carea' id='block_1_1' title="bbox 66 135 110 167">
    <p class='ocr_par' dir='ltr' id='par_1_1' title="bbox 66 135 110 167">
     <span class='ocr_line' id='line_1_1' title="bbox 66 135 110 167; baseline 0.045 -2"><span class='ocrx_word' id='word_1_1' title='bbox 66 135 110 167; x_wconf 64' lang='grc'><strong>057</strong></span> 
     </span>
    </p>
   </div>
   <div class='ocr_carea' id='block_1_2' title="bbox 485 142 1235 184">
    <p class='ocr_par' dir='ltr' id='par_1_2' title="bbox 485 142 1235 184">
     <span class='ocr_line' id='line_1_2' title="bbox 485 142 1235 184; baseline 0.009 -13"><span class='ocrx_word' id='word_1_2' title='bbox 485 142 794 174; x_wconf 81' lang='lat' dir='ltr'><strong>BIBLIOTHECA.-</strong></span> <span class='ocrx_word' id='word_1_3' title='bbox 813 146 922 176; x_wconf 88' lang='lat' dir='ltr'><strong>CODD.</strong></span> <span class='ocrx_word' id='word_1_4' title='bbox 944 147 1076 184; x_wconf 83' lang='lat' dir='ltr'>CXCXV,</span> <span class='ocrx_word' id='word_1_5' title='bbox 1091 147 1235 179; x_wconf 82' lang='lat' dir='ltr'>CXCXVI.</span> 
     </span>
    </p>
   </div>
   <div class='ocr_carea' id='block_1_3' title="bbox 1627 149 1683 180">
    <p class='ocr_par' dir='ltr' id='par_1_3' title="bbox 1627 149 1683 180">
     <span class='ocr_line' id='line_1_3' title="bbox 1627 149 1683 180; baseline 0 0"><span class='ocrx_word' id='word_1_6' title='bbox 1627 149 1683 180; x_wconf 73' lang='lat'><strong>6.58</strong></span> 
     </span>
    </p>
   </div>
   <div class='ocr_carea' id='block_1_4' title="bbox 65 192 848 237">
    <p class='ocr_par' dir='ltr' id='par_1_4' title="bbox 65 192 838 234">
     <span class='ocr_line' id='line_1_4' title="bbox 65 192 838 234; baseline 0.01 -15"><span class='ocrx_word' id='word_1_7' title='bbox 65 196 105 227; x_wconf 66' lang='grc' dir='ltr'>τὴν</span> <span class='ocrx_word' id='word_1_8' title='bbox 119 193 244 226; x_wconf 75' lang='grc' dir='ltr'><strong>διάλεξιν,</strong></span> <span class='ocrx_word' id='word_1_9' title='bbox 261 194 321 229; x_wconf 84' lang='grc' dir='ltr'>μεθ’</span> <span class='ocrx_word' id='word_1_10' title='bbox 335 192 366 222; x_wconf 79' lang='grc' dir='ltr'><strong>οὗ</strong></span> <span class='ocrx_word' id='word_1_11' title='bbox 377 193 412 230; x_wconf 85' lang='grc' dir='ltr'><strong>ἧν</strong></span> <span class='ocrx_word' id='word_1_12' title='bbox 426 197 436 210; x_wconf 83' lang='grc'>¹</span> <span class='ocrx_word' id='word_1_13' title='bbox 457 196 539 228; x_wconf 75' lang='grc' dir='ltr'>αὐτὸς</span> <span class='ocrx_word' id='word_1_14' title='bbox 560 198 650 233; x_wconf 76' lang='grc' dir='ltr'>ἑαυτῷ</span> <span class='ocrx_word' id='word_1_15' title='bbox 667 199 757 234; x_wconf 82' lang='grc' dir='ltr'>φυγὴν</span> <span class='ocrx_word' id='word_1_16' title='bbox 778 201 838 227; x_wconf 80' lang='grc' dir='ltr'>ἐπι-</span> 
     </span>
    </p>
   </div>
   <div class='ocr_carea' id='block_1_5' title="bbox 892 192 1678 237">
    <p class='ocr_par' dir='ltr' id='par_1_5' title="bbox 892 201 1678 237">
     <span class='ocr_line' id='line_1_5' title="bbox 892 201 1678 237; baseline 0.006 -9"><span class='ocrx_word' id='word_1_17' title='bbox 892 201 988 228; x_wconf 85' lang='lat' dir='ltr'><strong>exsilio</strong></span> <span class='ocrx_word' id='word_1_18' title='bbox 1003 201 1055 229; x_wconf 87' lang='lat' dir='ltr'><strong>sibi</strong></span> <span class='ocrx_word' id='word_1_19' title='bbox 1065 202 1167 228; x_wconf 88' lang='lat' dir='ltr'><strong>indicto</strong></span> <span class='ocrx_word' id='word_1_20' title='bbox 1182 202 1480 237; x_wconf 83' lang='lat' dir='ltr'><strong>Constantinopolitana</strong></span> <span class='ocrx_word' id='word_1_21' title='bbox 1493 203 1555 231; x_wconf 83' lang='lat' dir='ltr'><strong>sede</strong></span> <span class='ocrx_word' id='word_1_22' title='bbox 1568 206 1678 233; x_wconf 77' lang='lat' dir='ltr'><strong>excidit.</strong></span> 
     </span>
    </p>
   </div>
   <div class='ocr_carea' id='block_1_6' title="bbox 65 239 839 281">
    <p class='ocr_par' dir='ltr' id='par_1_6' title="bbox 65 239 839 281">
     <span class='ocr_line' id='line_1_6' title="bbox 65 239 839 281; baseline 0.009 -15"><span class='ocrx_word' id='word_1_23' title='bbox 65 239 198 266; x_wconf 69' lang='grc' dir='ltr'>ϐαλὼντοῦ</span> <span class='ocrx_word' id='word_1_24' title='bbox 229 241 240 256; x_wconf 88' lang='grc'>³</span> <span class='ocrx_word' id='word_1_25' title='bbox 264 241 578 275; x_wconf 79' lang='grc' dir='ltr'>Κωνσταντινουπόλεως</span> <span class='ocrx_word' id='word_1_26' title='bbox 601 243 716 276; x_wconf 79' lang='grc' dir='ltr'><strong>ἐξέπεσε</strong></span> <span class='ocrx_word' id='word_1_27' title='bbox 733 245 839 281; x_wconf 85' lang='grc' dir='ltr'>θρόνου.</span> 
     </span>
    </p>
   </div>
   <div class='ocr_carea' id='block_1_7' title="bbox 68 286 842 325">
    <p class='ocr_par' dir='ltr' id='par_1_7' title="bbox 68 286 842 325">
     <span class='ocr_line' id='line_1_7' title="bbox 68 286 842 325; baseline 0.01 -14"><span class='ocrx_word' id='word_1_28' title='bbox 68 286 94 312; x_wconf 91' lang='lat'><strong>&#39;0</strong></span> <span class='ocrx_word' id='word_1_29' title='bbox 110 287 198 320; x_wconf 79' lang='grc' dir='ltr'>μέντοι</span> <span class='ocrx_word' id='word_1_30' title='bbox 232 286 358 321; x_wconf 76' lang='grc' dir='ltr'><strong>διάλογος</strong></span> <span class='ocrx_word' id='word_1_31' title='bbox 378 289 418 319; x_wconf 77' lang='grc' dir='ltr'><strong>εἰς</strong></span> <span class='ocrx_word' id='word_1_32' title='bbox 439 288 469 315; x_wconf 82' lang='grc' dir='ltr'>τὸ</span> <span class='ocrx_word' id='word_1_33' title='bbox 498 290 689 325; x_wconf 65' lang='grc' dir='ltr'>ταπεινότερον</span> <span class='ocrx_word' id='word_1_34' title='bbox 718 292 777 318; x_wconf 79' lang='grc' dir='ltr'>ἐστι</span> <span class='ocrx_word' id='word_1_35' title='bbox 803 293 842 319; x_wconf 84' lang='grc' dir='ltr'>δι-</span> 
     </span>
    </p>
   </div>
   <div class='ocr_carea' id='block_1_8' title="bbox 64 331 842 369">
    <p class='ocr_par' dir='ltr' id='par_1_8' title="bbox 64 331 842 369">
     <span class='ocr_line' id='line_1_8' title="bbox 64 331 842 369; baseline 0.006 -13"><span class='ocrx_word' id='word_1_36' title='bbox 64 331 262 366; x_wconf 76' lang='grc' dir='ltr'>εσκευασμένος,</span> <span class='ocrx_word' id='word_1_37' title='bbox 270 332 326 358; x_wconf 80' lang='grc' dir='ltr'>εετε</span> <span class='ocrx_word' id='word_1_38' title='bbox 336 332 366 358; x_wconf 86' lang='grc' dir='ltr'>τὸ</span> <span class='ocrx_word' id='word_1_39' title='bbox 380 332 552 367; x_wconf 78' lang='grc' dir='ltr'>αὐτοσχέδιον</span> <span class='ocrx_word' id='word_1_40' title='bbox 567 333 621 360; x_wconf 83' lang='grc' dir='ltr'><strong>τῶν</strong></span> <span class='ocrx_word' id='word_1_41' title='bbox 631 334 820 369; x_wconf 83' lang='grc' dir='ltr'>διειλεγμένων</span> <span class='ocrx_word' id='word_1_42' title='bbox 830 336 842 351; x_wconf 73' lang='grc'>⁸</span> 
     </span>
    </p>
   </div>
   <div class='ocr_carea' id='block_1_9' title="bbox 63 377 838 415">
    <p class='ocr_par' dir='ltr' id='par_1_9' title="bbox 63 377 838 415">
     <span class='ocr_line' id='line_1_9' title="bbox 63 377 838 415; baseline 0.005 -13"><span class='ocrx_word' id='word_1_43' title='bbox 63 377 192 408; x_wconf 75' lang='grc' dir='ltr'>διασώζειν</span> <span class='ocrx_word' id='word_1_44' title='bbox 202 377 335 412; x_wconf 78' lang='grc' dir='ltr'><strong>ἀκέραιον</strong></span> <span class='ocrx_word' id='word_1_45' title='bbox 350 377 513 412; x_wconf 72' lang='grc' dir='ltr'><strong>βουλομένου</strong></span> <span class='ocrx_word' id='word_1_46' title='bbox 530 378 579 405; x_wconf 81' lang='grc' dir='ltr'>τοῦ</span> <span class='ocrx_word' id='word_1_47' title='bbox 600 380 838 415; x_wconf 77' lang='grc' dir='ltr'><strong>συγγεγραφότος,</strong></span> 
     </span>
    </p>
   </div>
   <div class='ocr_carea' id='block_1_10' title="bbox 63 423 838 462">
    <p class='ocr_par' dir='ltr' id='par_1_10' title="bbox 63 423 838 462">
     <span class='ocr_line' id='line_1_10' title="bbox 63 423 838 462; baseline 0.006 -14"><span class='ocrx_word' id='word_1_48' title='bbox 63 424 108 449; x_wconf 65' lang='lat' dir='ltr'><strong>ait:</strong></span> <span class='ocrx_word' id='word_1_49' title='bbox 123 423 166 449; x_wconf 76' lang='grc' dir='ltr'>καὶ</span> <span class='ocrx_word' id='word_1_50' title='bbox 181 423 279 458; x_wconf 81' lang='grc' dir='ltr'>ἕτερόν</span> <span class='ocrx_word' id='word_1_51' title='bbox 294 432 320 450; x_wconf 87' lang='grc' dir='ltr'><strong>τι</strong></span> <span class='ocrx_word' id='word_1_52' title='bbox 334 423 570 459; x_wconf 81' lang='grc' dir='ltr'>διοικονομοῦντος</span> <span class='ocrx_word' id='word_1_53' title='bbox 580 433 587 440; x_wconf 92' lang='grc'>·</span> <span class='ocrx_word' id='word_1_54' title='bbox 600 425 635 451; x_wconf 87' lang='grc' dir='ltr'>δι’</span> <span class='ocrx_word' id='word_1_55' title='bbox 659 425 730 462; x_wconf 78' lang='grc' dir='ltr'>ειπερ</span> <span class='ocrx_word' id='word_1_56' title='bbox 744 426 798 453; x_wconf 66' lang='grc' dir='ltr'>οὐδ’</span> <span class='ocrx_word' id='word_1_57' title='bbox 813 427 838 453; x_wconf 80' lang='grc' dir='ltr'>οὶ</span> 
     </span>
    </p>
   </div>
   <div class='ocr_carea' id='block_1_11' title="bbox 62 468 840 508">
    <p class='ocr_par' dir='ltr' id='par_1_11' title="bbox 62 468 840 508">
     <span class='ocr_line' id='line_1_11' title="bbox 62 468 840 508; baseline 0.008 -14"><span class='ocrx_word' id='word_1_58' title='bbox 62 468 222 503; x_wconf 65' lang='grc' dir='ltr'><strong>διαλεκτικῆς</strong></span> <span class='ocrx_word' id='word_1_59' title='bbox 246 469 346 504; x_wconf 76' lang='grc' dir='ltr'>ἀὐτῷ</span> <span class='ocrx_word' id='word_1_60' title='bbox 357 470 434 505; x_wconf 86' lang='grc' dir='ltr'>νόμοι</span> <span class='ocrx_word' id='word_1_61' title='bbox 458 470 582 505; x_wconf 78' lang='grc' dir='ltr'><strong>εὐμενῶς</strong></span> <span class='ocrx_word' id='word_1_62' title='bbox 606 471 729 498; x_wconf 83' lang='grc' dir='ltr'>οέλουσιν</span> <span class='ocrx_word' id='word_1_63' title='bbox 755 472 840 508; x_wconf 80' lang='grc' dir='ltr'>ἔχειν.</span> 
     </span>
    </p>
   </div>
   <div class='ocr_carea' id='block_1_12' title="bbox 63 514 839 553">
    <p class='ocr_par' dir='ltr' id='par_1_12' title="bbox 63 514 839 553">
     <span class='ocr_line' id='line_1_12' title="bbox 63 514 839 553; baseline 0.009 -14"><span class='ocrx_word' id='word_1_64' title='bbox 63 514 124 549; x_wconf 75' lang='grc' dir='ltr'>Πλὴν</span> <span class='ocrx_word' id='word_1_65' title='bbox 134 514 182 540; x_wconf 71' lang='grc' dir='ltr'>καὶ</span> <span class='ocrx_word' id='word_1_66' title='bbox 188 514 263 541; x_wconf 72' lang='grc' dir='ltr'>οὕτω</span> <span class='ocrx_word' id='word_1_67' title='bbox 270 515 401 550; x_wconf 80' lang='grc' dir='ltr'><strong>χρειῶδες</strong></span> <span class='ocrx_word' id='word_1_68' title='bbox 413 516 469 549; x_wconf 81' lang='grc' dir='ltr'>τοῖς</span> <span class='ocrx_word' id='word_1_69' title='bbox 479 516 606 543; x_wconf 68' lang='grc' dir='ltr'>εὐσεϐέσι</span> <span class='ocrx_word' id='word_1_70' title='bbox 617 517 647 543; x_wconf 85' lang='grc' dir='ltr'>τὸ</span> <span class='ocrx_word' id='word_1_71' title='bbox 657 517 806 553; x_wconf 81' lang='grc' dir='ltr'><strong>ἀγώνισμα</strong></span> <span class='ocrx_word' id='word_1_72' title='bbox 817 520 839 546; x_wconf 72' lang='grc'>⁸.</span> 
     </span>
    </p>
   </div>
   <div class='ocr_carea' id='block_1_13' title="bbox 386 561 476 594">
    <p class='ocr_par' dir='ltr' id='par_1_13' title="bbox 386 561 476 594">
     <span class='ocr_line' id='line_1_13' title="bbox 386 561 476 594; baseline 0.022 -7"><span class='ocrx_word' id='word_1_73' title='bbox 386 561 476 594; x_wconf 54' lang='grc' dir='ltr'>Ριιςῖν.</span> 
     </span>
    </p>
   </div>
   <div class='ocr_carea' id='block_1_14' title="bbox 156 606 733 644">
    <p class='ocr_par' dir='ltr' id='par_1_14' title="bbox 156 606 733 644">
     <span class='ocr_line' id='line_1_14' title="bbox 156 606 733 644; baseline 0.007 -12"><span class='ocrx_word' id='word_1_74' title='bbox 156 606 214 633; x_wconf 78' lang='grc' dir='ltr'><strong>Τοῦ</strong></span> <span class='ocrx_word' id='word_1_75' title='bbox 230 606 265 633; x_wconf 79' lang='grc' dir='ltr'><strong>ὲν</strong></span> <span class='ocrx_word' id='word_1_76' title='bbox 277 606 555 642; x_wconf 68' lang='grc' dir='ltr'>ἀγίοιςἚφραιμίου</span> <span class='ocrx_word' id='word_1_77' title='bbox 569 609 659 643; x_wconf 68' lang='grc' dir='ltr'>Λόγοι</span> <span class='ocrx_word' id='word_1_78' title='bbox 674 608 733 644; x_wconf 68' lang='grc' dir='ltr'>μίν.</span> 
     </span>
    </p>
   </div>
   <div class='ocr_carea' id='block_1_15' title="bbox 95 652 842 690">
    <p class='ocr_par' dir='ltr' id='par_1_15' title="bbox 95 652 842 690">
     <span class='ocr_line' id='line_1_15' title="bbox 95 652 842 690; baseline 0.007 -12"><span class='ocrx_word' id='word_1_79' title='bbox 95 652 316 687; x_wconf 84' lang='grc' dir='ltr'>Ἀνεγνώσθησαν</span> <span class='ocrx_word' id='word_1_80' title='bbox 329 652 376 679; x_wconf 80' lang='grc' dir='ltr'>τοῦ</span> <span class='ocrx_word' id='word_1_81' title='bbox 399 654 428 679; x_wconf 79' lang='grc' dir='ltr'>ὲν</span> <span class='ocrx_word' id='word_1_82' title='bbox 447 654 536 687; x_wconf 80' lang='grc' dir='ltr'><strong>ἁγίοις</strong></span> <span class='ocrx_word' id='word_1_83' title='bbox 562 655 683 690; x_wconf 78' lang='grc' dir='ltr'>Ἐφραὶμ</span> <span class='ocrx_word' id='word_1_84' title='bbox 706 655 795 690; x_wconf 80' lang='grc' dir='ltr'><strong>Λόγοι</strong></span> <span class='ocrx_word' id='word_1_85' title='bbox 811 655 842 683; x_wconf 79' lang='lat'>6&#39;</span> 
     </span>
    </p>
   </div>
   <div class='ocr_carea' id='block_1_16' title="bbox 60 695 841 736">
    <p class='ocr_par' dir='ltr' id='par_1_16' title="bbox 60 695 841 736">
     <span class='ocr_line' id='line_1_16' title="bbox 60 695 841 736; baseline 0.004 -11"><span class='ocrx_word' id='word_1_86' title='bbox 60 699 102 725; x_wconf 72' lang='grc' dir='ltr'><strong>καὶ</strong></span> <span class='ocrx_word' id='word_1_87' title='bbox 112 701 155 726; x_wconf 79' lang='grc' dir='ltr'><strong>Μ’·</strong></span> <span class='ocrx_word' id='word_1_88' title='bbox 171 695 210 725; x_wconf 82' lang='grc' dir='ltr'>ὧν</span> <span class='ocrx_word' id='word_1_89' title='bbox 225 700 240 725; x_wconf 98' lang='lat'><strong>6</strong></span> <span class='ocrx_word' id='word_1_90' title='bbox 254 699 304 734; x_wconf 81' lang='grc' dir='ltr'>μὲν</span> <span class='ocrx_word' id='word_1_91' title='bbox 320 700 349 726; x_wconf 84' lang='grc' dir='ltr'><strong>Δ¹</strong></span> <span class='ocrx_word' id='word_1_92' title='bbox 364 699 460 726; x_wconf 83' lang='grc' dir='ltr'>ἑαυτόν</span> <span class='ocrx_word' id='word_1_93' title='bbox 472 708 502 726; x_wconf 83' lang='grc' dir='ltr'><strong>τε</strong></span> <span class='ocrx_word' id='word_1_94' title='bbox 518 701 590 726; x_wconf 82' lang='grc' dir='ltr'>ποιεῖ</span> <span class='ocrx_word' id='word_1_95' title='bbox 599 700 841 736; x_wconf 82' lang='grc' dir='ltr'>ἀπολοφυρόμενον</span> 
     </span>
    </p>
   </div>
   <div class='ocr_carea' id='block_1_17' title="bbox 58 742 840 781">
    <p class='ocr_par' dir='ltr' id='par_1_17' title="bbox 58 742 840 781">
     <span class='ocr_line' id='line_1_17' title="bbox 58 742 840 781; baseline 0.004 -11"><span class='ocrx_word' id='word_1_96' title='bbox 58 742 92 776; x_wconf 75' lang='grc' dir='ltr'>οἷς</span> <span class='ocrx_word' id='word_1_97' title='bbox 109 745 184 777; x_wconf 79' lang='grc' dir='ltr'><strong>ὲῦἱω,</strong></span> <span class='ocrx_word' id='word_1_98' title='bbox 200 746 250 772; x_wconf 80' lang='grc' dir='ltr'>καὶ</span> <span class='ocrx_word' id='word_1_99' title='bbox 267 746 349 772; x_wconf 78' lang='grc' dir='ltr'>τόπον</span> <span class='ocrx_word' id='word_1_100' title='bbox 364 746 374 761; x_wconf 91' lang='grc'><strong>⁷</strong></span> <span class='ocrx_word' id='word_1_101' title='bbox 391 745 484 780; x_wconf 74' lang='grc' dir='ltr'>ἐπέχει</span> <span class='ocrx_word' id='word_1_102' title='bbox 509 746 646 781; x_wconf 83' lang='grc' dir='ltr'>προλόγου</span> <span class='ocrx_word' id='word_1_103' title='bbox 663 747 719 773; x_wconf 86' lang='grc' dir='ltr'>τῶν</span> <span class='ocrx_word' id='word_1_104' title='bbox 740 747 840 781; x_wconf 79' lang='grc' dir='ltr'>ὲφεξῆς</span> 
     </span>
    </p>
   </div>
   <div class='ocr_carea' id='block_1_18' title="bbox 58 792 841 829">
    <p class='ocr_par' dir='ltr' id='par_1_18' title="bbox 58 792 841 829">
     <span class='ocr_line' id='line_1_18' title="bbox 58 792 841 829; baseline 0.005 -12"><span class='ocrx_word' id='word_1_105' title='bbox 58 792 250 826; x_wconf 70' lang='grc' dir='ltr'>παραινέσεων.</span> <span class='ocrx_word' id='word_1_106' title='bbox 271 793 302 818; x_wconf 92' lang='lat' dir='ltr'>&#39;O</span> <span class='ocrx_word' id='word_1_107' title='bbox 323 792 353 818; x_wconf 74' lang='grc' dir='ltr'>δὲ</span> <span class='ocrx_word' id='word_1_108' title='bbox 373 792 401 818; x_wconf 86' lang='lat' dir='ltr'>B&#39;</span> <span class='ocrx_word' id='word_1_109' title='bbox 423 794 479 824; x_wconf 77' lang='grc' dir='ltr'>τοῖς</span> <span class='ocrx_word' id='word_1_110' title='bbox 501 793 530 819; x_wconf 83' lang='grc' dir='ltr'>ὲν</span> <span class='ocrx_word' id='word_1_111' title='bbox 559 793 686 827; x_wconf 75' lang='grc' dir='ltr'>κοινοείῳ</span> <span class='ocrx_word' id='word_1_112' title='bbox 716 794 841 829; x_wconf 77' lang='grc' dir='ltr'><strong>ἀδελφοῖς</strong></span> 
     </span>
    </p>
   </div>
   <div class='ocr_carea' id='block_1_19' title="bbox 58 837 840 875">
    <p class='ocr_par' dir='ltr' id='par_1_19' title="bbox 58 837 840 875">
     <span class='ocr_line' id='line_1_19' title="bbox 58 837 840 875; baseline 0.005 -13"><span class='ocrx_word' id='word_1_113' title='bbox 58 837 209 871; x_wconf 75' lang='grc' dir='ltr'>εαραίνεσίν</span> <span class='ocrx_word' id='word_1_114' title='bbox 235 837 309 864; x_wconf 75' lang='grc' dir='ltr'>ἐστιν</span> <span class='ocrx_word' id='word_1_115' title='bbox 333 837 536 872; x_wconf 74' lang='grc' dir='ltr'><strong>εἰσηγούμενος.</strong></span> <span class='ocrx_word' id='word_1_116' title='bbox 560 839 748 874; x_wconf 80' lang='grc' dir='ltr'>Προτρέπεται</span> <span class='ocrx_word' id='word_1_117' title='bbox 771 839 840 875; x_wconf 82' lang='grc' dir='ltr'>πρὸς</span> 
     </span>
    </p>
   </div>
   <div class='ocr_carea' id='block_1_20' title="bbox 892 246 1679 285">
    <p class='ocr_par' dir='ltr' id='par_1_20' title="bbox 892 246 1679 285">
     <span class='ocr_line' id='line_1_20' title="bbox 892 246 1679 285; baseline 0.006 -12"><span class='ocrx_word' id='word_1_118' title='bbox 892 246 1085 274; x_wconf 78' lang='lat' dir='ltr'><strong>Verumtamen</strong></span> <span class='ocrx_word' id='word_1_119' title='bbox 1099 247 1220 281; x_wconf 80' lang='lat' dir='ltr'><strong>dialogus</strong></span> <span class='ocrx_word' id='word_1_120' title='bbox 1235 248 1278 275; x_wconf 92' lang='lat' dir='ltr'><strong>hic</strong></span> <span class='ocrx_word' id='word_1_121' title='bbox 1291 248 1436 276; x_wconf 83' lang='lat' dir='ltr'><strong>humiliore</strong></span> <span class='ocrx_word' id='word_1_122' title='bbox 1449 254 1491 276; x_wconf 88' lang='lat' dir='ltr'><strong>est</strong></span> <span class='ocrx_word' id='word_1_123' title='bbox 1509 252 1679 285; x_wconf 86' lang='lat' dir='ltr'><strong>conscriptus</strong></span> 
     </span>
    </p>
   </div>
   <div class='ocr_carea' id='block_1_21' title="bbox 891 293 1680 331">
    <p class='ocr_par' dir='ltr' id='par_1_21' title="bbox 891 293 1680 331">
     <span class='ocr_line' id='line_1_21' title="bbox 891 293 1680 331; baseline 0.006 -12"><span class='ocrx_word' id='word_1_124' title='bbox 891 293 972 329; x_wconf 84' lang='lat' dir='ltr'><strong>stylo,</strong></span> <span class='ocrx_word' id='word_1_125' title='bbox 990 293 1047 320; x_wconf 79' lang='lat' dir='ltr'><strong>sive</strong></span> <span class='ocrx_word' id='word_1_126' title='bbox 1060 293 1130 327; x_wconf 88' lang='lat' dir='ltr'><strong>quod</strong></span> <span class='ocrx_word' id='word_1_127' title='bbox 1154 294 1339 321; x_wconf 74' lang='lat' dir='ltr'><strong>sinceritatem</strong></span> <span class='ocrx_word' id='word_1_128' title='bbox 1357 296 1491 322; x_wconf 88' lang='lat' dir='ltr'><strong>sermonis</strong></span> <span class='ocrx_word' id='word_1_129' title='bbox 1507 303 1540 322; x_wconf 84' lang='lat' dir='ltr'><strong>ex</strong></span> <span class='ocrx_word' id='word_1_130' title='bbox 1559 301 1680 331; x_wconf 86' lang='lat' dir='ltr'><strong>tempore</strong></span> 
     </span>
    </p>
   </div>
   <div class='ocr_carea' id='block_1_22' title="bbox 893 338 1679 376">
    <p class='ocr_par' dir='ltr' id='par_1_22' title="bbox 893 338 1679 376">
     <span class='ocr_line' id='line_1_22' title="bbox 893 338 1679 376; baseline 0.006 -12"><span class='ocrx_word' id='word_1_131' title='bbox 893 338 978 365; x_wconf 88' lang='lat' dir='ltr'><strong>habiti</strong></span> <span class='ocrx_word' id='word_1_132' title='bbox 997 346 1107 366; x_wconf 85' lang='lat' dir='ltr'><strong>servare</strong></span> <span class='ocrx_word' id='word_1_133' title='bbox 1119 344 1216 365; x_wconf 91' lang='lat' dir='ltr'><strong>auctor</strong></span> <span class='ocrx_word' id='word_1_134' title='bbox 1231 340 1344 370; x_wconf 75' lang='lat' dir='ltr'><strong>studuit,</strong></span> <span class='ocrx_word' id='word_1_135' title='bbox 1358 341 1414 367; x_wconf 83' lang='lat' dir='ltr'><strong>sive</strong></span> <span class='ocrx_word' id='word_1_136' title='bbox 1429 342 1495 376; x_wconf 87' lang='lat' dir='ltr'><strong>quid</strong></span> <span class='ocrx_word' id='word_1_137' title='bbox 1516 342 1587 369; x_wconf 85' lang='lat' dir='ltr'><strong>aliud</strong></span> <span class='ocrx_word' id='word_1_138' title='bbox 1599 343 1679 369; x_wconf 88' lang='lat' dir='ltr'><strong>insti-</strong></span> 
     </span>
    </p>
   </div>
   <div class='ocr_carea' id='block_1_23' title="bbox 893 383 1677 419">
    <p class='ocr_par' dir='ltr' id='par_1_23' title="bbox 893 383 1677 419">
     <span class='ocr_line' id='line_1_23' title="bbox 893 383 1677 419; baseline 0.006 -10"><span class='ocrx_word' id='word_1_139' title='bbox 893 383 954 415; x_wconf 85' lang='lat' dir='ltr'><strong>tuit,</strong></span> <span class='ocrx_word' id='word_1_140' title='bbox 974 390 1035 410; x_wconf 89' lang='lat' dir='ltr'><strong>cum</strong></span> <span class='ocrx_word' id='word_1_141' title='bbox 1061 391 1096 410; x_wconf 88' lang='lat' dir='ltr'><strong>ne</strong></span> <span class='ocrx_word' id='word_1_142' title='bbox 1113 383 1262 411; x_wconf 70' lang='lat' dir='ltr'><strong>dialectica:</strong></span> <span class='ocrx_word' id='word_1_143' title='bbox 1274 386 1384 418; x_wconf 78' lang='lat' dir='ltr'><strong>quidem</strong></span> <span class='ocrx_word' id='word_1_144' title='bbox 1406 385 1480 419; x_wconf 79' lang='lat' dir='ltr'><strong>leges</strong></span> <span class='ocrx_word' id='word_1_145' title='bbox 1505 387 1572 414; x_wconf 85' lang='lat' dir='ltr'><strong>satis</strong></span> <span class='ocrx_word' id='word_1_146' title='bbox 1587 394 1677 413; x_wconf 86' lang='lat' dir='ltr'><strong>serva—</strong></span> 
     </span>
    </p>
   </div>
   <div class='ocr_carea' id='block_1_24' title="bbox 892 429 1680 466">
    <p class='ocr_par' dir='ltr' id='par_1_24' title="bbox 892 429 1680 466">
     <span class='ocr_line' id='line_1_24' title="bbox 892 429 1680 466; baseline 0.005 -10"><span class='ocrx_word' id='word_1_147' title='bbox 892 430 938 456; x_wconf 87' lang='lat' dir='ltr'><strong>rit.</strong></span> <span class='ocrx_word' id='word_1_148' title='bbox 964 429 1124 464; x_wconf 83' lang='lat' dir='ltr'><strong>Quanquam</strong></span> <span class='ocrx_word' id='word_1_149' title='bbox 1149 430 1231 458; x_wconf 87' lang='lat' dir='ltr'><strong>etiam</strong></span> <span class='ocrx_word' id='word_1_150' title='bbox 1258 430 1295 458; x_wconf 87' lang='lat' dir='ltr'><strong>ita</strong></span> <span class='ocrx_word' id='word_1_151' title='bbox 1321 431 1394 458; x_wconf 88' lang='lat' dir='ltr'><strong>utilis</strong></span> <span class='ocrx_word' id='word_1_152' title='bbox 1412 432 1448 459; x_wconf 83' lang='lat' dir='ltr'><strong>sit</strong></span> <span class='ocrx_word' id='word_1_153' title='bbox 1463 432 1515 466; x_wconf 91' lang='lat' dir='ltr'><strong>piis</strong></span> <span class='ocrx_word' id='word_1_154' title='bbox 1527 433 1680 460; x_wconf 80' lang='lat' dir='ltr'><strong>hominibus</strong></span> 
     </span>
    </p>
   </div>
   <div class='ocr_carea' id='block_1_25' title="bbox 892 475 1121 510">
    <p class='ocr_par' dir='ltr' id='par_1_25' title="bbox 892 475 1121 510">
     <span class='ocr_line' id='line_1_25' title="bbox 892 475 1121 510; baseline 0 -8"><span class='ocrx_word' id='word_1_155' title='bbox 892 475 951 503; x_wconf 69' lang='lat' dir='ltr'><strong>haee</strong></span> <span class='ocrx_word' id='word_1_156' title='bbox 964 475 1121 510; x_wconf 84' lang='lat' dir='ltr'><strong>disputatio.</strong></span> 
     </span>
    </p>
   </div>
   <div class='ocr_carea' id='block_1_26' title="bbox 1228 613 1349 644">
    <p class='ocr_par' dir='ltr' id='par_1_26' title="bbox 1228 613 1349 644">
     <span class='ocr_line' id='line_1_26' title="bbox 1228 613 1349 644; baseline 0.008 -1"><span class='ocrx_word' id='word_1_157' title='bbox 1228 613 1349 644; x_wconf 79' lang='lat' dir='ltr'>CXCVI.</span> 
     </span>
    </p>
   </div>
   <div class='ocr_carea' id='block_1_27' title="bbox 1103 653 1468 687">
    <p class='ocr_par' dir='ltr' id='par_1_27' title="bbox 1103 653 1468 687">
     <span class='ocr_line' id='line_1_27' title="bbox 1103 653 1468 687; baseline 0.014 -7"><span class='ocrx_word' id='word_1_158' title='bbox 1103 653 1231 687; x_wconf 78' lang='lat' dir='ltr'><strong>Ephraim</strong></span> <span class='ocrx_word' id='word_1_159' title='bbox 1248 655 1371 684; x_wconf 70' lang='lat' dir='ltr'><strong>Mamilia:</strong></span> <span class='ocrx_word' id='word_1_160' title='bbox 1392 665 1468 685; x_wconf 79' lang='lat' dir='ltr'><strong>xux.</strong></span> 
     </span>
    </p>
   </div>
   <div class='ocr_carea' id='block_1_28' title="bbox 928 701 1679 738">
    <p class='ocr_par' dir='ltr' id='par_1_28' title="bbox 928 701 1679 738">
     <span class='ocr_line' id='line_1_28' title="bbox 928 701 1679 738; baseline 0.005 -11"><span class='ocrx_word' id='word_1_161' title='bbox 928 701 1053 736; x_wconf 76' lang='lat' dir='ltr'><strong>Legimus</strong></span> <span class='ocrx_word' id='word_1_162' title='bbox 1064 703 1151 728; x_wconf 79' lang='lat' dir='ltr'><strong>sancti</strong></span> <span class='ocrx_word' id='word_1_163' title='bbox 1169 701 1295 736; x_wconf 83' lang='lat' dir='ltr'><strong>Ephraim</strong></span> <span class='ocrx_word' id='word_1_164' title='bbox 1307 703 1363 738; x_wconf 79' lang='lat'><strong>(57)</strong></span> <span class='ocrx_word' id='word_1_165' title='bbox 1375 703 1513 731; x_wconf 79' lang='lat' dir='ltr'><strong>Sermones</strong></span> <span class='ocrx_word' id='word_1_166' title='bbox 1528 704 1679 738; x_wconf 86' lang='lat' dir='ltr'><strong>undequin-</strong></span> 
     </span>
    </p>
   </div>
   <div class='ocr_carea' id='block_1_29' title="bbox 891 747 1677 784">
    <p class='ocr_par' dir='ltr' id='par_1_29' title="bbox 891 747 1677 784">
     <span class='ocr_line' id='line_1_29' title="bbox 891 747 1677 784; baseline 0.005 -12"><span class='ocrx_word' id='word_1_167' title='bbox 891 747 1030 780; x_wconf 79' lang='lat' dir='ltr'><strong>quaginta.</strong></span> <span class='ocrx_word' id='word_1_168' title='bbox 1051 747 1170 780; x_wconf 79' lang='lat' dir='ltr'><strong>Quorum</strong></span> <span class='ocrx_word' id='word_1_169' title='bbox 1191 747 1294 781; x_wconf 85' lang='lat' dir='ltr'><strong>primus</strong></span> <span class='ocrx_word' id='word_1_170' title='bbox 1311 749 1369 784; x_wconf 74' lang='lat'><strong>(58;</strong></span> <span class='ocrx_word' id='word_1_171' title='bbox 1385 749 1571 783; x_wconf 87' lang='lat' dir='ltr'><strong>deplorantem</strong></span> <span class='ocrx_word' id='word_1_172' title='bbox 1591 750 1677 783; x_wconf 81' lang='lat' dir='ltr'><strong>ipsum</strong></span> 
     </span>
    </p>
   </div>
   <div class='ocr_carea' id='block_1_30' title="bbox 891 792 1678 828">
    <p class='ocr_par' dir='ltr' id='par_1_30' title="bbox 891 792 1678 828">
     <span class='ocr_line' id='line_1_30' title="bbox 891 792 1678 828; baseline 0.003 -9"><span class='ocrx_word' id='word_1_173' title='bbox 891 792 995 820; x_wconf 88' lang='lat' dir='ltr'><strong>inducit</strong></span> <span class='ocrx_word' id='word_1_174' title='bbox 1027 801 1087 827; x_wconf 67' lang='lat' dir='ltr'><strong>qum</strong></span> <span class='ocrx_word' id='word_1_175' title='bbox 1113 793 1258 821; x_wconf 80' lang='lat' dir='ltr'><strong>admiserat</strong></span> <span class='ocrx_word' id='word_1_176' title='bbox 1290 794 1316 821; x_wconf 89' lang='lat' dir='ltr'><strong>in</strong></span> <span class='ocrx_word' id='word_1_177' title='bbox 1346 795 1420 826; x_wconf 80' lang='lat' dir='ltr'><strong>vita,</strong></span> <span class='ocrx_word' id='word_1_178' title='bbox 1446 799 1472 821; x_wconf 91' lang='lat' dir='ltr'><strong>et</strong></span> <span class='ocrx_word' id='word_1_179' title='bbox 1508 796 1678 828; x_wconf 88' lang='lat' dir='ltr'><strong>sequentium</strong></span> 
     </span>
    </p>
   </div>
   <div class='ocr_carea' id='block_1_31' title="bbox 892 839 1677 875">
    <p class='ocr_par' dir='ltr' id='par_1_31' title="bbox 892 839 1677 875">
     <span class='ocr_line' id='line_1_31' title="bbox 892 839 1677 875; baseline 0.003 -11"><span class='ocrx_word' id='word_1_180' title='bbox 892 839 1018 872; x_wconf 87' lang='lat' dir='ltr'><strong>deinceps</strong></span> <span class='ocrx_word' id='word_1_181' title='bbox 1039 839 1251 866; x_wconf 88' lang='lat' dir='ltr'><strong>admonitionum</strong></span> <span class='ocrx_word' id='word_1_182' title='bbox 1278 840 1380 875; x_wconf 81' lang='lat' dir='ltr'><strong>prologi</strong></span> <span class='ocrx_word' id='word_1_183' title='bbox 1404 840 1489 867; x_wconf 80' lang='lat' dir='ltr'><strong>vicem</strong></span> <span class='ocrx_word' id='word_1_184' title='bbox 1509 841 1620 875; x_wconf 74' lang='lat' dir='ltr'><strong>prrnbct.</strong></span> <span class='ocrx_word' id='word_1_185' title='bbox 1646 841 1677 866; x_wconf 82' lang='lat' dir='ltr'><strong>Ii.</strong></span> 
     </span>
    </p>
   </div>
   <div class='ocr_carea' id='block_1_32' title="bbox 56 875 848 920">
    <p class='ocr_par' dir='ltr' id='par_1_32' title="bbox 56 882 835 920">
     <span class='ocr_line' id='line_1_32' title="bbox 56 882 835 920; baseline 0.004 -11"><span class='ocrx_word' id='word_1_186' title='bbox 56 883 189 909; x_wconf 64' lang='grc' dir='ltr'>εὐσέϐειαν</span> <span class='ocrx_word' id='word_1_187' title='bbox 201 884 215 909; x_wconf 90' lang='lat'><strong>6</strong></span> <span class='ocrx_word' id='word_1_188' title='bbox 233 882 270 910; x_wconf 91' lang='grc' dir='ltr'><strong>Γ¹.</strong></span> <span class='ocrx_word' id='word_1_189' title='bbox 296 884 325 910; x_wconf 87' lang='lat'><strong>&#39;0</strong></span> <span class='ocrx_word' id='word_1_190' title='bbox 340 883 368 910; x_wconf 82' lang='grc' dir='ltr'>δὲ</span> <span class='ocrx_word' id='word_1_191' title='bbox 382 885 408 910; x_wconf 84' lang='grc' dir='ltr'><strong>Δ¹</strong></span> <span class='ocrx_word' id='word_1_192' title='bbox 420 885 483 916; x_wconf 76' lang='grc' dir='ltr'>τοὺς</span> <span class='ocrx_word' id='word_1_193' title='bbox 509 884 564 910; x_wconf 84' lang='grc' dir='ltr'><strong>τῶν</strong></span> <span class='ocrx_word' id='word_1_194' title='bbox 583 885 708 920; x_wconf 79' lang='grc' dir='ltr'>μοναχῶν</span> <span class='ocrx_word' id='word_1_195' title='bbox 726 886 835 920; x_wconf 72' lang='grc' dir='ltr'>εἰσαγο-</span> 
     </span>
    </p>
   </div>
   <div class='ocr_carea' id='block_1_33' title="bbox 892 875 1678 920">
    <p class='ocr_par' dir='ltr' id='par_1_33' title="bbox 892 883 1678 919">
     <span class='ocr_line' id='line_1_33' title="bbox 892 883 1678 919; baseline 0.001 -9"><span class='ocrx_word' id='word_1_196' title='bbox 892 883 1038 911; x_wconf 79' lang='lat' dir='ltr'><strong>Fratribus</strong></span> <span class='ocrx_word' id='word_1_197' title='bbox 1054 885 1080 911; x_wconf 93' lang='lat' dir='ltr'><strong>in</strong></span> <span class='ocrx_word' id='word_1_198' title='bbox 1094 885 1219 912; x_wconf 74' lang='lat' dir='ltr'><strong>cmuobio</strong></span> <span class='ocrx_word' id='word_1_199' title='bbox 1230 885 1391 919; x_wconf 75' lang='lat' dir='ltr'><strong>degentibus</strong></span> <span class='ocrx_word' id='word_1_200' title='bbox 1402 886 1617 912; x_wconf 81' lang='lat' dir='ltr'><strong>adhortatioest.</strong></span> <span class='ocrx_word' id='word_1_201' title='bbox 1633 885 1678 911; x_wconf 77' lang='lat' dir='ltr'><strong>ill.</strong></span> 
     </span>
    </p>
   </div>
   <div class='ocr_carea' id='block_1_34' title="bbox 56 931 835 966">
    <p class='ocr_par' dir='ltr' id='par_1_34' title="bbox 56 931 835 966">
     <span class='ocr_line' id='line_1_34' title="bbox 56 931 835 966; baseline 0.004 -10"><span class='ocrx_word' id='word_1_202' title='bbox 56 932 145 964; x_wconf 78' lang='grc' dir='ltr'>μένους</span> <span class='ocrx_word' id='word_1_203' title='bbox 157 933 298 966; x_wconf 76' lang='grc' dir='ltr'>στοιχειοῖ,</span> <span class='ocrx_word' id='word_1_204' title='bbox 320 931 367 958; x_wconf 70' lang='grc' dir='ltr'>καὶ</span> <span class='ocrx_word' id='word_1_205' title='bbox 382 933 396 958; x_wconf 92' lang='lat'><strong>6</strong></span> <span class='ocrx_word' id='word_1_206' title='bbox 407 932 433 958; x_wconf 85' lang='lat' dir='ltr'><strong>E’</strong></span> <span class='ocrx_word' id='word_1_207' title='bbox 449 933 497 959; x_wconf 76' lang='grc' dir='ltr'>καὶ</span> <span class='ocrx_word' id='word_1_208' title='bbox 507 933 520 958; x_wconf 87' lang='lat'><strong>6</strong></span> <span class='ocrx_word' id='word_1_209' title='bbox 533 932 569 966; x_wconf 64' lang='grc' dir='ltr'><strong>(τ’</strong></span> <span class='ocrx_word' id='word_1_210' title='bbox 584 932 631 959; x_wconf 68' lang='grc' dir='ltr'><strong>καὶ</strong></span> <span class='ocrx_word' id='word_1_211' title='bbox 644 934 658 959; x_wconf 90' lang='lat'><strong>6</strong></span> <span class='ocrx_word' id='word_1_212' title='bbox 670 934 697 960; x_wconf 92' lang='lat' dir='ltr'>Z&#39;</span> <span class='ocrx_word' id='word_1_213' title='bbox 715 932 762 959; x_wconf 76' lang='grc' dir='ltr'>καὶ</span> <span class='ocrx_word' id='word_1_214' title='bbox 781 934 795 960; x_wconf 88' lang='lat'><strong>6</strong></span> <span class='ocrx_word' id='word_1_215' title='bbox 806 933 835 959; x_wconf 87' lang='lat' dir='ltr'><strong>H’</strong></span> 
     </span>
    </p>
   </div>
   <div class='ocr_carea' id='block_1_35' title="bbox 55 977 836 1010">
    <p class='ocr_par' dir='ltr' id='par_1_35' title="bbox 55 977 836 1010">
     <span class='ocr_line' id='line_1_35' title="bbox 55 977 836 1010; baseline 0.003 -7"><span class='ocrx_word' id='word_1_216' title='bbox 55 979 95 1003; x_wconf 75' lang='grc' dir='ltr'><strong>καὶ</strong></span> <span class='ocrx_word' id='word_1_217' title='bbox 108 979 122 1004; x_wconf 87' lang='grc' dir='ltr'>ὁ</span> <span class='ocrx_word' id='word_1_218' title='bbox 133 977 173 1004; x_wconf 89' lang='grc' dir='ltr'><strong>Θ’.</strong></span> <span class='ocrx_word' id='word_1_219' title='bbox 191 977 338 1004; x_wconf 81' lang='grc' dir='ltr'>Ἐπίκοινοι</span> <span class='ocrx_word' id='word_1_220' title='bbox 351 978 363 993; x_wconf 77' lang='grc'><strong>⁸</strong></span> <span class='ocrx_word' id='word_1_221' title='bbox 377 977 407 1004; x_wconf 82' lang='grc' dir='ltr'>δέ</span> <span class='ocrx_word' id='word_1_222' title='bbox 420 987 479 1010; x_wconf 83' lang='grc' dir='ltr'><strong>πως</strong></span> <span class='ocrx_word' id='word_1_223' title='bbox 491 979 504 1004; x_wconf 98' lang='lat'><strong>6</strong></span> <span class='ocrx_word' id='word_1_224' title='bbox 513 977 529 1004; x_wconf 88' lang='lat' dir='ltr'>I&#39;</span> <span class='ocrx_word' id='word_1_225' title='bbox 543 978 591 1005; x_wconf 72' lang='grc' dir='ltr'>καὶ</span> <span class='ocrx_word' id='word_1_226' title='bbox 601 980 614 1005; x_wconf 91' lang='lat'><strong>6</strong></span> <span class='ocrx_word' id='word_1_227' title='bbox 629 979 670 1005; x_wconf 75' lang='lat' dir='ltr'><strong>IA’</strong></span> <span class='ocrx_word' id='word_1_228' title='bbox 681 980 691 995; x_wconf 81' lang='grc'><strong>⁹</strong></span> <span class='ocrx_word' id='word_1_229' title='bbox 701 979 748 1005; x_wconf 80' lang='grc' dir='ltr'>καὶ</span> <span class='ocrx_word' id='word_1_230' title='bbox 760 980 774 1005; x_wconf 94' lang='lat'><strong>6</strong></span> <span class='ocrx_word' id='word_1_231' title='bbox 786 979 836 1006; x_wconf 68' lang='grc' dir='ltr'>ΙΒί.</span> 
     </span>
    </p>
   </div>
   <div class='ocr_carea' id='block_1_36' title="bbox 54 1023 838 1058">
    <p class='ocr_par' dir='ltr' id='par_1_36' title="bbox 54 1023 838 1058">
     <span class='ocr_line' id='line_1_36' title="bbox 54 1023 838 1058; baseline 0.004 -10"><span class='ocrx_word' id='word_1_232' title='bbox 54 1023 236 1057; x_wconf 75' lang='grc' dir='ltr'>Εἰσαγωγικὸς</span> <span class='ocrx_word' id='word_1_233' title='bbox 253 1024 279 1039; x_wconf 76' lang='grc'><strong>¹⁰</strong></span> <span class='ocrx_word' id='word_1_234' title='bbox 299 1023 324 1049; x_wconf 88' lang='grc' dir='ltr'>δ’</span> <span class='ocrx_word' id='word_1_235' title='bbox 349 1023 449 1058; x_wconf 80' lang='grc' dir='ltr'>ὁμοίως</span> <span class='ocrx_word' id='word_1_236' title='bbox 477 1024 525 1050; x_wconf 73' lang='grc' dir='ltr'><strong>καὶ</strong></span> <span class='ocrx_word' id='word_1_237' title='bbox 548 1025 562 1051; x_wconf 92' lang='lat'><strong>6</strong></span> <span class='ocrx_word' id='word_1_238' title='bbox 592 1024 630 1051; x_wconf 81' lang='lat' dir='ltr'>II&quot;</span> <span class='ocrx_word' id='word_1_239' title='bbox 655 1025 703 1051; x_wconf 72' lang='grc' dir='ltr'><strong>καὶ</strong></span> <span class='ocrx_word' id='word_1_240' title='bbox 728 1025 806 1058; x_wconf 81' lang='grc' dir='ltr'><strong>61Δ’,</strong></span> <span class='ocrx_word' id='word_1_241' title='bbox 824 1026 838 1051; x_wconf 83' lang='grc' dir='ltr'><strong>ὅ</strong></span> 
     </span>
    </p>
   </div>
   <div class='ocr_carea' id='block_1_37' title="bbox 58 1069 836 1102">
    <p class='ocr_par' dir='ltr' id='par_1_37' title="bbox 58 1069 836 1102">
     <span class='ocr_line' id='line_1_37' title="bbox 58 1069 836 1102; baseline 0.003 -7"><span class='ocrx_word' id='word_1_242' title='bbox 58 1078 78 1094; x_wconf 70' lang='lat'><strong>:2</strong></span> <span class='ocrx_word' id='word_1_243' title='bbox 93 1069 130 1095; x_wconf 82' lang='lat' dir='ltr'><strong>IE&#39;</strong></span> <span class='ocrx_word' id='word_1_244' title='bbox 143 1069 194 1096; x_wconf 75' lang='grc' dir='ltr'>καὶ</span> <span class='ocrx_word' id='word_1_245' title='bbox 212 1070 261 1102; x_wconf 73' lang='grc' dir='ltr'><strong>1ῗῖ¹</strong></span> <span class='ocrx_word' id='word_1_246' title='bbox 277 1070 324 1096; x_wconf 72' lang='grc' dir='ltr'>καὶ</span> <span class='ocrx_word' id='word_1_247' title='bbox 340 1070 434 1096; x_wconf 74' lang='lat' dir='ltr'><strong>lZ’xai.</strong></span> <span class='ocrx_word' id='word_1_248' title='bbox 448 1071 491 1096; x_wconf 82' lang='lat' dir='ltr'><strong>lH’</strong></span> <span class='ocrx_word' id='word_1_249' title='bbox 503 1071 550 1097; x_wconf 75' lang='grc' dir='ltr'>καὶ</span> <span class='ocrx_word' id='word_1_250' title='bbox 559 1070 598 1097; x_wconf 80' lang='lat' dir='ltr'><strong>i9‘</strong></span> <span class='ocrx_word' id='word_1_251' title='bbox 610 1071 632 1086; x_wconf 82' lang='lat'>“</span> <span class='ocrx_word' id='word_1_252' title='bbox 649 1071 702 1102; x_wconf 78' lang='grc' dir='ltr'>ἕως</span> <span class='ocrx_word' id='word_1_253' title='bbox 714 1070 761 1097; x_wconf 77' lang='grc' dir='ltr'>τοῦ</span> <span class='ocrx_word' id='word_1_254' title='bbox 773 1071 836 1098; x_wconf 88' lang='grc' dir='ltr'><strong>ΚΓ’.</strong></span> 
     </span>
    </p>
   </div>
   <div class='ocr_carea' id='block_1_38' title="bbox 55 1113 837 1151">
    <p class='ocr_par' dir='ltr' id='par_1_38' title="bbox 55 1113 837 1151">
     <span class='ocr_line' id='line_1_38' title="bbox 55 1113 837 1151; baseline 0.005 -11"><span class='ocrx_word' id='word_1_255' title='bbox 55 1113 113 1141; x_wconf 78' lang='grc' dir='ltr'>Εἶτα</span> <span class='ocrx_word' id='word_1_256' title='bbox 122 1115 137 1140; x_wconf 97' lang='lat'><strong>6</strong></span> <span class='ocrx_word' id='word_1_257' title='bbox 151 1115 216 1149; x_wconf 78' lang='grc' dir='ltr'><strong>ἑξῆς</strong></span> <span class='ocrx_word' id='word_1_258' title='bbox 228 1116 321 1151; x_wconf 79' lang='grc' dir='ltr'>κοινὴν</span> <span class='ocrx_word' id='word_1_259' title='bbox 332 1117 494 1151; x_wconf 79' lang='grc' dir='ltr'>παραίνεσιν</span> <span class='ocrx_word' id='word_1_260' title='bbox 504 1117 674 1151; x_wconf 71' lang='grc' dir='ltr'>ἀπογράφει.</span> <span class='ocrx_word' id='word_1_261' title='bbox 692 1117 721 1143; x_wconf 90' lang='lat'><strong>&#39;0</strong></span> <span class='ocrx_word' id='word_1_262' title='bbox 730 1117 758 1143; x_wconf 84' lang='grc' dir='ltr'>δὲ</span> <span class='ocrx_word' id='word_1_263' title='bbox 771 1117 837 1150; x_wconf 83' lang='lat' dir='ltr'><strong>KE’,</strong></span> 
     </span>
    </p>
   </div>
   <div class='ocr_carea' id='block_1_39' title="bbox 53 1160 836 1198">
    <p class='ocr_par' dir='ltr' id='par_1_39' title="bbox 53 1160 836 1198">
     <span class='ocr_line' id='line_1_39' title="bbox 53 1160 836 1198; baseline 0.004 -12"><span class='ocrx_word' id='word_1_264' title='bbox 53 1161 88 1186; x_wconf 80' lang='grc' dir='ltr'>ὃτι</span> <span class='ocrx_word' id='word_1_265' title='bbox 107 1161 145 1195; x_wconf 83' lang='grc' dir='ltr'>μὴ</span> <span class='ocrx_word' id='word_1_266' title='bbox 156 1160 199 1186; x_wconf 83' lang='grc' dir='ltr'><strong>δεῖ</strong></span> <span class='ocrx_word' id='word_1_267' title='bbox 207 1161 308 1193; x_wconf 85' lang='grc' dir='ltr'>τόπους</span> <span class='ocrx_word' id='word_1_268' title='bbox 322 1162 459 1196; x_wconf 56' lang='grc' dir='ltr'>ἁμάδειν,</span> <span class='ocrx_word' id='word_1_269' title='bbox 470 1162 520 1198; x_wconf 82' lang='grc' dir='ltr'>τὴν</span> <span class='ocrx_word' id='word_1_270' title='bbox 533 1163 695 1198; x_wconf 81' lang='grc' dir='ltr'>παραίνεσιν</span> <span class='ocrx_word' id='word_1_271' title='bbox 707 1164 836 1190; x_wconf 83' lang='grc' dir='ltr'>ποιεῖται.</span> 
     </span>
    </p>
   </div>
   <div class='ocr_carea' id='block_1_40' title="bbox 59 1206 837 1242">
    <p class='ocr_par' dir='ltr' id='par_1_40' title="bbox 59 1206 837 1242">
     <span class='ocr_line' id='line_1_40' title="bbox 59 1206 837 1242; baseline 0.004 -10"><span class='ocrx_word' id='word_1_272' title='bbox 59 1206 83 1232; x_wconf 87' lang='grc'><strong>’0</strong></span> <span class='ocrx_word' id='word_1_273' title='bbox 96 1207 123 1232; x_wconf 76' lang='grc' dir='ltr'>δὲ</span> <span class='ocrx_word' id='word_1_274' title='bbox 137 1207 208 1238; x_wconf 83' lang='lat' dir='ltr'><strong>Kﬂ&#39;,</strong></span> <span class='ocrx_word' id='word_1_275' title='bbox 224 1207 265 1233; x_wconf 78' lang='grc' dir='ltr'>ὅτι</span> <span class='ocrx_word' id='word_1_276' title='bbox 280 1207 319 1242; x_wconf 85' lang='grc' dir='ltr'>μὴ</span> <span class='ocrx_word' id='word_1_277' title='bbox 335 1207 377 1233; x_wconf 97' lang='grc' dir='ltr'><strong>δεῖ</strong></span> <span class='ocrx_word' id='word_1_278' title='bbox 390 1207 435 1234; x_wconf 82' lang='grc' dir='ltr'><strong>τὸν</strong></span> <span class='ocrx_word' id='word_1_279' title='bbox 456 1208 616 1235; x_wconf 75' lang='grc' dir='ltr'>ἀποστάντα</span> <span class='ocrx_word' id='word_1_280' title='bbox 631 1209 680 1235; x_wconf 85' lang='grc' dir='ltr'><strong>τοῦ</strong></span> <span class='ocrx_word' id='word_1_281' title='bbox 703 1209 837 1236; x_wconf 81' lang='grc' dir='ltr'>κοινοὸίου</span> 
     </span>
    </p>
   </div>
   <div class='ocr_carea' id='block_1_41' title="bbox 53 1252 838 1290">
    <p class='ocr_par' dir='ltr' id='par_1_41' title="bbox 53 1252 838 1290">
     <span class='ocr_line' id='line_1_41' title="bbox 53 1252 838 1290; baseline 0.005 -12"><span class='ocrx_word' id='word_1_282' title='bbox 53 1252 257 1286; x_wconf 67' lang='grc' dir='ltr'><strong>ὑποστρέφοντα</strong></span> <span class='ocrx_word' id='word_1_283' title='bbox 274 1254 323 1280; x_wconf 80' lang='grc' dir='ltr'>καὶ</span> <span class='ocrx_word' id='word_1_284' title='bbox 345 1253 584 1290; x_wconf 78' lang='grc' dir='ltr'>μεταϐαλλόμενον</span> <span class='ocrx_word' id='word_1_285' title='bbox 606 1255 786 1282; x_wconf 79' lang='grc' dir='ltr'>ἀπωθεῖσθαι.</span> <span class='ocrx_word' id='word_1_286' title='bbox 809 1255 838 1281; x_wconf 79' lang='grc'><strong>’0</strong></span> 
     </span>
    </p>
   </div>
   <div class='ocr_carea' id='block_1_42' title="bbox 52 1298 838 1335">
    <p class='ocr_par' dir='ltr' id='par_1_42' title="bbox 52 1298 838 1335">
     <span class='ocr_line' id='line_1_42' title="bbox 52 1298 838 1335; baseline 0.005 -12"><span class='ocrx_word' id='word_1_287' title='bbox 52 1298 77 1324; x_wconf 76' lang='grc' dir='ltr'><strong>Ξὲ</strong></span> <span class='ocrx_word' id='word_1_288' title='bbox 91 1298 144 1324; x_wconf 79' lang='grc' dir='ltr'><strong>Ιίθ¹</strong></span> <span class='ocrx_word' id='word_1_289' title='bbox 155 1299 188 1330; x_wconf 78' lang='grc' dir='ltr'>ἐξ</span> <span class='ocrx_word' id='word_1_290' title='bbox 203 1298 326 1334; x_wconf 73' lang='grc' dir='ltr'><strong>ἱστορίας</strong></span> <span class='ocrx_word' id='word_1_291' title='bbox 336 1300 524 1335; x_wconf 84' lang='grc' dir='ltr'>γεγενημένης</span> <span class='ocrx_word' id='word_1_292' title='bbox 532 1298 587 1327; x_wconf 72' lang='grc' dir='ltr'>οἶόν</span> <span class='ocrx_word' id='word_1_293' title='bbox 602 1302 659 1327; x_wconf 80' lang='grc' dir='ltr'>ἐστι</span> <span class='ocrx_word' id='word_1_294' title='bbox 670 1301 755 1327; x_wconf 76' lang='grc' dir='ltr'>κακὸν</span> <span class='ocrx_word' id='word_1_295' title='bbox 765 1309 838 1335; x_wconf 85' lang='grc' dir='ltr'>παρ-</span> 
     </span>
    </p>
   </div>
   <div class='ocr_carea' id='block_1_43' title="bbox 53 1343 838 1380">
    <p class='ocr_par' dir='ltr' id='par_1_43' title="bbox 53 1343 838 1380">
     <span class='ocr_line' id='line_1_43' title="bbox 53 1343 838 1380; baseline 0.005 -12"><span class='ocrx_word' id='word_1_296' title='bbox 53 1343 153 1378; x_wconf 69' lang='grc' dir='ltr'>ίστησιν</span> <span class='ocrx_word' id='word_1_297' title='bbox 174 1344 192 1378; x_wconf 81' lang='grc' dir='ltr'>ἡ</span> <span class='ocrx_word' id='word_1_298' title='bbox 225 1344 363 1380; x_wconf 75' lang='grc' dir='ltr'>παρακοὴ,</span> <span class='ocrx_word' id='word_1_299' title='bbox 388 1345 435 1371; x_wconf 79' lang='grc' dir='ltr'>καὶ</span> <span class='ocrx_word' id='word_1_300' title='bbox 451 1345 493 1371; x_wconf 78' lang='grc' dir='ltr'>ὅτι</span> <span class='ocrx_word' id='word_1_301' title='bbox 511 1345 533 1360; x_wconf 83' lang='grc'>¹¹</span> <span class='ocrx_word' id='word_1_302' title='bbox 550 1345 591 1371; x_wconf 89' lang='grc' dir='ltr'><strong>δεῖ</strong></span> <span class='ocrx_word' id='word_1_303' title='bbox 608 1345 654 1372; x_wconf 81' lang='grc' dir='ltr'><strong>τὸν</strong></span> <span class='ocrx_word' id='word_1_304' title='bbox 674 1346 838 1380; x_wconf 77' lang='grc' dir='ltr'>Χριστιανὸν</span> 
     </span>
    </p>
   </div>
   <div class='ocr_carea' id='block_1_44' title="bbox 52 1389 839 1425">
    <p class='ocr_par' dir='ltr' id='par_1_44' title="bbox 52 1389 839 1425">
     <span class='ocr_line' id='line_1_44' title="bbox 52 1389 839 1425; baseline 0.006 -11"><span class='ocrx_word' id='word_1_305' title='bbox 52 1389 228 1424; x_wconf 78' lang='grc' dir='ltr'>μακρόθυμον</span> <span class='ocrx_word' id='word_1_306' title='bbox 251 1389 301 1416; x_wconf 72' lang='grc' dir='ltr'>καὶ</span> <span class='ocrx_word' id='word_1_307' title='bbox 325 1390 510 1425; x_wconf 81' lang='grc' dir='ltr'>μνησικακίας</span> <span class='ocrx_word' id='word_1_308' title='bbox 526 1390 645 1425; x_wconf 78' lang='grc' dir='ltr'><strong>κρείττω</strong></span> <span class='ocrx_word' id='word_1_309' title='bbox 666 1389 746 1419; x_wconf 83' lang='grc' dir='ltr'>εἶναι.</span> <span class='ocrx_word' id='word_1_310' title='bbox 761 1393 794 1418; x_wconf 86' lang='lat'><strong>&#39;0</strong></span> <span class='ocrx_word' id='word_1_311' title='bbox 809 1391 839 1418; x_wconf 81' lang='lat' dir='ltr'>A&#39;</span> 
     </span>
    </p>
   </div>
   <div class='ocr_carea' id='block_1_45' title="bbox 51 1435 840 1471">
    <p class='ocr_par' dir='ltr' id='par_1_45' title="bbox 51 1435 840 1471">
     <span class='ocr_line' id='line_1_45' title="bbox 51 1435 840 1471; baseline 0.005 -11"><span class='ocrx_word' id='word_1_312' title='bbox 51 1436 109 1470; x_wconf 67' lang='grc' dir='ltr'>περὶ</span> <span class='ocrx_word' id='word_1_313' title='bbox 127 1435 238 1468; x_wconf 77' lang='grc' dir='ltr'>παθῶν,</span> <span class='ocrx_word' id='word_1_314' title='bbox 258 1436 300 1461; x_wconf 79' lang='grc' dir='ltr'><strong>ὅτι</strong></span> <span class='ocrx_word' id='word_1_315' title='bbox 311 1435 350 1462; x_wconf 84' lang='grc' dir='ltr'><strong>δεῖ</strong></span> <span class='ocrx_word' id='word_1_316' title='bbox 370 1436 481 1471; x_wconf 80' lang='grc' dir='ltr'>φεύγειν</span> <span class='ocrx_word' id='word_1_317' title='bbox 493 1437 575 1463; x_wconf 77' lang='grc' dir='ltr'>αὐτὰ.</span> <span class='ocrx_word' id='word_1_318' title='bbox 601 1437 629 1464; x_wconf 88' lang='grc' dir='ltr'>Ὀ</span> <span class='ocrx_word' id='word_1_319' title='bbox 645 1438 698 1464; x_wconf 82' lang='lat' dir='ltr'><strong>AA&#39;</strong></span> <span class='ocrx_word' id='word_1_320' title='bbox 711 1438 749 1469; x_wconf 81' lang='grc' dir='ltr'>ὡς</span> <span class='ocrx_word' id='word_1_321' title='bbox 767 1437 788 1453; x_wconf 82' lang='grc'><strong>¹³</strong></span> <span class='ocrx_word' id='word_1_322' title='bbox 800 1438 840 1464; x_wconf 87' lang='grc' dir='ltr'>δεῖ</span> 
     </span>
    </p>
   </div>
   <div class='ocr_carea' id='block_1_46' title="bbox 50 1482 840 1518">
    <p class='ocr_par' dir='ltr' id='par_1_46' title="bbox 50 1482 840 1518">
     <span class='ocr_line' id='line_1_46' title="bbox 50 1482 840 1518; baseline 0.004 -11"><span class='ocrx_word' id='word_1_323' title='bbox 50 1482 107 1513; x_wconf 71' lang='grc' dir='ltr'>τοὺς</span> <span class='ocrx_word' id='word_1_324' title='bbox 121 1482 326 1518; x_wconf 77' lang='grc' dir='ltr'>ὀλιγωροῦντας</span> <span class='ocrx_word' id='word_1_325' title='bbox 351 1484 533 1516; x_wconf 83' lang='grc' dir='ltr'>παρακαλεῖν.</span> <span class='ocrx_word' id='word_1_326' title='bbox 554 1483 584 1510; x_wconf 89' lang='lat'><strong>&#39;0</strong></span> <span class='ocrx_word' id='word_1_327' title='bbox 599 1483 651 1510; x_wconf 85' lang='lat' dir='ltr'>AB&#39;</span> <span class='ocrx_word' id='word_1_328' title='bbox 671 1484 710 1515; x_wconf 76' lang='grc' dir='ltr'>ὡς</span> <span class='ocrx_word' id='word_1_329' title='bbox 725 1485 754 1510; x_wconf 78' lang='grc' dir='ltr'>ὲν</span> <span class='ocrx_word' id='word_1_330' title='bbox 765 1484 840 1510; x_wconf 82' lang='grc' dir='ltr'>ἀντι-</span> 
     </span>
    </p>
   </div>
   <div class='ocr_carea' id='block_1_47' title="bbox 888 930 1679 966">
    <p class='ocr_par' dir='ltr' id='par_1_47' title="bbox 888 930 1679 966">
     <span class='ocr_line' id='line_1_47' title="bbox 888 930 1679 966; baseline 0 -10"><span class='ocrx_word' id='word_1_331' title='bbox 888 930 929 957; x_wconf 84' lang='lat' dir='ltr'><strong>Ad</strong></span> <span class='ocrx_word' id='word_1_332' title='bbox 946 931 1074 964; x_wconf 83' lang='lat' dir='ltr'><strong>pietatem</strong></span> <span class='ocrx_word' id='word_1_333' title='bbox 1090 930 1197 957; x_wconf 86' lang='lat' dir='ltr'><strong>invitat.</strong></span> <span class='ocrx_word' id='word_1_334' title='bbox 1212 930 1254 957; x_wconf 92' lang='lat' dir='ltr'><strong>IV.</strong></span> <span class='ocrx_word' id='word_1_335' title='bbox 1269 930 1320 957; x_wconf 88' lang='lat' dir='ltr'><strong>Eos</strong></span> <span class='ocrx_word' id='word_1_336' title='bbox 1336 931 1404 966; x_wconf 78' lang='lat'><strong>(58‘)</strong></span> <span class='ocrx_word' id='word_1_337' title='bbox 1421 932 1466 966; x_wconf 89' lang='lat' dir='ltr'><strong>qui</strong></span> <span class='ocrx_word' id='word_1_338' title='bbox 1486 933 1518 957; x_wconf 87' lang='lat' dir='ltr'><strong>ad</strong></span> <span class='ocrx_word' id='word_1_339' title='bbox 1531 933 1679 958; x_wconf 78' lang='lat' dir='ltr'><strong>monachos</strong></span> 
     </span>
    </p>
   </div>
   <div class='ocr_carea' id='block_1_48' title="bbox 888 976 1678 1011">
    <p class='ocr_par' dir='ltr' id='par_1_48' title="bbox 888 976 1678 1011">
     <span class='ocr_line' id='line_1_48' title="bbox 888 976 1678 1011; baseline 0 -9"><span class='ocrx_word' id='word_1_340' title='bbox 888 977 1004 1011; x_wconf 88' lang='lat' dir='ltr'><strong>primum</strong></span> <span class='ocrx_word' id='word_1_341' title='bbox 1031 977 1210 1008; x_wconf 86' lang='lat' dir='ltr'><strong>adducuntur,</strong></span> <span class='ocrx_word' id='word_1_342' title='bbox 1236 977 1392 1003; x_wconf 76' lang='lat' dir='ltr'><strong>informat:</strong></span> <span class='ocrx_word' id='word_1_343' title='bbox 1418 982 1445 1004; x_wconf 94' lang='lat' dir='ltr'><strong>ut</strong></span> <span class='ocrx_word' id='word_1_344' title='bbox 1467 978 1549 1004; x_wconf 87' lang='lat' dir='ltr'><strong>etiam</strong></span> <span class='ocrx_word' id='word_1_345' title='bbox 1570 976 1603 1008; x_wconf 86' lang='lat' dir='ltr'><strong>V,</strong></span> <span class='ocrx_word' id='word_1_346' title='bbox 1635 976 1678 1006; x_wconf 83' lang='lat' dir='ltr'><strong>VI.</strong></span> 
     </span>
    </p>
   </div>
   <div class='ocr_carea' id='block_1_49' title="bbox 890 1021 1680 1057">
    <p class='ocr_par' dir='ltr' id='par_1_49' title="bbox 890 1021 1680 1057">
     <span class='ocr_line' id='line_1_49' title="bbox 890 1021 1680 1057; baseline -0.001 -8"><span class='ocrx_word' id='word_1_347' title='bbox 890 1022 947 1054; x_wconf 89' lang='lat' dir='ltr'>VII,</span> <span class='ocrx_word' id='word_1_348' title='bbox 970 1027 998 1049; x_wconf 89' lang='lat' dir='ltr'><strong>et</strong></span> <span class='ocrx_word' id='word_1_349' title='bbox 1013 1021 1078 1054; x_wconf 88' lang='lat' dir='ltr'><strong>Vili,</strong></span> <span class='ocrx_word' id='word_1_350' title='bbox 1103 1022 1201 1057; x_wconf 84' lang='lat' dir='ltr'><strong>quibus</strong></span> <span class='ocrx_word' id='word_1_351' title='bbox 1223 1029 1250 1050; x_wconf 87' lang='lat' dir='ltr'><strong>et</strong></span> <span class='ocrx_word' id='word_1_352' title='bbox 1266 1023 1300 1053; x_wconf 83' lang='lat' dir='ltr'>X,</span> <span class='ocrx_word' id='word_1_353' title='bbox 1326 1024 1524 1057; x_wconf 83' lang='lat' dir='ltr'><strong>quodammodo</strong></span> <span class='ocrx_word' id='word_1_354' title='bbox 1541 1022 1680 1049; x_wconf 63' lang='lat' dir='ltr'><strong>consentit.</strong></span> 
     </span>
    </p>
   </div>
   <div class='ocr_carea' id='block_1_50' title="bbox 889 1068 1680 1103">
    <p class='ocr_par' dir='ltr' id='par_1_50' title="bbox 889 1068 1680 1103">
     <span class='ocr_line' id='line_1_50' title="bbox 889 1068 1680 1103; baseline 0.001 -9"><span class='ocrx_word' id='word_1_355' title='bbox 889 1074 970 1103; x_wconf 86' lang='lat' dir='ltr'><strong>atque</strong></span> <span class='ocrx_word' id='word_1_356' title='bbox 997 1068 1030 1095; x_wconf 90' lang='lat' dir='ltr'><strong>XI</strong></span> <span class='ocrx_word' id='word_1_357' title='bbox 1054 1069 1122 1103; x_wconf 62' lang='grc' dir='ltr'><strong>(εςθ).</strong></span> <span class='ocrx_word' id='word_1_358' title='bbox 1147 1068 1203 1101; x_wconf 91' lang='lat' dir='ltr'><strong>Xii,</strong></span> <span class='ocrx_word' id='word_1_359' title='bbox 1235 1069 1358 1095; x_wconf 89' lang='lat' dir='ltr'><strong>similiter</strong></span> <span class='ocrx_word' id='word_1_360' title='bbox 1385 1069 1597 1096; x_wconf 86' lang='lat' dir='ltr'><strong>introductorius</strong></span> <span class='ocrx_word' id='word_1_361' title='bbox 1625 1075 1680 1100; x_wconf 73' lang='lat' dir='ltr'><strong>est.</strong></span> 
     </span>
    </p>
   </div>
   <div class='ocr_carea' id='block_1_51' title="bbox 888 1113 1679 1148">
    <p class='ocr_par' dir='ltr' id='par_1_51' title="bbox 888 1113 1679 1148">
     <span class='ocr_line' id='line_1_51' title="bbox 888 1113 1679 1148; baseline -0.003 -7"><span class='ocrx_word' id='word_1_362' title='bbox 888 1117 917 1141; x_wconf 84' lang='lat' dir='ltr'><strong>et</strong></span> <span class='ocrx_word' id='word_1_363' title='bbox 943 1113 1012 1146; x_wconf 93' lang='lat' dir='ltr'><strong>Xlil,</strong></span> <span class='ocrx_word' id='word_1_364' title='bbox 1038 1113 1111 1145; x_wconf 86' lang='lat' dir='ltr'>XIV,</span> <span class='ocrx_word' id='word_1_365' title='bbox 1126 1114 1183 1145; x_wconf 88' lang='lat' dir='ltr'>XV,</span> <span class='ocrx_word' id='word_1_366' title='bbox 1201 1113 1270 1145; x_wconf 90' lang='lat' dir='ltr'>XVI,</span> <span class='ocrx_word' id='word_1_367' title='bbox 1294 1113 1373 1145; x_wconf 92' lang='lat' dir='ltr'>XVII,</span> <span class='ocrx_word' id='word_1_368' title='bbox 1391 1113 1486 1146; x_wconf 86' lang='lat' dir='ltr'>XVIII,</span> <span class='ocrx_word' id='word_1_369' title='bbox 1503 1113 1571 1145; x_wconf 86' lang='lat' dir='ltr'>XIX,</span> <span class='ocrx_word' id='word_1_370' title='bbox 1593 1121 1679 1148; x_wconf 89' lang='lat' dir='ltr'><strong>usque</strong></span> 
     </span>
    </p>
   </div>
   <div class='ocr_carea' id='block_1_52' title="bbox 890 1159 1679 1194">
    <p class='ocr_par' dir='ltr' id='par_1_52' title="bbox 890 1159 1679 1194">
     <span class='ocr_line' id='line_1_52' title="bbox 890 1159 1679 1194; baseline -0.003 -7"><span class='ocrx_word' id='word_1_371' title='bbox 890 1161 922 1187; x_wconf 87' lang='lat' dir='ltr'><strong>ad</strong></span> <span class='ocrx_word' id='word_1_372' title='bbox 946 1159 1029 1186; x_wconf 90' lang='lat' dir='ltr'>XXIII</span> <span class='ocrx_word' id='word_1_373' title='bbox 1042 1160 1110 1194; x_wconf 80' lang='lat'>(60).</span> <span class='ocrx_word' id='word_1_374' title='bbox 1147 1159 1212 1186; x_wconf 85' lang='lat' dir='ltr'><strong>Nam</strong></span> <span class='ocrx_word' id='word_1_375' title='bbox 1235 1160 1280 1194; x_wconf 89' lang='lat' dir='ltr'><strong>qui</strong></span> <span class='ocrx_word' id='word_1_376' title='bbox 1306 1160 1431 1194; x_wconf 82' lang='lat' dir='ltr'><strong>deinceps</strong></span> <span class='ocrx_word' id='word_1_377' title='bbox 1454 1161 1585 1194; x_wconf 81' lang='lat' dir='ltr'><strong>sequitur,</strong></span> <span class='ocrx_word' id='word_1_378' title='bbox 1604 1168 1679 1185; x_wconf 65' lang='lat' dir='ltr'><strong>i&#39;inn-</strong></span> 
     </span>
    </p>
   </div>
   <div class='ocr_carea' id='block_1_53' title="bbox 888 1205 1677 1241">
    <p class='ocr_par' dir='ltr' id='par_1_53' title="bbox 888 1205 1677 1241">
     <span class='ocr_line' id='line_1_53' title="bbox 888 1205 1677 1241; baseline -0.004 -8"><span class='ocrx_word' id='word_1_379' title='bbox 888 1214 996 1233; x_wconf 85' lang='lat' dir='ltr'><strong>mnnein</strong></span> <span class='ocrx_word' id='word_1_380' title='bbox 1024 1207 1146 1233; x_wconf 88' lang='lat' dir='ltr'><strong>continet</strong></span> <span class='ocrx_word' id='word_1_381' title='bbox 1170 1206 1391 1234; x_wconf 82' lang='lat' dir='ltr'><strong>admonitionem.</strong></span> <span class='ocrx_word' id='word_1_382' title='bbox 1421 1205 1516 1241; x_wconf 77' lang='lat' dir='ltr'><strong>160i</strong></span> <span class='ocrx_word' id='word_1_383' title='bbox 1548 1206 1582 1231; x_wconf 79' lang='lat' dir='ltr'><strong>At</strong></span> <span class='ocrx_word' id='word_1_384' title='bbox 1605 1205 1677 1232; x_wconf 88' lang='lat' dir='ltr'><strong>XXV</strong></span> 
     </span>
    </p>
   </div>
   <div class='ocr_carea' id='block_1_54' title="bbox 892 1250 1678 1287">
    <p class='ocr_par' dir='ltr' id='par_1_54' title="bbox 892 1250 1678 1287">
     <span class='ocr_line' id='line_1_54' title="bbox 892 1250 1678 1287; baseline -0.004 -8"><span class='ocrx_word' id='word_1_385' title='bbox 892 1260 945 1279; x_wconf 88' lang='lat' dir='ltr'><strong>non</strong></span> <span class='ocrx_word' id='word_1_386' title='bbox 963 1257 1092 1286; x_wconf 82' lang='lat' dir='ltr'><strong>oportere</strong></span> <span class='ocrx_word' id='word_1_387' title='bbox 1109 1252 1164 1287; x_wconf 80' lang='lat'><strong>(61)</strong></span> <span class='ocrx_word' id='word_1_388' title='bbox 1184 1252 1271 1280; x_wconf 90' lang='lat' dir='ltr'><strong>locum</strong></span> <span class='ocrx_word' id='word_1_389' title='bbox 1287 1257 1393 1279; x_wconf 82' lang='lat' dir='ltr'><strong>imitare</strong></span> <span class='ocrx_word' id='word_1_390' title='bbox 1408 1252 1543 1278; x_wconf 78' lang='lat' dir='ltr'><strong>hortatur.</strong></span> <span class='ocrx_word' id='word_1_391' title='bbox 1559 1250 1678 1278; x_wconf 87' lang='lat' dir='ltr'><strong>XXVlll.</strong></span> 
     </span>
    </p>
   </div>
   <div class='ocr_carea' id='block_1_55' title="bbox 892 1298 1679 1335">
    <p class='ocr_par' dir='ltr' id='par_1_55' title="bbox 892 1298 1679 1335">
     <span class='ocr_line' id='line_1_55' title="bbox 892 1298 1679 1335; baseline -0.001 -9"><span class='ocrx_word' id='word_1_392' title='bbox 892 1298 986 1334; x_wconf 79' lang='grc' dir='ltr'>[Νιιηι.</span> <span class='ocrx_word' id='word_1_393' title='bbox 1000 1298 1056 1334; x_wconf 79' lang='lat'><strong>65.]</strong></span> <span class='ocrx_word' id='word_1_394' title='bbox 1069 1299 1127 1326; x_wconf 88' lang='lat' dir='ltr'><strong>Non</strong></span> <span class='ocrx_word' id='word_1_395' title='bbox 1144 1306 1270 1335; x_wconf 84' lang='lat' dir='ltr'><strong>oportere</strong></span> <span class='ocrx_word' id='word_1_396' title='bbox 1285 1299 1341 1334; x_wconf 73' lang='grc' dir='ltr'><strong>(ϋῖ)</strong></span> <span class='ocrx_word' id='word_1_397' title='bbox 1357 1299 1435 1326; x_wconf 86' lang='lat' dir='ltr'><strong>docet</strong></span> <span class='ocrx_word' id='word_1_398' title='bbox 1453 1299 1569 1326; x_wconf 75' lang='lat' dir='ltr'><strong>cmuobii</strong></span> <span class='ocrx_word' id='word_1_399' title='bbox 1587 1300 1679 1325; x_wconf 86' lang='lat' dir='ltr'><strong>deser-</strong></span> 
     </span>
    </p>
   </div>
   <div class='ocr_carea' id='block_1_56' title="bbox 891 1343 1680 1379">
    <p class='ocr_par' dir='ltr' id='par_1_56' title="bbox 891 1343 1680 1379">
     <span class='ocr_line' id='line_1_56' title="bbox 891 1343 1680 1379; baseline -0.001 -8"><span class='ocrx_word' id='word_1_400' title='bbox 891 1350 977 1371; x_wconf 90' lang='lat' dir='ltr'><strong>torem</strong></span> <span class='ocrx_word' id='word_1_401' title='bbox 993 1346 1148 1372; x_wconf 84' lang='lat' dir='ltr'><strong>redeuntem</strong></span> <span class='ocrx_word' id='word_1_402' title='bbox 1170 1353 1201 1372; x_wconf 90' lang='lat' dir='ltr'><strong>ac</strong></span> <span class='ocrx_word' id='word_1_403' title='bbox 1218 1346 1393 1379; x_wconf 67' lang='lat' dir='ltr'><strong>pmnitentem</strong></span> <span class='ocrx_word' id='word_1_404' title='bbox 1409 1345 1564 1379; x_wconf 77' lang='lat' dir='ltr'><strong>repudiare.</strong></span> <span class='ocrx_word' id='word_1_405' title='bbox 1596 1343 1680 1370; x_wconf 83' lang='lat' dir='ltr'>XXIX</span> 
     </span>
    </p>
   </div>
   <div class='ocr_carea' id='block_1_57' title="bbox 892 1390 1679 1427">
    <p class='ocr_par' dir='ltr' id='par_1_57' title="bbox 892 1390 1679 1427">
     <span class='ocr_line' id='line_1_57' title="bbox 892 1390 1679 1427; baseline 0 -11"><span class='ocrx_word' id='word_1_406' title='bbox 892 1390 989 1426; x_wconf 82' lang='grc' dir='ltr'>[Νιιιιι.</span> <span class='ocrx_word' id='word_1_407' title='bbox 1014 1391 1073 1427; x_wconf 78' lang='grc' dir='ltr'>6ί.]</span> <span class='ocrx_word' id='word_1_408' title='bbox 1087 1391 1122 1418; x_wconf 73' lang='lat' dir='ltr'><strong>Et</strong></span> <span class='ocrx_word' id='word_1_409' title='bbox 1145 1392 1257 1419; x_wconf 84' lang='lat' dir='ltr'><strong>historia</strong></span> <span class='ocrx_word' id='word_1_410' title='bbox 1280 1397 1353 1426; x_wconf 77' lang='lat' dir='ltr'><strong>gesta</strong></span> <span class='ocrx_word' id='word_1_411' title='bbox 1370 1391 1462 1423; x_wconf 75' lang='lat' dir='ltr'><strong>refert,</strong></span> <span class='ocrx_word' id='word_1_412' title='bbox 1473 1398 1554 1425; x_wconf 79' lang='lat' dir='ltr'><strong>quam</strong></span> <span class='ocrx_word' id='word_1_413' title='bbox 1571 1391 1605 1417; x_wconf 92' lang='lat' dir='ltr'><strong>sit</strong></span> <span class='ocrx_word' id='word_1_414' title='bbox 1618 1398 1679 1424; x_wconf 86' lang='lat' dir='ltr'><strong>per-</strong></span> 
     </span>
    </p>
   </div>
   <div class='ocr_carea' id='block_1_58' title="bbox 893 1437 1680 1470">
    <p class='ocr_par' dir='ltr' id='par_1_58' title="bbox 893 1437 1680 1470">
     <span class='ocr_line' id='line_1_58' title="bbox 893 1437 1680 1470; baseline 0 -8"><span class='ocrx_word' id='word_1_415' title='bbox 893 1437 1023 1463; x_wconf 83' lang='lat' dir='ltr'><strong>niciosum</strong></span> <span class='ocrx_word' id='word_1_416' title='bbox 1057 1437 1264 1470; x_wconf 63' lang='lat' dir='ltr'><strong>praesidentibus</strong></span> <span class='ocrx_word' id='word_1_417' title='bbox 1296 1445 1348 1464; x_wconf 91' lang='lat' dir='ltr'><strong>non</strong></span> <span class='ocrx_word' id='word_1_418' title='bbox 1372 1437 1481 1464; x_wconf 88' lang='lat' dir='ltr'><strong>obedire</strong></span> <span class='ocrx_word' id='word_1_419' title='bbox 1517 1445 1524 1464; x_wconf 90' lang='lat'><strong>:</strong></span> <span class='ocrx_word' id='word_1_420' title='bbox 1554 1441 1680 1470; x_wconf 84' lang='lat' dir='ltr'><strong>oportere</strong></span> 
     </span>
    </p>
   </div>
   <div class='ocr_carea' id='block_1_59' title="bbox 894 1481 1681 1518">
    <p class='ocr_par' dir='ltr' id='par_1_59' title="bbox 894 1481 1681 1518">
     <span class='ocr_line' id='line_1_59' title="bbox 894 1481 1681 1518; baseline -0.001 -10"><span class='ocrx_word' id='word_1_421' title='bbox 894 1481 990 1518; x_wconf 83' lang='lat' dir='ltr'><strong>[Num.</strong></span> <span class='ocrx_word' id='word_1_422' title='bbox 1014 1482 1063 1518; x_wconf 80' lang='lat'><strong>68}</strong></span> <span class='ocrx_word' id='word_1_423' title='bbox 1078 1491 1186 1518; x_wconf 87' lang='lat' dir='ltr'><strong>quoque</strong></span> <span class='ocrx_word' id='word_1_424' title='bbox 1208 1483 1394 1511; x_wconf 85' lang='lat' dir='ltr'><strong>Christianum</strong></span> <span class='ocrx_word' id='word_1_425' title='bbox 1422 1483 1489 1509; x_wconf 85' lang='lat' dir='ltr'><strong>iram</strong></span> <span class='ocrx_word' id='word_1_426' title='bbox 1518 1482 1636 1513; x_wconf 71' lang='lat' dir='ltr'><strong>differre,</strong></span> <span class='ocrx_word' id='word_1_427' title='bbox 1654 1487 1681 1508; x_wconf 90' lang='lat' dir='ltr'><strong>et</strong></span> 
     </span>
    </p>
   </div>
   <div class='ocr_carea' id='block_1_60' title="bbox 50 1527 848 1571">
    <p class='ocr_par' dir='ltr' id='par_1_60' title="bbox 50 1527 839 1566">
     <span class='ocr_line' id='line_1_60' title="bbox 50 1527 839 1566; baseline 0.006 -13"><span class='ocrx_word' id='word_1_428' title='bbox 50 1527 123 1563; x_wconf 58' lang='grc' dir='ltr'>λογίᾳ</span> <span class='ocrx_word' id='word_1_429' title='bbox 142 1530 176 1564; x_wconf 78' lang='grc' dir='ltr'><strong>τῇ</strong></span> <span class='ocrx_word' id='word_1_430' title='bbox 194 1529 359 1566; x_wconf 72' lang='grc' dir='ltr'>σωφροσύνῃ</span> <span class='ocrx_word' id='word_1_431' title='bbox 376 1530 423 1556; x_wconf 74' lang='grc' dir='ltr'><strong>καὶ</strong></span> <span class='ocrx_word' id='word_1_432' title='bbox 445 1530 543 1566; x_wconf 73' lang='grc' dir='ltr'>ἁγνεία</span> <span class='ocrx_word' id='word_1_433' title='bbox 557 1531 588 1557; x_wconf 80' lang='grc' dir='ltr'>τὸ</span> <span class='ocrx_word' id='word_1_434' title='bbox 612 1531 714 1564; x_wconf 79' lang='grc' dir='ltr'>κράτος</span> <span class='ocrx_word' id='word_1_435' title='bbox 729 1531 776 1558; x_wconf 82' lang='grc' dir='ltr'>καὶ</span> <span class='ocrx_word' id='word_1_436' title='bbox 790 1531 839 1566; x_wconf 81' lang='grc' dir='ltr'>τὴν</span> 
     </span>
    </p>
   </div>
   <div class='ocr_carea' id='block_1_61' title="bbox 892 1527 1684 1571">
    <p class='ocr_par' dir='ltr' id='par_1_61' title="bbox 894 1528 1684 1563">
     <span class='ocr_line' id='line_1_61' title="bbox 894 1528 1684 1563; baseline -0.003 -8"><span class='ocrx_word' id='word_1_437' title='bbox 894 1529 1054 1562; x_wconf 75' lang='lat' dir='ltr'><strong>iniuriarum</strong></span> <span class='ocrx_word' id='word_1_438' title='bbox 1085 1529 1228 1557; x_wconf 73' lang='lat' dir='ltr'><strong>’oblivisci.</strong></span> <span class='ocrx_word' id='word_1_439' title='bbox 1265 1529 1350 1558; x_wconf 84' lang='lat' dir='ltr'>XXX.</span> <span class='ocrx_word' id='word_1_440' title='bbox 1391 1528 1429 1555; x_wconf 88' lang='lat' dir='ltr'><strong>De</strong></span> <span class='ocrx_word' id='word_1_441' title='bbox 1467 1528 1684 1563; x_wconf 82' lang='lat' dir='ltr'><strong>perturbationi-</strong></span> 
     </span>
    </p>
   </div>
   <div class='ocr_carea' id='block_1_62' title="bbox 51 1574 838 1613">
    <p class='ocr_par' dir='ltr' id='par_1_62' title="bbox 51 1574 838 1613">
     <span class='ocr_line' id='line_1_62' title="bbox 51 1574 838 1613; baseline 0.005 -13"><span class='ocrx_word' id='word_1_442' title='bbox 51 1575 123 1609; x_wconf 73' lang='grc' dir='ltr'>ἰσχὺν</span> <span class='ocrx_word' id='word_1_443' title='bbox 139 1574 258 1609; x_wconf 76' lang='grc' dir='ltr'>βεϐαιοῖ.</span> <span class='ocrx_word' id='word_1_444' title='bbox 288 1576 342 1602; x_wconf 83' lang='grc' dir='ltr'><strong>Καὶ</strong></span> <span class='ocrx_word' id='word_1_445' title='bbox 365 1576 380 1601; x_wconf 86' lang='lat'><strong>6</strong></span> <span class='ocrx_word' id='word_1_446' title='bbox 404 1576 454 1602; x_wconf 88' lang='lat' dir='ltr'><strong>AI&quot;</strong></span> <span class='ocrx_word' id='word_1_447' title='bbox 481 1577 547 1612; x_wconf 79' lang='grc' dir='ltr'>περὶ</span> <span class='ocrx_word' id='word_1_448' title='bbox 564 1577 674 1611; x_wconf 83' lang='grc' dir='ltr'>ἁγνείας</span> <span class='ocrx_word' id='word_1_449' title='bbox 699 1579 838 1613; x_wconf 76' lang='grc' dir='ltr'>παραινεῖ.</span> 
     </span>
    </p>
   </div>
   <div class='ocr_carea' id='block_1_63' title="bbox 53 1619 838 1656">
    <p class='ocr_par' dir='ltr' id='par_1_63' title="bbox 53 1619 838 1656">
     <span class='ocr_line' id='line_1_63' title="bbox 53 1619 838 1656; baseline 0.003 -10"><span class='ocrx_word' id='word_1_450' title='bbox 53 1619 80 1646; x_wconf 74' lang='grc'>’0</span> <span class='ocrx_word' id='word_1_451' title='bbox 92 1621 143 1646; x_wconf 79' lang='grc' dir='ltr'><strong>ΛΔ¹</strong></span> <span class='ocrx_word' id='word_1_452' title='bbox 159 1620 182 1636; x_wconf 85' lang='grc'><strong>¹⁴¹</strong></span> <span class='ocrx_word' id='word_1_453' title='bbox 197 1620 248 1656; x_wconf 79' lang='grc' dir='ltr'>τὴν</span> <span class='ocrx_word' id='word_1_454' title='bbox 261 1621 379 1655; x_wconf 82' lang='grc' dir='ltr'>ἡσυχίαν</span> <span class='ocrx_word' id='word_1_455' title='bbox 393 1621 519 1656; x_wconf 77' lang='grc' dir='ltr'>προξενεῖ</span> <span class='ocrx_word' id='word_1_456' title='bbox 530 1623 586 1653; x_wconf 82' lang='grc' dir='ltr'>τοῖς</span> <span class='ocrx_word' id='word_1_457' title='bbox 604 1622 712 1649; x_wconf 81' lang='grc' dir='ltr'>Θέλουσι</span> <span class='ocrx_word' id='word_1_458' title='bbox 734 1623 754 1638; x_wconf 76' lang='grc'><strong>⁸⁸</strong></span> <span class='ocrx_word' id='word_1_459' title='bbox 774 1630 838 1649; x_wconf 82' lang='grc' dir='ltr'>συν-</span> 
     </span>
    </p>
   </div>
   <div class='ocr_carea' id='block_1_64' title="bbox 50 1665 841 1704">
    <p class='ocr_par' dir='ltr' id='par_1_64' title="bbox 50 1665 841 1704">
     <span class='ocr_line' id='line_1_64' title="bbox 50 1665 841 1704; baseline 0.006 -13"><span class='ocrx_word' id='word_1_460' title='bbox 50 1665 124 1692; x_wconf 75' lang='grc' dir='ltr'>ιέναι.</span> <span class='ocrx_word' id='word_1_461' title='bbox 140 1666 199 1692; x_wconf 77' lang='grc' dir='ltr'><strong>Καὶ</strong></span> <span class='ocrx_word' id='word_1_462' title='bbox 212 1667 289 1693; x_wconf 81' lang='lat' dir='ltr'><strong>6AE’</strong></span> <span class='ocrx_word' id='word_1_463' title='bbox 300 1668 363 1702; x_wconf 78' lang='grc' dir='ltr'>περὶ</span> <span class='ocrx_word' id='word_1_464' title='bbox 379 1667 425 1694; x_wconf 84' lang='grc' dir='ltr'>τοῦ</span> <span class='ocrx_word' id='word_1_465' title='bbox 443 1667 480 1703; x_wconf 82' lang='grc' dir='ltr'>μὴ</span> <span class='ocrx_word' id='word_1_466' title='bbox 495 1668 646 1704; x_wconf 75' lang='grc' dir='ltr'>ῥέμϐεσθαι</span> <span class='ocrx_word' id='word_1_467' title='bbox 661 1669 841 1704; x_wconf 77' lang='grc' dir='ltr'>διαλαμϐάνει</span> 
     </span>
    </p>
   </div>
   <div class='ocr_carea' id='block_1_65' title="bbox 49 1712 839 1750">
    <p class='ocr_par' dir='ltr' id='par_1_65' title="bbox 49 1712 839 1750">
     <span class='ocr_line' id='line_1_65' title="bbox 49 1712 839 1750; baseline 0.004 -12"><span class='ocrx_word' id='word_1_468' title='bbox 49 1713 99 1743; x_wconf 69' lang='lat' dir='ltr'><strong>mi;</strong></span> <span class='ocrx_word' id='word_1_469' title='bbox 111 1712 284 1747; x_wconf 73' lang='grc' dir='ltr'>ὀφθαλμοῖς·</span> <span class='ocrx_word' id='word_1_470' title='bbox 300 1714 348 1740; x_wconf 73' lang='grc' dir='ltr'><strong>καὶ</strong></span> <span class='ocrx_word' id='word_1_471' title='bbox 361 1713 400 1745; x_wconf 74' lang='grc' dir='ltr'>ὥς</span> <span class='ocrx_word' id='word_1_472' title='bbox 422 1713 456 1740; x_wconf 87' lang='grc' dir='ltr'><strong>δι’</strong></span> <span class='ocrx_word' id='word_1_473' title='bbox 479 1715 644 1750; x_wconf 77' lang='grc' dir='ltr'>ἐρωτήσεως</span> <span class='ocrx_word' id='word_1_474' title='bbox 667 1715 839 1746; x_wconf 79' lang='grc' dir='ltr'>διδασκαλία.</span> 
     </span>
    </p>
   </div>
   <div class='ocr_carea' id='block_1_66' title="bbox 48 1759 840 1796">
    <p class='ocr_par' dir='ltr' id='par_1_66' title="bbox 48 1759 840 1796">
     <span class='ocr_line' id='line_1_66' title="bbox 48 1759 840 1796; baseline 0.004 -12"><span class='ocrx_word' id='word_1_475' title='bbox 48 1759 70 1784; x_wconf 77' lang='grc' dir='ltr'>εἰ</span> <span class='ocrx_word' id='word_1_476' title='bbox 84 1759 118 1785; x_wconf 73' lang='grc' dir='ltr'>δι’</span> <span class='ocrx_word' id='word_1_477' title='bbox 134 1759 246 1794; x_wconf 79' lang='grc' dir='ltr'>ἀποχῆς</span> <span class='ocrx_word' id='word_1_478' title='bbox 257 1759 412 1794; x_wconf 80' lang='grc' dir='ltr'>βρωμάτων</span> <span class='ocrx_word' id='word_1_479' title='bbox 427 1761 442 1786; x_wconf 88' lang='lat'><strong>6</strong></span> <span class='ocrx_word' id='word_1_480' title='bbox 457 1761 508 1794; x_wconf 82' lang='grc' dir='ltr'>τῆς</span> <span class='ocrx_word' id='word_1_481' title='bbox 520 1761 648 1795; x_wconf 83' lang='grc' dir='ltr'>πορνείας</span> <span class='ocrx_word' id='word_1_482' title='bbox 661 1761 840 1796; x_wconf 73' lang='grc' dir='ltr'>καταργεῖται</span> 
     </span>
    </p>
   </div>
   <div class='ocr_carea' id='block_1_67' title="bbox 49 1804 841 1842">
    <p class='ocr_par' dir='ltr' id='par_1_67' title="bbox 49 1804 841 1842">
     <span class='ocr_line' id='line_1_67' title="bbox 49 1804 841 1842; baseline 0.005 -13"><span class='ocrx_word' id='word_1_483' title='bbox 49 1804 192 1840; x_wconf 74' lang='grc' dir='ltr'>λογισμὸς,</span> <span class='ocrx_word' id='word_1_484' title='bbox 209 1805 259 1831; x_wconf 78' lang='grc' dir='ltr'>καὶ</span> <span class='ocrx_word' id='word_1_485' title='bbox 275 1806 329 1831; x_wconf 85' lang='grc' dir='ltr'>τίνι</span> <span class='ocrx_word' id='word_1_486' title='bbox 353 1805 435 1840; x_wconf 83' lang='grc' dir='ltr'>ἄλλῳ.</span> <span class='ocrx_word' id='word_1_487' title='bbox 465 1806 495 1832; x_wconf 89' lang='lat'><strong>&#39;0</strong></span> <span class='ocrx_word' id='word_1_488' title='bbox 507 1805 535 1832; x_wconf 77' lang='grc' dir='ltr'>δὲ</span> <span class='ocrx_word' id='word_1_489' title='bbox 550 1806 572 1821; x_wconf 70' lang='grc'><strong>⁵⁸</strong></span> <span class='ocrx_word' id='word_1_490' title='bbox 586 1807 646 1839; x_wconf 80' lang='lat' dir='ltr'><strong>AC.&quot;</strong></span> <span class='ocrx_word' id='word_1_491' title='bbox 673 1808 738 1841; x_wconf 73' lang='grc' dir='ltr'>περὶ</span> <span class='ocrx_word' id='word_1_492' title='bbox 753 1809 841 1842; x_wconf 83' lang='grc' dir='ltr'>πραῢ-</span> 
     </span>
    </p>
   </div>
   <div class='ocr_carea' id='block_1_68' title="bbox 48 1849 840 1886">
    <p class='ocr_par' dir='ltr' id='par_1_68' title="bbox 48 1849 840 1886">
     <span class='ocr_line' id='line_1_68' title="bbox 48 1849 840 1886; baseline 0.004 -11"><span class='ocrx_word' id='word_1_493' title='bbox 48 1849 175 1882; x_wconf 72' lang='grc' dir='ltr'>παθείας.</span> <span class='ocrx_word' id='word_1_494' title='bbox 201 1850 231 1877; x_wconf 85' lang='grc'><strong>’0</strong></span> <span class='ocrx_word' id='word_1_495' title='bbox 245 1850 274 1877; x_wconf 81' lang='grc' dir='ltr'>δὲ</span> <span class='ocrx_word' id='word_1_496' title='bbox 292 1850 343 1878; x_wconf 81' lang='lat' dir='ltr'><strong>AZ&#39;</strong></span> <span class='ocrx_word' id='word_1_497' title='bbox 366 1851 434 1886; x_wconf 60' lang='grc' dir='ltr'>πρὸς</span> <span class='ocrx_word' id='word_1_498' title='bbox 460 1851 667 1883; x_wconf 78' lang='grc' dir='ltr'>ἁνυποτάκτους</span> <span class='ocrx_word' id='word_1_499' title='bbox 683 1852 768 1884; x_wconf 77' lang='grc' dir='ltr'>ἐστὶν,</span> <span class='ocrx_word' id='word_1_500' title='bbox 792 1851 840 1883; x_wconf 81' lang='grc' dir='ltr'>οὒς</span> 
     </span>
    </p>
   </div>
   <div class='ocr_carea' id='block_1_69' title="bbox 49 1895 839 1932">
    <p class='ocr_par' dir='ltr' id='par_1_69' title="bbox 49 1895 839 1932">
     <span class='ocr_line' id='line_1_69' title="bbox 49 1895 839 1932; baseline 0.004 -11"><span class='ocrx_word' id='word_1_501' title='bbox 49 1896 91 1920; x_wconf 73' lang='grc' dir='ltr'>καὶ</span> <span class='ocrx_word' id='word_1_502' title='bbox 103 1895 300 1929; x_wconf 78' lang='grc' dir='ltr'>καταστέλλει,</span> <span class='ocrx_word' id='word_1_503' title='bbox 317 1896 356 1931; x_wconf 83' lang='grc' dir='ltr'>μὴ</span> <span class='ocrx_word' id='word_1_504' title='bbox 369 1896 438 1932; x_wconf 79' lang='grc' dir='ltr'>πρὸς</span> <span class='ocrx_word' id='word_1_505' title='bbox 459 1897 492 1923; x_wconf 82' lang='grc' dir='ltr'><strong>τὺ</strong></span> <span class='ocrx_word' id='word_1_506' title='bbox 505 1896 619 1932; x_wconf 69' lang='grc' dir='ltr'>ἔσχατον</span> <span class='ocrx_word' id='word_1_507' title='bbox 630 1897 679 1932; x_wconf 82' lang='grc' dir='ltr'>τῆς</span> <span class='ocrx_word' id='word_1_508' title='bbox 699 1897 839 1929; x_wconf 83' lang='grc' dir='ltr'>ἀπωλείας</span> 
     </span>
    </p>
   </div>
   <div class='ocr_carea' id='block_1_70' title="bbox 48 1941 841 1980">
    <p class='ocr_par' dir='ltr' id='par_1_70' title="bbox 48 1941 841 1980">
     <span class='ocr_line' id='line_1_70' title="bbox 48 1941 841 1980; baseline 0.005 -13"><span class='ocrx_word' id='word_1_509' title='bbox 48 1941 324 1977; x_wconf 72' lang='grc' dir='ltr'>ἐκτραχηλισθέντας,</span> <span class='ocrx_word' id='word_1_510' title='bbox 337 1943 376 1978; x_wconf 85' lang='grc' dir='ltr'>τῷ</span> <span class='ocrx_word' id='word_1_511' title='bbox 388 1944 420 1969; x_wconf 81' lang='grc' dir='ltr'>ἐκ</span> <span class='ocrx_word' id='word_1_512' title='bbox 432 1943 500 1969; x_wconf 83' lang='grc' dir='ltr'>Θεοῦ</span> <span class='ocrx_word' id='word_1_513' title='bbox 513 1943 589 1979; x_wconf 79' lang='grc' dir='ltr'>φόϐῳ</span> <span class='ocrx_word' id='word_1_514' title='bbox 603 1945 650 1971; x_wconf 80' lang='grc' dir='ltr'>καὶ</span> <span class='ocrx_word' id='word_1_515' title='bbox 664 1944 704 1979; x_wconf 82' lang='grc' dir='ltr'>τῷ</span> <span class='ocrx_word' id='word_1_516' title='bbox 715 1944 762 1970; x_wconf 83' lang='grc' dir='ltr'><strong>τοῦ</strong></span> <span class='ocrx_word' id='word_1_517' title='bbox 778 1945 841 1980; x_wconf 81' lang='grc' dir='ltr'>μέλ-</span> 
     </span>
    </p>
   </div>
   <div class='ocr_carea' id='block_1_71' title="bbox 46 1985 840 2025">
    <p class='ocr_par' dir='ltr' id='par_1_71' title="bbox 46 1985 840 2025">
     <span class='ocr_line' id='line_1_71' title="bbox 46 1985 840 2025; baseline 0.008 -14"><span class='ocrx_word' id='word_1_518' title='bbox 46 1985 135 2016; x_wconf 73' lang='grc' dir='ltr'>λοντος</span> <span class='ocrx_word' id='word_1_519' title='bbox 150 1987 351 2022; x_wconf 73' lang='grc' dir='ltr'>δικαιωτηρὶου</span> <span class='ocrx_word' id='word_1_520' title='bbox 369 1987 494 2023; x_wconf 84' lang='grc' dir='ltr'>κρίματι.</span> <span class='ocrx_word' id='word_1_521' title='bbox 515 1988 580 2025; x_wconf 66' lang='grc'><strong>[515</strong></span> <span class='ocrx_word' id='word_1_522' title='bbox 598 1988 644 2025; x_wconf 62' lang='lat' dir='ltr'><strong>IL]</strong></span> <span class='ocrx_word' id='word_1_523' title='bbox 671 1989 701 2016; x_wconf 77' lang='grc' dir='ltr'>Ὀ</span> <span class='ocrx_word' id='word_1_524' title='bbox 730 1989 760 2016; x_wconf 74' lang='grc' dir='ltr'>δὲ</span> <span class='ocrx_word' id='word_1_525' title='bbox 783 1990 840 2017; x_wconf 81' lang='lat' dir='ltr'><strong>AH’</strong></span> 
     </span>
    </p>
   </div>
   <div class='ocr_carea' id='block_1_72' title="bbox 46 2031 840 2071">
    <p class='ocr_par' dir='ltr' id='par_1_72' title="bbox 46 2031 840 2071">
     <span class='ocr_line' id='line_1_72' title="bbox 46 2031 840 2071; baseline 0.009 -15"><span class='ocrx_word' id='word_1_526' title='bbox 46 2031 90 2065; x_wconf 74' lang='grc' dir='ltr'>τὴν</span> <span class='ocrx_word' id='word_1_527' title='bbox 105 2032 197 2067; x_wconf 75' lang='grc' dir='ltr'>καλὴν</span> <span class='ocrx_word' id='word_1_528' title='bbox 205 2032 350 2060; x_wconf 68' lang='grc' dir='ltr'>εὐλάϐειαν</span> <span class='ocrx_word' id='word_1_529' title='bbox 363 2033 526 2062; x_wconf 76' lang='grc' dir='ltr'>ἐκδιδάσκει.</span> <span class='ocrx_word' id='word_1_530' title='bbox 547 2035 576 2062; x_wconf 94' lang='lat'>&#39;0</span> <span class='ocrx_word' id='word_1_531' title='bbox 588 2035 616 2062; x_wconf 77' lang='grc' dir='ltr'>δὲ</span> <span class='ocrx_word' id='word_1_532' title='bbox 633 2035 685 2063; x_wconf 83' lang='grc' dir='ltr'><strong>ΛΘ¹</strong></span> <span class='ocrx_word' id='word_1_533' title='bbox 697 2036 765 2071; x_wconf 74' lang='grc' dir='ltr'>πρὸς</span> <span class='ocrx_word' id='word_1_534' title='bbox 775 2037 840 2068; x_wconf 78' lang='grc' dir='ltr'>τοὺς</span> 
     </span>
    </p>
   </div>
   <div class='ocr_carea' id='block_1_73' title="bbox 46 2077 840 2118">
    <p class='ocr_par' dir='ltr' id='par_1_73' title="bbox 46 2077 840 2118">
     <span class='ocr_line' id='line_1_73' title="bbox 46 2077 840 2118; baseline 0.008 -15"><span class='ocrx_word' id='word_1_535' title='bbox 46 2077 72 2110; x_wconf 68' lang='grc' dir='ltr'><strong>ἐξ</strong></span> <span class='ocrx_word' id='word_1_536' title='bbox 87 2079 198 2111; x_wconf 80' lang='grc' dir='ltr'>οξκείας</span> <span class='ocrx_word' id='word_1_537' title='bbox 212 2079 400 2112; x_wconf 81' lang='grc' dir='ltr'>ἐκπίπτοντας</span> <span class='ocrx_word' id='word_1_538' title='bbox 420 2081 552 2116; x_wconf 81' lang='grc' dir='ltr'>ἀμελείας</span> <span class='ocrx_word' id='word_1_539' title='bbox 570 2082 618 2109; x_wconf 78' lang='grc' dir='ltr'>καὶ</span> <span class='ocrx_word' id='word_1_540' title='bbox 638 2081 840 2118; x_wconf 74' lang='grc' dir='ltr'>προφασιζομέ-</span> 
     </span>
    </p>
   </div>
   <div class='ocr_carea' id='block_1_74' title="bbox 45 2127 839 2164">
    <p class='ocr_par' dir='ltr' id='par_1_74' title="bbox 45 2127 839 2164">
     <span class='ocr_line' id='line_1_74' title="bbox 45 2127 839 2164; baseline 0.005 -13"><span class='ocrx_word' id='word_1_541' title='bbox 45 2134 103 2157; x_wconf 48' lang='lat' dir='ltr'><strong>eam;</strong></span> <span class='ocrx_word' id='word_1_542' title='bbox 119 2127 279 2161; x_wconf 72' lang='grc' dir='ltr'>προφάσεις</span> <span class='ocrx_word' id='word_1_543' title='bbox 303 2128 333 2154; x_wconf 81' lang='grc' dir='ltr'>ἐν</span> <span class='ocrx_word' id='word_1_544' title='bbox 349 2128 507 2162; x_wconf 74' lang='grc' dir='ltr'>ἁμαρτίαις.</span> <span class='ocrx_word' id='word_1_545' title='bbox 530 2128 560 2155; x_wconf 91' lang='lat' dir='ltr'>&#39;O</span> <span class='ocrx_word' id='word_1_546' title='bbox 575 2129 604 2155; x_wconf 86' lang='grc' dir='ltr'>δὲ</span> <span class='ocrx_word' id='word_1_547' title='bbox 621 2128 654 2155; x_wconf 85' lang='grc' dir='ltr'><strong>Μ’</strong></span> <span class='ocrx_word' id='word_1_548' title='bbox 677 2129 745 2164; x_wconf 82' lang='grc' dir='ltr'>πρὸς</span> <span class='ocrx_word' id='word_1_549' title='bbox 760 2129 839 2155; x_wconf 82' lang='grc' dir='ltr'>ἀδελ-</span> 
     </span>
    </p>
   </div>
   <div class='ocr_carea' id='block_1_75' title="bbox 45 2172 838 2209">
    <p class='ocr_par' dir='ltr' id='par_1_75' title="bbox 45 2172 838 2209">
     <span class='ocr_line' id='line_1_75' title="bbox 45 2172 838 2209; baseline 0.003 -11"><span class='ocrx_word' id='word_1_550' title='bbox 45 2172 91 2203; x_wconf 54' lang='grc' dir='ltr'>ᾥν</span> <span class='ocrx_word' id='word_1_551' title='bbox 104 2173 184 2199; x_wconf 71' lang='grc' dir='ltr'>ἐστιν</span> <span class='ocrx_word' id='word_1_552' title='bbox 199 2173 363 2204; x_wconf 71' lang='grc' dir='ltr'>ἐκπεσόντα,</span> <span class='ocrx_word' id='word_1_553' title='bbox 375 2174 423 2200; x_wconf 78' lang='grc' dir='ltr'>καὶ</span> <span class='ocrx_word' id='word_1_554' title='bbox 433 2175 497 2209; x_wconf 68' lang='grc' dir='ltr'>περὶ</span> <span class='ocrx_word' id='word_1_555' title='bbox 513 2174 669 2209; x_wconf 75' lang='grc' dir='ltr'>μετανοίας.</span> <span class='ocrx_word' id='word_1_556' title='bbox 686 2175 716 2201; x_wconf 91' lang='lat'>&#39;0</span> <span class='ocrx_word' id='word_1_557' title='bbox 727 2174 756 2200; x_wconf 79' lang='grc' dir='ltr'>δὲ</span> <span class='ocrx_word' id='word_1_558' title='bbox 768 2175 838 2206; x_wconf 77' lang='lat' dir='ltr'><strong>MA’,</strong></span> 
     </span>
    </p>
   </div>
   <div class='ocr_carea' id='block_1_76' title="bbox 892 1574 1680 1610">
    <p class='ocr_par' dir='ltr' id='par_1_76' title="bbox 892 1574 1680 1610">
     <span class='ocr_line' id='line_1_76' title="bbox 892 1574 1680 1610; baseline -0.004 -8"><span class='ocrx_word' id='word_1_559' title='bbox 892 1576 942 1602; x_wconf 81' lang='lat' dir='ltr'><strong>bus</strong></span> <span class='ocrx_word' id='word_1_560' title='bbox 955 1575 1010 1610; x_wconf 78' lang='lat'>(63)</span> <span class='ocrx_word' id='word_1_561' title='bbox 1027 1576 1109 1602; x_wconf 89' lang='lat' dir='ltr'><strong>animi</strong></span> <span class='ocrx_word' id='word_1_562' title='bbox 1133 1575 1276 1609; x_wconf 77' lang='lat' dir='ltr'><strong>fugiendis.</strong></span> <span class='ocrx_word' id='word_1_563' title='bbox 1295 1575 1388 1602; x_wconf 85' lang='lat' dir='ltr'>XXXI.</span> <span class='ocrx_word' id='word_1_564' title='bbox 1408 1575 1418 1610; x_wconf 91' lang='lat'>[</span> <span class='ocrx_word' id='word_1_565' title='bbox 1437 1575 1516 1601; x_wconf 86' lang='lat' dir='ltr'><strong>Num.</strong></span> <span class='ocrx_word' id='word_1_566' title='bbox 1537 1574 1602 1610; x_wconf 81' lang='lat' dir='ltr'><strong>7L]</strong></span> <span class='ocrx_word' id='word_1_567' title='bbox 1627 1574 1680 1600; x_wconf 69' lang='grc' dir='ltr'>ΑΙ..</span> 
     </span>
    </p>
   </div>
   <div class='ocr_carea' id='block_1_77' title="bbox 891 1620 1678 1656">
    <p class='ocr_par' dir='ltr' id='par_1_77' title="bbox 891 1620 1678 1656">
     <span class='ocr_line' id='line_1_77' title="bbox 891 1620 1678 1656; baseline 0 -9"><span class='ocrx_word' id='word_1_568' title='bbox 891 1620 962 1654; x_wconf 74' lang='lat' dir='ltr'><strong>iccto</strong></span> <span class='ocrx_word' id='word_1_569' title='bbox 987 1622 1079 1648; x_wconf 87' lang='lat' dir='ltr'><strong>animo</strong></span> <span class='ocrx_word' id='word_1_570' title='bbox 1096 1622 1141 1656; x_wconf 87' lang='lat' dir='ltr'><strong>qui</strong></span> <span class='ocrx_word' id='word_1_571' title='bbox 1160 1623 1225 1654; x_wconf 81' lang='lat' dir='ltr'><strong>sint,</strong></span> <span class='ocrx_word' id='word_1_572' title='bbox 1241 1630 1301 1649; x_wconf 80' lang='lat' dir='ltr'><strong>esse</strong></span> <span class='ocrx_word' id='word_1_573' title='bbox 1328 1622 1514 1649; x_wconf 79' lang='lat' dir='ltr'><strong>consolatione</strong></span> <span class='ocrx_word' id='word_1_574' title='bbox 1524 1621 1678 1654; x_wconf 74' lang='lat' dir='ltr'><strong>crigendos.</strong></span> 
     </span>
    </p>
   </div>
   <div class='ocr_carea' id='block_1_78' title="bbox 892 1665 1681 1702">
    <p class='ocr_par' dir='ltr' id='par_1_78' title="bbox 892 1665 1681 1702">
     <span class='ocr_line' id='line_1_78' title="bbox 892 1665 1681 1702; baseline 0.001 -10"><span class='ocrx_word' id='word_1_575' title='bbox 892 1665 1007 1693; x_wconf 86' lang='lat' dir='ltr'>XXXII.</span> <span class='ocrx_word' id='word_1_576' title='bbox 1040 1667 1090 1694; x_wconf 81' lang='lat' dir='ltr'><strong>Per</strong></span> <span class='ocrx_word' id='word_1_577' title='bbox 1116 1667 1358 1694; x_wconf 84' lang='lat' dir='ltr'><strong>contradictionem</strong></span> <span class='ocrx_word' id='word_1_578' title='bbox 1389 1667 1446 1702; x_wconf 72' lang='grc'><strong>(64)</strong></span> <span class='ocrx_word' id='word_1_579' title='bbox 1479 1671 1543 1702; x_wconf 80' lang='lat' dir='ltr'><strong>[qua</strong></span> <span class='ocrx_word' id='word_1_580' title='bbox 1574 1667 1681 1694; x_wconf 88' lang='lat' dir='ltr'><strong>diabolo</strong></span> 
     </span>
    </p>
   </div>
   <div class='ocr_carea' id='block_1_79' title="bbox 892 1712 1681 1748">
    <p class='ocr_par' dir='ltr' id='par_1_79' title="bbox 892 1712 1681 1748">
     <span class='ocr_line' id='line_1_79' title="bbox 892 1712 1681 1748; baseline 0 -10"><span class='ocrx_word' id='word_1_581' title='bbox 892 1712 1036 1746; x_wconf 83' lang='lat' dir='ltr'><strong>quemdam</strong></span> <span class='ocrx_word' id='word_1_582' title='bbox 1069 1717 1263 1748; x_wconf 72' lang='lat' dir='ltr'><strong>repugnantem</strong></span> <span class='ocrx_word' id='word_1_583' title='bbox 1299 1712 1417 1748; x_wconf 84' lang='lat' dir='ltr'><strong>inducit]</strong></span> <span class='ocrx_word' id='word_1_584' title='bbox 1440 1713 1626 1746; x_wconf 68' lang='lat' dir='ltr'><strong>temperantiae</strong></span> <span class='ocrx_word' id='word_1_585' title='bbox 1654 1717 1681 1738; x_wconf 75' lang='lat' dir='ltr'><strong>ot</strong></span> 
     </span>
    </p>
   </div>
   <div class='ocr_carea' id='block_1_80' title="bbox 893 1757 1679 1794">
    <p class='ocr_par' dir='ltr' id='par_1_80' title="bbox 893 1757 1679 1794">
     <span class='ocr_line' id='line_1_80' title="bbox 893 1757 1679 1794; baseline 0.001 -11"><span class='ocrx_word' id='word_1_586' title='bbox 893 1758 1010 1785; x_wconf 78' lang='lat' dir='ltr'><strong>castitati</strong></span> <span class='ocrx_word' id='word_1_587' title='bbox 1030 1759 1112 1785; x_wconf 87' lang='lat' dir='ltr'><strong>robur</strong></span> <span class='ocrx_word' id='word_1_588' title='bbox 1127 1759 1252 1793; x_wconf 89' lang='lat' dir='ltr'><strong>viresque</strong></span> <span class='ocrx_word' id='word_1_589' title='bbox 1269 1759 1353 1785; x_wconf 89' lang='lat' dir='ltr'><strong>addit.</strong></span> <span class='ocrx_word' id='word_1_590' title='bbox 1369 1758 1489 1785; x_wconf 88' lang='lat' dir='ltr'>XXXIII.</span> <span class='ocrx_word' id='word_1_591' title='bbox 1507 1757 1603 1794; x_wconf 72' lang='grc' dir='ltr'>[Νειηι.</span> <span class='ocrx_word' id='word_1_592' title='bbox 1621 1758 1679 1794; x_wconf 77' lang='grc'><strong>51.]</strong></span> 
     </span>
    </p>
   </div>
   <div class='ocr_carea' id='block_1_81' title="bbox 892 1803 1681 1839">
    <p class='ocr_par' dir='ltr' id='par_1_81' title="bbox 892 1803 1681 1839">
     <span class='ocr_line' id='line_1_81' title="bbox 892 1803 1681 1839; baseline 0 -9"><span class='ocrx_word' id='word_1_593' title='bbox 892 1803 930 1831; x_wconf 85' lang='lat' dir='ltr'><strong>De</strong></span> <span class='ocrx_word' id='word_1_594' title='bbox 952 1804 1078 1832; x_wconf 83' lang='lat' dir='ltr'><strong>castitate</strong></span> <span class='ocrx_word' id='word_1_595' title='bbox 1101 1810 1233 1839; x_wconf 71' lang='lat' dir='ltr'><strong>praecepta</strong></span> <span class='ocrx_word' id='word_1_596' title='bbox 1248 1806 1303 1831; x_wconf 83' lang='lat' dir='ltr'><strong>dat.</strong></span> <span class='ocrx_word' id='word_1_597' title='bbox 1320 1804 1439 1832; x_wconf 82' lang='lat' dir='ltr'>XXXIV.</span> <span class='ocrx_word' id='word_1_598' title='bbox 1456 1805 1581 1838; x_wconf 78' lang='lat' dir='ltr'><strong>Quietem</strong></span> <span class='ocrx_word' id='word_1_599' title='bbox 1600 1809 1681 1838; x_wconf 80' lang='lat' dir='ltr'><strong>atque</strong></span> 
     </span>
    </p>
   </div>
   <div class='ocr_carea' id='block_1_82' title="bbox 892 1850 1679 1886">
    <p class='ocr_par' dir='ltr' id='par_1_82' title="bbox 892 1850 1679 1886">
     <span class='ocr_line' id='line_1_82' title="bbox 892 1850 1679 1886; baseline 0.001 -10"><span class='ocrx_word' id='word_1_600' title='bbox 892 1850 1029 1877; x_wconf 85' lang='lat' dir='ltr'><strong>silentium</strong></span> <span class='ocrx_word' id='word_1_601' title='bbox 1056 1851 1090 1878; x_wconf 83' lang='lat' dir='ltr'><strong>iis</strong></span> <span class='ocrx_word' id='word_1_602' title='bbox 1119 1852 1299 1884; x_wconf 85' lang='lat' dir='ltr'><strong>commendat,</strong></span> <span class='ocrx_word' id='word_1_603' title='bbox 1318 1853 1363 1886; x_wconf 88' lang='lat' dir='ltr'><strong>qui</strong></span> <span class='ocrx_word' id='word_1_604' title='bbox 1385 1853 1480 1886; x_wconf 79' lang='lat' dir='ltr'><strong>degere</strong></span> <span class='ocrx_word' id='word_1_605' title='bbox 1501 1859 1552 1878; x_wconf 84' lang='lat' dir='ltr'><strong>una</strong></span> <span class='ocrx_word' id='word_1_606' title='bbox 1574 1852 1679 1878; x_wconf 83' lang='lat' dir='ltr'><strong>Volunt.</strong></span> 
     </span>
    </p>
   </div>
   <div class='ocr_carea' id='block_1_83' title="bbox 891 1895 1680 1933">
    <p class='ocr_par' dir='ltr' id='par_1_83' title="bbox 891 1895 1680 1933">
     <span class='ocr_line' id='line_1_83' title="bbox 891 1895 1680 1933; baseline 0 -11"><span class='ocrx_word' id='word_1_607' title='bbox 891 1895 1001 1923; x_wconf 84' lang='lat' dir='ltr'>XXXV.</span> <span class='ocrx_word' id='word_1_608' title='bbox 1020 1897 1077 1923; x_wconf 84' lang='lat' dir='ltr'><strong>Non</strong></span> <span class='ocrx_word' id='word_1_609' title='bbox 1089 1905 1150 1924; x_wconf 87' lang='lat' dir='ltr'><strong>esse</strong></span> <span class='ocrx_word' id='word_1_610' title='bbox 1165 1898 1252 1925; x_wconf 91' lang='lat' dir='ltr'><strong>oculis</strong></span> <span class='ocrx_word' id='word_1_611' title='bbox 1266 1900 1416 1933; x_wconf 76' lang='lat' dir='ltr'><strong>vagandum</strong></span> <span class='ocrx_word' id='word_1_612' title='bbox 1432 1899 1521 1925; x_wconf 86' lang='lat' dir='ltr'><strong>docet.</strong></span> <span class='ocrx_word' id='word_1_613' title='bbox 1550 1897 1680 1930; x_wconf 64' lang='lat' dir='ltr'><strong>Qnmdam</strong></span> 
     </span>
    </p>
   </div>
   <div class='ocr_carea' id='block_1_84' title="bbox 891 1942 1678 1978">
    <p class='ocr_par' dir='ltr' id='par_1_84' title="bbox 891 1942 1678 1978">
     <span class='ocr_line' id='line_1_84' title="bbox 891 1942 1678 1978; baseline -0.001 -9"><span class='ocrx_word' id='word_1_614' title='bbox 891 1942 976 1970; x_wconf 84' lang='lat' dir='ltr'><strong>etiam</strong></span> <span class='ocrx_word' id='word_1_615' title='bbox 984 1943 1346 1978; x_wconf 72' lang='lat' dir='ltr'><strong>quasiadintcrrogationem</strong></span> <span class='ocrx_word' id='word_1_616' title='bbox 1366 1943 1463 1970; x_wconf 75' lang='lat' dir='ltr'><strong>factam</strong></span> <span class='ocrx_word' id='word_1_617' title='bbox 1480 1943 1622 1969; x_wconf 85' lang='lat' dir='ltr'><strong>institutio.</strong></span> <span class='ocrx_word' id='word_1_618' title='bbox 1638 1943 1678 1968; x_wconf 84' lang='lat' dir='ltr'><strong>An</strong></span> 
     </span>
    </p>
   </div>
   <div class='ocr_carea' id='block_1_85' title="bbox 892 1988 1681 2023">
    <p class='ocr_par' dir='ltr' id='par_1_85' title="bbox 892 1988 1681 2023">
     <span class='ocr_line' id='line_1_85' title="bbox 892 1988 1681 2023; baseline -0.004 -7"><span class='ocrx_word' id='word_1_619' title='bbox 892 1988 1015 2016; x_wconf 84' lang='lat' dir='ltr'><strong>ciborum</strong></span> <span class='ocrx_word' id='word_1_620' title='bbox 1037 1989 1201 2016; x_wconf 85' lang='lat' dir='ltr'><strong>abstinentia</strong></span> <span class='ocrx_word' id='word_1_621' title='bbox 1219 1989 1408 2017; x_wconf 79' lang='lat' dir='ltr'><strong>fornicationis</strong></span> <span class='ocrx_word' id='word_1_622' title='bbox 1425 1989 1568 2023; x_wconf 77' lang='lat' dir='ltr'><strong>frangat-ir</strong></span> <span class='ocrx_word' id='word_1_623' title='bbox 1582 1989 1681 2023; x_wconf 82' lang='lat' dir='ltr'><strong>cogita-</strong></span> 
     </span>
    </p>
   </div>
   <div class='ocr_carea' id='block_1_86' title="bbox 891 2034 1681 2071">
    <p class='ocr_par' dir='ltr' id='par_1_86' title="bbox 891 2034 1681 2071">
     <span class='ocr_line' id='line_1_86' title="bbox 891 2034 1681 2071; baseline -0.004 -10"><span class='ocrx_word' id='word_1_624' title='bbox 891 2034 940 2067; x_wconf 90' lang='lat' dir='ltr'><strong>tio,</strong></span> <span class='ocrx_word' id='word_1_625' title='bbox 957 2039 984 2062; x_wconf 90' lang='lat' dir='ltr'><strong>et</strong></span> <span class='ocrx_word' id='word_1_626' title='bbox 997 2043 1049 2070; x_wconf 86' lang='lat' dir='ltr'><strong>qua</strong></span> <span class='ocrx_word' id='word_1_627' title='bbox 1066 2043 1094 2062; x_wconf 88' lang='lat' dir='ltr'><strong>re</strong></span> <span class='ocrx_word' id='word_1_628' title='bbox 1106 2035 1169 2062; x_wconf 84' lang='lat' dir='ltr'><strong>alia.</strong></span> <span class='ocrx_word' id='word_1_629' title='bbox 1186 2035 1303 2062; x_wconf 83' lang='lat' dir='ltr'>XXXVI.</span> <span class='ocrx_word' id='word_1_630' title='bbox 1317 2035 1411 2071; x_wconf 79' lang='grc' dir='ltr'>[Νιιηι.</span> <span class='ocrx_word' id='word_1_631' title='bbox 1430 2035 1489 2070; x_wconf 59' lang='grc' dir='ltr'><strong>74η]</strong></span> <span class='ocrx_word' id='word_1_632' title='bbox 1507 2035 1542 2061; x_wconf 85' lang='lat' dir='ltr'><strong>De</strong></span> <span class='ocrx_word' id='word_1_633' title='bbox 1558 2042 1681 2060; x_wconf 73' lang='lat' dir='ltr'><strong>maimto-</strong></span> 
     </span>
    </p>
   </div>
   <div class='ocr_carea' id='block_1_87' title="bbox 892 2080 1680 2117">
    <p class='ocr_par' dir='ltr' id='par_1_87' title="bbox 892 2080 1680 2117">
     <span class='ocr_line' id='line_1_87' title="bbox 892 2080 1680 2117; baseline -0.004 -9"><span class='ocrx_word' id='word_1_634' title='bbox 892 2081 994 2108; x_wconf 88' lang='lat' dir='ltr'><strong>tndine.</strong></span> <span class='ocrx_word' id='word_1_635' title='bbox 1012 2081 1145 2109; x_wconf 81' lang='lat' dir='ltr'>XXXVII.</span> <span class='ocrx_word' id='word_1_636' title='bbox 1158 2081 1257 2116; x_wconf 85' lang='lat' dir='ltr'><strong>[Nnm.</strong></span> <span class='ocrx_word' id='word_1_637' title='bbox 1274 2081 1332 2117; x_wconf 81' lang='lat'><strong>75.]</strong></span> <span class='ocrx_word' id='word_1_638' title='bbox 1350 2081 1464 2108; x_wconf 86' lang='lat' dir='ltr'><strong>ilahitus</strong></span> <span class='ocrx_word' id='word_1_639' title='bbox 1480 2088 1569 2107; x_wconf 78' lang='lat' dir='ltr'><strong>sermo</strong></span> <span class='ocrx_word' id='word_1_640' title='bbox 1585 2085 1627 2106; x_wconf 86' lang='lat' dir='ltr'><strong>est</strong></span> <span class='ocrx_word' id='word_1_641' title='bbox 1648 2080 1680 2105; x_wconf 87' lang='lat' dir='ltr'><strong>ad</strong></span> 
     </span>
    </p>
   </div>
   <div class='ocr_carea' id='block_1_88' title="bbox 891 2127 1680 2163">
    <p class='ocr_par' dir='ltr' id='par_1_88' title="bbox 891 2127 1680 2163">
     <span class='ocr_line' id='line_1_88' title="bbox 891 2127 1680 2163; baseline -0.005 -9"><span class='ocrx_word' id='word_1_642' title='bbox 891 2127 1122 2162; x_wconf 62' lang='lat' dir='ltr'><strong>inobsequentes:</strong></span> <span class='ocrx_word' id='word_1_643' title='bbox 1144 2135 1210 2162; x_wconf 83' lang='lat' dir='ltr'><strong>quos</strong></span> <span class='ocrx_word' id='word_1_644' title='bbox 1223 2129 1304 2154; x_wconf 87' lang='lat' dir='ltr'><strong>etiam</strong></span> <span class='ocrx_word' id='word_1_645' title='bbox 1332 2128 1364 2163; x_wconf 88' lang='lat' dir='ltr'><strong>(si</strong></span> <span class='ocrx_word' id='word_1_646' title='bbox 1391 2135 1444 2153; x_wconf 88' lang='lat' dir='ltr'><strong>non</strong></span> <span class='ocrx_word' id='word_1_647' title='bbox 1472 2127 1504 2153; x_wconf 86' lang='lat' dir='ltr'><strong>ad</strong></span> <span class='ocrx_word' id='word_1_648' title='bbox 1529 2131 1680 2153; x_wconf 64' lang='lat' dir='ltr'><strong>extremum</strong></span> 
     </span>
    </p>
   </div>
   <div class='ocr_carea' id='block_1_89' title="bbox 891 2171 1680 2208">
    <p class='ocr_par' dir='ltr' id='par_1_89' title="bbox 891 2171 1680 2208">
     <span class='ocr_line' id='line_1_89' title="bbox 891 2171 1680 2208; baseline -0.003 -9"><span class='ocrx_word' id='word_1_649' title='bbox 891 2173 1019 2201; x_wconf 80' lang='lat' dir='ltr'><strong>interitus</strong></span> <span class='ocrx_word' id='word_1_650' title='bbox 1045 2174 1249 2208; x_wconf 58' lang='lat' dir='ltr'><strong>pra‘cipitarint)</strong></span> <span class='ocrx_word' id='word_1_651' title='bbox 1268 2181 1328 2200; x_wconf 89' lang='lat' dir='ltr'><strong>cum</strong></span> <span class='ocrx_word' id='word_1_652' title='bbox 1358 2173 1402 2198; x_wconf 78' lang='lat' dir='ltr'><strong>Dei</strong></span> <span class='ocrx_word' id='word_1_653' title='bbox 1433 2178 1516 2203; x_wconf 78' lang='lat' dir='ltr'><strong>Iltcltt,</strong></span> <span class='ocrx_word' id='word_1_654' title='bbox 1535 2177 1590 2198; x_wconf 87' lang='lat' dir='ltr'><strong>tum</strong></span> <span class='ocrx_word' id='word_1_655' title='bbox 1606 2171 1680 2204; x_wconf 63' lang='lat' dir='ltr'><strong>justo</strong></span> 
     </span>
    </p>
   </div>
   <div class='ocr_carea' id='block_1_90' title="bbox 44 2216 848 2255">
    <p class='ocr_par' dir='ltr' id='par_1_90' title="bbox 44 2216 837 2255">
     <span class='ocr_line' id='line_1_90' title="bbox 44 2216 837 2255; baseline 0.003 -11"><span class='ocrx_word' id='word_1_656' title='bbox 44 2216 78 2248; x_wconf 76' lang='grc' dir='ltr'>ὡς</span> <span class='ocrx_word' id='word_1_657' title='bbox 101 2218 133 2244; x_wconf 77' lang='grc' dir='ltr'>οὐ</span> <span class='ocrx_word' id='word_1_658' title='bbox 159 2218 205 2244; x_wconf 84' lang='grc' dir='ltr'><strong>δεῖ</strong></span> <span class='ocrx_word' id='word_1_659' title='bbox 225 2218 339 2252; x_wconf 69' lang='grc' dir='ltr'>ὀμνύειν</span> <span class='ocrx_word' id='word_1_660' title='bbox 361 2219 423 2245; x_wconf 82' lang='grc' dir='ltr'>οὐδὲ</span> <span class='ocrx_word' id='word_1_661' title='bbox 441 2219 609 2254; x_wconf 74' lang='grc' dir='ltr'>δυσφημεῖν,</span> <span class='ocrx_word' id='word_1_662' title='bbox 638 2220 774 2255; x_wconf 84' lang='grc' dir='ltr'>παραινεῖ.</span> <span class='ocrx_word' id='word_1_663' title='bbox 797 2220 837 2249; x_wconf 71' lang='lat' dir='ltr'><strong>i&#39;O</strong></span> 
     </span>
    </p>
   </div>
   <div class='ocr_carea' id='block_1_91' title="bbox 892 2216 1679 2255">
    <p class='ocr_par' dir='ltr' id='par_1_91' title="bbox 892 2218 1679 2255">
     <span class='ocr_line' id='line_1_91' title="bbox 892 2218 1679 2255; baseline 0.001 -10"><span class='ocrx_word' id='word_1_664' title='bbox 892 2218 989 2251; x_wconf 86' lang='lat' dir='ltr'><strong>iudicio</strong></span> <span class='ocrx_word' id='word_1_665' title='bbox 1004 2219 1095 2246; x_wconf 82' lang='lat' dir='ltr'><strong>futuro</strong></span> <span class='ocrx_word' id='word_1_666' title='bbox 1114 2220 1269 2254; x_wconf 85' lang='lat' dir='ltr'><strong>compescit.</strong></span> <span class='ocrx_word' id='word_1_667' title='bbox 1287 2219 1429 2246; x_wconf 80' lang='lat' dir='ltr'>XXXVIII.</span> <span class='ocrx_word' id='word_1_668' title='bbox 1443 2219 1539 2255; x_wconf 81' lang='grc' dir='ltr'>[Νιιηι.</span> <span class='ocrx_word' id='word_1_669' title='bbox 1554 2219 1611 2254; x_wconf 78' lang='lat'><strong>76.]</strong></span> <span class='ocrx_word' id='word_1_670' title='bbox 1629 2218 1679 2246; x_wconf 77' lang='lat' dir='ltr'><strong>lle-</strong></span> 
     </span>
    </p>
   </div>
   <div class='ocr_carea' id='block_1_92' title="bbox 706 2286 1044 2315">
    <p class='ocr_par' dir='ltr' id='par_1_92' title="bbox 706 2286 1044 2315">
     <span class='ocr_line' id='line_1_92' title="bbox 706 2286 1044 2315; baseline 0 -1"><span class='ocrx_word' id='word_1_671' title='bbox 706 2286 824 2314; x_wconf 69' lang='lat' dir='ltr'><strong>VABIIE</strong></span> <span class='ocrx_word' id='word_1_672' title='bbox 843 2287 1044 2315; x_wconf 68' lang='lat' dir='ltr'><strong>LECTIOXES.</strong></span> 
     </span>
    </p>
   </div>
   <div class='ocr_carea' id='block_1_93' title="bbox 77 2338 700 2385">
    <p class='ocr_par' dir='ltr' id='par_1_93' title="bbox 77 2338 700 2385">
     <span class='ocr_line' id='line_1_93' title="bbox 77 2338 700 2385; baseline 0.003 -18"><span class='ocrx_word' id='word_1_673' title='bbox 77 2343 87 2358; x_wconf 83' lang='grc'>²</span> <span class='ocrx_word' id='word_1_674' title='bbox 100 2338 132 2368; x_wconf 71' lang='grc' dir='ltr'><strong>οὗ</strong></span> <span class='ocrx_word' id='word_1_675' title='bbox 144 2339 195 2385; x_wconf 77' lang='grc' dir='ltr'><strong>ἦν]</strong></span> <span class='ocrx_word' id='word_1_676' title='bbox 210 2341 302 2368; x_wconf 86' lang='lat' dir='ltr'><strong>malim</strong></span> <span class='ocrx_word' id='word_1_677' title='bbox 318 2342 367 2385; x_wconf 64' lang='grc' dir='ltr'><strong>ἣνι</strong></span> <span class='ocrx_word' id='word_1_678' title='bbox 400 2343 410 2358; x_wconf 85' lang='grc'>³</span> <span class='ocrx_word' id='word_1_679' title='bbox 425 2342 472 2369; x_wconf 78' lang='grc' dir='ltr'>τοῦ</span> <span class='ocrx_word' id='word_1_680' title='bbox 482 2344 525 2380; x_wconf 67' lang='grc' dir='ltr'>ᾼι</span> <span class='ocrx_word' id='word_1_681' title='bbox 540 2343 584 2369; x_wconf 79' lang='grc' dir='ltr'>ὅτε</span> <span class='ocrx_word' id='word_1_682' title='bbox 610 2342 657 2370; x_wconf 80' lang='grc' dir='ltr'>τοῦ</span> <span class='ocrx_word' id='word_1_683' title='bbox 670 2352 700 2375; x_wconf 82' lang='grc' dir='ltr'><strong>ς.</strong></span> 
     </span>
    </p>
   </div>
   <div class='ocr_carea' id='block_1_94' title="bbox 745 2342 1008 2378">
    <p class='ocr_par' dir='ltr' id='par_1_94' title="bbox 745 2342 1008 2378">
     <span class='ocr_line' id='line_1_94' title="bbox 745 2342 1008 2378; baseline 0.004 -10"><span class='ocrx_word' id='word_1_684' title='bbox 745 2342 756 2358; x_wconf 68' lang='grc'><strong>⁸</strong></span> <span class='ocrx_word' id='word_1_685' title='bbox 765 2343 964 2378; x_wconf 83' lang='grc' dir='ltr'>διειλημμένων</span> <span class='ocrx_word' id='word_1_686' title='bbox 977 2352 1008 2375; x_wconf 76' lang='grc' dir='ltr'>ς.</span> 
     </span>
    </p>
   </div>
   <div class='ocr_carea' id='block_1_95' title="bbox 1059 2342 1681 2383">
    <p class='ocr_par' dir='ltr' id='par_1_95' title="bbox 1059 2342 1681 2383">
     <span class='ocr_line' id='line_1_95' title="bbox 1059 2342 1681 2383; baseline 0 -14"><span class='ocrx_word' id='word_1_687' title='bbox 1059 2345 1069 2360; x_wconf 80' lang='grc'><strong><em>⁸</em></strong></span> <span class='ocrx_word' id='word_1_688' title='bbox 1085 2343 1255 2383; x_wconf 37' lang='grc' dir='ltr'>διαλεκτικοὶ.</span> <span class='ocrx_word' id='word_1_689' title='bbox 1263 2353 1294 2376; x_wconf 84' lang='grc' dir='ltr'><strong>ς.</strong></span> <span class='ocrx_word' id='word_1_690' title='bbox 1315 2344 1343 2383; x_wconf 45' lang='grc' dir='ltr'>μθ</span> <span class='ocrx_word' id='word_1_691' title='bbox 1356 2342 1514 2383; x_wconf 75' lang='grc' dir='ltr'>ὀιγώνισμα]</span> <span class='ocrx_word' id='word_1_692' title='bbox 1529 2343 1614 2383; x_wconf 70' lang='lat' dir='ltr'><strong>aptius</strong></span> <span class='ocrx_word' id='word_1_693' title='bbox 1625 2343 1681 2383; x_wconf 73' lang='lat' dir='ltr'><strong>lor-</strong></span> 
     </span>
    </p>
   </div>
   <div class='ocr_carea' id='block_1_96' title="bbox 45 2377 1681 2412">
    <p class='ocr_par' dir='ltr' id='par_1_96' title="bbox 45 2377 1681 2412">
     <span class='ocr_line' id='line_1_96' title="bbox 45 2377 1681 2412; baseline 0.001 -10"><span class='ocrx_word' id='word_1_694' title='bbox 45 2380 112 2404; x_wconf 69' lang='lat' dir='ltr'><strong>lasse</strong></span> <span class='ocrx_word' id='word_1_695' title='bbox 141 2377 328 2411; x_wconf 76' lang='grc' dir='ltr'>ἀνάγνωσμα.</span> <span class='ocrx_word' id='word_1_696' title='bbox 358 2377 460 2404; x_wconf 84' lang='grc' dir='ltr'>⁷τύπον</span> <span class='ocrx_word' id='word_1_697' title='bbox 468 2378 500 2405; x_wconf 75' lang='grc' dir='ltr'><strong>Ᾱ.</strong></span> <span class='ocrx_word' id='word_1_698' title='bbox 538 2379 550 2394; x_wconf 80' lang='grc'><strong>³</strong></span> <span class='ocrx_word' id='word_1_699' title='bbox 563 2379 698 2405; x_wconf 80' lang='grc' dir='ltr'>ἐπίκοινα.</span> <span class='ocrx_word' id='word_1_700' title='bbox 713 2378 745 2404; x_wconf 83' lang='grc' dir='ltr'>Α.</span> <span class='ocrx_word' id='word_1_701' title='bbox 766 2379 777 2394; x_wconf 70' lang='grc'><strong>⁸</strong></span> <span class='ocrx_word' id='word_1_702' title='bbox 790 2377 873 2405; x_wconf 75' lang='lat' dir='ltr'><strong>6ante</strong></span> <span class='ocrx_word' id='word_1_703' title='bbox 888 2378 926 2404; x_wconf 83' lang='lat' dir='ltr'><strong>IA’</strong></span> <span class='ocrx_word' id='word_1_704' title='bbox 942 2383 968 2405; x_wconf 91' lang='lat' dir='ltr'><strong>et</strong></span> <span class='ocrx_word' id='word_1_705' title='bbox 981 2378 1027 2404; x_wconf 72' lang='grc' dir='ltr'>καὶ</span> <span class='ocrx_word' id='word_1_706' title='bbox 1041 2384 1101 2412; x_wconf 90' lang='lat' dir='ltr'><strong>post</strong></span> <span class='ocrx_word' id='word_1_707' title='bbox 1120 2377 1160 2404; x_wconf 77' lang='lat' dir='ltr'><strong>iA&#39;</strong></span> <span class='ocrx_word' id='word_1_708' title='bbox 1173 2387 1227 2405; x_wconf 89' lang='lat' dir='ltr'><strong>otn.</strong></span> <span class='ocrx_word' id='word_1_709' title='bbox 1242 2381 1275 2405; x_wconf 84' lang='lat' dir='ltr'><strong>A.</strong></span> <span class='ocrx_word' id='word_1_710' title='bbox 1315 2379 1336 2394; x_wconf 82' lang='grc'>¹⁰</span> <span class='ocrx_word' id='word_1_711' title='bbox 1349 2378 1527 2411; x_wconf 82' lang='grc' dir='ltr'>εἰσαγωγικὸς</span> <span class='ocrx_word' id='word_1_712' title='bbox 1544 2377 1566 2403; x_wconf 74' lang='grc' dir='ltr'>δ’</span> <span class='ocrx_word' id='word_1_713' title='bbox 1583 2378 1681 2411; x_wconf 76' lang='grc' dir='ltr'>ὁμοίως</span> 
     </span>
    </p>
   </div>
   <div class='ocr_carea' id='block_1_97' title="bbox 44 2412 476 2447">
    <p class='ocr_par' dir='ltr' id='par_1_97' title="bbox 44 2412 476 2447">
     <span class='ocr_line' id='line_1_97' title="bbox 44 2412 476 2447; baseline 0.005 -10"><span class='ocrx_word' id='word_1_714' title='bbox 44 2412 64 2447; x_wconf 66' lang='grc' dir='ltr'>ᾼ</span> <span class='ocrx_word' id='word_1_715' title='bbox 79 2421 86 2438; x_wconf 86' lang='grc'>;</span> <span class='ocrx_word' id='word_1_716' title='bbox 102 2412 213 2446; x_wconf 81' lang='grc' dir='ltr'>ὁμοίως</span> <span class='ocrx_word' id='word_1_717' title='bbox 239 2413 418 2447; x_wconf 74' lang='grc' dir='ltr'>εὶσαγωγικδς</span> <span class='ocrx_word' id='word_1_718' title='bbox 445 2422 476 2445; x_wconf 82' lang='grc' dir='ltr'><strong>ς.</strong></span> 
     </span>
    </p>
   </div>
   <div class='ocr_carea' id='block_1_98' title="bbox 514 2411 1680 2447">
    <p class='ocr_par' dir='ltr' id='par_1_98' title="bbox 514 2411 1680 2447">
     <span class='ocr_line' id='line_1_98' title="bbox 514 2411 1680 2447; baseline -0.002 -7"><span class='ocrx_word' id='word_1_719' title='bbox 514 2413 535 2429; x_wconf 88' lang='grc'><strong>¹¹</strong></span> <span class='ocrx_word' id='word_1_720' title='bbox 547 2419 609 2440; x_wconf 85' lang='lat' dir='ltr'><strong>ante</strong></span> <span class='ocrx_word' id='word_1_721' title='bbox 638 2414 681 2439; x_wconf 80' lang='lat' dir='ltr'><strong>IH’</strong></span> <span class='ocrx_word' id='word_1_722' title='bbox 700 2417 727 2439; x_wconf 90' lang='lat' dir='ltr'><strong>et</strong></span> <span class='ocrx_word' id='word_1_723' title='bbox 742 2411 782 2439; x_wconf 76' lang='lat'><strong>16&#39;</strong></span> <span class='ocrx_word' id='word_1_724' title='bbox 796 2421 856 2439; x_wconf 90' lang='lat' dir='ltr'><strong>cum</strong></span> <span class='ocrx_word' id='word_1_725' title='bbox 872 2414 896 2439; x_wconf 85' lang='lat' dir='ltr'><strong>A</strong></span> <span class='ocrx_word' id='word_1_726' title='bbox 916 2414 995 2440; x_wconf 88' lang='lat' dir='ltr'><strong>omisi</strong></span> <span class='ocrx_word' id='word_1_727' title='bbox 1011 2413 1033 2439; x_wconf 88' lang='lat'><em>6.</em></span> <span class='ocrx_word' id='word_1_728' title='bbox 1042 2411 1118 2440; x_wconf 17' lang='lat' dir='ltr'><strong>iidem</strong></span> <span class='ocrx_word' id='word_1_729' title='bbox 1137 2415 1200 2440; x_wconf 85' lang='lat' dir='ltr'><strong>ini&#39;r.</strong></span> <span class='ocrx_word' id='word_1_730' title='bbox 1225 2421 1280 2439; x_wconf 85' lang='lat' dir='ltr'><strong>om.</strong></span> <span class='ocrx_word' id='word_1_731' title='bbox 1295 2412 1353 2439; x_wconf 77' lang='grc' dir='ltr'>τοῦ.</span> <span class='ocrx_word' id='word_1_732' title='bbox 1393 2415 1413 2429; x_wconf 85' lang='grc' dir='ltr'>ι²</span> <span class='ocrx_word' id='word_1_733' title='bbox 1431 2414 1478 2438; x_wconf 75' lang='grc' dir='ltr'>καὶ</span> <span class='ocrx_word' id='word_1_734' title='bbox 1492 2413 1544 2447; x_wconf 64' lang='lat' dir='ltr'><strong>att]</strong></span> <span class='ocrx_word' id='word_1_735' title='bbox 1562 2414 1575 2438; x_wconf 90' lang='lat'><strong>6</strong></span> <span class='ocrx_word' id='word_1_736' title='bbox 1597 2413 1625 2438; x_wconf 78' lang='grc' dir='ltr'>δὲ</span> <span class='ocrx_word' id='word_1_737' title='bbox 1641 2414 1680 2438; x_wconf 73' lang='grc' dir='ltr'>κίν</span> 
     </span>
    </p>
   </div>
   <div class='ocr_carea' id='block_1_99' title="bbox 44 2446 1682 2484">
    <p class='ocr_par' dir='ltr' id='par_1_99' title="bbox 44 2446 1682 2484">
     <span class='ocr_line' id='line_1_99' title="bbox 44 2446 1682 2484; baseline -0.001 -10"><span class='ocrx_word' id='word_1_738' title='bbox 44 2446 78 2477; x_wconf 72' lang='grc' dir='ltr'>ὡς</span> <span class='ocrx_word' id='word_1_739' title='bbox 169 2447 196 2484; x_wconf 59' lang='grc' dir='ltr'><strong>ξ’</strong></span> <span class='ocrx_word' id='word_1_740' title='bbox 209 2447 250 2477; x_wconf 78' lang='grc' dir='ltr'>ὡς</span> <span class='ocrx_word' id='word_1_741' title='bbox 263 2447 285 2474; x_wconf 80' lang='grc' dir='ltr'>Α</span> <span class='ocrx_word' id='word_1_742' title='bbox 299 2446 392 2484; x_wconf 26' lang='grc' dir='ltr'>ιὸτινς.</span> <span class='ocrx_word' id='word_1_743' title='bbox 409 2447 431 2463; x_wconf 73' lang='grc' dir='ltr'>¹δ</span> <span class='ocrx_word' id='word_1_744' title='bbox 445 2447 593 2484; x_wconf 81' lang='grc' dir='ltr'><strong>ΛΔ’-ΛΕ’]</strong></span> <span class='ocrx_word' id='word_1_745' title='bbox 606 2447 626 2474; x_wconf 86' lang='grc' dir='ltr'>δ’</span> <span class='ocrx_word' id='word_1_746' title='bbox 638 2463 670 2468; x_wconf 87' lang='grc'><strong>-</strong></span> <span class='ocrx_word' id='word_1_747' title='bbox 682 2448 704 2473; x_wconf 85' lang='grc' dir='ltr'>ε’</span> <span class='ocrx_word' id='word_1_748' title='bbox 719 2449 766 2475; x_wconf 82' lang='grc' dir='ltr'>καὶ</span> <span class='ocrx_word' id='word_1_749' title='bbox 781 2448 802 2474; x_wconf 88' lang='grc' dir='ltr'>λ’</span> <span class='ocrx_word' id='word_1_750' title='bbox 816 2449 863 2475; x_wconf 73' lang='grc' dir='ltr'>καὶ</span> <span class='ocrx_word' id='word_1_751' title='bbox 872 2448 893 2474; x_wconf 85' lang='grc' dir='ltr'>λ’</span> <span class='ocrx_word' id='word_1_752' title='bbox 908 2449 942 2476; x_wconf 83' lang='grc' dir='ltr'><strong>Α.</strong></span> <span class='ocrx_word' id='word_1_753' title='bbox 961 2449 1030 2475; x_wconf 82' lang='lat' dir='ltr'><strong>idem</strong></span> <span class='ocrx_word' id='word_1_754' title='bbox 1052 2451 1078 2480; x_wconf 78' lang='grc' dir='ltr'>ς’</span> <span class='ocrx_word' id='word_1_755' title='bbox 1093 2449 1140 2476; x_wconf 82' lang='grc' dir='ltr'>καὶ</span> <span class='ocrx_word' id='word_1_756' title='bbox 1155 2447 1175 2474; x_wconf 86' lang='grc' dir='ltr'>λ’</span> <span class='ocrx_word' id='word_1_757' title='bbox 1193 2453 1220 2475; x_wconf 87' lang='lat' dir='ltr'><strong>et</strong></span> <span class='ocrx_word' id='word_1_758' title='bbox 1236 2449 1257 2474; x_wconf 69' lang='grc' dir='ltr'><strong>θ’</strong></span> <span class='ocrx_word' id='word_1_759' title='bbox 1268 2449 1315 2475; x_wconf 77' lang='grc' dir='ltr'>καὶ</span> <span class='ocrx_word' id='word_1_760' title='bbox 1327 2449 1348 2474; x_wconf 82' lang='grc' dir='ltr'>λ’</span> <span class='ocrx_word' id='word_1_761' title='bbox 1373 2454 1399 2475; x_wconf 87' lang='lat' dir='ltr'><strong>et</strong></span> <span class='ocrx_word' id='word_1_762' title='bbox 1409 2452 1433 2475; x_wconf 88' lang='grc' dir='ltr'>α’</span> <span class='ocrx_word' id='word_1_763' title='bbox 1452 2450 1499 2474; x_wconf 72' lang='grc' dir='ltr'>καὶ</span> <span class='ocrx_word' id='word_1_764' title='bbox 1528 2446 1553 2482; x_wconf 73' lang='grc' dir='ltr'>μ’</span> <span class='ocrx_word' id='word_1_765' title='bbox 1568 2467 1574 2479; x_wconf 88' lang='grc'>,</span> <span class='ocrx_word' id='word_1_766' title='bbox 1591 2451 1617 2479; x_wconf 81' lang='grc' dir='ltr'>ς’</span> <span class='ocrx_word' id='word_1_767' title='bbox 1634 2447 1682 2473; x_wconf 68' lang='grc' dir='ltr'>καὶ</span> 
     </span>
    </p>
   </div>
   <div class='ocr_carea' id='block_1_100' title="bbox 43 2481 804 2518">
    <p class='ocr_par' dir='ltr' id='par_1_100' title="bbox 43 2481 804 2518">
     <span class='ocr_line' id='line_1_100' title="bbox 43 2481 804 2518; baseline 0.004 -11"><span class='ocrx_word' id='word_1_768' title='bbox 43 2485 78 2515; x_wconf 83' lang='grc' dir='ltr'><strong>μ’,</strong></span> <span class='ocrx_word' id='word_1_769' title='bbox 92 2481 117 2514; x_wconf 69' lang='grc' dir='ltr'><strong>ζ*</strong></span> <span class='ocrx_word' id='word_1_770' title='bbox 134 2482 187 2508; x_wconf 78' lang='grc' dir='ltr'>καὶ</span> <span class='ocrx_word' id='word_1_771' title='bbox 205 2484 245 2518; x_wconf 83' lang='grc' dir='ltr'><strong>μ’.</strong></span> <span class='ocrx_word' id='word_1_772' title='bbox 289 2483 311 2498; x_wconf 87' lang='grc'><strong>¹⁵</strong></span> <span class='ocrx_word' id='word_1_773' title='bbox 323 2482 445 2510; x_wconf 79' lang='grc' dir='ltr'>ἐθέλουσι</span> <span class='ocrx_word' id='word_1_774' title='bbox 457 2492 487 2515; x_wconf 70' lang='grc' dir='ltr'>ς’.</span> <span class='ocrx_word' id='word_1_775' title='bbox 517 2484 539 2500; x_wconf 77' lang='grc'><strong>¹⁶</strong></span> <span class='ocrx_word' id='word_1_776' title='bbox 550 2485 564 2510; x_wconf 88' lang='grc' dir='ltr'>ὁ</span> <span class='ocrx_word' id='word_1_777' title='bbox 577 2481 606 2510; x_wconf 79' lang='grc' dir='ltr'>δὲ</span> <span class='ocrx_word' id='word_1_778' title='bbox 625 2485 649 2510; x_wconf 75' lang='grc' dir='ltr'><strong>Α</strong></span> <span class='ocrx_word' id='word_1_779' title='bbox 662 2492 669 2510; x_wconf 87' lang='lat'><strong>:</strong></span> <span class='ocrx_word' id='word_1_780' title='bbox 681 2484 729 2511; x_wconf 80' lang='grc' dir='ltr'>καὶ</span> <span class='ocrx_word' id='word_1_781' title='bbox 745 2485 759 2510; x_wconf 91' lang='lat'><strong>6</strong></span> <span class='ocrx_word' id='word_1_782' title='bbox 772 2491 804 2515; x_wconf 76' lang='grc' dir='ltr'>ς.</span> 
     </span>
    </p>
   </div>
   <div class='ocr_carea' id='block_1_101' title="bbox 76 2601 837 2637">
    <p class='ocr_par' dir='ltr' id='par_1_101' title="bbox 76 2601 837 2637">
     <span class='ocr_line' id='line_1_101' title="bbox 76 2601 837 2637; baseline -0.001 -8"><span class='ocrx_word' id='word_1_783' title='bbox 76 2602 136 2636; x_wconf 83' lang='lat'><strong>(57)</strong></span> <span class='ocrx_word' id='word_1_784' title='bbox 160 2603 204 2630; x_wconf 85' lang='lat' dir='ltr'><strong>De</strong></span> <span class='ocrx_word' id='word_1_785' title='bbox 218 2610 274 2637; x_wconf 88' lang='lat' dir='ltr'><strong>quo</strong></span> <span class='ocrx_word' id='word_1_786' title='bbox 292 2602 377 2630; x_wconf 77' lang='lat' dir='ltr'><strong>multa</strong></span> <span class='ocrx_word' id='word_1_787' title='bbox 401 2601 568 2629; x_wconf 71' lang='lat' dir='ltr'><strong>Sozomenus</strong></span> <span class='ocrx_word' id='word_1_788' title='bbox 582 2601 630 2629; x_wconf 89' lang='lat' dir='ltr'><strong>iib.</strong></span> <span class='ocrx_word' id='word_1_789' title='bbox 656 2610 698 2635; x_wconf 80' lang='grc' dir='ltr'>ιιι,</span> <span class='ocrx_word' id='word_1_790' title='bbox 716 2609 775 2637; x_wconf 86' lang='lat' dir='ltr'><strong>cap.</strong></span> <span class='ocrx_word' id='word_1_791' title='bbox 793 2601 837 2629; x_wconf 74' lang='grc'><strong>15.</strong></span> 
     </span>
    </p>
   </div>
   <div class='ocr_carea' id='block_1_102' title="bbox 75 2637 840 2673">
    <p class='ocr_par' dir='ltr' id='par_1_102' title="bbox 75 2637 840 2673">
     <span class='ocr_line' id='line_1_102' title="bbox 75 2637 840 2673; baseline -0.001 -8"><span class='ocrx_word' id='word_1_792' title='bbox 75 2639 135 2673; x_wconf 78' lang='lat'><strong>(58)</strong></span> <span class='ocrx_word' id='word_1_793' title='bbox 163 2638 254 2673; x_wconf 75' lang='lat' dir='ltr'><strong>Cujus</strong></span> <span class='ocrx_word' id='word_1_794' title='bbox 269 2638 427 2673; x_wconf 77' lang='lat' dir='ltr'><strong>argumenti</strong></span> <span class='ocrx_word' id='word_1_795' title='bbox 439 2642 493 2664; x_wconf 88' lang='lat' dir='ltr'><strong>tres</strong></span> <span class='ocrx_word' id='word_1_796' title='bbox 510 2637 592 2664; x_wconf 89' lang='lat' dir='ltr'><strong>habes</strong></span> <span class='ocrx_word' id='word_1_797' title='bbox 611 2638 637 2664; x_wconf 91' lang='lat' dir='ltr'><strong>in</strong></span> <span class='ocrx_word' id='word_1_798' title='bbox 662 2645 748 2673; x_wconf 79' lang='lat' dir='ltr'><strong>nuper</strong></span> <span class='ocrx_word' id='word_1_799' title='bbox 759 2638 840 2665; x_wconf 87' lang='lat' dir='ltr'><strong>editis</strong></span> 
     </span>
    </p>
   </div>
   <div class='ocr_carea' id='block_1_103' title="bbox 43 2671 839 2707">
    <p class='ocr_par' dir='ltr' id='par_1_103' title="bbox 43 2671 839 2707">
     <span class='ocr_line' id='line_1_103' title="bbox 43 2671 839 2707; baseline 0.003 -9"><span class='ocrx_word' id='word_1_800' title='bbox 43 2671 230 2707; x_wconf 40' lang='lat' dir='ltr'><strong>hujus-sancti</strong></span> <span class='ocrx_word' id='word_1_801' title='bbox 241 2671 331 2699; x_wconf 88' lang='lat' dir='ltr'><strong>Patris</strong></span> <span class='ocrx_word' id='word_1_802' title='bbox 345 2672 472 2706; x_wconf 87' lang='lat' dir='ltr'><strong>operibus</strong></span> <span class='ocrx_word' id='word_1_803' title='bbox 484 2680 634 2703; x_wconf 80' lang='lat' dir='ltr'><strong>sermones,</strong></span> <span class='ocrx_word' id='word_1_804' title='bbox 646 2671 711 2699; x_wconf 69' lang='lat' dir='ltr'><strong>tom.</strong></span> <span class='ocrx_word' id='word_1_805' title='bbox 726 2671 747 2700; x_wconf 89' lang='grc' dir='ltr'><strong>Ι.</strong></span> <span class='ocrx_word' id='word_1_806' title='bbox 764 2680 839 2700; x_wconf 91' lang='lat' dir='ltr'><strong>num.</strong></span> 
     </span>
    </p>
   </div>
   <div class='ocr_carea' id='block_1_104' title="bbox 42 2707 839 2741">
    <p class='ocr_par' dir='ltr' id='par_1_104' title="bbox 42 2707 839 2741">
     <span class='ocr_line' id='line_1_104' title="bbox 42 2707 839 2741; baseline 0.001 -8"><span class='ocrx_word' id='word_1_807' title='bbox 42 2707 84 2734; x_wconf 68' lang='grc' dir='ltr'>ὃὸ.</span> <span class='ocrx_word' id='word_1_808' title='bbox 95 2709 196 2736; x_wconf 77' lang='lat' dir='ltr'><strong>Altero</strong></span> <span class='ocrx_word' id='word_1_809' title='bbox 211 2709 277 2734; x_wconf 88' lang='lat' dir='ltr'><strong>item</strong></span> <span class='ocrx_word' id='word_1_810' title='bbox 289 2708 490 2738; x_wconf 86' lang='lat' dir='ltr'><strong>tomo,nutn.i,</strong></span> <span class='ocrx_word' id='word_1_811' title='bbox 505 2707 572 2735; x_wconf 87' lang='lat' dir='ltr'><strong>etili</strong></span> <span class='ocrx_word' id='word_1_812' title='bbox 586 2708 712 2741; x_wconf 88' lang='lat' dir='ltr'><strong>denique,</strong></span> <span class='ocrx_word' id='word_1_813' title='bbox 726 2716 799 2734; x_wconf 88' lang='lat' dir='ltr'><strong>num.</strong></span> <span class='ocrx_word' id='word_1_814' title='bbox 813 2707 839 2734; x_wconf 83' lang='lat'><em>6.</em></span> 
     </span>
    </p>
   </div>
   <div class='ocr_carea' id='block_1_105' title="bbox 44 2742 841 2778">
    <p class='ocr_par' dir='ltr' id='par_1_105' title="bbox 44 2742 841 2778">
     <span class='ocr_line' id='line_1_105' title="bbox 44 2742 841 2778; baseline 0 -10"><span class='ocrx_word' id='word_1_815' title='bbox 44 2742 173 2778; x_wconf 77' lang='lat' dir='ltr'><strong>Plerique</strong></span> <span class='ocrx_word' id='word_1_816' title='bbox 186 2747 281 2769; x_wconf 83' lang='lat' dir='ltr'><strong>autem</strong></span> <span class='ocrx_word' id='word_1_817' title='bbox 298 2743 395 2769; x_wconf 78' lang='lat' dir='ltr'><strong>borum</strong></span> <span class='ocrx_word' id='word_1_818' title='bbox 410 2742 444 2769; x_wconf 77' lang='grc'><strong>49</strong></span> <span class='ocrx_word' id='word_1_819' title='bbox 455 2750 608 2769; x_wconf 84' lang='lat' dir='ltr'><strong>sermonum</strong></span> <span class='ocrx_word' id='word_1_820' title='bbox 627 2743 659 2769; x_wconf 88' lang='lat' dir='ltr'><strong>ad</strong></span> <span class='ocrx_word' id='word_1_821' title='bbox 676 2743 738 2770; x_wconf 88' lang='lat' dir='ltr'><strong>illud</strong></span> <span class='ocrx_word' id='word_1_822' title='bbox 760 2743 841 2777; x_wconf 90' lang='lat' dir='ltr'><strong>quin-</strong></span> 
     </span>
    </p>
   </div>
   <div class='ocr_carea' id='block_1_106' title="bbox 43 2778 841 2813">
    <p class='ocr_par' dir='ltr' id='par_1_106' title="bbox 43 2778 841 2813">
     <span class='ocr_line' id='line_1_106' title="bbox 43 2778 841 2813; baseline 0.005 -11"><span class='ocrx_word' id='word_1_823' title='bbox 43 2779 174 2810; x_wconf 66' lang='lat' dir='ltr'><strong>quaginta</strong></span> <span class='ocrx_word' id='word_1_824' title='bbox 189 2778 374 2805; x_wconf 73' lang='lat' dir='ltr'><strong>Par-eneseon</strong></span> <span class='ocrx_word' id='word_1_825' title='bbox 390 2785 457 2810; x_wconf 85' lang='lat' dir='ltr'><strong>opus</strong></span> <span class='ocrx_word' id='word_1_826' title='bbox 470 2782 604 2812; x_wconf 80' lang='lat' dir='ltr'><strong>spectant,</strong></span> <span class='ocrx_word' id='word_1_827' title='bbox 622 2779 693 2813; x_wconf 86' lang='lat' dir='ltr'><strong>quod</strong></span> <span class='ocrx_word' id='word_1_828' title='bbox 707 2786 775 2813; x_wconf 88' lang='lat' dir='ltr'><strong>pene</strong></span> <span class='ocrx_word' id='word_1_829' title='bbox 797 2785 841 2805; x_wconf 84' lang='lat' dir='ltr'><strong>sc-</strong></span> 
     </span>
    </p>
   </div>
   <div class='ocr_carea' id='block_1_107' title="bbox 44 2813 578 2841">
    <p class='ocr_par' dir='ltr' id='par_1_107' title="bbox 44 2813 578 2841">
     <span class='ocr_line' id='line_1_107' title="bbox 44 2813 578 2841; baseline 0.004 -3"><span class='ocrx_word' id='word_1_830' title='bbox 44 2813 162 2840; x_wconf 70' lang='lat' dir='ltr'><strong>Lillidlllll</strong></span> <span class='ocrx_word' id='word_1_831' title='bbox 181 2814 320 2840; x_wconf 84' lang='lat' dir='ltr'><strong>editorum</strong></span> <span class='ocrx_word' id='word_1_832' title='bbox 339 2817 439 2839; x_wconf 87' lang='lat' dir='ltr'><strong>tomum</strong></span> <span class='ocrx_word' id='word_1_833' title='bbox 460 2813 578 2841; x_wconf 81' lang='lat' dir='ltr'><strong>coniicit.</strong></span> 
     </span>
    </p>
   </div>
   <div class='ocr_carea' id='block_1_108' title="bbox 78 2847 413 2883">
    <p class='ocr_par' dir='ltr' id='par_1_108' title="bbox 78 2847 413 2883">
     <span class='ocr_line' id='line_1_108' title="bbox 78 2847 413 2883; baseline -0.003 -9"><span class='ocrx_word' id='word_1_834' title='bbox 78 2847 148 2883; x_wconf 70' lang='lat'><strong>(58&#39;)</strong></span> <span class='ocrx_word' id='word_1_835' title='bbox 167 2849 249 2876; x_wconf 83' lang='lat' dir='ltr'><strong>Tom.</strong></span> <span class='ocrx_word' id='word_1_836' title='bbox 268 2847 300 2878; x_wconf 87' lang='lat' dir='ltr'><strong>ii,</strong></span> <span class='ocrx_word' id='word_1_837' title='bbox 322 2855 350 2873; x_wconf 93' lang='lat' dir='ltr'><strong>n.</strong></span> <span class='ocrx_word' id='word_1_838' title='bbox 369 2847 413 2873; x_wconf 76' lang='grc'>55.</span> 
     </span>
    </p>
   </div>
   <div class='ocr_carea' id='block_1_109' title="bbox 844 2543 962 2572">
    <p class='ocr_par' dir='ltr' id='par_1_109' title="bbox 844 2543 962 2572">
     <span class='ocr_line' id='line_1_109' title="bbox 844 2543 962 2572; baseline 0.008 -1"><span class='ocrx_word' id='word_1_839' title='bbox 844 2543 962 2572; x_wconf 70' lang='lat' dir='ltr'><strong>NOTAE.</strong></span> 
     </span>
    </p>
   </div>
   <div class='ocr_carea' id='block_1_110' title="bbox 929 2601 1679 2635">
    <p class='ocr_par' dir='ltr' id='par_1_110' title="bbox 929 2601 1679 2635">
     <span class='ocr_line' id='line_1_110' title="bbox 929 2601 1679 2635; baseline -0.001 -6"><span class='ocrx_word' id='word_1_840' title='bbox 929 2602 985 2634; x_wconf 79' lang='lat'><strong>(59)</strong></span> <span class='ocrx_word' id='word_1_841' title='bbox 995 2601 1107 2629; x_wconf 88' lang='lat' dir='ltr'><strong>Videtur</strong></span> <span class='ocrx_word' id='word_1_842' title='bbox 1119 2602 1152 2629; x_wconf 84' lang='lat' dir='ltr'><strong>ad</strong></span> <span class='ocrx_word' id='word_1_843' title='bbox 1168 2608 1233 2630; x_wconf 87' lang='lat' dir='ltr'><strong>tom.</strong></span> <span class='ocrx_word' id='word_1_844' title='bbox 1247 2602 1268 2635; x_wconf 82' lang='grc' dir='ltr'>ι,</span> <span class='ocrx_word' id='word_1_845' title='bbox 1283 2610 1357 2630; x_wconf 89' lang='lat' dir='ltr'><strong>num.</strong></span> <span class='ocrx_word' id='word_1_846' title='bbox 1371 2601 1539 2634; x_wconf 78' lang='lat' dir='ltr'><strong>55,1ralatns</strong></span> <span class='ocrx_word' id='word_1_847' title='bbox 1553 2602 1578 2629; x_wconf 93' lang='lat' dir='ltr'><strong>in</strong></span> <span class='ocrx_word' id='word_1_848' title='bbox 1590 2603 1679 2629; x_wconf 82' lang='lat' dir='ltr'><strong>editis.</strong></span> 
     </span>
    </p>
   </div>
   <div class='ocr_carea' id='block_1_111' title="bbox 930 2636 1242 2671">
    <p class='ocr_par' dir='ltr' id='par_1_111' title="bbox 930 2636 1242 2671">
     <span class='ocr_line' id='line_1_111' title="bbox 930 2636 1242 2671; baseline 0 -7"><span class='ocrx_word' id='word_1_849' title='bbox 930 2637 989 2671; x_wconf 83' lang='grc'><strong>(60)</strong></span> <span class='ocrx_word' id='word_1_850' title='bbox 1008 2636 1086 2664; x_wconf 87' lang='grc' dir='ltr'>Τοιιι.</span> <span class='ocrx_word' id='word_1_851' title='bbox 1102 2637 1135 2670; x_wconf 87' lang='lat' dir='ltr'><strong>ii,</strong></span> <span class='ocrx_word' id='word_1_852' title='bbox 1152 2646 1179 2665; x_wconf 87' lang='grc' dir='ltr'>ιι,</span> <span class='ocrx_word' id='word_1_853' title='bbox 1197 2638 1242 2664; x_wconf 76' lang='grc'>57.</span> 
     </span>
    </p>
   </div>
   <div class='ocr_carea' id='block_1_112' title="bbox 931 2671 1416 2706">
    <p class='ocr_par' dir='ltr' id='par_1_112' title="bbox 931 2671 1416 2706">
     <span class='ocr_line' id='line_1_112' title="bbox 931 2671 1416 2706; baseline 0.002 -7"><span class='ocrx_word' id='word_1_854' title='bbox 931 2671 986 2706; x_wconf 84' lang='lat' dir='ltr'><strong>(6i)</strong></span> <span class='ocrx_word' id='word_1_855' title='bbox 1002 2672 1030 2698; x_wconf 89' lang='lat' dir='ltr'><strong>In</strong></span> <span class='ocrx_word' id='word_1_856' title='bbox 1048 2673 1128 2698; x_wconf 64' lang='lat' dir='ltr'><strong>editis</strong></span> <span class='ocrx_word' id='word_1_857' title='bbox 1142 2674 1205 2699; x_wconf 88' lang='lat' dir='ltr'><strong>tonti</strong></span> <span class='ocrx_word' id='word_1_858' title='bbox 1227 2673 1260 2704; x_wconf 77' lang='lat' dir='ltr'><strong>li,</strong></span> <span class='ocrx_word' id='word_1_859' title='bbox 1280 2681 1354 2699; x_wconf 89' lang='lat' dir='ltr'><strong>nttm.</strong></span> <span class='ocrx_word' id='word_1_860' title='bbox 1371 2672 1416 2700; x_wconf 64' lang='grc'><strong>62.</strong></span> 
     </span>
    </p>
   </div>
   <div class='ocr_carea' id='block_1_113' title="bbox 930 2707 1373 2742">
    <p class='ocr_par' dir='ltr' id='par_1_113' title="bbox 930 2707 1373 2742">
     <span class='ocr_line' id='line_1_113' title="bbox 930 2707 1373 2742; baseline 0 -8"><span class='ocrx_word' id='word_1_861' title='bbox 930 2707 986 2742; x_wconf 62' lang='grc' dir='ltr'>(οἳ)</span> <span class='ocrx_word' id='word_1_862' title='bbox 999 2707 1034 2733; x_wconf 66' lang='lat'><em>26</em></span> <span class='ocrx_word' id='word_1_863' title='bbox 1047 2713 1074 2733; x_wconf 89' lang='lat' dir='ltr'><strong>et</strong></span> <span class='ocrx_word' id='word_1_864' title='bbox 1090 2707 1127 2733; x_wconf 75' lang='grc'><strong>27</strong></span> <span class='ocrx_word' id='word_1_865' title='bbox 1152 2709 1286 2742; x_wconf 65' lang='lat' dir='ltr'><strong>praeterita</strong></span> <span class='ocrx_word' id='word_1_866' title='bbox 1302 2713 1373 2735; x_wconf 91' lang='lat' dir='ltr'><strong>sunt.</strong></span> 
     </span>
    </p>
   </div>
   <div class='ocr_carea' id='block_1_114' title="bbox 929 2742 1680 2778">
    <p class='ocr_par' dir='ltr' id='par_1_114' title="bbox 929 2742 1680 2778">
     <span class='ocr_line' id='line_1_114' title="bbox 929 2742 1680 2778; baseline 0.003 -11"><span class='ocrx_word' id='word_1_867' title='bbox 929 2743 985 2777; x_wconf 67' lang='grc'><strong>(65)</strong></span> <span class='ocrx_word' id='word_1_868' title='bbox 999 2742 1078 2769; x_wconf 78' lang='lat' dir='ltr'><strong>Num.</strong></span> <span class='ocrx_word' id='word_1_869' title='bbox 1098 2742 1142 2776; x_wconf 83' lang='lat'><strong>70,</strong></span> <span class='ocrx_word' id='word_1_870' title='bbox 1158 2748 1185 2769; x_wconf 82' lang='lat' dir='ltr'><strong>et</strong></span> <span class='ocrx_word' id='word_1_871' title='bbox 1207 2744 1300 2770; x_wconf 88' lang='lat' dir='ltr'><strong>eodem</strong></span> <span class='ocrx_word' id='word_1_872' title='bbox 1324 2748 1483 2778; x_wconf 76' lang='lat' dir='ltr'><strong>argumento</strong></span> <span class='ocrx_word' id='word_1_873' title='bbox 1497 2743 1566 2770; x_wconf 86' lang='lat' dir='ltr'><strong>alter</strong></span> <span class='ocrx_word' id='word_1_874' title='bbox 1578 2747 1642 2769; x_wconf 90' lang='lat' dir='ltr'><strong>tom.</strong></span> <span class='ocrx_word' id='word_1_875' title='bbox 1659 2743 1680 2772; x_wconf 75' lang='lat' dir='ltr'><strong>l.</strong></span> 
     </span>
    </p>
   </div>
   <div class='ocr_carea' id='block_1_115' title="bbox 895 2778 987 2806">
    <p class='ocr_par' dir='ltr' id='par_1_115' title="bbox 895 2778 987 2806">
     <span class='ocr_line' id='line_1_115' title="bbox 895 2778 987 2806; baseline -0.022 -2"><span class='ocrx_word' id='word_1_876' title='bbox 895 2788 925 2806; x_wconf 82' lang='grc' dir='ltr'>ιι.</span> <span class='ocrx_word' id='word_1_877' title='bbox 945 2778 987 2803; x_wconf 73' lang='grc'><strong>55.</strong></span> 
     </span>
    </p>
   </div>
   <div class='ocr_carea' id='block_1_116' title="bbox 931 2811 1685 2875">
    <p class='ocr_par' dir='ltr' id='par_1_116' title="bbox 931 2811 1685 2875">
     <span class='ocr_line' id='line_1_116' title="bbox 931 2811 1685 2875; baseline 0 -36"><span class='ocrx_word' id='word_1_878' title='bbox 931 2811 1186 2875; x_wconf 42' lang='lat' dir='ltr'><strong>tﬁiiudmtirt’itctici</strong></span> <span class='ocrx_word' id='word_1_879' title='bbox 1213 2815 1324 2842; x_wconf 85' lang='lat' dir='ltr'><strong>nomine</strong></span> <span class='ocrx_word' id='word_1_880' title='bbox 1342 2818 1430 2842; x_wconf 77' lang='lat' dir='ltr'><strong>exstat</strong></span> <span class='ocrx_word' id='word_1_881' title='bbox 1454 2813 1480 2841; x_wconf 87' lang='lat' dir='ltr'><strong>in</strong></span> <span class='ocrx_word' id='word_1_882' title='bbox 1496 2814 1563 2841; x_wconf 84' lang='lat' dir='ltr'><strong>edit.</strong></span> <span class='ocrx_word' id='word_1_883' title='bbox 1578 2818 1642 2841; x_wconf 87' lang='lat' dir='ltr'><strong>tottt.</strong></span> <span class='ocrx_word' id='word_1_884' title='bbox 1660 2816 1685 2843; x_wconf 65' lang='lat'><strong>1.;</strong></span> 
     </span>
     <span class='ocr_line' id='line_1_117' title="bbox 933 2856 1028 2875; baseline 0.011 -1"><span class='ocrx_word' id='word_1_885' title='bbox 933 2856 967 2875; x_wconf 84' lang='grc' dir='ltr'>ιιι.</span> <span class='ocrx_word' id='word_1_886' title='bbox 984 2865 998 2875; x_wconf 86' lang='grc' dir='ltr'><strong>υ</strong></span> <span class='ocrx_word' id='word_1_887' title='bbox 1021 2867 1028 2875; x_wconf 84' lang='grc'><strong>.</strong></span> 
     </span>
    </p>
   </div>
   <div class='ocr_carea' id='block_1_117' title="bbox 894 2856 1028 2875">
    <p class='ocr_par' dir='ltr' id='par_1_117' title="bbox 894 2856 1028 2875">
     <span class='ocr_line' id='line_1_118' title="bbox 894 2856 1028 2875; baseline 0 0"><span class='ocrx_word' id='word_1_888' title='bbox 894 2856 967 2875; x_wconf 77' lang='grc' dir='ltr'><strong>11υ111.</strong></span> <span class='ocrx_word' id='word_1_889' title='bbox 984 2856 1028 2875; x_wconf 71' lang='grc' dir='ltr'>δυ.</span> 
     </span>
    </p>
   </div>
  </div>
