1916 3092
223 162 277 193 659

798 161 930 191 PHOTII
946 146 1204 191 ῬΑΤΒΙΑΗΟΗΑΕ
1218 160 1273 190 ep.

1804 164 1862 194 660

223 223 295 245 ctam
314 216 442 251 pietatem
456 215 561 242 edocet.
573 213 684 242 XXXIX
704 213 800 250 [Num.
831 215 889 251 77.]
904 215 945 242 Ad
955 223 1012 248 eos,

1081 215 1093 241 ὲ
1106 214 1161 241 ΜΒ¹
1174 215 1194 230 ’⁷
1208 214 1363 250 συνίστησιν
1377 213 1415 246 ὡς
1427 213 1519 240 δίκαια
1534 215 1668 242 πέπονθεν
1692 216 1749 244 Ἠλὶ
1768 217 1789 234 ἐ
1801 219 1816 244 ὁ
1828 220 1861 245 ἐν

224 264 272 299 qui
288 271 335 291 sua
347 262 508 297 negligentia
525 262 697 293 labuntur.et
709 262 901 289 excusationes
915 262 1013 290 deinde

224 312 356 336 excusant
375 307 402 334 in
433 305 560 340 peccatis.
577 305 633 333 XL.
656 306 750 342 [Num.
769 306 826 343 78.]
842 307 882 334 Ad
903 307 1014 334 fratrem

224 353 329 386 lapsum
361 352 469 379 habitus
491 356 542 384 est,
566 357 593 378 et
617 352 671 387 agit
700 352 733 379 de
758 352 927 387 poenitentia.
946 352 1014 379 XLI.

227 397 324 434 [Num.
356 396 415 433 79.]
438 397 541 424 Suadet
564 405 578 424 a
604 397 758 432 jnranteulo
789 406 821 425 ac
850 398 1015 426 Ittalediccn-

226 444 262 470 tia
294 443 496 471 abstinendum.
517 442 594 470 XLII.
623 443 680 478 (65)
709 443 819 479 Colligit
841 444 916 478 juste
932 444 1013 478 puni-

226 495 282 517 tum
296 489 353 516 Ileli
369 489 535 516 sacerdotem
554 489 620 524 legis
637 497 644 515 :
661 489 694 516 ad
710 497 771 516 etttn
784 490 830 524 qui
849 490 901 517 hac
916 490 973 524 ipsa
982 490 1016 517 de

227 543 256 563 re
269 536 419 563 dubitabat.
439 535 475 563 De
492 536 588 563 timore
605 535 661 570 (66)
680 542 760 568 porro
783 535 829 562 Dei
856 534 938 562 XLIII
960 542 1017 562 ser-

226 589 307 608 mone
333 581 510 608 disserit:ut
533 585 560 608 et
588 581 621 607 de
650 580 794 607 dilectione
816 579 909 607 XLIV.
933 579 1015 606 XLV.

227 626 313 664 [Num
328 627 386 663 82.]
398 627 541 655 Multarum
559 628 688 654 virtutum
717 627 915 654 admonitiones
927 633 958 653 ac
971 627 1019 653 do-

227 674 342 701 ctrinam
361 674 393 700 ad
412 674 563 708 Eulogium,
579 674 627 708 qui
641 674 696 701 haec
710 672 870 708 postularat,
886 672 1014 706 explicat.

227 719 320 747 XLVI.
335 720 375 746 Ad
395 719 573 754 negligentem
589 724 617 746 et
633 719 759 753 ignavum
787 718 948 745 monachum
964 716 1013 744 ha-

226 766 311 797 bitus.
338 767 504 801 argumentis
531 765 653 800 pulchris
676 772 708 792 ac
729 764 813 791 variis
836 771 851 790 a
873 763 961 790 reditu
982 762 1016 790 ad

228 811 412 847 [saecularem]
437 813 519 839 vitam
545 811 751 839 revocareillum
768 810 891 838 studens.
907 808 1012 836 XLVII.

1069 259 1109 295 τῷ
1126 260 1199 294 νόμῳ
1217 260 1316 295 ἱερεὺς,
1329 259 1398 295 πρὸς
1412 259 1458 286 τὸν
1473 261 1538 295 περὶ
1550 261 1633 288 αὐτοῦ
1654 262 1749 289 τούτου
1773 264 1863 290 ἐπιδι-

1071 304 1214 335 στάζοντα.
1231 305 1299 339 Περὶ
1315 304 1344 331 δὲ
1359 303 1443 338 φόϐου
1458 304 1526 331 Θεοῦ
1543 306 1557 331 ὁ
1570 305 1619 332 ΜΓ
1619 309 1636 338 ',
1656 306 1704 332 καὶ
1715 307 1780 341 περὶ
1790 307 1863 341 ἀγά-

1069 360 1124 386 πης
1134 353 1148 378 ὀ
1165 350 1231 378 Μεν.
1254 351 1285 377 '0
1299 351 1327 378 δὲ
1342 351 1399 378 ME’
1414 351 1483 387 πρὸς
1494 351 1623 386 Εὺλόγιον
1639 353 1687 388 μὲν
1706 354 1863 390 αἰτήσαντα

1069 397 1217 432 γράφεται.
1240 398 1370 424 πλειόνων
1392 398 1413 414 ¹⁹
1428 398 1457 424 δὲ
1483 398 1706 434 κατορθωμάτων
1724 401 1863 435 παραινέ-

1071 451 1128 474 σεις
1161 443 1208 469 καὶ
1243 442 1419 469 διδασκαλίαν
1454 443 1634 471 ἀναπτύσσει.
1675 445 1705 471 Ὀ
1731 446 1760 473 δὲ
1790 447 1863 480 MC."

1069 488 1138 523 πρὸς
1153 489 1176 504 ¹⁰
1192 488 1257 524 [265
1272 488 1319 524 Η.]
1331 489 1499 523 ἀκηδιαστήν
1511 490 1570 516 ἐστι
1585 491 1704 525 μοναχὸν
1720 492 1866 519 συντεθει-

1072 535 1163 568 μένος,
1179 535 1292 566 πολλαῖς
1304 535 1351 561 καὶ
1367 535 1464 567 καλαῖς
1475 536 1628 571 ὑποθήκαις
1641 537 1756 572 ἀπάγων
1775 538 1866 565 αὑτὸν

1069 580 1119 614 τῆς
1131 580 1198 615 πρὸς
1212 581 1259 607 τὸν
1276 581 1332 616 βίον
1355 581 1496 609 ἐπανόδου.
1516 582 1546 609 '0
1560 582 1588 608 δὲ
1610 583 1666 610 ΜΖ¹
1681 584 1865 619 καταδρομὴν

1071 627 1189 653 ποιεῖται
1208 627 1258 662 τῆς
1274 627 1449 663 κακοηθείας.
1468 629 1497 655 '0
1510 629 1538 655 δὲ
1563 630 1633 662 MH’,
1652 630 1714 656 ὅσον
1738 630 1867 665 διενήνο-

1068 681 1116 707 χεν
1132 673 1146 699 ό
1164 673 1308 706 μοναδικὺς
1323 673 1379 708 βίος
1393 675 1444 709 τῆς
1462 675 1491 701 ὲν
1502 674 1598 710 κόσμῳ
1618 675 1768 707 πολιτείας,
1796 676 1867 702 ἐπι-

1067 718 1196 744 δεικνύει.
1218 718 1246 744 Ὁ
1261 718 1289 745 δὲ
1306 719 1363 745 ΜΘ¹
1377 719 1426 754 τὴν
1445 719 1575 755 δευτέραν
1592 720 1640 747 τοῦ
1652 721 1756 755 Κυρίου
1769 720 1854 747 διατυ

1069 764 1116 789 ποῖ
1129 764 1292 798 παρουσίαν,
1309 767 1357 791 καὶ
1375 765 1533 800 παρακαλεῖ
1549 766 1616 801 πρὸς
1634 767 1781 801 μετάνοιαν
1795 767 1868 798 τοὺς

1070 809 1119 836 ἀνθ
1123 809 1242 846 ρώπους.

229 859 393 897 [Νυγη.84.]
414 859 598 894 Reprehensio
614 864 815 893 estpravornm
841 864 958 883 morum.
984 855 1099 884 XLVIII.
1126 857 1222 893 [Num.
1254 858 1312 895 85.]
1355 859 1490 892 Quantum
1520 860 1627 888 differat
1654 861 1776 888 solitaria
1804 861 1869 888 vita

228 915 244 934 a
260 907 395 939 smculari,
414 907 447 934 ob
466 906 558 933 oculos
575 905 658 941 ponit.
675 904 770 932 XLIX.
787 903 940 931 Secundum
964 903 1030 939 (66⁸)
1042 902 1143 931 Christi
1161 905 1307 932 adventum
1331 906 1470 940 describit,
1490 912 1517 934 et
1539 907 1572 934 ad
1594 908 1779 942 pcenitentiaut
1813 908 1872 935 bo-

228 954 316 981 mines
335 953 468 980 hortatur.

265 999 294 1025 ln
315 999 357 1026 liis
373 997 562 1025 admonitoriis
582 997 668 1024 sancti
686 996 737 1024 viri
754 996 936 1029 sermonibus,
953 995 1014 1029 jure
1034 995 1056 1025 Β

228 1045 292 1079 quis
318 1045 480 1075 admiretur,
507 1051 587 1078 quam
605 1043 661 1070 alte
685 1047 810 1077 penetret
837 1042 1017 1077 persuadendi

228 1092 281 1122 vis,
302 1096 491 1126 quantumque
515 1090 548 1116 ab
574 1090 616 1116 bis
641 1089 706 1116 [luat
721 1088 910 1123 iucunditatis,
936 1095 1018 1122 quam

230 1137 348 1171 denique
363 1136 510 1163 affectuum
528 1135 605 1170 copia
622 1135 716 1162 referti
731 1135 796 1162 sint.
815 1134 910 1161 Oratio
928 1138 1019 1161 tamen

232 1183 301 1216 ejus,
315 1190 346 1210 ac
360 1182 452 1217 figura
466 1181 533 1208 nihil
546 1182 655 1213 mirum,
670 1181 692 1208 si
707 1181 739 1208 ad
757 1186 915 1207 consuetum
933 1180 1020 1207 homi-

231 1228 330 1256 liarum
355 1235 445 1259 nsunt,
468 1231 494 1254 et
512 1227 709 1254 inelaboratum
725 1226 832 1254 dicendi
850 1232 935 1261 genus
958 1233 1019 1253 ver-

232 1280 307 1309 gant.
318 1273 376 1301 Non
388 1274 459 1301 enim
475 1274 501 1300 in
516 1278 656 1301 auctorem
670 1281 812 1304 sensuum,
825 1273 872 1299 sed
886 1273 911 1299 in
924 1272 1019 1299 horum

232 1321 407 1355 interpretem
423 1327 453 1347 ea
468 1320 632 1348 conferenda
646 1319 735 1353 culpa.
752 1318 847 1354 16οὸ
876 1318 926 1351 Qui
944 1325 1020 1344 nam-

234 1373 288 1399 qne
303 1366 423 1401 Syriacze
438 1371 501 1393 sunt
511 1365 611 1399 lingua:
627 1365 695 1392 bene
708 1365 796 1399 periti.
807 1364 897 1391 verbis
907 1364 974 1390 adeo
989 1371 1022 1391 ac

234 1412 320 1447 tropis
334 1412 467 1439 excellere
483 1417 595 1443 norunt,
613 1417 640 1438 ut
653 1411 810 1445 ambiguum
823 1411 869 1442 sit.
885 1411 919 1437 ab
944 1410 1022 1437 hisne

233 1466 270 1485 an
291 1466 305 1484 a
320 1465 400 1485 sensu
425 1457 576 1488 recondito,
593 1462 669 1483 tanta
687 1456 744 1490 ejus
757 1455 864 1483 dicendi
884 1456 924 1483 vis
941 1460 1022 1489 atque

234 1503 371 1537 elegantia
400 1501 598 1536 proficiscatur.
623 1501 804 1534 Quamobrem
829 1509 881 1528 non
906 1505 959 1527 tam
982 1500 1023 1526 di-

233 1548 334 1575 ctionis
351 1547 491 1574 humilitas
505 1547 673 1579 admiranda,
688 1555 768 1582 quam
793 1547 856 1574 illud
871 1547 1023 1580 suspicien-

234 1594 310 1625 dum,
339 1593 474 1627 quomodo
503 1601 551 1628 per
578 1598 678 1620 tantam
704 1594 848 1620 verborum
877 1593 1021 1626 vilitatem,

234 1643 308 1666 tanta
326 1640 398 1667 salus
413 1645 493 1674 atque
510 1639 616 1667 utilitas
641 1639 668 1666 in
693 1639 817 1674 legentes
837 1639 910 1667 velut
933 1638 1021 1666 eiIun-

234 1686 323 1713 datur.

270 1731 369 1759 Eadem
397 1738 438 1759 est
464 1733 583 1761 refertus
601 1732 710 1761 dicendi
736 1733 761 1760 vi
788 1738 816 1760 et
839 1733 926 1768 gratia
947 1733 1020 1767 ejus-

235 1780 295 1806 dem
309 1778 367 1813 (67)
391 1779 424 1806 de
445 1779 598 1806 humilitate
614 1779 710 1813 suique
728 1780 902 1814 despectione
921 1786 1022 1813 sermo,

234 1823 262 1851 in
280 1829 388 1851 centum
406 1826 555 1859 productus
571 1825 669 1859 capita.
691 1824 727 1853 Ut
751 1833 802 1852 nec
831 1825 875 1852 illa
902 1829 1022 1852 mutuam

235 1875 297 1894 cum
309 1868 496 1903 superioribus
511 1869 668 1896 alliuitatem
686 1877 718 1896 ac
733 1869 937 1896 similitudinem
954 1869 1023 1896 falso

1036 1664 1058 1693 (Σ

235 1914 338 1942 indicat
360 1915 458 1947 oratio,
485 1923 537 1950 qua
556 1915 645 1942 ridere
662 1915 718 1950 (68)
734 1921 816 1950 atque
835 1916 929 1944 extolli
943 1921 1024 1952 negat

235 1963 370 1993 oportere,
386 1959 433 1987 sed
451 1960 477 1986 iit
494 1967 610 1987 tttmrore
625 1961 714 1994 potius
728 1961 878 1994 degendum
894 1968 963 1988 esse.
981 1961 1023 1988 Ad

236 2004 360 2032 eumdem
378 2005 486 2032 modum
508 2010 536 2032 et
553 2005 598 2032 illa
618 2005 653 2032 ad
677 2005 829 2033 Metebinos
852 2005 907 2040 (69)
928 2013 1022 2033 mona-

235 2049 302 2077 rhos
318 2051 351 2077 ab
376 2051 435 2085 ipso
459 2051 550 2078 habita
578 2051 677 2083 oratio,
699 2059 759 2086 quae.
780 2056 809 2078 ut
834 2051 972 2078 lenitatem
992 2058 1025 2078 ac

236 2097 470 2124 mansuetudinem
509 2098 600 2128 docet,
632 2098 668 2124 ita
697 2097 827 2124 malitiam
867 2098 1022 2132 fugiendam

237 2143 343 2176 suadet,
357 2143 486 2177 ducitque
499 2144 533 2169 ad
555 2143 801 2177 longanimitatem,
817 2143 955 2171 iracundia
980 2151 1024 2170 re-

236 2189 381 2223 prehensa.
399 2189 443 2217 Sic
463 2189 591 2223 patientia
606 2189 706 2217 ctelnm
722 2190 812 2224 parari
827 2197 859 2217 ac
877 2189 1024 2217 beatitudi-

237 2242 297 2262 nem
315 2235 445 2266 ostendit,
462 2235 543 2262 animi
563 2236 644 2262 simul
662 2236 760 2268 abiecti
779 2236 911 2269 prolatam
938 2236 1022 2263 mise—

236 2280 303 2306 riam
320 2288 467 2315 exponens.
489 2280 625 2308 Timorem
644 2281 754 2316 insuper
766 2282 825 2314 Dei,
841 2282 887 2316 qui
910 2281 1021 2316 sapien-

237 2326 400 2352 tintaelcrnm
420 2330 515 2352 auctor
527 2331 568 2353 est
582 2334 614 2353 ac
628 2327 802 2361 principium,
826 2327 939 2357 inducit,
957 2335 1022 2354 con-
1040 2335 1063 2364 ι)

238 2371 516 2407 tentptorcntque[Uei
529 2372 677 2409 hominem]
689 2373 776 2408 poenis
785 2374 905 2400 damnat.
915 2373 953 2400 Ad
966 2372 1024 2400 haec

1113 994 1157 1021 Ἐν
1177 995 1282 1027 τούτοις
1295 997 1351 1027 τοῖς
1374 999 1579 1032 παραινετικοῖς
1600 997 1691 1031 λόγοις
1706 997 1754 1024 τοῦ
1780 998 1872 1032 ἁγίου

1071 1040 1238 1076 θαυμάσειεν
1253 1042 1285 1068 ἄν
1300 1050 1344 1073 τις
1358 1043 1420 1069 ὅσον
1437 1042 1486 1077 μὲν
1504 1042 1688 1077 ὲμϐαθύνεται
1701 1043 1733 1069 τὸ
1753 1043 1872 1077 πεῖθον,

1070 1087 1132 1113 ὅσον
1143 1087 1164 1114 δ’
1177 1087 1268 1114 αὐτῶν
1280 1087 1430 1119 ἀποστάζει
1449 1089 1480 1114 τὸ
1505 1088 1601 1124 ήδῠνον
1616 1090 1649 1122 ²¹,
1673 1089 1721 1116 καὶ
1733 1089 1803 1121 ὅλως
1821 1091 1872 1122 εἰς
1911 1108 1912 1116 η

1069 1133 1130 1159 ὅσον
1149 1132 1226 1168 βρύει
1242 1133 1272 1159 τὸ
1284 1131 1360 1168 ἦθος.
1381 1133 1413 1160 Ἦ
1427 1134 1456 1160 δὲ
1478 1133 1551 1166 λέξις
1564 1134 1612 1161 καὶ
1631 1134 1666 1161 τὰ
1687 1135 1817 1170 σχήματα
1832 1137 1871 1162 οὐ

1071 1179 1227 1214 θαυμαστὸν
1242 1181 1267 1206 εἰ
1288 1180 1357 1216 πρὸς
1379 1181 1409 1207 τὸ
1429 1181 1583 1216 κοινότερον
1602 1181 1651 1215 τῆς
1676 1181 1784 1216 ὁμιλίας
1813 1182 1874 1208 καὶ
1910 1211 1912 1216 Α

1070 1225 1244 1260 ⁴ἠμελημένον
1259 1225 1385 1253 νένευκεν
1395 1235 1402 1241 ·
1418 1227 1449 1252 οὺ
1465 1227 1519 1262 γὰρ
1534 1228 1575 1258 εἰς
1584 1227 1628 1254 τὸν
1644 1227 1794 1263 γεννήτορα
1805 1228 1874 1254 τῶν

1071 1271 1225 1306 νοημάτων,
1238 1271 1297 1298 ἀλλ’
1314 1272 1355 1303 είς
1382 1272 1428 1298 τὸν
1449 1272 1536 1298 ταῦτα
1566 1273 1816 1308 μεταφρασάμενον
1849 1273 1874 1308 ή

1071 1317 1144 1345 αἰτία
1158 1318 1295 1345 διαϐαίνει
1310 1319 1344 1352 ²¹,
1361 1319 1423 1345 ἐπεὶ
1436 1319 1462 1345 οῖ
1473 1327 1505 1353 γε
1525 1319 1576 1353 τῆς
1592 1319 1681 1354 Σύρας
1704 1319 1798 1354 φωνῆς
1812 1319 1876 1354 τὴν

1072 1363 1217 1398 ἀκρίϐειαν
1240 1364 1392 1399 ἠσκημένοι
1412 1365 1459 1391 ἐπὶ
1476 1364 1605 1391 τοσοῦτον
1627 1366 1688 1396 ταῖς
1704 1365 1795 1396 λέξεσι
1815 1367 1877 1392 καὶ
1911 1395 1912 1399 η

1072 1411 1128 1440 τοῖς
1142 1410 1281 1444 σχήμασιν
1294 1410 1375 1437 αὑτὸν
1392 1410 1481 1437 ἴσασιν
1503 1410 1694 1445 εὐδοκιμῆσαι,
1712 1410 1751 1442 ὡς
1780 1410 1851 1445 ἀμφ
1864 1426 1874 1432 -

1072 1456 1186 1490 ήριστον
1200 1454 1272 1482 εἶναι
1287 1456 1403 1490 πότερον
1419 1456 1462 1483 διὰ
1472 1455 1560 1483 ταῦτα
1574 1455 1591 1491 ἢ
1607 1455 1653 1482 διὰ
1666 1455 1713 1482 τὸν
1728 1456 1757 1482 ὲν
1770 1455 1878 1488 αὐτοῖς

1073 1501 1137 1527 νοῦν
1150 1502 1167 1536 ὴ
1188 1501 1307 1536 τοσαύτη
1325 1502 1407 1536 χάρις
1417 1501 1464 1528 καὶ
1473 1501 1588 1536 δύναμις
1599 1501 1653 1528 τῶν
1665 1501 1772 1528 ἐκείνου
1793 1502 1877 1536 πρό-

1073 1555 1126 1574 εισι
1145 1547 1243 1581 λόγων.
1264 1547 1302 1574 Οὐ
1330 1547 1488 1583 θαυμαστὸν
1500 1544 1547 1574 οὖν
1561 1548 1579 1582 ἡ
1603 1547 1654 1582 τῆς
1672 1547 1801 1583 φράσεως
1817 1556 1881 1574 τα-

1073 1594 1202 1628 πεινότης
1214 1602 1222 1609 ·
1239 1594 1295 1622 ἀλλ’
1306 1595 1394 1621 ὲκεῖνο
1408 1593 1574 1629 θαυμαστὸν,
1583 1595 1620 1625 ὼς
1633 1594 1681 1620 καὶ
1692 1593 1737 1620 διά
1752 1593 1860 1628 χυδαιό
1869 1609 1880 1615 -

1074 1648 1155 1674 τητος
1180 1639 1307 1675 τοιαύτης
1343 1639 1474 1675 ῥημάτων
1497 1639 1648 1676 τηλικαύτη
1669 1639 1792 1675 σωτηρία
1820 1641 1883 1666 καὶ

1075 1683 1195 1718 ὠφέλεια
1208 1686 1265 1717 τοῖς
1281 1685 1445 1720 προσέχουσι
1460 1686 1612 1720 προχεῖται.

1112 1731 1168 1765 Τῆς
1182 1731 1205 1757 δ’
1231 1731 1318 1766 αὑτῆς
1334 1732 1408 1758 ἐστιν
1431 1731 1588 1767 ἠρτημένας
1611 1731 1659 1757 καὶ
1675 1739 1787 1766 χαριτος
1822 1731 1880 1757 καὶ

1075 1776 1219 1811 δυνάμεως
1231 1777 1279 1804 καὶ
1292 1777 1307 1803 ό
1320 1777 1386 1812 περὶ
1401 1776 1656 1812 ταπεινοφροσύνης
1670 1776 1759 1811 λόγος,
1776 1784 1881 1810 κεφα-

1073 1822 1160 1854 λαίοις
1179 1821 1201 1857 ρ’
1219 1822 1416 1858 ἀνηπλωμένος
1438 1822 1472 1849 ³³.
1496 1822 1634 1854 Ὡσαύτως
1646 1822 1694 1849 καὶ
1706 1822 1729 1838 ’δ
1738 1823 1752 1849 ό
1762 1821 1853 1855 λόγος
1866 1824 1883 1849 ὁ

1074 1868 1140 1902 περὶ
1159 1868 1205 1895 τοῦ
1220 1869 1261 1895 ὅτι
1274 1868 1312 1904 μὴ
1326 1868 1380 1904 χρὴ
1396 1869 1479 1904 γελᾷν
1498 1869 1546 1896 καὶ
1565 1867 1792 1904 μετεωρίζεσθαι,
1807 1868 1881 1895 ἀλλ’

1075 1914 1104 1939 ὲν
1119 1913 1213 1940 πένθει
1229 1913 1330 1948 μᾶλλον
1355 1913 1500 1945 διατελεῖν,
1527 1913 1558 1940 οὐ
1580 1913 1709 1948 ψεύδεται
1730 1915 1780 1947 τὴν
1797 1913 1883 1948 πρὸς

1074 1960 1139 1991 τοὺς
1161 1959 1257 1991 ἄλλους
1276 1960 1299 1976 ’³
1330 1960 1502 1995 συγγένειαν.
1528 1960 1668 1991 Ὡσαύτως
1691 1959 1746 1986 οὐδ’
1766 1960 1782 1986 ὁ
1798 1960 1884 1995 πρὸς

1075 2005 1241 2038 Μετεϐίνους
1254 2006 1387 2041 μοναχοὺς
1401 2006 1477 2042 αὐτῷ
1495 2006 1676 2041 διειλεγμένος
1689 2005 1760 2038 ⁸⁸,ὃς
1777 2006 1885 2041 πραόο

1075 2060 1146 2086 τητα
1177 2051 1227 2087 μὲν
1246 2051 1413 2085 ἐκδιδάσκει,
1439 2050 1573 2086 πονηρίαν
1594 2050 1617 2077 δ’
1633 2050 1797 2086 ἀποτρέπει,
1825 2051 1885 2077 καὶ

1079 2097 1148 2132 πρὸς
1170 2097 1219 2132 μὲν
1238 2097 1432 2132 μακροθυμίαν
1450 2096 1525 2130 ἄγει.
1536 2095 1663 2130 ὀξύχολον
1680 2096 1708 2122 δὲ
1719 2095 1883 2130 διελέγχει,

1075 2144 1123 2170 καὶ
1133 2143 1184 2179 τὴν
1196 2143 1246 2178 μὲν
1258 2143 1397 2177 ὑπομονὴν
1408 2142 1584 2178 μακαρισμοῦ
1594 2141 1722 2177 πρόξενον
1735 2141 1884 2174 δεικνύει,

1076 2189 1124 2216 τοῦ
1139 2189 1160 2215 δ’
1175 2189 1308 2224 ὀλιγώρου
1323 2189 1354 2215 τὸ
1371 2189 1464 2216 ἄθλιον
1489 2188 1653 2224 στηλιτεύει,
1671 2188 1720 2215 καὶ
1743 2187 1791 2214 τὸν
1820 2188 1885 2223 μὲν

1078 2234 1149 2261 θεῖον
1168 2234 1251 2268 φόϐον
1263 2234 1312 2269 τῆς
1332 2234 1419 2261 ἀϊδίου
1444 2234 1614 2269 εὐφροσύνης
1637 2232 1755 2269 χορηγὸν
1778 2241 1885 2260 κατα-

1078 2280 1216 2313 σκευάζει,
1238 2280 1284 2307 τδν
1303 2280 1333 2308 δὲ
1359 2280 1572 2315 καταφρονητὴν
1597 2279 1686 2310 δίκαις
1707 2278 1885 2312 ὑποϐάλλει,

1077 2327 1124 2353 καὶ
1136 2327 1186 2361 τὴν
1208 2326 1256 2361 μὲν
1279 2326 1391 2362 ἀγάπην
1415 2326 1484 2361 πρὸς
1508 2325 1575 2353 Θεὸν
1595 2326 1707 2360 ἀνάγειν
1726 2325 1760 2357 ’⁷,
1790 2325 1826 2351 τὸ
1850 2326 1888 2353 δὲ

1079 2373 1158 2408 μῖσος
1173 2372 1212 2407 τῷ
1225 2372 1340 2408 διαϐόλῳ
1354 2373 1535 2407 ἀποφαίνεται
1545 2372 1568 2388 ’⁸
1585 2372 1732 2399 συνάπτειν
1744 2381 1751 2388 ·
1768 2372 1819 2398 καὶ
1836 2372 1887 2406 ὡς

885 2453 1002 2481 VARIIE
1026 2454 1230 2485 LECTIONES.

273 2497 294 2513 ¹⁷
307 2497 334 2523 δὲ
350 2496 418 2532 MB’]
436 2496 492 2523 MB'
511 2497 538 2534 δὲ
557 2499 586 2525 Λ.
629 2498 650 2514 ’⁸
668 2498 742 2525 Ἦλεὶ
760 2508 789 2531 ς.
829 2500 850 2515 ¹⁹
867 2499 997 2533 πλειόνως
1013 2511 1043 2534 ς.

237 2532 352 2570 fortasse
363 2540 434 2570 corr.
473 2534 495 2548 ²¹
514 2533 693 2570 διαλαμϐάνει
707 2543 737 2566 ς.
776 2535 800 2550 ’³
811 2535 1002 2570 ὲνηπλωμένος

237 2569 261 2584 ³³
274 2567 502 2603 διειλημμένοςς.
541 2568 562 2585 ’⁷
578 2567 673 2604 ἀνάγει
686 2578 728 2604 ιη’.
746 2570 776 2596 Α.
816 2569 838 2585 ³⁸
853 2567 981 2605 φαίνεται
993 2581 1024 2603 ς.

1091 2503 1114 2518 ¹⁰
1125 2503 1190 2535 Mq'
1210 2501 1258 2528 καὶ
1291 2501 1345 2537 μὴν
1374 2501 1444 2537 πρὸς
1467 2501 1515 2528 ἀκ.
1530 2510 1560 2533 ς’.

1600 2502 1621 2516 -ι
1634 2499 1741 2535 ἡδύνονῖ
1773 2501 1826 2535 ἡδὺ
1839 2501 1866 2527 Α
1875 2523 1885 2535 ,

1089 2538 1113 2553 ’⁸
1121 2538 1168 2565 καὶ
1180 2538 1202 2563 Α
1215 2537 1260 2564 ίδὲ
1272 2537 1319 2564 καὶ
1331 2546 1361 2569 ς.

1409 2538 1433 2553 ³⁵
1447 2537 1510 2569 τοὺς
1522 2536 1620 2568 ἄλλους
1630 2536 1653 2562 Α
1666 2546 1672 2563 :
1690 2535 1828 2570 ἀλλήλους
1844 2546 1886 2570 ς,

1002 2617 1119 2647 NOTAE.

272 2660 328 2694 (6'5)
347 2660 396 2687 Hic
412 2666 455 2688 est
470 2666 536 2689 tom.
553 2662 573 2694 Ι,
592 2671 665 2690 nunt.
678 2664 705 2690 5.

270 2695 326 2728 (66)
346 2695 424 2722 Tom.
445 2696 476 2727 Il,
495 2705 569 2724 nunt.
583 2698 627 2725 50.

273 2730 442 2793 ((ξίῖὲΟΝυιη.
465 2732 510 2759 95.
526 2733 574 2760 Cui
593 2742 645 2760 non
663 2733 794 2761 absimilis
810 2734 878 2761 alter
898 2739 963 2762 tom.
985 2735 1020 2768 ν,

276 2775 290 2791 II
305 2785 311 2792 .
363 2785 371 2793 ι

236 2773 434 2862 Ιιηξξίιέἷῑιιὺοδ
449 2809 510 2829 eum
532 2803 558 2828 in
586 2810 680 2831 recens
707 2804 787 2832 editis
810 2804 887 2833 libris
904 2810 969 2832 tom.
991 2805 1022 2837 Il,

237 2845 291 2862 ltllll
304 2855 312 2862 .
367 2855 378 2862 ι.

236 2844 312 2864 ttnttt.
331 2844 378 2864 δι.

273 2871 328 2906 (US)
341 2871 417 2899 Tom.
436 2872 455 2904 l,
472 2879 546 2899 nunt.
565 2872 609 2900 44.

1118 2667 1243 2703 (69⁷⁸)1Α1.
1271 2667 1420 2694 Melebonos
1432 2675 1442 2694 :
1470 2674 1552 2703 quam
1578 2666 1785 2700 inscriptionem
1798 2700 1806 2703 _
1818 2674 1889 2694 non

1082 2700 1200 2729 videtur:
1211 2704 1346 2736 reperisse
1374 2702 1511 2729 recentior
1535 2702 1682 2736 interpres,
1707 2709 1768 2727 cum
1798 2700 1891 2729 hunc

1082 2737 1170 2771 ipsutn
1196 2742 1340 2764 trametum
1359 2745 1420 2764 cum
1446 2737 1604 2772 epigrapbe,
1626 2737 1663 2762 De
1681 2736 1823 2772 ttirlulibul
1853 2743 1888 2764 el

1081 2771 1150 2798 vitiis
1168 2780 1215 2806 per
1232 2773 1432 2806 oppositionem,
1449 2772 1541 2798 retulit
1557 2772 1582 2798 in
1605 2776 1670 2798 tom.
1689 2771 1709 2803 Ι,
1733 2779 1809 2798 num.
1827 2772 1888 2805 16,

1080 2813 1108 2833 ot
1123 2807 1249 2835 undecim
1267 2807 1439 2842 sequentium
1458 2808 1576 2842 capitutn
1592 2807 1686 2834 ordine
1710 2806 1890 2841 plerumque

1081 2846 1192 2870 mutato.
