1916 3092
53 118 98 152 εθι

597 125 862 157 BIBLIOTHECA.
883 139 918 145 -
938 127 1020 158 COD.
1037 127 1175 158 CXCVII.

1626 130 1680 162 662

54 179 69 213 ἡ
82 177 194 213 ἀλήθεια
204 178 311 206 πολλῶν
324 180 381 207 ἐστι
393 181 485 217 μήτηρ
500 181 731 216 κατορθωμάτων,
748 181 837 216 φοορά

897 182 1051 210 :haritatem
1075 183 1108 210 ad
1125 183 1208 210 Deum
1228 181 1329 210 ducere
1346 192 1353 210 :
1374 183 1465 212 odium
1484 192 1548 213 vero
1566 185 1678 213 daeniuui

55 225 79 250 ἑὲ
95 224 196 251 τούτων
208 225 239 251 τὸ
258 225 366 260 ψεῦδος,
382 226 513 259 ὡσαύτως
527 227 544 262 ἡ
557 227 665 263 ὑπακοὴ
687 229 728 255 ὅτι
747 237 839 263 μακα-

56 273 122 306 ρίους
134 272 200 303 τοὺς
219 273 380 307 χρωμένους
389 274 547 308 ἀποφαίνει.
560 275 591 301 τὸ
608 275 632 301 δ’
649 275 840 303 ἀνυπότακτον

54 317 170 351 κατάρας
182 317 232 343 καὶ
243 318 346 352 πολλῆς
371 319 455 354 ἄλλης
469 319 600 355 αἰσχύνης
621 321 694 346 ποιεῖ
706 319 839 356 κληρονό-

57 371 116 396 μους
128 371 135 377 ·
153 363 201 389 καὶ
216 363 247 389 τὺ
263 364 402 399 καθαροὺς
418 363 489 391 εἶναι
503 365 599 400 φθόνου
615 367 661 392 καὶ
670 365 752 402 ζήλου
768 366 840 400 ἀγά-

55 417 103 443 πην
129 409 189 435 ἐστὶ
206 410 486 442 καταπεπλουτῖσθαι,
504 411 646 446 ἐνέχεσθαι
665 411 693 438 δὲ
721 413 785 443 τοὺς
797 413 840 438 ὲν-

56 454 213 488 ισχημένους
235 454 277 489 τῷ
302 455 384 482 πάθει
398 457 453 487 τοῖς
471 456 518 482 τοῦ
547 457 672 483 διαὸόλου
693 458 837 492 κρίμασιν,

55 499 142 535 ὥσπερ
160 500 209 526 καὶ
237 501 303 532 τοὺς
328 501 474 536 λοιδορίαις
499 502 665 535 ἑαλωκότας.
695 503 751 530 Kal
775 504 840 539 περὶ

55 545 212 580 ἐγκρατείας
225 546 255 573 δὲ
280 546 328 572 καὶ
344 547 479 581 ἀκρασίας
496 548 567 574 κατὰ
586 548 616 574 τὸ
636 548 766 583 ἀνάλογον
780 550 841 576 δια-

55 590 192 624 λαμϐάνει.
217 591 247 617 Ὅ
274 591 325 626 μὲν
348 589 395 618 οὖν
415 591 483 627 πρὸς
497 592 561 623 τοὺς
576 592 742 626 Μετεϐίνους
762 593 841 628 λόγος

55 635 96 660 ἐπὶ
107 635 250 666 τοσούτοις
268 636 484 670 διαπεραιοῦται.
510 636 574 672 [516
589 637 636 673 R.]
650 638 706 665 Καὶ
730 638 798 665 ἄλλα
811 638 840 665 δὲ

54 681 161 707 πλεῖστα
191 682 240 708 τοῦ
267 682 374 717 ἀνδρὸς,
397 683 604 718 μεταϐληθέντα
623 685 690 720 πρὸς
712 678 763 720 τὴν
783 685 841 712 Ἐλ-

53 726 125 758 λᾰὸα,
146 728 328 762 συντάγματα
345 728 456 763 φέρεται
483 729 574 765 πλήρη
594 730 706 765 χάριτος
730 730 777 756 καὶ
793 730 840 756 δυ-

54 773 166 806 νάμεως.
184 773 280 808 Σύρων
292 773 321 800 δὲ
335 774 429 806 παῖδές
453 783 535 809 φασιν
552 775 622 810 ὑπὲρ
650 776 700 808 τὰς
720 776 842 811 χιλιάδας

53 818 142 852 λόγους
157 819 242 845 αὐτὸν
257 819 425 855 ἀναγράψαι,
443 818 484 852 οἷς
493 821 545 847 καὶ
556 822 570 848 ὁ
584 822 650 857 περὶ
661 821 711 856 τὴν
721 822 841 857 ἱστορίαν

898 224 1002 252 similes
1022 224 1140 258 eilicere,
1163 230 1332 260 compertum
1359 227 1421 264 [ait]
1451 229 1577 256 habetur.
1594 230 1678 263 Quem

891 270 954 297 item
972 270 1006 297 ad
1022 271 1130 298 modum
1147 271 1250 299 veritas
1266 271 1410 300 multorum
1432 279 1473 301 est
1492 280 1567 302 recte
1592 275 1680 302 facto-

893 323 953 343 rum
965 323 1075 350 parens,
1089 316 1186 351 quibus
1205 317 1376 346 mendacium
1392 320 1539 354 perniciem
1562 320 1678 353 afferat;

893 362 930 388 ita
954 362 1108 389 obedientia
1136 363 1228 390 beatos
1247 363 1345 396 reddit,
1374 369 1400 391 et.
1424 365 1604 393 inobedicntia
1629 366 1675 393 Dei

891 408 1108 435 maledictionem
1126 408 1264 443 multaque
1277 413 1377 443 praeter
1397 417 1458 437 eam
1482 411 1612 438 dedecora
1635 419 1680 439 ac-

890 453 984 486 quirit.
1002 452 1087 480 Puros
1111 457 1244 488 praeterea
1269 453 1304 481 ab
1327 454 1428 482 invidia
1454 460 1481 482 et
1507 456 1680 483 muniatione

891 499 1025 526 charitate
1048 499 1145 526 divites
1174 499 1232 526 fieri
1247 500 1389 536 [ostendit]
1409 501 1562 528 :obnoxios
1584 507 1679 529 contra

891 541 990 568 diaboli
1012 542 1116 576 judicio
1129 542 1210 576 efﬁci,
1226 545 1273 578 qui
1298 545 1350 572 hoc
1368 545 1462 572 morbo
1476 545 1608 580 laborent,
1627 555 1679 574 non

893 589 983 615 minus
998 596 1079 622 quam
1096 589 1141 623 qui
1163 590 1295 618 conviciis
1305 590 1440 625 jaeicndis
1455 591 1538 619 dediti
1558 592 1625 620 sint.
1642 593 1680 620 De

896 635 1073 668 temperantia
1090 635 1206 669 denique
1217 640 1298 670 atque
1314 636 1523 671 intemperantia
1535 638 1591 671 pari
1601 638 1680 665 modo

892 681 958 715 agit.
970 680 1058 714 Atque
1074 681 1130 708 haec
1149 681 1206 709 fere
1226 682 1314 710 oratio
1334 683 1378 710 illa
1399 683 1432 710 ad
1454 682 1602 711 Metebinos
1624 691 1682 711 mo-

893 726 994 754 nachos
1003 727 1126 754 continet
1141 735 1148 754 :
1168 735 1321 763 quanquam
1348 729 1400 755 alia
1417 728 1473 764 (70)
1497 737 1604 764 quoque
1621 731 1680 764 plu-

893 773 961 799 rima
989 773 1075 800 sancti
1112 774 1163 800 viri
1190 774 1215 801 in
1241 774 1362 802 Graecam
1402 782 1531 802 conversa
1563 775 1681 810 linguam

894 817 1025 851 opuscula
1048 818 1289 852 circumferuntur,
1311 819 1417 847 dicendi
1432 820 1457 847 vi
1483 827 1516 847 ac
1542 825 1682 848 venustate

52 865 97 891 οὐκ
111 864 318 897 ἀναξιόπιστος,
334 866 359 891 εί
377 865 425 892 καὶ
447 866 484 901 μὴ
502 866 536 893 τὰ
559 866 695 901 δόγματα,
710 867 843 899 Εὐσέῦιος

897 862 1003 890 referta.
1022 863 1083 899 Syri
1101 871 1166 892 vero
1188 864 1321 892 afﬁrmant
1348 867 1486 893 orationes
1505 873 1585 900 supra
1610 866 1682 892 mille

53 911 106 937 ὀτδ
119 911 268 945 Παμφίλου
286 909 431 946 ἐπώνυμον
450 911 541 947 φέρων
563 913 785 948 ὲπιμαρτύρεται
803 913 839 941 ".

53 1091 111 1128 [366
127 1091 162 1128 H]
176 1091 354 1120 Κασσιανοῦ
366 1091 502 1126 μον-ακοῦ
522 1091 611 1126 Λόγοι
623 1090 782 1124 dcam-rma!
801 1093 841 1124 τ’.

88 1139 264 1173 ’Δνεγνώσθη
279 1138 445 1174 βιϐλιδὰριον
462 1138 491 1164 ὲν
503 1133 526 1171 ᾧ
538 1136 694 1164 Κασσιανοῦ
712 1136 842 1172 μοναχοῦ,

58 1185 166 1221 Ῥώμην
203 1186 334 1220 λαχόντος
360 1184 497 1219 πατρίδα,
525 1185 661 1219 περιῆσαν
692 1183 767 1217 λόγοι
799 1183 841 1218 β’,

54 1227 86 1257 ὧν
101 1233 114 1258 ὁ
130 1231 182 1266 μὲν
196 1232 320 1266 Κάστορι
326 1231 468 1266 ὲπισκόπῳ
480 1230 682 1265 ἅνεγέγραπτο,
706 1229 781 1264 αὐτῷ
793 1238 843 1256 πε-

54 1276 190 1311 ποιημένῳ
205 1276 230 1292 ³⁹
243 1276 293 1310 τὴν
308 1276 364 1302 τῶν
380 1274 583 1310 γεγραμμένων
600 1274 719 1310 αἴτησιν,
735 1274 844 1307 Τόπους

53 1317 158 1352 δὀὖτος
181 1321 232 1347 καὶ
247 1321 364 1352 κανόνας
386 1320 563 1354 ἀπαγγέλλει,
579 1319 640 1346 καθ’
657 1318 703 1350 οὒς
725 1319 799 1345 ὲὸίου
814 1319 844 1346 τὸ

53 1368 78 1392 ἐν
91 1366 225 1401 Αἰγύπτῳ
237 1367 308 1393 κατά
322 1367 487 1401 συστήματα
501 1366 643 1401 μοναδικόν
654 1365 676 1381 ³¹
686 1372 693 1380 ·
709 1366 845 1392 now-66m

52 1412 77 1438 δὲ
91 1412 162 1439 αὐτὰ
173 1413 188 1438 ὁ
207 1413 240 1438 ἐκ
256 1413 306 1446 τῆς
318 1411 485 1446 ἐτυμότητος
503 1410 632 1446 ὀνομάζει
644 1411 735 1446 λόγος.
763 1411 818 1437 Καὶ
831 1412 846 1438 ὁ

53 1458 176 1493 δεύτερος
205 1458 235 1484 δὲ
253 1457 293 1491 τῷ
315 1457 390 1492 αὑτῷ
404 1457 676 1492 προσπεφωνημένος
696 1457 766 1489 ἐστὶ,
780 1457 846 1492 περὶ

52 1505 103 1530 τῶν
114 1503 190 1530 ὀκτὼ
197 1503 227 1529 δὲ
242 1502 381 1538 λογισμῶν
396 1503 445 1538 τὴν
465 1502 622 1538 ἐπιγραφὴν
635 1503 726 1538 φέρει,
742 1500 782 1534 οἷς
795 1510 846 1536 γα-

53 1550 251 1585 στριμαργίαν,
269 1548 411 1583 πορνείαν,
425 1548 620 1584 φιλαργυρίαν,
645 1547 741 1583 ὀργὴν.
757 1547 845 1583 λύπην

53 1596 98 1622 καὶ
112 1595 242 1630 ἀκηδίαν,
251 1594 404 1627 κενοδοξίαν
415 1603 445 1621 τε
459 1595 507 1622 καὶ
520 1594 710 1630 ὑπερηφανίαν
722 1593 845 1626 ἐξάπτει.

53 1642 185 1677 Χρήσιμα
201 1641 242 1674 δὲ,
259 1641 340 1676 εἴπερ
357 1641 378 1657 ³¹
406 1650 433 1667 τι
447 1641 521 1674 ἄλλο,
537 1641 572 1668 τὰ
586 1641 665 1675 λόγια
687 1640 774 1667 ταῦτα
791 1641 848 1671 τοίς

54 1688 229 1723 αἱρουμένοις
243 1687 290 1714 τὸν
308 1687 458 1722 ἀσκητικὸν
473 1687 655 1722 ἀναδέχεσθαι
669 1687 774 1721 ἀγῶνα.
792 1687 849 1713 Καὶ

53 1734 98 1760 ἐπὶ
106 1733 243 1761 τοσοῦτον
253 1733 283 1760 τὸ
296 1734 319 1749 ³³
326 1733 440 1759 δυνατὸν
449 1733 542 1765 αὐτοῖς
553 1733 600 1760 καὶ
612 1733 683 1760 θεῖον
694 1733 846 1768 περίεστιν,

54 1780 121 1806 ὣπε
137 1780 188 1806 καὶ
204 1779 286 1815 μέχρι
297 1779 356 1813 νῦν,
369 1779 396 1806 εί
408 1788 436 1806 τι
447 1780 519 1806 κατά
533 1780 596 1811 τοὺς
605 1779 708 1812 τύπους
722 1779 849 1806 τουτουσὶ

54 1826 99 1852 καὶ
110 1825 147 1852 τὰ
161 1825 337 1860 διατάγματα
355 1825 517 1860 μοναστικὸν
529 1825 552 1841 ³⁸
566 1825 694 1860 σύστημα
704 1824 849 1852 πολιτεύοι-

54 1879 92 1902 το,
103 1871 184 1898 ἀνθεῖ
192 1879 223 1896 τε
241 1870 279 1902 ὡς
295 1870 318 1886 ³⁸
329 1869 439 1905 ἀληθῶς
458 1870 505 1896 καὶ
518 1869 573 1897 τῶν
585 1869 674 1897 ἄλλων
688 1869 849 1905 προλάμπει

54 1918 100 1942 καὶ
114 1916 172 1943 τῶν
198 1916 307 1951 ἀρετῶν
320 1916 415 1951 ὁρᾶται
430 1916 626 1952 ἐργαστήριον,
648 1915 678 1947 ὃς
692 1915 721 1942 δὲ
736 1915 849 1946 τούτους

54 1962 235 1997 διεγράψατο,
252 1961 300 1988 ἐπὶ
317 1963 424 1997 μικροῖς
438 1970 495 1989 τισι
520 1961 660 1996 λειψάνοις
675 1961 729 1988 τῶν
742 1961 849 1997 ἀρετῶν

56 2008 164 2034 σαλεύει
190 2008 208 2043 ἢ
230 2008 278 2034 καὶ
295 2007 417 2043 ναυαγίῳ
434 2008 603 2044 περιδύεται.
624 2007 670 2034 Διδ
690 2007 779 2043 χρεών
792 2008 849 2034 ἐστι

56 2054 138 2089 μηδὲν
149 2053 208 2081 τῶν
225 2055 256 2080 ὲν
278 2055 371 2084 αὐτοῖς
389 2054 616 2090 παραδεδομένων
631 2054 772 2089 παρορᾷψ
801 2055 850 2080 Δε-

56 2099 190 2134 ποτικῆς
197 2099 252 2136 γὰρ
266 2099 353 2127 ταῦτα
363 2099 525 2135 νομοθεσίας
539 2100 586 2126 καὶ
601 2099 651 2134 τῆς
666 2098 850 2133 εὐαγγελικῆς

53 2145 195 2176 πολιτείας
223 2145 248 2162 ³⁵
271 2146 347 2172 ἐστὶν
373 2145 523 2178 ἀνάπτυξίς
543 2153 574 2172 τε
603 2146 652 2172 καὶ
682 2145 849 2178 ἐξάπλωσις.

892 909 1056 943 scripsisse:
1072 910 1170 944 quibus
1189 911 1269 938 etiam
1295 912 1478 939 testimonium
1489 912 1578 939 reddit
1593 912 1683 947 (cujus

892 956 983 990 gravis
1013 960 1055 983 est
1081 957 1108 983 in
1134 956 1262 990 historia,
1279 965 1332 984 non
1364 958 1427 984 item
1455 958 1481 984 in
1512 959 1683 993 dogmatibus

893 1003 970 1038 ﬁdes)
987 1003 1116 1031 Eusebius
1141 1004 1186 1031 ille
1208 1003 1339 1038 Pamphili
1356 1009 1544 1038 cognomento.

1221 1050 1349 1079 CXCVII.

1015 1095 1137 1122 Cassiani
1156 1096 1277 1123 monac/ti
1289 1095 1363 1123 Libri
1380 1097 1486 1123 ascetict
1501 1101 1565 1124 tres.

929 1141 1029 1169 Lectus
1056 1142 1174 1174 libellus,
1200 1150 1254 1177 quo
1281 1142 1406 1170 Cassiani
1433 1143 1569 1173 monachi.
1595 1143 1686 1177 patria

894 1187 1009 1214 Romani
1031 1187 1099 1223 (7|),
1116 1188 1176 1215 libri
1197 1190 1251 1215 duo
1277 1189 1495 1216 continebantur.
1522 1188 1618 1224 161a
1635 1189 1684 1215 Eo-

894 1241 953 1261 rum
980 1234 1049 1262 alter
1073 1234 1180 1262 Castori
1205 1235 1310 1261 cuidam
1341 1235 1471 1270 cpiscopo
1502 1241 1684 1268 nuncupatur,

895 1280 940 1315 qui
964 1280 1036 1307 hunc
1051 1281 1085 1307 ab
1097 1280 1143 1308 illo
1155 1281 1238 1308 scribi
1254 1280 1416 1315 postularat.
1435 1280 1549 1307 Formas
1563 1279 1619 1315 (72)
1634 1288 1684 1307 au-

896 1328 949 1351 tem
970 1331 1002 1351 ac
1021 1324 1129 1359 regulas
1148 1324 1310 1359 prtescribit,
1326 1332 1359 1352 ex
1384 1332 1499 1360 quarum
1528 1325 1685 1359 prmSCripto

896 1369 988 1396 vivant
1012 1369 1037 1396 in
1064 1368 1181 1404 (Egypto
1205 1369 1330 1396 monaclti
1346 1377 1394 1404 per
1410 1374 1498 1397 coetus
1514 1370 1574 1397 illos
1594 1369 1683 1397 distri-

896 1412 965 1444 buti,
982 1419 1050 1446 quos
1064 1420 1096 1439 ex
1109 1413 1185 1439 vocis
1198 1412 1302 1447 origine
1318 1413 1403 1447 petita
1423 1413 1538 1445 ratione,
1562 1411 1686 1440 coenobia

897 1457 1049 1484 nominant.
1073 1457 1149 1484 Alter
1165 1465 1273 1492 quoque
1308 1458 1379 1485 liber
1402 1456 1489 1485 eidem
1521 1457 1683 1491 inscriptus,

898 1504 932 1530 ab
957 1508 1019 1530 octo
1041 1503 1097 1538 (73)
1126 1503 1180 1531 illis
1197 1502 1330 1539 [vitiosis]
1347 1503 1560 1538 cogitationibus
1578 1503 1686 1531 titulum

897 1555 1047 1582 mutuatur,
1076 1550 1176 1585 quibus
1207 1551 1316 1584 gulam,
1342 1550 1494 1583 luntrium,
1525 1551 1687 1583 avaritiam,

898 1593 977 1625 iram,
1002 1593 1144 1627 invidiam,
1170 1595 1305 1626 acetliam,
1329 1595 1437 1622 inanem
1463 1595 1575 1629 gloriam
1606 1600 1688 1629 atque

897 1639 1050 1673 superbiam
1075 1640 1209 1668 attribuit.
1227 1639 1379 1668 Utilissima
1404 1647 1482 1674 vero,
1499 1640 1522 1668 si
1542 1647 1603 1676 qua:
1622 1641 1686 1673 alia,

898 1683 957 1712 inec
970 1684 1004 1712 iis
1017 1689 1080 1713 sunt.
1093 1686 1278 1720 pronuntiata,
1292 1686 1337 1721 qui
1351 1686 1505 1721 religiosam
1519 1686 1589 1713 inire
1604 1686 1688 1713 vitam

898 1732 1020 1766 cupiunt.
1036 1731 1070 1758 Et
1085 1739 1150 1759 vero
1172 1736 1246 1759 tanta
1269 1732 1302 1758 iis
1317 1731 1357 1758 vis
1374 1732 1455 1764 inest,
1479 1739 1511 1758 ac
1526 1731 1603 1766 quasi
1619 1730 1689 1758 divi-

899 1778 980 1811 nitas,
997 1782 1027 1805 ut
1042 1782 1070 1805 et
1090 1778 1116 1804 in
1138 1777 1210 1805 hunc
1224 1785 1309 1813 usque
1326 1777 1408 1810 diem,
1422 1777 1445 1804 si
1465 1777 1526 1812 quis
1541 1771 1683 1804 monacho.

900 1831 959 1852 rum
977 1829 1126 1852 conventus
1137 1825 1188 1852 hac
1202 1832 1235 1852 ex
1257 1825 1343 1852 forma
1361 1830 1388 1852 et
1404 1825 1481 1852 hisce
1501 1823 1688 1858 prteceptioni—

900 1871 951 1898 bus
976 1870 1153 1906 gubernetur,
1180 1878 1273 1898 revera
1301 1870 1435 1904 tantisper
1449 1869 1553 1901 ﬂoreat,
1571 1869 1687 1897 caeteris-

900 1925 953 1952 que
964 1917 1114 1952 prelucens
1129 1917 1259 1943 virtutum
1275 1923 1336 1943 esse
1350 1915 1458 1943 oiﬁcina
1473 1918 1612 1948 cernatur,
1627 1922 1689 1941 cum

900 1963 946 1998 qui
973 1963 1030 1990 haec
1054 1962 1201 1997 repudiarit
1230 1966 1328 1995 cmtns,
1346 1962 1438 1997 parvis
1455 1961 1617 1997 quibusdam
1634 1961 1690 1988 vir-

903 2014 987 2036 tutum
1006 2008 1117 2043 reliquis
1136 2007 1320 2044 [instructus],
1348 2008 1429 2035 veluti
1454 2008 1480 2035 in
1501 2007 1627 2035 fluctibus
1649 2007 1690 2042 ja-

901 2059 1002 2088 ctetur,
1019 2054 1061 2081 vel
1075 2055 1157 2082 etiam
1180 2054 1351 2089 naufragium
1367 2054 1459 2083 faciat.
1479 2053 1570 2087 Quare
1581 2053 1692 2087 expedit.

903 2101 969 2127 nihil
989 2108 1083 2128 eorum
1109 2107 1169 2134 qua:
1192 2099 1227 2126 ibi
1253 2100 1396 2127 traduntur
1420 2104 1604 2127 contemnere.
1621 2098 1690 2125 Nam

903 2147 1051 2174 Dominicze
1072 2146 1130 2174 haec
1154 2146 1220 2181 legis
1244 2150 1308 2174 sunt
1327 2152 1409 2181 atque
1426 2144 1588 2180 evangelicae
1610 2144 1692 2172 disci-

57 2191 134 2218 Ἐστι
142 2192 175 2218 δὲ
186 2191 263 2227 αὐτῷ
278 2193 366 2219 οἰκεῖα
379 2193 434 2223 τοῖς
445 2192 609 2227 διανοήμασι
620 2191 668 2218 καὶ
680 2192 715 2218 τὰ
727 2192 843 2227 ῥήματα,

903 2192 983 2226 plina;
1004 2191 1138 2226 expositio
1161 2196 1190 2219 et
1213 2191 1380 2225 explanatio.
1405 2191 1539 2218 Cmterum
1566 2190 1693 2217 sensibus

55 2237 82 2262 τό
95 2245 127 2263 τε
142 2237 233 2271 σαφὲς
257 2237 467 2271 ἀποστίλϐοντα,
496 2237 544 2265 καὶ
562 2237 593 2264 τὸ
605 2237 706 2272 ῥαδίως
720 2238 781 2268 ταῖς
797 2236 849 2270 ψυ-

55 2284 114 2316 γέιῆ
141 2284 196 2310 καὶ
223 2283 387 2319 ἀνεπαχθῶς
407 2284 429 2300 ³⁷
446 2283 670 2318 ἐγχαράσσεσθαι
694 2282 743 2318 τὴν
768 2283 850 2318 χάριν

56 2329 274 2365 κληρωσάμενα,
290 2330 350 2365 ἅμα
361 2329 407 2356 καὶ
419 2329 466 2356 τοῦ
484 2330 506 2346 ⁸⁸
523 2329 688 2365 συμπείθειν
701 2329 748 2356 καὶ
757 2328 849 2355 ἕλκειν

56 2375 140 2407 αὑτὰς
154 2376 227 2410 πρὸς
240 2376 272 2402 τὸ
287 2375 518 2411 σπουδαζόμενον.
535 2376 591 2402 Καὶ
612 2375 684 2402 οὕτω
699 2375 788 2402 πάντα
803 2383 849 2400 σο-

903 2238 962 2272 ipsa
976 2244 1084 2272 quoque
1110 2238 1180 2271 apud
1195 2245 1259 2264 eum
1278 2237 1424 2272 respondet
1438 2236 1568 2268 elocutio,
1584 2241 1612 2263 ut
1632 2243 1693 2270 qua:

904 2290 957 2310 non
987 2283 1206 2318 perspicuitatem
1234 2283 1322 2310 solum
1345 2290 1437 2310 secum
1458 2282 1566 2314 afferat,
1590 2282 1636 2309 sed
1661 2289 1692 2309 ea

904 2329 1015 2363 insuper
1028 2329 1064 2356 sit
1082 2329 1215 2357 facultate
1228 2329 1351 2364 praedita,
1366 2334 1396 2355 nt
1412 2328 1492 2356 facile
1511 2335 1544 2355 ac
1566 2327 1625 2356 sine
1640 2327 1692 2354 ulla

907 2375 932 2401 vi
956 2374 1095 2402 hominum
1117 2375 1217 2402 animis
1244 2375 1416 2410 imprimatur
1432 2383 1439 2402 :
1457 2373 1522 2407 quin
1539 2379 1568 2402 et
1583 2373 1693 2401 eosdem

698 2454 816 2482 VARI/1‘]
834 2453 1036 2482 LECTIONES.

91 2514 113 2529 ¹⁹
141 2517 204 2546 post
215 2513 473 2549 ἐπιμαρτὺρεταιίη
492 2513 621 2541 A'.acuna
638 2520 766 2549 versuum
788 2513 805 2540 5
822 2521 829 2538 :
848 2512 914 2549 in
938 2513 1030 2539 unius.

59 2548 78 2562 “
95 2548 244 2585 μοναχωιὺν
259 2557 291 2580 ς.
309 2547 457 2585 “Veii-cap]
478 2549 550 2583 ὑπὲρ
570 2549 614 2585 VA.
654 2548 721 2585 "reb
735 2555 789 2574 om.
815 2551 850 2585 Αἒ
886 2548 908 2585 ³)
937 2547 1127 2585 μοναχικῇνς.

1077 2511 1100 2527 ³ο
1127 2511 1308 2546 πεποιημένῳ
1340 2515 1400 2545 post
1431 2510 1539 2547 αἴτησιν
1567 2510 1692 2547 ponit;-

1182 2548 1204 2563 ³⁵
1222 2545 1264 2578 ὥς
1284 2547 1332 2574 A.:
1347 2546 1416 2579 τέως
1442 2555 1472 2578 ς.
1488 2545 1493 2547 ⁷
1511 2547 1535 2562 ³⁸
1554 2545 1693 2572 πολιτείας

60 2581 117 2616 post
130 2581 289 2615 ὲξᾶπλωσις
312 2585 386 2618 ponit
402 2581 435 2617 ςξ
448 2581 457 2585 ’
468 2584 490 2600 ³⁷
503 2581 551 2611 καί).
564 2584 645 2610 ἀνεπ.
676 2584 773 2618 ὲγχαρ.
805 2583 865 2614 ταῖς
887 2582 986 2617 ψυχαῖς
1003 2591 1034 2614 ς.
1072 2582 1094 2598 ³⁸
1109 2581 1157 2608 τοῦ
1174 2582 1197 2609 Α
1211 2591 1218 2609 :
1238 2582 1269 2608 τὸ
1284 2591 1314 2614 ς.

804 2637 920 2664 NOTIE.

93 2685 149 2720 (70)
162 2687 185 2713 E
203 2686 304 2720 quibus
318 2692 399 2719 supra
416 2690 536 2716 centum,
552 2689 650 2720 praeter
663 2684 719 2719 jam
735 2691 849 2720 enume-

60 2716 115 2746 rata
130 2716 231 2749 Latine
246 2716 360 2748 reddita
375 2721 488 2755 protulit
501 2716 615 2747 Ger‘ard.
633 2716 744 2747 Vossius
757 2719 850 2746 Romae

59 2759 86 2779 et
98 2757 219 2784 tlolonisr
235 2757 321 2783 edita.

98 2791 153 2824 (7i)
175 2791 216 2819 An
233 2791 300 2826 quia
317 2791 389 2817 inter
411 2790 522 2826 Latinos
540 2789 666 2826 Massilia:
679 2788 851 2826 vixit?__Nam

64 2823 194 2860 S-ytbam
209 2823 322 2854 naiioue
336 2826 421 2854 fuisse
434 2825 590 2853 Gennadius
605 2829 700 2854 auctor
712 2825 744 2861 in
763 2824 852 2852 Catat.

903 2691 963 2717 cap.
981 2683 1026 2710 61.

941 2718 997 2753 (τε)
1018 2717 1129 2745 Libellis
1149 2723 1275 2752 quatuor,
1289 2719 1334 2753 qui
1354 2719 1454 2753 passim
1472 2722 1581 2746 exstant
1597 2717 1696 2745 Latino

904 2758 932 2780 et
947 2753 1042 2789 Graece
1057 2753 1228 2789 inibiblioth.
1242 2754 1358 2789 August.

944 2788 1001 2821 (75)
1019 2787 1144 2823 Totidem
1168 2789 1264 2816 libellis
1288 2787 1377 2818 Editus
1403 2789 1510 2823 Latine,
1529 2787 1575 2823 qui
1597 2787 1701 2815 Gracc-

906 2830 969 2852 sunt
981 2824 1006 2851 in
1025 2822 1149 2851 biblioth.
1161 2823 1276 2858 August.
