1916 3092
239 144 292 176 667
787 135 920 167 ΡΗΟΤΙΙ
939 134 1043 165 ΡΑΤΒῙ

1136 129 1195 161 HJE
1215 129 1270 159 CP.
1824 121 1888 151 668

199 222 202 225 η
242 204 351 232 tractat,
376 197 429 225 nisi
449 195 519 231 quod
539 201 633 221 eorum
653 193 774 221 virorum
804 192 876 219 dicta
907 191 1032 224 factaque

1136 185 1292 220 ιτευόμενον
1307 183 1347 218 τῷ
1359 179 1565 218 προειρημένῳ,
1583 178 1652 214 πλὴν
1679 177 1691 193 ⁸
1707 176 1748 204 ὅτι
1761 176 1819 203 τῶν
1836 186 1891 212 με·

241 222 395 273 imitatione
418 222 497 277 digna
522 240 637 273 colligit,
661 239 708 274 qui
734 243 795 272 post
815 237 929 265 insecuti
956 241 1030 263 sunt.

1138 231 1288 266 ενεστέρων
1298 228 1403 265 ἀνδρῶν
1416 227 1484 262 ἔργα
1499 234 1528 252 τε
1540 225 1587 251 καὶ
1597 223 1711 258 πράξεις
1725 222 1890 257 ἁξιοζηλώ-

241 291 317 319 Vitas
332 289 432 317 etenim
448 291 541 314 narrat
559 292 654 313 eorum
669 285 716 319 qui
734 285 790 318 jam
813 283 876 310 inde
892 289 977 316 usque
998 281 1032 308 ad

1136 288 1144 310 ;
1175 277 1349 311 ἀναγράφει·
1375 273 1424 301 καὶ
1452 273 1507 308 γὰρ
1533 270 1637 298 ἐκεῖθεν
1655 270 1709 296 τῶν
1726 269 1810 304 μέχρι
1827 270 1888 303 τῆς

241 336 358 365 lieraclii
383 333 536 368 imperium,
553 336 580 359 et
595 331 724 365 deinceps
738 330 839 357 virtute
865 315 952 364 magis
974 329 1031 356 cla-

1136 323 1250 351 taxleiou
1263 322 1349 357 ἀρχῆς
1365 320 1414 346 καὶ
1427 319 1474 346 ἐπὶ
1491 318 1570 345 πλέον
1582 316 1790 352 διαπρεψάντων
1811 315 1890 350 ἁρε-

243 385 365 410 ruerunt.

1136 379 1143 402 ;
1156 369 1303 404 ἐπέρχεται
1312 367 1375 398 τοὺς
1390 365 1446 401 βίου
1451 373 1473 396 ς.

1122 414 1258 450 Λειμῶνα
1285 413 1314 440 δὲ
1338 411 1479 439 καλεῖσθαι
1504 409 1613 436 δίδωσιν
1633 408 1649 434 6
1674 407 1892 441 συνταξάμενος

1083 463 1170 498 δνομα
1188 462 1218 488 τὺ
1231 459 1333 496 βιϐλίον
1345 467 1353 474 ⁸
1369 458 1444 489 τινὲς
1466 456 1494 483 δὲ
1507 456 1573 483 αὐτὸ
1585 455 1608 471 ⁵⁷
1627 454 1676 481 καὶ
1692 453 1769 481 Νέον
1781 453 1893 479 ὲπονου

1086 509 1200 545 μάζουσι
1213 507 1235 523 ⁸⁸
1249 505 1453 540 Παραδείσιον
1462 502 1495 530 ⁵⁸.
1505 502 1535 529 '0
1545 501 1574 527 δὲ
1586 499 1769 534 συντεταχὼς,
1781 498 1891 524 Ἰωάν-

1084 561 1133 588 νης
1150 553 1200 586 μὲν
1228 551 1303 585 αὑτῷ
1320 550 1405 584 ὄνομα
1418 549 1452 580 ⁸ο,
1467 548 1497 579 ἐξ
1526 546 1700 582 ἐπικλήσεως
1717 545 1747 571 δὲ
1768 544 1895 577 ἐλέγετο

1085 600 1099 626 6
1131 598 1178 624 τοῦ
1198 597 1308 632 Μόσχου
1321 603 1328 610 ·
1342 595 1372 626 ὃς
1389 593 1545 625 ἀπετάξατο
1560 592 1610 628 μὲν
1626 592 1655 618 ὲν
1668 592 1701 626 τῇ
1723 590 1769 617 τοῦ
1798 589 1895 623 ἁγίου

1084 642 1226 670 Θεοδοσίου
1237 642 1314 676 μονῇ,
1327 638 1385 666 εἶτα
1394 637 1563 673 συνδιέτριψε
1570 638 1626 669 τοῖς
1633 645 1662 663 τε
1673 636 1742 663 κατὰ
1757 634 1804 661 τδν
1812 636 1897 669 ἰορ-

1084 688 1166 723 δάνην
1183 686 1235 714 ἀνὰ
1245 686 1294 722 τὴν
1307 685 1410 720 ἔρημον
1420 683 1601 718 ἁσκουμένοις
1615 682 1663 708 καὶ
1676 682 1731 712 τοῖς
1746 681 1775 706 ἐν
1787 681 1823 715 τῇ
1835 679 1900 714 νέᾳ.

1085 733 1135 761 λαύ
1143 741 1177 769 ρᾳ
1194 731 1242 759 τοῦ
1260 731 1379 767 μεγάλου
1392 729 1467 756 Σάϐα
1483 729 1503 744 ⁶¹
1518 725 1840 755 διαθλοῦσιν.Ἐντεῦθεν
1860 725 1899 751 δὲ

1085 780 1120 808 τά
1127 789 1158 806 τε
1167 779 1216 814 τῆς
1223 777 1389 812 Ἀντιοχείας
1401 775 1521 810 κλίματα
1529 774 1576 800 καὶ
1589 773 1639 808 τὴν
1646 772 1825 806 Ἀλεξάνδρου
1838 771 1905 797 καὶ

1086 827 1135 862 τὴν
1145 826 1210 860 περὶ
1224 824 1308 859 αὐτὴν
1320 823 1422 858 ἔρημον
1437 821 1484 847 καὶ
1495 818 1701 856 μέχριὈάσεως
1709 819 1733 834 “
1745 817 1903 849 ἐπελθὼν,

1092 873 1140 900 καὶ
1154 871 1261 899 πολλῶν
1279 869 1328 896 καὶ
1347 868 1474 904 μεγάλων
1487 867 1591 902 ἀνδρῶν
1608 865 1749 901 ἀριστείας
1763 872 1907 898 συναγη-

1092 918 1162 953 οχὼς
1179 916 1257 943 τοῦτο
1274 916 1323 952 μὲν
1351 914 1412 949 ὄψει
1430 913 1509 940 τοῦτο
1523 913 1553 939 δὲ
1574 912 1622 938 καὶ
1644 911 1780 945 νεαζούσῃ
1801 911 1905 944 ἀκοῇ-

1092 964 1136 991 διὰ
1144 964 1193 998 τὴν
1206 962 1291 998 αὐτὴν
1299 961 1322 988 δ’
1339 961 1428 987 αἰτίαν
1443 959 1489 986 καὶ
1500 959 1598 994 νήσους
1623 957 1843 992 ἱστορησάμενος
1867 957 1891 982 ἐι

1092 1011 1132 1046 τῷ
1148 1011 1215 1046 πρὸς
1232 1009 1282 1045 τὴν
1298 1009 1411 1043 Ῥώμην
1420 1006 1535 1041 διάπλῳ,
1553 1005 1642 1032 ἐκεῖσέ
1663 1013 1692 1030 τε
1703 1004 1725 1019 ⁸³
1740 1003 1774 1029 τὰ
1792 1011 1913 1037 παρει-

1093 1057 1196 1091 πλὴσια
1207 1053 1454 1090 διερευνησάμενος
1470 1051 1518 1078 καὶ
1551 1050 1656 1085 μαθὼν,
1673 1050 1704 1076 τὸ
1718 1049 1807 1084 παρὸν
1821 1048 1910 1075 σύν-

1093 1111 1186 1137 ταγμα
1199 1102 1310 1137 γράφει,
1325 1100 1372 1126 καὶ
1384 1099 1541 1134 προσφωνεῖ
1556 1097 1703 1132 Σωφρονίῳ
1719 1096 1735 1130 ἢ
1753 1096 1913 1131 Σωφρονᾷ

279 427 391 453 Pratum
414 430 505 452 autem
520 423 626 451 titulum
644 423 715 450 libro
730 422 826 450 indidit
837 426 1032 455 anctor,quem

243 479 271 501 et
286 472 432 500 Hortalum
449 479 542 498 novum
552 470 661 505 quidam
675 469 822 504 appellant.
836 468 961 502 Scriptor
974 466 1034 501 ejus

241 520 361 548 .‘oannes
383 517 505 553 quidam,
527 516 631 544 Moschi
658 519 856 550 cognomento,
880 514 926 548 qui
950 513 975 540 in
1000 512 1031 539 B.

243 565 389 594 Theodosii
406 565 522 598 primum
543 561 711 590 monasterio
729 560 860 588 saeculum
876 560 967 586 valere
985 558 1030 593 ju-

243 611 321 641 bens,
336 617 397 636 cum
414 609 447 636 iis
460 607 558 635 deinde
569 607 710 634 monachis
724 605 855 638 convixit,
872 605 917 639 qui
935 604 961 631 in
987 604 1035 630 de-

245 661 319 683 serto
336 655 369 682 ad
392 653 540 681 Jordanem
564 653 774 684 exercebantur,
801 650 902 686 quique
920 657 988 677 nova
1006 649 1033 676 in

246 701 322 728 laura
346 699 437 734 magni
465 699 543 726 Sabze
564 699 718 724 certabant.
745 696 823 724 Unde
859 704 967 723 rursum
1000 695 1034 722 ad

246 747 397 774 Antiochiae
411 753 484 777 oras,
502 749 530 772 et
542 743 689 771 Alexandri
706 742 812 774 urbem,
830 742 1036 776 proximamque

246 801 379 825 cremant,
392 797 420 820 et
435 792 466 818 ad
481 791 563 819 Oasin
578 797 663 824 usque
676 789 795 821 delatus,
814 788 958 815 multorum
978 795 1035 814 ma-

248 846 416 874 gnorumque
428 838 548 864 virorum
567 844 610 863 res
623 835 752 870 prmclare
762 839 851 869 gestas
864 834 1033 868 aggregavit,

247 893 314 919 quas
321 884 417 920 partim
426 884 511 911 oculis
523 883 580 917 ipso
592 879 840 916 spectavit,partim
855 879 957 906 recenti
974 882 1036 905 tunc

248 929 384 957 auditione
392 929 495 956 didicit.
505 928 695 961 Eadem-porro
702 926 735 953 de
748 932 898 953 causacum
907 924 990 951 etiam
1000 924 1041 950 in-

249 976 322 1003 sulas
330 975 443 1001 Romam
454 980 550 1000 versus
562 972 692 1007 navigans
706 971 858 1002 lustrasset,
876 969 952 996 hisce
963 969 1040 996 simi-

249 1020 321 1047 libus
336 1019 371 1046 ibi
385 1018 482 1053 1621)
504 1025 614 1052 quoque
627 1014 837 1050 conquisitis,et
847 1014 975 1048 cognitis,
991 1014 1043 1041 hoc

249 1073 317 1100 opus
335 1064 511 1098 conscripsit,
525 1063 597 1098 quod
614 1063 722 1090 dedicat
738 1060 904 1096 Sophronio,
921 1067 967 1087 seu
984 1059 1038 1086 So-

251 1113 362 1147 phrona:
377 1111 512 1146 discipulo
529 1118 591 1142 suo,
610 1109 754 1143 eidemque
778 1109 829 1136 hoc
844 1109 932 1142 ipsum
949 1106 1040 1139 olfert,

251 1158 379 1191 cumjam
400 1158 491 1184 animo
517 1157 688 1191 praeciperet,
716 1155 820 1182 instare
835 1154 898 1181 vitae
913 1153 994 1187 hujus
1013 1153 1041 1180 in

252 1205 394 1233 meliorem
406 1202 663 1231 commutationem.

1051 859 1073 887 Β

1093 1149 1132 1184 τῷ
1143 1149 1235 1182 οἰκείῳ
1254 1146 1361 1182 μαθητῇ
1375 1145 1422 1172 καὶ
1438 1143 1598 1180 ἐγχειρίζει,
1614 1143 1689 1178 αὐτῷ
1703 1142 1790 1177 τούτῳ
1800 1141 1823 1156 ⁸⁵
1842 1141 1913 1176 τὴν

1093 1193 1141 1220 τοῦ
1158 1193 1214 1228 βίου
1235 1191 1384 1226 μέλλουσαν
1413 1189 1577 1226 ἐφίστασθαι
1607 1188 1677 1224 πρὸς
1703 1188 1737 1215 τὰ
1754 1187 1913 1222 ἀμείνονα

1096 1238 1314 1275 προτεοεαμένος
1325 1236 1489 1274 μεταϐολήν.

1136 1285 1168 1311 Ἦ
1185 1285 1212 1311 δὲ
1225 1283 1272 1311 τοῦ
1287 1283 1367 1318 λόγου
1385 1281 1520 1318 ἑρμηνεία
1533 1281 1573 1312 εἰς
1592 1281 1623 1307 τδ
1634 1279 1827 1314 ταπεινότερον
1848 1280 1913 1306 τοῦ

1095 1331 1231 1368 προτέρου
1260 1330 1306 1357 καὶ
1330 1328 1517 1364 ἀμαθέστερον
1547 1326 1767 1355 ἁποκλίνει.Καὶ
1788 1326 1825 1352 τὰ
1863 1326 1913 1352 διε-

1099 1379 1232 1415 ηγήματα
1246 1377 1273 1404 δὲ
1283 1376 1343 1411 οὐχὶ
1356 1376 1401 1402 τὸν
1413 1375 1470 1401 ἴσον
1486 1373 1602 1409 ἀριθμὸν
1612 1373 1641 1399 ὲν
1659 1373 1741 1399 πᾶσιν
1761 1372 1913 1406 εὑρήσεις

255 1428 316 1448 rum
344 1420 371 1447 in
388 1419 515 1447 omnibus
532 1418 611 1446 libris
634 1417 834 1453 deprehendas,
851 1426 914 1446 cum
939 1419 966 1446 in
983 1420 1043 1454 qui-

1138 1433 1151 1456 ς
1167 1424 1279 1459 βιϐλίοις
1305 1420 1521 1456 διασεσωσμὲνα,
1541 1420 1598 1447 ἀλλ’
1614 1419 1643 1446 ἐν
1658 1428 1712 1446 τισι
1742 1419 1790 1444 καὶ
1814 1420 1865 1451 εἰς
1888 1420 1913 1454 βπ

255 1467 369 1495 busdam
390 1466 422 1492 ad
435 1466 487 1493 duo
503 1464 560 1500 (85)
574 1469 602 1492 et
616 1466 796 1500 quadraginta
812 1473 893 1500 supra
909 1470 1043 1493 trecentas

1136 1474 1144 1497 ί
1165 1470 1190 1507 μ’
1206 1471 1252 1497 καὶ
1265 1473 1288 1496 τ’
1301 1469 1323 1485 ⁸⁸
1333 1468 1521 1504 διηπλωμένα,
1536 1466 1617 1493 τοῦτο
1641 1466 1690 1500 μὲν
1707 1465 1787 1491 ἐνῖων
1804 1473 1913 1499 κεφα-

256 1522 318 1542 sesc
341 1514 500 1548 extendant,
517 1515 596 1549 idque
617 1513 659 1540 vel
675 1520 707 1540 ex
722 1512 840 1546 capitum
864 1513 1043 1546 quorumdam

1136 1517 1181 1543 ίων
1196 1515 1377 1550 ὲπιδιαιρέσει
1387 1513 1434 1540 τοῦ
1448 1511 1567 1548 ἀριθμοῦ
1584 1510 1798 1545 συναυξομένου,
1813 1511 1913 1538 τοῦτζ

257 1561 401 1592 divisione.
418 1560 460 1587 vel
478 1565 552 1588 certe
565 1560 679 1587 aliorum
705 1557 907 1591 interjectione,
927 1559 1043 1587 adaucto

1139 1562 1186 1588 καὶ
1204 1559 1382 1596 διηγημάτων
1393 1558 1468 1584 ἔστιν
1487 1553 1525 1583 ὧν
1556 1554 1730 1591 παρενθήκη.
1761 1553 1845 1587 Πλὴν
1881 1555 1913 1587 ἐξ

259 1615 382 1635 numero.
397 1607 530 1634 Caeterum
548 1614 581 1633 ex
599 1606 641 1633 Itis
655 1605 785 1632 omnibus
802 1603 952 1633 industrius
971 1606 1043 1640 quis-

1136 1608 1226 1634 :dwwv
1240 1606 1271 1632 τὸ
1287 1605 1425 1641 χρήσιμον
1446 1603 1460 1629 6
1491 1601 1600 1633 συνετὸς
1615 1600 1663 1627 καὶ
1676 1599 1805 1634 θεοφιλὴς
1824 1599 1913 1636 ἀνὴρ

259 1661 314 1688 que
340 1657 367 1681 et
397 1653 446 1680 Dei
468 1660 584 1685 amans,
602 1652 724 1680 ﬂuctum
751 1652 883 1686 capiens,
907 1660 1043 1688 nunquam

1136 1653 1266 1688 επόμενος
1279 1651 1328 1678 οὐκ
1346 1649 1379 1678 ἂν
1391 1649 1446 1677 τῶν
1461 1647 1687 1683 συντεταγμένων
1699 1645 1779 1681 κόρον
1811 1654 1913 1674 κατας

259 1699 340 1735 hujus
354 1699 449 1734 scripti
464 1699 576 1726 nimiam
592 1698 778 1734 prolixitatem
792 1699 941 1726 accusarit.
1099 1700 1189 1736 γνοίη.

628 1744 682 1772 CC.
1436 1743 1463 1770 Σ¹

288 1285 386 1319 Operis
407 1288 500 1310 autem
518 1281 598 1316 hujus
620 1280 717 1310 dictio.
740 1280 826 1315 magis
841 1287 923 1315 quam
938 1287 1041 1314 praece-

253 1331 354 1363 dcntis,
370 1330 404 1357 ad
431 1329 604 1357 lntmiliorem
624 1335 656 1355 ac
671 1327 809 1354 rudiorem
827 1328 915 1362 vergit
930 1327 1040 1362 stylum.

254 1374 448 1402 Narrationum
463 1373 558 1400 adhaac
583 1379 637 1399 non
656 1372 779 1399 eumdem
797 1377 934 1399 servatum
950 1380 1044 1399 nume-

262 1790 348 1818 Μαγεὶ
366 1791 486 1818 monac/ti
504 1791 685 1818 Ascetirorum
708 1791 769 1818 libri
791 1799 850 1824 vnt,
869 1796 894 1819 et
918 1791 1050 1819 Adversus

483 1826 708 1853 Melchisedecitas
734 1826 800 1853 liber
813 1835 832 1854 ι.

296 1872 469 1907 Legebantur
478 1871 562 1899 Marci
579 1872 703 1900 monachi
721 1873 784 1900 libri
799 1878 861 1900 octo
880 1873 936 1907 (86)
956 1882 962 1900 :
981 1881 1050 1909 quo-

262 1928 323 1948 rum
339 1921 442 1956 primus
462 1919 569 1946 titulum
588 1919 698 1954 praefert
715 1918 752 1946 Dc
768 1919 826 1954 lege
851 1920 979 1954 spiritali,
997 1920 1051 1947 uti-

263 1969 351 2002 lisque
369 1967 476 1994 exsistit
501 1966 533 1994 iis
550 1966 597 2001 qui
627 1965 783 2001 religiosam
808 1973 890 2000 agere
905 1966 986 1993 vitam
1003 1973 1053 2002 ag-

263 2014 350 2049 gressi
366 2018 440 2046 sunt,
458 2012 685 2047 quemadmodum
699 2016 726 2039 et
743 2019 864 2046 sequens
880 2019 927 2040 eos
961 2013 1006 2047 qui
1019 2019 1053 2040 ex

263 2061 392 2095 operibus
417 2060 562 2095 justiﬁcari
581 2067 610 2086 se
631 2063 738 2093 putant,
756 2058 782 2086 in
807 2066 905 2086 vanam
933 2059 1055 2087 incidere

264 2107 419 2142 opinionem
437 2108 534 2140 docet;
551 2106 604 2133 imo
617 2105 643 2132 id
660 2106 703 2132 vel
716 2105 743 2132 in
759 2105 853 2139 primis
869 2106 1054 2140 perniciosum

265 2162 326 2182 csse
335 2155 513 2181 demonstrat.
528 2153 708 2180 Addunturet
723 2152 776 2179 alia
789 2152 825 2179 ibi
838 2152 970 2179 salutaria
984 2159 1055 2187 prm-

1101 1793 1223 1828 Μάρκου
1238 1790 1376 1828 μοναχοῦ
1395 1790 1487 1828 ΛργοΠι
1507 1787 1668 1828 ἁσκῃζικοῑ
1688 1789 1734 1828 η’·
1750 1785 1801 1812 καὶ
1821 1787 1913 1820 Πρὸς

1277 1824 1534 1860 Μεζὶχισεδεκὶτας
1561 1824 1652 1857 λόγος
1668 1825 1705 1850 α’.

1143 1873 1312 1909 Ἀνεγνῶσθη
1325 1872 1426 1908 βιϐλίον
1440 1871 1556 1905 Μάρκου
1573 1867 1695 1904 μονα.χοῦ
1707 1867 1736 1894 ὲν
1753 1865 1860 1900 λόγοις
1875 1871 1910 1903 η’

1102 1917 1140 1947 ὧν
1152 1920 1166 1946 6
1179 1920 1228 1954 μὲν
1244 1918 1352 1954 πρῶτος
1369 1916 1528 1952 ἐπιγραφὴν
1543 1914 1623 1949 ἔλαχε
1638 1913 1702 1949 περὶ
1719 1912 1804 1948 νόμου
1817 1921 1908 1940 mea

1106 1963 1232 2000 ματικοῦ,
1247 1964 1296 1989 καὶ
1310 1963 1444 1998 χρήσιμος
1460 1962 1517 1992 τοῖς
1532 1960 1578 1986 τὸν
1593 1958 1744 1993 ἀσκητικὸν
1758 1957 1862 1993 ὲπανῃ
1869 1967 1913 1994 ρη

1106 2011 1196 2046 μένοις
1215 2010 1286 2045 βίον·
1311 2008 1407 2043 ὥσπερ
1423 2007 1471 2034 καὶ
1487 2007 1501 2033 ὁ
1524 2006 1635 2041 ἑφεξῆς,
1661 2005 1725 2036 τοὺς
1751 2003 1780 2036 ἐξ
1809 2003 1913 2039 ἔργων

1105 2055 1243 2090 οίομένους
1259 2053 1430 2081 δικαιοῦσθαι
1446 2054 1485 2084 είς
1503 2052 1619 2087 μάταιον
1633 2049 1794 2077 διαπίπτειν
1809 2049 1836 2065 ⁸⁸
1873 2051 1912 2077 ‘m

1105 2101 1213 2137 γισμδν,
1231 2101 1331 2136 μᾶλλον
1341 2100 1370 2126 δὲ
1386 2099 1432 2126 καὶ
1458 2099 1504 2126 τὸν
1517 2099 1558 2125 ὅτι
1577 2098 1693 2134 μάλιστα
1711 2095 1861 2131 σφαλερὸν
1882 2098 1908 2113 ⁵⁷

1107 2147 1346 2182 ἐπιδεικνύμενος·
1374 2144 1548 2182 [5211ὶ.]ὲν
1579 2142 1620 2175 οἷς
1638 2143 1690 2170 καὶ
1719 2142 1820 2176 ἕτεραι
1850 2152 1912 2170 συν

265 2205 353 2235 cepta,
369 2208 428 2236 qua:
446 2199 479 2226 ad
495 2199 643 2233 spiritalem
656 2206 734 2233 teque
750 2198 832 2225 vitain
847 2203 876 2226 et
899 2198 1043 2226 institutttn

1136 2194 1272 2228 ραίνονται
1289 2192 1477 2228 παραινέσεις,
1489 2192 1527 2222 εἰς
1537 2190 1582 2218 τὸν
1592 2188 1777 2225 πνευματικὸν
1793 2189 1853 2215 καὶ
1871 2191 1913 2218 αὖ

265 2245 428 2272 conducant.
452 2243 561 2271 Tertius
570 2251 634 2270 vcro
660 2243 729 2270 liber
743 2244 776 2270 de
788 2243 959 2278 paenitentia,
983 2245 1056 2279 quod

268 2295 324 2318 tunc
334 2290 434 2324 ubique
441 2290 548 2321 deceat,
558 2289 655 2316 docere
662 2295 710 2323 pro
723 2295 806 2322 scopo
819 2288 871 2315 sibi
884 2296 1050 2324 proponens,

267 2337 301 2364 ad
317 2336 442 2364 eumdem
455 2341 567 2370 prorsus
578 2334 705 2361 utilitatis
720 2334 833 2369 gradum
850 2335 946 2362 tendit.

304 2424 451 2459 Perspicua
471 2424 554 2459 igitur
571 2423 631 2458 ejus
647 2427 688 2451 est
699 2423 794 2455 dictio,
808 2428 945 2458 quatenus
960 2424 1051 2452 verbis

269 2471 355 2498 utitur
368 2471 570 2503 communibus,
587 2474 614 2497 et
628 2477 732 2497 summa
745 2469 835 2504 capita
849 2470 984 2504 percurrit
995 2478 1058 2498 ora-

271 2517 309 2545 tio
323 2526 331 2544 :
349 2517 401 2545 etsi
419 2516 491 2551 quod
506 2516 539 2544 ad
555 2516 674 2544 Atticum
692 2523 848 2544 sermonem
860 2524 912 2544 non
928 2517 995 2544 satis
1009 2524 1057 2545 ac—

1108 2241 1155 2268 ταὶ
1167 2240 1366 2275 συνανήκουσαι
1379 2238 1436 2274 βίον
1450 2238 1473 2254 ⁸⁸
1488 2238 1536 2264 καὶ
1548 2237 1640 2272 νόμον.
1656 2235 1712 2262 Καὶ
1724 2235 1738 2261 6
1750 2237 1775 2269 γ’
1788 2235 1835 2269 δὲ,
1849 2246 1913 2272 περ

1111 2286 1254 2322 μετανοίας
1267 2286 1317 2320 τῆς
1334 2287 1451 2313 πάντοτε
1468 2283 1666 2320 προσηκούσης
1680 2281 1913 2317 ἁπευθυνὸμενο

1109 2334 1155 2361 τὸν
1169 2333 1280 2366 σκοπὸν,
1296 2334 1336 2364 είς
1343 2332 1389 2359 τὸν
1406 2331 1488 2359 αὐτὸν
1507 2331 1558 2366 τῆς
1568 2329 1703 2365 ὠφελείας
1715 2327 1830 2364 βαθμὸν
1845 2330 1913 2356 ἀνα

1107 2380 1220 2415 τρέχει.“

1144 2425 1235 2461 Σαφὴς
1251 2425 1299 2460 μὲν
1314 2421 1361 2451 οὖν
1385 2425 1472 2456 ἐστιν,
1492 2423 1555 2450 ὅσον
1569 2422 1617 2450 ἐπὶ
1644 2423 1678 2457 τῇ
1697 2420 1847 2456 κοινότητι
1868 2423 1913 2449 τῶ

1111 2471 1210 2503 λέξεων
1218 2471 1266 2497 καὶ
1284 2470 1324 2504 τῷ
1336 2467 1532 2504 κεφαλαιωδῶς
1547 2466 1735 2503 ἐξενηνέχθαι,
1758 2466 1774 2500 ἡ
1791 2467 1913 2501 φράσις

1111 2518 1195 2545 εἶκαὶ
1211 2518 1249 2553 μὴ
1277 2517 1345 2552 πρὸς
1359 2516 1409 2552 τὴν
1431 2514 1557 2550 Ἀττικὴν
1584 2512 1781 2549 ἀπηκρίϐωται
1813 2513 1857 2539 τὰ
1880 2515 1913 2541 ὖ).

916 2574 1035 2602 VARI/Et
1052 2574 1258 2604 LECTIONES.

321 2620 459 2664 ξξηπλὴν]
481 2623 575 2664 ’πλὲρν
607 2623 656 2664 Α..
688 2623 710 2638 ⁸⁷
741 2622 822 2664 αυτὸν
837 2623 868 2648 Λ.

271 2657 292 2673 ⁴¹¹
306 2655 398 2693 Σάβϐα
411 2666 441 2689 ς.
451 2655 459 2657 ’
480 2659 502 2674 ⁵*
518 2658 614 2693 μέχρις
642 2657 729 2689 ᾰσεως
762 2659 784 2673 ⁵³
799 2667 828 2683 τε
843 2665 905 2693 om.
919 2665 960 2693 pr.
976 2657 1008 2683 A.

928 2622 951 2638 ⁸⁸
980 2622 1141 2657 ὀνομάζουσι
1173 2631 1203 2654 ς.
1272 2620 1295 2657 θ’

1057 2658 1080 2674 ⁸⁸⁸
1092 2658 1170 2685 τοῦτο
1191 2666 1220 2689 ς.
1260 2656 1282 2671 ⁶⁹
1297 2655 1331 2691 τ’]
1351 2655 1411 2682 libri
1425 2654 1603 2690 τριακοσίοις.

272 2693 339 2728 φησὶ
349 2691 407 2727 λογ.
427 2701 459 2725 ς.
495 2691 583 2720 "catt
597 2708 632 2713 ——
652 2693 793 2728 σφαλερῶν
807 2693 885 2718 τοῦτο
899 2691 969 2719 ἐπιδ.
986 2701 1015 2724 ς.
1033 2693 1077 2728 Πθξι
1094 2693 1150 2726 βίον
1165 2693 1210 2719 καὶ
1229 2699 1285 2719 om.
1301 2691 1335 2717 A.

1324 2619 1484 2654 παράδεισιν
1516 2619 1548 2645 Α.
1603 2617 1625 2633 ⁸³
1650 2616 1734 2654 ονομα
1768 2616 1859 2654 αὐτῷ

1655 2653 1678 2668 ⁵⁸
1697 2644 1874 2681 διαπίπτεὶν

1032 2727 1146 2756 NOTAE.

311 2775 367 2837 (8'5)
387 2774 471 2803 llodic
489 2777 515 2803 in
541 2775 593 2803 εις)
611 2775 699 2809 capita
721 2775 853 2801 duntaxat
874 2773 1002 2800 distincta
1023 2772 1062 2800 le-

314 2821 327 2837 lI
344 2820 386 2837 lll‘.

275 2820 386 2846 guntur.

312 2847 367 2881 (sm
378 2847 493 2874 Exstant
503 2845 614 2872 Parisiis
625 2845 719 2881 Latine
729 2845 847 2875 excussi.
860 2844 919 2881 etin
933 2843 1058 2869 Bibliotit.

279 2883 328 2909 SS.
342 2882 414 2910 Patr.
432 2881 589 2916 Margariui,
607 2886 626 2908 t.
642 2880 682 2908 IV.
702 2881 776 2908 Alios
794 2880 913 2915 ejusdem
928 2884 1059 2914 priutcrca

1115 2773 1150 2799 52
1177 2772 1312 2800 asceticos
1327 2771 1360 2798 ad
1375 2778 1424 2797 sua
1439 2770 1597 2804 pervenisse
1610 2767 1858 2802 Icmporaintlicat
1882 2771 1912 2795 Ni

1116 2808 1194 2841 ecph.
1223 2808 1268 2834 lib.
1287 2814 1341 2836 xtv.
1362 2814 1421 2839 cap.
1440 2803 1487 2835 Si,
1504 2805 1550 2839 qui
1568 2805 1639 2831 hunc
1657 2803 1745 2830 virum
1767 2809 1836 2830 curn
1857 2804 1907 2832 Nil

1115 2844 1147 2871 Β.
1164 2844 1306 2878 Cltrysost.
1322 2841 1484 2875 discipulum
1503 2840 1578 2867 facit.
