1916 3092
39 139 90 170 669

549 141 812 172 BIBLIOTHECA.
826 141 980 171 --CODD.
996 141 1049 179 CC,
1068 142 1136 173 CCI.

1619 141 1671 173 670

41 196 163 229 γΜγτταν
174 195 197 211 ⁸³
207 203 215 210 ·
231 195 256 221 εί
269 195 298 221 δέ
317 204 369 222 που
383 195 447 232 [269
460 195 507 232 ll.)
522 196 553 223 τὸ
577 197 682 231 ἀσαφὲς
692 197 832 232 ἐνορᾶται,

897 203 980 224 :uratc
1004 197 1124 232 linguam
1149 202 1304 232 componat.
1331 197 1423 225 Sicubi
1447 205 1512 226 vero
1528 199 1553 226 in
1570 200 1612 227 his
1622 201 1672 228 ob-

42 243 80 277 τῷ
94 241 138 268 διὰ
164 241 293 277 πράξεως
319 242 390 269 αὐτὰ
405 244 556 277 πεφυκέναι
573 242 674 278 μᾶλλον
687 243 829 269 κατανοεῖ-

45 289 103 314 σθαι
122 289 265 322 ἀναχωρεῖ
282 288 332 322 τῆς
357 288 403 314 διὰ
425 288 512 323 λόγων
537 288 698 324 ἑρμηνείας,
715 288 777 322 οὐχὶ
792 287 832 323 τῷ

43 334 179 364 δυσκόλως
195 333 335 368 εἰρῆσθαι.
350 334 386 360 Τὸ
398 334 426 360 δὲ
442 334 564 361 τοιοῦτον
573 334 624 360 οὐκ
637 335 666 360 ἐν
681 334 739 365 τοῖς
755 335 832 368 εἰρη-

45 379 133 412 μένοις
150 378 235 413 μόνον
262 379 446 412 ἀναφαίνεται
467 379 569 413 λόγοις,
592 378 661 405 ἀλλὰ
675 379 722 404 και)¹
732 379 761 404 ἐν
774 378 832 409 τοῖς

45 424 118 458 ἔξιτ’
136 424 187 450 καὶ
198 424 260 458 οὐχὶ
275 424 349 459 μόνῳ
358 424 427 460 τῷδε
437 425 476 460 τῷ
505 424 592 459 ἀνδρὶ,
611 423 680 450 ἀλλὰ
693 424 716 439 ⁷⁸
731 423 831 458 μικροῦ

45 475 134 504 πᾶσιν,
148 470 192 504 οἷς
206 473 374 507 ἀσκητικοὺς
386 473 483 508 νόμους
491 473 538 499 καὶ
553 473 625 507 πάθη
637 472 684 499 καὶ
697 471 833 502 διαθέσεις

45 519 75 545 δι’
97 518 191 554 ἔργων
214 518 357 553 χωρούσας
371 517 556 552 ἀπαγγέλλειν
578 517 675 551 γέγονε
689 516 803 551 σπουδὴ,
819 517 834 542 ό

45 565 91 598 τῆς
100 564 235 599 τοιαύτης
249 564 385 598 ἀσαφείας
401 563 508 598 ἐνιαχοῦ
528 563 693 598 συμπρόεισι
721 563 833 598 τρόπος,

44 611 91 645 τῆς
102 612 136 638 ἐκ
147 611 171 626 ⁷⁸
187 611 244 637 τῶν
259 610 349 645 ἔργων
361 610 451 637 αὐτῶν
479 609 653 644 ἐπιγνώσεως
675 608 706 635 οὖ
717 617 745 635 τι
763 608 836 643 μάλα

48 654 276 689 περγοὺοηςτὰς
287 655 332 681 διὰ
343 655 398 680 τῶν
410 655 542 689 ῥημάτων
555 653 748 688 ἐπιδηλώσεις.
764 652 835 679 Ἀλλ’

45 700 113 726 οὕτω
133 700 186 734 μὲν
199 700 267 734 περὶ
274 700 380 726 τούτου.
397 700 431 726 ’⁷0
444 708 476 734 γε
494 701 548 734 μὴν
558 699 578 726 δ’
595 700 685 732 λόγος,
698 699 739 730 εἰς
751 699 836 726 τύπον

47 746 212 780 ἐρωτήσεως
226 746 272 772 καὶ
287 745 460 780 ἀποκρίσεως
471 746 722 781 ἐσχηματισμένος,
734 745 838 772 δείκνυ-

885 243 1004 271 scuritas
1027 243 1115 277 aliqua
1128 243 1262 275 cernitur,
1282 244 1342 271 ideo
1359 244 1486 271 nimirum
1502 245 1538 272 ab
1554 253 1597 276 ea,
1612 254 1672 280 qua:

886 298 935 325 per
951 291 1034 317 verba
1049 290 1078 317 fit
1094 289 1193 326 [clara]
1207 290 1390 324 explicatione
1407 291 1521 322 recedit.
1535 292 1607 325 quod
1616 292 1673 318 haec

886 336 1017 371 ejusmodi
1027 337 1091 368 sint.
1115 339 1143 362 ιιι
1164 343 1212 370 per
1229 336 1363 362 actionem
1396 336 1480 370 ipsam
1501 335 1672 368 potissimum

886 382 989 416 percipi
1009 382 1136 414 debeant,
1154 389 1208 408 non
1225 381 1297 414 quod
1312 380 1457 407 dilliculter
1474 381 1567 407 eadem
1581 381 1675 415 expri—

887 429 923 455 mi
940 428 1064 454 oratione
1082 428 1197 462 possint.
1212 427 1288 460 Quod
1302 434 1354 453 non
1373 427 1398 453 in
1413 426 1487 453 hisce
1497 427 1584 453 solum
1597 426 1673 453 libris

888 482 938 501 usu
959 475 1050 507 venit,
1076 475 1123 501 sed
1147 479 1174 501 et
1198 474 1224 500 in
1249 473 1310 500 aliis
1332 473 1458 507 deinceps
1484 473 1674 507 sequentibus.

888 520 957 554 Quin
974 528 1060 555 neque
1078 520 1104 547 in
1122 520 1173 547 hoc
1184 519 1471 553 duntaxatscriptore,
1486 526 1578 546 verum
1591 519 1674 545 etiam

889 567 915 594 in
932 567 1059 593 onmibus
1072 566 1158 593 ferme
1175 566 1219 598 iis,
1237 566 1282 600 qui
1302 566 1336 592 de
1347 565 1474 592 asceticis
1488 565 1633 596 institutis,
1649 569 1676 591 et

888 613 922 640 de
945 612 1195 646 perturbationibus
1214 617 1294 645 atque
1316 610 1518 642 affectionibus,
1545 618 1604 645 que
1629 617 1677 644 per

889 658 947 692 ipsa
962 658 1147 693 producuntur
1161 665 1254 692 opera,
1271 658 1370 685 docere
1383 657 1486 691 aliquid
1502 658 1675 689 studuerunt,

889 704 1021 738 ejusmodi
1037 703 1212 731 obscuritatis
1223 703 1318 730 vitium
1328 703 1427 730 alicubi
1445 703 1582 730 invenitur
1595 710 1603 735 ;
1616 710 1676 737 quae

890 751 963 778 enim
979 757 1012 776 ex
1032 750 1098 784 ipsis
1123 754 1165 776 est
1182 750 1310 783 operibus
1324 755 1452 783 percepta
1467 749 1598 782 cognitio.
1623 756 1676 775 non

47 800 87 817 σιν
103 791 142 822 ὼς
161 791 195 818 τὸ
210 792 346 826 σωτήριον
371 791 513 826 βάπτισμα
538 791 587 826 τὴν
611 791 769 826 ἐλευθερίαν
789 792 838 818 κα).

897 803 977 829 isque
991 796 1058 822 adeo
1080 795 1170 822 verbis
1184 796 1319 828 explicari
1339 799 1466 822 contenta
1484 799 1535 821 est.
1551 794 1603 821 Sed
1621 795 1679 820 luteo

47 836 89 862 τὸν
107 836 289 871 καθαρισμὸν
309 836 363 862 τῶν
381 837 588 872 ἁμαρτημάτων
617 836 757 871 μυστικῶς
773 836 840 872 ἡμῖν

48 883 198 918 ἐχαρίσατο
223 883 245 898 ⁷³
267 883 316 908 καὶ
331 883 380 918 τὴν
397 883 478 918 χάριν
497 882 544 909 τοῦ
569 883 703 917 παναγίου
726 883 840 918 ἐνῴκισε

48 928 221 964 Πνεῦματος,
242 929 291 955 καὶ
319 928 422 955 τοιαῦθ’
438 929 530 964 ἕτερα.
551 929 580 955 '0
594 929 623 954 δὲ
637 931 657 955 ε’
683 929 841 956 διαπλάττει

47 977 89 1003 τον
103 975 171 1002 νοῦν
198 976 270 1011 πρὸς
285 977 336 1011 τὴν
355 977 457 1002 οίκειαν
482 976 572 1011 ψυχὴν
602 977 760 1012 συμϐουλὴν
785 974 849 1002 οἷονε

48 1023 291 1057 ἀνακοινούμενον,
304 1022 337 1049 δι’
349 1020 382 1058 ἦς
403 1024 453 1049 οὐκ
468 1023 564 1054 ἄλλους
589 1023 702 1054 αἰτίους,
720 1022 777 1050 ἀλλ’
793 1023 843 1049 αὑ-

48 1070 109 1100 τοὺς
125 1069 205 1104 ἡμᾶς
217 1068 273 1094 τῶν
287 1069 521 1104 ἁμαρτανομένων
549 1069 740 1102 ἀποφαίνεται.
761 1070 815 1096 Καὶ
828 1069 843 1095 6

50 1114 75 1146 ς’
87 1114 116 1140 δὲ
130 1115 174 1145 εἰς
183 1113 310 1147 διάλογον
320 1113 528 1149 σχηματίζεται,
539 1114 717 1148 σχολαστικὸν
724 1115 843 1149 εἰσάγων

49 1160 107 1186 τινὰ
120 1159 194 1194 πρὸς
207 1160 323 1194 Μάρκον
336 1159 416 1185 αὑτὸν
430 1159 632 1195 διαλεγόμενον,
645 1157 683 1187 ὧν
706 1162 741 1187 τὰ
755 1160 842 1194 κεφά-

49 1205 111 1232 λαια
127 1206 173 1232 ὅτι
183 1205 226 1231 δεῖ
240 1204 421 1239 ἀδικούμενον
436 1205 473 1241 μὴ
497 1205 651 1240 ἀμύνεσθαι
672 1206 738 1241 μηδὲ
757 1215 843 1233 κατα-

49 1252 155 1287 κρίνειν
180 1252 245 1283 τοὺς
266 1252 438 1284 ἀδικοῦντας,
454 1252 512 1278 ἀλλ’
538 1252 610 1278 ἰδίων
637 1253 844 1288 ἁμαρτημάτων

49 1299 214 1333 εἰσπράξεις
228 1298 356 1333 ἡγεῖσθαι
371 1298 421 1330 ἰὰς
436 1299 465 1332 ἐξ
479 1299 583 1333 ἐτέρων
595 1300 662 1333 ἡμῖν
678 1299 844 1334 ἐπιφερομέ-

49 1353 95 1376 νας
108 1345 131 1360 ⁷³
142 1345 295 1379 ἐπηρείας·
314 1344 361 1371 καὶ
377 1344 417 1371 ὅτι
440 1344 559 1379 χαλεπὸν
570 1346 587 1379 ὴ
601 1344 843 1380 ἀνθρωπαρεσκία,

49 1392 95 1417 καὶ
109 1391 149 1422 ὡς
165 1391 208 1417 δεῖ
225 1391 327 1422 παντὸς
343 1390 501 1424 σωματικοῦ
517 1391 599 1426 ἔργου
609 1391 699 1426 πολλῷ
717 1391 756 1426 τῷ
770 1391 845 1426 μέσῳ

48 1437 97 1469 τὴν
108 1436 271 1472 προσευχὴν
290 1436 465 1471 προτάττειν,
497 1438 545 1463 καὶ
561 1437 588 1463 τί
601 1438 659 1463 ἐστι
685 1437 716 1463 τὸ
739 1436 844 1471 Θέλημα

48 1483 99 1517 τῆς
114 1483 231 1517 σαρκός.
251 1483 281 1509 '0
294 1482 323 1509 δὲ
335 1483 368 1515 ζ’,
386 1484 435 1510 οὐκ
452 1484 492 1514 είς
502 1483 536 1509 τὰ
550 1483 604 1509 τῶν
620 1483 750 1518 ῥημάτων
766 1483 846 1517 ἀμοι-
858 1472 881 1505 C

48 1529 116 1555 ὀαῖα
127 1529 153 1544 ⁷⁵
184 1527 411 1563 διατυπούμενος,
429 1528 493 1564 περὶ
507 1528 634 1563 νηστείας
657 1528 846 1563 διαλαμϐάνει.

52 1574 84 1601 '0
100 1575 131 1602 δὲ
146 1577 186 1609 η’,
210 1574 338 1608 Νικολάῳ
354 1573 408 1600 τινὶ
433 1573 542 1609 μοναχῷ
562 1575 755 1609 γεγραμμένος
766 1595 773 1607 ,
793 1575 848 1602 τίσι

50 1620 175 1655 μάλιστα
197 1619 355 1652 κοιμίζεται
372 1619 395 1635 ⁷⁸
415 1619 499 1654 eum;
513 1620 561 1646 καὶ
576 1620 645 1655 όργὴ
658 1620 674 1654 ἢ
694 1620 742 1646 καὶ
756 1620 848 1646 τέλεον

49 1667 246 1700 καταργεῖται,
259 1665 444 1697 ἀναδιδάσκει,
461 1665 509 1692 καὶ
520 1665 592 1691 τίσιν
606 1666 622 1700 ὴ
640 1665 757 1700 σαρκίνη
785 1666 847 1691 ἐπι-

51 1711 147 1746 Θυμία.
161 1711 256 1738 Ταῦτα
274 1712 334 1746 μὲν,
349 1712 374 1738 εί
388 1711 435 1738 καὶ
448 1710 519 1738 κατὰ
535 1711 565 1737 τδ
588 1711 688 1746 μᾶλλον
705 1711 753 1737 καὶ
769 1709 849 1746 ἦττον

51 1757 178 1791 ἀλλήλων
194 1756 368 1791 διαφέροντα,
381 1757 456 1791 ὅμως
464 1756 504 1787 είς
515 1755 564 1790 τὴν
580 1755 737 1792 πρακτικὴν
771 1764 849 1791 χειρ-

52 1804 160 1836 αγωγεί
176 1802 339 1836 φιλοσοφίαν
361 1801 396 1828 τὰ
409 1801 481 1828 ὀκτὼ
494 1801 516 1817 ⁷⁸
530 1802 585 1828 τῶν
600 1801 708 1836 λογίων,
726 1803 756 1828 '0
770 1802 798 1828 δὲ
815 1802 847 1834 θ’,

53 1849 125 1875 κατὰ
139 1848 379 1883 Μελχισεδεκιτῶν
409 1848 620 1883 ἀγωνιζόμενος,
636 1848 712 1874 οὐδὲν
739 1847 850 1874 ἔλαττον

52 1895 98 1920 τὸν
108 1894 319 1928 γεννησάμενον
329 1893 410 1920 αὐτὸν
428 1893 561 1928 αἱρέσεως
577 1893 668 1928 ἔνοχον
686 1893 716 1920 οὐ
733 1902 850 1928 μετριω-

53 1939 135 1974 τέρας
156 1939 328 1974 στηλιτεύει⁵
351 1938 422 1974 πλὴν
450 1939 490 1973 τῷ
515 1948 547 1973 γε
573 1939 660 1975 θηρᾷν
682 1939 850 1974 πανταχόθεν

55 1986 196 2021 ἐφιεμένῳ
215 1986 246 2012 τὸ
271 1988 416 2021 χρήσιμον,
437 1986 487 2012 οὐκ
504 1986 653 2021 ἀσυντελὴς
671 1985 747 2021 αὑτῷ
760 1985 815 2012 οὐδ’
832 1987 849 2022 ἡ

56 2034 87 2060 ὲκ
107 2032 208 2059 τούτου
220 2032 375 2066 ἀνάγνωσις
397 2031 485 2058 ἔσται.
499 2031 554 2066 Τὴν
571 2031 600 2057 δὲ
624 2031 679 2057 τῶν
696 2032 850 2067 εἰρημένων

56 2079 142 2112 λόγων
163 2078 243 2111 τάξιν
256 2078 286 2104 οὐ
303 2078 392 2104 πάντα
405 2077 439 2104 τὰ
450 2077 605 2112 ἀντίγραφα
630 2078 680 2113 τὴν
696 2078 781 2114 αὐτὴν
793 2079 851 2105 δια-

58 2126 151 2157 σώζει,
166 2124 236 2150 ἀλλὰ
253 2123 313 2150 ἔνια
329 2123 379 2158 μὲν
387 2123 410 2139 ⁷⁷
424 2123 580 2157 προτάττει,
604 2123 672 2149 ἄλλα
689 2123 718 2149 δὲ
733 2123 849 2149 ὑποτάτ-

57 2180 96 2197 τει
112 2171 152 2202 ὧς
168 2178 231 2196 τινα
242 2169 290 2196 καὶ
306 2169 355 2205 τὴν
365 2169 484 2204 ἐσχάτην
495 2169 552 2200 τοῖς
565 2168 685 2203 πράηοις
700 2169 850 2204 ἀπονέμειν

58 2216 150 2251 χώραν
162 2216 197 2242 ⁷⁸.

892 841 1033 868 hactenus.
1052 840 1171 874 Quartus
1200 848 1281 874 porro
1301 841 1368 868 liber
1389 839 1581 874 interrogantis
1596 844 1679 873 atque

893 887 1078 922 respondentis
1086 887 1172 914 forma
1182 887 1358 922 compositus.
1367 887 1445 914 docet
1453 887 1621 914 salutiferum
1631 887 1680 914 ba-

892 935 1002 970 ptisma,
1014 942 1074 961 cum
1087 934 1275 961 liberationem
1287 933 1522 968 expiationemque
1532 933 1678 960 criminum

892 980 1005 1014 mystice
1012 979 1088 1006 nobis
1098 978 1255 1011 contulisse,
1266 983 1322 1005 tum
1334 977 1421 1005 sancti
1434 977 1552 1010 Spiritus
1563 977 1679 1010 gratiam

893 1025 1025 1053 infudisse
1040 1034 1047 1053 :
1065 1024 1162 1060 163a
1185 1029 1213 1052 et
1232 1025 1256 1051 id
1274 1031 1360 1058 genus
1385 1023 1572 1056 alia.Quintns
1582 1023 1679 1050 deinde

894 1071 993 1098 mentis
1009 1071 1084 1098 velut
1098 1070 1338 1103 consultationem,
1354 1078 1414 1096 cum
1429 1077 1477 1096 sua
1492 1069 1577 1103 ipsius
1589 1070 1679 1096 anima

895 1117 932 1144 ita
947 1117 1061 1149 inducit,
1076 1121 1105 1143 ut
1118 1123 1166 1143 nos
1182 1117 1256 1151 ipsos
1274 1121 1399 1142 auctores
1418 1123 1479 1142 esse
1495 1120 1678 1150 peccatorum,

894 1170 947 1190 non
963 1169 1027 1189 vero
1042 1162 1069 1188 in
1080 1161 1146 1188 alios
1159 1163 1266 1195 culpam
1281 1160 1486 1192 conferendam,
1499 1161 1678 1186 demonstret.

896 1207 995 1235 Sextus
1007 1213 1097 1235 autem
1111 1207 1210 1241 dialogi
1239 1206 1324 1234 forma
1347 1207 1529 1240 conscriptus,
1543 1213 1596 1240 quo
1617 1212 1682 1231 cau-

895 1254 997 1282 sidicus
1013 1253 1121 1288 quidam
1140 1260 1201 1280 cum
1218 1251 1310 1279 Marco
1323 1252 1381 1286 ipso
1396 1252 1534 1279 disserens
1546 1251 1682 1278 inducitur

895 1305 1068 1334 tractantque
1082 1299 1138 1326 hazc
1153 1298 1210 1326 fere
1223 1299 1310 1333 capita
1327 1307 1334 1326 :
1351 1299 1402 1331 Qui
1419 1298 1545 1332 iniuriam
1569 1305 1684 1332 accepe-

895 1346 943 1377 rit,
964 1345 1058 1372 ulcisci
1084 1352 1138 1371 non
1155 1345 1265 1376 debere,
1291 1351 1341 1371 nec
1363 1345 1430 1377 adeo
1458 1344 1518 1370 illus
1543 1344 1682 1375 damnare,

896 1391 943 1425 qui
967 1390 1094 1424 iniuriam
1113 1390 1239 1421 fecerint,
1254 1397 1314 1416 curn
1341 1396 1481 1422 pcenarum
1503 1389 1540 1415 sit
1551 1388 1638 1422 potius
1651 1388 1684 1414 de

898 1438 1017 1472 peccatis
1046 1437 1149 1464 nostris
1173 1437 1321 1470 reputanda
1346 1435 1464 1467 exactio,
1487 1442 1547 1469 qua:
1567 1434 1602 1461 ab
1625 1434 1685 1461 aliis

899 1485 977 1512 nobis
993 1483 1146 1510 inferantur
1157 1483 1274 1517 injuriae.
1289 1481 1401 1508 Difficile
1409 1489 1517 1516 quoque
1527 1481 1685 1508 cssehomi-

899 1531 979 1558 nibus
996 1530 1115 1565 placere.
1135 1529 1323 1556 Precationem
1341 1528 1440 1555 dehinc
1455 1529 1609 1561 cuicunque
1623 1534 1685 1553 cor-
1705 1560 1707 1563 _

898 1575 985 1609 porali
1001 1575 1077 1609 operi
1103 1573 1183 1609 longo
1198 1580 1259 1600 esse
1281 1573 1425 1600 intervallo
1450 1571 1683 1606 przeponendam:

898 1628 926 1650 et
940 1630 1000 1657 qua:
1015 1622 1052 1649 sit
1067 1621 1184 1654 denique
1199 1619 1290 1647 carnis
1311 1619 1447 1645 voluntas.
1465 1617 1603 1652 Septimus
1619 1617 1688 1643 liber

901 1669 964 1705 [non
981 1675 1029 1703 per
1050 1667 1186 1701 dialogum
1201 1664 1331 1700 scriptus]
1351 1663 1500 1698 dejejunio
1517 1663 1584 1698 agit.
1600 1661 1684 1689 Octa-

899 1723 949 1742 vus
974 1713 1082 1740 tandem
1104 1712 1215 1739 Nicolao
1236 1711 1343 1738 cuidam
1361 1709 1502 1743 ;monacho
1525 1708 1688 1742 inscriptus,

902 1761 1000 1796 quibus
1013 1759 1184 1794 potissimum
1203 1758 1241 1784 ira
1257 1764 1288 1783 ac
1305 1756 1381 1782 furor
1398 1754 1481 1781 animi
1497 1754 1630 1789 sopiatur,
1645 1754 1687 1780 vel

900 1806 982 1833 etiam
997 1806 1106 1840 penitus
1130 1803 1248 1834 tollatur,
1269 1807 1296 1829 et
1310 1801 1408 1836 quibus
1431 1799 1513 1827 etiam
1535 1799 1625 1826 carnis
1640 1806 1690 1825 cx-

901 1853 1059 1887 stinguatur
1075 1849 1307 1884 concupiscentia,
1320 1850 1426 1874 edocet.
1438 1845 1489 1880 Qui
1503 1845 1612 1881 quidem
1627 1849 1689 1871 octo

901 1899 978 1929 libri,
994 1898 1046 1925 etsi
1059 1898 1120 1932 plus
1135 1897 1257 1923 minusve
1277 1895 1330 1921 siut
1345 1895 1417 1921 inter
1432 1900 1462 1920 se
1473 1892 1690 1924 diversi,omncs

902 1951 992 1973 tamen
1018 1945 1050 1971 ad
1075 1947 1235 1978 operantem
1259 1941 1421 1976 sapientiam
1437 1938 1514 1974 quasi
1539 1945 1619 1965 manu
1638 1936 1691 1963 du-

902 1997 977 2019 cunt.
992 1991 1115 2017 Accessit
1134 1994 1160 2016 et
1187 1995 1273 2015 nonus
1292 1987 1372 2018 liber,
1399 1993 1453 2020 quo
1474 1984 1538 2011 dum
1562 1983 1692 2010 adversus

903 2037 1136 2064 lilelchiscdecitas
1164 2033 1219 2069 (87)
1241 2033 1387 2067 depugnat,
1415 2030 1498 2057 nihilo
1514 2028 1622 2056 interim
1638 2028 1690 2054 mi-

904 2090 953 2109 nus
966 2082 993 2109 in
1014 2081 1102 2116 ipsum
1124 2085 1263 2115 parentem
1281 2085 1372 2109 suum,
1397 2075 1510 2103 haeresis
1533 2074 1612 2111 hujus
1631 2073 1691 2099 labe

904 2127 1130 2158 contaminatum,
1155 2126 1331 2152 vehementer
1352 2121 1490 2149 invehitur
1507 2129 1514 2147 :
1529 2120 1574 2154 qui
1600 2125 1690 2146 tatnen

905 2175 1048 2201 utilitatem
1064 2172 1183 2206 undique
1201 2170 1367 2203 investigare
1385 2167 1533 2198 desideret,
1549 2165 1592 2192 ille
1611 2171 1644 2191 ne
1664 2164 1691 2190 itt

905 2219 957 2246 hoc
969 2218 1077 2252 quidem
1098 2216 1209 2251 legendo
1224 2221 1333 2249 operam
1347 2213 1431 2239 ludet.
1447 2211 1520 2239 Ordo
1542 2217 1606 2237 vero
1624 2209 1692 2236 isto-

60 2271 116 2289 rum
129 2262 266 2289 librorum
282 2267 336 2288 non
351 2260 420 2288 idem
439 2260 465 2287 in
483 2259 608 2287 omnibus
624 2264 666 2287 est
682 2261 841 2293 codicibus:
862 2266 914 2293 alia
938 2266 1009 2293 enim
1029 2265 1140 2299 quidam
1178 2264 1359 2297 przepmluttt,
1385 2259 1436 2285 alia
1481 2255 1639 2291 subjiciunt,
1665 2259 1695 2282 ut

61 2308 156 2343 primis
171 2307 256 2335 etiam
274 2306 357 2342 aliqui
370 2311 522 2334 extremum
542 2306 665 2333 tribuant
678 2307 781 2336 locum.

413 2352 474 2380 ΣΧ.

62 2401 208 2435 Δωδόχου
223 2399 359 2433 Φωτικῆς
375 2399 410 2426 ἐν
421 2399 458 2432 τῇ
466 2398 713 2435 παλαιᾷᾞπείρῳ
728 2399 852 2428 ἐπισκό-

94 2434 155 2463 πού
172 2435 236 2469 ὅροι
254 2439 285 2461 ι’·
302 2435 351 2461 καί
366 2434 515 2467 ἀσκητικὰ
533 2435 682 2468 κεφάλαια
690 2438 771 2468 ρ’.-
789 2437 855 2463 Νεί-

93 2474 151 2498 λου
165 2470 305 2504 parato?)
316 2469 464 2504 Λόγοςίὲν
477 2469 652 2502 κεραλαΙοις
665 2473 740 2504 pr)“.
750 2485 785 2490 -——
798 2471 855 2498 Καὶ

100 2506 245 2534 Ἰωάννου
259 2505 311 2532 τοῦ
326 2505 496 2537 Καρπαθίου
508 2506 748 2538 Παρακλητικός.

96 2551 160 2587 1524
177 2550 227 2586 8.]
252 2550 420 2585 ’Δνεγνώσϐη
436 2549 537 2584 βιϐλίον
553 2551 609 2581 τοῖς
625 2550 769 2584 ἑπομένοις
801 2551 852 2585 μὲν

1268 2348 1333 2376 CCI.

904 2400 1035 2429 Diadochi
1063 2398 1182 2425 Photicw
1197 2397 1290 2424 veteris
1306 2394 1383 2429 Epiri
1411 2394 1493 2429 cpias.
1518 2392 1692 2426 Deﬁnitiones

939 2445 966 2463 χ.
979 2441 1001 2462 et
1019 2435 1114 2466 Capita
1135 2441 1160 2460 c.
1178 2447 1213 2452 ——
1230 2431 1288 2466 Nili
1303 2428 1482 2466 monet/inpr
1505 2428 1625 2466 oratione
1651 2435 1697 2453 ca-

938 2471 994 2506 pita
1011 2463 1086 2496 CLlll.
1099 2483 1132 2488 ——
1143 2467 1255 2494 Joannis
1274 2464 1410 2499 Carpathii
1428 2463 1642 2490 Consolatoriut.

939 2549 1005 2584 Legi
1027 2547 1144 2575 libclltttu
1161 2545 1216 2582 (88)
1232 2545 1259 2572 in
1281 2551 1346 2579 quo,
1362 2547 1422 2578 post
1435 2541 1529 2569 decem
1552 2539 1697 2567 admodum

702 2620 819 2649 VARIXE
836 2618 1041 2649 LECTIONES.

98 2670 120 2685 ε’
139 2669 269 2702 γλῶσσαν
281 2677 311 2699 ς.
361 2668 384 2683 ⁷ο
399 2667 467 2694 ἀλλὰ
485 2668 533 2694 καὶ
559 2675 586 2701 μ.
602 2675 632 2698 ς.

67 2701 283 2738 "auaritia-rrec.
332 2703 355 2738 ’ἦ
369 2704 520 2737 κοιμίζεται
550 2701 667 2738 μάλιστα
695 2709 724 2732 ς.

67 2735 120 2766 οιιιξ
130 2741 165 2766 Α.
205 2738 228 2754 ⁷⁸
243 2743 304 2773 post
320 2735 419 2773 χώραν
441 2740 467 2764 iu
483 2738 505 2764 Α
519 2735 612 2764 versus
627 2737 643 2763 5
661 2735 749 2763 vacui.

684 2665 705 2681 '“
724 2666 772 2702 τῆς
785 2668 808 2692 δ’
826 2668 858 2693 ἐκ
873 2676 903 2698 ς.

782 2703 847 2729 ⁷⁵τά
860 2695 932 2728 ὀκτὼ
960 2695 1127 2733 air/10'7in
1144 2695 1205 2733 post
1220 2698 1295 2731 ὅμως
1306 2695 1382 2729 ponit
1392 2695 1424 2720 Α.

1355 2658 1379 2674 ⁷³
1393 2655 1594 2692 ἐπιφερομένας
1611 2654 1698 2692 ’ὴμῖνε

953 2666 976 2681 ⁷¹
1003 2663 1150 2699 ἐχαρίσατο
1178 2662 1244 2697 ἡμῖν
1270 2669 1300 2692 ς.
1355 2662 1379 2674 ⁷³
1393 2662 1594 2692 ἐπιφερομένας
1619 2662 1698 2695 ημιν.

960 2701 1015 2725 τῶν
1030 2699 1127 2725 λογίων
1144 2703 1205 2725 post
1220 2698 1295 2725 ὅμως
1306 2695 1382 2725 ponit
1392 2695 1424 2720 Α.
1472 2692 1493 2707 ⁷⁷
1509 2692 1558 2725 μὲν
1572 2695 1598 2716 ct
1609 2689 1654 2715 2ο.
1670 2687 1698 2714 οὲ

833 2779 949 2808 NOTAE.

101 2832 157 2866 (87)
173 2831 212 2857 De
225 2830 330 2866 quibus
350 2833 520 2866 chveterutn
535 2827 735 2866 scriptis‘plura
749 2827 854 2856 cardiu.

69 2863 210 2899 Bai-unius,
228 2863 296 2894 toni.
310 2864 344 2898 ll,
360 2864 392 2892 ad
407 2872 472 2891 ann.
486 2863 588 2892 Christi
605 2864 666 2891 196.

949 2825 1005 2859 (88)
1022 2824 1189 2859 Ειεχδινςιι-ιι
1210 2826 1317 2859 nostro.
1329 2819 1428 2859 Franc.
1446 2816 1579 2844 'l‘urriatto
1600 2814 1696 2842 Latine

909 2855 1015 2894 versus,
1032 2864 1058 2888 ct
1072 2858 1142 2894 typis
1157 2855 1335 2886 l’lantiuiauis
1347 2855 1410 2882 olim
1430 2860 1557 2880 cxuuaus.
