1916 3092
238 111 288 144 671

799 117 932 147 ΡΗΟΤΙΙ
945 117 1201 161 PATRIARQH/E
1221 117 1276 147 CP.

1823 118 1892 147 672

239 166 365 201 prommii
396 167 500 201 capita.
522 171 629 195 centum
658 173 809 202 sequuntur
836 170 908 202 alia,
929 170 1028 205 quibus

1102 170 1237 205 εφαλαίοις
1246 173 1270 206 ρ’
1283 169 1512 206 ἁπαρτιζόμενον,
1525 171 1581 202 τοῖς
1596 170 1633 202 ὼς
1648 171 1674 187 τ’
1687 172 1716 198 ἐν
1733 171 1892 206 προοιμίῳ

242 216 317 237 totus
330 211 492 237 absolvitur.
506 211 615 238 illorum
630 211 745 245 primunt
758 212 820 239 ﬁdei
832 218 874 239 est
884 213 1023 240 deﬁnitio:

240 256 394 291 Gonceplus
410 256 561 293 [nimirum]
578 257 677 284 mentis
694 258 726 284 de
740 257 795 285 Deo
809 258 962 286 affectionis
977 267 1026 287 ex-

240 307 313 335 pers.
332 301 454 328 Alterum
473 302 533 329 dein
548 301 669 329 deﬁnitio
682 303 739 336 spei
759 311 765 330 :
781 303 912 338 Egressio
928 304 1026 332 mentis

241 347 275 373 ad
290 353 321 374 ea
353 356 414 381 quae
436 353 590 382 sperantur.
617 348 751 381 Tertium,
771 350 909 383 patientia:
931 350 1027 378 deﬁni-

242 393 300 421 tio:
320 393 417 421 Mentis
439 395 525 421 oculis
542 394 651 431 [Deum]
675 395 849 430 invisibilem,
868 397 982 432 perinde
996 405 1028 425 ac

242 439 264 465 si
278 438 394 465 visibilis
415 443 488 466 esset
508 439 650 471 intuendo,
670 439 706 466 ita
723 441 1027 469 indesinenterdurare.

241 484 384 518 Quartum,
403 484 524 511 deﬁnitio
542 484 695 514 aﬁectionis
715 487 827 514 minime
844 495 944 515 avarae.
961 487 1028 515 Tam

242 539 304 559 esse
320 531 469 558 animalum
484 531 517 558 ad
532 539 587 558 non
604 532 758 559 habendum
771 541 851 567 quam
867 533 937 560 alius
951 533 1029 568 quis-

242 578 313 612 piam
328 577 362 604 ad
381 577 545 604 habendum.
558 577 700 610 Quintum,
713 578 838 605 deﬁnitio
852 579 1027 614 cognitionis:

244 622 367 656 Seipsnm
387 622 502 654 nescire,
516 627 593 650 extra
608 631 638 650 se
655 624 770 657 positum
787 624 812 650 in
826 623 891 651 Deo.
906 624 1029 657 Sextum,

242 665 402 692 humilitatis
412 666 532 693 deﬁnitio
545 675 552 693 :
566 667 699 694 Continua
717 667 818 694 oblivio
832 675 943 694 suorum
957 673 1030 695 recte

242 710 387 737 factarum.
401 711 564 745 Septimum,
581 711 704 739 deﬁnitio
714 712 859 739 vacuitatis
871 713 918 740 ira:
930 721 937 739 :
951 713 1031 739 vehe-

243 763 319 783 mens
331 757 495 784 desiderium
513 765 565 784 non
584 757 729 784 irascendi.
742 758 886 791 Octavum,
903 759 1031 785 castimo-

243 803 295 829 nia:
310 811 317 829 :
335 802 438 830 Sensus
459 811 567 836 semper
586 804 639 830 Deo
661 802 766 830 aliixus.
798 803 915 836 Nonum,
936 804 1030 840 163b

1077 217 1106 244 δὲ
1125 217 1170 244 τὸν
1189 217 1254 244 δέκα
1273 217 1323 252 οὐχ
1348 216 1571 252 ὑπερϐαίνουσιν,
1597 214 1634 244 ὧν
1662 217 1768 252 πρῶτόν
1797 217 1891 243 ἐστιν

1078 263 1116 294 ὡς
1144 263 1250 298 πρῶτος
1287 263 1351 298 ὅρος
1377 263 1427 298 τῆς
1455 263 1575 294 πίστεως
1602 263 1690 289 ἔννοια
1718 264 1783 299 περὶ
1808 263 1892 290 Θεοῦ

1078 308 1202 343 ἀπαθὴς,
1220 309 1241 343 β’
1258 308 1296 341 ὡς
1311 309 1437 344 δεύτερος
1453 309 1514 345 ὅρος
1543 310 1594 344 τῆς
1624 309 1730 341 ἐλπίδος
1756 310 1894 344 ἐκδημῖα

1077 355 1126 381 τοῦ
1139 355 1186 381 νοῦ
1203 355 1272 390 πρὸς
1285 356 1320 382 τὰ
1337 355 1512 391 ἐλπιζόμενα,
1528 359 1554 389 γ’
1575 356 1637 391 ὅρος
1652 356 1702 391 τῆς
1715 356 1888 390 ὑπομονῆς,

1077 400 1123 427 τὸν
1137 401 1252 436 ἀόρατον
1276 401 1315 432 ὡς
1339 401 1436 436 ὁρατὸν
1462 402 1569 436 ὁρῶντα
1594 403 1652 433 τοῖς
1675 402 1724 435 τῆς
1751 402 1892 432 διανοίας

1078 445 1227 481 ὀφθαλμοῖς
1239 446 1418 478 ἀδιαλείπτως
1431 449 1585 482 καρτερεῖν,
1609 448 1630 473 δ’
1646 448 1709 483 ὄρος
1724 448 1773 483 τῆς
1791 448 1838 482 ἀφ
1846 448 1892 473 ιλ-

1079 491 1223 526 αργυρίας,
1235 491 1322 523 οὕτως
1347 491 1420 525 ἔχειν
1443 492 1474 518 τὸ
1500 492 1536 528 μὴ
1554 492 1626 527 ἔχειν
1639 493 1676 524 ὡς
1692 492 1761 520 θέλει
1777 501 1829 523 τις
1858 492 1893 518 τὸ

1080 537 1161 572 ἔχειν,
1178 536 1197 563 ε’
1212 537 1275 572 ὅρος
1287 538 1337 572 τῆς
1352 538 1538 572 ἐπιγνώσεως,
1554 539 1662 571 ἀγνοεῖν
1676 539 1772 565 ἑαυτὸν
1788 539 1826 564 ὲν
1839 539 1884 570 τῷ

1081 583 1210 618 ἐκστῆναι
1225 582 1289 619 [270
1306 582 1351 619 IL]
1364 583 1434 618 Θεῷ,
1451 584 1479 616 ς’
1493 584 1556 618 ὅρος
1579 584 1630 617 τῆς
1658 583 1892 617 ταπεινοφροσύ-

1081 638 1140 664 νης,
1155 629 1223 665 λήθη
1239 629 1294 656 τῶν
1306 630 1533 665 κατωρθωμένων
1546 630 1694 665 προσεχὴς,
1708 629 1730 661 ζ’
1749 630 1817 664 ὅρος
1834 629 1892 663 τῆς

1081 675 1242 710 ἀοργησίας,
1267 675 1399 710 ἐπιθυμία
1414 676 1498 710 πολλὴ
1514 676 1560 702 τοῦ
1586 676 1624 710 μὴ
1654 675 1832 711 ὀργίζεσθαι,
1865 669 1893 709 η’

1081 720 1144 755 ὅρος
1160 720 1210 755 τῆς
1223 720 1344 754 ἁγνείας,
1358 721 1484 755 αἴσθησις
1492 720 1535 747 ἀεὶ
1553 720 1739 755 κεκολλημένη
1753 719 1795 753 τῷ
1809 719 1891 753 Θεῷ,

1082 763 1103 789 0'
1122 764 1184 798 ὅρος
1201 764 1250 798 τῆς
1267 765 1386 798 ἀγάπης,
1398 764 1513 799 αὔξησις
1528 765 1619 799 φιλίας
1630 765 1697 799 πρὸς
1713 764 1783 795 τοῦς
1801 764 1892 798 ὑδρί-

1083 807 1190 839 ξοντας,
1209 812 1223 835 ι’
1243 809 1306 844 ὅρος
1322 810 1372 844 τῆς
1398 810 1503 842 τελείας
1527 810 1706 841 ἀλλοιώσεως,
1737 811 1764 836 ὲν
1784 810 1890 844 τρυφῇ

243 850 384 877 charitatis
403 859 409 877 :
429 851 535 877 Amoris
550 851 746 877 incrementum
762 858 826 884 erga
844 858 890 877 eos
913 851 958 885 qui
987 851 1027 877 in-

1103 854 1148 880 εοῦ
1164 854 1252 890 χαρὰν
1270 856 1395 889 ἡγεῖσθαι
1415 856 1445 882 τὸ
1461 856 1575 890 στυγνὸν
1589 856 1636 882 τοῦ
1655 856 1781 882 θανάτου.
1820 855 1894 881 Τού-

242 894 342 928 juriam
360 895 490 922 inferunt.
506 895 657 927 Decimum,
671 895 798 930 perfecta:
812 895 1030 923 immutationis:

243 941 340 969 Mortis
360 943 501 969 horrorem
521 951 569 977 pro
584 942 682 978 gaudio
696 946 823 976 reputare
836 943 861 970 in
887 942 937 970 Dei
960 943 1035 970 σωθ-

245 988 374 1016 elatione.
389 988 486 1015 Decem
513 996 577 1023 ergo
601 989 676 1016 bisce
703 988 904 1016 deﬁnitionibus
926 993 1034 1016 centum

247 1033 291 1060 illa
312 1033 401 1068 Capita
423 1033 543 1066 subjecta
566 1037 640 1061 sunt.
665 1033 715 1060 llic
737 1038 826 1060 autem
851 1034 919 1061 liber
940 1034 973 1061 iis
992 1034 1034 1061 vel

249 1080 368 1107 maxime
381 1080 550 1113 commodus,
562 1080 607 1114 qui
625 1087 655 1107 se
668 1079 722 1115 [ad
732 1079 942 1116 perfectionem]
956 1088 1036 1108 exer-

249 1130 323 1154 cent.
339 1125 394 1152 imo
413 1129 440 1152 et
461 1126 506 1160 qui
525 1126 550 1152 in
573 1125 638 1160 ipsis
660 1125 812 1152 actionibus
832 1125 1035 1160 perﬁcienlibus

245 1170 300 1203 jam
316 1172 455 1198 exercitati
475 1176 551 1204 sunt;
576 1171 642 1198 nihil
660 1171 766 1199 interim
785 1172 863 1205 paulo
886 1172 1031 1200 obscurius

249 1215 383 1250 aﬂ'erens;
402 1217 516 1243 scientia
532 1216 604 1243 enim
620 1223 668 1250 per
679 1216 875 1250 experientiam
889 1221 1028 1251 percepta,

1081 909 1138 932 τοις
1152 899 1198 928 οὖν
1213 902 1270 932 τοῖς
1284 901 1351 928 δέκα
1366 902 1399 928 τὰ
1416 902 1513 929 ἑκατὸν
1524 902 1718 929 ὑποτέτακται.
1736 902 1793 928 Kal
1806 901 1883 928 Eam

1089 943 1167 978 οὗτος
1184 947 1197 972 ὁ
1213 946 1291 980 λόγος
1308 947 1348 978 εἰς
1364 947 1395 974 τὸ
1406 947 1517 984 ἄριστον
1535 949 1592 979 τοῖς
1608 947 1786 982 ἀσκουμένοις
1817 955 1871 980 συγ

1082 990 1218 1025 κείμενος,
1232 992 1279 1018 καὶ
1291 993 1347 1023 τοῖς
1361 994 1390 1019 ὲν
1416 993 1512 1023 αὑταῖς
1526 992 1798 1027 ἐγγεγυμνασμένοις
1827 993 1892 1022 ταῖς

1084 1036 1262 1069 τελειοποιοῖς
1277 1038 1410 1073 πράξεσιν
1424 1038 1477 1065 οὐδ’
1489 1038 1592 1073 ἀσαφές
1603 1047 1629 1065 τι
1640 1038 1890 1073 ὲμπαρεχόμενος’

1086 1082 1103 1117 ἡ
1118 1082 1173 1117 γὰρ
1185 1082 1229 1109 διὰ
1246 1083 1344 1118 πείρας
1369 1083 1466 1117 γνῶσις
1485 1084 1606 1118 εὐχερῶς
1635 1084 1685 1118 τῆς
1699 1084 1721 1099 ⁸⁸
1734 1083 1776 1109 διὰ
1790 1083 1889 1116 λόγων

1086 1127 1241 1155 ἐπιϐατεύει
1254 1129 1438 1161 διδασκαλίας.
1454 1130 1564 1164 Πατέρα
1580 1130 1607 1156 δὲ
1620 1130 1666 1156 τοῦ
1689 1130 1768 1163 λόγου
1785 1129 1891 1155 Διάδο-

1089 1175 1166 1209 χονή
1185 1174 1325 1209 ἐπιγραφὴ
1348 1174 1435 1209 λέγει,
1449 1175 1574 1209 Φωτικῆς
1603 1175 1653 1209 τῆς
1675 1175 1703 1201 ἐν
1717 1176 1750 1210 τῇ
1776 1174 1891 1209 “αλαιᾷ

1095 1218 1217 1254 Ἠπείρῳ
1235 1219 1394 1247 ἐπίσκοπον.

250 1261 329 1288 facile
346 1269 375 1288 se
399 1261 490 1288 verbis
512 1261 602 1288 doceri
627 1260 738 1295 patitur.
768 1261 914 1288 Auctorem
944 1261 1003 1295 ejus
1017 1261 1161 1298 inscriptio
1189 1264 1246 1297 ipsa
1273 1264 1340 1292 facit
1369 1265 1548 1299 Diadochum,
1580 1265 1706 1293 Pliolices
1727 1265 1802 1292 illius
1828 1274 1892 1300 quae

249 1312 292 1335 est
308 1308 335 1334 in
355 1313 448 1335 vetere
461 1307 554 1341 Epiro,
565 1307 736 1342 episcopum.

285 1355 315 1382 In
331 1354 426 1382 eodem
451 1354 588 1381 volumine
608 1354 693 1382 lectus
706 1355 771 1382 item
786 1359 827 1382 est
836 1354 890 1381 Nili
909 1356 1035 1383 monachi

250 1401 317 1429 liber
338 1401 365 1428 in
387 1405 495 1428 centum
517 1400 572 1436 (89)
591 1405 618 1427 et
644 1401 841 1436 quinquaginta
868 1401 919 1428 tria
948 1401 1037 1434 capita

1128 1356 1172 1381 'Ev
1186 1363 1237 1381 ταυ
1244 1354 1283 1390 τῷ
1297 1355 1326 1381 δὲ
1340 1355 1432 1390 τεύχει
1445 1355 1492 1382 καὶ
1506 1355 1606 1382 Νείλου
1622 1355 1739 1390 μοναχοῦ
1766 1355 1856 1389 λόγον
1867 1357 1888 1371 ³⁸

1094 1400 1226 1434 ἀνέγνων,
1246 1401 1319 1436 τρισὶ
1333 1401 1381 1426 καὶ
1392 1403 1414 1426 ν’
1438 1401 1484 1427 καὶ
1500 1404 1522 1436 ρ’
1551 1401 1708 1435 κεφαλαίοις
1723 1401 1891 1436 διαιρούμε-

251 1448 373 1475 divisus:
396 1447 494 1482 quibus
513 1447 643 1481 precandi
668 1446 783 1474 formam
801 1447 844 1473 vir
860 1447 904 1474 ille
930 1447 1034 1474 divinus

1103 1455 1133 1472 ον
1148 1446 1182 1473 ⁸⁸.
1201 1447 1254 1472 Τὸν
1281 1447 1331 1480 τῆς
1355 1447 1512 1482 προσευχῆς
1534 1447 1563 1473 δὲ
1589 1447 1618 1472 ἐν
1637 1446 1742 1478 τούτοις
1767 1448 1781 1473 ὁ
1812 1448 1888 1478 θεῖος

251 1493 387 1527 exposuit.
405 1492 541 1520 Feruntur
556 1492 675 1526 ejusdem
695 1497 722 1519 et
751 1493 804 1519 alia
823 1493 937 1527 plurima
967 1492 1034 1520 lectu

1102 1492 1158 1527 :v’qp
1181 1492 1348 1519 ἀναπτύσσει
1362 1491 1457 1518 τύπον.
1475 1492 1564 1518 Πολλὰ
1585 1492 1614 1518 δὲ
1639 1492 1686 1518 καὶ
1715 1491 1782 1519 ἄλλα
1804 1492 1890 1518 αὐτοῦ

253 1540 334 1575 digna
350 1539 449 1566 diversi
465 1538 754 1572 argumentiopuscula
770 1538 838 1574 (90),
855 1538 955 1572 partim
979 1538 1034 1573 epi-

1102 1538 1227 1572 ιξιόλογα,
1243 1538 1367 1569 ποικίλας
1387 1537 1531 1569 ὑποθέσεις
1548 1537 1767 1572 ὑποϐαλλόμενα,
1799 1538 1846 1569 εἷς
1862 1546 1891 1563 τε

253 1587 340 1619 s'olae,
360 1585 456 1620 partim
474 1585 595 1613 hismria!
606 1585 693 1613 forma
716 1586 881 1621 conscripta,
901 1594 961 1621 qua:
984 1594 1037 1613 non

253 1641 365 1667 operum
392 1637 496 1660 tantum
516 1633 713 1667 perfectionem
734 1633 878 1668 insignem,
892 1633 939 1660 scd
958 1633 985 1660 in
1002 1633 1040 1660 di-

255 1681 340 1707 cendo
366 1687 472 1714 quoquc
501 1679 655 1706 facultatem
679 1680 737 1714 ejus
760 1684 906 1707 testantur.
937 1679 1038 1707 Verum

255 1725 305 1752 etsi
325 1725 438 1753 diffusus
456 1732 532 1759 atque
549 1725 700 1751 Diadochus
712 1732 765 1751 non
785 1729 828 1752 est
845 1744 853 1756 ,
871 1732 931 1758 quae
949 1728 1039 1751 tamen

257 1772 292 1798 ab
308 1771 365 1805 ipso
381 1770 536 1804 conscripta
549 1774 611 1796 sunt
624 1775 732 1797 centum
747 1769 848 1804 capita,
865 1769 967 1796 nullam
979 1776 1041 1803 par-

258 1822 311 1843 tem
334 1816 464 1843 inferiore
483 1817 565 1850 gradu
578 1815 761 1847 collocantur,
781 1822 862 1849 quam
882 1823 943 1849 qua:
960 1814 1041 1841 modo

257 1861 346 1889 retuli.
359 1861 426 1887 Nam
440 1864 467 1888 et
481 1860 564 1887 dictio
578 1861 613 1888 ita
621 1860 771 1895 composita
788 1865 840 1892 est,
850 1864 879 1887 ut
892 1860 1041 1894 reprelien-

258 1908 283 1935 di
300 1911 427 1942 nequeat,
447 1911 474 1934 et
493 1914 590 1934 sensus
606 1914 637 1933 ex
654 1906 808 1933 actionibus
826 1910 916 1932 natam
937 1905 1041 1939 sapien-

257 1953 322 1979 tiam
338 1951 457 1986 prmfert.
475 1951 608 1978 Czeterum
625 1950 709 1977 Marci
734 1951 832 1977 librum
848 1958 909 1977 cum
927 1955 1042 1984 utraque

258 1998 350 2034 [quam
372 1997 439 2034 dixi]
458 1998 542 2025 forma
564 1998 718 2031 praecedat,
739 1997 837 2023 alicubi
854 1998 964 2030 insuper
983 2004 1044 2023 sen-

259 2044 350 2071 tentiis
369 2043 515 2070 antccellit.
538 2042 648 2070 Dederit
660 2050 724 2069 vero
743 2048 770 2069 et
784 2042 828 2069 ille
845 2043 878 2069 ad
900 2042 980 2068 ﬁnem
997 2049 1044 2068 eu-

258 2089 354 2124 jusque
368 2089 464 2123 capitis
472 2096 567 2116 ansam
582 2089 615 2115 iis
624 2088 669 2123 qui
684 2089 839 2123 incorrupte
852 2088 1042 2124 pronuntiant,

259 2134 330 2167 quod
349 2134 405 2162 sive
417 2134 574 2161 accessione.
589 2134 702 2168 alicujus
717 2134 895 2166 adnlteratus,
912 2133 1044 2161 sivcalias

261 2180 474 2208 hallucinatione
490 2180 580 2212 aliqua
596 2180 724 2214 abreptus
742 2180 792 2206 ista
808 2180 917 2206 dixerit.
939 2177 1042 2206 Vellem

1092 1584 1137 1611 τὸν
1151 1583 1354 1619 ὲπιστολιμαίον
1368 1583 1468 1619 τρόπον
1484 1584 1533 1610 καὶ
1555 1584 1596 1615 είς
1621 1583 1667 1609 τὸν
1690 1583 1714 1598 ⁸³
1731 1591 1893 1618 συγγραφι-

1090 1629 1137 1656 κὸν
1150 1629 1291 1665 ἀνηγμένα
1304 1630 1481 1664 συντάγματα
1512 1629 1637 1664 φέρεται,
1652 1629 1702 1664 τήν
1717 1637 1746 1655 τε
1762 1630 1840 1655 κατὰ
1858 1629 1892 1655 τὰ

1090 1675 1159 1711 ἔργα
1173 1675 1328 1710 τελειότητα
1344 1675 1391 1702 καὶ
1406 1675 1456 1712 τὴν
1469 1676 1499 1701 ὲν
1511 1675 1602 1710 λόγοις
1616 1675 1815 1710 μαρτυρόμενα
1839 1675 1890 1702 δύ-

1091 1730 1182 1757 ναμιν.
1204 1721 1276 1757 Πλὴν
1296 1722 1321 1747 εἰ
1334 1721 1382 1748 καὶ
1396 1721 1434 1757 μὴ
1447 1721 1581 1756 πολύχους
1595 1722 1695 1755 ὁμοίως
1712 1723 1725 1748 ὁ
1740 1722 1887 1756 Διάδοχος,

1091 1767 1159 1794 ἀλλὰ
1172 1767 1206 1794 τά
1221 1777 1253 1801 γε
1269 1767 1507 1802 ἀναγεγραμμένα
1526 1767 1601 1802 αὐτῷ
1620 1768 1721 1794 sxa-Jul
1748 1768 1890 1801 κεφάλαια

1091 1814 1141 1840 οὐκ
1158 1815 1197 1845 εἰς
1213 1814 1342 1840 ἐλάττονα
1358 1813 1462 1849 βαθμὸν
1477 1814 1506 1840 ὲν
1524 1813 1656 1848 οὐδετέρῳ
1670 1814 1747 1848 μέρει
1763 1813 1823 1839 τῶν
1847 1813 1887 1839 εί-

1094 1859 1219 1895 ρημὲνων
1232 1859 1340 1894 τίθησιν
1356 1866 1364 1874 ·
1385 1859 1399 1885 ὅ
1412 1868 1442 1885 τε
1456 1860 1510 1892 γὰρ
1521 1859 1599 1892 λόγος
1613 1859 1686 1893 αὐτῷ
1702 1860 1742 1890 εἰς
1758 1858 1788 1885 τὸ
1807 1859 1888 1892 ἀμώ-

1094 1914 1180 1941 μητον
1200 1905 1353 1939 σύγκειται,
1371 1905 1418 1932 καὶ
1432 1906 1446 1932 ὁ
1466 1904 1528 1937 νοῦς
1542 1905 1592 1940 τὴν
1607 1905 1659 1931 ἀπὸ
1683 1904 1738 1930 τῶν
1755 1905 1888 1938 πράξεων

1095 1951 1190 1985 σοφίαν
1206 1951 1397 1986 προϐάλλεται.
1411 1950 1465 1977 Τοῦ
1479 1951 1570 1985 μέντοι
1583 1951 1698 1986 Μάρκου
1708 1951 1741 1977 δι’
1749 1951 1889 1985 ἑκατέρας

1094 1996 1218 2032 προέχων
1237 1996 1317 2028 ἰδέας,
1331 1996 1379 2022 καὶ
1394 1995 1503 2030 ἐνιαχοῦ
1519 1996 1578 2027 ταῖς
1593 1996 1717 2030 γνώμαις
1740 1995 1889 2030 ἀντιφέρε-

1093 2051 1149 2069 ται.
1174 2042 1237 2077 Δοίη
1261 2042 1283 2068 δ’
1311 2041 1344 2068 ἂν
1368 2042 1415 2068 καὶ
1442 2041 1522 2073 αὐτὸς
1547 2041 1632 2077 λαδὴν
1651 2042 1707 2071 τοῖς
1730 2041 1889 2070 ἀδεκάστως

1094 2087 1368 2123 ἁκριόολογουμένοις
1384 2088 1453 2114 κατὰ
1465 2087 1495 2113 τὸ
1514 2087 1590 2119 τέλος
1621 2087 1668 2113 τοῦ
1697 2087 1848 2113 ὲκατοστοῦ
1867 2086 1888 2100 ⁸³

1095 2133 1254 2167 κεφαλαίου,
1269 2132 1324 2158 εἴτε
1351 2132 1512 2168 παρενθήκη
1529 2132 1600 2163 τινὸς
1625 2131 1816 2165 νοθευόμενος,
1837 2131 1888 2156 εἴτε

1095 2178 1180 2209 ἄλλως
1191 2178 1244 2203 τινὶ
1255 2178 1455 2211 συναρπασθεὶς
1467 2177 1643 2212 παρορὰματι
1657 2177 1690 2192 ⁸⁸·
1707 2178 1737 2203 τὸ
1752 2177 1809 2213 γὰρ
1821 2178 1888 2202 κατὰ

260 2225 342 2258 enim,
367 2233 400 2253 ne
420 2233 483 2253 vere
498 2225 659 2252 conﬁrmare
682 2233 800 2260 possent,
817 2225 970 2260 opinionem
992 2224 1034 2251 sal

1102 2224 1176 2257 δόξαν
1190 2223 1292 2250 ἁλῶναι
1304 2223 1437 2259 εὐξαίμην
1453 2223 1486 2250 ἂν
1509 2223 1547 2259 μὴ
1562 2223 1750 2259 ἐπαληθεύειν.

262 2275 314 2297 tein
330 2271 389 2304 ejus
405 2271 559 2298 damnatam
574 2269 668 2298 fuisse.

299 2316 381 2344 Valde
405 2322 494 2344 autem
522 2317 549 2344 in
573 2317 616 2350 iis,
636 2325 696 2352 qum
717 2317 796 2351 paulo
824 2321 887 2343 ante
908 2315 1042 2348 recensni,

1138 2312 1242 2347 Κρατεῐ
1256 2312 1279 2338 δ’
1293 2309 1340 2338 οὖν
1353 2312 1382 2337 ὲν
1393 2312 1448 2342 τοῖς
1463 2311 1516 2346 πρὸ
1527 2310 1617 2346 ὀλίγου
1628 2311 1783 2347 εἰρημένοις
1800 2310 1886 2343 πολλῷ

873 2379 990 2406 νΑιιιλΕ
1008 2378 1213 2407 LECTIONES.

298 2439 320 2455 τ’
339 2439 376 2470 ὡς
403 2439 465 2467 add.
483 2439 515 2466 A.
552 2439 576 2455 ⁸ο
591 2439 624 2473 τῇ
635 2437 781 2473 ὲμῦατεῦει
798 2437 966 2473 διδασκαλία
986 2446 1017 2469 ς.

1067 2437 1088 2452 δι
1101 2436 1179 2469 λόγος
1201 2435 1358 2470 ἀνεγνώσθη
1368 2444 1397 2467 ς.

1455 2435 1477 2451 ⁸²
1490 2434 1679 2470 διαιρούμενος
1691 2443 1721 2466 ς.
1777 2435 1801 2450 ⁸³
1816 2434 1846 2460 τὸ
1857 2441 1882 2464 ς.

264 2474 287 2490 ³⁸
302 2474 460 2510 ὲκατοστοῦ]
472 2477 495 2510 ρ’
522 2474 546 2501 Α
561 2482 568 2502 :
587 2471 702 2500 ἑκάστου
727 2481 757 2504 ς’.
795 2471 817 2488 ⁸⁸
831 2472 1007 2508 παροράματι
1018 2471 1093 2498 ταῦτ’
1127 2471 1231 2506 εἴρηκε.
1248 2471 1278 2497 τὸ
1292 2480 1322 2503 ς.

1018 2549 1136 2579 NOTAE.

308 2614 364 2649 (89)
384 2613 440 2649 148
458 2612 592 2639 duntaxat
617 2610 748 2638 exhibent
766 2609 828 2636 libri
847 2608 963 2643 evulgati
987 2615 1002 2635 a
1018 2608 1050 2635 P.

268 2648 367 2677 Franc'.
383 2648 528 2675 Turriano.

306 2684 361 2719 (90)
381 2683 427 2716 Ut,
442 2683 479 2719 De
495 2681 561 2719 nillil
577 2679 758 2719 possidendo;
779 2678 1050 2719 ῌΞρὶηπροστασίας.

271 2713 314 2747 ῦὸ
328 2713 496 2754 pliilosopliia
518 2713 684 2754 Christiana.
709 2715 741 2754 de
764 2713 1050 2754 virtutibus'elvitiis;

271 2754 309 2781 De
325 2749 528 2788 comparatione
551 2752 614 2788 vita:
630 2750 822 2788 monachorum
849 2749 893 2788 qui
908 2749 943 2788 ’με
958 2749 1053 2775 solitu-

272 2791 345 2821 dine,
362 2783 444 2822 et'qni
466 2789 491 2814 in
508 2787 616 2814 civitate
631 2785 758 2822 degunt”;
771 2783 808 2809 Dc
822 2784 893 2822 cal-ide
976 2791 1051 2822 Inar-

275 2817 364 2860 tyruin
377 2817 568 2852 "nonnullorum
587 2822 612 2848 in
625 2817 715 2848 monte
731 2819 806 2846 Sina.
824 2817 904 2844 Liber
917 2818 980 2845 item
990 2818 1052 2853 l‘lpi-

1104 2609 1247 2643 stolarum,
1265 2618 1326 2644 quze
1346 2610 1372 2636 in
1388 2609 1472 2636 Italia:
1489 2607 1804 2644 bibliothecis‘exstant.
1824 2605 1883 2644 Ha'c

1104 2650 1198 2672 noster
1212 2641 1366 2671 Turrianus
1383 2649 1509 2671 recenset
1524 2645 1557 2670 ad
1568 2650 1646 2669 suum
1659 2641 1759 2669 Nilum.
1773 2641 1881 2679 Nicepit.

1103 2679 1150 2707 lib.
1166 2688 1221 2712 xw,
1250 2687 1309 2712 cap.
1339 2680 1384 2706 54.
1413 2680 1487 2705 addit
1507 2679 1539 2705 ad
1563 2679 1665 2705 Graeca:
1687 2677 1882 2710 superstitionis

1104 2720 1264 2744 sectatores,
1278 2711 1430 2748 scripsisse,
1444 2713 1516 2748 etad
1530 2713 1669 2748 Eulogium
1683 2712 1839 2748 quemdam.
1851 2711 1880 2735 At

1103 2757 1162 2776 cum
1181 2750 1270 2789 plures
1287 2746 1482 2776 cnumercntur
1494 2747 1558 2781 Nili,
1571 2746 1748 2775 loisitattuort
1765 2746 1883 2781 ejusdem

1103 2789 1165 2812 ειιιιι
1177 2792 1280 2812 omnia.
