1916 3092
271 154 324 187 675

837 153 969 184 ΡΙΙΟΤΙΙ
988 153 1242 183 PATRIARCH/E
1259 154 1315 184 CP.

1832 154 1876 188 676

271 215 325 241 rat,
339 209 411 243 quod
428 209 490 243 quis
508 207 655 234 multorum
672 207 785 235 auribus
807 208 946 235 insolitum
969 208 1049 235 dicat.

1108 207 1190 242 αὐτῆς
1208 209 1267 235 ἐστι
1279 209 1326 235 καὶ
1341 209 1391 244 τῆς
1404 209 1443 241 ὡς
1457 209 1540 244 φάναι
1555 209 1659 236 πολλῶν
1688 209 1769 246 ἀκοῆς
1792 210 1877 238 ἀνακε-

271 254 328 281 Hoc
342 259 457 285 constat.
482 253 549 281 nihil
572 260 647 286 eum,
676 254 747 288 quod
768 254 802 281 ad
825 253 1060 289 interpretandum

272 300 362 333 iaciat,
373 300 518 333 declinare,
531 301 655 335 ade0que
668 300 695 327 in
709 307 845 327 summum
859 299 981 327 evasisse
994 299 1060 334 opti-

270 354 378 373 morum
410 345 589 380 interpretum
617 345 735 377 culmen,
750 349 779 371 ut
795 352 848 372 non
864 344 943 372 facile
956 344 994 372 sis
1009 344 1060 371 ali-

271 401 352 427 quem
372 398 542 428 reperturus,
559 393 605 428 qui
620 393 669 420 illo
681 393 777 420 melius
798 393 914 420 obscura
929 393 1059 427 explicet.

269 437 340 465 Sunt
355 439 465 473 quidem
482 443 510 466 et
524 438 569 466 alii
588 446 655 473 pure
671 438 824 473 loquentes,
846 439 892 474 qui
910 439 1060 475 proposita-

268 492 328 511 rum
341 484 393 512 sibi
406 492 502 512 rerum
518 492 627 512 sensum
642 486 716 512 haud
733 486 854 519 segniter
867 486 1032 521 investigent
1048 494 1056 513 :

267 535 297 557 at
316 531 397 558 simul
419 536 446 558 et
464 531 607 566 perspicue
628 532 730 564 dicere,
751 537 778 559 et
797 532 863 559 nihil
882 532 990 560 interim
1013 539 1058 560 co-

268 577 344 611 gnitu
366 578 551 604 necessarium
565 577 618 613 (vel
635 578 776 605 brevitatis
788 577 880 614 causa)
892 579 1058 613 praetermit—

267 627 346 654 tere;
367 629 419 648 non
445 622 509 649 item
542 623 575 650 ad
613 623 784 654 diverticula.
809 623 850 650 vel
875 624 908 650 ad
927 623 1057 651 doctrinae

268 668 477 695 ostentationem
493 668 596 703 digredi
618 668 682 701 (nisi
697 669 755 697 haec
771 669 894 702 forsitan,
919 677 974 697 non
998 669 1057 697 sine

267 713 396 746 utilitate,
418 714 457 740 sic
473 714 665 747 adhibeantur,
681 720 711 742 ut
724 715 826 750 percipi
842 721 970 750 nequeat,
983 715 1055 750 quod

267 763 282 782 a
303 764 332 784 re
356 757 495 792 proposita
508 758 684 794 discedatur),
701 759 799 794 164i:
830 759 882 786 hoc
903 764 977 787 certe
1000 766 1056 793 prae

266 803 373 829 caeteris
384 803 465 830 rebus
476 804 601 831 omnibus
617 811 632 831 a
652 804 724 832 bono
740 805 917 832 Theodoreto
934 805 1056 833 studiose

267 853 390 875 curatum
412 853 464 881 est,
483 856 535 876 non
559 850 587 876 in
610 849 662 877 hoc
693 850 781 877 solum
808 857 902 886 Opere,
923 851 972 878 sed
996 850 1054 878 fere

266 894 380 921 diierim
396 894 423 921 in
439 895 563 922 omnibus
587 894 646 928 ejus
665 896 788 930 scriptis,
806 903 866 931 quae
889 897 972 923 multa
989 904 1054 924 sane

265 939 388 974 reliquit,
406 940 505 974 quibus
517 947 633 974 ‘saeram
654 939 824 976 Scripturam
853 941 983 968 industria
1007 949 1055 969 sua

265 984 381 1011 miriﬁce
396 984 552 1011 illustravit.
567 984 650 1019 Igitur
672 985 699 1012 in
720 985 857 1019 aliquibus
879 985 988 1019 quidem
1015 986 1054 1013 illi

265 1033 292 1059 in
307 1033 357 1060 hac
377 1032 461 1060 divini
479 1031 599 1060 Danielis
625 1033 795 1068 expositione
815 1041 876 1060 eum
903 1033 1052 1070 Hippolyto

264 1083 385 1113 martyre
401 1078 541 1111 convenit,
561 1078 608 1105 sed
627 1078 703 1113 plura
737 1080 764 1105 in
791 1079 890 1114 quibus
904 1079 1051 1108 dissentit:

264 1131 378 1158 quorum
399 1124 456 1151 haec
469 1123 620 1152 illustriora
633 1125 804 1160 sunt‘“(94).

614 1171 703 1198 CCIV.

263 1214 390 1250 Ejusdem
409 1214 762 1253 Octateuchifxposilio,et
786 1215 820 1243 In
837 1216 919 1244 libros
948 1216 1050 1253 Regum

525 1259 557 1277 ac
570 1249 789 1285 Paralipomena.

297 1295 362 1331 Legi
377 1296 499 1331 ejusdem
514 1297 598 1324 divini
617 1296 668 1323 viri
681 1297 901 1331 explanationem
921 1298 1050 1329 Octateu-

262 1343 319 1374 chi,
339 1345 399 1377 qua:
421 1342 629 1377 inscriptionem
648 1348 722 1370 certe
747 1345 824 1378 operi
844 1345 953 1380 egregie
981 1353 1049 1373 con-

262 1393 402 1422 gruentem
424 1394 502 1415 nacta
523 1393 575 1421 est,
593 1387 628 1416 In
655 1389 780 1423 impedita
797 1398 881 1417 sacrm
903 1391 1048 1425 Scriptum

261 1435 321 1461 loca
337 1434 406 1470 (95);
426 1435 452 1462 in
467 1435 565 1469 quibus
575 1435 642 1462 etad
654 1435 737 1462 libros
746 1435 847 1470 Regum
863 1443 896 1464 ac
909 1436 1047 1471 Paralipo-

262 1488 352 1508 mena.
376 1480 553 1508 Utilissimum
577 1480 604 1507 in
626 1481 721 1514 primis
744 1480 796 1508 hoc
821 1489 901 1516 opus,
921 1482 1047 1516 quodque

261 1534 324 1554 cum
344 1526 410 1561 ipsis
422 1526 499 1561 quasi
519 1526 688 1553 naturalibus
712 1527 835 1561 parentis
859 1535 920 1555 mox
938 1528 1044 1561 genium

261 1573 395 1600 lectorum
411 1573 497 1601 oculis
509 1573 644 1607 subjiciat.
661 1572 849 1608 .Prwterquam
868 1578 958 1600 autem
975 1574 1046 1608 quod

259 1619 306 1646 hic
325 1626 456 1646 consueta
479 1620 530 1653 ipsi
549 1618 657 1646 dicendi
674 1619 760 1646 l'orina
781 1620 890 1654 egregie
912 1619 1018 1647 eluceat
1039 1629 1047 1647 :

260 1665 457 1700 habetquoque
468 1665 501 1701 (si
512 1665 545 1692 ad
559 1665 687 1700 majorem
700 1665 925 1700 perspicuitatem
936 1670 964 1692 et
976 1673 1049 1693 com-

259 1711 444 1745 prehendendi
461 1711 621 1738 facilitatem
645 1711 788 1746 respicias)
801 1719 863 1738 cum
881 1711 953 1738 aliud
968 1711 1049 1746 quod-

259 1758 320 1784 dam
333 1757 516 1791 commodum,
539 1763 595 1784 tum
617 1757 690 1792 quod
716 1757 742 1784 in
767 1765 871 1785 summa
897 1758 981 1785 veluti
1002 1766 1047 1785 ca-

257 1804 314 1839 pita
336 1811 385 1840 per
401 1803 566 1839 quaestiones
587 1803 792 1838 solutionesque
816 1803 883 1831 liber
903 1803 1047 1832 distinctus

257 1850 304 1877 sit.

606 1894 685 1923 CCV.

486 1941 562 1969 Idem
573 1942 600 1969 in
613 1950 649 1969 xtl
662 1942 817 1977 Prop/ictas.

292 1987 420 2022 Legimus
438 1987 558 2022 ejusdem
586 1988 616 2014 in
636 1988 773 2015 duodecim
794 1989 934 2023 prop/mas
949 1988 1043 2015 eadem

256 2033 386 2061 dictionis
420 2041 453 2061 ac
477 2034 620 2061 sententia:
648 2037 790 2061 venustate
823 2035 984 2062 adornatum
1011 2033 1044 2061 li~

257 2080 347 2106 brum.

609 2124 696 2152 CCVI.

256 2171 384 2206 Procopii
408 2173 533 2206 sap/iisne
548 2172 652 2200 Scholm
667 2174 914 2200 commentariorum
937 2174 965 2201 in
988 2173 1042 2201 Oc-

282 2210 479 2240 laleuchum,et
496 2209 524 2234 in
539 2208 621 2235 libros
635 2207 735 2243 Regum
747 2217 778 2235 ac
795 2209 1011 2244 Paralipometm.

291 2287 380 2315 Lecta:
394 2292 457 2314 sunt
475 2287 600 2322 Procopii
620 2287 751 2321 sophista:
763 2287 867 2315 Scltola:
879 2293 1041 2315 commenta-

256 2333 355 2359 riorum
374 2332 401 2358 in
426 2331 616 2358 Oclaleuchum
646 2332 745 2359 Veteris
769 2331 929 2359 Teslamenti
942 2353 949 2365 ,
967 2337 992 2358 et
1013 2333 1040 2360 in

255 2378 344 2413 Regna
359 2386 390 2404 ac
411 2377 630 2413 Paralipomena.
648 2378 765 2406 Diffusus
780 2382 870 2405 autem
894 2383 935 2405 est
956 2379 1041 2406 inter-

255 2431 318 2458 prcs
341 2424 383 2451 hic
407 2428 490 2458 atque
515 2424 662 2459 prolixus:
683 2432 735 2452 non
755 2423 864 2459 quidem
882 2428 1038 2458 propterea,

253 2470 326 2504 quod
342 2469 367 2497 in
384 2477 609 2505 supervacaneas,
624 2477 739 2505 quaeque
756 2470 790 2498 ad
808 2477 864 2497 rem
876 2469 941 2496 nihil
953 2470 1038 2504 perti-

1111 254 1255 289 χωρηκός*
1273 255 1351 280 τοῦτο
1366 255 1405 287 δὲ,
1427 255 1467 281 ὅτι
1493 255 1561 290 μηδὲ
1589 255 1729 291 προσῆκον
1751 256 1876 291 ἑρμηνείᾳ,

1110 299 1263 327 ἀποκλίνει,
1279 300 1335 327 Καὶ
1351 301 1420 332 ὅλως
1431 300 1454 317 ’⁵
1475 302 1515 332 είς
1529 300 1559 327 τὸ
1571 301 1683 336 ἄριστόν
1697 301 1754 328 ἐστι
1778 301 1826 332 τῶν
1841 302 1878 334 l5-

1109 345 1221 380 ηγητῶν
1233 345 1279 372 καὶ
1301 345 1352 372 οὐκ
1368 345 1429 381 ἕχον
1440 347 1463 362 ⁸⁵
1479 346 1577 382 ῥαδίως
1603 346 1649 373 τὸν
1668 346 1775 382 ἄμεινον
1797 347 1879 374 διασα-

1109 390 1212 426 φοῦντα
1234 393 1397 428 ἀνηγμένος.
1431 392 1510 420 Ἔστι
1535 393 1585 429 μὲν
1610 394 1666 428 γὰρ
1684 394 1731 420 καὶ
1752 394 1834 426 ἄλλοις
1854 395 1880 420 τὸ

1109 439 1239 475 καθαρῶς
1263 440 1350 466 εἰπεῖν
1376 439 1424 466 καὶ
1439 439 1598 475 ἀνιχνεῦσαι
1609 440 1656 467 τὸν
1673 439 1736 467 νοῦν
1749 435 1881 467 τῶνθθεω-

1109 483 1261 520 ρουμένων’
1288 484 1318 511 τὸ
1336 484 1359 511 δ’
1375 484 1432 520 ἅμα
1455 493 1485 510 τε
1503 484 1597 518 σαφῶς
1623 485 1711 510 εἰπεῖν
1742 484 1785 511 καὶ
1806 484 1881 519 μηδὲν

1108 530 1162 556 τῶν
1176 529 1335 564 ἀναγκαίων
1360 531 1389 557 ὲν
1405 530 1444 565 τῷ
1472 530 1597 566 συντόμῳ
1625 529 1797 564 παραλιπεῖν,
1821 522 1880 566 μηδὲ

1107 576 1176 610 πρὸς
1201 576 1338 612 ἐκδρομὰς
1360 577 1376 612 ἢ
1400 565 1587 608 ἐπιδεικτικὰς
1608 577 1704 610 σοφίας
1717 575 1778 610 ’⁸,ἦ
1804 565 1882 607 ἄλλως

1108 621 1158 656 μὲν
1173 622 1223 648 οὐκ
1238 622 1404 657 ἀχρήστους,
1421 622 1634 658 παρασυρούσας
1646 622 1668 638 ⁸⁷
1684 621 1712 648 δὲ
1722 621 1767 648 τοῦ
1781 630 1881 658 προκει-

1108 667 1199 701 μένου,
1217 667 1255 702 μὴ
1277 668 1393 699 ἀπιδεῖν,
1409 667 1435 694 εἴ
1449 676 1502 694 τινι
1526 667 1597 703 ἄλλῳ
1615 667 1647 697 ’⁸.
1664 668 1711 694 καὶ
1723 666 1760 702 τῷ
1784 667 1882 703 χρηστῷ

1106 711 1272 747 Θεοδωρήτῳ
1286 711 1374 739 ἔνεστι
1404 712 1662 747 διεσπουδασμένον,
1692 712 1742 738 οὐκ
1765 713 1792 738 ὲν
1804 711 1883 747 ταύτῃ

1108 757 1187 793 μόνον
1197 759 1230 794 τῇ
1251 758 1437 794 πραγματείᾳ,
1453 758 1521 785 ἀλλά
1536 767 1568 792 γε
1579 759 1603 774 ”
1620 758 1718 794 μικροῦ
1736 758 1784 785 δέω
1807 758 1883 792 φάναι

1106 804 1155 830 καὶ
1169 804 1199 830 ὲν
1213 804 1316 836 πάσαις
1330 819 1364 824 —
1375 804 1473 831 πολλαὶ
1484 804 1513 831 δὲ
1529 801 1608 831 αὗται
1625 819 1660 825 -—-
1675 805 1706 831 ὲν
1721 801 1764 836 αἷς
1783 804 1835 831 τῶν
1848 804 1882 830 ls-

1109 848 1162 884 ρῶν
1183 849 1356 886 Γραμμάτων
1372 850 1446 885 αὺτῷ
1470 851 1487 885 ἡ
1511 850 1675 885 διασάφησις
1702 850 1883 885 φιλοπονεῖται;

1069 885 1092 913 Β
1109 895 1186 921 Ἔστι
1211 897 1261 931 μὲν
1281 894 1329 923 οὖν
1360 896 1389 923 ὲν
1411 898 1443 933 τῇ
1467 897 1532 932 περὶ
1557 897 1603 924 τδν
1628 897 1771 923 θεσπέσιον
1792 896 1883 931 Δανιὴλ

1105 942 1255 975 ἀναπτύξει
1269 943 1331 969 κατ’
1348 943 1407 969 ἔνια
1420 943 1460 979 τῷ
1477 944 1596 980 μάρτυρι
1612 943 1814 979 συμφερόμενος
1833 943 1884 969 Ἱπ-

1104 987 1227 1024 πολύτῳ·
1244 988 1329 1015 πλείω
1344 989 1372 1015 δὲ
1387 990 1457 1025 πρὸς
1482 989 1500 1017 ἃ
1517 990 1630 1026 φέρεται
1643 990 1693 1025 τὴν
1726 989 1828 1026 ἑτέραν,
1850 985 1883 1015 ὧν

1104 1033 1138 1060 τὰ
1153 1034 1355 1071 ἐπιφανέστερα
1370 1035 1457 1062 ταῦτα
1475 1036 1496 1064 ¹.

1400 1167 1464 1203 [326
1481 1167 1526 1203 ιι.)
1543 1167 1600 1195 ΣΔν.

1103 1213 1161 1241 Τοῦ
1171 1213 1265 1241 αὑτοῦ
1285 1215 1328 1247 εις
1351 1213 1628 1247 τὴνὊκτάτε-υχον,
1653 1221 1703 1240 και
1726 1213 1779 1247 τὰς
1801 1215 1886 1240 Βασι-

1244 1249 1340 1282 λείας,
1355 1250 1405 1276 καὶ
1420 1249 1457 1276 τὰ
1471 1249 1725 1283 Παραλειπόμενα.

1141 1295 1311 1331 Ἀνεγνώσθη
1328 1296 1338 1311 ¹
1357 1295 1405 1322 τοῦ
1432 1295 1514 1322 αὐτοῦ
1542 1294 1678 1330 μακαρίου
1703 1295 1714 1310 ⁸
1730 1294 1824 1328 ἀνδρὸς
1847 1294 1887 1326 ἐξ·

1099 1342 1198 1377 ἡγησις
1211 1341 1222 1356 ⁸
1238 1343 1278 1373 εἰς
1294 1342 1343 1377 τὴν
1356 1341 1545 1375 Ὀκτάτευχον.
1567 1340 1737 1376 Ἐπιγραφὴν
1753 1340 1774 1366 ὃ*
1786 1340 1863 1375 ἔλαχε
1879 1343 1888 1357 ⁵

1099 1386 1301 1420 συμϐαίνουσαν
1315 1386 1355 1421 τῷ
1370 1386 1460 1422 ἔργφ”
1479 1387 1531 1419 Είς
1545 1386 1581 1413 τὰ
1591 1386 1689 1420 ἄπορα
1714 1385 1768 1420 γὰρ
1787 1394 1889 1421 χρημα-

1097 1434 1166 1465 τίζει
1174 1434 1229 1468 τῆς
1238 1433 1368 1469 -Τραφῆς
1379 1434 1434 1468 (95)
1446 1442 1453 1448 ·
1463 1435 1493 1461 ὲν
1506 1431 1547 1466 οἷς
1557 1434 1670 1461 ἐστικαὶ
1682 1435 1721 1465 εἰς
1731 1433 1767 1460 τά
1775 1434 1829 1460 τῶν
1838 1433 1888 1460 Βα-

1099 1480 1206 1506 σιλειῶν
1223 1480 1268 1507 καὶ
1284 1481 1324 1512 είς
1337 1479 1371 1506 τὰ
1385 1479 1622 1515 Παραλειπόμενα.
1651 1480 1794 1515 Χρήσιμον
1805 1479 1828 1506 δ’
1858 1480 1885 1511 ἐς

1097 1525 1132 1552 τὰ
1147 1526 1262 1561 μάλιστα
1278 1527 1309 1553 τὸ
1328 1526 1439 1562 βιϐλίον,
1458 1526 1504 1552 καὶ
1514 1526 1610 1558 αὑταῖς
1624 1527 1716 1561 γοναῖς
1728 1528 1785 1558 τοῖς
1799 1527 1889 1559 ὲντυγ·

1102 1572 1213 1607 χάνουσι
1236 1571 1267 1598 ἰδ
1281 1571 1392 1607 γνήσιον
1410 1571 1630 1606 ἐπιδεικνύμενον
1645 1571 1745 1598 αὐτίκα
1770 1571 1819 1598 τοῦ
1847 1581 1889 1606 γε-

1101 1617 1275 1652 γεννηκότος.
1290 1618 1347 1651 Τῆς
1361 1617 1390 1644 δὲ
1412 1617 1545 1652 συνήθους
1561 1617 1635 1652 αὺτῷ
1650 1617 1720 1650 ἰδέας
1731 1618 1889 1653 διαπρεπού-

1103 1671 1161 1698 σης,
1177 1663 1233 1698 ἔχει
1247 1671 1274 1689 τι
1298 1663 1366 1697 πρὸς
1382 1663 1413 1690 τὸ
1429 1663 1595 1698 σαφέστερον
1607 1664 1674 1699 ὁρᾷν
1694 1664 1742 1690 καὶ
1769 1664 1889 1690 εὐκατά‹

1101 1708 1203 1743 ληπτον
1216 1709 1263 1735 καὶ
1281 1707 1377 1744 ἕτερον
1391 1709 1591 1744 πλεονέκτημα,
1606 1709 1653 1735 καὶ
1665 1709 1695 1736 τὸ
1710 1709 1748 1741 ὡς
1762 1710 1793 1736 ὲν
1807 1719 1889 1744 κεφα-

1100 1755 1168 1790 λαίῳ
1182 1755 1252 1781 κατά
1268 1754 1300 1781 τὸ
1315 1754 1504 1790 ἀπορούμενον
1519 1755 1568 1782 καὶ
1597 1755 1777 1791 ἑπιλυόμενον
1793 1755 1826 1782 τὸ
1850 1756 1889 1790 βμ

1100 1800 1174 1827 ὃλίον
1195 1800 1424 1827 διατετυπῶσθαι.

1451 1894 1516 1921 ΣΕ’.

1188 1939 1244 1966 Τοῦ
1254 1939 1347 1966 αὑτοῦ
1359 1939 1408 1972 Εἰς
1424 1939 1495 1972 τοὺς
1506 1939 1623 1967 δώδεκα
1633 1939 1804 1974 προφήτας.

1135 1984 1200 2020 [272
1228 1983 1274 2020 IL]
1302 1985 1470 2021 ’Δνεγνώσθη
1497 1985 1545 2012 ⁸τοῦ
1572 1985 1653 2012 αὐτοῦ
1670 1987 1722 2018 Εἰς
1752 1986 1829 2019 τοὺς
1855 1987 1889 2018 ιβ

1096 2030 1252 2064 προφήτας
1276 2032 1305 2057 ἐν
1330 2033 1362 2067 τῇ
1377 2032 1446 2068 αὐτῇ
1467 2032 1521 2059 τῶν
1533 2031 1620 2066 λόγων
1632 2031 1748 2068 καλλονῇ
1767 2033 1819 2060 καὶ
1842 2033 1889 2068 τῆς

1095 2075 1213 2108 διανοίας
1229 2077 1455 2112 διεσκευασμένον
1467 2078 1487 2104 ⁸.

1449 2121 1516 2148 EC’.

1449 2123 1469 2147 Σ
1499 2123 1516 2148 ⁷.

1094 2167 1265 2200 Προκοπίου
1287 2168 1436 2202 σοφιστοῦ
1450 2123 1498 2200 εἷ
1515 2167 1572 2201 τὴν
1603 2168 1818 2202 Ὀκτάτευχον,
1845 2167 1889 2194 καί

1129 2204 1166 2230 τὰ
1177 2203 1236 2230 τῶν
1250 2196 1416 2230 Βασιῖλειῶν
1446 2196 1494 2230 καὶ
1513 2196 1550 2230 τά
1567 2196 1822 2238 Παραλειπόβενὰ
1846 2203 1889 2235 ἑξ-

1127 2238 1266 2274 ηγητικαί
1282 2240 1383 2272 σχολα
1389 2238 1410 2266 ί.

1131 2283 1358 2319 Ἀνεγνώσθησαν
1386 2283 1544 2318 Προκοπίου
1568 2283 1696 2317 σοφιστοῦ
1731 2283 1889 2319 Ἐξηγητι·

1089 2331 1140 2358 καὶ
1157 2329 1269 2365 σχολαὶ
1289 2329 1334 2362 εἵς
1349 2338 1380 2356 τε
1388 2329 1446 2363 τὴν
1464 2329 1663 2364 Ὂκτάτευχον
1678 2329 1738 2357 τῶν
1747 2330 1889 2357 [hirudo

1089 2375 1274 2412 Γραμμάτων
1289 2375 1338 2402 καὶ
1355 2376 1398 2406 εὶς
1408 2374 1461 2408 τὰς
1476 2375 1639 2408 Βασιλείας
1658 2375 1708 2402 καὶ
1731 2375 1772 2409 δὴ
1790 2376 1844 2402 καὶ
1860 2376 1889 2403 τὸ

1088 2423 1346 2457 Παραλειπόμενα.
1362 2421 1497 2456 Πολύχους
1512 2422 1562 2458 μὲν
1574 2418 1652 2454 οὗτος
1666 2421 1714 2448 καὶ
1725 2422 1889 2458 πολύστιχος

1088 2471 1103 2497 ὸ
1121 2468 1267 2505 ἐξηγητὴς,
1291 2468 1368 2503 πλὴν
1391 2468 1442 2495 οὐκ
1463 2468 1503 2500 εἰς
1523 2468 1656 2505 περιττάς
1680 2477 1760 2501 τινας
1781 2469 1837 2496 καὶ
1854 2469 1889 2501 ἐξα

891 2517 1009 2545 VARUE
1024 2516 1224 2546 LECTIONES.

289 2563 425 2602 “ﬁlms.
462 2563 664 2602 ’λ’-[ἰιηιὶ-ιῇβυν.Δ
694 2564 717 2580 ³⁸
732 2563 826 2602 σοφίας
837 2565 1013 2602 χωρεῖνῇ-
1033 2565 1190 2602 ἀχρήστους
1215 2563 1302 2589 ποιεῖν
1327 2571 1394 2602 παρ.
1419 2571 1449 2594 ς.

255 2598 406 2634 ρασύροντα
421 2607 451 2630 ς.
490 2599 513 2614 ³⁸
526 2607 552 2625 τι
567 2599 639 2626 ἄλλο.
656 2598 918 2633 ἐσπουδασμένονς.
955 2598 978 2615 θθ
991 2608 1022 2634 γε
1033 2598 1144 2627 οἱΙιᾙΑ.

1513 2562 1535 2578 ⁹¹⁷
1551 2562 1762 2598 παρασύροντας
1779 2563 1818 2592 Δ,
1840 2571 1889 2589 πα-

1183 2599 1191 2614 ¹
1224 2603 1286 2632 post
1307 2598 1392 2624 ταῦτα
1420 2604 1514 2624 versus
1534 2598 1610 2624 vacui
1641 2599 1666 2624 in
1684 2598 1706 2624 A
1722 2602 1752 2625 et
1769 2598 1889 2624 sinistra

253 2632 383 2662 columna:
397 2634 432 2661 54
449 2634 520 2669 1/2:
538 2639 565 2660 et
575 2637 677 2661 dextrae
691 2634 826 2668 mnnes(i.
842 2642 867 2662 ε.
882 2634 928 2668 58)
945 2634 969 2660 in
985 2632 1005 2661 C
1024 2635 1051 2662 Δ.
1089 2635 1215 2667 ’ἀνέγνω
1227 2633 1261 2661 Α.
1298 2633 1309 2648 ³
1323 2632 1489 2667 μακαρῑουΑ
1507 2640 1514 2658 :
1529 2632 1672 2659 θεσπεσίου
1688 2641 1719 2665 ς.
1758 2633 1771 2649 ⁸
1786 2632 1889 2669 ἑξηγή·

254 2677 309 2701 σεις
323 2670 355 2696 Α.
394 2669 404 2685 ¹
416 2669 510 2704 ἔλαχεν
522 2669 552 2696 οὐ
568 2670 651 2704 συμϐ.
680 2669 831 2696 Fabricius.

867 2670 877 2685 ‘
893 2669 1119 2704 διεσκευασμένον
1142 2669 1246 2704 βιϐλίον
1265 2676 1295 2699 ς.

1012 2713 1129 2742 NOTAE.

287 2762 344 2798 (94)
362 2761 514 2789 Desiderari
526 2762 571 2789 hic
584 2769 627 2792 ea,
643 2767 800 2796 argumento
813 2767 856 2790 est
869 2769 985 2789 vacuum
1000 2762 1027 2789 in
1083 2763 1133 2789 clis
1161 2761 1306 2796 Scriptum
1324 2770 1407 2789 sacra:
1429 2762 1620 2798 quaestionibus
1644 2761 1791 2796 ambiguis.
1826 2762 1889 2795 Qua

251 2798 413 2832 quibusdam
428 2797 566 2824 codicibus
578 2798 701 2823 relictum
717 2798 844 2830 spatium.

287 2832 341 2866 (95)
357 2833 403 2863 Εἰς
417 2833 450 2858 τὰ
462 2833 554 2867 ἀπορα
568 2832 620 2866 τῆς
634 2832 752 2867 Γραφῆς.
766 2832 875 2858 Addunt
890 2831 953 2867 editi
970 2832 1030 2859 libri

252 2868 312 2895 κατ’
325 2867 452 2902 ἐκλογήν.
471 2865 548 2895 Unde
560 2865 727 2902 interpretes
740 2868 859 2896 iecerunt
875 2875 882 2894 :
898 2865 938 2894 De
966 2869 1032 2896 sele-

1084 2802 1175 2824 autcm
1191 2797 1241 2824 hoc
1253 2798 1322 2829 loco,
1341 2805 1357 2823 e
1376 2797 1436 2824 cod.
1449 2796 1548 2823 Bavar.
1574 2796 1722 2830 descripta,
1750 2798 1889 2824 exliiheir

1085 2835 1130 2858 tur
1146 2832 1172 2858 in
1184 2831 1260 2859 Notis
1275 2832 1437 2865 exemplaris
1451 2831 1550 2867 Graeci.
1578 2831 1673 2859 eadem
1685 2837 1712 2860 et
1723 2833 1810 2867 plura
1825 2832 1889 2860 Vldli

1087 2872 1169 2902 atque
1181 2868 1319 2896 convertit
1334 2867 1399 2896 oliui
1416 2867 1498 2896 Gent.
1515 2866 1659 2895 llcrvetus.
