  <div class='ocr_page' id='page_1' title='image "/cluster/home/n/w/nwhite01/storage/ocr_20150623/103/njp.32101010943882/452.png"; bbox 0 0 1916 3092; ppageno 0'>
   <div class='ocr_carea' id='block_1_1' title="bbox 63 152 1140 183">
    <p class='ocr_par' dir='ltr' id='par_1_1' title="bbox 63 152 1140 183">
     <span class='ocr_line' id='line_1_1' title="bbox 63 152 1140 183; baseline 0 0"><span class='ocrx_word' id='word_1_1' title='bbox 63 154 97 183; x_wconf 72' lang='lat' dir='ltr'><strong>tii’l</strong></span> <span class='ocrx_word' id='word_1_2' title='bbox 487 153 752 183; x_wconf 73' lang='lat' dir='ltr'><strong>BIBLIOTHECA.</strong></span> <span class='ocrx_word' id='word_1_3' title='bbox 768 165 804 170; x_wconf 88' lang='lat'><strong>—</strong></span> <span class='ocrx_word' id='word_1_4' title='bbox 822 152 929 182; x_wconf 89' lang='lat' dir='ltr'><strong>CODD.</strong></span> <span class='ocrx_word' id='word_1_5' title='bbox 951 152 1140 183; x_wconf 80' lang='lat' dir='ltr'><strong>CCIV-CCIX</strong></span> 
     </span>
    </p>
   </div>
   <div class='ocr_carea' id='block_1_2' title="bbox 1586 153 1640 184">
    <p class='ocr_par' dir='ltr' id='par_1_2' title="bbox 1586 153 1640 184">
     <span class='ocr_line' id='line_1_2' title="bbox 1586 153 1640 184; baseline 0.019 -1"><span class='ocrx_word' id='word_1_6' title='bbox 1586 153 1640 184; x_wconf 73' lang='grc' dir='ltr'><strong>(ΠΒ</strong></span> 
     </span>
    </p>
   </div>
   <div class='ocr_carea' id='block_1_3' title="bbox 65 204 804 246">
    <p class='ocr_par' dir='ltr' id='par_1_3' title="bbox 65 209 804 246">
     <span class='ocr_line' id='line_1_3' title="bbox 65 209 804 246; baseline -0.003 -8"><span class='ocrx_word' id='word_1_7' title='bbox 65 211 165 245; x_wconf 78' lang='grc' dir='ltr'>αγωνίους</span> <span class='ocrx_word' id='word_1_8' title='bbox 178 209 366 246; x_wconf 77' lang='grc' dir='ltr'>ἀποδιατρίϐων</span> <span class='ocrx_word' id='word_1_9' title='bbox 380 210 586 246; x_wconf 81' lang='grc' dir='ltr'>παρεκδρομὰς,</span> <span class='ocrx_word' id='word_1_10' title='bbox 611 211 681 238; x_wconf 81' lang='grc' dir='ltr'>ἀλλὰ</span> <span class='ocrx_word' id='word_1_11' title='bbox 694 211 733 246; x_wconf 82' lang='grc' dir='ltr'>τῷ</span> <span class='ocrx_word' id='word_1_12' title='bbox 747 211 804 237; x_wconf 90' lang='grc' dir='ltr'>δια-</span> 
     </span>
    </p>
   </div>
   <div class='ocr_carea' id='block_1_4' title="bbox 858 204 1639 246">
    <p class='ocr_par' dir='ltr' id='par_1_4' title="bbox 858 204 1639 244">
     <span class='ocr_line' id='line_1_4' title="bbox 858 204 1639 244; baseline 0.001 -8"><span class='ocrx_word' id='word_1_13' title='bbox 858 214 938 237; x_wconf 75' lang='lat' dir='ltr'><strong>neant</strong></span> <span class='ocrx_word' id='word_1_14' title='bbox 969 211 1141 244; x_wconf 78' lang='lat' dir='ltr'><strong>egressiones</strong></span> <span class='ocrx_word' id='word_1_15' title='bbox 1167 209 1294 242; x_wconf 88' lang='lat' dir='ltr'><strong>divertat,</strong></span> <span class='ocrx_word' id='word_1_16' title='bbox 1315 204 1364 238; x_wconf 83' lang='lat' dir='ltr'><strong>sed</strong></span> <span class='ocrx_word' id='word_1_17' title='bbox 1384 210 1455 244; x_wconf 88' lang='lat' dir='ltr'><strong>quod</strong></span> <span class='ocrx_word' id='word_1_18' title='bbox 1480 210 1639 244; x_wconf 83' lang='lat' dir='ltr'><strong>opinionum</strong></span> 
     </span>
    </p>
   </div>
   <div class='ocr_carea' id='block_1_5' title="bbox 62 255 802 292">
    <p class='ocr_par' dir='ltr' id='par_1_5' title="bbox 62 255 802 292">
     <span class='ocr_line' id='line_1_5' title="bbox 62 255 802 292; baseline -0.001 -9"><span class='ocrx_word' id='word_1_19' title='bbox 62 257 122 292; x_wconf 72' lang='grc' dir='ltr'>φορὰς</span> <span class='ocrx_word' id='word_1_20' title='bbox 133 256 205 289; x_wconf 79' lang='grc' dir='ltr'>δοξῶν</span> <span class='ocrx_word' id='word_1_21' title='bbox 227 256 288 290; x_wconf 79' lang='grc' dir='ltr'>περὶ</span> <span class='ocrx_word' id='word_1_22' title='bbox 305 256 354 290; x_wconf 86' lang='grc' dir='ltr'>τῆς</span> <span class='ocrx_word' id='word_1_23' title='bbox 378 255 464 290; x_wconf 82' lang='grc' dir='ltr'>αὐτῆς</span> <span class='ocrx_word' id='word_1_24' title='bbox 492 255 649 287; x_wconf 77' lang='grc' dir='ltr'><strong>ὑποθέσεως</strong></span> <span class='ocrx_word' id='word_1_25' title='bbox 679 255 802 290; x_wconf 81' lang='grc' dir='ltr'>ἀναγρά-</span> 
     </span>
    </p>
   </div>
   <div class='ocr_carea' id='block_1_6' title="bbox 62 301 800 339">
    <p class='ocr_par' dir='ltr' id='par_1_6' title="bbox 62 301 800 339">
     <span class='ocr_line' id='line_1_6' title="bbox 62 301 800 339; baseline -0.004 -9"><span class='ocrx_word' id='word_1_26' title='bbox 62 312 103 339; x_wconf 78' lang='grc' dir='ltr'>φειν</span> <span class='ocrx_word' id='word_1_27' title='bbox 116 303 125 318; x_wconf 91' lang='grc'><strong>⁷</strong></span> <span class='ocrx_word' id='word_1_28' title='bbox 136 301 260 333; x_wconf 80' lang='grc' dir='ltr'><strong>πολλάκις.</strong></span> <span class='ocrx_word' id='word_1_29' title='bbox 279 301 363 328; x_wconf 84' lang='grc' dir='ltr'>Τοῦτο</span> <span class='ocrx_word' id='word_1_30' title='bbox 376 301 404 327; x_wconf 84' lang='grc' dir='ltr'><strong>δὲ</strong></span> <span class='ocrx_word' id='word_1_31' title='bbox 416 301 464 327; x_wconf 83' lang='grc' dir='ltr'>καὶ</span> <span class='ocrx_word' id='word_1_32' title='bbox 476 301 686 336; x_wconf 77' lang='grc' dir='ltr'><strong>προοιμιάζεται</strong></span> <span class='ocrx_word' id='word_1_33' title='bbox 705 302 745 332; x_wconf 78' lang='grc' dir='ltr'>εἰς</span> <span class='ocrx_word' id='word_1_34' title='bbox 755 301 800 336; x_wconf 78' lang='grc' dir='ltr'>ὁγ-</span> 
     </span>
    </p>
   </div>
   <div class='ocr_carea' id='block_1_7' title="bbox 63 347 801 383">
    <p class='ocr_par' dir='ltr' id='par_1_7' title="bbox 63 347 801 383">
     <span class='ocr_line' id='line_1_7' title="bbox 63 347 801 383; baseline -0.004 -7"><span class='ocrx_word' id='word_1_35' title='bbox 63 359 95 376; x_wconf 62' lang='lat' dir='ltr'><strong>xcv</strong></span> <span class='ocrx_word' id='word_1_36' title='bbox 105 348 162 383; x_wconf 77' lang='grc' dir='ltr'><strong>αὖτῷ</strong></span> <span class='ocrx_word' id='word_1_37' title='bbox 179 347 412 382; x_wconf 83' lang='grc' dir='ltr'>διαπλαττόμενον,</span> <span class='ocrx_word' id='word_1_38' title='bbox 441 347 490 373; x_wconf 77' lang='grc' dir='ltr'><strong>καὶ</strong></span> <span class='ocrx_word' id='word_1_39' title='bbox 517 347 636 381; x_wconf 82' lang='grc' dir='ltr'>μάλιστα</span> <span class='ocrx_word' id='word_1_40' title='bbox 653 347 726 382; x_wconf 80' lang='grc' dir='ltr'>πρὸς</span> <span class='ocrx_word' id='word_1_41' title='bbox 751 347 801 383; x_wconf 82' lang='grc' dir='ltr'>τὴν</span> 
     </span>
    </p>
   </div>
   <div class='ocr_carea' id='block_1_8' title="bbox 62 392 801 429">
    <p class='ocr_par' dir='ltr' id='par_1_8' title="bbox 62 392 801 429">
     <span class='ocr_line' id='line_1_8' title="bbox 62 392 801 429; baseline 0.007 -14"><span class='ocrx_word' id='word_1_42' title='bbox 62 394 194 429; x_wconf 65' lang='grc' dir='ltr'>θωδωρήτου</span> <span class='ocrx_word' id='word_1_43' title='bbox 208 392 314 427; x_wconf 77' lang='grc' dir='ltr'>σύνοψίν</span> <span class='ocrx_word' id='word_1_44' title='bbox 327 400 357 419; x_wconf 88' lang='grc' dir='ltr'><strong>τε</strong></span> <span class='ocrx_word' id='word_1_45' title='bbox 373 392 421 418; x_wconf 79' lang='grc' dir='ltr'>καὶ</span> <span class='ocrx_word' id='word_1_46' title='bbox 436 392 597 426; x_wconf 86' lang='grc' dir='ltr'>φιλοκαλίαν</span> <span class='ocrx_word' id='word_1_47' title='bbox 612 393 642 419; x_wconf 86' lang='grc' dir='ltr'><strong>τὺ</strong></span> <span class='ocrx_word' id='word_1_48' title='bbox 656 393 801 428; x_wconf 84' lang='grc' dir='ltr'>σύνταγμα</span> 
     </span>
    </p>
   </div>
   <div class='ocr_carea' id='block_1_9' title="bbox 62 434 801 475">
    <p class='ocr_par' dir='ltr' id='par_1_9' title="bbox 62 434 801 475">
     <span class='ocr_line' id='line_1_9' title="bbox 62 434 801 475; baseline -0.001 -8"><span class='ocrx_word' id='word_1_49' title='bbox 62 441 144 475; x_wconf 75' lang='grc' dir='ltr'>αἴρεται.</span> <span class='ocrx_word' id='word_1_50' title='bbox 157 440 204 465; x_wconf 87' lang='lat' dir='ltr'><strong>Kal.</strong></span> <span class='ocrx_word' id='word_1_51' title='bbox 215 439 254 473; x_wconf 81' lang='grc' dir='ltr'><strong>εἴη</strong></span> <span class='ocrx_word' id='word_1_52' title='bbox 263 438 296 465; x_wconf 85' lang='grc' dir='ltr'>ἂν</span> <span class='ocrx_word' id='word_1_53' title='bbox 308 438 469 465; x_wconf 75' lang='grc' dir='ltr'>οἰκειότατόν</span> <span class='ocrx_word' id='word_1_54' title='bbox 481 447 511 464; x_wconf 83' lang='grc' dir='ltr'><strong>τε</strong></span> <span class='ocrx_word' id='word_1_55' title='bbox 520 434 567 465; x_wconf 73' lang='grc' dir='ltr'>καὶ</span> <span class='ocrx_word' id='word_1_56' title='bbox 576 439 801 474; x_wconf 79' lang='grc' dir='ltr'>χρειωδέστατον.</span> 
     </span>
    </p>
   </div>
   <div class='ocr_carea' id='block_1_10' title="bbox 61 483 801 520">
    <p class='ocr_par' dir='ltr' id='par_1_10' title="bbox 61 483 801 520">
     <span class='ocr_line' id='line_1_10' title="bbox 61 483 801 520; baseline -0.001 -8"><span class='ocrx_word' id='word_1_57' title='bbox 61 486 136 520; x_wconf 73' lang='grc' dir='ltr'>εὶμετὰ</span> <span class='ocrx_word' id='word_1_58' title='bbox 147 485 190 520; x_wconf 77' lang='grc' dir='ltr'>τὴν</span> <span class='ocrx_word' id='word_1_59' title='bbox 211 485 237 511; x_wconf 83' lang='grc' dir='ltr'>ὲν</span> <span class='ocrx_word' id='word_1_60' title='bbox 258 484 372 515; x_wconf 79' lang='grc' dir='ltr'>ἐκείνοις</span> <span class='ocrx_word' id='word_1_61' title='bbox 390 483 487 519; x_wconf 75' lang='grc' dir='ltr'>τριϐὴν</span> <span class='ocrx_word' id='word_1_62' title='bbox 513 485 530 518; x_wconf 88' lang='grc' dir='ltr'>ἡ</span> <span class='ocrx_word' id='word_1_63' title='bbox 562 484 625 519; x_wconf 80' lang='grc' dir='ltr'>περὶ</span> <span class='ocrx_word' id='word_1_64' title='bbox 641 484 728 511; x_wconf 80' lang='grc' dir='ltr'>ταῦτα</span> <span class='ocrx_word' id='word_1_65' title='bbox 753 485 801 511; x_wconf 82' lang='grc' dir='ltr'><strong>τοῦ</strong></span> 
     </span>
    </p>
   </div>
   <div class='ocr_carea' id='block_1_11' title="bbox 62 530 800 567">
    <p class='ocr_par' dir='ltr' id='par_1_11' title="bbox 62 530 800 567">
     <span class='ocr_line' id='line_1_11' title="bbox 62 530 800 567; baseline 0 -9"><span class='ocrx_word' id='word_1_66' title='bbox 62 531 126 567; x_wconf 69' lang='grc' dir='ltr'>ἀνδρὸς</span> <span class='ocrx_word' id='word_1_67' title='bbox 134 530 162 557; x_wconf 82' lang='grc' dir='ltr'><strong>τὰ</strong></span> <span class='ocrx_word' id='word_1_68' title='bbox 187 531 376 566; x_wconf 83' lang='grc' dir='ltr'><strong>σπουδάσματα</strong></span> <span class='ocrx_word' id='word_1_69' title='bbox 407 530 490 565; x_wconf 84' lang='grc' dir='ltr'>σχολὴ</span> <span class='ocrx_word' id='word_1_70' title='bbox 519 530 677 566; x_wconf 84' lang='grc' dir='ltr'>διαδέχοιτο.</span> <span class='ocrx_word' id='word_1_71' title='bbox 708 531 762 558; x_wconf 72' lang='grc' dir='ltr'><strong>Καὶ</strong></span> <span class='ocrx_word' id='word_1_72' title='bbox 784 531 800 566; x_wconf 79' lang='grc' dir='ltr'>ἡ</span> 
     </span>
    </p>
   </div>
   <div class='ocr_carea' id='block_1_12' title="bbox 61 576 802 612">
    <p class='ocr_par' dir='ltr' id='par_1_12' title="bbox 61 576 802 612">
     <span class='ocr_line' id='line_1_12' title="bbox 61 576 802 612; baseline 0.001 -10"><span class='ocrx_word' id='word_1_73' title='bbox 61 578 130 611; x_wconf 58' lang='lat' dir='ltr'><strong>epist;</strong></span> <span class='ocrx_word' id='word_1_74' title='bbox 142 577 166 603; x_wconf 80' lang='grc' dir='ltr'><strong>δὲ</strong></span> <span class='ocrx_word' id='word_1_75' title='bbox 187 576 256 611; x_wconf 84' lang='grc' dir='ltr'>αὐτῷ</span> <span class='ocrx_word' id='word_1_76' title='bbox 268 577 298 608; x_wconf 87' lang='grc' dir='ltr'>ὲς</span> <span class='ocrx_word' id='word_1_77' title='bbox 309 576 341 602; x_wconf 81' lang='grc' dir='ltr'>τὸ</span> <span class='ocrx_word' id='word_1_78' title='bbox 355 576 465 612; x_wconf 80' lang='grc' dir='ltr'>ἄριστον</span> <span class='ocrx_word' id='word_1_79' title='bbox 482 576 611 612; x_wconf 75' lang='grc' dir='ltr'>ἤσκηται,</span> <span class='ocrx_word' id='word_1_80' title='bbox 634 578 659 603; x_wconf 84' lang='grc' dir='ltr'>εὶ</span> <span class='ocrx_word' id='word_1_81' title='bbox 672 577 777 612; x_wconf 76' lang='grc' dir='ltr'>καὶτῆς</span> <span class='ocrx_word' id='word_1_82' title='bbox 790 577 802 593; x_wconf 79' lang='grc'>⁸</span> 
     </span>
    </p>
   </div>
   <div class='ocr_carea' id='block_1_13' title="bbox 61 621 765 658">
    <p class='ocr_par' dir='ltr' id='par_1_13' title="bbox 61 621 765 658">
     <span class='ocr_line' id='line_1_13' title="bbox 61 621 765 658; baseline 0.001 -10"><span class='ocrx_word' id='word_1_83' title='bbox 61 623 182 658; x_wconf 70' lang='grc' dir='ltr'>ἐξηγητικῆς</span> <span class='ocrx_word' id='word_1_84' title='bbox 192 622 382 653; x_wconf 83' lang='grc' dir='ltr'>διατυπώσεως</span> <span class='ocrx_word' id='word_1_85' title='bbox 394 621 451 657; x_wconf 77' lang='grc' dir='ltr'>ἔχει</span> <span class='ocrx_word' id='word_1_86' title='bbox 469 630 497 648; x_wconf 89' lang='grc' dir='ltr'><strong>τι</strong></span> <span class='ocrx_word' id='word_1_87' title='bbox 512 622 559 649; x_wconf 80' lang='grc' dir='ltr'>καὶ</span> <span class='ocrx_word' id='word_1_88' title='bbox 584 622 765 658; x_wconf 75' lang='grc' dir='ltr'>κομψότερον.</span> 
     </span>
    </p>
   </div>
   <div class='ocr_carea' id='block_1_14' title="bbox 377 680 434 706">
    <p class='ocr_par' dir='ltr' id='par_1_14' title="bbox 377 680 434 706">
     <span class='ocr_line' id='line_1_14' title="bbox 377 680 434 706; baseline 0.018 -1"><span class='ocrx_word' id='word_1_89' title='bbox 377 680 434 706; x_wconf 88' lang='grc' dir='ltr'><strong>ΣΖ’.</strong></span> 
     </span>
    </p>
   </div>
   <div class='ocr_carea' id='block_1_15' title="bbox 191 725 638 758">
    <p class='ocr_par' dir='ltr' id='par_1_15' title="bbox 191 725 638 758">
     <span class='ocr_line' id='line_1_15' title="bbox 191 725 638 758; baseline -0.002 -6"><span class='ocrx_word' id='word_1_90' title='bbox 191 725 244 752; x_wconf 84' lang='grc' dir='ltr'><strong>Τοῦ</strong></span> <span class='ocrx_word' id='word_1_91' title='bbox 258 725 297 752; x_wconf 80' lang='grc' dir='ltr'>αὐ</span> <span class='ocrx_word' id='word_1_92' title='bbox 303 725 355 752; x_wconf 84' lang='grc' dir='ltr'>τοῦ</span> <span class='ocrx_word' id='word_1_93' title='bbox 364 726 416 758; x_wconf 83' lang='grc' dir='ltr'><strong>Εις</strong></span> <span class='ocrx_word' id='word_1_94' title='bbox 429 725 482 751; x_wconf 83' lang='grc' dir='ltr'>τὸν</span> <span class='ocrx_word' id='word_1_95' title='bbox 502 725 638 752; x_wconf 75' lang='grc' dir='ltr'>Ἡσαΐαν.</span> 
     </span>
    </p>
   </div>
   <div class='ocr_carea' id='block_1_16' title="bbox 86 769 802 806">
    <p class='ocr_par' dir='ltr' id='par_1_16' title="bbox 86 769 802 806">
     <span class='ocr_line' id='line_1_16' title="bbox 86 769 802 806; baseline 0.003 -10"><span class='ocrx_word' id='word_1_96' title='bbox 86 769 221 806; x_wconf 76' lang='grc' dir='ltr'>’Δνεγνώσθη</span> <span class='ocrx_word' id='word_1_97' title='bbox 237 771 283 797; x_wconf 66' lang='lat' dir='ltr'><strong>toﬁ</strong></span> <span class='ocrx_word' id='word_1_98' title='bbox 299 770 382 798; x_wconf 81' lang='grc' dir='ltr'>αὐτοῦ</span> <span class='ocrx_word' id='word_1_99' title='bbox 398 771 544 806; x_wconf 78' lang='grc' dir='ltr'>φιλοπόνου</span> <span class='ocrx_word' id='word_1_100' title='bbox 560 771 658 806; x_wconf 81' lang='grc' dir='ltr'>ἀνδρὸς</span> <span class='ocrx_word' id='word_1_101' title='bbox 679 772 732 804; x_wconf 77' lang='grc' dir='ltr'><strong>Εἰς</strong></span> <span class='ocrx_word' id='word_1_102' title='bbox 747 771 802 798; x_wconf 85' lang='grc' dir='ltr'><strong>τὸν</strong></span> 
     </span>
    </p>
   </div>
   <div class='ocr_carea' id='block_1_17' title="bbox 61 816 802 852">
    <p class='ocr_par' dir='ltr' id='par_1_17' title="bbox 61 816 802 852">
     <span class='ocr_line' id='line_1_17' title="bbox 61 816 802 852; baseline 0 -10"><span class='ocrx_word' id='word_1_103' title='bbox 61 817 176 850; x_wconf 61' lang='grc' dir='ltr'>εροςήτην</span> <span class='ocrx_word' id='word_1_104' title='bbox 198 816 332 850; x_wconf 76' lang='grc' dir='ltr'><strong>Ἡσαΐαν,</strong></span> <span class='ocrx_word' id='word_1_105' title='bbox 345 817 394 852; x_wconf 89' lang='grc' dir='ltr'>τήν</span> <span class='ocrx_word' id='word_1_106' title='bbox 411 826 439 843; x_wconf 84' lang='grc' dir='ltr'><strong>τε</strong></span> <span class='ocrx_word' id='word_1_107' title='bbox 451 817 546 851; x_wconf 80' lang='grc' dir='ltr'><strong>ὁμοίαν</strong></span> <span class='ocrx_word' id='word_1_108' title='bbox 565 818 621 847; x_wconf 83' lang='grc' dir='ltr'>τοῖς</span> <span class='ocrx_word' id='word_1_109' title='bbox 634 816 802 852; x_wconf 80' lang='grc' dir='ltr'>προειρημέ-</span> 
     </span>
    </p>
   </div>
   <div class='ocr_carea' id='block_1_18' title="bbox 852 255 1639 290">
    <p class='ocr_par' dir='ltr' id='par_1_18' title="bbox 852 255 1639 290">
     <span class='ocr_line' id='line_1_18' title="bbox 852 255 1639 290; baseline 0.001 -9"><span class='ocrx_word' id='word_1_110' title='bbox 852 255 947 282; x_wconf 82' lang='lat' dir='ltr'><strong>eadem</strong></span> <span class='ocrx_word' id='word_1_111' title='bbox 961 255 995 282; x_wconf 87' lang='lat' dir='ltr'><strong>de</strong></span> <span class='ocrx_word' id='word_1_112' title='bbox 1004 263 1033 282; x_wconf 90' lang='lat' dir='ltr'><strong>re</strong></span> <span class='ocrx_word' id='word_1_113' title='bbox 1044 256 1218 283; x_wconf 68' lang='lat' dir='ltr'><strong>diversitates</strong></span> <span class='ocrx_word' id='word_1_114' title='bbox 1234 263 1422 290; x_wconf 69' lang='lat' dir='ltr'><strong>saepenumero</strong></span> <span class='ocrx_word' id='word_1_115' title='bbox 1434 261 1639 283; x_wconf 88' lang='lat' dir='ltr'><strong>commemoret.</strong></span> 
     </span>
    </p>
   </div>
   <div class='ocr_carea' id='block_1_19' title="bbox 853 299 1638 335">
    <p class='ocr_par' dir='ltr' id='par_1_19' title="bbox 853 299 1638 335">
     <span class='ocr_line' id='line_1_19' title="bbox 853 299 1638 335; baseline 0 -8"><span class='ocrx_word' id='word_1_116' title='bbox 853 300 886 327; x_wconf 88' lang='lat' dir='ltr'><strong>Et</strong></span> <span class='ocrx_word' id='word_1_117' title='bbox 902 308 968 328; x_wconf 89' lang='lat' dir='ltr'><strong>vero</strong></span> <span class='ocrx_word' id='word_1_118' title='bbox 983 300 1065 327; x_wconf 88' lang='lat' dir='ltr'><strong>etiam</strong></span> <span class='ocrx_word' id='word_1_119' title='bbox 1085 299 1215 335; x_wconf 67' lang='lat' dir='ltr'><strong>praefatur</strong></span> <span class='ocrx_word' id='word_1_120' title='bbox 1229 301 1280 327; x_wconf 91' lang='lat' dir='ltr'><strong>hoc</strong></span> <span class='ocrx_word' id='word_1_121' title='bbox 1299 308 1313 327; x_wconf 89' lang='lat' dir='ltr'><strong>a</strong></span> <span class='ocrx_word' id='word_1_122' title='bbox 1328 308 1358 328; x_wconf 85' lang='lat' dir='ltr'><strong>se</strong></span> <span class='ocrx_word' id='word_1_123' title='bbox 1375 309 1442 335; x_wconf 88' lang='lat' dir='ltr'><strong>opus</strong></span> <span class='ocrx_word' id='word_1_124' title='bbox 1467 309 1593 335; x_wconf 76' lang='lat' dir='ltr'><strong>magnam</strong></span> <span class='ocrx_word' id='word_1_125' title='bbox 1612 301 1638 327; x_wconf 95' lang='lat' dir='ltr'><strong>in</strong></span> 
     </span>
    </p>
   </div>
   <div class='ocr_carea' id='block_1_20' title="bbox 852 346 1640 381">
    <p class='ocr_par' dir='ltr' id='par_1_20' title="bbox 852 346 1640 381">
     <span class='ocr_line' id='line_1_20' title="bbox 852 346 1640 381; baseline 0.004 -9"><span class='ocrx_word' id='word_1_126' title='bbox 852 346 950 373; x_wconf 89' lang='lat' dir='ltr'><strong>molem</strong></span> <span class='ocrx_word' id='word_1_127' title='bbox 974 353 1036 373; x_wconf 87' lang='lat' dir='ltr'><strong>esse</strong></span> <span class='ocrx_word' id='word_1_128' title='bbox 1072 351 1210 380; x_wconf 79' lang='lat' dir='ltr'><strong>aggestum</strong></span> <span class='ocrx_word' id='word_1_129' title='bbox 1237 355 1244 373; x_wconf 89' lang='lat'>:</span> <span class='ocrx_word' id='word_1_130' title='bbox 1268 347 1339 381; x_wconf 91' lang='lat' dir='ltr'><strong>quod</strong></span> <span class='ocrx_word' id='word_1_131' title='bbox 1370 347 1433 374; x_wconf 84' lang='lat' dir='ltr'><strong>item</strong></span> <span class='ocrx_word' id='word_1_132' title='bbox 1460 348 1578 375; x_wconf 76' lang='lat' dir='ltr'><strong>maxime</strong></span> <span class='ocrx_word' id='word_1_133' title='bbox 1606 348 1640 375; x_wconf 89' lang='lat' dir='ltr'><strong>ad</strong></span> 
     </span>
    </p>
   </div>
   <div class='ocr_carea' id='block_1_21' title="bbox 853 391 1640 428">
    <p class='ocr_par' dir='ltr' id='par_1_21' title="bbox 853 391 1640 428">
     <span class='ocr_line' id='line_1_21' title="bbox 853 391 1640 428; baseline 0.003 -9"><span class='ocrx_word' id='word_1_134' title='bbox 853 391 1018 419; x_wconf 83' lang='lat' dir='ltr'><strong>Theodoreti</strong></span> <span class='ocrx_word' id='word_1_135' title='bbox 1055 391 1217 419; x_wconf 89' lang='lat' dir='ltr'><strong>brevitatem</strong></span> <span class='ocrx_word' id='word_1_136' title='bbox 1247 396 1476 428; x_wconf 79' lang='lat' dir='ltr'><strong>venustatemque</strong></span> <span class='ocrx_word' id='word_1_137' title='bbox 1496 394 1640 427; x_wconf 74' lang='lat' dir='ltr'><strong>assurgit:</strong></span> 
     </span>
    </p>
   </div>
   <div class='ocr_carea' id='block_1_22' title="bbox 852 437 1640 472">
    <p class='ocr_par' dir='ltr' id='par_1_22' title="bbox 852 437 1640 472">
     <span class='ocr_line' id='line_1_22' title="bbox 852 437 1640 472; baseline 0.004 -8"><span class='ocrx_word' id='word_1_138' title='bbox 852 442 882 465; x_wconf 86' lang='lat' dir='ltr'><strong>ut</strong></span> <span class='ocrx_word' id='word_1_139' title='bbox 903 438 1072 472; x_wconf 87' lang='lat' dir='ltr'><strong>aptissimum</strong></span> <span class='ocrx_word' id='word_1_140' title='bbox 1089 437 1153 464; x_wconf 88' lang='lat' dir='ltr'><strong>illud</strong></span> <span class='ocrx_word' id='word_1_141' title='bbox 1165 437 1244 472; x_wconf 84' lang='lat' dir='ltr'><strong>plane</strong></span> <span class='ocrx_word' id='word_1_142' title='bbox 1262 438 1310 470; x_wconf 85' lang='lat' dir='ltr'><strong>sit,</strong></span> <span class='ocrx_word' id='word_1_143' title='bbox 1325 442 1405 472; x_wconf 88' lang='lat' dir='ltr'><strong>atque</strong></span> <span class='ocrx_word' id='word_1_144' title='bbox 1417 439 1604 471; x_wconf 87' lang='lat' dir='ltr'><strong>utilissitnum,</strong></span> <span class='ocrx_word' id='word_1_145' title='bbox 1616 439 1640 467; x_wconf 87' lang='lat' dir='ltr'><strong>si</strong></span> 
     </span>
    </p>
   </div>
   <div class='ocr_carea' id='block_1_23' title="bbox 851 482 1641 518">
    <p class='ocr_par' dir='ltr' id='par_1_23' title="bbox 851 482 1641 518">
     <span class='ocr_line' id='line_1_23' title="bbox 851 482 1641 518; baseline 0.004 -9"><span class='ocrx_word' id='word_1_146' title='bbox 851 487 913 518; x_wconf 91' lang='lat' dir='ltr'><strong>post</strong></span> <span class='ocrx_word' id='word_1_147' title='bbox 930 482 1006 510; x_wconf 93' lang='lat' dir='ltr'><strong>illum</strong></span> <span class='ocrx_word' id='word_1_148' title='bbox 1027 482 1137 516; x_wconf 85' lang='lat' dir='ltr'><strong>lectum,</strong></span> <span class='ocrx_word' id='word_1_149' title='bbox 1158 484 1191 510; x_wconf 89' lang='lat' dir='ltr'><strong>ad</strong></span> <span class='ocrx_word' id='word_1_150' title='bbox 1209 482 1290 518; x_wconf 81' lang='lat' dir='ltr'><strong>hujus</strong></span> <span class='ocrx_word' id='word_1_151' title='bbox 1305 484 1387 510; x_wconf 87' lang='lat' dir='ltr'><strong>ctiant</strong></span> <span class='ocrx_word' id='word_1_152' title='bbox 1406 484 1455 511; x_wconf 92' lang='lat' dir='ltr'><strong>viri</strong></span> <span class='ocrx_word' id='word_1_153' title='bbox 1479 484 1586 512; x_wconf 84' lang='lat' dir='ltr'><strong>labores</strong></span> <span class='ocrx_word' id='word_1_154' title='bbox 1602 485 1641 512; x_wconf 85' lang='lat' dir='ltr'><strong>le-</strong></span> 
     </span>
    </p>
   </div>
   <div class='ocr_carea' id='block_1_24' title="bbox 852 528 1641 566">
    <p class='ocr_par' dir='ltr' id='par_1_24' title="bbox 852 528 1641 566">
     <span class='ocr_line' id='line_1_24' title="bbox 852 528 1641 566; baseline 0.003 -11"><span class='ocrx_word' id='word_1_155' title='bbox 852 528 956 563; x_wconf 76' lang='lat' dir='ltr'><strong>gendos</strong></span> <span class='ocrx_word' id='word_1_156' title='bbox 978 529 1062 556; x_wconf 84' lang='lat' dir='ltr'><strong>otium</strong></span> <span class='ocrx_word' id='word_1_157' title='bbox 1088 529 1239 564; x_wconf 79' lang='lat' dir='ltr'><strong>contingat.</strong></span> <span class='ocrx_word' id='word_1_158' title='bbox 1260 529 1349 557; x_wconf 90' lang='lat' dir='ltr'><strong>Dictio</strong></span> <span class='ocrx_word' id='word_1_159' title='bbox 1368 530 1402 558; x_wconf 93' lang='lat' dir='ltr'><strong>ab</strong></span> <span class='ocrx_word' id='word_1_160' title='bbox 1420 537 1451 557; x_wconf 88' lang='lat' dir='ltr'><strong>eo</strong></span> <span class='ocrx_word' id='word_1_161' title='bbox 1472 535 1516 558; x_wconf 88' lang='lat' dir='ltr'><strong>est</strong></span> <span class='ocrx_word' id='word_1_162' title='bbox 1539 531 1641 566; x_wconf 81' lang='lat' dir='ltr'><strong>Optime</strong></span> 
     </span>
    </p>
   </div>
   <div class='ocr_carea' id='block_1_25' title="bbox 854 575 1640 611">
    <p class='ocr_par' dir='ltr' id='par_1_25' title="bbox 854 575 1640 611">
     <span class='ocr_line' id='line_1_25' title="bbox 854 575 1640 611; baseline 0.004 -10"><span class='ocrx_word' id='word_1_163' title='bbox 854 575 963 609; x_wconf 87' lang='lat' dir='ltr'><strong>quidem</strong></span> <span class='ocrx_word' id='word_1_164' title='bbox 990 575 1108 607; x_wconf 82' lang='lat' dir='ltr'><strong>exculta,</strong></span> <span class='ocrx_word' id='word_1_165' title='bbox 1137 576 1183 602; x_wconf 89' lang='lat' dir='ltr'><strong>sed</strong></span> <span class='ocrx_word' id='word_1_166' title='bbox 1209 576 1345 610; x_wconf 88' lang='lat' dir='ltr'><strong>comptior</strong></span> <span class='ocrx_word' id='word_1_167' title='bbox 1371 576 1531 610; x_wconf 88' lang='lat' dir='ltr'><strong>aliquanto,</strong></span> <span class='ocrx_word' id='word_1_168' title='bbox 1560 584 1640 611; x_wconf 88' lang='lat' dir='ltr'><strong>quam</strong></span> 
     </span>
    </p>
   </div>
   <div class='ocr_carea' id='block_1_26' title="bbox 853 621 1444 652">
    <p class='ocr_par' dir='ltr' id='par_1_26' title="bbox 853 621 1444 652">
     <span class='ocr_line' id='line_1_26' title="bbox 853 621 1444 652; baseline 0.003 -5"><span class='ocrx_word' id='word_1_169' title='bbox 853 621 1040 652; x_wconf 87' lang='lat' dir='ltr'><strong>commentarii</strong></span> <span class='ocrx_word' id='word_1_170' title='bbox 1058 621 1194 648; x_wconf 88' lang='lat' dir='ltr'><strong>rudiorem</strong></span> <span class='ocrx_word' id='word_1_171' title='bbox 1211 621 1325 649; x_wconf 80' lang='lat' dir='ltr'><strong>formam</strong></span> <span class='ocrx_word' id='word_1_172' title='bbox 1339 622 1444 650; x_wconf 88' lang='lat' dir='ltr'><strong>deccat.</strong></span> 
     </span>
    </p>
   </div>
   <div class='ocr_carea' id='block_1_27' title="bbox 1196 677 1296 706">
    <p class='ocr_par' dir='ltr' id='par_1_27' title="bbox 1196 677 1296 706">
     <span class='ocr_line' id='line_1_27' title="bbox 1196 677 1296 706; baseline 0.01 -1"><span class='ocrx_word' id='word_1_173' title='bbox 1196 677 1296 706; x_wconf 84' lang='lat' dir='ltr'><strong>CCVII.</strong></span> 
     </span>
    </p>
   </div>
   <div class='ocr_carea' id='block_1_28' title="bbox 1047 723 1461 759">
    <p class='ocr_par' dir='ltr' id='par_1_28' title="bbox 1047 723 1461 759">
     <span class='ocr_line' id='line_1_28' title="bbox 1047 723 1461 759; baseline 0.002 -9"><span class='ocrx_word' id='word_1_174' title='bbox 1047 723 1121 751; x_wconf 85' lang='lat' dir='ltr'><strong>Idem</strong></span> <span class='ocrx_word' id='word_1_175' title='bbox 1137 724 1165 750; x_wconf 81' lang='lat' dir='ltr'><strong>in</strong></span> <span class='ocrx_word' id='word_1_176' title='bbox 1184 723 1285 751; x_wconf 81' lang='lat' dir='ltr'><strong>Isaiam</strong></span> <span class='ocrx_word' id='word_1_177' title='bbox 1298 726 1461 759; x_wconf 81' lang='lat' dir='ltr'><strong>prop/telam.</strong></span> 
     </span>
    </p>
   </div>
   <div class='ocr_carea' id='block_1_29' title="bbox 888 769 1640 808">
    <p class='ocr_par' dir='ltr' id='par_1_29' title="bbox 888 769 1640 808">
     <span class='ocr_line' id='line_1_29' title="bbox 888 769 1640 808; baseline 0.004 -11"><span class='ocrx_word' id='word_1_178' title='bbox 888 770 1016 804; x_wconf 72' lang='lat' dir='ltr'><strong>Legimus</strong></span> <span class='ocrx_word' id='word_1_179' title='bbox 1037 769 1158 805; x_wconf 84' lang='lat' dir='ltr'><strong>ejusdem</strong></span> <span class='ocrx_word' id='word_1_180' title='bbox 1190 771 1354 805; x_wconf 86' lang='lat' dir='ltr'><strong>perstudiosi</strong></span> <span class='ocrx_word' id='word_1_181' title='bbox 1382 772 1498 799; x_wconf 86' lang='lat' dir='ltr'><strong>hominis</strong></span> <span class='ocrx_word' id='word_1_182' title='bbox 1522 772 1580 808; x_wconf 85' lang='lat'><strong>(96)</strong></span> <span class='ocrx_word' id='word_1_183' title='bbox 1607 772 1640 800; x_wconf 86' lang='lat' dir='ltr'><strong>In</strong></span> 
     </span>
    </p>
   </div>
   <div class='ocr_carea' id='block_1_30' title="bbox 852 815 1640 853">
    <p class='ocr_par' dir='ltr' id='par_1_30' title="bbox 852 815 1640 853">
     <span class='ocr_line' id='line_1_30' title="bbox 852 815 1640 853; baseline 0.005 -11"><span class='ocrx_word' id='word_1_184' title='bbox 852 815 1116 851; x_wconf 69' lang='lat' dir='ltr'><strong>Isaiamproplietam</strong></span> <span class='ocrx_word' id='word_1_185' title='bbox 1128 825 1195 851; x_wconf 79' lang='lat' dir='ltr'><strong>opus</strong></span> <span class='ocrx_word' id='word_1_186' title='bbox 1206 826 1212 844; x_wconf 87' lang='lat'>:</span> <span class='ocrx_word' id='word_1_187' title='bbox 1223 818 1293 852; x_wconf 90' lang='lat' dir='ltr'><strong>quod</strong></span> <span class='ocrx_word' id='word_1_188' title='bbox 1309 817 1426 844; x_wconf 88' lang='lat' dir='ltr'><strong>similem</strong></span> <span class='ocrx_word' id='word_1_189' title='bbox 1444 819 1640 853; x_wconf 86' lang='lat' dir='ltr'><strong>suprascriptis</strong></span> 
     </span>
    </p>
   </div>
   <div class='ocr_carea' id='block_1_31' title="bbox 61 861 804 909">
    <p class='ocr_par' dir='ltr' id='par_1_31' title="bbox 61 861 802 898">
     <span class='ocr_line' id='line_1_31' title="bbox 61 861 802 898; baseline 0.001 -11"><span class='ocrx_word' id='word_1_190' title='bbox 61 870 95 892; x_wconf 72' lang='grc' dir='ltr'><strong>κκς</strong></span> <span class='ocrx_word' id='word_1_191' title='bbox 106 861 205 888; x_wconf 76' lang='grc' dir='ltr'>διάθεσιν</span> <span class='ocrx_word' id='word_1_192' title='bbox 222 862 438 897; x_wconf 81' lang='grc' dir='ltr'><strong>φυλαττόμενον,</strong></span> <span class='ocrx_word' id='word_1_193' title='bbox 461 864 508 889; x_wconf 75' lang='grc' dir='ltr'>καὶ</span> <span class='ocrx_word' id='word_1_194' title='bbox 524 863 573 898; x_wconf 82' lang='grc' dir='ltr'>τὴν</span> <span class='ocrx_word' id='word_1_195' title='bbox 592 863 676 898; x_wconf 85' lang='grc' dir='ltr'>αὐτὴν</span> <span class='ocrx_word' id='word_1_196' title='bbox 689 863 743 889; x_wconf 85' lang='grc' dir='ltr'>τῶν</span> <span class='ocrx_word' id='word_1_197' title='bbox 760 862 802 888; x_wconf 84' lang='grc' dir='ltr'>λό-</span> 
     </span>
    </p>
   </div>
   <div class='ocr_carea' id='block_1_32' title="bbox 858 861 1640 909">
    <p class='ocr_par' dir='ltr' id='par_1_32' title="bbox 858 864 1640 899">
     <span class='ocr_line' id='line_1_32' title="bbox 858 864 1640 899; baseline 0.005 -11"><span class='ocrx_word' id='word_1_198' title='bbox 858 867 945 889; x_wconf 81' lang='lat' dir='ltr'><strong>servat</strong></span> <span class='ocrx_word' id='word_1_199' title='bbox 958 864 1159 891; x_wconf 83' lang='lat' dir='ltr'><strong>commentandi</strong></span> <span class='ocrx_word' id='word_1_200' title='bbox 1173 864 1318 895; x_wconf 82' lang='lat' dir='ltr'><strong>rationem.</strong></span> <span class='ocrx_word' id='word_1_201' title='bbox 1339 865 1518 899; x_wconf 82' lang='lat' dir='ltr'><strong>eamdemque</strong></span> <span class='ocrx_word' id='word_1_202' title='bbox 1534 865 1640 892; x_wconf 86' lang='lat' dir='ltr'><strong>dicendi</strong></span> 
     </span>
    </p>
   </div>
   <div class='ocr_carea' id='block_1_33' title="bbox 61 907 804 946">
    <p class='ocr_par' dir='ltr' id='par_1_33' title="bbox 61 907 800 944">
     <span class='ocr_line' id='line_1_33' title="bbox 61 907 800 944; baseline 0.004 -12"><span class='ocrx_word' id='word_1_203' title='bbox 61 915 96 940; x_wconf 74' lang='grc' dir='ltr'><strong>γων</strong></span> <span class='ocrx_word' id='word_1_204' title='bbox 108 907 307 942; x_wconf 75' lang='grc' dir='ltr'>ἐπιδεικνύμενον</span> <span class='ocrx_word' id='word_1_205' title='bbox 327 907 440 943; x_wconf 73' lang='grc' dir='ltr'>δύναμιν</span> <span class='ocrx_word' id='word_1_206' title='bbox 453 927 461 940; x_wconf 85' lang='grc'><em>,</em></span> <span class='ocrx_word' id='word_1_207' title='bbox 485 908 534 934; x_wconf 78' lang='grc' dir='ltr'>καὶ</span> <span class='ocrx_word' id='word_1_208' title='bbox 557 907 636 944; x_wconf 86' lang='grc' dir='ltr'>δῆλον</span> <span class='ocrx_word' id='word_1_209' title='bbox 650 908 691 935; x_wconf 84' lang='grc' dir='ltr'>ὃτι</span> <span class='ocrx_word' id='word_1_210' title='bbox 705 908 753 934; x_wconf 84' lang='grc' dir='ltr'>καὶ</span> <span class='ocrx_word' id='word_1_211' title='bbox 770 908 800 935; x_wconf 78' lang='grc' dir='ltr'>τὸ</span> 
     </span>
    </p>
   </div>
   <div class='ocr_carea' id='block_1_34' title="bbox 858 907 1639 946">
    <p class='ocr_par' dir='ltr' id='par_1_34' title="bbox 858 908 1639 946">
     <span class='ocr_line' id='line_1_34' title="bbox 858 908 1639 946; baseline 0.006 -12"><span class='ocrx_word' id='word_1_212' title='bbox 858 908 905 935; x_wconf 82' lang='lat' dir='ltr'><strong>vim</strong></span> <span class='ocrx_word' id='word_1_213' title='bbox 915 909 1034 943; x_wconf 74' lang='lat' dir='ltr'><strong>pra-fert,</strong></span> <span class='ocrx_word' id='word_1_214' title='bbox 1046 909 1105 944; x_wconf 88' lang='lat' dir='ltr'><strong>pari</strong></span> <span class='ocrx_word' id='word_1_215' title='bbox 1118 917 1179 937; x_wconf 86' lang='lat' dir='ltr'><strong>cum</strong></span> <span class='ocrx_word' id='word_1_216' title='bbox 1193 909 1305 938; x_wconf 81' lang='lat' dir='ltr'><strong>lectoris</strong></span> <span class='ocrx_word' id='word_1_217' title='bbox 1320 910 1362 946; x_wconf 83' lang='lat' dir='ltr'><strong>(ut</strong></span> <span class='ocrx_word' id='word_1_218' title='bbox 1376 912 1495 946; x_wconf 85' lang='lat' dir='ltr'><strong>constat)</strong></span> <span class='ocrx_word' id='word_1_219' title='bbox 1510 912 1639 939; x_wconf 83' lang='lat' dir='ltr'><strong>utilitate.</strong></span> 
     </span>
    </p>
   </div>
   <div class='ocr_carea' id='block_1_35' title="bbox 60 951 405 990">
    <p class='ocr_par' dir='ltr' id='par_1_35' title="bbox 60 951 405 990">
     <span class='ocr_line' id='line_1_35' title="bbox 60 951 405 990; baseline 0.009 -13"><span class='ocrx_word' id='word_1_220' title='bbox 60 951 174 978; x_wconf 75' lang='grc' dir='ltr'>λυσιτελοῦν</span> <span class='ocrx_word' id='word_1_221' title='bbox 186 953 374 990; x_wconf 80' lang='grc' dir='ltr'>παραπλήσιον</span> <span class='ocrx_word' id='word_1_222' title='bbox 383 956 405 981; x_wconf 85' lang='grc'><em>⁸.</em></span> 
     </span>
    </p>
   </div>
   <div class='ocr_carea' id='block_1_36' title="bbox 364 999 426 1026">
    <p class='ocr_par' dir='ltr' id='par_1_36' title="bbox 364 999 426 1026">
     <span class='ocr_line' id='line_1_36' title="bbox 364 999 426 1026; baseline 0.016 -1"><span class='ocrx_word' id='word_1_223' title='bbox 364 999 426 1026; x_wconf 84' lang='grc' dir='ltr'><strong>ΣΗ’.</strong></span> 
     </span>
    </p>
   </div>
   <div class='ocr_carea' id='block_1_37' title="bbox 59 1056 803 1091">
    <p class='ocr_par' dir='ltr' id='par_1_37' title="bbox 59 1056 803 1091">
     <span class='ocr_line' id='line_1_37' title="bbox 59 1056 803 1091; baseline 0.003 -9"><span class='ocrx_word' id='word_1_224' title='bbox 59 1056 167 1089; x_wconf 74' lang='grc' dir='ltr'>Εὐλοτίου</span> <span class='ocrx_word' id='word_1_225' title='bbox 193 1057 430 1091; x_wconf 78' lang='grc' dir='ltr'>ἁρχιεπισκόπου</span> <span class='ocrx_word' id='word_1_226' title='bbox 471 1056 699 1091; x_wconf 79' lang='grc' dir='ltr'><strong>Ἀλεξανδρείας</strong></span> <span class='ocrx_word' id='word_1_227' title='bbox 728 1057 803 1084; x_wconf 80' lang='grc' dir='ltr'>κατὰ</span> 
     </span>
    </p>
   </div>
   <div class='ocr_carea' id='block_1_38' title="bbox 238 1091 578 1126">
    <p class='ocr_par' dir='ltr' id='par_1_38' title="bbox 238 1091 578 1126">
     <span class='ocr_line' id='line_1_38' title="bbox 238 1091 578 1126; baseline 0 -8"><span class='ocrx_word' id='word_1_228' title='bbox 238 1091 436 1118; x_wconf 78' lang='grc' dir='ltr'>Ναυατιανῶν</span> <span class='ocrx_word' id='word_1_229' title='bbox 449 1092 534 1126; x_wconf 79' lang='grc' dir='ltr'>λόγοι</span> <span class='ocrx_word' id='word_1_230' title='bbox 546 1095 578 1118; x_wconf 84' lang='grc' dir='ltr'><strong>ε’.</strong></span> 
     </span>
    </p>
   </div>
   <div class='ocr_carea' id='block_1_39' title="bbox 84 1137 802 1173">
    <p class='ocr_par' dir='ltr' id='par_1_39' title="bbox 84 1137 802 1173">
     <span class='ocr_line' id='line_1_39' title="bbox 84 1137 802 1173; baseline 0.004 -11"><span class='ocrx_word' id='word_1_231' title='bbox 84 1137 226 1173; x_wconf 83' lang='grc' dir='ltr'>Ἀνεγνώσθη</span> <span class='ocrx_word' id='word_1_232' title='bbox 240 1138 287 1164; x_wconf 84' lang='grc' dir='ltr'>τοῦ</span> <span class='ocrx_word' id='word_1_233' title='bbox 301 1139 331 1164; x_wconf 76' lang='grc' dir='ltr'>ὲν</span> <span class='ocrx_word' id='word_1_234' title='bbox 343 1137 428 1172; x_wconf 83' lang='grc' dir='ltr'>ἁγίοις</span> <span class='ocrx_word' id='word_1_235' title='bbox 441 1137 571 1172; x_wconf 84' lang='grc' dir='ltr'>Εὑλογίου</span> <span class='ocrx_word' id='word_1_236' title='bbox 587 1138 802 1173; x_wconf 79' lang='grc' dir='ltr'>ἀρχιεπισκόπου</span> 
     </span>
    </p>
   </div>
   <div class='ocr_carea' id='block_1_40' title="bbox 63 1182 802 1218">
    <p class='ocr_par' dir='ltr' id='par_1_40' title="bbox 63 1182 802 1218">
     <span class='ocr_line' id='line_1_40' title="bbox 63 1182 802 1218; baseline 0.003 -10"><span class='ocrx_word' id='word_1_237' title='bbox 63 1182 222 1218; x_wconf 73' lang='grc' dir='ltr'><strong>Ἀλεξανδρείας</strong></span> <span class='ocrx_word' id='word_1_238' title='bbox 249 1184 335 1211; x_wconf 80' lang='grc' dir='ltr'>Κατὰ</span> <span class='ocrx_word' id='word_1_239' title='bbox 367 1183 581 1216; x_wconf 76' lang='grc' dir='ltr'>Ναυατιανῶν,</span> <span class='ocrx_word' id='word_1_240' title='bbox 607 1185 636 1210; x_wconf 80' lang='grc' dir='ltr'>ἐν</span> <span class='ocrx_word' id='word_1_241' title='bbox 661 1183 750 1218; x_wconf 84' lang='grc' dir='ltr'>λόγοις</span> <span class='ocrx_word' id='word_1_242' title='bbox 771 1183 802 1211; x_wconf 91' lang='grc' dir='ltr'><strong>ε’.</strong></span> 
     </span>
    </p>
   </div>
   <div class='ocr_carea' id='block_1_41' title="bbox 60 1229 803 1266">
    <p class='ocr_par' dir='ltr' id='par_1_41' title="bbox 60 1229 803 1266">
     <span class='ocr_line' id='line_1_41' title="bbox 60 1229 803 1266; baseline 0.003 -12"><span class='ocrx_word' id='word_1_243' title='bbox 60 1229 122 1264; x_wconf 71' lang='grc' dir='ltr'>Τούτῳ</span> <span class='ocrx_word' id='word_1_244' title='bbox 132 1230 165 1265; x_wconf 82' lang='grc' dir='ltr'>τῷ</span> <span class='ocrx_word' id='word_1_245' title='bbox 178 1230 250 1266; x_wconf 80' lang='grc' dir='ltr'>ἀνδρὶ</span> <span class='ocrx_word' id='word_1_246' title='bbox 272 1230 361 1264; x_wconf 76' lang='grc' dir='ltr'>ὄνομα</span> <span class='ocrx_word' id='word_1_247' title='bbox 383 1230 432 1265; x_wconf 73' lang='grc' dir='ltr'>μὲν</span> <span class='ocrx_word' id='word_1_248' title='bbox 448 1229 513 1266; x_wconf 73' lang='grc'><strong>[529</strong></span> <span class='ocrx_word' id='word_1_249' title='bbox 536 1229 583 1266; x_wconf 66' lang='grc'><strong>8.]</strong></span> <span class='ocrx_word' id='word_1_250' title='bbox 600 1230 689 1257; x_wconf 84' lang='grc' dir='ltr'>λιπεῖν</span> <span class='ocrx_word' id='word_1_251' title='bbox 704 1231 750 1257; x_wconf 77' lang='grc' dir='ltr'><strong>ἐπὶ</strong></span> <span class='ocrx_word' id='word_1_252' title='bbox 761 1230 803 1256; x_wconf 86' lang='grc' dir='ltr'>δε-</span> 
     </span>
    </p>
   </div>
   <div class='ocr_carea' id='block_1_42' title="bbox 59 1273 804 1312">
    <p class='ocr_par' dir='ltr' id='par_1_42' title="bbox 59 1273 804 1312">
     <span class='ocr_line' id='line_1_42' title="bbox 59 1273 804 1312; baseline 0.004 -12"><span class='ocrx_word' id='word_1_253' title='bbox 59 1273 127 1309; x_wconf 71' lang='grc' dir='ltr'>ξιότητι</span> <span class='ocrx_word' id='word_1_254' title='bbox 140 1276 217 1309; x_wconf 79' lang='grc' dir='ltr'>λόγων</span> <span class='ocrx_word' id='word_1_255' title='bbox 226 1276 280 1302; x_wconf 79' lang='grc' dir='ltr'>οὐδ’</span> <span class='ocrx_word' id='word_1_256' title='bbox 294 1276 386 1302; x_wconf 83' lang='grc' dir='ltr'>ὁτιοῦν</span> <span class='ocrx_word' id='word_1_257' title='bbox 400 1276 602 1312; x_wconf 80' lang='grc' dir='ltr'>προσεμέλησε,</span> <span class='ocrx_word' id='word_1_258' title='bbox 620 1277 654 1303; x_wconf 82' lang='grc' dir='ltr'><strong>τὰ</strong></span> <span class='ocrx_word' id='word_1_259' title='bbox 668 1276 697 1303; x_wconf 87' lang='grc' dir='ltr'><strong>δὲ</strong></span> <span class='ocrx_word' id='word_1_260' title='bbox 711 1277 804 1303; x_wconf 83' lang='grc' dir='ltr'>Ναυά-</span> 
     </span>
    </p>
   </div>
   <div class='ocr_carea' id='block_1_43' title="bbox 58 1321 804 1358">
    <p class='ocr_par' dir='ltr' id='par_1_43' title="bbox 58 1321 804 1358">
     <span class='ocr_line' id='line_1_43' title="bbox 58 1321 804 1358; baseline 0.008 -15"><span class='ocrx_word' id='word_1_261' title='bbox 58 1322 264 1357; x_wconf 63' lang='grc' dir='ltr'>ιοδσοψισματώδη</span> <span class='ocrx_word' id='word_1_262' title='bbox 294 1321 479 1356; x_wconf 81' lang='grc' dir='ltr'>προόλήματά</span> <span class='ocrx_word' id='word_1_263' title='bbox 505 1331 536 1348; x_wconf 85' lang='grc' dir='ltr'><strong>τε</strong></span> <span class='ocrx_word' id='word_1_264' title='bbox 562 1322 610 1349; x_wconf 78' lang='grc' dir='ltr'><strong>καὶ</strong></span> <span class='ocrx_word' id='word_1_265' title='bbox 633 1321 804 1358; x_wconf 82' lang='grc' dir='ltr'><strong>δελεάσματα</strong></span> 
     </span>
    </p>
   </div>
   <div class='ocr_carea' id='block_1_44' title="bbox 58 1363 804 1403">
    <p class='ocr_par' dir='ltr' id='par_1_44' title="bbox 58 1363 804 1403">
     <span class='ocr_line' id='line_1_44' title="bbox 58 1363 804 1403; baseline 0.007 -13"><span class='ocrx_word' id='word_1_266' title='bbox 58 1363 154 1399; x_wconf 72' lang='grc' dir='ltr'>διελέγξαι</span> <span class='ocrx_word' id='word_1_267' title='bbox 172 1368 216 1393; x_wconf 79' lang='grc' dir='ltr'>καὶ</span> <span class='ocrx_word' id='word_1_268' title='bbox 235 1368 365 1402; x_wconf 80' lang='grc' dir='ltr'>αἰσχῦναι</span> <span class='ocrx_word' id='word_1_269' title='bbox 393 1367 469 1394; x_wconf 74' lang='grc' dir='ltr'>οὐδὲν</span> <span class='ocrx_word' id='word_1_270' title='bbox 495 1367 524 1394; x_wconf 74' lang='grc' dir='ltr'><strong>τὸ</strong></span> <span class='ocrx_word' id='word_1_271' title='bbox 547 1368 740 1403; x_wconf 81' lang='grc' dir='ltr'><strong>ἀπαράσκευον</strong></span> <span class='ocrx_word' id='word_1_272' title='bbox 755 1369 804 1401; x_wconf 85' lang='grc' dir='ltr'>τῆς</span> 
     </span>
    </p>
   </div>
   <div class='ocr_carea' id='block_1_45' title="bbox 59 1410 804 1449">
    <p class='ocr_par' dir='ltr' id='par_1_45' title="bbox 59 1410 804 1449">
     <span class='ocr_line' id='line_1_45' title="bbox 59 1410 804 1449; baseline 0.007 -14"><span class='ocrx_word' id='word_1_273' title='bbox 59 1410 106 1436; x_wconf 58' lang='grc' dir='ltr'>κατὰ</span> <span class='ocrx_word' id='word_1_274' title='bbox 126 1412 179 1444; x_wconf 71' lang='grc' dir='ltr'>τοὺς</span> <span class='ocrx_word' id='word_1_275' title='bbox 194 1412 287 1447; x_wconf 82' lang='grc' dir='ltr'>λόγους</span> <span class='ocrx_word' id='word_1_276' title='bbox 305 1413 423 1448; x_wconf 82' lang='grc' dir='ltr'>μελέτης</span> <span class='ocrx_word' id='word_1_277' title='bbox 437 1412 563 1448; x_wconf 76' lang='grc' dir='ltr'>ἐμποδὼν</span> <span class='ocrx_word' id='word_1_278' title='bbox 578 1414 658 1449; x_wconf 72' lang='grc' dir='ltr'>ἐστη-</span> <span class='ocrx_word' id='word_1_279' title='bbox 678 1415 736 1446; x_wconf 84' lang='grc' dir='ltr'>τοῖς</span> <span class='ocrx_word' id='word_1_280' title='bbox 750 1414 804 1448; x_wconf 83' lang='grc' dir='ltr'><strong>γὰρ</strong></span> 
     </span>
    </p>
   </div>
   <div class='ocr_carea' id='block_1_46' title="bbox 60 1456 805 1495">
    <p class='ocr_par' dir='ltr' id='par_1_46' title="bbox 60 1456 805 1495">
     <span class='ocr_line' id='line_1_46' title="bbox 60 1456 805 1495; baseline 0.005 -12"><span class='ocrx_word' id='word_1_281' title='bbox 60 1456 170 1490; x_wconf 64' lang='grc' dir='ltr'>Γριςιικοῖς</span> <span class='ocrx_word' id='word_1_282' title='bbox 196 1459 321 1485; x_wconf 83' lang='grc' dir='ltr'>πλουτῶν</span> <span class='ocrx_word' id='word_1_283' title='bbox 345 1460 461 1494; x_wconf 86' lang='grc' dir='ltr'>νοήμασί</span> <span class='ocrx_word' id='word_1_284' title='bbox 483 1468 514 1485; x_wconf 81' lang='grc' dir='ltr'><strong>τε</strong></span> <span class='ocrx_word' id='word_1_285' title='bbox 532 1460 578 1486; x_wconf 73' lang='grc' dir='ltr'>καὶ</span> <span class='ocrx_word' id='word_1_286' title='bbox 593 1459 731 1495; x_wconf 82' lang='grc' dir='ltr'>θεωρίαις,</span> <span class='ocrx_word' id='word_1_287' title='bbox 754 1461 805 1487; x_wconf 82' lang='grc' dir='ltr'>ὅσα</span> 
     </span>
    </p>
   </div>
   <div class='ocr_carea' id='block_1_47' title="bbox 58 1501 804 1541">
    <p class='ocr_par' dir='ltr' id='par_1_47' title="bbox 58 1501 804 1541">
     <span class='ocr_line' id='line_1_47' title="bbox 58 1501 804 1541; baseline 0.004 -13"><span class='ocrx_word' id='word_1_288' title='bbox 58 1501 130 1534; x_wconf 70' lang='grc' dir='ltr'>ἐκεῖνος</span> <span class='ocrx_word' id='word_1_289' title='bbox 144 1505 363 1540; x_wconf 80' lang='grc' dir='ltr'>ἁποσπαράσσων</span> <span class='ocrx_word' id='word_1_290' title='bbox 374 1505 425 1539; x_wconf 82' lang='grc' dir='ltr'>τῆς</span> <span class='ocrx_word' id='word_1_291' title='bbox 435 1505 503 1536; x_wconf 79' lang='grc' dir='ltr'>ιδίας</span> <span class='ocrx_word' id='word_1_292' title='bbox 514 1505 645 1541; x_wconf 81' lang='grc' dir='ltr'>αἱρέσεως</span> <span class='ocrx_word' id='word_1_293' title='bbox 659 1505 804 1541; x_wconf 76' lang='grc' dir='ltr'>πρόϐλημα</span> 
     </span>
    </p>
   </div>
   <div class='ocr_carea' id='block_1_48' title="bbox 1133 999 1363 1034">
    <p class='ocr_par' dir='ltr' id='par_1_48' title="bbox 1133 999 1363 1034">
     <span class='ocr_line' id='line_1_48' title="bbox 1133 999 1363 1034; baseline -0.004 -8"><span class='ocrx_word' id='word_1_294' title='bbox 1133 999 1228 1034; x_wconf 69' lang='grc' dir='ltr'><strong>ιθδα</strong></span> <span class='ocrx_word' id='word_1_295' title='bbox 1252 999 1363 1027; x_wconf 84' lang='lat' dir='ltr'><strong>CCVIII.</strong></span> 
     </span>
    </p>
   </div>
   <div class='ocr_carea' id='block_1_49' title="bbox 854 1054 1642 1117">
    <p class='ocr_par' dir='ltr' id='par_1_49' title="bbox 854 1054 1642 1117">
     <span class='ocr_line' id='line_1_49' title="bbox 854 1054 1642 1117; baseline 0.003 -35"><span class='ocrx_word' id='word_1_296' title='bbox 854 1054 960 1090; x_wconf 80' lang='lat' dir='ltr'><strong>Eulogii</strong></span> <span class='ocrx_word' id='word_1_297' title='bbox 979 1055 1154 1081; x_wconf 69' lang='lat' dir='ltr'><strong>Alexandrini</strong></span> <span class='ocrx_word' id='word_1_298' title='bbox 1181 1056 1336 1117; x_wconf 59' lang='grc' dir='ltr'>αιηῗιξερὶδε.</span> <span class='ocrx_word' id='word_1_299' title='bbox 1353 1055 1452 1084; x_wconf 86' lang='lat' dir='ltr'><strong>Contra</strong></span> <span class='ocrx_word' id='word_1_300' title='bbox 1476 1056 1642 1084; x_wconf 74' lang='lat' dir='ltr'><strong>Navatianos</strong></span> 
     </span>
     <span class='ocr_line' id='line_1_50' title="bbox 1207 1099 1296 1117; baseline 0 0"><span class='ocrx_word' id='word_1_301' title='bbox 1207 1099 1214 1117; x_wconf 92' lang='grc' dir='ltr'><strong>ι</strong></span> <span class='ocrx_word' id='word_1_302' title='bbox 1234 1099 1255 1117; x_wconf 85' lang='lat' dir='ltr'><em>n</em></span> <span class='ocrx_word' id='word_1_303' title='bbox 1271 1099 1296 1117; x_wconf 89' lang='grc' dir='ltr'>ν.</span> 
     </span>
    </p>
   </div>
   <div class='ocr_carea' id='block_1_50' title="bbox 1207 1099 1296 1118">
    <p class='ocr_par' dir='ltr' id='par_1_50' title="bbox 1207 1099 1296 1118">
     <span class='ocr_line' id='line_1_51' title="bbox 1207 1099 1296 1118; baseline 0.022 -2"><span class='ocrx_word' id='word_1_304' title='bbox 1207 1099 1255 1117; x_wconf 73' lang='grc' dir='ltr'>ιυνι</span> <span class='ocrx_word' id='word_1_305' title='bbox 1271 1099 1296 1118; x_wconf 88' lang='grc' dir='ltr'>ν.</span> 
     </span>
    </p>
   </div>
   <div class='ocr_carea' id='block_1_51' title="bbox 890 1136 1643 1172">
    <p class='ocr_par' dir='ltr' id='par_1_51' title="bbox 890 1136 1643 1172">
     <span class='ocr_line' id='line_1_52' title="bbox 890 1136 1643 1172; baseline 0.003 -9"><span class='ocrx_word' id='word_1_306' title='bbox 890 1136 954 1172; x_wconf 70' lang='lat' dir='ltr'><strong>Legi</strong></span> <span class='ocrx_word' id='word_1_307' title='bbox 966 1136 997 1163; x_wconf 92' lang='lat' dir='ltr'><strong>B.</strong></span> <span class='ocrx_word' id='word_1_308' title='bbox 1011 1136 1117 1171; x_wconf 78' lang='lat' dir='ltr'><strong>Eulogii</strong></span> <span class='ocrx_word' id='word_1_309' title='bbox 1138 1137 1335 1172; x_wconf 76' lang='lat' dir='ltr'><strong>archiepiscopi</strong></span> <span class='ocrx_word' id='word_1_310' title='bbox 1353 1137 1528 1165; x_wconf 83' lang='lat' dir='ltr'><strong>Alexandrini</strong></span> <span class='ocrx_word' id='word_1_311' title='bbox 1543 1138 1643 1165; x_wconf 81' lang='lat' dir='ltr'><strong>Aduer-</strong></span> 
     </span>
    </p>
   </div>
   <div class='ocr_carea' id='block_1_52' title="bbox 853 1181 1643 1219">
    <p class='ocr_par' dir='ltr' id='par_1_52' title="bbox 853 1181 1643 1219">
     <span class='ocr_line' id='line_1_53' title="bbox 853 1181 1643 1219; baseline 0.003 -10"><span class='ocrx_word' id='word_1_312' title='bbox 853 1191 898 1210; x_wconf 66' lang='lat' dir='ltr'><strong>sus</strong></span> <span class='ocrx_word' id='word_1_313' title='bbox 910 1181 1075 1210; x_wconf 72' lang='lat' dir='ltr'><strong>Navatt’anor</strong></span> <span class='ocrx_word' id='word_1_314' title='bbox 1086 1182 1233 1218; x_wconf 76' lang='lat' dir='ltr'><strong>(97)]ibros</strong></span> <span class='ocrx_word' id='word_1_315' title='bbox 1244 1183 1374 1218; x_wconf 87' lang='lat' dir='ltr'><strong>quinque.</strong></span> <span class='ocrx_word' id='word_1_316' title='bbox 1389 1183 1439 1216; x_wconf 87' lang='lat' dir='ltr'><strong>Qui</strong></span> <span class='ocrx_word' id='word_1_317' title='bbox 1458 1183 1508 1211; x_wconf 87' lang='lat' dir='ltr'><strong>etsi</strong></span> <span class='ocrx_word' id='word_1_318' title='bbox 1524 1184 1643 1219; x_wconf 84' lang='lat' dir='ltr'><strong>scriptor</strong></span> 
     </span>
    </p>
   </div>
   <div class='ocr_carea' id='block_1_53' title="bbox 853 1229 1644 1264">
    <p class='ocr_par' dir='ltr' id='par_1_53' title="bbox 853 1229 1644 1264">
     <span class='ocr_line' id='line_1_54' title="bbox 853 1229 1644 1264; baseline 0.005 -9"><span class='ocrx_word' id='word_1_319' title='bbox 853 1229 962 1256; x_wconf 89' lang='lat' dir='ltr'><strong>dicendi</strong></span> <span class='ocrx_word' id='word_1_320' title='bbox 981 1229 1115 1262; x_wconf 81' lang='lat' dir='ltr'><strong>elegantia</strong></span> <span class='ocrx_word' id='word_1_321' title='bbox 1134 1237 1231 1257; x_wconf 89' lang='lat' dir='ltr'><strong>nomen</strong></span> <span class='ocrx_word' id='word_1_322' title='bbox 1252 1229 1304 1257; x_wconf 86' lang='lat' dir='ltr'><strong>sibi</strong></span> <span class='ocrx_word' id='word_1_323' title='bbox 1324 1237 1446 1264; x_wconf 69' lang='lat' dir='ltr'><strong>quazrere</strong></span> <span class='ocrx_word' id='word_1_324' title='bbox 1467 1229 1541 1257; x_wconf 91' lang='lat' dir='ltr'><strong>nullo</strong></span> <span class='ocrx_word' id='word_1_325' title='bbox 1563 1231 1644 1259; x_wconf 88' lang='lat' dir='ltr'><strong>modo</strong></span> 
     </span>
    </p>
   </div>
   <div class='ocr_carea' id='block_1_54' title="bbox 854 1275 1643 1311">
    <p class='ocr_par' dir='ltr' id='par_1_54' title="bbox 854 1275 1643 1311">
     <span class='ocr_line' id='line_1_55' title="bbox 854 1275 1643 1311; baseline 0.001 -9"><span class='ocrx_word' id='word_1_326' title='bbox 854 1275 969 1308; x_wconf 86' lang='lat' dir='ltr'><strong>curarit,</strong></span> <span class='ocrx_word' id='word_1_327' title='bbox 986 1275 1053 1302; x_wconf 91' lang='lat' dir='ltr'><strong>nihil</strong></span> <span class='ocrx_word' id='word_1_328' title='bbox 1066 1280 1166 1308; x_wconf 87' lang='lat' dir='ltr'><strong>tamen,</strong></span> <span class='ocrx_word' id='word_1_329' title='bbox 1179 1283 1233 1310; x_wconf 88' lang='lat' dir='ltr'><strong>quo</strong></span> <span class='ocrx_word' id='word_1_330' title='bbox 1243 1276 1332 1303; x_wconf 85' lang='lat' dir='ltr'><strong>minus</strong></span> <span class='ocrx_word' id='word_1_331' title='bbox 1343 1275 1437 1303; x_wconf 88' lang='lat' dir='ltr'><strong>Navati</strong></span> <span class='ocrx_word' id='word_1_332' title='bbox 1447 1276 1643 1311; x_wconf 84' lang='lat' dir='ltr'><strong>sophismatum</strong></span> 
     </span>
    </p>
   </div>
   <div class='ocr_carea' id='block_1_55' title="bbox 854 1321 1645 1356">
    <p class='ocr_par' dir='ltr' id='par_1_55' title="bbox 854 1321 1645 1356">
     <span class='ocr_line' id='line_1_56' title="bbox 854 1321 1645 1356; baseline 0.001 -8"><span class='ocrx_word' id='word_1_333' title='bbox 854 1321 941 1356; x_wconf 72' lang='lat' dir='ltr'><strong>plente</strong></span> <span class='ocrx_word' id='word_1_334' title='bbox 971 1322 1136 1349; x_wconf 86' lang='lat' dir='ltr'><strong>assertiones</strong></span> <span class='ocrx_word' id='word_1_335' title='bbox 1160 1322 1353 1356; x_wconf 81' lang='lat' dir='ltr'><strong>captionesque</strong></span> <span class='ocrx_word' id='word_1_336' title='bbox 1372 1321 1539 1355; x_wconf 79' lang='lat' dir='ltr'><strong>refellantur,</strong></span> <span class='ocrx_word' id='word_1_337' title='bbox 1563 1327 1645 1356; x_wconf 84' lang='lat' dir='ltr'><strong>atque</strong></span> 
     </span>
    </p>
   </div>
   <div class='ocr_carea' id='block_1_56' title="bbox 854 1368 1645 1403">
    <p class='ocr_par' dir='ltr' id='par_1_56' title="bbox 854 1368 1645 1403">
     <span class='ocr_line' id='line_1_57' title="bbox 854 1368 1645 1403; baseline 0.001 -8"><span class='ocrx_word' id='word_1_338' title='bbox 854 1368 1002 1402; x_wconf 76' lang='lat' dir='ltr'><strong>ignominia</strong></span> <span class='ocrx_word' id='word_1_339' title='bbox 1020 1372 1157 1401; x_wconf 80' lang='lat' dir='ltr'><strong>notentur,</strong></span> <span class='ocrx_word' id='word_1_340' title='bbox 1171 1369 1304 1396; x_wconf 86' lang='lat' dir='ltr'><strong>sermonis</strong></span> <span class='ocrx_word' id='word_1_341' title='bbox 1321 1369 1438 1403; x_wconf 73' lang='lat' dir='ltr'><strong>neglecti</strong></span> <span class='ocrx_word' id='word_1_342' title='bbox 1465 1369 1567 1396; x_wconf 89' lang='lat' dir='ltr'><strong>incuria</strong></span> <span class='ocrx_word' id='word_1_343' title='bbox 1591 1370 1645 1396; x_wconf 88' lang='lat' dir='ltr'><strong>im-</strong></span> 
     </span>
    </p>
   </div>
   <div class='ocr_carea' id='block_1_57' title="bbox 854 1412 1648 1449">
    <p class='ocr_par' dir='ltr' id='par_1_57' title="bbox 854 1412 1648 1449">
     <span class='ocr_line' id='line_1_58' title="bbox 854 1412 1648 1449; baseline 0 -9"><span class='ocrx_word' id='word_1_344' title='bbox 854 1414 1009 1448; x_wconf 86' lang='lat' dir='ltr'><strong>pedimento</strong></span> <span class='ocrx_word' id='word_1_345' title='bbox 1021 1414 1113 1441; x_wconf 79' lang='lat' dir='ltr'><strong>fuerit.</strong></span> <span class='ocrx_word' id='word_1_346' title='bbox 1130 1412 1298 1441; x_wconf 71' lang='lat' dir='ltr'><strong>Sacraaenitn</strong></span> <span class='ocrx_word' id='word_1_347' title='bbox 1310 1413 1459 1449; x_wconf 82' lang='lat' dir='ltr'><strong>Scripturae</strong></span> <span class='ocrx_word' id='word_1_348' title='bbox 1475 1420 1648 1441; x_wconf 81' lang='lat' dir='ltr'><strong>commenta-</strong></span> 
     </span>
    </p>
   </div>
   <div class='ocr_carea' id='block_1_58' title="bbox 856 1459 1644 1494">
    <p class='ocr_par' dir='ltr' id='par_1_58' title="bbox 856 1459 1644 1494">
     <span class='ocr_line' id='line_1_59' title="bbox 856 1459 1644 1494; baseline -0.001 -8"><span class='ocrx_word' id='word_1_349' title='bbox 856 1459 975 1486; x_wconf 90' lang='lat' dir='ltr'><strong>tionibus</strong></span> <span class='ocrx_word' id='word_1_350' title='bbox 999 1467 1031 1486; x_wconf 89' lang='lat' dir='ltr'><strong>ac</strong></span> <span class='ocrx_word' id='word_1_351' title='bbox 1053 1459 1325 1494; x_wconf 82' lang='lat' dir='ltr'><strong>contemplationibus</strong></span> <span class='ocrx_word' id='word_1_352' title='bbox 1351 1460 1459 1487; x_wconf 88' lang='lat' dir='ltr'><strong>abunde</strong></span> <span class='ocrx_word' id='word_1_353' title='bbox 1482 1460 1644 1490; x_wconf 80' lang='lat' dir='ltr'><strong>instructus,</strong></span> 
     </span>
    </p>
   </div>
   <div class='ocr_carea' id='block_1_59' title="bbox 855 1504 1645 1540">
    <p class='ocr_par' dir='ltr' id='par_1_59' title="bbox 855 1504 1645 1540">
     <span class='ocr_line' id='line_1_60' title="bbox 855 1504 1645 1540; baseline 0.001 -9"><span class='ocrx_word' id='word_1_354' title='bbox 855 1511 915 1538; x_wconf 72' lang='lat' dir='ltr'><strong>qua:</strong></span> <span class='ocrx_word' id='word_1_355' title='bbox 932 1504 995 1531; x_wconf 90' lang='lat' dir='ltr'><strong>hinc</strong></span> <span class='ocrx_word' id='word_1_356' title='bbox 1006 1505 1040 1531; x_wconf 91' lang='lat' dir='ltr'><strong>ad</strong></span> <span class='ocrx_word' id='word_1_357' title='bbox 1055 1513 1132 1532; x_wconf 85' lang='lat' dir='ltr'><strong>suam</strong></span> <span class='ocrx_word' id='word_1_358' title='bbox 1152 1505 1278 1532; x_wconf 83' lang='lat' dir='ltr'><strong>haeresim</strong></span> <span class='ocrx_word' id='word_1_359' title='bbox 1294 1505 1471 1532; x_wconf 81' lang='lat' dir='ltr'><strong>assercndam</strong></span> <span class='ocrx_word' id='word_1_360' title='bbox 1487 1510 1568 1540; x_wconf 88' lang='lat' dir='ltr'><strong>atque</strong></span> <span class='ocrx_word' id='word_1_361' title='bbox 1581 1513 1645 1540; x_wconf 88' lang='lat' dir='ltr'><strong>pro-</strong></span> 
     </span>
    </p>
   </div>
   <div class='ocr_carea' id='block_1_60' title="bbox 58 1549 804 1586">
    <p class='ocr_par' dir='ltr' id='par_1_60' title="bbox 58 1549 804 1586">
     <span class='ocr_line' id='line_1_61' title="bbox 58 1549 804 1586; baseline 0.008 -13"><span class='ocrx_word' id='word_1_362' title='bbox 58 1549 88 1573; x_wconf 70' lang='lat' dir='ltr'><strong>xu&quot;.</strong></span> <span class='ocrx_word' id='word_1_363' title='bbox 99 1551 241 1586; x_wconf 78' lang='grc' dir='ltr'>συνηγορίαν</span> <span class='ocrx_word' id='word_1_364' title='bbox 262 1552 393 1582; x_wconf 77' lang='grc' dir='ltr'>ἐποιεῖτο,</span> <span class='ocrx_word' id='word_1_365' title='bbox 412 1551 497 1578; x_wconf 85' lang='grc' dir='ltr'>ταῦτα</span> <span class='ocrx_word' id='word_1_366' title='bbox 517 1552 598 1584; x_wconf 84' lang='grc' dir='ltr'>αὐτὸς</span> <span class='ocrx_word' id='word_1_367' title='bbox 615 1552 804 1586; x_wconf 79' lang='grc' dir='ltr'><strong>ἀναπτύσσων,</strong></span> 
     </span>
    </p>
   </div>
   <div class='ocr_carea' id='block_1_61' title="bbox 858 1549 1645 1586">
    <p class='ocr_par' dir='ltr' id='par_1_61' title="bbox 859 1551 1645 1586">
     <span class='ocr_line' id='line_1_62' title="bbox 859 1551 1645 1586; baseline 0.001 -9"><span class='ocrx_word' id='word_1_368' title='bbox 859 1551 1030 1585; x_wconf 72' lang='lat' dir='ltr'><strong>pugnandam</strong></span> <span class='ocrx_word' id='word_1_369' title='bbox 1051 1551 1096 1577; x_wconf 85' lang='lat' dir='ltr'><strong>ille</strong></span> <span class='ocrx_word' id='word_1_370' title='bbox 1118 1551 1313 1585; x_wconf 87' lang='lat' dir='ltr'><strong>discerpserat,</strong></span> <span class='ocrx_word' id='word_1_371' title='bbox 1338 1552 1433 1578; x_wconf 77' lang='lat' dir='ltr'><strong>cadent</strong></span> <span class='ocrx_word' id='word_1_372' title='bbox 1453 1552 1497 1578; x_wconf 89' lang='lat' dir='ltr'><strong>hic</strong></span> <span class='ocrx_word' id='word_1_373' title='bbox 1510 1552 1645 1586; x_wconf 82' lang='lat' dir='ltr'><strong>interpre-</strong></span> 
     </span>
    </p>
   </div>
   <div class='ocr_carea' id='block_1_62' title="bbox 57 1595 805 1634">
    <p class='ocr_par' dir='ltr' id='par_1_62' title="bbox 57 1595 805 1634">
     <span class='ocr_line' id='line_1_63' title="bbox 57 1595 805 1634; baseline 0.007 -14"><span class='ocrx_word' id='word_1_374' title='bbox 57 1595 87 1620; x_wconf 73' lang='lat' dir='ltr'><strong>nl</strong></span> <span class='ocrx_word' id='word_1_375' title='bbox 104 1597 128 1622; x_wconf 80' lang='grc' dir='ltr'>τὸ</span> <span class='ocrx_word' id='word_1_376' title='bbox 148 1598 206 1632; x_wconf 77' lang='grc' dir='ltr'>περὶ</span> <span class='ocrx_word' id='word_1_377' title='bbox 218 1598 288 1624; x_wconf 78' lang='grc' dir='ltr'>αὐτὰ</span> <span class='ocrx_word' id='word_1_378' title='bbox 319 1597 472 1633; x_wconf 75' lang='grc' dir='ltr'>κακοῦργον</span> <span class='ocrx_word' id='word_1_379' title='bbox 488 1598 538 1633; x_wconf 83' lang='grc' dir='ltr'>τῆς</span> <span class='ocrx_word' id='word_1_380' title='bbox 554 1599 688 1634; x_wconf 73' lang='grc' dir='ltr'>αἱρέσεως</span> <span class='ocrx_word' id='word_1_381' title='bbox 703 1600 805 1625; x_wconf 81' lang='grc' dir='ltr'>ἐπιδει-</span> 
     </span>
    </p>
   </div>
   <div class='ocr_carea' id='block_1_63' title="bbox 57 1642 807 1679">
    <p class='ocr_par' dir='ltr' id='par_1_63' title="bbox 57 1642 807 1679">
     <span class='ocr_line' id='line_1_64' title="bbox 57 1642 807 1679; baseline 0.004 -11"><span class='ocrx_word' id='word_1_382' title='bbox 57 1642 108 1672; x_wconf 51' lang='lat' dir='ltr'><strong>rm,</strong></span> <span class='ocrx_word' id='word_1_383' title='bbox 132 1643 278 1678; x_wconf 75' lang='grc' dir='ltr'>ἀφαιρεῖται</span> <span class='ocrx_word' id='word_1_384' title='bbox 302 1644 388 1671; x_wconf 81' lang='grc' dir='ltr'>αὐτοῦ</span> <span class='ocrx_word' id='word_1_385' title='bbox 403 1653 410 1659; x_wconf 88' lang='grc'>·</span> <span class='ocrx_word' id='word_1_386' title='bbox 438 1644 468 1670; x_wconf 83' lang='grc' dir='ltr'>οὐ</span> <span class='ocrx_word' id='word_1_387' title='bbox 499 1644 551 1679; x_wconf 83' lang='grc' dir='ltr'><strong>μὴν</strong></span> <span class='ocrx_word' id='word_1_388' title='bbox 579 1644 647 1671; x_wconf 82' lang='grc' dir='ltr'>ἀλλὰ</span> <span class='ocrx_word' id='word_1_389' title='bbox 675 1644 724 1672; x_wconf 76' lang='grc' dir='ltr'>καὶ</span> <span class='ocrx_word' id='word_1_390' title='bbox 748 1645 807 1671; x_wconf 81' lang='grc' dir='ltr'><strong>ἑτέ-</strong></span> 
     </span>
    </p>
   </div>
   <div class='ocr_carea' id='block_1_64' title="bbox 58 1688 805 1724">
    <p class='ocr_par' dir='ltr' id='par_1_64' title="bbox 58 1688 805 1724">
     <span class='ocr_line' id='line_1_65' title="bbox 58 1688 805 1724; baseline 0.004 -11"><span class='ocrx_word' id='word_1_391' title='bbox 58 1694 96 1719; x_wconf 58' lang='lat' dir='ltr'><strong>pta;</strong></span> <span class='ocrx_word' id='word_1_392' title='bbox 109 1688 153 1713; x_wconf 84' lang='grc' dir='ltr'>τῶν</span> <span class='ocrx_word' id='word_1_393' title='bbox 164 1689 276 1724; x_wconf 78' lang='grc' dir='ltr'>Γραφῶν</span> <span class='ocrx_word' id='word_1_394' title='bbox 309 1689 415 1724; x_wconf 79' lang='grc' dir='ltr'>ῥήμασι</span> <span class='ocrx_word' id='word_1_395' title='bbox 433 1689 463 1715; x_wconf 83' lang='grc' dir='ltr'>τὸ</span> <span class='ocrx_word' id='word_1_396' title='bbox 489 1689 705 1724; x_wconf 78' lang='grc' dir='ltr'>ἁπονενοημένον</span> <span class='ocrx_word' id='word_1_397' title='bbox 722 1689 805 1716; x_wconf 80' lang='grc' dir='ltr'>αὑτοῦ</span> 
     </span>
    </p>
   </div>
   <div class='ocr_carea' id='block_1_65' title="bbox 58 1732 806 1770">
    <p class='ocr_par' dir='ltr' id='par_1_65' title="bbox 58 1732 806 1770">
     <span class='ocr_line' id='line_1_66' title="bbox 58 1732 806 1770; baseline 0.007 -14"><span class='ocrx_word' id='word_1_398' title='bbox 58 1732 88 1757; x_wconf 75' lang='lat' dir='ltr'><strong>zzl</strong></span> <span class='ocrx_word' id='word_1_399' title='bbox 104 1733 281 1768; x_wconf 77' lang='grc' dir='ltr'>ἁσύγγνωστον</span> <span class='ocrx_word' id='word_1_400' title='bbox 294 1736 345 1762; x_wconf 78' lang='grc' dir='ltr'>καὶ</span> <span class='ocrx_word' id='word_1_401' title='bbox 363 1735 512 1769; x_wconf 77' lang='grc' dir='ltr'>ἀλλόφυλον</span> <span class='ocrx_word' id='word_1_402' title='bbox 527 1735 578 1770; x_wconf 84' lang='grc' dir='ltr'>τῆς</span> <span class='ocrx_word' id='word_1_403' title='bbox 596 1736 729 1770; x_wconf 81' lang='grc' dir='ltr'>αἱρέσεως</span> <span class='ocrx_word' id='word_1_404' title='bbox 744 1744 806 1770; x_wconf 87' lang='grc' dir='ltr'>στη-</span> 
     </span>
    </p>
   </div>
   <div class='ocr_carea' id='block_1_66' title="bbox 58 1777 806 1816">
    <p class='ocr_par' dir='ltr' id='par_1_66' title="bbox 58 1777 806 1816">
     <span class='ocr_line' id='line_1_67' title="bbox 58 1777 806 1816; baseline 0.005 -14"><span class='ocrx_word' id='word_1_405' title='bbox 58 1777 135 1806; x_wconf 56' lang='lat' dir='ltr'><strong>insist.</strong></span> <span class='ocrx_word' id='word_1_406' title='bbox 153 1781 192 1807; x_wconf 78' lang='grc' dir='ltr'>Ἐν</span> <span class='ocrx_word' id='word_1_407' title='bbox 208 1781 236 1807; x_wconf 84' lang='grc' dir='ltr'>δὲ</span> <span class='ocrx_word' id='word_1_408' title='bbox 247 1781 286 1816; x_wconf 85' lang='grc' dir='ltr'>τῷ</span> <span class='ocrx_word' id='word_1_409' title='bbox 300 1781 452 1816; x_wconf 81' lang='grc' dir='ltr'>τελευταίῳ</span> <span class='ocrx_word' id='word_1_410' title='bbox 466 1781 520 1808; x_wconf 74' lang='grc' dir='ltr'>τῶν</span> <span class='ocrx_word' id='word_1_411' title='bbox 533 1781 620 1814; x_wconf 81' lang='grc' dir='ltr'>λόγων</span> <span class='ocrx_word' id='word_1_412' title='bbox 633 1781 719 1808; x_wconf 78' lang='grc' dir='ltr'>καὶτὸ</span> <span class='ocrx_word' id='word_1_413' title='bbox 729 1781 806 1807; x_wconf 82' lang='grc' dir='ltr'>νόθον</span> 
     </span>
    </p>
   </div>
   <div class='ocr_carea' id='block_1_67' title="bbox 57 1825 806 1862">
    <p class='ocr_par' dir='ltr' id='par_1_67' title="bbox 57 1825 806 1862">
     <span class='ocr_line' id='line_1_68' title="bbox 57 1825 806 1862; baseline 0.004 -13"><span class='ocrx_word' id='word_1_414' title='bbox 57 1825 88 1850; x_wconf 76' lang='lat' dir='ltr'><strong>zz‘t</strong></span> <span class='ocrx_word' id='word_1_415' title='bbox 111 1827 296 1859; x_wconf 76' lang='grc' dir='ltr'>κακὸπλαστον,</span> <span class='ocrx_word' id='word_1_416' title='bbox 322 1828 337 1854; x_wconf 83' lang='grc' dir='ltr'><strong><em>ὃ</em></strong></span> <span class='ocrx_word' id='word_1_417' title='bbox 359 1829 399 1859; x_wconf 81' lang='grc' dir='ltr'><strong>είς</strong></span> <span class='ocrx_word' id='word_1_418' title='bbox 422 1827 548 1854; x_wconf 68' lang='lat' dir='ltr'><strong>Navi-rev</strong></span> <span class='ocrx_word' id='word_1_419' title='bbox 575 1827 756 1862; x_wconf 82' lang='grc' dir='ltr'>ἀναφέρουσιν</span> <span class='ocrx_word' id='word_1_420' title='bbox 781 1827 806 1852; x_wconf 88' lang='grc' dir='ltr'>οἱ</span> 
     </span>
    </p>
   </div>
   <div class='ocr_carea' id='block_1_68' title="bbox 57 1871 807 1909">
    <p class='ocr_par' dir='ltr' id='par_1_68' title="bbox 57 1871 807 1909">
     <span class='ocr_line' id='line_1_69' title="bbox 57 1871 807 1909; baseline 0.003 -13"><span class='ocrx_word' id='word_1_421' title='bbox 57 1871 114 1897; x_wconf 66' lang='grc' dir='ltr'>αὑτοῦ</span> <span class='ocrx_word' id='word_1_422' title='bbox 133 1874 302 1905; x_wconf 74' lang='grc' dir='ltr'>σπουδασταὶ,</span> <span class='ocrx_word' id='word_1_423' title='bbox 329 1874 479 1909; x_wconf 85' lang='grc' dir='ltr'>μαρτύριον</span> <span class='ocrx_word' id='word_1_424' title='bbox 497 1872 641 1907; x_wconf 75' lang='grc' dir='ltr'>διελέγχει.</span> <span class='ocrx_word' id='word_1_425' title='bbox 661 1873 739 1898; x_wconf 86' lang='grc' dir='ltr'>Ἔστι</span> <span class='ocrx_word' id='word_1_426' title='bbox 756 1873 807 1907; x_wconf 79' lang='grc' dir='ltr'>μὲν</span> 
     </span>
    </p>
   </div>
   <div class='ocr_carea' id='block_1_69' title="bbox 57 1913 806 1953">
    <p class='ocr_par' dir='ltr' id='par_1_69' title="bbox 57 1913 806 1953">
     <span class='ocr_line' id='line_1_70' title="bbox 57 1913 806 1953; baseline 0.001 -10"><span class='ocrx_word' id='word_1_427' title='bbox 57 1913 88 1941; x_wconf 62' lang='grc' dir='ltr'>οὖν</span> <span class='ocrx_word' id='word_1_428' title='bbox 98 1918 136 1944; x_wconf 84' lang='grc' dir='ltr'>καὶ</span> <span class='ocrx_word' id='word_1_429' title='bbox 147 1919 207 1946; x_wconf 74' lang='grc' dir='ltr'>αὐτὸ</span> <span class='ocrx_word' id='word_1_430' title='bbox 221 1920 302 1946; x_wconf 75' lang='grc' dir='ltr'>τοῦτο</span> <span class='ocrx_word' id='word_1_431' title='bbox 321 1921 335 1945; x_wconf 84' lang='grc' dir='ltr'><strong>ὁ</strong></span> <span class='ocrx_word' id='word_1_432' title='bbox 348 1920 419 1946; x_wconf 80' lang='grc' dir='ltr'>κατὰ</span> <span class='ocrx_word' id='word_1_433' title='bbox 435 1919 562 1946; x_wconf 81' lang='grc' dir='ltr'>Ναυάτου</span> <span class='ocrx_word' id='word_1_434' title='bbox 572 1918 681 1953; x_wconf 80' lang='grc' dir='ltr'>ἔλεγχος</span> <span class='ocrx_word' id='word_1_435' title='bbox 695 1918 726 1944; x_wconf 78' lang='grc' dir='ltr'>τὸ</span> <span class='ocrx_word' id='word_1_436' title='bbox 739 1918 806 1953; x_wconf 85' lang='grc' dir='ltr'><strong>χρή-</strong></span> 
     </span>
    </p>
   </div>
   <div class='ocr_carea' id='block_1_70' title="bbox 58 1963 808 2000">
    <p class='ocr_par' dir='ltr' id='par_1_70' title="bbox 58 1963 808 2000">
     <span class='ocr_line' id='line_1_71' title="bbox 58 1963 808 2000; baseline 0.001 -11"><span class='ocrx_word' id='word_1_437' title='bbox 58 1969 112 1995; x_wconf 55' lang='lat' dir='ltr'><strong>tum</strong></span> <span class='ocrx_word' id='word_1_438' title='bbox 128 1964 206 1999; x_wconf 76' lang='grc' dir='ltr'><strong>ἔχων,</strong></span> <span class='ocrx_word' id='word_1_439' title='bbox 236 1965 310 2000; x_wconf 78' lang='grc' dir='ltr'>πλὴν</span> <span class='ocrx_word' id='word_1_440' title='bbox 338 1965 385 1991; x_wconf 77' lang='grc' dir='ltr'>καὶ</span> <span class='ocrx_word' id='word_1_441' title='bbox 411 1965 557 2000; x_wconf 84' lang='grc' dir='ltr'>Γραφικῶν</span> <span class='ocrx_word' id='word_1_442' title='bbox 579 1965 629 1990; x_wconf 84' lang='grc' dir='ltr'>οὐκ</span> <span class='ocrx_word' id='word_1_443' title='bbox 647 1964 746 1998; x_wconf 81' lang='grc' dir='ltr'>ὀλίγων</span> <span class='ocrx_word' id='word_1_444' title='bbox 764 1963 808 1990; x_wconf 79' lang='grc' dir='ltr'><strong>ὲν-</strong></span> 
     </span>
    </p>
   </div>
   <div class='ocr_carea' id='block_1_71' title="bbox 57 2006 807 2046">
    <p class='ocr_par' dir='ltr' id='par_1_71' title="bbox 57 2006 807 2046">
     <span class='ocr_line' id='line_1_72' title="bbox 57 2006 807 2046; baseline 0.004 -14"><span class='ocrx_word' id='word_1_445' title='bbox 57 2006 163 2042; x_wconf 72' lang='grc' dir='ltr'>θεωρεῖται</span> <span class='ocrx_word' id='word_1_446' title='bbox 175 2012 277 2043; x_wconf 74' lang='grc' dir='ltr'>τούτοις</span> <span class='ocrx_word' id='word_1_447' title='bbox 292 2010 430 2046; x_wconf 82' lang='grc' dir='ltr'>πολλαχοῦ</span> <span class='ocrx_word' id='word_1_448' title='bbox 444 2011 500 2042; x_wconf 83' lang='grc' dir='ltr'>τοῖς</span> <span class='ocrx_word' id='word_1_449' title='bbox 509 2009 735 2043; x_wconf 83' lang='grc' dir='ltr'>ἀξιολογωτάτοις</span> <span class='ocrx_word' id='word_1_450' title='bbox 752 2009 807 2036; x_wconf 83' lang='grc' dir='ltr'>τῶν</span> 
     </span>
    </p>
   </div>
   <div class='ocr_carea' id='block_1_72' title="bbox 58 2051 808 2092">
    <p class='ocr_par' dir='ltr' id='par_1_72' title="bbox 58 2051 808 2092">
     <span class='ocr_line' id='line_1_73' title="bbox 58 2051 808 2092; baseline -0.001 -10"><span class='ocrx_word' id='word_1_451' title='bbox 58 2051 162 2088; x_wconf 60' lang='grc' dir='ltr'><strong>ἐξηγητῶν</strong></span> <span class='ocrx_word' id='word_1_452' title='bbox 191 2057 386 2092; x_wconf 80' lang='grc' dir='ltr'>συμφερομένη</span> <span class='ocrx_word' id='word_1_453' title='bbox 421 2055 566 2090; x_wconf 78' lang='grc' dir='ltr'>ἑρμηνεία.</span> <span class='ocrx_word' id='word_1_454' title='bbox 595 2055 675 2082; x_wconf 82' lang='grc' dir='ltr'>Ἀλλὰ</span> <span class='ocrx_word' id='word_1_455' title='bbox 699 2054 747 2081; x_wconf 82' lang='grc' dir='ltr'>καὶ</span> <span class='ocrx_word' id='word_1_456' title='bbox 778 2055 808 2081; x_wconf 84' lang='grc' dir='ltr'>τὸ</span> 
     </span>
    </p>
   </div>
   <div class='ocr_carea' id='block_1_73' title="bbox 58 2098 809 2136">
    <p class='ocr_par' dir='ltr' id='par_1_73' title="bbox 58 2098 809 2136">
     <span class='ocr_line' id='line_1_74' title="bbox 58 2098 809 2136; baseline 0.008 -16"><span class='ocrx_word' id='word_1_457' title='bbox 58 2098 138 2125; x_wconf 53' lang='lat' dir='ltr'><strong>mind-9</strong></span> <span class='ocrx_word' id='word_1_458' title='bbox 149 2109 175 2126; x_wconf 90' lang='grc' dir='ltr'><strong>τε</strong></span> <span class='ocrx_word' id='word_1_459' title='bbox 191 2102 237 2128; x_wconf 81' lang='grc' dir='ltr'>καὶ</span> <span class='ocrx_word' id='word_1_460' title='bbox 250 2101 352 2136; x_wconf 82' lang='grc' dir='ltr'>ἡδῦνον</span> <span class='ocrx_word' id='word_1_461' title='bbox 377 2101 414 2133; x_wconf 84' lang='grc' dir='ltr'><strong>ὡς</strong></span> <span class='ocrx_word' id='word_1_462' title='bbox 434 2102 464 2127; x_wconf 83' lang='grc' dir='ltr'>ἐν</span> <span class='ocrx_word' id='word_1_463' title='bbox 478 2101 591 2136; x_wconf 83' lang='grc' dir='ltr'>τοιούτῳ</span> <span class='ocrx_word' id='word_1_464' title='bbox 614 2101 701 2135; x_wconf 83' lang='grc' dir='ltr'>λόγων</span> <span class='ocrx_word' id='word_1_465' title='bbox 724 2108 809 2136; x_wconf 87' lang='grc' dir='ltr'>χαρα-</span> 
     </span>
    </p>
   </div>
   <div class='ocr_carea' id='block_1_74' title="bbox 58 2143 600 2182">
    <p class='ocr_par' dir='ltr' id='par_1_74' title="bbox 58 2143 600 2182">
     <span class='ocr_line' id='line_1_75' title="bbox 58 2143 600 2182; baseline 0.004 -10"><span class='ocrx_word' id='word_1_466' title='bbox 58 2143 114 2178; x_wconf 73' lang='grc' dir='ltr'>κτῆρι</span> <span class='ocrx_word' id='word_1_467' title='bbox 127 2147 169 2173; x_wconf 79' lang='grc' dir='ltr'>οὐκ</span> <span class='ocrx_word' id='word_1_468' title='bbox 184 2147 214 2173; x_wconf 79' lang='grc' dir='ltr'>ἄν</span> <span class='ocrx_word' id='word_1_469' title='bbox 228 2156 272 2179; x_wconf 84' lang='grc' dir='ltr'><strong>τις</strong></span> <span class='ocrx_word' id='word_1_470' title='bbox 289 2147 422 2181; x_wconf 72' lang='grc' dir='ltr'>ἀγασθεὶς</span> <span class='ocrx_word' id='word_1_471' title='bbox 440 2147 600 2182; x_wconf 81' lang='grc' dir='ltr'>μεταγνοίη.</span> 
     </span>
    </p>
   </div>
   <div class='ocr_carea' id='block_1_75' title="bbox 373 2248 423 2274">
    <p class='ocr_par' dir='ltr' id='par_1_75' title="bbox 373 2248 423 2274">
     <span class='ocr_line' id='line_1_76' title="bbox 373 2248 423 2274; baseline 0 0"><span class='ocrx_word' id='word_1_472' title='bbox 373 2248 423 2274; x_wconf 82' lang='grc' dir='ltr'><strong>ΣΘ¹</strong></span> 
     </span>
    </p>
   </div>
   <div class='ocr_carea' id='block_1_76' title="bbox 273 2294 547 2328">
    <p class='ocr_par' dir='ltr' id='par_1_76' title="bbox 273 2294 547 2328">
     <span class='ocr_line' id='line_1_77' title="bbox 273 2294 547 2328; baseline -0.004 -7"><span class='ocrx_word' id='word_1_473' title='bbox 273 2295 385 2327; x_wconf 80' lang='grc' dir='ltr'>Δίωνος</span> <span class='ocrx_word' id='word_1_474' title='bbox 404 2294 492 2328; x_wconf 74' lang='grc' dir='ltr'>Λόγοι</span> <span class='ocrx_word' id='word_1_475' title='bbox 508 2296 547 2320; x_wconf 81' lang='grc' dir='ltr'><strong>π’.</strong></span> 
     </span>
    </p>
   </div>
   <div class='ocr_carea' id='block_1_77' title="bbox 86 2335 811 2376">
    <p class='ocr_par' dir='ltr' id='par_1_77' title="bbox 86 2335 811 2376">
     <span class='ocr_line' id='line_1_78' title="bbox 86 2335 811 2376; baseline 0.001 -12"><span class='ocrx_word' id='word_1_476' title='bbox 86 2335 229 2376; x_wconf 75' lang='grc' dir='ltr'>Ἀνεγνώσθη</span> <span class='ocrx_word' id='word_1_477' title='bbox 247 2341 350 2373; x_wconf 81' lang='grc' dir='ltr'>Δίωνος</span> <span class='ocrx_word' id='word_1_478' title='bbox 377 2340 478 2375; x_wconf 78' lang='grc' dir='ltr'>βιόλὶον</span> <span class='ocrx_word' id='word_1_479' title='bbox 493 2341 523 2367; x_wconf 80' lang='grc' dir='ltr'>ἐν</span> <span class='ocrx_word' id='word_1_480' title='bbox 543 2341 649 2375; x_wconf 78' lang='grc' dir='ltr'>Λόγοις</span> <span class='ocrx_word' id='word_1_481' title='bbox 670 2338 708 2366; x_wconf 70' lang='grc' dir='ltr'><strong>π’.</strong></span> <span class='ocrx_word' id='word_1_482' title='bbox 725 2335 811 2371; x_wconf 75' lang='grc' dir='ltr'>Οὗτος</span> 
     </span>
    </p>
   </div>
   <div class='ocr_carea' id='block_1_78' title="bbox 850 1641 1275 1676">
    <p class='ocr_par' dir='ltr' id='par_1_78' title="bbox 850 1641 1275 1676">
     <span class='ocr_line' id='line_1_79' title="bbox 850 1641 1275 1676; baseline 0 -8"><span class='ocrx_word' id='word_1_483' title='bbox 850 1641 960 1668; x_wconf 72' lang='lat' dir='ltr'><strong>Novato</strong></span> <span class='ocrx_word' id='word_1_484' title='bbox 1001 1641 1081 1676; x_wconf 88' lang='lat' dir='ltr'><strong>eripit</strong></span> <span class='ocrx_word' id='word_1_485' title='bbox 1119 1649 1150 1669; x_wconf 88' lang='lat' dir='ltr'><strong>ac</strong></span> <span class='ocrx_word' id='word_1_486' title='bbox 1191 1642 1275 1669; x_wconf 87' lang='lat' dir='ltr'><strong>tollit.</strong></span> 
     </span>
    </p>
   </div>
   <div class='ocr_carea' id='block_1_79' title="bbox 859 1597 1643 1632">
    <p class='ocr_par' dir='ltr' id='par_1_79' title="bbox 859 1597 1643 1632">
     <span class='ocr_line' id='line_1_80' title="bbox 859 1597 1643 1632; baseline 0.003 -10"><span class='ocrx_word' id='word_1_487' title='bbox 859 1597 953 1628; x_wconf 81' lang='lat' dir='ltr'><strong>tando,</strong></span> <span class='ocrx_word' id='word_1_488' title='bbox 976 1602 1003 1623; x_wconf 90' lang='lat' dir='ltr'><strong>et</strong></span> <span class='ocrx_word' id='word_1_489' title='bbox 1018 1604 1070 1623; x_wconf 92' lang='lat' dir='ltr'><strong>una</strong></span> <span class='ocrx_word' id='word_1_490' title='bbox 1092 1597 1203 1624; x_wconf 71' lang='lat' dir='ltr'><strong>hmresis</strong></span> <span class='ocrx_word' id='word_1_491' title='bbox 1230 1597 1256 1623; x_wconf 95' lang='lat' dir='ltr'><strong>in</strong></span> <span class='ocrx_word' id='word_1_492' title='bbox 1288 1597 1321 1624; x_wconf 88' lang='lat' dir='ltr'><strong>iis</strong></span> <span class='ocrx_word' id='word_1_493' title='bbox 1349 1597 1459 1624; x_wconf 77' lang='lat' dir='ltr'><strong>frandes</strong></span> <span class='ocrx_word' id='word_1_494' title='bbox 1483 1598 1643 1632; x_wconf 79' lang='lat' dir='ltr'><strong>detegendo.</strong></span> 
     </span>
    </p>
   </div>
   <div class='ocr_carea' id='block_1_80' title="bbox 1321 1642 1645 1677">
    <p class='ocr_par' dir='ltr' id='par_1_80' title="bbox 1321 1642 1645 1677">
     <span class='ocr_line' id='line_1_81' title="bbox 1321 1642 1645 1677; baseline 0 -8"><span class='ocrx_word' id='word_1_495' title='bbox 1321 1642 1481 1677; x_wconf 80' lang='lat' dir='ltr'><strong>Quanquam</strong></span> <span class='ocrx_word' id='word_1_496' title='bbox 1519 1647 1546 1670; x_wconf 83' lang='lat' dir='ltr'><strong>et</strong></span> <span class='ocrx_word' id='word_1_497' title='bbox 1584 1643 1645 1670; x_wconf 88' lang='lat' dir='ltr'><strong>aliis</strong></span> 
     </span>
    </p>
   </div>
   <div class='ocr_carea' id='block_1_81' title="bbox 858 1688 1646 1724">
    <p class='ocr_par' dir='ltr' id='par_1_81' title="bbox 858 1688 1646 1724">
     <span class='ocr_line' id='line_1_82' title="bbox 858 1688 1646 1724; baseline 0.001 -9"><span class='ocrx_word' id='word_1_498' title='bbox 858 1688 1061 1723; x_wconf 86' lang='lat' dir='ltr'><strong>Scripturarum</strong></span> <span class='ocrx_word' id='word_1_499' title='bbox 1086 1689 1164 1721; x_wconf 84' lang='lat' dir='ltr'><strong>locis,</strong></span> <span class='ocrx_word' id='word_1_500' title='bbox 1183 1689 1268 1724; x_wconf 90' lang='lat' dir='ltr'><strong>ipsius</strong></span> <span class='ocrx_word' id='word_1_501' title='bbox 1289 1689 1367 1716; x_wconf 86' lang='lat' dir='ltr'><strong>venia</strong></span> <span class='ocrx_word' id='word_1_502' title='bbox 1394 1690 1529 1724; x_wconf 81' lang='lat' dir='ltr'><strong>indignam</strong></span> <span class='ocrx_word' id='word_1_503' title='bbox 1550 1698 1646 1716; x_wconf 88' lang='lat' dir='ltr'><strong>amen-</strong></span> 
     </span>
    </p>
   </div>
   <div class='ocr_carea' id='block_1_82' title="bbox 858 1735 1646 1770">
    <p class='ocr_par' dir='ltr' id='par_1_82' title="bbox 858 1735 1646 1770">
     <span class='ocr_line' id='line_1_83' title="bbox 858 1735 1646 1770; baseline 0.001 -10"><span class='ocrx_word' id='word_1_504' title='bbox 858 1735 934 1763; x_wconf 82' lang='lat' dir='ltr'><strong>tiam.</strong></span> <span class='ocrx_word' id='word_1_505' title='bbox 953 1741 986 1761; x_wconf 87' lang='lat' dir='ltr'><strong>ac</strong></span> <span class='ocrx_word' id='word_1_506' title='bbox 1005 1735 1176 1770; x_wconf 80' lang='lat' dir='ltr'><strong>pcregrinam</strong></span> <span class='ocrx_word' id='word_1_507' title='bbox 1195 1735 1332 1768; x_wconf 69' lang='lat' dir='ltr'><strong>haeresim,</strong></span> <span class='ocrx_word' id='word_1_508' title='bbox 1347 1736 1420 1762; x_wconf 83' lang='lat' dir='ltr'><strong>velut</strong></span> <span class='ocrx_word' id='word_1_509' title='bbox 1435 1735 1513 1770; x_wconf 88' lang='lat' dir='ltr'><strong>cippo</strong></span> <span class='ocrx_word' id='word_1_510' title='bbox 1530 1743 1589 1762; x_wconf 88' lang='lat' dir='ltr'><strong>eam</strong></span> <span class='ocrx_word' id='word_1_511' title='bbox 1604 1737 1646 1762; x_wconf 90' lang='lat' dir='ltr'><strong>in-</strong></span> 
     </span>
    </p>
   </div>
   <div class='ocr_carea' id='block_1_83' title="bbox 857 1780 1645 1817">
    <p class='ocr_par' dir='ltr' id='par_1_83' title="bbox 857 1780 1645 1817">
     <span class='ocr_line' id='line_1_84' title="bbox 857 1780 1645 1817; baseline 0.001 -10"><span class='ocrx_word' id='word_1_512' title='bbox 857 1780 1013 1813; x_wconf 88' lang='lat' dir='ltr'><strong>scribendo,</strong></span> <span class='ocrx_word' id='word_1_513' title='bbox 1039 1780 1169 1816; x_wconf 84' lang='lat' dir='ltr'><strong>divulgat.</strong></span> <span class='ocrx_word' id='word_1_514' title='bbox 1193 1780 1320 1809; x_wconf 81' lang='lat' dir='ltr'><strong>Extremo</strong></span> <span class='ocrx_word' id='word_1_515' title='bbox 1343 1781 1401 1817; x_wconf 87' lang='lat'><strong>(98)</strong></span> <span class='ocrx_word' id='word_1_516' title='bbox 1431 1781 1547 1816; x_wconf 86' lang='lat' dir='ltr'><strong>denique</strong></span> <span class='ocrx_word' id='word_1_517' title='bbox 1562 1782 1645 1808; x_wconf 82' lang='lat' dir='ltr'><strong>‘librc</strong></span> 
     </span>
    </p>
   </div>
   <div class='ocr_carea' id='block_1_84' title="bbox 858 1825 1646 1861">
    <p class='ocr_par' dir='ltr' id='par_1_84' title="bbox 858 1825 1646 1861">
     <span class='ocr_line' id='line_1_85' title="bbox 858 1825 1646 1861; baseline 0.001 -10"><span class='ocrx_word' id='word_1_518' title='bbox 858 1825 956 1852; x_wconf 79' lang='lat' dir='ltr'><strong>falsum</strong></span> <span class='ocrx_word' id='word_1_519' title='bbox 983 1825 1048 1853; x_wconf 88' lang='lat' dir='ltr'><strong>illud</strong></span> <span class='ocrx_word' id='word_1_520' title='bbox 1071 1831 1098 1852; x_wconf 86' lang='lat' dir='ltr'><strong>et</strong></span> <span class='ocrx_word' id='word_1_521' title='bbox 1121 1826 1244 1861; x_wconf 88' lang='lat' dir='ltr'><strong>improbe</strong></span> <span class='ocrx_word' id='word_1_522' title='bbox 1271 1827 1428 1859; x_wconf 82' lang='lat' dir='ltr'><strong>conlictum,</strong></span> <span class='ocrx_word' id='word_1_523' title='bbox 1448 1827 1519 1861; x_wconf 88' lang='lat' dir='ltr'><strong>quod</strong></span> <span class='ocrx_word' id='word_1_524' title='bbox 1541 1826 1646 1853; x_wconf 80' lang='lat' dir='ltr'><strong>Navalo</strong></span> 
     </span>
    </p>
   </div>
   <div class='ocr_carea' id='block_1_85' title="bbox 858 1870 1646 1907">
    <p class='ocr_par' dir='ltr' id='par_1_85' title="bbox 858 1870 1646 1907">
     <span class='ocr_line' id='line_1_86' title="bbox 858 1870 1646 1907; baseline 0.001 -9"><span class='ocrx_word' id='word_1_525' title='bbox 858 1870 918 1904; x_wconf 84' lang='lat' dir='ltr'><strong>eius</strong></span> <span class='ocrx_word' id='word_1_526' title='bbox 938 1872 1053 1898; x_wconf 87' lang='lat' dir='ltr'><strong>studiosi</strong></span> <span class='ocrx_word' id='word_1_527' title='bbox 1076 1872 1239 1903; x_wconf 87' lang='lat' dir='ltr'><strong>attribuunt,</strong></span> <span class='ocrx_word' id='word_1_528' title='bbox 1264 1873 1425 1907; x_wconf 86' lang='lat' dir='ltr'><strong>martyrium</strong></span> <span class='ocrx_word' id='word_1_529' title='bbox 1454 1873 1583 1907; x_wconf 79' lang='lat' dir='ltr'><strong>exagitat.</strong></span> <span class='ocrx_word' id='word_1_530' title='bbox 1599 1873 1646 1899; x_wconf 85' lang='lat' dir='ltr'><strong>Est</strong></span> 
     </span>
    </p>
   </div>
   <div class='ocr_carea' id='block_1_86' title="bbox 858 1916 1647 1952">
    <p class='ocr_par' dir='ltr' id='par_1_86' title="bbox 858 1916 1647 1952">
     <span class='ocr_line' id='line_1_87' title="bbox 858 1916 1647 1952; baseline 0 -9"><span class='ocrx_word' id='word_1_531' title='bbox 858 1917 940 1952; x_wconf 82' lang='lat' dir='ltr'><strong>igitur</strong></span> <span class='ocrx_word' id='word_1_532' title='bbox 952 1917 1009 1944; x_wconf 67' lang='lat' dir='ltr'><strong>haec</strong></span> <span class='ocrx_word' id='word_1_533' title='bbox 1019 1916 1265 1944; x_wconf 79' lang='lat' dir='ltr'><strong>Navaticonl‘utatio</strong></span> <span class='ocrx_word' id='word_1_534' title='bbox 1274 1917 1423 1952; x_wconf 76' lang='lat' dir='ltr'><strong>legentibus</strong></span> <span class='ocrx_word' id='word_1_535' title='bbox 1432 1918 1503 1944; x_wconf 91' lang='lat' dir='ltr'><strong>utilis</strong></span> <span class='ocrx_word' id='word_1_536' title='bbox 1515 1925 1521 1943; x_wconf 88' lang='lat'><strong>:</strong></span> <span class='ocrx_word' id='word_1_537' title='bbox 1536 1922 1647 1951; x_wconf 65' lang='lat' dir='ltr'><strong>prmter—</strong></span> 
     </span>
    </p>
   </div>
   <div class='ocr_carea' id='block_1_87' title="bbox 858 1962 1646 1998">
    <p class='ocr_par' dir='ltr' id='par_1_87' title="bbox 858 1962 1646 1998">
     <span class='ocr_line' id='line_1_88' title="bbox 858 1962 1646 1998; baseline 0 -9"><span class='ocrx_word' id='word_1_538' title='bbox 858 1970 939 1997; x_wconf 89' lang='lat' dir='ltr'><strong>quam</strong></span> <span class='ocrx_word' id='word_1_539' title='bbox 958 1963 1029 1997; x_wconf 92' lang='lat' dir='ltr'><strong>quod</strong></span> <span class='ocrx_word' id='word_1_540' title='bbox 1047 1963 1090 1990; x_wconf 91' lang='lat' dir='ltr'><strong>hic</strong></span> <span class='ocrx_word' id='word_1_541' title='bbox 1106 1971 1159 1990; x_wconf 94' lang='lat' dir='ltr'><strong>non</strong></span> <span class='ocrx_word' id='word_1_542' title='bbox 1175 1970 1323 1997; x_wconf 88' lang='lat' dir='ltr'><strong>paucorum</strong></span> <span class='ocrx_word' id='word_1_543' title='bbox 1341 1964 1488 1997; x_wconf 75' lang='lat' dir='ltr'><strong>Scriptum-</strong></span> <span class='ocrx_word' id='word_1_544' title='bbox 1500 1962 1556 1998; x_wconf 84' lang='lat'><strong>(99)</strong></span> <span class='ocrx_word' id='word_1_545' title='bbox 1571 1963 1646 1990; x_wconf 88' lang='lat' dir='ltr'><strong>loco-</strong></span> 
     </span>
    </p>
   </div>
   <div class='ocr_carea' id='block_1_88' title="bbox 859 2008 1647 2044">
    <p class='ocr_par' dir='ltr' id='par_1_88' title="bbox 859 2008 1647 2044">
     <span class='ocr_line' id='line_1_89' title="bbox 859 2008 1647 2044; baseline 0.001 -9"><span class='ocrx_word' id='word_1_546' title='bbox 859 2017 918 2035; x_wconf 91' lang='lat' dir='ltr'><strong>rum</strong></span> <span class='ocrx_word' id='word_1_547' title='bbox 936 2008 1040 2043; x_wconf 89' lang='lat' dir='ltr'><strong>passitn</strong></span> <span class='ocrx_word' id='word_1_548' title='bbox 1054 2015 1115 2036; x_wconf 87' lang='lat' dir='ltr'><strong>sese</strong></span> <span class='ocrx_word' id='word_1_549' title='bbox 1131 2008 1226 2036; x_wconf 78' lang='lat' dir='ltr'><strong>oﬂerat</strong></span> <span class='ocrx_word' id='word_1_550' title='bbox 1240 2009 1396 2043; x_wconf 79' lang='lat' dir='ltr'><strong>explicatio,</strong></span> <span class='ocrx_word' id='word_1_551' title='bbox 1419 2010 1486 2044; x_wconf 83' lang='lat' dir='ltr'><strong>ipsis</strong></span> <span class='ocrx_word' id='word_1_552' title='bbox 1505 2009 1586 2036; x_wconf 86' lang='lat' dir='ltr'><strong>etiam</strong></span> <span class='ocrx_word' id='word_1_553' title='bbox 1606 2009 1647 2036; x_wconf 91' lang='lat' dir='ltr'><strong>in-</strong></span> 
     </span>
    </p>
   </div>
   <div class='ocr_carea' id='block_1_89' title="bbox 859 2053 1646 2088">
    <p class='ocr_par' dir='ltr' id='par_1_89' title="bbox 859 2053 1646 2088">
     <span class='ocr_line' id='line_1_90' title="bbox 859 2053 1646 2088; baseline 0.003 -9"><span class='ocrx_word' id='word_1_554' title='bbox 859 2057 1010 2087; x_wconf 88' lang='lat' dir='ltr'><strong>terpretutn</strong></span> <span class='ocrx_word' id='word_1_555' title='bbox 1037 2053 1206 2087; x_wconf 86' lang='lat' dir='ltr'><strong>principibus</strong></span> <span class='ocrx_word' id='word_1_556' title='bbox 1234 2053 1429 2088; x_wconf 67' lang='lat' dir='ltr'><strong>profutura“).</strong></span> <span class='ocrx_word' id='word_1_557' title='bbox 1457 2054 1510 2080; x_wconf 89' lang='lat' dir='ltr'><strong>Sed</strong></span> <span class='ocrx_word' id='word_1_558' title='bbox 1529 2058 1557 2080; x_wconf 90' lang='lat' dir='ltr'><strong>et</strong></span> <span class='ocrx_word' id='word_1_559' title='bbox 1573 2053 1646 2081; x_wconf 86' lang='lat' dir='ltr'><strong>illius</strong></span> 
     </span>
    </p>
   </div>
   <div class='ocr_carea' id='block_1_90' title="bbox 858 2099 1646 2133">
    <p class='ocr_par' dir='ltr' id='par_1_90' title="bbox 858 2099 1646 2133">
     <span class='ocr_line' id='line_1_91' title="bbox 858 2099 1646 2133; baseline 0.003 -8"><span class='ocrx_word' id='word_1_560' title='bbox 858 2099 1041 2133; x_wconf 85' lang='lat' dir='ltr'><strong>persuadendi</strong></span> <span class='ocrx_word' id='word_1_561' title='bbox 1051 2099 1104 2126; x_wconf 94' lang='lat' dir='ltr'><strong>vim</strong></span> <span class='ocrx_word' id='word_1_562' title='bbox 1121 2107 1153 2127; x_wconf 92' lang='lat' dir='ltr'><strong>ac</strong></span> <span class='ocrx_word' id='word_1_563' title='bbox 1165 2099 1373 2133; x_wconf 76' lang='lat' dir='ltr'><strong>iucunditatem,</strong></span> <span class='ocrx_word' id='word_1_564' title='bbox 1388 2106 1416 2127; x_wconf 87' lang='lat' dir='ltr'><strong>ut</strong></span> <span class='ocrx_word' id='word_1_565' title='bbox 1436 2101 1463 2127; x_wconf 92' lang='lat' dir='ltr'><strong>in</strong></span> <span class='ocrx_word' id='word_1_566' title='bbox 1487 2100 1646 2127; x_wconf 86' lang='lat' dir='ltr'><strong>hocchara-</strong></span> 
     </span>
    </p>
   </div>
   <div class='ocr_carea' id='block_1_91' title="bbox 859 2145 1646 2180">
    <p class='ocr_par' dir='ltr' id='par_1_91' title="bbox 859 2145 1646 2180">
     <span class='ocr_line' id='line_1_92' title="bbox 859 2145 1646 2180; baseline 0.004 -10"><span class='ocrx_word' id='word_1_567' title='bbox 859 2149 946 2176; x_wconf 79' lang='lat' dir='ltr'><strong>clere,</strong></span> <span class='ocrx_word' id='word_1_568' title='bbox 963 2152 1042 2173; x_wconf 90' lang='lat' dir='ltr'><strong>nemo</strong></span> <span class='ocrx_word' id='word_1_569' title='bbox 1071 2145 1116 2180; x_wconf 92' lang='lat' dir='ltr'><strong>qui</strong></span> <span class='ocrx_word' id='word_1_570' title='bbox 1146 2153 1209 2173; x_wconf 88' lang='lat' dir='ltr'><strong>eum</strong></span> <span class='ocrx_word' id='word_1_571' title='bbox 1235 2151 1390 2179; x_wconf 85' lang='lat' dir='ltr'><strong>veneretur,</strong></span> <span class='ocrx_word' id='word_1_572' title='bbox 1420 2147 1646 2174; x_wconf 87' lang='lat' dir='ltr'><strong>contemnendam</strong></span> 
     </span>
    </p>
   </div>
   <div class='ocr_carea' id='block_1_92' title="bbox 860 2190 950 2218">
    <p class='ocr_par' dir='ltr' id='par_1_92' title="bbox 860 2190 950 2218">
     <span class='ocr_line' id='line_1_93' title="bbox 860 2190 950 2218; baseline 0.011 -1"><span class='ocrx_word' id='word_1_573' title='bbox 860 2190 950 2218; x_wconf 88' lang='lat' dir='ltr'><strong>ducat.</strong></span> 
     </span>
    </p>
   </div>
   <div class='ocr_carea' id='block_1_93' title="bbox 1213 2246 1301 2274">
    <p class='ocr_par' dir='ltr' id='par_1_93' title="bbox 1213 2246 1301 2274">
     <span class='ocr_line' id='line_1_94' title="bbox 1213 2246 1301 2274; baseline 0 0"><span class='ocrx_word' id='word_1_574' title='bbox 1213 2246 1301 2274; x_wconf 67' lang='lat' dir='ltr'><strong>CCIX.</strong></span> 
     </span>
    </p>
   </div>
   <div class='ocr_carea' id='block_1_94' title="bbox 990 2291 1524 2327">
    <p class='ocr_par' dir='ltr' id='par_1_94' title="bbox 990 2291 1524 2327">
     <span class='ocr_line' id='line_1_95' title="bbox 990 2291 1524 2327; baseline 0.006 -9"><span class='ocrx_word' id='word_1_575' title='bbox 990 2291 1083 2318; x_wconf 74' lang='lat' dir='ltr'><strong>Dionis</strong></span> <span class='ocrx_word' id='word_1_576' title='bbox 1094 2291 1272 2327; x_wconf 77' lang='lat' dir='ltr'><strong>Chrysostomi</strong></span> <span class='ocrx_word' id='word_1_577' title='bbox 1285 2293 1426 2320; x_wconf 76' lang='lat' dir='ltr'><strong>Orationes</strong></span> <span class='ocrx_word' id='word_1_578' title='bbox 1443 2301 1524 2322; x_wconf 81' lang='lat' dir='ltr'><strong>Lxxx.</strong></span> 
     </span>
    </p>
   </div>
   <div class='ocr_carea' id='block_1_95' title="bbox 901 2337 1647 2377">
    <p class='ocr_par' dir='ltr' id='par_1_95' title="bbox 901 2337 1647 2377">
     <span class='ocr_line' id='line_1_96' title="bbox 901 2337 1647 2377; baseline 0.005 -13"><span class='ocrx_word' id='word_1_579' title='bbox 901 2337 1001 2364; x_wconf 88' lang='lat' dir='ltr'><strong>Lectus</strong></span> <span class='ocrx_word' id='word_1_580' title='bbox 1010 2343 1052 2365; x_wconf 87' lang='lat' dir='ltr'><strong>est</strong></span> <span class='ocrx_word' id='word_1_581' title='bbox 1064 2338 1155 2365; x_wconf 87' lang='lat' dir='ltr'><strong>Dionis</strong></span> <span class='ocrx_word' id='word_1_582' title='bbox 1169 2337 1207 2373; x_wconf 70' lang='grc' dir='ltr'><strong>(Ξ)</strong></span> <span class='ocrx_word' id='word_1_583' title='bbox 1216 2339 1365 2365; x_wconf 80' lang='lat' dir='ltr'><strong>orationum</strong></span> <span class='ocrx_word' id='word_1_584' title='bbox 1379 2341 1514 2375; x_wconf 77' lang='lat' dir='ltr'><strong>octoginta</strong></span> <span class='ocrx_word' id='word_1_585' title='bbox 1522 2340 1590 2367; x_wconf 91' lang='lat' dir='ltr'><strong>liber</strong></span> <span class='ocrx_word' id='word_1_586' title='bbox 1597 2342 1647 2377; x_wconf 78' lang='lat'><strong>(5).</strong></span> 
     </span>
    </p>
   </div>
   <div class='ocr_carea' id='block_1_96' title="bbox 60 2378 804 2422">
    <p class='ocr_par' dir='ltr' id='par_1_96' title="bbox 60 2378 804 2422">
     <span class='ocr_line' id='line_1_97' title="bbox 60 2378 804 2422; baseline 0.001 -12"><span class='ocrx_word' id='word_1_587' title='bbox 60 2378 98 2407; x_wconf 62' lang='grc' dir='ltr'><strong>ἔπι</strong></span> <span class='ocrx_word' id='word_1_588' title='bbox 115 2385 154 2418; x_wconf 80' lang='grc' dir='ltr'>μὲν</span> <span class='ocrx_word' id='word_1_589' title='bbox 166 2387 214 2422; x_wconf 80' lang='grc' dir='ltr'>τὴν</span> <span class='ocrx_word' id='word_1_590' title='bbox 229 2386 351 2422; x_wconf 78' lang='grc' dir='ltr'>πατρίδα</span> <span class='ocrx_word' id='word_1_591' title='bbox 364 2386 532 2422; x_wconf 83' lang='grc' dir='ltr'>Προυσαεὺς,</span> <span class='ocrx_word' id='word_1_592' title='bbox 550 2385 640 2421; x_wconf 81' lang='grc' dir='ltr'>φυγὰς</span> <span class='ocrx_word' id='word_1_593' title='bbox 653 2385 676 2412; x_wconf 89' lang='grc' dir='ltr'><strong>δ’</strong></span> <span class='ocrx_word' id='word_1_594' title='bbox 688 2385 804 2419; x_wconf 62' lang='grc' dir='ltr'>ἐγεγόνει</span> 
     </span>
    </p>
   </div>
   <div class='ocr_carea' id='block_1_97' title="bbox 858 2378 1646 2422">
    <p class='ocr_par' dir='ltr' id='par_1_97' title="bbox 865 2382 1646 2421">
     <span class='ocr_line' id='line_1_98' title="bbox 865 2382 1646 2421; baseline 0.004 -11"><span class='ocrx_word' id='word_1_595' title='bbox 865 2382 955 2410; x_wconf 84' lang='lat' dir='ltr'><strong>Patria</strong></span> <span class='ocrx_word' id='word_1_596' title='bbox 982 2382 1026 2410; x_wconf 87' lang='lat' dir='ltr'><strong>hic</strong></span> <span class='ocrx_word' id='word_1_597' title='bbox 1048 2383 1098 2410; x_wconf 77' lang='lat' dir='ltr'><strong>l‘uit</strong></span> <span class='ocrx_word' id='word_1_598' title='bbox 1124 2383 1278 2418; x_wconf 83' lang='lat' dir='ltr'><strong>Prusensis,</strong></span> <span class='ocrx_word' id='word_1_599' title='bbox 1293 2384 1340 2411; x_wconf 87' lang='lat' dir='ltr'><strong>sed</strong></span> <span class='ocrx_word' id='word_1_600' title='bbox 1356 2385 1509 2420; x_wconf 79' lang='lat' dir='ltr'><strong>tyrannidis</strong></span> <span class='ocrx_word' id='word_1_601' title='bbox 1524 2385 1562 2421; x_wconf 72' lang='grc'><strong>(4)</strong></span> <span class='ocrx_word' id='word_1_602' title='bbox 1581 2386 1646 2413; x_wconf 88' lang='lat' dir='ltr'><strong>dum</strong></span> 
     </span>
    </p>
   </div>
   <div class='ocr_carea' id='block_1_98' title="bbox 676 2449 1015 2478">
    <p class='ocr_par' dir='ltr' id='par_1_98' title="bbox 676 2449 1015 2478">
     <span class='ocr_line' id='line_1_99' title="bbox 676 2449 1015 2478; baseline 0.003 -2"><span class='ocrx_word' id='word_1_603' title='bbox 676 2450 794 2478; x_wconf 75' lang='lat' dir='ltr'><strong>VARl/E</strong></span> <span class='ocrx_word' id='word_1_604' title='bbox 810 2449 1015 2477; x_wconf 84' lang='lat' dir='ltr'><strong>LECTIONES.</strong></span> 
     </span>
    </p>
   </div>
   <div class='ocr_carea' id='block_1_99' title="bbox 81 2507 1329 2546">
    <p class='ocr_par' dir='ltr' id='par_1_99' title="bbox 81 2507 1329 2546">
     <span class='ocr_line' id='line_1_100' title="bbox 81 2507 1329 2546; baseline -0.002 -9"><span class='ocrx_word' id='word_1_605' title='bbox 81 2510 88 2524; x_wconf 93' lang='lat'><strong>&#39;</strong></span> <span class='ocrx_word' id='word_1_606' title='bbox 101 2511 253 2545; x_wconf 76' lang='grc' dir='ltr'>ὑπογράφειν</span> <span class='ocrx_word' id='word_1_607' title='bbox 269 2520 301 2543; x_wconf 81' lang='grc' dir='ltr'>ς.</span> <span class='ocrx_word' id='word_1_608' title='bbox 337 2511 348 2526; x_wconf 82' lang='grc'><em>⁸</em></span> <span class='ocrx_word' id='word_1_609' title='bbox 361 2510 410 2546; x_wconf 80' lang='grc' dir='ltr'>τῆς</span> <span class='ocrx_word' id='word_1_610' title='bbox 429 2518 483 2538; x_wconf 89' lang='lat' dir='ltr'><strong>om.</strong></span> <span class='ocrx_word' id='word_1_611' title='bbox 503 2509 536 2537; x_wconf 88' lang='lat' dir='ltr'><strong>A.</strong></span> <span class='ocrx_word' id='word_1_612' title='bbox 575 2510 585 2526; x_wconf 83' lang='lat'><strong>’</strong></span> <span class='ocrx_word' id='word_1_613' title='bbox 617 2514 678 2544; x_wconf 85' lang='lat' dir='ltr'><strong>post</strong></span> <span class='ocrx_word' id='word_1_614' title='bbox 699 2510 891 2546; x_wconf 85' lang='grc' dir='ltr'>παραπλήσιον</span> <span class='ocrx_word' id='word_1_615' title='bbox 927 2516 997 2536; x_wconf 89' lang='lat' dir='ltr'><strong>nntts</strong></span> <span class='ocrx_word' id='word_1_616' title='bbox 1009 2509 1035 2535; x_wconf 95' lang='lat' dir='ltr'><strong>in</strong></span> <span class='ocrx_word' id='word_1_617' title='bbox 1052 2507 1074 2534; x_wconf 77' lang='grc' dir='ltr'>Α</span> <span class='ocrx_word' id='word_1_618' title='bbox 1107 2515 1202 2535; x_wconf 84' lang='lat' dir='ltr'><strong>versus</strong></span> <span class='ocrx_word' id='word_1_619' title='bbox 1219 2515 1329 2535; x_wconf 89' lang='lat' dir='ltr'><strong>vacuus.</strong></span> 
     </span>
    </p>
   </div>
   <div class='ocr_carea' id='block_1_100' title="bbox 781 2576 896 2606">
    <p class='ocr_par' dir='ltr' id='par_1_100' title="bbox 781 2576 896 2606">
     <span class='ocr_line' id='line_1_101' title="bbox 781 2576 896 2606; baseline 0.017 -3"><span class='ocrx_word' id='word_1_620' title='bbox 781 2576 896 2606; x_wconf 74' lang='lat' dir='ltr'><strong>NOTJE.</strong></span> 
     </span>
    </p>
   </div>
   <div class='ocr_carea' id='block_1_101' title="bbox 85 2631 810 2669">
    <p class='ocr_par' dir='ltr' id='par_1_101' title="bbox 85 2631 810 2669">
     <span class='ocr_line' id='line_1_102' title="bbox 85 2631 810 2669; baseline -0.001 -6"><span class='ocrx_word' id='word_1_621' title='bbox 85 2631 126 2668; x_wconf 76' lang='grc'><strong>(96)</strong></span> <span class='ocrx_word' id='word_1_622' title='bbox 134 2634 201 2668; x_wconf 82' lang='lat' dir='ltr'><strong>Quod</strong></span> <span class='ocrx_word' id='word_1_623' title='bbox 213 2643 274 2663; x_wconf 90' lang='lat' dir='ltr'><strong>cum</strong></span> <span class='ocrx_word' id='word_1_624' title='bbox 286 2635 383 2662; x_wconf 87' lang='lat' dir='ltr'><strong>Latina</strong></span> <span class='ocrx_word' id='word_1_625' title='bbox 395 2642 442 2662; x_wconf 89' lang='lat' dir='ltr'><strong>sna</strong></span> <span class='ocrx_word' id='word_1_626' title='bbox 454 2634 554 2669; x_wconf 78' lang='lat' dir='ltr'><strong>insigni</strong></span> <span class='ocrx_word' id='word_1_627' title='bbox 570 2634 810 2669; x_wconf 86' lang='lat' dir='ltr'><strong>interpretatione,</strong></span> 
     </span>
    </p>
   </div>
   <div class='ocr_carea' id='block_1_102' title="bbox 60 2669 808 2706">
    <p class='ocr_par' dir='ltr' id='par_1_102' title="bbox 60 2669 808 2706">
     <span class='ocr_line' id='line_1_103' title="bbox 60 2669 808 2706; baseline 0.008 -15"><span class='ocrx_word' id='word_1_628' title='bbox 60 2670 138 2706; x_wconf 57' lang='lat' dir='ltr'><strong>:lsacri</strong></span> <span class='ocrx_word' id='word_1_629' title='bbox 155 2672 289 2706; x_wconf 62' lang='lat' dir='ltr'><strong>prophetae</strong></span> <span class='ocrx_word' id='word_1_630' title='bbox 299 2675 372 2697; x_wconf 76' lang='lat' dir='ltr'><strong>textu</strong></span> <span class='ocrx_word' id='word_1_631' title='bbox 387 2670 471 2697; x_wconf 88' lang='lat' dir='ltr'><strong>edidit</strong></span> <span class='ocrx_word' id='word_1_632' title='bbox 485 2669 597 2696; x_wconf 84' lang='lat' dir='ltr'><strong>Parisiis</strong></span> <span class='ocrx_word' id='word_1_633' title='bbox 608 2670 718 2698; x_wconf 80' lang='lat' dir='ltr'><strong>tloctiss.</strong></span> <span class='ocrx_word' id='word_1_634' title='bbox 728 2669 808 2698; x_wconf 81' lang='lat' dir='ltr'><strong>Joan.</strong></span> 
     </span>
    </p>
   </div>
   <div class='ocr_carea' id='block_1_103' title="bbox 60 2702 334 2732">
    <p class='ocr_par' dir='ltr' id='par_1_103' title="bbox 60 2702 334 2732">
     <span class='ocr_line' id='line_1_104' title="bbox 60 2702 334 2732; baseline 0.026 -6"><span class='ocrx_word' id='word_1_635' title='bbox 60 2702 177 2731; x_wconf 51' lang='lat' dir='ltr'><strong>liurterin&#39;s.</strong></span> <span class='ocrx_word' id='word_1_636' title='bbox 191 2702 234 2732; x_wconf 54' lang='grc' dir='ltr'><strong>εἴη.</strong></span> <span class='ocrx_word' id='word_1_637' title='bbox 251 2705 334 2732; x_wconf 72' lang='grc'><strong>1580.</strong></span> 
     </span>
    </p>
   </div>
   <div class='ocr_carea' id='block_1_104' title="bbox 85 2738 668 2774">
    <p class='ocr_par' dir='ltr' id='par_1_104' title="bbox 85 2738 668 2774">
     <span class='ocr_line' id='line_1_105' title="bbox 85 2738 668 2774; baseline 0.005 -11"><span class='ocrx_word' id='word_1_638' title='bbox 85 2738 126 2774; x_wconf 63' lang='lat' dir='ltr'><strong>illi)</strong></span> <span class='ocrx_word' id='word_1_639' title='bbox 139 2739 171 2765; x_wconf 85' lang='lat' dir='ltr'><strong>De</strong></span> <span class='ocrx_word' id='word_1_640' title='bbox 184 2740 278 2767; x_wconf 88' lang='lat' dir='ltr'><strong>iisdem</strong></span> <span class='ocrx_word' id='word_1_641' title='bbox 296 2740 415 2774; x_wconf 89' lang='lat' dir='ltr'><strong>pluribus</strong></span> <span class='ocrx_word' id='word_1_642' title='bbox 436 2746 510 2774; x_wconf 90' lang='lat' dir='ltr'><strong>supr.</strong></span> <span class='ocrx_word' id='word_1_643' title='bbox 524 2739 585 2766; x_wconf 90' lang='lat' dir='ltr'><strong>cod.</strong></span> <span class='ocrx_word' id='word_1_644' title='bbox 606 2740 668 2767; x_wconf 70' lang='lat' dir='ltr'><strong>l8&#39;2.</strong></span> 
     </span>
    </p>
   </div>
   <div class='ocr_carea' id='block_1_105' title="bbox 60 2771 809 2836">
    <p class='ocr_par' dir='ltr' id='par_1_105' title="bbox 60 2771 809 2836">
     <span class='ocr_line' id='line_1_106' title="bbox 60 2771 809 2836; baseline 0.003 -36"><span class='ocrx_word' id='word_1_645' title='bbox 60 2771 547 2836; x_wconf 48' lang='lat' dir='ltr'><strong>cfl‘gfl8ﬁtst01uisextus&#39;numeratur&#39;cod.</strong></span> <span class='ocrx_word' id='word_1_646' title='bbox 565 2774 616 2801; x_wconf 74' lang='grc'><strong>182</strong></span> <span class='ocrx_word' id='word_1_647' title='bbox 639 2775 809 2809; x_wconf 85' lang='lat' dir='ltr'><strong>iterumque,</strong></span> 
     </span>
    </p>
   </div>
   <div class='ocr_carea' id='block_1_106' title="bbox 85 2843 594 2879">
    <p class='ocr_par' dir='ltr' id='par_1_106' title="bbox 85 2843 594 2879">
     <span class='ocr_line' id='line_1_107' title="bbox 85 2843 594 2879; baseline 0.01 -11"><span class='ocrx_word' id='word_1_648' title='bbox 85 2843 131 2877; x_wconf 48' lang='lat' dir='ltr'><strong>ne)</strong></span> <span class='ocrx_word' id='word_1_649' title='bbox 143 2846 206 2877; x_wconf 68' lang='lat' dir='ltr'><strong>Qua:</strong></span> <span class='ocrx_word' id='word_1_650' title='bbox 221 2849 347 2879; x_wconf 77' lang='lat' dir='ltr'><strong>excerpta</strong></span> <span class='ocrx_word' id='word_1_651' title='bbox 362 2844 437 2879; x_wconf 69' lang='lat' dir='ltr'><strong>lcgcs</strong></span> <span class='ocrx_word' id='word_1_652' title='bbox 453 2846 511 2872; x_wconf 80' lang='lat' dir='ltr'><strong>rod.</strong></span> <span class='ocrx_word' id='word_1_653' title='bbox 532 2846 594 2873; x_wconf 72' lang='lat'><strong>‘230.</strong></span> 
     </span>
    </p>
   </div>
   <div class='ocr_carea' id='block_1_107' title="bbox 901 2635 1630 2671">
    <p class='ocr_par' dir='ltr' id='par_1_107' title="bbox 901 2635 1630 2671">
     <span class='ocr_line' id='line_1_108' title="bbox 901 2635 1630 2671; baseline 0.003 -9"><span class='ocrx_word' id='word_1_654' title='bbox 901 2635 941 2671; x_wconf 76' lang='grc' dir='ltr'><strong>(Ι)</strong></span> <span class='ocrx_word' id='word_1_655' title='bbox 959 2636 1057 2663; x_wconf 83' lang='lat' dir='ltr'><strong>Eadem</strong></span> <span class='ocrx_word' id='word_1_656' title='bbox 1077 2635 1155 2670; x_wconf 80' lang='lat' dir='ltr'><strong>plane</strong></span> <span class='ocrx_word' id='word_1_657' title='bbox 1169 2635 1244 2671; x_wconf 82' lang='grc' dir='ltr'>κρίσι</span> <span class='ocrx_word' id='word_1_658' title='bbox 1263 2636 1344 2663; x_wconf 86' lang='lat' dir='ltr'><strong>etiam</strong></span> <span class='ocrx_word' id='word_1_659' title='bbox 1356 2643 1440 2671; x_wconf 77' lang='lat' dir='ltr'><strong>supra</strong></span> <span class='ocrx_word' id='word_1_660' title='bbox 1454 2636 1550 2663; x_wconf 67' lang='lat' dir='ltr'><strong>codice</strong></span> <span class='ocrx_word' id='word_1_661' title='bbox 1569 2636 1630 2664; x_wconf 76' lang='grc'><strong>182.</strong></span> 
     </span>
    </p>
   </div>
   <div class='ocr_carea' id='block_1_108' title="bbox 900 2670 1648 2713">
    <p class='ocr_par' dir='ltr' id='par_1_108' title="bbox 900 2670 1648 2713">
     <span class='ocr_line' id='line_1_109' title="bbox 900 2670 1648 2713; baseline -0.001 -15"><span class='ocrx_word' id='word_1_662' title='bbox 900 2671 1000 2713; x_wconf 53' lang='grc' dir='ltr'>(ᾷλρε</span> <span class='ocrx_word' id='word_1_663' title='bbox 1026 2679 1079 2706; x_wconf 88' lang='lat' dir='ltr'><strong>quo</strong></span> <span class='ocrx_word' id='word_1_664' title='bbox 1099 2671 1157 2705; x_wconf 82' lang='lat' dir='ltr'><strong>lege</strong></span> <span class='ocrx_word' id='word_1_665' title='bbox 1176 2670 1334 2705; x_wconf 87' lang='lat' dir='ltr'><strong>interpretis</strong></span> <span class='ocrx_word' id='word_1_666' title='bbox 1353 2670 1440 2698; x_wconf 84' lang='lat' dir='ltr'><strong>Latini</strong></span> <span class='ocrx_word' id='word_1_667' title='bbox 1463 2671 1648 2706; x_wconf 72' lang='lat' dir='ltr'><strong>prmfationum</strong></span> 
     </span>
    </p>
   </div>
   <div class='ocr_carea' id='block_1_109' title="bbox 862 2707 1648 2777">
    <p class='ocr_par' dir='ltr' id='par_1_109' title="bbox 862 2707 1648 2777">
     <span class='ocr_line' id='line_1_110' title="bbox 905 2707 1028 2732; baseline 0.008 -1"><span class='ocrx_word' id='word_1_668' title='bbox 905 2707 923 2731; x_wconf 64' lang='grc' dir='ltr'>Β</span> <span class='ocrx_word' id='word_1_669' title='bbox 946 2707 961 2730; x_wconf 87' lang='grc'><strong>”‹</strong></span> <span class='ocrx_word' id='word_1_670' title='bbox 1021 2726 1028 2732; x_wconf 93' lang='grc'>.</span> 
     </span>
     <span class='ocr_line' id='line_1_111' title="bbox 862 2707 1648 2777; baseline 0 -9"><span class='ocrx_word' id='word_1_671' title='bbox 862 2711 888 2733; x_wconf 61' lang='lat' dir='ltr'><strong>el</strong></span> <span class='ocrx_word' id='word_1_672' title='bbox 901 2707 1105 2777; x_wconf 34' lang='grc' dir='ltr'><strong>(ξ’)ἳῗὸῗιῐίέιιρύῑο</strong></span> <span class='ocrx_word' id='word_1_673' title='bbox 1122 2749 1217 2777; x_wconf 80' lang='lat' dir='ltr'><strong>omnes</strong></span> <span class='ocrx_word' id='word_1_674' title='bbox 1234 2745 1342 2768; x_wconf 73' lang='lat' dir='ltr'><strong>exstant</strong></span> <span class='ocrx_word' id='word_1_675' title='bbox 1362 2740 1474 2770; x_wconf 77' lang='lat' dir='ltr'><strong>PariSiis</strong></span> <span class='ocrx_word' id='word_1_676' title='bbox 1492 2740 1648 2776; x_wconf 83' lang='lat' dir='ltr'><strong>nuperrime</strong></span> 
     </span>
    </p>
   </div>
   <div class='ocr_carea' id='block_1_110' title="bbox 864 2776 1374 2804">
    <p class='ocr_par' dir='ltr' id='par_1_110' title="bbox 864 2776 1374 2804">
     <span class='ocr_line' id='line_1_112' title="bbox 864 2776 1374 2804; baseline -0.002 0"><span class='ocrx_word' id='word_1_677' title='bbox 864 2784 924 2804; x_wconf 88' lang='lat' dir='ltr'><strong>cum</strong></span> <span class='ocrx_word' id='word_1_678' title='bbox 941 2776 1017 2803; x_wconf 82' lang='lat' dir='ltr'><strong>Notis</strong></span> <span class='ocrx_word' id='word_1_679' title='bbox 1032 2776 1126 2803; x_wconf 78' lang='lat' dir='ltr'><strong>Graece</strong></span> <span class='ocrx_word' id='word_1_680' title='bbox 1136 2781 1162 2803; x_wconf 88' lang='lat' dir='ltr'><strong>et</strong></span> <span class='ocrx_word' id='word_1_681' title='bbox 1176 2776 1272 2803; x_wconf 85' lang='lat' dir='ltr'><strong>Latine</strong></span> <span class='ocrx_word' id='word_1_682' title='bbox 1285 2776 1374 2804; x_wconf 75' lang='lat' dir='ltr'><strong>cditm.</strong></span> 
     </span>
    </p>
   </div>
   <div class='ocr_carea' id='block_1_111' title="bbox 901 2811 1650 2848">
    <p class='ocr_par' dir='ltr' id='par_1_111' title="bbox 901 2811 1650 2848">
     <span class='ocr_line' id='line_1_113' title="bbox 901 2811 1650 2848; baseline 0.003 -12"><span class='ocrx_word' id='word_1_683' title='bbox 901 2812 939 2848; x_wconf 69' lang='grc'><strong>(4)</strong></span> <span class='ocrx_word' id='word_1_684' title='bbox 954 2812 975 2848; x_wconf 64' lang='grc' dir='ltr'>ᾼ</span> <span class='ocrx_word' id='word_1_685' title='bbox 996 2811 1074 2848; x_wconf 77' lang='lat' dir='ltr'><strong>cujus</strong></span> <span class='ocrx_word' id='word_1_686' title='bbox 1089 2812 1223 2838; x_wconf 84' lang='lat' dir='ltr'><strong>mentione</strong></span> <span class='ocrx_word' id='word_1_687' title='bbox 1244 2816 1324 2842; x_wconf 82' lang='lat' dir='ltr'><strong>orat..</strong></span> <span class='ocrx_word' id='word_1_688' title='bbox 1343 2813 1377 2839; x_wconf 78' lang='grc'><strong>15</strong></span> <span class='ocrx_word' id='word_1_689' title='bbox 1397 2821 1477 2848; x_wconf 86' lang='lat' dir='ltr'><strong>quam</strong></span> <span class='ocrx_word' id='word_1_690' title='bbox 1501 2812 1534 2840; x_wconf 85' lang='lat' dir='ltr'><strong>de</strong></span> <span class='ocrx_word' id='word_1_691' title='bbox 1555 2812 1650 2840; x_wconf 74' lang='lat' dir='ltr'><strong>exsilio</strong></span> 
     </span>
    </p>
   </div>
   <div class='ocr_carea' id='block_1_112' title="bbox 827 2846 1384 2883">
    <p class='ocr_par' dir='ltr' id='par_1_112' title="bbox 827 2846 1384 2883">
     <span class='ocr_line' id='line_1_114' title="bbox 827 2846 1384 2883; baseline 0.004 -9"><span class='ocrx_word' id='word_1_692' title='bbox 827 2847 848 2874; x_wconf 74' lang='grc' dir='ltr'><strong>Α</strong></span> <span class='ocrx_word' id='word_1_693' title='bbox 886 2846 976 2874; x_wconf 79' lang='lat' dir='ltr'><strong>thcnis</strong></span> <span class='ocrx_word' id='word_1_694' title='bbox 997 2847 1099 2880; x_wconf 67' lang='lat' dir='ltr'><strong>habuit,</strong></span> <span class='ocrx_word' id='word_1_695' title='bbox 1116 2847 1268 2874; x_wconf 85' lang='lat' dir='ltr'><strong>inchoatam</strong></span> <span class='ocrx_word' id='word_1_696' title='bbox 1284 2848 1384 2883; x_wconf 71' lang='lat' dir='ltr'><strong>videns.</strong></span> 
     </span>
    </p>
   </div>
  </div>
