1916 3092
263 168 317 200 679

786 188 795 194 .
843 165 975 195 ΡΗΟΤΙΙ
990 164 1252 196 PATRIARCH/E
1272 165 1329 194 CP.

1837 167 1881 199 680

269 224 337 260 fugit
350 223 520 254 servitutem,
531 222 609 250 exsul
620 221 720 255 factus,
731 222 822 250 varias
829 223 982 251 oberrando
991 231 1048 258 per:

1104 223 1207 259 ταύτης
1222 224 1244 239 ¹⁰
1258 222 1414 258 τυραννίδος
1431 222 1566 250 ἐκκλίνων
1576 223 1710 264 δουλείαν,
1729 224 1776 250 καὶ
1791 224 1881 260 πολλὴν

266 271 373 306 agravit
395 270 529 304 regiones.
560 269 635 296 Idem
658 270 684 296 in
706 269 812 297 dicendi
836 274 894 297 arte
913 275 1007 296 acutus
1022 277 1054 297 ac

264 317 350 344 Solers
375 321 416 343 est
433 315 554 347 habitus,
580 315 730 355 praesertim
757 315 779 343 si
807 316 840 343 de
861 316 1053 350 componendis

264 363 385 390 moribus
406 362 526 389 dandum
549 366 622 388 esset
647 361 802 389 consilium.
818 361 910 397 Viguit
934 361 1053 396 Trajano

264 407 357 434 Roma:
396 407 572 442 imperante,
608 414 669 434 eum
705 414 759 441 quo
795 407 841 434 diu
884 407 1053 442 multumque

266 453 334 481 vixit
354 473 362 485 ,
383 458 410 481 et
439 454 464 480 in
489 461 520 480 ea
545 453 749 480 existimatione
778 457 860 488 atque
881 453 995 485 honore,
1024 458 1053 481 ut

263 506 290 527 et
302 508 362 528 ctnn
377 500 499 534 Angusto
518 500 661 527 communi
677 500 812 527 interdtnn
828 504 956 534 carpento
971 499 1053 527 vehe-

264 553 348 574 retur.
367 547 474 573 Patrem
490 546 586 573 habuit
612 546 795 580 Pasicratem,
817 546 909 573 rhetor
931 546 987 581 ipse
1010 546 1053 573 in-

267 593 362 619 stituto
390 596 472 626 atque
491 592 680 625 philosophus.
695 591 810 618 Tantam
833 595 923 618 autem
946 598 1051 618 morum

264 639 437 665 severitatem
468 637 610 664 alfectasse
638 635 740 668 ferunt,
760 641 789 664 ut
815 636 909 672 165b
944 636 1051 663 leonina

264 691 336 719 same
353 684 462 710 indutus
484 683 554 717 pelle
580 683 608 710 in
635 682 773 716 publicum
800 683 930 717 prodiret.
951 683 1051 710 Vocem

264 729 386 756 mittebat
399 729 530 764 placidam
549 733 577 755 et
592 729 708 761 firmam,
725 729 850 756 incessus
866 728 976 755 minime
989 728 1051 762 qui-

263 776 323 802 dem
343 775 483 806 incitatns,
509 775 558 801 sed
582 781 635 802 non
660 774 722 801 ideo
745 774 836 808 segnis
848 773 1021 805 amfractus,
1036 781 1050 800 a

264 828 317 855 quo
337 828 386 848 nec
401 821 497 855 reliqui
518 821 640 853 corporis
657 825 749 847 motus
765 819 966 853 discrepabant.
983 818 1051 845 Gra-

262 867 322 894 cilis
338 867 431 894 adme
444 871 513 898 erat,
529 871 556 893 et
567 873 683 901 corpore
699 865 911 899 haudquaquam
926 869 1015 893 vasto.

298 911 441 940 Orationes
465 912 663 946 conscripsisse
684 911 813 946 plurimas
831 911 961 942 referunt,
979 919 1047 945 qua-

263 966 323 984 rtnn
341 958 478 992 octoginta
511 958 536 984 in
567 965 640 984 meas
672 957 827 984 inciderunt
854 964 971 983 manus:
988 964 1048 990 qua:

261 1003 370 1038 quidem
386 1004 522 1030 orationes
541 1002 731 1038 Chrysostomi
749 1002 816 1037 [hoc
829 1007 870 1029 est
891 1003 965 1029 aurei
981 1002 1045 1038 oris]

262 1051 470 1085 cognomentum
493 1049 531 1076 illi
557 1050 628 1084 apud
651 1049 709 1081 ejus
722 1049 811 1076 aetatis
828 1048 950 1076 homines
966 1055 1048 1083 pepe-

261 1099 365 1121 rerunt.
378 1094 513 1121 Czeterum
526 1094 675 1128 pleraeque,
690 1098 720 1120 ut
741 1093 874 1125 dicebam,
894 1094 1048 1121 orationum

260 1136 319 1170 ejus
339 1144 407 1172 quas
426 1136 535 1171 quidem
553 1138 686 1170 noverim,
713 1137 853 1164 suasoriae.
870 1137 922 1165 Sed
940 1138 1048 1173 quando

261 1189 367 1216 aequum
384 1187 428 1209 est
443 1182 623 1209 deliberativo
637 1183 728 1217 generi
741 1183 870 1217 quiddam
884 1183 965 1210 etiam
977 1183 1049 1218 judi-

261 1227 331 1254 ciale
341 1227 510 1262 permisceri,
519 1235 612 1262 parem
625 1228 682 1262 ipse
694 1228 824 1255 virtutem
837 1228 863 1255 in
876 1228 927 1256 hoc
941 1236 1049 1263 quoque

261 1272 395 1300 orationis
415 1280 515 1306 genere
537 1273 679 1300 ostendit:
695 1277 721 1300 et
742 1274 813 1300 inter
832 1281 927 1301 omnes
939 1274 1047 1308 quidem

264 1318 381 1345 maxime
410 1317 560 1344 Rhodiaca.
581 1317 650 1344 Nam
677 1323 704 1345 et
726 1318 815 1344 acrius
838 1319 1048 1353 enthymematis

262 1364 356 1394 instat,
370 1367 397 1390 et
412 1364 522 1390 brevem
540 1368 621 1398 atque
633 1368 786 1391 contortam
797 1364 947 1392 orationem
964 1365 1049 1400 (quod

262 1410 358 1436 saltem
373 1410 406 1436 ad
419 1410 617 1445 characterem)
635 1410 792 1442 adhibet,ct
806 1411 974 1439 vehementia
987 1419 1048 1438 cum

262 1455 385 1482 ubertate
400 1455 529 1482 abundat.
554 1456 691 1490 Exemplis
709 1456 824 1490 insuper
841 1457 958 1484 maxime
980 1465 1048 1491 pra:-

261 1505 328 1533 stat,
346 1509 406 1536 quae
425 1501 524 1536 ubique
541 1502 623 1528 multa
642 1509 657 1528 e
672 1502 755 1529 variis
767 1502 849 1536 petita
866 1503 955 1535 rebus,
967 1503 1050 1537 aptis-

261 1547 329 1574 sime
343 1547 377 1574 ad
388 1547 554 1582 propositum
571 1552 762 1582 argumentum
782 1549 981 1575 accommodat.
1005 1548 1048 1575 Li-
1062 1564 1083 1592 ο

262 1593 420 1620 beatissime
446 1599 552 1627 quoque
579 1593 719 1620 fabulosus
744 1593 914 1620 narrationes
943 1594 1048 1628 aliquas

264 1637 462 1665 monitionibus
489 1638 598 1671 intexit,
622 1643 652 1665 ut
667 1646 728 1665 eam
744 1639 825 1665 etiam
848 1641 883 1667 ob
900 1647 956 1666 rem
982 1640 1048 1666 sim-

264 1683 323 1717 plex
338 1684 445 1711 dicendi
462 1691 548 1717 genus
560 1690 732 1712 consectatus
745 1685 827 1712 videri
844 1686 938 1720 possit.
951 1685 1049 1713 Rarius

261 1728 333 1756 enim
354 1729 473 1757 Platonis
494 1731 617 1764 exemplo
640 1730 772 1764 ejusmodi
795 1739 855 1758 eum
875 1731 982 1760 fabulas
1008 1732 1049 1760 af-

262 1774 393 1802 ferentem
407 1776 509 1808 videas,
521 1783 582 1810 quae
594 1777 635 1811 (ut
647 1776 672 1803 in
685 1776 892 1812 Borysthenica)
904 1777 1047 1805 elationem

262 1820 380 1855 aliquam
404 1822 640 1856 granditatemque
662 1824 777 1850 orationi
793 1824 903 1850 addant.
927 1816 1048 1859 Simplici

264 1866 346 1899 igitur
358 1867 417 1894 idea
439 1867 586 1902 plurimum
608 1871 651 1895 est
667 1876 733 1895 usus
749 1870 789 1904 (ut
808 1869 887 1903 paulo
909 1875 972 1897 ante
983 1870 1049 1897 dixi-

262 1913 334 1949 mus)
350 1914 377 1940 in
398 1913 532 1947 sensibus,
555 1915 693 1942 vocabulis
719 1915 782 1942 item
807 1915 997 1946 familiaribus,
1022 1921 1049 1943 et

263 1960 363 1992 passim
379 1960 478 1992 obviis,
502 1959 623 1995 nihilque
637 1962 798 1996 compositio
814 1962 894 1989 habet
909 1967 955 1988 aut
968 1962 1048 1990 subli-

263 2004 366 2031 mitatis
399 2005 567 2032 ostentandae
585 2025 593 2037 ,
633 2010 679 2032 aut
709 2007 849 2041 captanda:
871 1997 1049 2041 iucunditatis

262 2050 347 2083 gratia
373 2050 542 2078 innovatum.
559 2051 591 2078 Et
610 2059 685 2084 vero,
706 2052 732 2078 in
755 2053 844 2079 verbis
871 2052 977 2084 saltem,
1001 2059 1049 2079 n0-

267 2096 424 2130 minumque
439 2097 641 2131 conjunctione,
655 2100 828 2132 perspicuum
841 2099 946 2126 dicendi
963 2106 1048 2133 genus

260 2142 420 2176 scriptorem
431 2144 503 2170 lnmc
514 2144 680 2179 propositum
693 2145 819 2171 habuisse
831 2145 970 2172 existimes
982 2153 988 2170 :
1001 2145 1047 2183 sed

262 2190 323 2215 dum
347 2189 452 2223 longius
480 2191 622 2217 sententia!
649 2190 827 2217 redditiouem
855 2191 989 2225 producit,
1008 2191 1048 2217 di-

261 2234 504 2268 gressionibnsque
517 2239 545 2261 ut
561 2235 707 2269 plurimum
725 2235 877 2261 orationem
896 2234 1047 2268 intertexit,

262 2287 314 2305 non
341 2287 435 2313 parum
459 2279 493 2306 ab
520 2279 572 2306 hoc
598 2281 722 2306 instituto
744 2279 870 2307 deﬂectit.
885 2278 1046 2314 Quanquam

261 2324 320 2351 haec
333 2325 440 2357 quidem
457 2325 574 2352 varietas
583 2325 706 2360 qumdam
724 2325 800 2358 idem,
811 2325 976 2352 eharaeteris
989 2332 1047 2358 pro-

261 2369 372 2403 prietas,
390 2377 441 2396 non
460 2378 508 2405 pro
522 2370 580 2396 vitii
602 2370 702 2397 indicio
730 2369 823 2396 haberi
848 2370 960 2396 forsitan
984 2376 1046 2404 pos-

261 2415 326 2442 sint.
339 2416 374 2442 At
388 2415 460 2451 quod
473 2416 596 2448 exordia,
615 2420 661 2442 aut
683 2423 742 2450 quae
765 2415 938 2442 exordiorum
962 2415 1048 2441 instar

262 2465 336 2493 sunt,
360 2461 515 2496 longissime
536 2461 676 2496 producat,
698 2460 724 2487 id
746 2460 803 2495 jam
820 2460 908 2494 palam
929 2459 1004 2491 facit,
1020 2464 1048 2487 et

261 2514 324 2533 eum
344 2514 514 2542 nequaquam
536 2506 710 2533 familiarium
734 2505 923 2540 congressibus
939 2512 1048 2532 accom-

262 2551 399 2578 modatam
424 2551 531 2578 dicendi
561 2551 675 2578 formam
699 2558 748 2586 pro
770 2550 842 2578 civili
870 2555 898 2577 et
917 2550 1046 2577 historica

260 2602 404 2630 usurpare,
417 2601 444 2622 et
460 2595 546 2630 majus
561 2597 636 2630 quasi
649 2600 742 2630 caput,
758 2603 838 2630 quatit
859 2595 992 2630 reliquum
1011 2596 1046 2622 sit

259 2641 391 2668 orationis
405 2649 512 2676 corpus,
526 2641 662 2677 efﬁngere.

296 2688 455 2715 Orationum
471 2688 553 2724 igitur
567 2689 625 2723 ejus
642 2693 759 2724 quatuor
780 2689 895 2724 priores,
913 2687 946 2715 de
961 2694 1046 2721 regno

1105 269 1206 303 ἐπῆλθε
1222 268 1398 304 πλανώμενος
1414 269 1476 304 γῆν.
1491 267 1581 300 Δεξιὺς
1604 268 1632 295 δὲ
1649 270 1713 305 περὶ
1724 270 1787 301 τοὺς
1797 269 1882 303 λόγους

1104 316 1193 347 ἔδοξεν
1211 313 1291 348 εἶναι,
1307 315 1356 341 καὶ
1368 315 1487 350 μάλιστα
1503 314 1566 346 τοὺς
1582 315 1638 341 ὅσοι
1659 315 1802 351 ῥυθμίζειν
1821 325 1882 351 συμ-

1105 361 1261 387 ϐουλεύουσι
1275 361 1309 388 τὰ
1328 361 1390 395 ἤθη.
1411 361 1540 395 Ἤκμασε
1561 360 1590 387 δὲ
1607 361 1677 387 κατὰ
1696 361 1759 393 τοὺς
1779 361 1883 397 χρόνους

1103 406 1150 433 τοῦ
1164 406 1295 442 βασιλέως
1306 406 1451 442 Τραϊανοῦ,
1465 406 1513 433 καὶ
1527 406 1653 433 πλεῖστον
1665 405 1785 441 διέτριψε
1797 408 1884 442 χρόνον

1104 454 1170 488 παρ’
1185 452 1271 488 αὐτῷ,
1286 453 1333 480 καὶ
1347 453 1395 488 τῆς
1408 453 1448 479 ὅτι
1462 453 1579 487 μάλιστα
1587 452 1670 488 τιμῆς
1683 453 1732 480 καὶ
1742 452 1883 485 δεξιώσεως

1103 499 1209 534 ἔτυχεν,
1233 499 1271 531 ὼς
1296 499 1343 526 καὶ
1366 498 1582 534 συγκαθέζεσθαι
1605 499 1686 526 αὐτὸν
1703 498 1741 534 τῷ
1757 498 1823 535 [275
1842 499 1882 534 ιι]

1104 545 1231 581 βασιλείῳ
1242 546 1371 580 ὀχήματι.
1382 546 1451 577 Παῖς
1461 545 1511 580 μὲν
1522 543 1555 581 ἦν
1568 545 1588 561 ¹¹
1601 542 1679 576 οὗτος
1692 545 1883 580 Πασικράτους,

1103 591 1232 626 σοφιστὴς
1248 591 1277 618 δὲ
1289 591 1336 618 καὶ
1350 592 1495 626 φιλόσοφος
1509 591 1540 617 τὸ
1552 591 1733 626 ἐπιτήδευμα.
1750 591 1814 618 Ἐπὶ
1828 599 1884 617 τοσ-

1101 636 1179 664 οῦτον
1191 636 1212 663 δ’
1225 636 1306 663 αὐτὸν
1319 637 1370 671 τῆς
1386 636 1458 662 κατὰ
1476 636 1506 662 τὺ
1522 636 1616 671 σχῆμά
1629 643 1694 669 φασι
1727 635 1885 670 σεμνότητος

1101 684 1309 715 ἀντιποιεῖσθαι,
1329 683 1367 714 ὡς
1387 682 1436 709 καὶ
1458 681 1568 717 λεοντῆν
1588 681 1718 713 πολλάκις
1739 681 1885 715 ἐνημμένον

1102 729 1240 757 ποιεῖσθαι
1253 729 1304 764 τὴν
1318 728 1442 763 πρόοδον,
1452 727 1548 763 Φωνὴν
1558 727 1580 753 δ’
1594 726 1731 762 ἡρεμαίαν
1751 726 1828 761 ἠφίει
1844 726 1885 751 καὶ

1102 772 1182 799 σταθε
1188 772 1249 807 ράν.
1265 772 1321 799 Καὶ
1340 772 1464 806 σχολαῖον
1475 772 1524 806 μὲν
1540 771 1601 797 ἀλλ’
1610 771 1660 797 οὐκ
1670 770 1807 805 ἀναϐεϐλη
1813 770 1884 805 μένον

1103 818 1232 853 βάδισμα,
1255 817 1303 844 καὶ
1324 816 1411 844 τᾶλλα
1428 817 1449 833 ¹¹
1472 817 1526 844 τῶν
1552 818 1712 852 κινημάτων
1734 817 1785 843 οὐκ
1801 816 1884 851 ἀσύμ-

1102 872 1177 899 φωνα
1187 873 1195 880 ·
1214 864 1302 899 ἰσχνὸς
1317 864 1341 890 δ’
1356 863 1378 880 ⁸³
1395 861 1429 898 ἦν
1443 863 1490 890 καὶ
1506 863 1567 890 οὐδὲ
1587 864 1672 898 μέγας
1689 863 1721 889 τὺ
1733 862 1826 897 σῶμα.

1137 909 1236 936 Τοῦτον
1258 908 1373 940 πολλούς
1396 917 1463 943 φασι
1488 909 1535 935 καὶ
1559 908 1699 939 ποικίλους
1721 907 1826 941 γράψαι
1845 906 1885 933 λό-

1102 963 1183 990 γους·
1203 955 1229 981 οἱ
1253 954 1275 980 δ’
1287 955 1328 985 είς
1350 954 1488 988 ἡμετέραν
1515 953 1668 988 φθάσαντες
1687 953 1788 987 γνῶσιν
1803 952 1847 979 τὸν
1860 950 1884 978 π’

1099 1001 1233 1035 ἐπλήρουν
1255 999 1384 1034 ἀριθμόν.
1410 999 1604 1035 Χρυσόστομον
1629 999 1652 1025 δ’
1669 998 1750 1025 αὐτὸν
1763 998 1790 1024 οἱ
1815 998 1884 1031 λόγοι

1099 1048 1131 1082 τῇ
1156 1046 1215 1073 κατ’
1231 1046 1315 1073 αὑτὸν
1328 1046 1411 1081 γενεᾷ
1432 1046 1582 1072 δεδώκασιν
1602 1045 1792 1079 ἐπονομάζειν.
1812 1043 1885 1070 Ἐστι

1101 1091 1151 1126 μὲν
1170 1090 1227 1124 οὖν,
1248 1092 1317 1125 ὅπερ
1333 1091 1412 1126 ἔφην,
1427 1090 1458 1116 τὸ
1479 1089 1606 1116 πλεῖστον
1625 1090 1706 1117 αὑτοῦ
1720 1089 1773 1116 τῶν
1790 1089 1883 1123 λόγων,

1098 1136 1146 1168 οὓς
1159 1138 1239 1172 ἡμεῖς
1255 1138 1346 1172 ίσμεν,
1368 1135 1600 1170 συμϐουλευτικόν
1612 1144 1619 1151 ·
1633 1132 1678 1162 οἷα
1693 1135 1716 1161 δ’
1738 1135 1824 1166 είκὺς,
1842 1134 1885 1160 καὶ

1099 1183 1137 1219 τῷ
1157 1183 1381 1218 συμϐουλευτικῷ
1402 1182 1648 1217 παραπλεκόμενον
1669 1181 1699 1207 τὸ
1712 1178 1767 1207 οἷον
1783 1180 1884 1206 δικανι-

1099 1229 1146 1256 κὸν
1161 1229 1351 1265 παραπλήσιον
1367 1229 1416 1264 τὴν
1429 1228 1529 1264 ἀρετὴν
1542 1229 1593 1254 κὰν
1606 1227 1645 1262 τῷ
1658 1227 1737 1263 μέρει
1755 1226 1824 1262 τῷδε
1841 1225 1885 1252 τοῦ

1099 1275 1177 1310 λόγου
1192 1275 1320 1307 δεικνύει,
1332 1275 1380 1302 καὶ
1394 1276 1511 1310 μάλιστα
1527 1274 1580 1301 τῶν
1592 1273 1680 1300 ἄλλων
1691 1274 1705 1300 ό
1723 1272 1884 1304 Ῥοδιακός.

1099 1322 1203 1356 Δριμύς
1220 1331 1250 1348 τε
1267 1322 1321 1357 γάρ
1344 1322 1402 1348 ἐστι
1425 1322 1482 1353 τοῖς
1504 1320 1686 1356 ἐνθυμήμασι,
1713 1319 1761 1346 κα)⁸
1779 1319 1812 1346 τὸ
1827 1327 1886 1345 συν-

1099 1368 1288 1404 εστραμμένον
1303 1368 1372 1403 πρός
1386 1376 1416 1402 γε
1432 1367 1477 1394 τὸν
1495 1366 1578 1394 αὑτοῦ
1598 1366 1761 1401 χαρακτῆρα
1779 1365 1835 1391 τῶν
1847 1364 1886 1390 λό-

1099 1421 1155 1446 γων
1167 1412 1248 1448 ἔχων,
1265 1413 1311 1440 καὶ
1323 1413 1354 1439 τὸ
1368 1412 1474 1439 ἔντονον
1486 1411 1556 1446 μετὰ
1566 1410 1613 1437 τοῦ
1624 1411 1736 1445 γονίμου
1752 1409 1885 1436 πλουτῶν.

1102 1458 1230 1493 Ἄριστος
1264 1458 1293 1485 δὲ
1319 1459 1374 1490 τοῖς
1400 1457 1604 1493 παραδείγμασι
1631 1457 1678 1483 καὶ
1715 1455 1801 1487 πολύς
1831 1456 1887 1482 ἐστι

1100 1503 1250 1538 πανταχοῦ,
1274 1504 1322 1530 καὶ
1346 1503 1473 1537 ποικίλης
1499 1502 1565 1537 ὕλης
1582 1501 1728 1537 λαμϐάνων
1747 1500 1822 1528 αὐτὰ
1842 1500 1888 1527 καὶ

1101 1550 1248 1585 προσφυῶς
1273 1550 1471 1585 ἁρμοζόμενος.
1513 1547 1611 1583 Χαίρει
1639 1548 1668 1573 δὲ
1698 1547 1818 1582 μάλιστα
1844 1546 1888 1573 καὶ

1102 1594 1306 1629 μυθολογήμασι
1333 1593 1382 1625 τὰς
1406 1593 1580 1628 παραινέσεις
1601 1592 1823 1624 συνδιαπλέκειν,
1846 1591 1885 1617 διὸ

1099 1640 1193 1666 καὶτὸ
1219 1640 1316 1674 ἀφελὲς
1337 1639 1444 1667 διώκειν
1465 1639 1560 1665 δοκεῖ’
1578 1639 1692 1666 σπάνιον
1718 1637 1774 1672 γὰρ
1800 1637 1829 1663 εἴ
1847 1645 1888 1667 τις

1100 1685 1175 1721 εὖροι
1195 1686 1266 1712 κατὰ
1283 1686 1328 1712 τὸν
1345 1686 1518 1712 Πλατωνικὸν
1534 1685 1613 1720 ζῆλον
1635 1686 1692 1716 τοῖς
1715 1685 1820 1719 δίαρμα
1844 1683 1890 1709 καὶ

1099 1731 1181 1765 ὄγκον
1195 1730 1417 1767 ἐνεργαζομένοις
1436 1730 1476 1766 τῷ
1494 1731 1577 1766 λόγῳ,
1592 1730 1688 1765 ὥσπερ
1708 1730 1738 1756 ὲν
1748 1728 1790 1764 τῷ
1806 1729 1890 1763 Βορυ-

1100 1777 1235 1812 σθενικῷ,
1264 1776 1360 1811 μύθοις
1394 1777 1475 1803 αὑτὸν
1507 1776 1713 1811 ἀποχρώμενον.
1748 1775 1819 1811 [55⁵2
1844 1773 1890 1810 IL]

1107 1822 1220 1856 ’Λφελὴς
1237 1821 1286 1856 μὲν
1302 1819 1349 1847 οὖν
1364 1822 1421 1847 ἐστι
1436 1821 1470 1847 τὰ
1485 1820 1580 1853 πολλὰ,
1596 1820 1633 1851 ὡς
1649 1819 1735 1854 ἔφθην
1751 1818 1774 1834 ’⁸
1793 1817 1889 1848 εἰπὼν,

1098 1869 1159 1899 ταῖς
1175 1868 1300 1900 ἐννοίαις,
1316 1867 1363 1894 καὶ
1377 1867 1432 1893 τῶν
1446 1875 1476 1893 τε
1494 1866 1730 1901 καθωμιλημένων
1746 1864 1827 1900 αὐτῷ
1845 1863 1892 1890 καὶ

1099 1913 1321 1945 ὲπιπολαζουσῶν
1334 1913 1362 1940 ai
1377 1913 1475 1946 λέξεις,
1491 1913 1540 1939 καὶ
1559 1912 1637 1939 οὐδὲν
1651 1911 1706 1939 οὐδ’
1722 1913 1740 1947 ὴ
1761 1910 1891 1942 σύνταξις

1098 1960 1151 1987 οὐδ’
1167 1960 1214 1986 ἐπὶ
1223 1960 1252 1986 τὸ
1267 1959 1413 1995 βαθύτερον
1430 1959 1492 1985 οὐδὲ
1515 1959 1546 1985 τὸ
1561 1957 1778 1994 καθηδυνόμενον
1791 1958 1892 1984 ἑκνεω-

1097 2005 1210 2041 τερίζει.
1237 2006 1292 2032 Καὶ
1304 2006 1334 2033 τό
1349 2014 1381 2040 γε
1395 2006 1441 2032 ἐπὶ
1449 2006 1506 2037 τοῖς
1518 2005 1622 2040 ῥήμασι
1637 2004 1685 2030 καὶ
1695 2006 1727 2039 τῇ
1742 2003 1891 2038 συμπλοκῇ

1098 2051 1152 2078 τῶν
1160 2051 1298 2086 ὀνομάτων
1306 2051 1352 2078 τοῦ
1369 2051 1471 2085 σαφοῦς
1481 2051 1513 2077 ἄν
1528 2059 1568 2082 τις
1579 2050 1698 2076 ἐλπίσειε
1707 2049 1753 2076 τὸν
1764 2056 1891 2083 συγγραο

1099 2097 1151 2130 φέα
1169 2097 1383 2131 κατεστοχάσθαι
1394 2103 1402 2111 ⁶
1422 2096 1490 2123 ἀλλὰ
1503 2097 1532 2122 τό
1548 2104 1580 2130 γε
1593 2096 1636 2122 διὰ
1651 2094 1756 2130 μακροῦ
1775 2094 1830 2129 τὴν
1846 2094 1892 2127 τῆς

1098 2142 1217 2173 διανοίας
1227 2142 1353 2169 ἀπόδοσιν
1365 2142 1500 2178 προϊέναι,
1513 2142 1560 2168 καὶ
1571 2142 1631 2172 ταῖς
1642 2141 1783 2172 ἐπιϐολαῖς
1797 2142 1832 2166 ὲκ
1847 2140 1892 2166 τοῦ

1101 2189 1148 2214 ἐπὶ
1163 2188 1289 2215 πλεῖστον
1298 2190 1343 2215 τὸν
1352 2188 1431 2222 λόγον
1444 2187 1650 2222 διαπεπλέχθαι,
1663 2187 1713 2213 οὒκ
1728 2187 1776 2212 ἐπὶ
1796 2185 1890 2221 μικρῷ

1064 2236 1086 2262 ι)
1100 2235 1149 2269 τῆς
1167 2234 1296 2270 τοιαύτης
1309 2234 1391 2261 αὐτὸν
1405 2234 1522 2260 ὲκκλείει
1538 2234 1621 2265 ίδὲας.
1643 2232 1724 2259 Ἀλλὰ
1734 2232 1830 2259 ταῦτα
1846 2232 1893 2266 μὲν

1101 2279 1265 2315 παραλλαγὴ
1281 2280 1302 2295 ¹⁵
1325 2280 1395 2311 ἰδέας
1409 2280 1455 2306 καὶ
1467 2279 1642 2315 χαρακτῆρος
1652 2278 1761 2313 ίδίωμα,
1774 2277 1837 2304 ἀλλ’
1846 2277 1895 2303 οὐκ

1100 2326 1190 2357 αἰτίας
1206 2325 1271 2357 ἴσως
1291 2325 1403 2358 ἔνδειξιν
1416 2325 1472 2361 ἔχει
1494 2326 1515 2341 ¹¹
1530 2333 1536 2340 ·
1553 2324 1583 2351 τὸ
1598 2324 1620 2351 δ’
1643 2324 1690 2350 ἐπὶ
1715 2324 1894 2358 μακρότατον

1100 2372 1252 2398 ἀποτείνειν
1268 2371 1302 2398 τὰ
1316 2371 1447 2406 προοίμια
1466 2371 1532 2406 ἢτὰ.
1559 2369 1614 2396 οἷον
1639 2369 1774 2404 προοίμια.
1799 2370 1894 2396 οὐκέτι

1101 2417 1214 2452 ἀφίησιν
1242 2417 1322 2444 αὑτὸν
1340 2417 1370 2443 τὺ
1392 2417 1430 2452 μὴ
1456 2417 1516 2451 οὐχὶ
1538 2417 1598 2442 ἀντὶ
1623 2416 1643 2431 ’⁷
1670 2414 1820 2441 πολιτικοῦ
1848 2415 1894 2440 καὶ

1100 2463 1289 2498 συγγραφικοῦ
1299 2463 1385 2490 τύπου
1398 2464 1442 2490 τὸν
1463 2464 1510 2490 ἐπὶ
1527 2465 1587 2495 ταῖς
1603 2462 1756 2493 συνουσίαις
1773 2462 1895 2493 ἀλλάξα-

1100 2509 1162 2536 σθαι
1176 2509 1392 2544 παραδεδυκότα,
1412 2510 1460 2536 καὶ¹
1475 2510 1560 2544 μείζω
1584 2509 1634 2545 τὴν
1649 2509 1774 2544 κεφαλὴν
1790 2509 1844 2545 τὴν
1859 2509 1894 2540 ὼς

1099 2555 1128 2581 ὲν
1147 2555 1219 2590 λόγῳ
1236 2555 1256 2571 ¹⁸
1270 2555 1318 2582 τοῦ
1333 2555 1428 2582 λοιποῦ
1444 2556 1570 2591 σώματος
1590 2555 1776 2582 διαπλάττειν.

1135 2685 1196 2711 Τῶν
1214 2685 1304 2712 τοίνυν
1329 2685 1415 2719 λόγων
1437 2684 1519 2711 αὑτοῦ
1534 2683 1554 2710 δ’
1573 2684 1636 2719 περὶ
1666 2683 1811 2719 βασιλείας
1845 2683 1895 2718 μέν

903 2743 1017 2771 VARI/ﬂ
1036 2742 1237 2771 LECTIONES.

298 2827 319 2842 '°
339 2825 440 2859 ταύτης
458 2826 477 2851 Α
495 2833 502 2852 :
520 2824 569 2860 τὴν
585 2824 634 2860 τῆς
651 2832 682 2856 ς.
722 2821 797 2860 ¹¹ἦν]
812 2821 846 2859 ἦν
863 2822 910 2851 οὖν
925 2824 957 2851 Δ.
980 2823 1019 2860 Πίῗ
1033 2820 1118 2860 τᾶλλα
1128 2822 1155 2860 _A_
1169 2831 1175 2850 :
1189 2823 1223 2850 τὰ
1234 2823 1315 2852 λοιπὰ
1339 2823 1368 2851 δὲ
1383 2832 1414 2857 ς.

1455 2823 1475 2839 ¹³
1487 2823 1508 2849 δ’
1534 2823 1566 2849 Δ.
1584 2829 1591 2849 :
1608 2829 1637 2849 τε
1656 2829 1686 2854 ς.
1726 2820 1747 2837 “
1764 2820 1844 2857 ἔφην
1859 2820 1892 2848 Α.

261 2857 472 2898 υπαραλλαήγῆς
485 2860 518 2892 Δ,
545 2857 565 2876 ί·
582 2857 636 2892 ἕξει
651 2867 670 2891 ς
709 2859 741 2886 .¹⁷
757 2857 891 2895 ἇνῖιὶἺοὺχὶ
909 2867 939 2891 ς.
979 2859 1000 2875 ¹⁵
1012 2859 1041 2885 ὲν
1066 2858 1105 2893 τῷ
1128 2857 1198 2894 λόγῳ
1214 2867 1244 2890 ς,
