1916 3092
234 151 286 182 683

235 215 337 239 carum,
352 213 412 241 quae
433 205 492 233 dure
516 209 679 241 sequuntur,
702 204 911 241 appellationem
936 211 1022 233 nactae
1036 208 1060 238 Α

236 258 310 282 sunt.
327 253 426 281 Harum
444 253 519 287 prior
532 258 594 287 post
612 252 707 280 urbem
724 251 798 280 illam
813 252 914 279 cursim
927 251 1022 278 lauda—

237 307 303 332 tam,
332 306 468 333 nunquam
504 297 646 325 civitatum
673 298 830 325 felicitatem
859 298 1022 325 utetiendam

236 346 344 371 doceta
360 343 498 376 fontibus,
523 342 690 375 ﬂuminibus,
724 344 847 370 venustis
872 342 1023 378 porticibus

236 394 283 416 aut
296 388 427 419 aediliciis,
445 387 635 421 fructuumque
646 387 823 419 abundantia,
851 393 965 422 quiaque
981 387 1024 413 his

236 434 334 462 similia
350 434 504 466 laudantur,
535 434 581 460 sed
605 440 652 460 eas
679 434 761 460 urhes
780 432 977 464 commendari,
996 433 1022 459 in

236 481 334 516 quibus
348 479 492 514 disciplina
507 487 538 506 ac
553 479 640 505 virtus
653 479 751 505 civium
774 479 949 506 claresceret.
962 477 1024 505 Haec

235 534 344 562 quoque
366 525 454 552 oratio
479 525 625 552 absurdum
647 526 790 559 quemdam
811 532 842 552 ac
863 525 1023 562 probrosum

236 573 354 606 castigat
367 578 470 598 morem
484 571 509 598 in
525 571 599 598 vocis
612 571 760 598 emiSs-ione
769 571 885 605 quadam
899 560 1024 606 [lasciva]

236 626 270 647 ex
288 619 533 646 Alexandrinorum
547 618 743 645 consuetudine
756 618 850 652 petita,
876 624 988 644 monens
1000 616 1024 643 ei

239 670 364 693 assuetos
378 669 408 692 ut
426 665 593 697 abstineant,
623 664 665 692 vel
682 665 771 698 potius
787 662 913 690 acerbius
931 663 1024 697 ipsein

238 720 286 739 eos
298 712 452 739 incurrens.
467 711 560 738 Altera
587 718 651 739 vero
677 711 811 742 hortatur,
829 718 862 737 ne
883 709 1026 736 calumniis

239 757 417 792 magistratus
441 761 655 791 persequantur;
673 764 738 783 neve
761 755 851 790 parvis
867 754 1024 781 oll‘eusioni-

241 804 290 831 bus
301 803 393 831 statim
406 802 561 834 irritentur,
577 807 658 837 atque
678 802 739 828 illos
763 806 863 828 temere
887 805 1025 827 accusent.

240 848 333 877 XVIII.
346 848 395 876 Cui
412 848 501 875 nullus
513 848 639 883 praelixus
654 848 758 879 titulus,
774 846 889 874 Celmuis
905 845 1027 881 Phrygia:

241 894 308 922 urbe
325 894 415 921 habita
431 898 482 921 est.
501 893 615 920 Disserit
642 898 733 920 autem
759 900 811 919 non
836 899 895 918 esse
919 890 1026 917 VIl‘ltllIS
1042 898 1063 924 [ι

242 939 371 967 indicium
386 947 491 967 comam
512 939 584 966 illam
614 939 828 973 promissioreni,
848 943 876 964 ut
902 944 952 963 nec
972 936 1024 962 alia

240 993 301 1022 quae
324 986 357 1013 ad
378 985 502 1020 corporis
521 984 623 1011 cultum
658 984 803 1018 pertinent,
825 991 857 1010 ac
878 991 912 1009 ne
931 985 1024 1009 horutu

240 1031 349 1066 quidem
365 1030 516 1058 contraria.
529 1029 597 1056 IIuic
607 1035 634 1056 et
650 1029 734 1064 ipsius
753 1028 827 1055 urbis
838 1027 958 1055 laudatio
978 1027 1027 1054 ad-

242 1075 372 1110 iungitur.
385 1073 455 1102 XIX.
466 1073 526 1108 Ipso
541 1081 603 1100 mox
614 1073 691 1100 titulo
706 1072 896 1108 indicat(5-5),
908 1073 1025 1099 habitam

242 1121 350 1156 quidem
368 1121 484 1156 prinutm
494 1119 670 1154 Borysthene,
682 1119 728 1146 sed
742 1120 880 1146 recitatam
891 1123 983 1152 postea
1000 1117 1027 1144 in

244 1167 341 1200 patria.
358 1165 385 1193 In
400 1173 431 1193 ea
447 1173 508 1193 cum
525 1165 578 1192 alia
595 1164 679 1192 refert
700 1169 805 1196 auctor,
832 1169 886 1190 tum
908 1163 1028 1190 Platonis

243 1212 395 1240 imitatione
419 1211 548 1246 praedicat
570 1211 603 1238 de
628 1211 813 1238 univcrsitatis
835 1210 932 1245 opiﬁce
958 1209 1027 1243 apud

243 1257 451 1293 Borysthenitas
474 1264 504 1285 se
528 1256 702 1288 disseruisse,
725 1262 757 1282 ac
781 1255 816 1282 de
833 1255 923 1282 mundi
948 1255 1029 1281 totius

243 1308 343 1331 ornatu
357 1307 499 1337 motuque,
516 1307 543 1329 et
565 1301 706 1329 elementis
722 1301 855 1335 ejusdem.
874 1299 920 1326 Est
937 1305 1028 1326 autent

245 1346 376 1375 illustrior
391 1346 449 1373 haec
467 1346 631 1380 graviorque
647 1353 701 1380 prta
725 1346 830 1372 caeteris
850 1345 1027 1372 orationibus.

243 1391 396 1420 Corinthia:
415 1396 506 1419 autem
535 1399 648 1418 numero
668 1391 806 1423 vicesima,
833 1391 954 1418 Corinthi
982 1391 1030 1417 ha-

243 1437 312 1471 bita,
329 1438 404 1465 cives
422 1437 457 1464 ibi
471 1436 609 1472 obiurgat,
624 1436 696 1472 quod
717 1441 804 1464 statua
819 1444 849 1464 se
860 1437 934 1471 prius
947 1437 1030 1464 hono-

245 1488 362 1515 rassent,
387 1490 467 1518 quam
492 1488 582 1511 tamen
611 1488 673 1517 post
697 1483 789 1518 ,ipsius
817 1481 1030 1517 profectionem,

245 1528 314 1556 falsa
328 1529 444 1564 quadam
453 1528 589 1556 calumnia
598 1529 720 1561 adducti,
730 1529 829 1556 iterum
844 1529 1030 1557 sustulissent.

245 1572 373 1601 Proxima
389 1578 431 1600 est
461 1573 518 1600 haec
536 1573 642 1600 dicendi
660 1573 684 1600 vi
711 1581 743 1600 ac
759 1574 861 1601 virtute
887 1573 1031 1602 Rhodiaca:
1045 1564 1068 1593 (ἶ

245 1619 374 1647 orationi.
388 1619 547 1654 Quanquam
563 1621 622 1654 ejus
643 1620 713 1655 quod
736 1620 841 1647 exordii
863 1619 922 1647 loco
938 1621 1034 1648 statuit

247 1665 401 1701 longitudo,
418 1665 472 1697 hic,
487 1666 598 1699 perinde
613 1671 694 1700 atque
709 1665 771 1692 alibi
788 1665 845 1692 fere
858 1665 967 1700 ubique,
983 1666 1034 1693 vir-

247 1718 305 1739 tute
330 1717 419 1739 vacat.
447 1710 519 1738 XXI.
540 1710 700 1738 Iuscribitur
724 1711 761 1738 De
790 1710 1033 1740 Nicomediensium

246 1758 388 1785 concordia
403 1765 464 1784 cum
477 1756 669 1785 Nicwensibiu.
689 1757 775 1791 Quam
797 1759 906 1793 quidem
928 1759 1035 1793 potissi-

248 1811 320 1831 llllllll
335 1803 476 1830 contendit
506 1803 612 1831 edicere
631 1803 689 1831 haec
703 1804 809 1835 oratio.
833 1811 893 1838 quas
908 1811 960 1831 non
976 1805 1036 1832 sine

246 1849 425 1884 jucunditatis
447 1857 479 1876 ex
499 1857 530 1876 ea
548 1857 577 1876 re
598 1850 870 1884 commemoratione,
884 1856 1035 1884 opportune

249 1895 394 1928 profertur.
410 1894 458 1923 Sic
475 1896 547 1922 enim
571 1896 667 1923 melius
687 1897 868 1931 persuadendi
893 1897 934 1924 vis
948 1898 1036 1924 homi-

249 1949 314 1968 num
343 1948 405 1969 sese
431 1942 531 1969 animis
556 1942 695 1970 insinuare
721 1942 801 1970 solet.
826 1942 910 1970 XXII.
938 1943 1036 1971 Nicaiae

250 1986 347 2023 167a
361 1988 563 2022 pronuntiatam
591 1989 685 2016 titulus
699 1989 835 2024 signiﬁcat
848 1999 855 2017 :
871 1990 909 2016 De
924 1998 1035 2017 concor-

249 2033 306 2065 dia,
317 2033 444 2061 seditione
453 2033 513 2069 jam
523 2034 663 2062 exstincta.
680 2033 738 2061 Hoc
755 2039 844 2062 autem
864 2039 906 2062 est
923 2035 969 2062 hic
985 2035 1035 2062 viri

251 2078 416 2112 institutum,
433 2086 490 2106 rem
502 2079 539 2106 ibi
557 2084 612 2107 tum
626 2084 728 2114 gestam
743 2080 867 2107 laudibus
885 2080 1034 2108 celebrare.

250 2123 344 2150 XXIII.
359 2122 388 2151 In
414 2123 502 2158 patria
527 2123 640 2150 recitata
667 2128 726 2156 est,
749 2123 790 2150 De
815 2124 957 2150 concordia
975 2132 1035 2150 cum

249 2168 464 2203 Apamensibus:
487 2168 558 2202 quod
586 2168 672 2201 ipsum
698 2168 734 2195 ibi
762 2174 926 2203 pertractat;
956 2173 985 2195 ut
1009 2173 1036 2196 et

251 2214 374 2249 proxime
389 2214 513 2248 sequenti
534 2213 701 2247 Apamenses
720 2215 844 2241 hortatur
865 2214 898 2241 ad
921 2222 1034 2242 concor-
1047 2231 1073 2261 D

250 2260 322 2287 diam
336 2267 398 2286 cum
418 2257 598 2286 Prusensibus
611 2259 766 2287 iucundam.
784 2259 868 2288 XXV.
885 2260 1034 2295 Disputatio

250 2310 287 2332 est
301 2306 329 2332 in
345 2305 472 2337 patriam.
489 2304 617 2339 Ignorare
633 2313 697 2332 vero
715 2314 743 2333 se
767 2306 843 2341 lingit
855 2314 965 2334 causam
979 2306 1037 2341 ipse

250 2351 297 2385 qui
315 2351 444 2385 disputat,
461 2358 510 2376 cur
535 2350 649 2377 libenter
664 2359 726 2378 eum
744 2356 771 2379 et
793 2352 889 2386 cupide
915 2353 1036 2383 audiant,

251 2404 312 2424 cum
329 2396 396 2423 nihil
420 2395 484 2423 utile
497 2396 581 2431 ipsius
597 2397 736 2424 orationes
748 2403 909 2431 proponant.
924 2397 1038 2425 Politica

250 2443 348 2471 dehinc
363 2443 491 2477 insoripta
508 2448 550 2471 est
560 2443 687 2470 vicesima
709 2448 785 2471 sexta
803 2445 904 2478 oratio,
920 2447 1034 2472 recitata

251 2490 278 2528 in
294 2490 399 2524 patria:
411 2490 637 2525 quemadmodum
653 2495 680 2516 et
690 2497 751 2524 quae
763 2491 886 2525 proxime
898 2492 1019 2526 sequitur
1031 2513 1037 2525 ,

251 2535 440 2563 Benevolentia;
466 2536 614 2570 testiﬁcatio
636 2536 663 2562 in
684 2536 809 2569 patriam,
822 2538 894 2571 quod
915 2545 944 2565 se
962 2539 1039 2566 benc-

253 2580 312 2608 volo
336 2588 398 2609 eam
427 2582 519 2609 animo
549 2585 756 2616 prosequentem
781 2582 929 2612 honoriﬁce
964 2593 1039 2612 exce-

251 2628 344 2662 pisset.
369 2627 494 2655 Succedit
512 2628 554 2654 his
569 2627 708 2661 Apologia,
725 2636 771 2655 seu
795 2629 926 2663 Defenxio,
942 2632 974 2659 de
987 2641 1038 2659 suo

798 147 930 178 PHOTII
951 145 1208 177 PATRIARCH/E
1227 145 1282 176 CP.

1809 143 1872 175 684

1074 204 1165 239 φαίνει
1187 203 1243 230 τῶν
1266 203 1383 235 πόλεων,
1402 204 1466 231 ὅσαι
1481 204 1583 240 κρήνας
1601 203 1648 230 καὶ
1661 203 1802 238 ποταμοὺς
1815 204 1873 230 καὶ

1073 250 1160 285 κάλλη
1180 249 1267 276 στοῶν
1281 250 1330 276 καὶ
1344 248 1569 284 οἰκοδομημάτων
1588 249 1636 276 καὶ
1647 247 1761 284 καρπῶν
1774 247 1874 282 ἀφθο-

1073 299 1133 323 νίαν
1148 297 1195 323 καὶ
1210 296 1246 322 τὰ
1256 295 1437 330 παραπλήσια
1449 294 1658 330 προϐάλλονται,
1671 294 1730 320 ἀλλ’
1742 294 1771 320 ὲν
1785 294 1875 330 ὅσαις

1073 343 1148 376 τάξις
1176 342 1224 369 καὶ
1249 341 1333 377 ἀρετὴ
1354 341 1408 368 τῶν
1431 341 1649 376 πολιτευομένων
1665 340 1872 367 διαδείκνυται.

1074 387 1158 420 Οὗτος
1168 390 1182 415 6
1198 389 1277 422 λόγος
1288 388 1335 415 καὶ
1349 387 1504 422 παράλογόν
1518 396 1548 413 τε
1565 387 1611 414 καὶ
1627 386 1789 422 ὲφύϐριστον
1803 385 1876 417 ἔθος

1074 436 1144 463 κατὰ
1165 435 1258 470 φωνῆς
1276 435 1415 470 ὰπήχησιν
1431 434 1455 450 ³⁸
1481 435 1537 465 τοίς
1556 432 1752 468 ’Δλεξανδρεῖσι
1774 440 1876 465 πρατ-

1074 482 1188 517 τόμενον
1219 480 1345 512 εὐθύναις
1377 479 1487 514 ὑπάγει,
1524 478 1666 514 παραινῶν
1693 476 1874 512 ἀποσχέσθαι

1075 528 1136 560 τοὺς
1150 526 1348 568 χρωμένουςδ
1367 525 1466 561 μᾶλλον
1484 525 1575 551 αὐτῶν
1590 524 1613 540 ³⁸
1637 523 1873 560 πληκτικώτερον

1076 573 1294 608 καθαπτόμενος.
1318 571 1347 598 '0
1370 571 1398 599 δὲ
1421 571 1547 607 δεύτερος
1571 572 1700 605 παραινεῖ
1723 571 1760 606 μὴ
1780 578 1873 596 συκο-

1075 619 1213 654 φαντικῶς
1237 619 1306 653 πρὸς
1325 618 1388 649 τοὺς
1409 618 1542 654 ἄρχοντας
1557 617 1719 647 διακεῖσθαι,
1739 617 1800 651 μηδ’
1818 617 1874 642 ἐπὶ

1075 667 1132 697 τοῖς
1161 665 1273 700 βραχέσι
1289 665 1342 690 τῶν
1357 663 1589 700 παραλυπούντων
1605 663 1686 694 εὐθὺς
1709 662 1875 697 ἀνερεθίζε-

1077 712 1138 738 σθαι
1159 711 1207 738 mi.
1224 710 1398 737 ὲπαιτιᾶσθαι
1425 710 1547 742 τούτους.
1583 709 1612 737 ’0
1641 710 1670 736 δὲ
1692 710 1745 741 IH’,
1764 709 1793 740 ὃς
1814 710 1876 735 οὐκ

1076 757 1286 792 ἐπιγέγραπται,
1313 757 1342 783 ὲν
1363 756 1507 787 Κελαιναῖς
1521 756 1543 773 ³⁸
1559 756 1663 791 ὲῤῥήθη
1674 755 1723 790 τῆς
1732 754 1874 790 Φρυγίας,

1075 803 1254 838 διαλαμϐάνει
1270 803 1298 829 δὲ
1309 803 1346 834 ὡς
1359 803 1408 829 οὐκ
1423 803 1524 838 ἀρετῆς
1539 801 1581 837 εἴη
1594 803 1708 836 σημεῖον
1720 801 1750 827 τὺ
1763 801 1874 836 κομᾷν,

1077 849 1172 885 ὥσπερ
1180 849 1235 875 οὐδ’
1243 849 1307 876 ἄλλο
1319 858 1346 875 τι
1357 849 1411 876 τῶν
1420 849 1568 884 σχημάτων
1583 848 1637 874 τῶν
1650 847 1714 883 περὶ
1729 847 1759 873 τὸ
1774 847 1875 881 σῶμα,

1077 895 1151 922 ὦσπε
1156 904 1171 931 ρ
1183 895 1244 922 οὐδὲ
1256 895 1358 921 τούτων
1370 895 1404 921 τὰ
1417 894 1525 920 ἐναντία
1535 902 1542 908 ·
1555 893 1730 920 διαπλέκεται
1745 892 1809 929 [275
1818 894 1844 919 II

1076 941 1099 968 δ’
1115 941 1190 976 αὐτῷ
1208 942 1254 968 καὶ
1271 941 1316 976 τῆς
1335 940 1439 972 πόλεως
1454 940 1576 972 ἔπαινος.
1594 940 1647 966 Τὸν
1666 939 1694 966 δὲ
1709 939 1747 965 ΙΘ¹
1768 939 1877 974 μηνύει

1076 988 1094 1022 ἡ
1106 987 1245 1022 ἐπιγραφὴ
1261 986 1377 1022 ῥηθῆναι
1393 986 1442 1020 μὲν
1459 987 1487 1012 ἐν
1506 985 1545 1021 τῷ
1559 985 1730 1020 Βορυσθένει,
1746 985 1881 1019 ἀναγνω-

1079 1033 1175 1068 σθῆναι
1187 1034 1215 1060 δὲ
1226 1034 1254 1059 ἐν
1264 1034 1297 1068 τῇ
1314 1033 1443 1068 πατρίδι·
1457 1033 1486 1059 ὲν
1497 1029 1518 1066 ᾧ
1534 1032 1603 1059 ἆθλα
1614 1040 1644 1058 τε
1657 1031 1752 1058 δίεισιν
1769 1032 1783 1058 6
1800 1039 1880 1065 συγ-

1078 1079 1210 1115 γραφεὺς,
1228 1079 1276 1106 καὶ
1292 1079 1362 1106 κατὰ
1375 1079 1421 1106 τὸν
1440 1078 1614 1106 Πλατωνικὸν
1628 1078 1805 1113 συνομολογεῖ
1817 1076 1880 1111 ζῆ-

1078 1125 1123 1152 λον
1143 1125 1207 1161 περί
1221 1134 1251 1152 τε
1268 1125 1290 1142 ³⁸
1304 1125 1351 1152 τοῦ
1367 1125 1534 1161 δημιουργοῦ
1554 1124 1609 1151 τῶν
1623 1124 1692 1151 ὅλων
1707 1125 1763 1155 τοῖς
1782 1123 1881 1158 Βορυ-

1080 1171 1215 1203 σθενίταις
1225 1171 1372 1207 διειλέχθαι
1383 1172 1433 1206 τῆς
1446 1179 1477 1198 τε
1494 1171 1540 1197 τοῦ
1552 1171 1653 1202 παντὸς
1662 1170 1882 1205 διακοσμήσεως

1079 1219 1127 1245 καὶ
1147 1218 1281 1254 κινήσεως
1299 1218 1346 1244 καὶ
1366 1217 1420 1244 τῶν
1444 1218 1473 1244 ὲν
1497 1217 1572 1252 αὖτῷ
1589 1217 1739 1252 στοιχείων.
1756 1217 1883 1251 Ἐχεται

1079 1263 1108 1290 δέ
1127 1271 1199 1294 τινος
1221 1262 1413 1298 λαμπρότητος
1439 1263 1487 1289 καὶ
1516 1262 1681 1297 σεμνότητος
1706 1258 1782 1292 οὗτος
1800 1261 1886 1296 ὑπὲρ

1080 1310 1142 1340 τοὺς
1158 1308 1251 1339 ἄλλους
1273 1308 1287 1334 6
1303 1308 1389 1342 λόγος.
1408 1307 1462 1335 Καὶ
1481 1308 1495 1334 ὁ
1521 1306 1713 1342 Κορινθιακὸς·
1729 1306 1757 1332 δὲ
1770 1307 1801 1332 K'
1821 1307 1883 1338 ὢν,

1081 1355 1110 1380 ὲν
1124 1353 1248 1390 Κορίνθῳ
1265 1354 1314 1389 μὲν
1325 1353 1441 1390 ἐρρήθη.
1464 1353 1622 1388 ἐπιτίμησιν
1635 1353 1657 1379 δ’
1673 1352 1762 1379 αὐτῶν
1775 1352 1887 1378 Stans-

1084 1400 1170 1435 ραίνει
1195 1400 1253 1427 ἀνθ’
1270 1396 1307 1426 ὧν
1324 1400 1410 1426 εικόνι
1433 1399 1467 1426 τὰ
1495 1399 1591 1434 πρῶτα
1613 1398 1778 1433 τιμήσαντες
1790 1398 1889 1425 αὑτὸν

1083 1445 1195 1481 ὕστερον
1222 1445 1447 1481 ἀποδημήσαντος
1476 1444 1509 1471 ἐκ
1539 1445 1664 1478 διαϐολῆς
1704 1444 1734 1470 οὑ
1764 1443 1891 1476 δικαίας

1084 1492 1252 1526 περιείλοντο
1267 1492 1297 1518 τὺ
1312 1492 1407 1527 γέρας.
1429 1492 1529 1525 Ἐγγὺς
1551 1490 1574 1517 δ’
1590 1491 1649 1517 ἐστὶ
1663 1493 1710 1517 τοῦ
1734 1490 1891 1517 Ῥοδιακοῦ

1084 1537 1156 1564 κατὰ
1170 1539 1219 1573 τὴν
1246 1537 1275 1563 ὲν
1295 1537 1384 1570 λόγοις
1401 1536 1495 1572 ῥώμην
1509 1537 1556 1563 καὶ
1584 1535 1685 1572 ἀρετὴν
1704 1533 1779 1567 οὗτος
1793 1536 1816 1551 ³⁷
1834 1544 1845 1551 -
1869 1539 1892 1572 ἡ

1084 1583 1112 1610 δὲ
1125 1583 1172 1610 τοῦ
1187 1581 1242 1610 οἷον
1260 1583 1403 1619 προοιμίου
1420 1583 1576 1618 παράτασις
1592 1582 1740 1613 κάνταῦθα.
1768 1582 1807 1614 ὡς
1828 1584 1894 1609 καὶ

1087 1629 1163 1665 παρὰ
1180 1630 1278 1666 μικρὸν
1293 1629 1444 1665 πανταχοῦ,
1459 1629 1508 1664 τῆς
1523 1629 1624 1667 ἀρετῆς
1641 1630 1671 1655 οὐ
1685 1628 1804 1664 μετέχει.
1821 1629 1891 1656 Τοῦ

1085 1676 1113 1703 δὲ
1126 1676 1183 1702 KA'
1199 1677 1214 1711 ἡ
1241 1676 1384 1712 ἐπιγραφὴ
1404 1677 1473 1709 Περὶ
1493 1675 1548 1709 τῆς
1572 1675 1648 1709 πρὸς
1667 1674 1786 1707 Νικαεῖς
1805 1675 1895 1709 ὀμο-

1085 1721 1168 1754 νοιας
1183 1720 1244 1747 τῶν
1255 1720 1446 1755 Νικομηδέων
1462 1721 1534 1747 ὲστί·
1561 1722 1608 1747 καὶ
1624 1720 1717 1747 τοῦτον
1728 1721 1894 1755 ὑπέρχεται

1087 1767 1132 1793 τὸν
1150 1766 1244 1800 ἀγῶνα
1258 1767 1280 1782 ³⁵
1297 1767 1311 1792 6
1323 1766 1402 1800 λόγος
1420 1766 1556 1801 εὐκαίρως
1572 1766 1615 1793 διὰ
1630 1766 1678 1801 τῆς
1694 1766 1791 1800 ἡδονῆς
1805 1775 1890 1802 προ-

1086 1813 1273 1848 ενηνεγμένος·
1292 1813 1391 1848 μᾶλλον
1408 1813 1462 1848 γὰρ
1474 1812 1548 1839 οὕτω
1567 1814 1627 1845 ταῖς
1640 1812 1739 1847 ψυχαῖς
1748 1812 1778 1839 τὸ
1794 1813 1894 1840 πιθα.-

1086 1859 1130 1885 νὸν
1149 1859 1236 1885 ἐθέλει
1263 1859 1390 1886 διαδύειν.
1409 1859 1461 1886 Τὸν
1489 1859 1516 1886 δὲ
1541 1860 1568 1885 Β’
1598 1859 1645 1885 καὶ
1667 1860 1698 1885 K'
1722 1859 1751 1885 ὲν
1773 1858 1895 1897 Νικαῖᾳ

1086 1905 1211 1940 εἰρῆσθαι
1224 1906 1241 1940 ἡ
1255 1905 1395 1941 ἐπιγραφὴ
1409 1905 1483 1941 δηλοῖ
1496 1905 1563 1938 Περὶ
1577 1905 1717 1940 ὁμονοίας
1730 1925 1737 1938 ,
1757 1913 1895 1934 πεπαυ-

1084 1949 1176 1984 μένης
1196 1949 1250 1983 τῆς
1268 1951 1404 1983 στάσεως
1417 1959 1424 1966 °
1443 1951 1509 1977 αὐτὸ
1530 1951 1558 1976 δὲ
1583 1950 1664 1977 τοῦτο
1691 1950 1854 1986 διατίθησιν
1876 1954 1893 1979 ὁ

1086 1997 1167 2030 ἀνὴρ,
1182 1996 1292 2022 ἔπαινον
1308 1996 1354 2023 τοῦ
1373 1997 1525 2030 γεγονότος.
1544 1996 1573 2023 Ὃ
1603 1997 1631 2023 δὲ
1657 1996 1711 2022 Kl"
1726 1996 1798 2030 Περὶ
1826 1998 1895 2033 τῆς

1086 2041 1161 2075 πρὸς
1180 2041 1320 2075 Ἀπαμεῖς
1345 2042 1485 2075 ὁμονοίας
1504 2041 1611 2076 εἴρηται
1640 2042 1668 2067 ἐν
1696 2043 1728 2076 τῇ
1753 2044 1894 2078 πατρίδι,

1085 2086 1152 2112 αὐτὸ
1174 2086 1203 2112 δὲ
1227 2085 1420 2120 διαπράττεται
1443 2087 1532 2112 τοῦτο.
1559 2086 1613 2112 Καὶ
1630 2086 1644 2112 6
1660 2086 1758 2121 ἐφεξῆς
1771 2086 1801 2113 δὲ
1815 2091 1894 2124 περὶ

1086 2131 1211 2165 ὁμονοίας
1226 2131 1275 2165 τῆς
1293 2130 1316 2147 ³³
1328 2132 1396 2166 πρὸς
1408 2131 1470 2162 τοὺς
1482 2131 1632 2165 Προυσαεῖς
1647 2132 1805 2166 παρακαλεῖ
1820 2135 1895 2166 τοὺς

1093 2177 1245 2211 Ἀπαμέας.
1265 2177 1295 2203 '0
1307 2176 1334 2202 δὲ
1347 2177 1401 2203 KE'
1411 2176 1547 2209 Διάλεξίς
1558 2178 1632 2202 ἐστιν
1642 2177 1676 2203 ἐν
1688 2177 1725 2211 τῇ
1740 2180 1873 2212 πατρίδι
1887 2190 1893 2194 -

1086 2222 1198 2256 ἄγνοιαν
1208 2223 1237 2249 δὲ
1251 2223 1448 2249 ὑποπλάττεται
1459 2223 1508 2257 τῆς
1528 2223 1618 2254 αἰτίας
1634 2224 1648 2249 6
1666 2224 1872 2258 διαλεγόμενος
1885 2249 1893 2259 ,

1089 2268 1122 2294 δι’
1138 2269 1171 2303 ἢν
1188 2269 1269 2304 μηδὲν
1288 2269 1422 2304 χρήσιμον
1441 2269 1524 2295 αὑτοῦ
1546 2269 1600 2295 τῶν
1619 2269 1707 2303 λόγων
1723 2260 1895 2306 1190656111-

1092 2315 1181 2350 μένων
1196 2315 1281 2350 ἡδέως
1299 2316 1346 2342 καὶ
1366 2315 1511 2346 ποθοῦντες
1531 2315 1671 2342 ἀκούουσι.
1683 2317 1852 2350 Πολιτικὸς
1864 2319 1896 2344 δέ

1090 2361 1148 2387 ἐστι
1160 2361 1200 2396 τῷ
1218 2361 1462 2397 Κς¹ὴὲπιγραφὴ,
1472 2361 1524 2388 Καὶ
1533 2362 1646 2395 εἴρηται
1661 2362 1692 2388 ὲν
1706 2361 1744 2396 τῇ
1758 2366 1893 2397 πατρίδι

1091 2406 1186 2442 ὥσπερ
1202 2407 1275 2434 καὶὸ
1291 2408 1401 2442 ἐφεξῆς,
1421 2407 1644 2442 φιλοφρονητικὸς
1666 2407 1796 2443 ὑπάρχων
1815 2411 1895 2445 αὑτῇ

1092 2452 1150 2479 ἀνθ’
1178 2450 1216 2479 ὧν
1252 2454 1346 2488 τιμαῖς
1375 2454 1420 2479 τὸν
1456 2453 1700 2488 φιλοφρονούμενον
1731 2453 1895 2485 ἐδεξιοῦτο.

1099 2499 1319 2534 Ἀπολοτισμὸς
1334 2499 1398 2535 [556
1407 2500 1453 2535 R.]
1465 2499 1492 2526 δέ
1503 2501 1575 2525 ἐστιν
1590 2501 1604 2526 6
1614 2499 1672 2534 μετ’
1686 2500 1796 2533 αὐτοὺς,
1810 2502 1898 2534 ὅπως

1094 2544 1209 2571 διέκειτο
1223 2546 1290 2579 πρὸς
1305 2545 1354 2580 τὴν
1367 2545 1495 2579 πατρίδα.
1518 2545 1549 2570 '0
1565 2544 1594 2571 δὲ
1608 2545 1636 2571 8’
1647 2546 1694 2571 καὶ
1711 2546 1742 2572 Κ¹
1753 2547 1820 2580 Πρὸ
1836 2549 1898 2575 τοῦ

1093 2589 1273 2623 φιλοσοφεῖν
1286 2590 1344 2623 μὲν
1356 2590 1391 2616 ἐν
1400 2589 1437 2623 τῇ
1449 2589 1566 2623 πατρίδι
1579 2590 1772 2625 ἐπιγράφεταιι
1785 2594 1861 2623 τοὺς
1874 2595 1898 2620 δ’

1093 2635 1322 2669 ἐπιχειρήσαντας
1343 2635 1503 2662 καταλεύειν
1515 2635 1596 2662 αὐτόν
1616 2644 1644 2663 τε
1662 2637 1708 2662 καὶ
1733 2637 1781 2662 σὺν
1810 2641 1898 2673 aii-.9.

897 2687 1014 2714 VARI/Ii
1035 2688 1234 2718 LECTIONES.

288 2731 310 2773 3"
322 2731 470 2774 ἀπέχεσθαι
487 2738 529 2774 εἰ,
544 2729 576 2774 3."
603 2731 693 2774 sese).
707 2733 726 2756 A
744 2742 750 2758 :
767 2733 846 2763 αὑτός
862 2742 890 2764 ς.
930 2735 951 2750 ³³
965 2736 1094 2767 Κελεναίς
1123 2746 1153 2768 ς.
1192 2738 1213 2753 ³⁸
1229 2746 1257 2764 τε
1269 2738 1331 2764 add.
1349 2738 1381 2765 Α.
1422 2739 1441 2754 ³⁷
1461 2736 1550 2774 οὗτος]
1566 2739 1612 2765 καὶ
1632 2737 1708 2771 οὗτος
1725 2741 1746 2766 Α

251 2765 363 2801 ἀγώνων
377 2773 420 2800 pr.
439 2766 470 2790 Α.
509 2764 529 2780 ³⁸
542 2764 589 2798 τῆς
601 2765 660 2791 add.
674 2767 706 2792 Α.

1751 2761 1756 2767 η
1798 2742 1826 2756 ³⁸
1839 2744 1899 2770 τῶν

1009 2810 1122 2839 ΝΟΤΑΕ.

286 2859 361 2895 (5-5)
374 2859 560 2887 Boristhenica
574 2865 653 2892 quam
671 2859 699 2885 in
717 2857 802 2892 patria
822 2857 953 2884 recitavit.
