  <div class='ocr_page' id='page_1' title='image "/cluster/home/n/w/nwhite01/storage/ocr_20150623/103/njp.32101010943882/459.png"; bbox 0 0 1916 3092; ppageno 0'>
   <div class='ocr_carea' id='block_1_1' title="bbox 255 160 305 193">
    <p class='ocr_par' dir='ltr' id='par_1_1' title="bbox 255 160 305 193">
     <span class='ocr_line' id='line_1_1' title="bbox 255 160 305 193; baseline 0 -1"><span class='ocrx_word' id='word_1_1' title='bbox 255 160 305 193; x_wconf 76' lang='grc'><strong>691</strong></span> 
     </span>
    </p>
   </div>
   <div class='ocr_carea' id='block_1_2' title="bbox 811 159 1277 191">
    <p class='ocr_par' dir='ltr' id='par_1_2' title="bbox 811 159 1277 191">
     <span class='ocr_line' id='line_1_2' title="bbox 811 159 1277 191; baseline -0.002 0"><span class='ocrx_word' id='word_1_2' title='bbox 811 160 944 191; x_wconf 88' lang='grc' dir='ltr'><strong>ΡΗΟΤΙΙ</strong></span> <span class='ocrx_word' id='word_1_3' title='bbox 962 159 1215 190; x_wconf 71' lang='grc' dir='ltr'><strong>ΡΑΤΒΙΑΗΟΗιΕ</strong></span> <span class='ocrx_word' id='word_1_4' title='bbox 1233 160 1277 190; x_wconf 85' lang='lat' dir='ltr'><strong>CP</strong></span> 
     </span>
    </p>
   </div>
   <div class='ocr_carea' id='block_1_3' title="bbox 1833 160 1892 192">
    <p class='ocr_par' dir='ltr' id='par_1_3' title="bbox 1833 160 1892 192">
     <span class='ocr_line' id='line_1_3' title="bbox 1833 160 1892 192; baseline -0.034 0"><span class='ocrx_word' id='word_1_5' title='bbox 1833 160 1892 192; x_wconf 70' lang='lat' dir='ltr'><strong>61t2</strong></span> 
     </span>
    </p>
   </div>
   <div class='ocr_carea' id='block_1_4' title="bbox 255 211 1011 254">
    <p class='ocr_par' dir='ltr' id='par_1_4' title="bbox 255 216 1011 254">
     <span class='ocr_line' id='line_1_4' title="bbox 255 216 1011 254; baseline -0.003 -8"><span class='ocrx_word' id='word_1_6' title='bbox 255 218 354 254; x_wconf 83' lang='lat' dir='ltr'><strong>cuique</strong></span> <span class='ocrx_word' id='word_1_7' title='bbox 366 217 507 246; x_wconf 88' lang='lat' dir='ltr'><strong>assertioni</strong></span> <span class='ocrx_word' id='word_1_8' title='bbox 522 216 650 245; x_wconf 72' lang='lat' dir='ltr'><strong>refutatio</strong></span> <span class='ocrx_word' id='word_1_9' title='bbox 664 217 754 244; x_wconf 89' lang='lat' dir='ltr'><strong>statim</strong></span> <span class='ocrx_word' id='word_1_10' title='bbox 768 223 960 252; x_wconf 83' lang='lat' dir='ltr'><strong>opponeretur.</strong></span> <span class='ocrx_word' id='word_1_11' title='bbox 980 217 1011 251; x_wconf 72' lang='lat' dir='ltr'><strong>Ip:</strong></span> 
     </span>
    </p>
   </div>
   <div class='ocr_carea' id='block_1_5' title="bbox 1136 211 1892 254">
    <p class='ocr_par' dir='ltr' id='par_1_5' title="bbox 1136 211 1892 252">
     <span class='ocr_line' id='line_1_5' title="bbox 1136 211 1892 252; baseline -0.003 -9"><span class='ocrx_word' id='word_1_12' title='bbox 1136 217 1196 243; x_wconf 75' lang='grc' dir='ltr'>ίνων</span> <span class='ocrx_word' id='word_1_13' title='bbox 1209 216 1383 248; x_wconf 76' lang='grc' dir='ltr'>ἐσπούδαζεν,</span> <span class='ocrx_word' id='word_1_14' title='bbox 1410 217 1510 251; x_wconf 72' lang='grc' dir='ltr'>ἑκάστῃ</span> <span class='ocrx_word' id='word_1_15' title='bbox 1526 217 1680 251; x_wconf 78' lang='grc' dir='ltr'><strong>κατασκευῇ</strong></span> <span class='ocrx_word' id='word_1_16' title='bbox 1699 211 1892 252; x_wconf 69' lang='grc' dir='ltr'>ἀντιπαρατι-</span> 
     </span>
    </p>
   </div>
   <div class='ocr_carea' id='block_1_6' title="bbox 255 263 1040 301">
    <p class='ocr_par' dir='ltr' id='par_1_6' title="bbox 255 263 1040 301">
     <span class='ocr_line' id='line_1_6' title="bbox 255 263 1040 301; baseline -0.005 -7"><span class='ocrx_word' id='word_1_17' title='bbox 255 274 338 301; x_wconf 85' lang='lat' dir='ltr'><strong>porro</strong></span> <span class='ocrx_word' id='word_1_18' title='bbox 362 265 479 294; x_wconf 76' lang='lat' dir='ltr'><strong>elocutio</strong></span> <span class='ocrx_word' id='word_1_19' title='bbox 504 271 592 298; x_wconf 89' lang='lat' dir='ltr'><strong>neque</strong></span> <span class='ocrx_word' id='word_1_20' title='bbox 617 263 760 291; x_wconf 82' lang='lat' dir='ltr'><strong>admodum</strong></span> <span class='ocrx_word' id='word_1_21' title='bbox 776 268 935 296; x_wconf 81' lang='lat' dir='ltr'><strong>exornatur,</strong></span> <span class='ocrx_word' id='word_1_22' title='bbox 953 271 1040 297; x_wconf 90' lang='lat' dir='ltr'><strong>neque</strong></span> 
     </span>
    </p>
   </div>
   <div class='ocr_carea' id='block_1_7' title="bbox 256 308 1040 344">
    <p class='ocr_par' dir='ltr' id='par_1_7' title="bbox 256 308 1040 344">
     <span class='ocr_line' id='line_1_7' title="bbox 256 308 1040 344; baseline -0.006 -5"><span class='ocrx_word' id='word_1_23' title='bbox 256 318 347 339; x_wconf 88' lang='lat' dir='ltr'><strong>tamen</strong></span> <span class='ocrx_word' id='word_1_24' title='bbox 372 311 431 338; x_wconf 91' lang='lat' dir='ltr'><strong>siue</strong></span> <span class='ocrx_word' id='word_1_25' title='bbox 448 314 591 337; x_wconf 83' lang='lat' dir='ltr'><strong>venustate</strong></span> <span class='ocrx_word' id='word_1_26' title='bbox 615 308 759 344; x_wconf 77' lang='lat' dir='ltr'><strong>negligitur</strong></span> <span class='ocrx_word' id='word_1_27' title='bbox 775 317 782 335; x_wconf 91' lang='lat'><strong>:</strong></span> <span class='ocrx_word' id='word_1_28' title='bbox 798 309 949 344; x_wconf 61' lang='lat' dir='ltr'><strong>praesertim</strong></span> <span class='ocrx_word' id='word_1_29' title='bbox 979 316 1040 335; x_wconf 91' lang='lat' dir='ltr'><strong>cum</strong></span> 
     </span>
    </p>
   </div>
   <div class='ocr_carea' id='block_1_8' title="bbox 256 354 1040 390">
    <p class='ocr_par' dir='ltr' id='par_1_8' title="bbox 256 354 1040 390">
     <span class='ocr_line' id='line_1_8' title="bbox 256 354 1040 390; baseline -0.003 -6"><span class='ocrx_word' id='word_1_30' title='bbox 256 365 308 386; x_wconf 88' lang='lat' dir='ltr'><strong>non</strong></span> <span class='ocrx_word' id='word_1_31' title='bbox 323 357 356 384; x_wconf 86' lang='lat' dir='ltr'><strong>ad</strong></span> <span class='ocrx_word' id='word_1_32' title='bbox 367 356 576 384; x_wconf 91' lang='lat' dir='ltr'><strong>ostentationem</strong></span> <span class='ocrx_word' id='word_1_33' title='bbox 590 354 719 390; x_wconf 83' lang='lat' dir='ltr'><strong>aliquam,</strong></span> <span class='ocrx_word' id='word_1_34' title='bbox 731 355 778 383; x_wconf 87' lang='lat' dir='ltr'><strong>sed</strong></span> <span class='ocrx_word' id='word_1_35' title='bbox 790 355 822 382; x_wconf 82' lang='lat' dir='ltr'><strong>ad</strong></span> <span class='ocrx_word' id='word_1_36' title='bbox 831 354 1040 388; x_wconf 78' lang='lat' dir='ltr'><strong>disputationem</strong></span> 
     </span>
    </p>
   </div>
   <div class='ocr_carea' id='block_1_9' title="bbox 254 401 1041 438">
    <p class='ocr_par' dir='ltr' id='par_1_9' title="bbox 254 401 1041 438">
     <span class='ocr_line' id='line_1_9' title="bbox 254 401 1041 438; baseline -0.003 -8"><span class='ocrx_word' id='word_1_37' title='bbox 254 404 343 438; x_wconf 83' lang='lat' dir='ltr'><strong>potius</strong></span> <span class='ocrx_word' id='word_1_38' title='bbox 351 410 417 437; x_wconf 88' lang='lat' dir='ltr'><strong>opus</strong></span> <span class='ocrx_word' id='word_1_39' title='bbox 430 403 481 430; x_wconf 90' lang='lat' dir='ltr'><strong>hoc</strong></span> <span class='ocrx_word' id='word_1_40' title='bbox 494 406 680 436; x_wconf 80' lang='lat' dir='ltr'><strong>comparatum</strong></span> <span class='ocrx_word' id='word_1_41' title='bbox 690 401 746 429; x_wconf 92' lang='lat' dir='ltr'><strong>sita</strong></span> <span class='ocrx_word' id='word_1_42' title='bbox 759 409 808 428; x_wconf 88' lang='lat' dir='ltr'><strong>suo</strong></span> <span class='ocrx_word' id='word_1_43' title='bbox 818 407 938 433; x_wconf 85' lang='lat' dir='ltr'><strong>auctore,</strong></span> <span class='ocrx_word' id='word_1_44' title='bbox 947 401 988 428; x_wconf 92' lang='lat' dir='ltr'><strong>cui</strong></span> <span class='ocrx_word' id='word_1_45' title='bbox 1000 406 1041 428; x_wconf 90' lang='lat' dir='ltr'><strong>te-</strong></span> 
     </span>
    </p>
   </div>
   <div class='ocr_carea' id='block_1_10' title="bbox 255 447 1041 483">
    <p class='ocr_par' dir='ltr' id='par_1_10' title="bbox 255 447 1041 483">
     <span class='ocr_line' id='line_1_10' title="bbox 255 447 1041 483; baseline -0.004 -6"><span class='ocrx_word' id='word_1_46' title='bbox 255 457 308 477; x_wconf 88' lang='lat' dir='ltr'><strong>nue</strong></span> <span class='ocrx_word' id='word_1_47' title='bbox 323 449 428 477; x_wconf 87' lang='lat' dir='ltr'><strong>dicendi</strong></span> <span class='ocrx_word' id='word_1_48' title='bbox 440 455 525 483; x_wconf 88' lang='lat' dir='ltr'><strong>genus</strong></span> <span class='ocrx_word' id='word_1_49' title='bbox 539 453 566 475; x_wconf 91' lang='lat' dir='ltr'><strong>et</strong></span> <span class='ocrx_word' id='word_1_50' title='bbox 579 453 753 482; x_wconf 82' lang='lat' dir='ltr'><strong>cognatarum</strong></span> <span class='ocrx_word' id='word_1_51' title='bbox 766 455 855 474; x_wconf 88' lang='lat' dir='ltr'><strong>rcrmn</strong></span> <span class='ocrx_word' id='word_1_52' title='bbox 866 447 952 475; x_wconf 84' lang='lat' dir='ltr'><strong>series</strong></span> <span class='ocrx_word' id='word_1_53' title='bbox 968 455 1041 474; x_wconf 68' lang='lat' dir='ltr'><strong>cura:</strong></span> 
     </span>
    </p>
   </div>
   <div class='ocr_carea' id='block_1_11' title="bbox 255 491 1041 525">
    <p class='ocr_par' dir='ltr' id='par_1_11' title="bbox 255 491 1041 525">
     <span class='ocr_line' id='line_1_11' title="bbox 255 491 1041 525; baseline -0.004 -4"><span class='ocrx_word' id='word_1_54' title='bbox 255 495 316 522; x_wconf 79' lang='lat' dir='ltr'><strong>iuit.</strong></span> <span class='ocrx_word' id='word_1_55' title='bbox 330 493 410 522; x_wconf 82' lang='lat' dir='ltr'><strong>Utilis</strong></span> <span class='ocrx_word' id='word_1_56' title='bbox 425 498 513 520; x_wconf 89' lang='lat' dir='ltr'><strong>autem</strong></span> <span class='ocrx_word' id='word_1_57' title='bbox 523 493 591 520; x_wconf 89' lang='lat' dir='ltr'><strong>liber</strong></span> <span class='ocrx_word' id='word_1_58' title='bbox 600 492 632 519; x_wconf 90' lang='lat' dir='ltr'><strong>iis</strong></span> <span class='ocrx_word' id='word_1_59' title='bbox 642 497 694 524; x_wconf 90' lang='lat' dir='ltr'><strong>est,</strong></span> <span class='ocrx_word' id='word_1_60' title='bbox 706 491 751 525; x_wconf 86' lang='lat' dir='ltr'><strong>qui</strong></span> <span class='ocrx_word' id='word_1_61' title='bbox 763 492 789 518; x_wconf 92' lang='lat' dir='ltr'><strong>in</strong></span> <span class='ocrx_word' id='word_1_62' title='bbox 802 491 950 519; x_wconf 83' lang='lat' dir='ltr'><strong>dialecticis</strong></span> <span class='ocrx_word' id='word_1_63' title='bbox 959 498 1041 519; x_wconf 82' lang='lat' dir='ltr'><strong>exer-</strong></span> 
     </span>
    </p>
   </div>
   <div class='ocr_carea' id='block_1_12' title="bbox 255 537 1040 574">
    <p class='ocr_par' dir='ltr' id='par_1_12' title="bbox 255 537 1040 574">
     <span class='ocr_line' id='line_1_12' title="bbox 255 537 1040 574; baseline -0.005 -6"><span class='ocrx_word' id='word_1_64' title='bbox 255 546 360 572; x_wconf 81' lang='lat' dir='ltr'><strong>centur.</strong></span> <span class='ocrx_word' id='word_1_65' title='bbox 370 545 452 574; x_wconf 83' lang='lat' dir='ltr'><strong>atque</strong></span> <span class='ocrx_word' id='word_1_66' title='bbox 466 539 517 566; x_wconf 86' lang='lat' dir='ltr'><strong>ista</strong></span> <span class='ocrx_word' id='word_1_67' title='bbox 529 538 585 566; x_wconf 80' lang='lat' dir='ltr'><strong>fere</strong></span> <span class='ocrx_word' id='word_1_68' title='bbox 593 546 642 566; x_wconf 89' lang='lat' dir='ltr'><strong>suo</strong></span> <span class='ocrx_word' id='word_1_69' title='bbox 657 543 818 573; x_wconf 81' lang='lat' dir='ltr'><strong>argumento</strong></span> <span class='ocrx_word' id='word_1_70' title='bbox 833 537 1040 571; x_wconf 83' lang='lat' dir='ltr'><strong>comprehensa.</strong></span> 
     </span>
    </p>
   </div>
   <div class='ocr_carea' id='block_1_13' title="bbox 258 583 1041 621">
    <p class='ocr_par' dir='ltr' id='par_1_13' title="bbox 258 583 1041 621">
     <span class='ocr_line' id='line_1_13' title="bbox 258 583 1041 621; baseline -0.005 -7"><span class='ocrx_word' id='word_1_71' title='bbox 258 587 283 615; x_wconf 87' lang='lat'><strong>1.</strong></span> <span class='ocrx_word' id='word_1_72' title='bbox 310 587 351 614; x_wconf 80' lang='lat' dir='ltr'><strong>Ab</strong></span> <span class='ocrx_word' id='word_1_73' title='bbox 381 592 495 620; x_wconf 90' lang='lat' dir='ltr'><strong>utroque</strong></span> <span class='ocrx_word' id='word_1_74' title='bbox 518 590 631 621; x_wconf 84' lang='lat' dir='ltr'><strong>parente</strong></span> <span class='ocrx_word' id='word_1_75' title='bbox 649 585 718 612; x_wconf 85' lang='lat' dir='ltr'><strong>mitti</strong></span> <span class='ocrx_word' id='word_1_76' title='bbox 743 591 847 616; x_wconf 84' lang='lat' dir='ltr'><strong>semen,</strong></span> <span class='ocrx_word' id='word_1_77' title='bbox 875 583 1041 611; x_wconf 87' lang='lat' dir='ltr'><strong>animantia-</strong></span> 
     </span>
    </p>
   </div>
   <div class='ocr_carea' id='block_1_14' title="bbox 257 630 1041 668">
    <p class='ocr_par' dir='ltr' id='par_1_14' title="bbox 257 630 1041 668">
     <span class='ocr_line' id='line_1_14' title="bbox 257 630 1041 668; baseline -0.005 -7"><span class='ocrx_word' id='word_1_78' title='bbox 257 641 309 668; x_wconf 88' lang='lat' dir='ltr'><strong>que</strong></span> <span class='ocrx_word' id='word_1_79' title='bbox 322 632 410 668; x_wconf 84' lang='lat' dir='ltr'><strong>gigni;</strong></span> <span class='ocrx_word' id='word_1_80' title='bbox 426 637 554 660; x_wconf 89' lang='lat' dir='ltr'><strong>etcontra</strong></span> <span class='ocrx_word' id='word_1_81' title='bbox 567 631 661 658; x_wconf 90' lang='lat' dir='ltr'><strong>nouab</strong></span> <span class='ocrx_word' id='word_1_82' title='bbox 673 635 799 665; x_wconf 86' lang='lat' dir='ltr'><strong>utroque.</strong></span> <span class='ocrx_word' id='word_1_83' title='bbox 818 630 846 657; x_wconf 75' lang='grc'><em>2.</em></span> <span class='ocrx_word' id='word_1_84' title='bbox 864 630 902 657; x_wconf 82' lang='lat' dir='ltr'><strong>Ex</strong></span> <span class='ocrx_word' id='word_1_85' title='bbox 916 630 1041 657; x_wconf 81' lang='lat' dir='ltr'><strong>universo</strong></span> 
     </span>
    </p>
   </div>
   <div class='ocr_carea' id='block_1_15' title="bbox 257 675 1040 713">
    <p class='ocr_par' dir='ltr' id='par_1_15' title="bbox 257 675 1040 713">
     <span class='ocr_line' id='line_1_15' title="bbox 257 675 1040 713; baseline -0.005 -7"><span class='ocrx_word' id='word_1_86' title='bbox 257 686 372 713; x_wconf 69' lang='lat' dir='ltr'><strong>corpore</strong></span> <span class='ocrx_word' id='word_1_87' title='bbox 400 685 491 706; x_wconf 82' lang='lat' dir='ltr'><strong>semen</strong></span> <span class='ocrx_word' id='word_1_88' title='bbox 520 677 627 704; x_wconf 76' lang='lat' dir='ltr'><strong>excerni</strong></span> <span class='ocrx_word' id='word_1_89' title='bbox 644 686 651 704; x_wconf 88' lang='lat'><strong>:</strong></span> <span class='ocrx_word' id='word_1_90' title='bbox 669 681 763 704; x_wconf 86' lang='lat' dir='ltr'><strong>contra</strong></span> <span class='ocrx_word' id='word_1_91' title='bbox 780 684 843 703; x_wconf 85' lang='lat' dir='ltr'><strong>vero</strong></span> <span class='ocrx_word' id='word_1_92' title='bbox 861 684 876 703; x_wconf 89' lang='lat' dir='ltr'><strong>a</strong></span> <span class='ocrx_word' id='word_1_93' title='bbox 899 675 1040 703; x_wconf 81' lang='lat' dir='ltr'><strong>testiculis.</strong></span> 
     </span>
    </p>
   </div>
   <div class='ocr_carea' id='block_1_16' title="bbox 258 723 1040 753">
    <p class='ocr_par' dir='ltr' id='par_1_16' title="bbox 258 723 1040 753">
     <span class='ocr_line' id='line_1_16' title="bbox 258 723 1040 753; baseline -0.006 0"><span class='ocrx_word' id='word_1_94' title='bbox 258 725 286 753; x_wconf 84' lang='lat'><strong>5.</strong></span> <span class='ocrx_word' id='word_1_95' title='bbox 304 725 511 752; x_wconf 88' lang='lat' dir='ltr'><strong>Concoctionem</strong></span> <span class='ocrx_word' id='word_1_96' title='bbox 537 723 627 751; x_wconf 83' lang='lat' dir='ltr'><strong>calore</strong></span> <span class='ocrx_word' id='word_1_97' title='bbox 665 724 721 750; x_wconf 80' lang='lat' dir='ltr'><strong>ﬁeri</strong></span> <span class='ocrx_word' id='word_1_98' title='bbox 738 733 745 751; x_wconf 85' lang='lat'><strong><em>:</em></strong></span> <span class='ocrx_word' id='word_1_99' title='bbox 762 728 857 750; x_wconf 90' lang='lat' dir='ltr'><strong>contra</strong></span> <span class='ocrx_word' id='word_1_100' title='bbox 896 729 960 749; x_wconf 84' lang='lat' dir='ltr'><strong>vero</strong></span> <span class='ocrx_word' id='word_1_101' title='bbox 988 729 1040 748; x_wconf 91' lang='lat' dir='ltr'><strong>non</strong></span> 
     </span>
    </p>
   </div>
   <div class='ocr_carea' id='block_1_17' title="bbox 259 768 1041 798">
    <p class='ocr_par' dir='ltr' id='par_1_17' title="bbox 259 768 1041 798">
     <span class='ocr_line' id='line_1_17' title="bbox 259 768 1041 798; baseline -0.005 0"><span class='ocrx_word' id='word_1_102' title='bbox 259 772 333 798; x_wconf 84' lang='lat' dir='ltr'><strong>item.</strong></span> <span class='ocrx_word' id='word_1_103' title='bbox 372 771 400 798; x_wconf 74' lang='grc'><em>4.</em></span> <span class='ocrx_word' id='word_1_104' title='bbox 419 770 519 797; x_wconf 81' lang='lat' dir='ltr'><strong>Atlritu</strong></span> <span class='ocrx_word' id='word_1_105' title='bbox 545 769 751 797; x_wconf 85' lang='lat' dir='ltr'><strong>concoctionem</strong></span> <span class='ocrx_word' id='word_1_106' title='bbox 782 769 840 796; x_wconf 85' lang='lat' dir='ltr'><strong>ﬁeri</strong></span> <span class='ocrx_word' id='word_1_107' title='bbox 862 780 869 796; x_wconf 88' lang='lat'><strong>:</strong></span> <span class='ocrx_word' id='word_1_108' title='bbox 891 773 919 795; x_wconf 86' lang='lat' dir='ltr'><strong>et</strong></span> <span class='ocrx_word' id='word_1_109' title='bbox 945 768 1041 794; x_wconf 91' lang='lat' dir='ltr'><strong>attritu</strong></span> 
     </span>
    </p>
   </div>
   <div class='ocr_carea' id='block_1_18' title="bbox 260 814 1041 844">
    <p class='ocr_par' dir='ltr' id='par_1_18' title="bbox 260 814 1041 844">
     <span class='ocr_line' id='line_1_18' title="bbox 260 814 1041 844; baseline -0.005 0"><span class='ocrx_word' id='word_1_110' title='bbox 260 817 370 844; x_wconf 81' lang='lat' dir='ltr'><strong>tniuitne</strong></span> <span class='ocrx_word' id='word_1_111' title='bbox 386 816 456 844; x_wconf 79' lang='lat' dir='ltr'><strong>ﬁeri.</strong></span> <span class='ocrx_word' id='word_1_112' title='bbox 483 816 509 843; x_wconf 86' lang='lat'><strong>5.</strong></span> <span class='ocrx_word' id='word_1_113' title='bbox 525 815 725 842; x_wconf 82' lang='lat' dir='ltr'><strong>Putrefactione</strong></span> <span class='ocrx_word' id='word_1_114' title='bbox 742 815 799 842; x_wconf 83' lang='lat' dir='ltr'><strong>ﬁeri</strong></span> <span class='ocrx_word' id='word_1_115' title='bbox 815 814 1017 841; x_wconf 88' lang='lat' dir='ltr'><strong>concoctionem</strong></span> <span class='ocrx_word' id='word_1_116' title='bbox 1031 821 1041 840; x_wconf 89' lang='lat'><strong><em>:</em></strong></span> 
     </span>
    </p>
   </div>
   <div class='ocr_carea' id='block_1_19' title="bbox 258 860 1042 897">
    <p class='ocr_par' dir='ltr' id='par_1_19' title="bbox 258 860 1042 897">
     <span class='ocr_line' id='line_1_19' title="bbox 258 860 1042 897; baseline -0.005 -7"><span class='ocrx_word' id='word_1_117' title='bbox 258 867 352 890; x_wconf 85' lang='lat' dir='ltr'><strong>contra</strong></span> <span class='ocrx_word' id='word_1_118' title='bbox 368 870 432 890; x_wconf 84' lang='lat' dir='ltr'><strong>vero</strong></span> <span class='ocrx_word' id='word_1_119' title='bbox 447 862 567 890; x_wconf 89' lang='lat' dir='ltr'><strong>minime.</strong></span> <span class='ocrx_word' id='word_1_120' title='bbox 586 861 612 889; x_wconf 89' lang='lat'><strong>6.</strong></span> <span class='ocrx_word' id='word_1_121' title='bbox 651 861 748 897; x_wconf 76' lang='lat' dir='ltr'><strong>169a</strong></span> <span class='ocrx_word' id='word_1_122' title='bbox 779 860 948 895; x_wconf 84' lang='lat' dir='ltr'><strong>Proprietate</strong></span> <span class='ocrx_word' id='word_1_123' title='bbox 962 860 1042 894; x_wconf 90' lang='lat' dir='ltr'><strong>spiri-</strong></span> 
     </span>
    </p>
   </div>
   <div class='ocr_carea' id='block_1_20' title="bbox 259 905 1042 936">
    <p class='ocr_par' dir='ltr' id='par_1_20' title="bbox 259 905 1042 936">
     <span class='ocr_line' id='line_1_20' title="bbox 259 905 1042 936; baseline -0.006 0"><span class='ocrx_word' id='word_1_124' title='bbox 259 914 303 936; x_wconf 85' lang='lat' dir='ltr'><strong>tus</strong></span> <span class='ocrx_word' id='word_1_125' title='bbox 316 909 518 936; x_wconf 84' lang='lat' dir='ltr'><strong>concoctionem</strong></span> <span class='ocrx_word' id='word_1_126' title='bbox 540 907 597 934; x_wconf 82' lang='lat' dir='ltr'><strong>ileri</strong></span> <span class='ocrx_word' id='word_1_127' title='bbox 615 917 621 934; x_wconf 86' lang='lat'><strong>:</strong></span> <span class='ocrx_word' id='word_1_128' title='bbox 639 912 731 934; x_wconf 89' lang='lat' dir='ltr'><strong>contra</strong></span> <span class='ocrx_word' id='word_1_129' title='bbox 751 914 802 934; x_wconf 92' lang='lat' dir='ltr'><strong>non</strong></span> <span class='ocrx_word' id='word_1_130' title='bbox 816 907 890 933; x_wconf 91' lang='lat' dir='ltr'><strong>item.</strong></span> <span class='ocrx_word' id='word_1_131' title='bbox 928 905 953 932; x_wconf 85' lang='lat'><strong>7.</strong></span> <span class='ocrx_word' id='word_1_132' title='bbox 975 906 1042 932; x_wconf 87' lang='lat' dir='ltr'><strong>Suc-</strong></span> 
     </span>
    </p>
   </div>
   <div class='ocr_carea' id='block_1_21' title="bbox 258 951 1043 990">
    <p class='ocr_par' dir='ltr' id='par_1_21' title="bbox 258 951 1043 990">
     <span class='ocr_line' id='line_1_21' title="bbox 258 951 1043 990; baseline -0.005 -8"><span class='ocrx_word' id='word_1_133' title='bbox 258 962 351 982; x_wconf 88' lang='lat' dir='ltr'><strong>corum</strong></span> <span class='ocrx_word' id='word_1_134' title='bbox 364 954 530 990; x_wconf 85' lang='lat' dir='ltr'><strong>proprietate</strong></span> <span class='ocrx_word' id='word_1_135' title='bbox 541 953 680 980; x_wconf 82' lang='lat' dir='ltr'><strong>concoctio</strong></span> <span class='ocrx_word' id='word_1_136' title='bbox 697 953 743 985; x_wconf 83' lang='lat' dir='ltr'><strong>ﬁt;</strong></span> <span class='ocrx_word' id='word_1_137' title='bbox 758 953 800 980; x_wconf 83' lang='lat' dir='ltr'><strong>vel</strong></span> <span class='ocrx_word' id='word_1_138' title='bbox 809 952 931 979; x_wconf 90' lang='lat' dir='ltr'><strong>minime.</strong></span> <span class='ocrx_word' id='word_1_139' title='bbox 941 951 1043 979; x_wconf 84' lang='lat' dir='ltr'><strong>8.Pro-</strong></span> 
     </span>
    </p>
   </div>
   <div class='ocr_carea' id='block_1_22' title="bbox 260 996 1043 1034">
    <p class='ocr_par' dir='ltr' id='par_1_22' title="bbox 260 996 1043 1034">
     <span class='ocr_line' id='line_1_22' title="bbox 260 996 1043 1034; baseline -0.004 -7"><span class='ocrx_word' id='word_1_140' title='bbox 260 1000 375 1034; x_wconf 85' lang='lat' dir='ltr'><strong>prietate</strong></span> <span class='ocrx_word' id='word_1_141' title='bbox 391 999 490 1027; x_wconf 81' lang='lat' dir='ltr'><strong>caloris</strong></span> <span class='ocrx_word' id='word_1_142' title='bbox 506 999 536 1026; x_wconf 79' lang='lat' dir='ltr'><strong>ﬁt</strong></span> <span class='ocrx_word' id='word_1_143' title='bbox 549 999 689 1026; x_wconf 86' lang='lat' dir='ltr'><strong>concoctio</strong></span> <span class='ocrx_word' id='word_1_144' title='bbox 706 1007 713 1025; x_wconf 90' lang='lat'><strong>:</strong></span> <span class='ocrx_word' id='word_1_145' title='bbox 731 1004 758 1025; x_wconf 92' lang='lat' dir='ltr'><strong>et</strong></span> <span class='ocrx_word' id='word_1_146' title='bbox 775 1006 827 1025; x_wconf 91' lang='lat' dir='ltr'><strong>non</strong></span> <span class='ocrx_word' id='word_1_147' title='bbox 843 998 918 1025; x_wconf 91' lang='lat' dir='ltr'><strong>item.</strong></span> <span class='ocrx_word' id='word_1_148' title='bbox 949 997 975 1025; x_wconf 89' lang='lat'><strong>9.</strong></span> <span class='ocrx_word' id='word_1_149' title='bbox 989 996 1043 1024; x_wconf 61' lang='lat' dir='ltr'><strong>Ca.</strong></span> 
     </span>
    </p>
   </div>
   <div class='ocr_carea' id='block_1_23' title="bbox 260 1043 1043 1080">
    <p class='ocr_par' dir='ltr' id='par_1_23' title="bbox 260 1043 1043 1080">
     <span class='ocr_line' id='line_1_23' title="bbox 260 1043 1043 1080; baseline -0.003 -8"><span class='ocrx_word' id='word_1_150' title='bbox 260 1046 316 1073; x_wconf 91' lang='lat' dir='ltr'><strong>lore</strong></span> <span class='ocrx_word' id='word_1_151' title='bbox 330 1045 508 1080; x_wconf 80' lang='lat' dir='ltr'><strong>digestiouem</strong></span> <span class='ocrx_word' id='word_1_152' title='bbox 529 1045 586 1072; x_wconf 86' lang='lat' dir='ltr'><strong>tleri</strong></span> <span class='ocrx_word' id='word_1_153' title='bbox 605 1054 614 1073; x_wconf 87' lang='lat'><strong>:</strong></span> <span class='ocrx_word' id='word_1_154' title='bbox 633 1049 660 1072; x_wconf 89' lang='lat' dir='ltr'><strong>et</strong></span> <span class='ocrx_word' id='word_1_155' title='bbox 677 1052 729 1071; x_wconf 92' lang='lat' dir='ltr'><strong>non</strong></span> <span class='ocrx_word' id='word_1_156' title='bbox 750 1044 826 1079; x_wconf 84' lang='lat' dir='ltr'><strong>item.</strong></span> <span class='ocrx_word' id='word_1_157' title='bbox 854 1043 898 1070; x_wconf 91' lang='lat'><strong>10.</strong></span> <span class='ocrx_word' id='word_1_158' title='bbox 916 1043 1043 1070; x_wconf 87' lang='lat' dir='ltr'><strong>Ciborum</strong></span> 
     </span>
    </p>
   </div>
   <div class='ocr_carea' id='block_1_24' title="bbox 260 1089 1043 1125">
    <p class='ocr_par' dir='ltr' id='par_1_24' title="bbox 260 1089 1043 1125">
     <span class='ocr_line' id='line_1_24' title="bbox 260 1089 1043 1125; baseline -0.003 -7"><span class='ocrx_word' id='word_1_159' title='bbox 260 1091 476 1118; x_wconf 80' lang='lat' dir='ltr'><strong>distributionem</strong></span> <span class='ocrx_word' id='word_1_160' title='bbox 490 1097 537 1125; x_wconf 88' lang='lat' dir='ltr'><strong>per</strong></span> <span class='ocrx_word' id='word_1_161' title='bbox 552 1090 651 1117; x_wconf 86' lang='lat' dir='ltr'><strong>caloris</strong></span> <span class='ocrx_word' id='word_1_162' title='bbox 665 1090 698 1116; x_wconf 86' lang='lat' dir='ltr'><strong>ad</strong></span> <span class='ocrx_word' id='word_1_163' title='bbox 718 1097 747 1117; x_wconf 86' lang='lat' dir='ltr'><strong>se</strong></span> <span class='ocrx_word' id='word_1_164' title='bbox 763 1090 953 1116; x_wconf 87' lang='lat' dir='ltr'><strong>attractioucm</strong></span> <span class='ocrx_word' id='word_1_165' title='bbox 970 1089 1043 1122; x_wconf 82' lang='lat' dir='ltr'><strong>ﬂeri;</strong></span> 
     </span>
    </p>
   </div>
   <div class='ocr_carea' id='block_1_25' title="bbox 260 1135 1043 1170">
    <p class='ocr_par' dir='ltr' id='par_1_25' title="bbox 260 1135 1043 1170">
     <span class='ocr_line' id='line_1_25' title="bbox 260 1135 1043 1170; baseline -0.001 -7"><span class='ocrx_word' id='word_1_166' title='bbox 260 1137 301 1165; x_wconf 85' lang='lat' dir='ltr'><strong>vel</strong></span> <span class='ocrx_word' id='word_1_167' title='bbox 313 1137 434 1164; x_wconf 89' lang='lat' dir='ltr'><strong>minime.</strong></span> <span class='ocrx_word' id='word_1_168' title='bbox 452 1136 496 1164; x_wconf 76' lang='grc' dir='ltr'><em>Η.</em></span> <span class='ocrx_word' id='word_1_169' title='bbox 516 1136 618 1170; x_wconf 88' lang='lat' dir='ltr'><strong>Spiritu</strong></span> <span class='ocrx_word' id='word_1_170' title='bbox 640 1136 670 1162; x_wconf 83' lang='lat' dir='ltr'><strong>iit</strong></span> <span class='ocrx_word' id='word_1_171' title='bbox 684 1136 874 1170; x_wconf 71' lang='lat' dir='ltr'><strong>digestimaut</strong></span> <span class='ocrx_word' id='word_1_172' title='bbox 895 1142 946 1162; x_wconf 91' lang='lat' dir='ltr'><strong>non</strong></span> <span class='ocrx_word' id='word_1_173' title='bbox 968 1135 1043 1162; x_wconf 84' lang='lat' dir='ltr'><strong>item.</strong></span> 
     </span>
    </p>
   </div>
   <div class='ocr_carea' id='block_1_26' title="bbox 261 1181 1046 1217">
    <p class='ocr_par' dir='ltr' id='par_1_26' title="bbox 261 1181 1046 1217">
     <span class='ocr_line' id='line_1_26' title="bbox 261 1181 1046 1217; baseline -0.004 -6"><span class='ocrx_word' id='word_1_174' title='bbox 261 1183 306 1211; x_wconf 76' lang='lat'><strong>12.</strong></span> <span class='ocrx_word' id='word_1_175' title='bbox 319 1183 489 1210; x_wconf 80' lang='lat' dir='ltr'><strong>Arteriarum</strong></span> <span class='ocrx_word' id='word_1_176' title='bbox 514 1183 695 1217; x_wconf 82' lang='lat' dir='ltr'><strong>applicatione</strong></span> <span class='ocrx_word' id='word_1_177' title='bbox 722 1181 837 1216; x_wconf 75' lang='lat' dir='ltr'><strong>digestio</strong></span> <span class='ocrx_word' id='word_1_178' title='bbox 865 1181 894 1208; x_wconf 82' lang='lat' dir='ltr'><strong>ﬁt</strong></span> <span class='ocrx_word' id='word_1_179' title='bbox 911 1190 918 1209; x_wconf 92' lang='lat'>:</span> <span class='ocrx_word' id='word_1_180' title='bbox 935 1181 1046 1208; x_wconf 88' lang='lat' dir='ltr'><strong>minime</strong></span> 
     </span>
    </p>
   </div>
   <div class='ocr_carea' id='block_1_27' title="bbox 260 1227 1046 1264">
    <p class='ocr_par' dir='ltr' id='par_1_27' title="bbox 260 1227 1046 1264">
     <span class='ocr_line' id='line_1_27' title="bbox 260 1227 1046 1264; baseline -0.001 -9"><span class='ocrx_word' id='word_1_181' title='bbox 260 1237 325 1256; x_wconf 89' lang='lat' dir='ltr'><strong>vero</strong></span> <span class='ocrx_word' id='word_1_182' title='bbox 342 1230 392 1257; x_wconf 86' lang='lat' dir='ltr'><strong>sic.</strong></span> <span class='ocrx_word' id='word_1_183' title='bbox 411 1230 456 1257; x_wconf 80' lang='lat'><strong>15.</strong></span> <span class='ocrx_word' id='word_1_184' title='bbox 471 1229 590 1264; x_wconf 84' lang='lat' dir='ltr'><strong>Digestio</strong></span> <span class='ocrx_word' id='word_1_185' title='bbox 607 1229 637 1256; x_wconf 86' lang='lat' dir='ltr'><strong>iit</strong></span> <span class='ocrx_word' id='word_1_186' title='bbox 653 1236 700 1263; x_wconf 89' lang='lat' dir='ltr'><strong>per</strong></span> <span class='ocrx_word' id='word_1_187' title='bbox 713 1228 864 1256; x_wconf 80' lang='lat' dir='ltr'><strong>absentiam</strong></span> <span class='ocrx_word' id='word_1_188' title='bbox 881 1235 941 1254; x_wconf 90' lang='lat' dir='ltr'><strong>cum</strong></span> <span class='ocrx_word' id='word_1_189' title='bbox 956 1227 1046 1254; x_wconf 89' lang='lat' dir='ltr'><strong>vacui-</strong></span> 
     </span>
    </p>
   </div>
   <div class='ocr_carea' id='block_1_28' title="bbox 261 1274 1046 1310">
    <p class='ocr_par' dir='ltr' id='par_1_28' title="bbox 261 1274 1046 1310">
     <span class='ocr_line' id='line_1_28' title="bbox 261 1274 1046 1310; baseline -0.003 -8"><span class='ocrx_word' id='word_1_190' title='bbox 261 1280 316 1302; x_wconf 84' lang='lat' dir='ltr'><strong>tate</strong></span> <span class='ocrx_word' id='word_1_191' title='bbox 329 1282 338 1301; x_wconf 87' lang='lat'><strong>:</strong></span> <span class='ocrx_word' id='word_1_192' title='bbox 355 1280 382 1302; x_wconf 90' lang='lat' dir='ltr'><strong>et</strong></span> <span class='ocrx_word' id='word_1_193' title='bbox 396 1277 466 1310; x_wconf 84' lang='lat' dir='ltr'><strong>quod</strong></span> <span class='ocrx_word' id='word_1_194' title='bbox 480 1283 527 1309; x_wconf 89' lang='lat' dir='ltr'><strong>per</strong></span> <span class='ocrx_word' id='word_1_195' title='bbox 537 1275 668 1302; x_wconf 85' lang='lat' dir='ltr'><strong>incertam</strong></span> <span class='ocrx_word' id='word_1_196' title='bbox 679 1275 736 1301; x_wconf 83' lang='lat' dir='ltr'><strong>sive</strong></span> <span class='ocrx_word' id='word_1_197' title='bbox 746 1281 935 1308; x_wconf 85' lang='lat' dir='ltr'><strong>quamcunque</strong></span> <span class='ocrx_word' id='word_1_198' title='bbox 949 1274 1046 1300; x_wconf 89' lang='lat' dir='ltr'><strong>absen-</strong></span> 
     </span>
    </p>
   </div>
   <div class='ocr_carea' id='block_1_29' title="bbox 261 1317 1046 1354">
    <p class='ocr_par' dir='ltr' id='par_1_29' title="bbox 261 1317 1046 1354">
     <span class='ocr_line' id='line_1_29' title="bbox 261 1317 1046 1354; baseline -0.003 -9"><span class='ocrx_word' id='word_1_199' title='bbox 261 1319 326 1346; x_wconf 85' lang='lat' dir='ltr'><strong>tiam</strong></span> <span class='ocrx_word' id='word_1_200' title='bbox 356 1318 413 1346; x_wconf 84' lang='lat' dir='ltr'><strong>ﬁeri</strong></span> <span class='ocrx_word' id='word_1_201' title='bbox 430 1319 516 1346; x_wconf 85' lang='lat' dir='ltr'><strong>soleat</strong></span> <span class='ocrx_word' id='word_1_202' title='bbox 532 1319 659 1354; x_wconf 75' lang='lat' dir='ltr'><strong>digestio.</strong></span> <span class='ocrx_word' id='word_1_203' title='bbox 680 1318 722 1345; x_wconf 76' lang='grc' dir='ltr'><em>Η.</em></span> <span class='ocrx_word' id='word_1_204' title='bbox 740 1317 778 1344; x_wconf 82' lang='lat' dir='ltr'><strong>Ex</strong></span> <span class='ocrx_word' id='word_1_205' title='bbox 802 1325 835 1345; x_wconf 93' lang='lat' dir='ltr'><strong>eo</strong></span> <span class='ocrx_word' id='word_1_206' title='bbox 853 1318 982 1352; x_wconf 84' lang='lat' dir='ltr'><strong>glaucedo</strong></span> <span class='ocrx_word' id='word_1_207' title='bbox 999 1325 1046 1343; x_wconf 88' lang='lat' dir='ltr'><strong>ua-</strong></span> 
     </span>
    </p>
   </div>
   <div class='ocr_carea' id='block_1_30' title="bbox 260 1364 1045 1400">
    <p class='ocr_par' dir='ltr' id='par_1_30' title="bbox 260 1364 1045 1400">
     <span class='ocr_line' id='line_1_30' title="bbox 260 1364 1045 1400; baseline 0 -8"><span class='ocrx_word' id='word_1_208' title='bbox 260 1365 355 1398; x_wconf 83' lang='lat' dir='ltr'><strong>scitur,</strong></span> <span class='ocrx_word' id='word_1_209' title='bbox 371 1365 442 1400; x_wconf 90' lang='lat' dir='ltr'><strong>quod</strong></span> <span class='ocrx_word' id='word_1_210' title='bbox 450 1365 580 1392; x_wconf 86' lang='lat' dir='ltr'><strong>alimento</strong></span> <span class='ocrx_word' id='word_1_211' title='bbox 590 1372 639 1392; x_wconf 81' lang='lat' dir='ltr'><strong>suo</strong></span> <span class='ocrx_word' id='word_1_212' title='bbox 647 1364 759 1391; x_wconf 85' lang='lat' dir='ltr'><strong>visualis</strong></span> <span class='ocrx_word' id='word_1_213' title='bbox 770 1372 851 1399; x_wconf 87' lang='lat' dir='ltr'><strong>porus</strong></span> <span class='ocrx_word' id='word_1_214' title='bbox 863 1364 1026 1391; x_wconf 85' lang='lat' dir='ltr'><strong>destituatur</strong></span> <span class='ocrx_word' id='word_1_215' title='bbox 1038 1373 1045 1392; x_wconf 87' lang='lat'><strong>:</strong></span> 
     </span>
    </p>
   </div>
   <div class='ocr_carea' id='block_1_31' title="bbox 261 1410 1046 1446">
    <p class='ocr_par' dir='ltr' id='par_1_31' title="bbox 261 1410 1046 1446">
     <span class='ocr_line' id='line_1_31' title="bbox 261 1410 1046 1446; baseline -0.004 -7"><span class='ocrx_word' id='word_1_216' title='bbox 261 1415 290 1440; x_wconf 79' lang='lat' dir='ltr'><strong>et</strong></span> <span class='ocrx_word' id='word_1_217' title='bbox 304 1419 357 1439; x_wconf 88' lang='lat' dir='ltr'><strong>non</strong></span> <span class='ocrx_word' id='word_1_218' title='bbox 376 1411 451 1439; x_wconf 92' lang='lat' dir='ltr'><strong>item.</strong></span> <span class='ocrx_word' id='word_1_219' title='bbox 468 1411 512 1439; x_wconf 88' lang='lat'><strong>15.</strong></span> <span class='ocrx_word' id='word_1_220' title='bbox 530 1411 677 1446; x_wconf 75' lang='lat' dir='ltr'><strong>Sanguinis</strong></span> <span class='ocrx_word' id='word_1_221' title='bbox 687 1410 782 1445; x_wconf 87' lang='lat' dir='ltr'><strong>illapsu</strong></span> <span class='ocrx_word' id='word_1_222' title='bbox 795 1411 821 1437; x_wconf 92' lang='lat' dir='ltr'><strong>in</strong></span> <span class='ocrx_word' id='word_1_223' title='bbox 831 1410 940 1437; x_wconf 88' lang='lat' dir='ltr'><strong>visionis</strong></span> <span class='ocrx_word' id='word_1_224' title='bbox 951 1417 1046 1444; x_wconf 89' lang='lat' dir='ltr'><strong>porum</strong></span> 
     </span>
    </p>
   </div>
   <div class='ocr_carea' id='block_1_32' title="bbox 261 1455 1048 1494">
    <p class='ocr_par' dir='ltr' id='par_1_32' title="bbox 261 1455 1048 1494">
     <span class='ocr_line' id='line_1_32' title="bbox 261 1455 1048 1494; baseline -0.003 -9"><span class='ocrx_word' id='word_1_225' title='bbox 261 1458 392 1494; x_wconf 86' lang='lat' dir='ltr'><strong>glaucedo</strong></span> <span class='ocrx_word' id='word_1_226' title='bbox 407 1457 436 1484; x_wconf 81' lang='lat' dir='ltr'><strong>ilt</strong></span> <span class='ocrx_word' id='word_1_227' title='bbox 451 1457 593 1484; x_wconf 87' lang='lat' dir='ltr'><strong>oculorum</strong></span> <span class='ocrx_word' id='word_1_228' title='bbox 616 1465 623 1484; x_wconf 92' lang='lat'>:</span> <span class='ocrx_word' id='word_1_229' title='bbox 640 1461 667 1484; x_wconf 88' lang='lat' dir='ltr'><strong>et</strong></span> <span class='ocrx_word' id='word_1_230' title='bbox 687 1464 740 1484; x_wconf 92' lang='lat' dir='ltr'><strong>non</strong></span> <span class='ocrx_word' id='word_1_231' title='bbox 757 1456 831 1483; x_wconf 88' lang='lat' dir='ltr'><strong>item.</strong></span> <span class='ocrx_word' id='word_1_232' title='bbox 860 1455 904 1483; x_wconf 90' lang='lat'><strong>16.</strong></span> <span class='ocrx_word' id='word_1_233' title='bbox 919 1455 1048 1483; x_wconf 87' lang='lat' dir='ltr'><strong>Humido-</strong></span> 
     </span>
    </p>
   </div>
   <div class='ocr_carea' id='block_1_33' title="bbox 261 1502 1048 1538">
    <p class='ocr_par' dir='ltr' id='par_1_33' title="bbox 261 1502 1048 1538">
     <span class='ocr_line' id='line_1_33' title="bbox 261 1502 1048 1538; baseline -0.003 -6"><span class='ocrx_word' id='word_1_234' title='bbox 261 1512 321 1532; x_wconf 87' lang='lat' dir='ltr'><strong>rum</strong></span> <span class='ocrx_word' id='word_1_235' title='bbox 349 1503 484 1536; x_wconf 80' lang='lat' dir='ltr'><strong>crassitie,</strong></span> <span class='ocrx_word' id='word_1_236' title='bbox 508 1508 588 1538; x_wconf 90' lang='lat' dir='ltr'><strong>atque</strong></span> <span class='ocrx_word' id='word_1_237' title='bbox 611 1503 783 1530; x_wconf 85' lang='lat' dir='ltr'><strong>exhalatione</strong></span> <span class='ocrx_word' id='word_1_238' title='bbox 805 1503 835 1529; x_wconf 82' lang='lat' dir='ltr'><strong>iit</strong></span> <span class='ocrx_word' id='word_1_239' title='bbox 853 1502 981 1537; x_wconf 82' lang='lat' dir='ltr'><strong>glaucedo</strong></span> <span class='ocrx_word' id='word_1_240' title='bbox 996 1510 1004 1529; x_wconf 85' lang='lat'><strong>:</strong></span> <span class='ocrx_word' id='word_1_241' title='bbox 1020 1506 1048 1530; x_wconf 87' lang='lat' dir='ltr'><strong>et</strong></span> 
     </span>
    </p>
   </div>
   <div class='ocr_carea' id='block_1_34' title="bbox 261 1548 1082 1589">
    <p class='ocr_par' dir='ltr' id='par_1_34' title="bbox 261 1548 1082 1589">
     <span class='ocr_line' id='line_1_34' title="bbox 261 1548 1082 1589; baseline -0.002 -12"><span class='ocrx_word' id='word_1_242' title='bbox 261 1557 315 1577; x_wconf 84' lang='lat' dir='ltr'><strong>non</strong></span> <span class='ocrx_word' id='word_1_243' title='bbox 344 1549 384 1576; x_wconf 83' lang='lat' dir='ltr'><strong>tit.</strong></span> <span class='ocrx_word' id='word_1_244' title='bbox 416 1549 460 1576; x_wconf 93' lang='lat' dir='ltr'><strong>1&#39;l.</strong></span> <span class='ocrx_word' id='word_1_245' title='bbox 488 1548 670 1576; x_wconf 83' lang='lat' dir='ltr'><strong>Phrenitidem</strong></span> <span class='ocrx_word' id='word_1_246' title='bbox 702 1548 759 1575; x_wconf 72' lang='lat' dir='ltr'><strong>fieri</strong></span> <span class='ocrx_word' id='word_1_247' title='bbox 785 1555 834 1583; x_wconf 85' lang='lat' dir='ltr'><strong>per</strong></span> <span class='ocrx_word' id='word_1_248' title='bbox 854 1548 1082 1589; x_wconf 74' lang='lat' dir='ltr'><strong>distensionetnc</strong></span> 
     </span>
    </p>
   </div>
   <div class='ocr_carea' id='block_1_35' title="bbox 261 1595 1046 1630">
    <p class='ocr_par' dir='ltr' id='par_1_35' title="bbox 261 1595 1046 1630">
     <span class='ocr_line' id='line_1_35' title="bbox 261 1595 1046 1630; baseline 0 -8"><span class='ocrx_word' id='word_1_249' title='bbox 261 1595 414 1630; x_wconf 83' lang='lat' dir='ltr'><strong>meningis,</strong></span> <span class='ocrx_word' id='word_1_250' title='bbox 440 1595 633 1629; x_wconf 76' lang='lat' dir='ltr'><strong>sanguinisque</strong></span> <span class='ocrx_word' id='word_1_251' title='bbox 649 1595 850 1628; x_wconf 88' lang='lat' dir='ltr'><strong>corruptionem</strong></span> <span class='ocrx_word' id='word_1_252' title='bbox 869 1603 876 1622; x_wconf 91' lang='lat'><strong>:</strong></span> <span class='ocrx_word' id='word_1_253' title='bbox 893 1599 920 1622; x_wconf 88' lang='lat' dir='ltr'><strong>et</strong></span> <span class='ocrx_word' id='word_1_254' title='bbox 935 1602 987 1622; x_wconf 90' lang='lat' dir='ltr'><strong>non</strong></span> <span class='ocrx_word' id='word_1_255' title='bbox 1007 1595 1046 1622; x_wconf 85' lang='lat' dir='ltr'><strong>ita</strong></span> 
     </span>
    </p>
   </div>
   <div class='ocr_carea' id='block_1_36' title="bbox 264 1640 1045 1675">
    <p class='ocr_par' dir='ltr' id='par_1_36' title="bbox 264 1640 1045 1675">
     <span class='ocr_line' id='line_1_36' title="bbox 264 1640 1045 1675; baseline -0.001 -7"><span class='ocrx_word' id='word_1_256' title='bbox 264 1641 333 1668; x_wconf 80' lang='lat' dir='ltr'><strong>ﬁeri.</strong></span> <span class='ocrx_word' id='word_1_257' title='bbox 360 1641 403 1669; x_wconf 90' lang='lat'><strong>18.</strong></span> <span class='ocrx_word' id='word_1_258' title='bbox 421 1641 460 1667; x_wconf 83' lang='lat' dir='ltr'><strong>Ex</strong></span> <span class='ocrx_word' id='word_1_259' title='bbox 485 1641 585 1668; x_wconf 87' lang='lat' dir='ltr'><strong>caloris</strong></span> <span class='ocrx_word' id='word_1_260' title='bbox 607 1648 723 1668; x_wconf 78' lang='lat' dir='ltr'><strong>excessu</strong></span> <span class='ocrx_word' id='word_1_261' title='bbox 750 1641 822 1668; x_wconf 84' lang='lat' dir='ltr'><strong>nasci</strong></span> <span class='ocrx_word' id='word_1_262' title='bbox 838 1640 1018 1675; x_wconf 88' lang='lat' dir='ltr'><strong>phrenitidem</strong></span> <span class='ocrx_word' id='word_1_263' title='bbox 1038 1649 1045 1668; x_wconf 87' lang='lat'>:</span> 
     </span>
    </p>
   </div>
   <div class='ocr_carea' id='block_1_37' title="bbox 262 1686 1047 1721">
    <p class='ocr_par' dir='ltr' id='par_1_37' title="bbox 262 1686 1047 1721">
     <span class='ocr_line' id='line_1_37' title="bbox 262 1686 1047 1721; baseline 0 -7"><span class='ocrx_word' id='word_1_264' title='bbox 262 1692 289 1714; x_wconf 87' lang='lat' dir='ltr'><strong>et</strong></span> <span class='ocrx_word' id='word_1_265' title='bbox 303 1694 356 1714; x_wconf 91' lang='lat' dir='ltr'><strong>non</strong></span> <span class='ocrx_word' id='word_1_266' title='bbox 371 1687 446 1714; x_wconf 87' lang='lat' dir='ltr'><strong>item.</strong></span> <span class='ocrx_word' id='word_1_267' title='bbox 477 1687 523 1714; x_wconf 81' lang='lat'><strong>19.</strong></span> <span class='ocrx_word' id='word_1_268' title='bbox 539 1687 592 1714; x_wconf 88' lang='lat' dir='ltr'><strong>Per</strong></span> <span class='ocrx_word' id='word_1_269' title='bbox 612 1686 850 1714; x_wconf 79' lang='lat' dir='ltr'><strong>inﬂammationem</strong></span> <span class='ocrx_word' id='word_1_270' title='bbox 867 1687 1047 1721; x_wconf 85' lang='lat' dir='ltr'><strong>phrenitidem</strong></span> 
     </span>
    </p>
   </div>
   <div class='ocr_carea' id='block_1_38' title="bbox 262 1733 1048 1768">
    <p class='ocr_par' dir='ltr' id='par_1_38' title="bbox 262 1733 1048 1768">
     <span class='ocr_line' id='line_1_38' title="bbox 262 1733 1048 1768; baseline 0.001 -8"><span class='ocrx_word' id='word_1_271' title='bbox 262 1733 335 1761; x_wconf 82' lang='lat' dir='ltr'><strong>nasci</strong></span> <span class='ocrx_word' id='word_1_272' title='bbox 349 1741 357 1761; x_wconf 92' lang='lat'><strong>:</strong></span> <span class='ocrx_word' id='word_1_273' title='bbox 370 1738 458 1761; x_wconf 91' lang='lat' dir='ltr'><strong>etnon</strong></span> <span class='ocrx_word' id='word_1_274' title='bbox 468 1734 541 1761; x_wconf 88' lang='lat' dir='ltr'><strong>item.</strong></span> <span class='ocrx_word' id='word_1_275' title='bbox 557 1733 602 1761; x_wconf 76' lang='lat'><strong>20.</strong></span> <span class='ocrx_word' id='word_1_276' title='bbox 619 1733 781 1768; x_wconf 83' lang='lat' dir='ltr'><strong>Lethargum</strong></span> <span class='ocrx_word' id='word_1_277' title='bbox 793 1740 824 1760; x_wconf 81' lang='lat' dir='ltr'><strong>ex</strong></span> <span class='ocrx_word' id='word_1_278' title='bbox 836 1733 1048 1761; x_wconf 84' lang='lat' dir='ltr'><strong>inﬂammatione</strong></span> 
     </span>
    </p>
   </div>
   <div class='ocr_carea' id='block_1_39' title="bbox 263 1776 1048 1811">
    <p class='ocr_par' dir='ltr' id='par_1_39' title="bbox 263 1776 1048 1811">
     <span class='ocr_line' id='line_1_39' title="bbox 263 1776 1048 1811; baseline -0.004 -6"><span class='ocrx_word' id='word_1_279' title='bbox 263 1778 321 1805; x_wconf 85' lang='lat' dir='ltr'><strong>ﬁeri</strong></span> <span class='ocrx_word' id='word_1_280' title='bbox 336 1787 344 1805; x_wconf 91' lang='lat'><strong>:</strong></span> <span class='ocrx_word' id='word_1_281' title='bbox 359 1782 386 1806; x_wconf 86' lang='lat' dir='ltr'><strong>et</strong></span> <span class='ocrx_word' id='word_1_282' title='bbox 399 1786 453 1805; x_wconf 88' lang='lat' dir='ltr'><strong>non</strong></span> <span class='ocrx_word' id='word_1_283' title='bbox 470 1778 518 1805; x_wconf 89' lang='lat' dir='ltr'><strong>ita.</strong></span> <span class='ocrx_word' id='word_1_284' title='bbox 556 1777 604 1805; x_wconf 78' lang='lat'><strong>‘21.</strong></span> <span class='ocrx_word' id='word_1_285' title='bbox 620 1776 675 1804; x_wconf 87' lang='lat' dir='ltr'><strong>Per</strong></span> <span class='ocrx_word' id='word_1_286' title='bbox 688 1777 882 1804; x_wconf 86' lang='lat' dir='ltr'><strong>distensionem</strong></span> <span class='ocrx_word' id='word_1_287' title='bbox 895 1776 1048 1811; x_wconf 86' lang='lat' dir='ltr'><strong>corruptio-</strong></span> 
     </span>
    </p>
   </div>
   <div class='ocr_carea' id='block_1_40' title="bbox 264 1822 1047 1859">
    <p class='ocr_par' dir='ltr' id='par_1_40' title="bbox 264 1822 1047 1859">
     <span class='ocr_line' id='line_1_40' title="bbox 264 1822 1047 1859; baseline -0.003 -9"><span class='ocrx_word' id='word_1_288' title='bbox 264 1831 379 1858; x_wconf 91' lang='lat' dir='ltr'><strong>nemque</strong></span> <span class='ocrx_word' id='word_1_289' title='bbox 392 1823 560 1859; x_wconf 82' lang='lat' dir='ltr'><strong>lethargicos</strong></span> <span class='ocrx_word' id='word_1_290' title='bbox 574 1824 630 1850; x_wconf 81' lang='lat' dir='ltr'><strong>ﬁeri</strong></span> <span class='ocrx_word' id='word_1_291' title='bbox 644 1833 650 1851; x_wconf 89' lang='lat'><strong>:</strong></span> <span class='ocrx_word' id='word_1_292' title='bbox 664 1829 751 1850; x_wconf 90' lang='lat' dir='ltr'><strong>etnon</strong></span> <span class='ocrx_word' id='word_1_293' title='bbox 768 1823 844 1850; x_wconf 85' lang='lat' dir='ltr'><strong>item.</strong></span> <span class='ocrx_word' id='word_1_294' title='bbox 863 1822 909 1849; x_wconf 72' lang='lat'><strong>2‘2.</strong></span> <span class='ocrx_word' id='word_1_295' title='bbox 924 1822 975 1849; x_wconf 86' lang='lat' dir='ltr'><strong>Per</strong></span> <span class='ocrx_word' id='word_1_296' title='bbox 987 1822 1047 1848; x_wconf 91' lang='lat' dir='ltr'><strong>uni-</strong></span> 
     </span>
    </p>
   </div>
   <div class='ocr_carea' id='block_1_41' title="bbox 263 1868 1049 1904">
    <p class='ocr_par' dir='ltr' id='par_1_41' title="bbox 263 1868 1049 1904">
     <span class='ocr_line' id='line_1_41' title="bbox 263 1868 1049 1904; baseline 0.001 -9"><span class='ocrx_word' id='word_1_297' title='bbox 263 1876 371 1896; x_wconf 78' lang='lat' dir='ltr'><strong>versum</strong></span> <span class='ocrx_word' id='word_1_298' title='bbox 395 1876 495 1903; x_wconf 85' lang='lat' dir='ltr'><strong>corpus</strong></span> <span class='ocrx_word' id='word_1_299' title='bbox 524 1868 638 1896; x_wconf 72' lang='lat' dir='ltr'><strong>diﬂundi</strong></span> <span class='ocrx_word' id='word_1_300' title='bbox 661 1870 809 1904; x_wconf 87' lang='lat' dir='ltr'><strong>appetitum</strong></span> <span class='ocrx_word' id='word_1_301' title='bbox 840 1869 936 1896; x_wconf 88' lang='lat' dir='ltr'><strong>edendi</strong></span> <span class='ocrx_word' id='word_1_302' title='bbox 967 1875 1049 1904; x_wconf 90' lang='lat' dir='ltr'><strong>atque</strong></span> 
     </span>
    </p>
   </div>
   <div class='ocr_carea' id='block_1_42' title="bbox 264 1914 1047 1942">
    <p class='ocr_par' dir='ltr' id='par_1_42' title="bbox 264 1914 1047 1942">
     <span class='ocr_line' id='line_1_42' title="bbox 264 1914 1047 1942; baseline 0.001 -1"><span class='ocrx_word' id='word_1_303' title='bbox 264 1914 371 1942; x_wconf 86' lang='lat' dir='ltr'><strong>bibendi</strong></span> <span class='ocrx_word' id='word_1_304' title='bbox 391 1923 399 1942; x_wconf 88' lang='lat'><strong>:</strong></span> <span class='ocrx_word' id='word_1_305' title='bbox 417 1919 445 1942; x_wconf 91' lang='lat' dir='ltr'><strong>et</strong></span> <span class='ocrx_word' id='word_1_306' title='bbox 471 1918 576 1942; x_wconf 87' lang='lat' dir='ltr'><strong>tantum</strong></span> <span class='ocrx_word' id='word_1_307' title='bbox 608 1915 633 1942; x_wconf 93' lang='lat' dir='ltr'><strong>in</strong></span> <span class='ocrx_word' id='word_1_308' title='bbox 659 1916 801 1942; x_wconf 86' lang='lat' dir='ltr'><strong>stomacho</strong></span> <span class='ocrx_word' id='word_1_309' title='bbox 824 1916 964 1942; x_wconf 74' lang='lat' dir='ltr'><strong>exsistere.</strong></span> <span class='ocrx_word' id='word_1_310' title='bbox 1002 1915 1047 1942; x_wconf 70' lang='lat'><strong>23.</strong></span> 
     </span>
    </p>
   </div>
   <div class='ocr_carea' id='block_1_43' title="bbox 265 1960 1049 1997">
    <p class='ocr_par' dir='ltr' id='par_1_43' title="bbox 265 1960 1049 1997">
     <span class='ocr_line' id='line_1_43' title="bbox 265 1960 1049 1997; baseline 0 -9"><span class='ocrx_word' id='word_1_311' title='bbox 265 1960 367 1989; x_wconf 81' lang='lat' dir='ltr'><strong>Edendi</strong></span> <span class='ocrx_word' id='word_1_312' title='bbox 391 1966 473 1996; x_wconf 90' lang='lat' dir='ltr'><strong>atque</strong></span> <span class='ocrx_word' id='word_1_313' title='bbox 494 1961 602 1989; x_wconf 85' lang='lat' dir='ltr'><strong>bibendi</strong></span> <span class='ocrx_word' id='word_1_314' title='bbox 630 1963 780 1997; x_wconf 89' lang='lat' dir='ltr'><strong>appetitum</strong></span> <span class='ocrx_word' id='word_1_315' title='bbox 804 1963 830 1989; x_wconf 94' lang='lat' dir='ltr'><strong>in</strong></span> <span class='ocrx_word' id='word_1_316' title='bbox 855 1962 1049 1996; x_wconf 78' lang='lat' dir='ltr'><strong>imaginatione</strong></span> 
     </span>
    </p>
   </div>
   <div class='ocr_carea' id='block_1_44' title="bbox 265 2007 1048 2042">
    <p class='ocr_par' dir='ltr' id='par_1_44' title="bbox 265 2007 1048 2042">
     <span class='ocr_line' id='line_1_44' title="bbox 265 2007 1048 2042; baseline 0.001 -9"><span class='ocrx_word' id='word_1_317' title='bbox 265 2007 346 2034; x_wconf 88' lang='lat' dir='ltr'><strong>situm</strong></span> <span class='ocrx_word' id='word_1_318' title='bbox 367 2014 437 2035; x_wconf 87' lang='lat' dir='ltr'><strong>esse.</strong></span> <span class='ocrx_word' id='word_1_319' title='bbox 479 2007 524 2035; x_wconf 75' lang='grc'><strong>24.</strong></span> <span class='ocrx_word' id='word_1_320' title='bbox 544 2008 582 2035; x_wconf 86' lang='lat' dir='ltr'><strong>Ex</strong></span> <span class='ocrx_word' id='word_1_321' title='bbox 597 2008 740 2035; x_wconf 75' lang='lat' dir='ltr'><strong>bumorum</strong></span> <span class='ocrx_word' id='word_1_322' title='bbox 758 2007 847 2042; x_wconf 78' lang='lat' dir='ltr'><strong>inopia</strong></span> <span class='ocrx_word' id='word_1_323' title='bbox 863 2007 935 2034; x_wconf 89' lang='lat' dir='ltr'><strong>sitim</strong></span> <span class='ocrx_word' id='word_1_324' title='bbox 950 2007 1025 2034; x_wconf 88' lang='lat' dir='ltr'><strong>nasci</strong></span> <span class='ocrx_word' id='word_1_325' title='bbox 1041 2015 1048 2034; x_wconf 91' lang='lat'><strong>:</strong></span> 
     </span>
    </p>
   </div>
   <div class='ocr_carea' id='block_1_45' title="bbox 265 2053 1048 2088">
    <p class='ocr_par' dir='ltr' id='par_1_45' title="bbox 265 2053 1048 2088">
     <span class='ocr_line' id='line_1_45' title="bbox 265 2053 1048 2088; baseline 0.001 -9"><span class='ocrx_word' id='word_1_326' title='bbox 265 2057 292 2079; x_wconf 77' lang='lat' dir='ltr'><strong>et</strong></span> <span class='ocrx_word' id='word_1_327' title='bbox 308 2061 360 2081; x_wconf 88' lang='lat' dir='ltr'><strong>non</strong></span> <span class='ocrx_word' id='word_1_328' title='bbox 384 2054 459 2081; x_wconf 88' lang='lat' dir='ltr'><strong>item.</strong></span> <span class='ocrx_word' id='word_1_329' title='bbox 485 2053 531 2082; x_wconf 76' lang='lat'><strong>9.5.</strong></span> <span class='ocrx_word' id='word_1_330' title='bbox 559 2054 587 2082; x_wconf 92' lang='lat' dir='ltr'><strong>lu</strong></span> <span class='ocrx_word' id='word_1_331' title='bbox 617 2055 759 2082; x_wconf 86' lang='lat' dir='ltr'><strong>stomacho</strong></span> <span class='ocrx_word' id='word_1_332' title='bbox 776 2054 910 2088; x_wconf 90' lang='lat' dir='ltr'><strong>duplicem</strong></span> <span class='ocrx_word' id='word_1_333' title='bbox 934 2054 1048 2088; x_wconf 85' lang='lat' dir='ltr'><strong>spectari</strong></span> 
     </span>
    </p>
   </div>
   <div class='ocr_carea' id='block_1_46' title="bbox 265 2099 1049 2135">
    <p class='ocr_par' dir='ltr' id='par_1_46' title="bbox 265 2099 1049 2135">
     <span class='ocr_line' id='line_1_46' title="bbox 265 2099 1049 2135; baseline -0.001 -8"><span class='ocrx_word' id='word_1_334' title='bbox 265 2099 399 2127; x_wconf 78' lang='lat' dir='ltr'><strong>elﬁciendi</strong></span> <span class='ocrx_word' id='word_1_335' title='bbox 415 2100 468 2126; x_wconf 81' lang='lat' dir='ltr'><strong>vim</strong></span> <span class='ocrx_word' id='word_1_336' title='bbox 486 2108 493 2127; x_wconf 93' lang='lat'><strong>:</strong></span> <span class='ocrx_word' id='word_1_337' title='bbox 511 2104 539 2128; x_wconf 89' lang='lat' dir='ltr'><strong>et</strong></span> <span class='ocrx_word' id='word_1_338' title='bbox 563 2108 627 2127; x_wconf 84' lang='lat' dir='ltr'><strong>vero</strong></span> <span class='ocrx_word' id='word_1_339' title='bbox 649 2101 772 2128; x_wconf 90' lang='lat' dir='ltr'><strong>minime.</strong></span> <span class='ocrx_word' id='word_1_340' title='bbox 795 2101 840 2128; x_wconf 77' lang='lat'><strong>26.</strong></span> <span class='ocrx_word' id='word_1_341' title='bbox 868 2100 1049 2135; x_wconf 65' lang='lat' dir='ltr'><strong>Interim-(11)</strong></span> 
     </span>
    </p>
   </div>
   <div class='ocr_carea' id='block_1_47' title="bbox 265 2146 1050 2182">
    <p class='ocr_par' dir='ltr' id='par_1_47' title="bbox 265 2146 1050 2182">
     <span class='ocr_line' id='line_1_47' title="bbox 265 2146 1050 2182; baseline 0.003 -11"><span class='ocrx_word' id='word_1_342' title='bbox 265 2146 368 2175; x_wconf 85' lang='lat' dir='ltr'><strong>cerebri</strong></span> <span class='ocrx_word' id='word_1_343' title='bbox 384 2146 508 2182; x_wconf 87' lang='lat' dir='ltr'><strong>pellicula</strong></span> <span class='ocrx_word' id='word_1_344' title='bbox 525 2147 550 2174; x_wconf 92' lang='lat' dir='ltr'><strong>in</strong></span> <span class='ocrx_word' id='word_1_345' title='bbox 568 2147 737 2174; x_wconf 85' lang='lat' dir='ltr'><strong>concavitate</strong></span> <span class='ocrx_word' id='word_1_346' title='bbox 750 2147 910 2181; x_wconf 85' lang='lat' dir='ltr'><strong>principium</strong></span> <span class='ocrx_word' id='word_1_347' title='bbox 926 2152 965 2174; x_wconf 85' lang='lat' dir='ltr'><strong>est</strong></span> <span class='ocrx_word' id='word_1_348' title='bbox 988 2155 1050 2174; x_wconf 84' lang='lat' dir='ltr'><strong>ner-</strong></span> 
     </span>
    </p>
   </div>
   <div class='ocr_carea' id='block_1_48' title="bbox 265 2191 1049 2223">
    <p class='ocr_par' dir='ltr' id='par_1_48' title="bbox 265 2191 1049 2223">
     <span class='ocr_line' id='line_1_48' title="bbox 265 2191 1049 2223; baseline 0.001 -5"><span class='ocrx_word' id='word_1_349' title='bbox 265 2199 360 2220; x_wconf 79' lang='lat' dir='ltr'><strong>vorum</strong></span> <span class='ocrx_word' id='word_1_350' title='bbox 376 2200 383 2218; x_wconf 89' lang='lat'><strong>:</strong></span> <span class='ocrx_word' id='word_1_351' title='bbox 402 2195 429 2218; x_wconf 92' lang='lat' dir='ltr'><strong>et</strong></span> <span class='ocrx_word' id='word_1_352' title='bbox 446 2199 511 2219; x_wconf 86' lang='lat' dir='ltr'><strong>vero</strong></span> <span class='ocrx_word' id='word_1_353' title='bbox 526 2192 647 2223; x_wconf 86' lang='lat' dir='ltr'><strong>minime,</strong></span> <span class='ocrx_word' id='word_1_354' title='bbox 673 2192 720 2219; x_wconf 82' lang='lat' dir='ltr'><strong>sed</strong></span> <span class='ocrx_word' id='word_1_355' title='bbox 732 2193 862 2219; x_wconf 77' lang='lat' dir='ltr'><strong>exterior.</strong></span> <span class='ocrx_word' id='word_1_356' title='bbox 897 2191 942 2218; x_wconf 73' lang='grc'><strong>27.</strong></span> <span class='ocrx_word' id='word_1_357' title='bbox 962 2191 1049 2219; x_wconf 85' lang='lat' dir='ltr'><strong>Phar-</strong></span> 
     </span>
    </p>
   </div>
   <div class='ocr_carea' id='block_1_49' title="bbox 1058 892 1079 920">
    <p class='ocr_par' dir='ltr' id='par_1_49' title="bbox 1058 892 1079 920">
     <span class='ocr_line' id='line_1_49' title="bbox 1058 892 1079 920; baseline 0 0"><span class='ocrx_word' id='word_1_358' title='bbox 1058 892 1079 920; x_wconf 76' lang='grc' dir='ltr'><strong>Β</strong></span> 
     </span>
    </p>
   </div>
   <div class='ocr_carea' id='block_1_50' title="bbox 1093 263 1892 299">
    <p class='ocr_par' dir='ltr' id='par_1_50' title="bbox 1093 263 1892 299">
     <span class='ocr_line' id='line_1_50' title="bbox 1093 263 1892 299; baseline -0.001 -10"><span class='ocrx_word' id='word_1_359' title='bbox 1093 263 1209 298; x_wconf 76' lang='grc' dir='ltr'><strong>θεμένης</strong></span> <span class='ocrx_word' id='word_1_360' title='bbox 1221 263 1344 299; x_wconf 75' lang='grc' dir='ltr'>παρευθὺ</span> <span class='ocrx_word' id='word_1_361' title='bbox 1356 265 1403 289; x_wconf 76' lang='grc' dir='ltr'>καὶ</span> <span class='ocrx_word' id='word_1_362' title='bbox 1418 263 1487 290; x_wconf 75' lang='grc' dir='ltr'>κατὰ</span> <span class='ocrx_word' id='word_1_363' title='bbox 1499 263 1639 298; x_wconf 79' lang='grc' dir='ltr'><strong>συνέχειαν</strong></span> <span class='ocrx_word' id='word_1_364' title='bbox 1651 263 1700 297; x_wconf 84' lang='grc' dir='ltr'>τῆς</span> <span class='ocrx_word' id='word_1_365' title='bbox 1712 263 1892 296; x_wconf 62' lang='grc' dir='ltr'>ἀνασκευῗκ.</span> 
     </span>
    </p>
   </div>
   <div class='ocr_carea' id='block_1_51' title="bbox 1099 309 1894 346">
    <p class='ocr_par' dir='ltr' id='par_1_51' title="bbox 1099 309 1894 346">
     <span class='ocr_line' id='line_1_51' title="bbox 1099 309 1894 346; baseline 0 -10"><span class='ocrx_word' id='word_1_366' title='bbox 1099 309 1131 336; x_wconf 81' lang='grc' dir='ltr'><strong><em>Ἦ</em></strong></span> <span class='ocrx_word' id='word_1_367' title='bbox 1144 310 1192 345; x_wconf 81' lang='grc' dir='ltr'>μὲν</span> <span class='ocrx_word' id='word_1_368' title='bbox 1207 310 1339 346; x_wconf 77' lang='grc' dir='ltr'><strong>ἑρμηνεία</strong></span> <span class='ocrx_word' id='word_1_369' title='bbox 1355 309 1403 336; x_wconf 83' lang='grc' dir='ltr'><strong>τοῦ</strong></span> <span class='ocrx_word' id='word_1_370' title='bbox 1428 309 1507 343; x_wconf 79' lang='grc' dir='ltr'>λόγου</span> <span class='ocrx_word' id='word_1_371' title='bbox 1525 310 1587 337; x_wconf 83' lang='grc' dir='ltr'>οὒτε</span> <span class='ocrx_word' id='word_1_372' title='bbox 1603 310 1767 345; x_wconf 78' lang='grc' dir='ltr'>ὲξωράῖσται</span> <span class='ocrx_word' id='word_1_373' title='bbox 1779 311 1805 326; x_wconf 78' lang='grc'><strong><em>⁸³</em></strong></span> <span class='ocrx_word' id='word_1_374' title='bbox 1823 309 1894 336; x_wconf 69' lang='grc' dir='ltr'>οὕτε</span> 
     </span>
    </p>
   </div>
   <div class='ocr_carea' id='block_1_52' title="bbox 1092 355 1894 392">
    <p class='ocr_par' dir='ltr' id='par_1_52' title="bbox 1092 355 1894 392">
     <span class='ocr_line' id='line_1_52' title="bbox 1092 355 1894 392; baseline -0.001 -10"><span class='ocrx_word' id='word_1_375' title='bbox 1092 356 1219 392; x_wconf 64' lang='grc' dir='ltr'>ἔρριπται</span> <span class='ocrx_word' id='word_1_376' title='bbox 1244 356 1291 382; x_wconf 85' lang='grc' dir='ltr'><strong>τοῦ</strong></span> <span class='ocrx_word' id='word_1_377' title='bbox 1314 355 1439 387; x_wconf 83' lang='grc' dir='ltr'>κάλλους,</span> <span class='ocrx_word' id='word_1_378' title='bbox 1467 355 1554 386; x_wconf 80' lang='grc' dir='ltr'>ἄλλως</span> <span class='ocrx_word' id='word_1_379' title='bbox 1569 364 1598 382; x_wconf 86' lang='grc' dir='ltr'><strong>τε</strong></span> <span class='ocrx_word' id='word_1_380' title='bbox 1629 356 1675 382; x_wconf 71' lang='grc' dir='ltr'><strong>καὶ</strong></span> <span class='ocrx_word' id='word_1_381' title='bbox 1691 356 1733 383; x_wconf 80' lang='grc' dir='ltr'>ὃτι</span> <span class='ocrx_word' id='word_1_382' title='bbox 1751 356 1810 382; x_wconf 77' lang='grc' dir='ltr'>οὐδ’</span> <span class='ocrx_word' id='word_1_383' title='bbox 1828 356 1894 382; x_wconf 82' lang='grc' dir='ltr'>ὲπι-</span> 
     </span>
    </p>
   </div>
   <div class='ocr_carea' id='block_1_53' title="bbox 1091 403 1895 438">
    <p class='ocr_par' dir='ltr' id='par_1_53' title="bbox 1091 403 1895 438">
     <span class='ocr_line' id='line_1_53' title="bbox 1091 403 1895 438; baseline -0.001 -8"><span class='ocrx_word' id='word_1_384' title='bbox 1091 404 1243 436; x_wconf 81' lang='grc' dir='ltr'>δεικτικῶς,</span> <span class='ocrx_word' id='word_1_385' title='bbox 1259 403 1316 430; x_wconf 78' lang='grc' dir='ltr'>ἀλλ’</span> <span class='ocrx_word' id='word_1_386' title='bbox 1338 405 1367 435; x_wconf 79' lang='grc' dir='ltr'>ἐς</span> <span class='ocrx_word' id='word_1_387' title='bbox 1388 403 1419 430; x_wconf 78' lang='grc' dir='ltr'>τὸ</span> <span class='ocrx_word' id='word_1_388' title='bbox 1439 404 1588 438; x_wconf 85' lang='grc' dir='ltr'>γυμνάσιον</span> <span class='ocrx_word' id='word_1_389' title='bbox 1608 403 1647 438; x_wconf 85' lang='grc' dir='ltr'>τῷ</span> <span class='ocrx_word' id='word_1_390' title='bbox 1674 404 1838 438; x_wconf 78' lang='grc' dir='ltr'>συγγραφεῖ</span> <span class='ocrx_word' id='word_1_391' title='bbox 1862 403 1895 429; x_wconf 79' lang='grc' dir='ltr'><strong>τὺ</strong></span> 
     </span>
    </p>
   </div>
   <div class='ocr_carea' id='block_1_54' title="bbox 1092 448 1894 484">
    <p class='ocr_par' dir='ltr' id='par_1_54' title="bbox 1092 448 1894 484">
     <span class='ocr_line' id='line_1_54' title="bbox 1092 448 1894 484; baseline -0.001 -8"><span class='ocrx_word' id='word_1_392' title='bbox 1092 450 1252 484; x_wconf 80' lang='grc' dir='ltr'>σπούδασμα</span> <span class='ocrx_word' id='word_1_393' title='bbox 1277 450 1359 476; x_wconf 81' lang='grc' dir='ltr'>τείνει</span> <span class='ocrx_word' id='word_1_394' title='bbox 1382 448 1416 481; x_wconf 79' lang='grc'><strong>⁸⁸,</strong></span> <span class='ocrx_word' id='word_1_395' title='bbox 1429 450 1476 475; x_wconf 77' lang='grc' dir='ltr'><strong>καὶ</strong></span> <span class='ocrx_word' id='word_1_396' title='bbox 1493 450 1647 484; x_wconf 78' lang='grc' dir='ltr'><strong>ἰσχνότητος</strong></span> <span class='ocrx_word' id='word_1_397' title='bbox 1671 449 1745 484; x_wconf 78' lang='grc' dir='ltr'><strong>αὺτῷ</strong></span> <span class='ocrx_word' id='word_1_398' title='bbox 1764 450 1817 476; x_wconf 71' lang='grc' dir='ltr'>καὶ</span> <span class='ocrx_word' id='word_1_399' title='bbox 1831 449 1894 476; x_wconf 82' lang='grc' dir='ltr'>τῶν</span> 
     </span>
    </p>
   </div>
   <div class='ocr_carea' id='block_1_55' title="bbox 1092 493 1896 530">
    <p class='ocr_par' dir='ltr' id='par_1_55' title="bbox 1092 493 1896 530">
     <span class='ocr_line' id='line_1_55' title="bbox 1092 493 1896 530; baseline 0 -10"><span class='ocrx_word' id='word_1_400' title='bbox 1092 494 1239 530; x_wconf 85' lang='grc' dir='ltr'>συστοίχων</span> <span class='ocrx_word' id='word_1_401' title='bbox 1259 494 1344 529; x_wconf 85' lang='grc' dir='ltr'>μέλει·</span> <span class='ocrx_word' id='word_1_402' title='bbox 1366 494 1501 530; x_wconf 84' lang='grc' dir='ltr'>χρήσιμον</span> <span class='ocrx_word' id='word_1_403' title='bbox 1530 493 1559 520; x_wconf 80' lang='grc' dir='ltr'>δὲ</span> <span class='ocrx_word' id='word_1_404' title='bbox 1586 494 1617 520; x_wconf 75' lang='grc' dir='ltr'>τὸ</span> <span class='ocrx_word' id='word_1_405' title='bbox 1631 493 1732 529; x_wconf 76' lang='grc' dir='ltr'>βιϐλίον</span> <span class='ocrx_word' id='word_1_406' title='bbox 1750 495 1813 527; x_wconf 80' lang='grc' dir='ltr'>τοῖς</span> <span class='ocrx_word' id='word_1_407' title='bbox 1841 495 1896 529; x_wconf 78' lang='grc' dir='ltr'>τὴν</span> 
     </span>
    </p>
   </div>
   <div class='ocr_carea' id='block_1_56' title="bbox 1090 539 1896 576">
    <p class='ocr_par' dir='ltr' id='par_1_56' title="bbox 1090 539 1896 576">
     <span class='ocr_line' id='line_1_56' title="bbox 1090 539 1896 576; baseline 0 -9"><span class='ocrx_word' id='word_1_408' title='bbox 1090 540 1262 576; x_wconf 78' lang='grc' dir='ltr'>διαλεκτικὴν</span> <span class='ocrx_word' id='word_1_409' title='bbox 1273 541 1369 576; x_wconf 77' lang='grc' dir='ltr'>τριϐὴν</span> <span class='ocrx_word' id='word_1_410' title='bbox 1379 540 1568 576; x_wconf 79' lang='grc' dir='ltr'>ἀσκουμένοις.</span> <span class='ocrx_word' id='word_1_411' title='bbox 1586 539 1619 566; x_wconf 85' lang='grc' dir='ltr'><strong>Ἦ</strong></span> <span class='ocrx_word' id='word_1_412' title='bbox 1627 540 1656 566; x_wconf 67' lang='grc' dir='ltr'>δὲ</span> <span class='ocrx_word' id='word_1_413' title='bbox 1668 540 1799 572; x_wconf 81' lang='grc' dir='ltr'>ὑπόθεσις</span> <span class='ocrx_word' id='word_1_414' title='bbox 1811 540 1896 574; x_wconf 82' lang='grc' dir='ltr'>λέγει</span> 
     </span>
    </p>
   </div>
   <div class='ocr_carea' id='block_1_57' title="bbox 1090 584 1898 622">
    <p class='ocr_par' dir='ltr' id='par_1_57' title="bbox 1090 584 1898 622">
     <span class='ocr_line' id='line_1_57' title="bbox 1090 584 1898 622; baseline 0 -10"><span class='ocrx_word' id='word_1_415' title='bbox 1090 585 1188 617; x_wconf 79' lang='grc' dir='ltr'>ταῦτα,</span> <span class='ocrx_word' id='word_1_416' title='bbox 1200 586 1242 612; x_wconf 85' lang='grc' dir='ltr'>ὅτι</span> <span class='ocrx_word' id='word_1_417' title='bbox 1255 586 1285 619; x_wconf 78' lang='grc' dir='ltr'><strong>ἐξ</strong></span> <span class='ocrx_word' id='word_1_418' title='bbox 1301 585 1464 622; x_wconf 80' lang='grc' dir='ltr'><strong>ἀμφοτέρων</strong></span> <span class='ocrx_word' id='word_1_419' title='bbox 1476 586 1493 620; x_wconf 86' lang='grc' dir='ltr'><strong>ἡ</strong></span> <span class='ocrx_word' id='word_1_420' title='bbox 1509 584 1647 620; x_wconf 76' lang='grc' dir='ltr'>καταϐολὴ</span> <span class='ocrx_word' id='word_1_421' title='bbox 1665 585 1713 612; x_wconf 83' lang='grc' dir='ltr'>τοῦ</span> <span class='ocrx_word' id='word_1_422' title='bbox 1725 585 1898 621; x_wconf 82' lang='grc' dir='ltr'>σπέρματος</span> 
     </span>
    </p>
   </div>
   <div class='ocr_carea' id='block_1_58' title="bbox 1092 631 1896 667">
    <p class='ocr_par' dir='ltr' id='par_1_58' title="bbox 1092 631 1896 667">
     <span class='ocr_line' id='line_1_58' title="bbox 1092 631 1896 667; baseline -0.002 -7"><span class='ocrx_word' id='word_1_423' title='bbox 1092 633 1139 660; x_wconf 75' lang='grc' dir='ltr'><strong>καὶ</strong></span> <span class='ocrx_word' id='word_1_424' title='bbox 1152 632 1283 666; x_wconf 77' lang='grc' dir='ltr'>ξωογονία</span> <span class='ocrx_word' id='word_1_425' title='bbox 1297 632 1411 666; x_wconf 82' lang='grc' dir='ltr'>γίνεται,</span> <span class='ocrx_word' id='word_1_426' title='bbox 1431 632 1478 658; x_wconf 74' lang='grc' dir='ltr'><strong>καὶ</strong></span> <span class='ocrx_word' id='word_1_427' title='bbox 1492 631 1646 658; x_wconf 77' lang='grc' dir='ltr'>τούναντίον</span> <span class='ocrx_word' id='word_1_428' title='bbox 1665 632 1715 658; x_wconf 81' lang='grc' dir='ltr'><strong>οὐκ</strong></span> <span class='ocrx_word' id='word_1_429' title='bbox 1741 631 1772 664; x_wconf 74' lang='grc' dir='ltr'><strong>ἐξ</strong></span> <span class='ocrx_word' id='word_1_430' title='bbox 1791 632 1896 667; x_wconf 74' lang='grc' dir='ltr'>ἀμφο-</span> 
     </span>
    </p>
   </div>
   <div class='ocr_carea' id='block_1_59' title="bbox 1091 675 1898 713">
    <p class='ocr_par' dir='ltr' id='par_1_59' title="bbox 1091 675 1898 713">
     <span class='ocr_line' id='line_1_59' title="bbox 1091 675 1898 713; baseline 0.001 -10"><span class='ocrx_word' id='word_1_431' title='bbox 1091 677 1188 713; x_wconf 72' lang='grc' dir='ltr'>τέρων,</span> <span class='ocrx_word' id='word_1_432' title='bbox 1216 677 1346 712; x_wconf 82' lang='grc' dir='ltr'><strong>Δεύτερον</strong></span> <span class='ocrx_word' id='word_1_433' title='bbox 1368 677 1410 703; x_wconf 76' lang='grc' dir='ltr'>ὅτι</span> <span class='ocrx_word' id='word_1_434' title='bbox 1435 676 1556 711; x_wconf 81' lang='grc' dir='ltr'>ἀφ’ὂλου</span> <span class='ocrx_word' id='word_1_435' title='bbox 1573 676 1620 704; x_wconf 85' lang='grc' dir='ltr'>τοῦ</span> <span class='ocrx_word' id='word_1_436' title='bbox 1647 676 1774 712; x_wconf 86' lang='grc' dir='ltr'>σώματος</span> <span class='ocrx_word' id='word_1_437' title='bbox 1797 678 1818 713; x_wconf 83' lang='grc' dir='ltr'><strong>ἡ</strong></span> <span class='ocrx_word' id='word_1_438' title='bbox 1844 675 1898 704; x_wconf 78' lang='grc' dir='ltr'><strong>τοῦ</strong></span> 
     </span>
    </p>
   </div>
   <div class='ocr_carea' id='block_1_60' title="bbox 1092 722 1898 757">
    <p class='ocr_par' dir='ltr' id='par_1_60' title="bbox 1092 722 1898 757">
     <span class='ocr_line' id='line_1_60' title="bbox 1092 722 1898 757; baseline 0.002 -9"><span class='ocrx_word' id='word_1_439' title='bbox 1092 723 1250 757; x_wconf 80' lang='grc' dir='ltr'>σπέρματος</span> <span class='ocrx_word' id='word_1_440' title='bbox 1264 722 1397 756; x_wconf 76' lang='grc' dir='ltr'>ἔκκρισις.</span> <span class='ocrx_word' id='word_1_441' title='bbox 1411 722 1460 749; x_wconf 82' lang='grc' dir='ltr'><strong>καί</strong></span> <span class='ocrx_word' id='word_1_442' title='bbox 1474 722 1628 749; x_wconf 81' lang='grc' dir='ltr'>τούναντίον</span> <span class='ocrx_word' id='word_1_443' title='bbox 1638 723 1679 749; x_wconf 80' lang='grc' dir='ltr'>ὅτι</span> <span class='ocrx_word' id='word_1_444' title='bbox 1693 722 1746 749; x_wconf 75' lang='grc' dir='ltr'><strong>ἀπὸ</strong></span> <span class='ocrx_word' id='word_1_445' title='bbox 1756 722 1860 757; x_wconf 84' lang='grc' dir='ltr'>μόνων</span> <span class='ocrx_word' id='word_1_446' title='bbox 1874 723 1898 740; x_wconf 86' lang='grc'><strong>⁸⁷</strong></span> 
     </span>
    </p>
   </div>
   <div class='ocr_carea' id='block_1_61' title="bbox 1090 767 1900 804">
    <p class='ocr_par' dir='ltr' id='par_1_61' title="bbox 1090 767 1900 804">
     <span class='ocr_line' id='line_1_61' title="bbox 1090 767 1900 804; baseline 0.001 -10"><span class='ocrx_word' id='word_1_447' title='bbox 1090 768 1145 794; x_wconf 85' lang='grc' dir='ltr'>τῶν</span> <span class='ocrx_word' id='word_1_448' title='bbox 1159 767 1286 803; x_wconf 86' lang='grc' dir='ltr'>διδύμων.</span> <span class='ocrx_word' id='word_1_449' title='bbox 1300 767 1325 802; x_wconf 89' lang='grc' dir='ltr'><strong>γ’</strong></span> <span class='ocrx_word' id='word_1_450' title='bbox 1336 768 1376 794; x_wconf 83' lang='grc' dir='ltr'>ὅτι</span> <span class='ocrx_word' id='word_1_451' title='bbox 1392 769 1409 803; x_wconf 84' lang='grc' dir='ltr'>ἡ</span> <span class='ocrx_word' id='word_1_452' title='bbox 1427 767 1508 802; x_wconf 81' lang='grc' dir='ltr'>πέψις</span> <span class='ocrx_word' id='word_1_453' title='bbox 1532 767 1669 804; x_wconf 77' lang='grc' dir='ltr'><strong>θερμασίᾳ</strong></span> <span class='ocrx_word' id='word_1_454' title='bbox 1697 768 1823 803; x_wconf 82' lang='grc' dir='ltr'>γίνεται,</span> <span class='ocrx_word' id='word_1_455' title='bbox 1846 768 1900 795; x_wconf 79' lang='grc' dir='ltr'>καὶ</span> 
     </span>
    </p>
   </div>
   <div class='ocr_carea' id='block_1_62' title="bbox 1091 813 1900 850">
    <p class='ocr_par' dir='ltr' id='par_1_62' title="bbox 1091 813 1900 850">
     <span class='ocr_line' id='line_1_62' title="bbox 1091 813 1900 850; baseline 0.001 -9"><span class='ocrx_word' id='word_1_456' title='bbox 1091 815 1132 841; x_wconf 84' lang='grc' dir='ltr'>ὅτι</span> <span class='ocrx_word' id='word_1_457' title='bbox 1144 815 1193 850; x_wconf 83' lang='grc' dir='ltr'>οὐχ</span> <span class='ocrx_word' id='word_1_458' title='bbox 1207 813 1303 846; x_wconf 78' lang='grc' dir='ltr'>οὕτως.</span> <span class='ocrx_word' id='word_1_459' title='bbox 1323 814 1344 840; x_wconf 88' lang='grc' dir='ltr'>δ’</span> <span class='ocrx_word' id='word_1_460' title='bbox 1360 814 1401 840; x_wconf 82' lang='grc' dir='ltr'>ὅτι</span> <span class='ocrx_word' id='word_1_461' title='bbox 1414 814 1505 850; x_wconf 82' lang='grc' dir='ltr'>τρίψει</span> <span class='ocrx_word' id='word_1_462' title='bbox 1521 815 1538 849; x_wconf 82' lang='grc' dir='ltr'>ή</span> <span class='ocrx_word' id='word_1_463' title='bbox 1557 814 1640 849; x_wconf 88' lang='grc' dir='ltr'>πέψις</span> <span class='ocrx_word' id='word_1_464' title='bbox 1654 813 1769 848; x_wconf 85' lang='grc' dir='ltr'>γίνεται,</span> <span class='ocrx_word' id='word_1_465' title='bbox 1787 814 1845 841; x_wconf 76' lang='grc' dir='ltr'>καὶ</span> <span class='ocrx_word' id='word_1_466' title='bbox 1855 816 1900 842; x_wconf 79' lang='grc' dir='ltr'>ὅτι</span> 
     </span>
    </p>
   </div>
   <div class='ocr_carea' id='block_1_63' title="bbox 1092 860 1899 896">
    <p class='ocr_par' dir='ltr' id='par_1_63' title="bbox 1092 860 1899 896">
     <span class='ocr_line' id='line_1_63' title="bbox 1092 860 1899 896; baseline 0.002 -9"><span class='ocrx_word' id='word_1_467' title='bbox 1092 861 1122 887; x_wconf 72' lang='grc' dir='ltr'>οὔ</span> <span class='ocrx_word' id='word_1_468' title='bbox 1135 860 1233 896; x_wconf 88' lang='grc' dir='ltr'>τρίψει.</span> <span class='ocrx_word' id='word_1_469' title='bbox 1252 863 1272 887; x_wconf 86' lang='grc' dir='ltr'>ε’</span> <span class='ocrx_word' id='word_1_470' title='bbox 1288 861 1328 887; x_wconf 80' lang='grc' dir='ltr'><strong>δτι</strong></span> <span class='ocrx_word' id='word_1_471' title='bbox 1344 860 1424 896; x_wconf 77' lang='grc' dir='ltr'>σήψει</span> <span class='ocrx_word' id='word_1_472' title='bbox 1439 861 1455 896; x_wconf 88' lang='grc' dir='ltr'><strong>ή</strong></span> <span class='ocrx_word' id='word_1_473' title='bbox 1470 860 1560 895; x_wconf 85' lang='grc' dir='ltr'>πέψις,</span> <span class='ocrx_word' id='word_1_474' title='bbox 1588 861 1635 888; x_wconf 74' lang='grc' dir='ltr'><strong>καὶ</strong></span> <span class='ocrx_word' id='word_1_475' title='bbox 1648 861 1690 887; x_wconf 84' lang='grc' dir='ltr'>ὅτι</span> <span class='ocrx_word' id='word_1_476' title='bbox 1702 861 1733 888; x_wconf 86' lang='grc' dir='ltr'>οὐ</span> <span class='ocrx_word' id='word_1_477' title='bbox 1745 860 1849 896; x_wconf 80' lang='grc' dir='ltr'>σήψει.</span> <span class='ocrx_word' id='word_1_478' title='bbox 1870 868 1899 893; x_wconf 69' lang='grc' dir='ltr'>ς’</span> 
     </span>
    </p>
   </div>
   <div class='ocr_carea' id='block_1_64' title="bbox 1093 907 1901 943">
    <p class='ocr_par' dir='ltr' id='par_1_64' title="bbox 1093 907 1901 943">
     <span class='ocr_line' id='line_1_64' title="bbox 1093 907 1901 943; baseline 0.001 -10"><span class='ocrx_word' id='word_1_479' title='bbox 1093 908 1135 933; x_wconf 82' lang='grc' dir='ltr'>ὃτι</span> <span class='ocrx_word' id='word_1_480' title='bbox 1160 907 1207 934; x_wconf 82' lang='grc' dir='ltr'>τοῦ</span> <span class='ocrx_word' id='word_1_481' title='bbox 1231 907 1387 942; x_wconf 82' lang='grc' dir='ltr'>πνεύματος</span> <span class='ocrx_word' id='word_1_482' title='bbox 1418 907 1528 942; x_wconf 83' lang='grc' dir='ltr'>ἰδιότητι</span> <span class='ocrx_word' id='word_1_483' title='bbox 1553 908 1570 942; x_wconf 85' lang='grc' dir='ltr'>ὴ</span> <span class='ocrx_word' id='word_1_484' title='bbox 1599 907 1692 942; x_wconf 80' lang='grc' dir='ltr'>πέψις,</span> <span class='ocrx_word' id='word_1_485' title='bbox 1709 908 1756 934; x_wconf 72' lang='grc' dir='ltr'>καὶ</span> <span class='ocrx_word' id='word_1_486' title='bbox 1768 907 1819 934; x_wconf 84' lang='grc' dir='ltr'>ὅτι</span> <span class='ocrx_word' id='word_1_487' title='bbox 1847 908 1901 943; x_wconf 75' lang='grc' dir='ltr'>οὐχ</span> 
     </span>
    </p>
   </div>
   <div class='ocr_carea' id='block_1_65' title="bbox 1093 951 1902 987">
    <p class='ocr_par' dir='ltr' id='par_1_65' title="bbox 1093 951 1902 987">
     <span class='ocr_line' id='line_1_65' title="bbox 1093 951 1902 987; baseline 0 -8"><span class='ocrx_word' id='word_1_488' title='bbox 1093 952 1189 984; x_wconf 79' lang='grc' dir='ltr'>οὕτως.</span> <span class='ocrx_word' id='word_1_489' title='bbox 1207 951 1230 983; x_wconf 77' lang='grc' dir='ltr'><strong>ξ’</strong></span> <span class='ocrx_word' id='word_1_490' title='bbox 1251 952 1293 978; x_wconf 81' lang='grc' dir='ltr'>ὅτι</span> <span class='ocrx_word' id='word_1_491' title='bbox 1318 952 1415 987; x_wconf 77' lang='grc' dir='ltr'>χυμῶν</span> <span class='ocrx_word' id='word_1_492' title='bbox 1431 951 1542 986; x_wconf 85' lang='grc' dir='ltr'>ἰδιότητι</span> <span class='ocrx_word' id='word_1_493' title='bbox 1563 951 1580 987; x_wconf 86' lang='grc' dir='ltr'><strong>ἠ</strong></span> <span class='ocrx_word' id='word_1_494' title='bbox 1596 951 1687 986; x_wconf 82' lang='grc' dir='ltr'>πέψις,</span> <span class='ocrx_word' id='word_1_495' title='bbox 1707 952 1754 978; x_wconf 78' lang='grc' dir='ltr'>καὶ</span> <span class='ocrx_word' id='word_1_496' title='bbox 1779 952 1831 979; x_wconf 79' lang='grc' dir='ltr'>ὅτι</span> <span class='ocrx_word' id='word_1_497' title='bbox 1847 952 1902 987; x_wconf 82' lang='grc' dir='ltr'>οὐχ</span> 
     </span>
    </p>
   </div>
   <div class='ocr_carea' id='block_1_66' title="bbox 1094 996 1902 1033">
    <p class='ocr_par' dir='ltr' id='par_1_66' title="bbox 1094 996 1902 1033">
     <span class='ocr_line' id='line_1_66' title="bbox 1094 996 1902 1033; baseline -0.001 -8"><span class='ocrx_word' id='word_1_498' title='bbox 1094 998 1188 1030; x_wconf 83' lang='grc' dir='ltr'>οὕτως.</span> <span class='ocrx_word' id='word_1_499' title='bbox 1202 997 1228 1032; x_wconf 91' lang='grc' dir='ltr'>η’</span> <span class='ocrx_word' id='word_1_500' title='bbox 1243 997 1285 1024; x_wconf 87' lang='grc' dir='ltr'>ὃτι</span> <span class='ocrx_word' id='word_1_501' title='bbox 1297 996 1446 1033; x_wconf 76' lang='grc' dir='ltr'>Θερμασίας</span> <span class='ocrx_word' id='word_1_502' title='bbox 1463 997 1571 1033; x_wconf 75' lang='grc' dir='ltr'>ἰδιότητι</span> <span class='ocrx_word' id='word_1_503' title='bbox 1587 997 1706 1033; x_wconf 83' lang='grc' dir='ltr'>ὴπέψις,</span> <span class='ocrx_word' id='word_1_504' title='bbox 1719 998 1766 1024; x_wconf 76' lang='grc' dir='ltr'><strong>καὶ</strong></span> <span class='ocrx_word' id='word_1_505' title='bbox 1782 997 1833 1024; x_wconf 80' lang='grc' dir='ltr'>ὅτι</span> <span class='ocrx_word' id='word_1_506' title='bbox 1847 998 1902 1033; x_wconf 82' lang='grc' dir='ltr'>οὐχ</span> 
     </span>
    </p>
   </div>
   <div class='ocr_carea' id='block_1_67' title="bbox 1094 1043 1902 1079">
    <p class='ocr_par' dir='ltr' id='par_1_67' title="bbox 1094 1043 1902 1079">
     <span class='ocr_line' id='line_1_67' title="bbox 1094 1043 1902 1079; baseline -0.002 -8"><span class='ocrx_word' id='word_1_507' title='bbox 1094 1045 1190 1078; x_wconf 82' lang='grc' dir='ltr'>οὕτως.</span> <span class='ocrx_word' id='word_1_508' title='bbox 1209 1043 1232 1070; x_wconf 89' lang='grc' dir='ltr'><strong>θ’</strong></span> <span class='ocrx_word' id='word_1_509' title='bbox 1256 1044 1298 1071; x_wconf 86' lang='grc' dir='ltr'>ὅτι</span> <span class='ocrx_word' id='word_1_510' title='bbox 1312 1043 1449 1079; x_wconf 79' lang='grc' dir='ltr'>Θερμασίᾳ</span> <span class='ocrx_word' id='word_1_511' title='bbox 1466 1044 1483 1079; x_wconf 80' lang='grc' dir='ltr'><strong>ἡ</strong></span> <span class='ocrx_word' id='word_1_512' title='bbox 1499 1043 1636 1076; x_wconf 78' lang='grc' dir='ltr'>ἀνάδοσις,</span> <span class='ocrx_word' id='word_1_513' title='bbox 1651 1043 1698 1070; x_wconf 80' lang='grc' dir='ltr'><strong>καὶ</strong></span> <span class='ocrx_word' id='word_1_514' title='bbox 1719 1043 1760 1070; x_wconf 79' lang='grc' dir='ltr'>ὅτι</span> <span class='ocrx_word' id='word_1_515' title='bbox 1772 1044 1833 1079; x_wconf 78' lang='grc' dir='ltr'><strong>οὐ(</strong></span> <span class='ocrx_word' id='word_1_516' title='bbox 1851 1043 1902 1070; x_wconf 83' lang='grc' dir='ltr'><strong>οὓ-</strong></span> 
     </span>
    </p>
   </div>
   <div class='ocr_carea' id='block_1_68' title="bbox 1094 1089 1903 1126">
    <p class='ocr_par' dir='ltr' id='par_1_68' title="bbox 1094 1089 1903 1126">
     <span class='ocr_line' id='line_1_68' title="bbox 1094 1089 1903 1126; baseline -0.004 -8"><span class='ocrx_word' id='word_1_517' title='bbox 1094 1100 1158 1123; x_wconf 81' lang='grc' dir='ltr'>τως.</span> <span class='ocrx_word' id='word_1_518' title='bbox 1176 1094 1191 1118; x_wconf 87' lang='lat' dir='ltr'><strong>t&#39;</strong></span> <span class='ocrx_word' id='word_1_519' title='bbox 1213 1091 1283 1126; x_wconf 78' lang='grc' dir='ltr'>ὁτιή</span> <span class='ocrx_word' id='word_1_520' title='bbox 1302 1090 1427 1121; x_wconf 80' lang='grc' dir='ltr'>ἀνάδοσις</span> <span class='ocrx_word' id='word_1_521' title='bbox 1442 1090 1482 1125; x_wconf 89' lang='grc' dir='ltr'>τῷ</span> <span class='ocrx_word' id='word_1_522' title='bbox 1499 1089 1549 1124; x_wconf 78' lang='grc' dir='ltr'>τὴν</span> <span class='ocrx_word' id='word_1_523' title='bbox 1571 1089 1723 1124; x_wconf 83' lang='grc' dir='ltr'>θερμασίαν</span> <span class='ocrx_word' id='word_1_524' title='bbox 1754 1090 1804 1123; x_wconf 69' lang='grc' dir='ltr'><strong>ἐφ’</strong></span> <span class='ocrx_word' id='word_1_525' title='bbox 1832 1090 1903 1116; x_wconf 81' lang='grc' dir='ltr'>ἐαυ-</span> 
     </span>
    </p>
   </div>
   <div class='ocr_carea' id='block_1_69' title="bbox 1095 1135 1902 1173">
    <p class='ocr_par' dir='ltr' id='par_1_69' title="bbox 1095 1135 1902 1173">
     <span class='ocr_line' id='line_1_69' title="bbox 1095 1135 1902 1173; baseline -0.001 -9"><span class='ocrx_word' id='word_1_526' title='bbox 1095 1138 1145 1173; x_wconf 81' lang='grc' dir='ltr'>τὴν</span> <span class='ocrx_word' id='word_1_527' title='bbox 1160 1138 1261 1169; x_wconf 69' lang='grc' dir='ltr'>ἕλκειν,</span> <span class='ocrx_word' id='word_1_528' title='bbox 1279 1138 1326 1164; x_wconf 75' lang='grc' dir='ltr'><strong>καὶ</strong></span> <span class='ocrx_word' id='word_1_529' title='bbox 1339 1137 1379 1164; x_wconf 80' lang='grc' dir='ltr'>ὅτι</span> <span class='ocrx_word' id='word_1_530' title='bbox 1391 1137 1440 1172; x_wconf 79' lang='grc' dir='ltr'>οὐχ</span> <span class='ocrx_word' id='word_1_531' title='bbox 1463 1135 1559 1168; x_wconf 74' lang='grc' dir='ltr'>οὕτως.</span> <span class='ocrx_word' id='word_1_532' title='bbox 1579 1135 1612 1163; x_wconf 91' lang='grc' dir='ltr'>ια’</span> <span class='ocrx_word' id='word_1_533' title='bbox 1637 1136 1677 1162; x_wconf 82' lang='grc' dir='ltr'>ὅτι</span> <span class='ocrx_word' id='word_1_534' title='bbox 1693 1135 1732 1171; x_wconf 84' lang='grc' dir='ltr'><strong>τῷ</strong></span> <span class='ocrx_word' id='word_1_535' title='bbox 1747 1135 1902 1171; x_wconf 80' lang='grc' dir='ltr'>πνεύματι</span> 
     </span>
    </p>
   </div>
   <div class='ocr_carea' id='block_1_70' title="bbox 1096 1181 1904 1219">
    <p class='ocr_par' dir='ltr' id='par_1_70' title="bbox 1096 1181 1904 1219">
     <span class='ocr_line' id='line_1_70' title="bbox 1096 1181 1904 1219; baseline -0.004 -8"><span class='ocrx_word' id='word_1_536' title='bbox 1096 1186 1112 1219; x_wconf 87' lang='grc' dir='ltr'>ὴ</span> <span class='ocrx_word' id='word_1_537' title='bbox 1128 1184 1263 1215; x_wconf 81' lang='grc' dir='ltr'>ἀνάδοσις,</span> <span class='ocrx_word' id='word_1_538' title='bbox 1279 1185 1327 1210; x_wconf 76' lang='grc' dir='ltr'>καὶ</span> <span class='ocrx_word' id='word_1_539' title='bbox 1338 1184 1379 1210; x_wconf 82' lang='grc' dir='ltr'>ὅτι</span> <span class='ocrx_word' id='word_1_540' title='bbox 1392 1183 1440 1218; x_wconf 83' lang='grc' dir='ltr'>οὐχ</span> <span class='ocrx_word' id='word_1_541' title='bbox 1453 1182 1549 1215; x_wconf 77' lang='grc' dir='ltr'>οὕτως,</span> <span class='ocrx_word' id='word_1_542' title='bbox 1575 1182 1610 1217; x_wconf 83' lang='grc' dir='ltr'>ιβ’</span> <span class='ocrx_word' id='word_1_543' title='bbox 1627 1182 1668 1208; x_wconf 81' lang='grc' dir='ltr'>ὅτι</span> <span class='ocrx_word' id='word_1_544' title='bbox 1683 1183 1716 1218; x_wconf 85' lang='grc' dir='ltr'>τῇ</span> <span class='ocrx_word' id='word_1_545' title='bbox 1729 1181 1786 1208; x_wconf 82' lang='grc' dir='ltr'>τῶν</span> <span class='ocrx_word' id='word_1_546' title='bbox 1805 1183 1904 1218; x_wconf 80' lang='grc' dir='ltr'>ἀρτη-</span> 
     </span>
    </p>
   </div>
   <div class='ocr_carea' id='block_1_71' title="bbox 1098 1227 1904 1265">
    <p class='ocr_par' dir='ltr' id='par_1_71' title="bbox 1098 1227 1904 1265">
     <span class='ocr_line' id='line_1_71' title="bbox 1098 1227 1904 1265; baseline 0 -9"><span class='ocrx_word' id='word_1_547' title='bbox 1098 1230 1163 1265; x_wconf 86' lang='grc' dir='ltr'>ριῶν</span> <span class='ocrx_word' id='word_1_548' title='bbox 1182 1229 1328 1263; x_wconf 75' lang='grc' dir='ltr'>παραθέσει</span> <span class='ocrx_word' id='word_1_549' title='bbox 1342 1230 1359 1265; x_wconf 81' lang='grc' dir='ltr'>ῄ</span> <span class='ocrx_word' id='word_1_550' title='bbox 1382 1229 1524 1260; x_wconf 80' lang='grc' dir='ltr'>ἀνάδοσις,</span> <span class='ocrx_word' id='word_1_551' title='bbox 1539 1228 1586 1255; x_wconf 76' lang='grc' dir='ltr'><strong>καὶ</strong></span> <span class='ocrx_word' id='word_1_552' title='bbox 1600 1229 1640 1255; x_wconf 84' lang='grc' dir='ltr'>ὃτι</span> <span class='ocrx_word' id='word_1_553' title='bbox 1657 1229 1707 1264; x_wconf 80' lang='grc' dir='ltr'>οὐχ</span> <span class='ocrx_word' id='word_1_554' title='bbox 1724 1227 1833 1260; x_wconf 78' lang='grc' dir='ltr'>οὕτως.</span> <span class='ocrx_word' id='word_1_555' title='bbox 1867 1232 1904 1262; x_wconf 80' lang='grc' dir='ltr'><strong>ιγ’</strong></span> 
     </span>
    </p>
   </div>
   <div class='ocr_carea' id='block_1_72' title="bbox 1098 1274 1904 1311">
    <p class='ocr_par' dir='ltr' id='par_1_72' title="bbox 1098 1274 1904 1311">
     <span class='ocr_line' id='line_1_72' title="bbox 1098 1274 1904 1311; baseline 0 -9"><span class='ocrx_word' id='word_1_556' title='bbox 1098 1277 1138 1302; x_wconf 80' lang='grc' dir='ltr'>ὅτι</span> <span class='ocrx_word' id='word_1_557' title='bbox 1154 1278 1186 1311; x_wconf 80' lang='grc' dir='ltr'>τῇ</span> <span class='ocrx_word' id='word_1_558' title='bbox 1214 1275 1285 1302; x_wconf 82' lang='grc' dir='ltr'>κατὰ</span> <span class='ocrx_word' id='word_1_559' title='bbox 1299 1275 1376 1302; x_wconf 78' lang='grc' dir='ltr'>κενὸν</span> <span class='ocrx_word' id='word_1_560' title='bbox 1404 1276 1523 1310; x_wconf 76' lang='grc' dir='ltr'>ἀπουσίᾳ</span> <span class='ocrx_word' id='word_1_561' title='bbox 1537 1276 1554 1310; x_wconf 83' lang='grc' dir='ltr'>ὴ</span> <span class='ocrx_word' id='word_1_562' title='bbox 1570 1274 1705 1306; x_wconf 81' lang='grc' dir='ltr'>ἀνάδοσις,</span> <span class='ocrx_word' id='word_1_563' title='bbox 1723 1275 1771 1301; x_wconf 72' lang='grc' dir='ltr'><strong>καὶ</strong></span> <span class='ocrx_word' id='word_1_564' title='bbox 1797 1275 1847 1302; x_wconf 79' lang='grc' dir='ltr'>ὅτι</span> <span class='ocrx_word' id='word_1_565' title='bbox 1870 1275 1904 1302; x_wconf 84' lang='grc' dir='ltr'>οὺ</span> 
     </span>
    </p>
   </div>
   <div class='ocr_carea' id='block_1_73' title="bbox 1098 1319 1906 1357">
    <p class='ocr_par' dir='ltr' id='par_1_73' title="bbox 1098 1319 1906 1357">
     <span class='ocr_line' id='line_1_73' title="bbox 1098 1319 1906 1357; baseline -0.005 -7"><span class='ocrx_word' id='word_1_566' title='bbox 1098 1323 1169 1350; x_wconf 84' lang='grc' dir='ltr'>κατὰ</span> <span class='ocrx_word' id='word_1_567' title='bbox 1176 1323 1205 1349; x_wconf 79' lang='grc' dir='ltr'>τὸ</span> <span class='ocrx_word' id='word_1_568' title='bbox 1217 1322 1313 1357; x_wconf 79' lang='grc' dir='ltr'>ἄδηλον</span> <span class='ocrx_word' id='word_1_569' title='bbox 1320 1322 1460 1357; x_wconf 83' lang='grc' dir='ltr'>ἀπουσίᾳὴ</span> <span class='ocrx_word' id='word_1_570' title='bbox 1473 1321 1608 1352; x_wconf 82' lang='grc' dir='ltr'>ἀνάδοσις.</span> <span class='ocrx_word' id='word_1_571' title='bbox 1626 1319 1657 1347; x_wconf 80' lang='grc' dir='ltr'>ιδ’</span> <span class='ocrx_word' id='word_1_572' title='bbox 1666 1320 1745 1347; x_wconf 82' lang='grc' dir='ltr'>ὅτιδι¹</span> <span class='ocrx_word' id='word_1_573' title='bbox 1752 1321 1906 1356; x_wconf 79' lang='grc' dir='ltr'>ἀτροφίαν</span> 
     </span>
    </p>
   </div>
   <div class='ocr_carea' id='block_1_74' title="bbox 1097 1365 1906 1403">
    <p class='ocr_par' dir='ltr' id='par_1_74' title="bbox 1097 1365 1906 1403">
     <span class='ocr_line' id='line_1_74' title="bbox 1097 1365 1906 1403; baseline -0.002 -9"><span class='ocrx_word' id='word_1_574' title='bbox 1097 1368 1145 1395; x_wconf 84' lang='grc' dir='ltr'>τοῦ</span> <span class='ocrx_word' id='word_1_575' title='bbox 1160 1369 1288 1403; x_wconf 81' lang='grc' dir='ltr'>ὁρατικοῦ</span> <span class='ocrx_word' id='word_1_576' title='bbox 1307 1367 1390 1401; x_wconf 86' lang='grc' dir='ltr'>πόρου</span> <span class='ocrx_word' id='word_1_577' title='bbox 1407 1367 1423 1402; x_wconf 79' lang='grc' dir='ltr'><strong>ἡ</strong></span> <span class='ocrx_word' id='word_1_578' title='bbox 1440 1366 1650 1400; x_wconf 81' lang='grc' dir='ltr'>ἁπογλαύκωσις</span> <span class='ocrx_word' id='word_1_579' title='bbox 1667 1365 1836 1401; x_wconf 77' lang='grc' dir='ltr'>συμϐαίνει,</span> <span class='ocrx_word' id='word_1_580' title='bbox 1853 1367 1906 1394; x_wconf 73' lang='grc' dir='ltr'><strong>καὶ</strong></span> 
     </span>
    </p>
   </div>
   <div class='ocr_carea' id='block_1_75' title="bbox 1099 1413 1907 1450">
    <p class='ocr_par' dir='ltr' id='par_1_75' title="bbox 1099 1413 1907 1450">
     <span class='ocr_line' id='line_1_75' title="bbox 1099 1413 1907 1450; baseline -0.004 -8"><span class='ocrx_word' id='word_1_581' title='bbox 1099 1415 1139 1442; x_wconf 82' lang='grc' dir='ltr'>ὅτι</span> <span class='ocrx_word' id='word_1_582' title='bbox 1164 1416 1212 1450; x_wconf 78' lang='grc' dir='ltr'>οὐχ</span> <span class='ocrx_word' id='word_1_583' title='bbox 1228 1414 1323 1445; x_wconf 75' lang='grc' dir='ltr'>οὕτως.</span> <span class='ocrx_word' id='word_1_584' title='bbox 1336 1417 1366 1440; x_wconf 90' lang='grc' dir='ltr'>ιε’</span> <span class='ocrx_word' id='word_1_585' title='bbox 1379 1414 1420 1440; x_wconf 82' lang='grc' dir='ltr'>ὅτι</span> <span class='ocrx_word' id='word_1_586' title='bbox 1434 1413 1498 1448; x_wconf 78' lang='grc' dir='ltr'>παρ’</span> <span class='ocrx_word' id='word_1_587' title='bbox 1513 1413 1657 1448; x_wconf 74' lang='grc' dir='ltr'>ἔμπτωσιν</span> <span class='ocrx_word' id='word_1_588' title='bbox 1676 1413 1698 1430; x_wconf 81' lang='grc'><strong>⁸⁸</strong></span> <span class='ocrx_word' id='word_1_589' title='bbox 1717 1413 1846 1447; x_wconf 71' lang='grc' dir='ltr'>αἵματος</span> <span class='ocrx_word' id='word_1_590' title='bbox 1863 1415 1907 1445; x_wconf 68' lang='grc' dir='ltr'>εἱς</span> 
     </span>
    </p>
   </div>
   <div class='ocr_carea' id='block_1_76' title="bbox 1099 1458 1906 1496">
    <p class='ocr_par' dir='ltr' id='par_1_76' title="bbox 1099 1458 1906 1496">
     <span class='ocr_line' id='line_1_76' title="bbox 1099 1458 1906 1496; baseline -0.001 -10"><span class='ocrx_word' id='word_1_591' title='bbox 1099 1461 1144 1487; x_wconf 75' lang='grc' dir='ltr'><strong>τὸν</strong></span> <span class='ocrx_word' id='word_1_592' title='bbox 1169 1459 1295 1496; x_wconf 76' lang='grc' dir='ltr'>ὁρατικὸν</span> <span class='ocrx_word' id='word_1_593' title='bbox 1315 1459 1399 1495; x_wconf 81' lang='grc' dir='ltr'>πόρον</span> <span class='ocrx_word' id='word_1_594' title='bbox 1423 1460 1438 1494; x_wconf 81' lang='grc' dir='ltr'>ἡ</span> <span class='ocrx_word' id='word_1_595' title='bbox 1468 1458 1689 1493; x_wconf 78' lang='grc' dir='ltr'>άπογλαύκωσις,</span> <span class='ocrx_word' id='word_1_596' title='bbox 1709 1459 1756 1485; x_wconf 70' lang='grc' dir='ltr'>καὶ</span> <span class='ocrx_word' id='word_1_597' title='bbox 1787 1459 1838 1486; x_wconf 83' lang='grc' dir='ltr'>ὅτι</span> <span class='ocrx_word' id='word_1_598' title='bbox 1852 1460 1906 1494; x_wconf 78' lang='grc' dir='ltr'>οὐχ</span> 
     </span>
    </p>
   </div>
   <div class='ocr_carea' id='block_1_77' title="bbox 1100 1504 1909 1540">
    <p class='ocr_par' dir='ltr' id='par_1_77' title="bbox 1100 1504 1909 1540">
     <span class='ocr_line' id='line_1_77' title="bbox 1100 1504 1909 1540; baseline -0.004 -7"><span class='ocrx_word' id='word_1_599' title='bbox 1100 1506 1197 1538; x_wconf 79' lang='grc' dir='ltr'>οὕτως.</span> <span class='ocrx_word' id='word_1_600' title='bbox 1228 1508 1265 1538; x_wconf 80' lang='grc' dir='ltr'>ις’</span> <span class='ocrx_word' id='word_1_601' title='bbox 1280 1506 1321 1532; x_wconf 86' lang='grc' dir='ltr'>ὄτι</span> <span class='ocrx_word' id='word_1_602' title='bbox 1347 1505 1408 1532; x_wconf 75' lang='grc' dir='ltr'>καθ’</span> <span class='ocrx_word' id='word_1_603' title='bbox 1433 1504 1524 1540; x_wconf 81' lang='grc' dir='ltr'>ὑγρῶν</span> <span class='ocrx_word' id='word_1_604' title='bbox 1547 1505 1634 1540; x_wconf 86' lang='grc' dir='ltr'>πάχος</span> <span class='ocrx_word' id='word_1_605' title='bbox 1658 1506 1704 1531; x_wconf 81' lang='grc' dir='ltr'>καὶ</span> <span class='ocrx_word' id='word_1_606' title='bbox 1725 1505 1909 1540; x_wconf 66' lang='grc' dir='ltr'>ὃιαπνοὴνυ</span> 
     </span>
    </p>
   </div>
   <div class='ocr_carea' id='block_1_78' title="bbox 1097 1551 1908 1592">
    <p class='ocr_par' dir='ltr' id='par_1_78' title="bbox 1097 1551 1908 1592">
     <span class='ocr_line' id='line_1_78' title="bbox 1097 1551 1908 1592; baseline -0.001 -11"><span class='ocrx_word' id='word_1_607' title='bbox 1097 1557 1115 1592; x_wconf 85' lang='grc' dir='ltr'><strong>ἡ</strong></span> <span class='ocrx_word' id='word_1_608' title='bbox 1129 1554 1348 1589; x_wconf 80' lang='grc' dir='ltr'>ἀπογλαύκωσις,</span> <span class='ocrx_word' id='word_1_609' title='bbox 1364 1552 1411 1580; x_wconf 76' lang='grc' dir='ltr'><strong>καὶ</strong></span> <span class='ocrx_word' id='word_1_610' title='bbox 1429 1553 1470 1580; x_wconf 78' lang='grc' dir='ltr'>ὅτι</span> <span class='ocrx_word' id='word_1_611' title='bbox 1483 1553 1532 1587; x_wconf 86' lang='grc' dir='ltr'>οὐχ</span> <span class='ocrx_word' id='word_1_612' title='bbox 1544 1552 1640 1583; x_wconf 71' lang='grc' dir='ltr'>οὕτως.</span> <span class='ocrx_word' id='word_1_613' title='bbox 1660 1552 1718 1588; x_wconf 77' lang='grc' dir='ltr'><strong>[5Η</strong></span> <span class='ocrx_word' id='word_1_614' title='bbox 1732 1551 1780 1587; x_wconf 61' lang='grc' dir='ltr'><strong>ἢ]</strong></span> <span class='ocrx_word' id='word_1_615' title='bbox 1798 1553 1836 1584; x_wconf 72' lang='grc' dir='ltr'><strong>ιζ’</strong></span> <span class='ocrx_word' id='word_1_616' title='bbox 1863 1554 1908 1580; x_wconf 77' lang='grc' dir='ltr'>ὅτι</span> 
     </span>
    </p>
   </div>
   <div class='ocr_carea' id='block_1_79' title="bbox 1100 1599 1910 1638">
    <p class='ocr_par' dir='ltr' id='par_1_79' title="bbox 1100 1599 1910 1638">
     <span class='ocr_line' id='line_1_79' title="bbox 1100 1599 1910 1638; baseline -0.002 -10"><span class='ocrx_word' id='word_1_617' title='bbox 1100 1603 1117 1638; x_wconf 84' lang='grc' dir='ltr'><strong>ἡ</strong></span> <span class='ocrx_word' id='word_1_618' title='bbox 1139 1603 1259 1638; x_wconf 84' lang='grc' dir='ltr'>φρενῖτις</span> <span class='ocrx_word' id='word_1_619' title='bbox 1281 1600 1352 1627; x_wconf 77' lang='grc' dir='ltr'>κατὰ</span> <span class='ocrx_word' id='word_1_620' title='bbox 1366 1600 1489 1627; x_wconf 80' lang='grc' dir='ltr'>διάτασιν</span> <span class='ocrx_word' id='word_1_621' title='bbox 1503 1599 1554 1634; x_wconf 83' lang='grc' dir='ltr'>τῆς</span> <span class='ocrx_word' id='word_1_622' title='bbox 1572 1600 1704 1635; x_wconf 82' lang='grc' dir='ltr'>μήνιγγος</span> <span class='ocrx_word' id='word_1_623' title='bbox 1719 1599 1765 1626; x_wconf 76' lang='grc' dir='ltr'><strong>καὶ</strong></span> <span class='ocrx_word' id='word_1_624' title='bbox 1788 1599 1910 1635; x_wconf 77' lang='grc' dir='ltr'>φθορὰν</span> 
     </span>
    </p>
   </div>
   <div class='ocr_carea' id='block_1_80' title="bbox 1096 1644 1911 1682">
    <p class='ocr_par' dir='ltr' id='par_1_80' title="bbox 1096 1644 1911 1682">
     <span class='ocr_line' id='line_1_80' title="bbox 1096 1644 1911 1682; baseline -0.004 -7"><span class='ocrx_word' id='word_1_625' title='bbox 1096 1648 1144 1675; x_wconf 82' lang='grc' dir='ltr'>τοῦ</span> <span class='ocrx_word' id='word_1_626' title='bbox 1154 1648 1269 1682; x_wconf 84' lang='grc' dir='ltr'>αἵματος</span> <span class='ocrx_word' id='word_1_627' title='bbox 1287 1646 1401 1680; x_wconf 84' lang='grc' dir='ltr'>γίνεται,</span> <span class='ocrx_word' id='word_1_628' title='bbox 1418 1645 1464 1672; x_wconf 78' lang='grc' dir='ltr'><strong>καὶ</strong></span> <span class='ocrx_word' id='word_1_629' title='bbox 1478 1646 1578 1680; x_wconf 85' lang='grc' dir='ltr'>ὃτιούχ</span> <span class='ocrx_word' id='word_1_630' title='bbox 1596 1644 1694 1676; x_wconf 78' lang='grc' dir='ltr'>οὕτως.</span> <span class='ocrx_word' id='word_1_631' title='bbox 1712 1648 1746 1680; x_wconf 88' lang='grc' dir='ltr'>ιη’</span> <span class='ocrx_word' id='word_1_632' title='bbox 1763 1646 1812 1672; x_wconf 79' lang='grc' dir='ltr'>ὅτι</span> <span class='ocrx_word' id='word_1_633' title='bbox 1831 1647 1911 1672; x_wconf 76' lang='grc' dir='ltr'>κατὰ</span> 
     </span>
    </p>
   </div>
   <div class='ocr_carea' id='block_1_81' title="bbox 1098 1691 1910 1729">
    <p class='ocr_par' dir='ltr' id='par_1_81' title="bbox 1098 1691 1910 1729">
     <span class='ocr_line' id='line_1_81' title="bbox 1098 1691 1910 1729; baseline -0.002 -9"><span class='ocrx_word' id='word_1_634' title='bbox 1098 1693 1250 1729; x_wconf 78' lang='grc' dir='ltr'>θερμασίας</span> <span class='ocrx_word' id='word_1_635' title='bbox 1278 1691 1449 1726; x_wconf 74' lang='grc' dir='ltr'>πλεονασμὸν</span> <span class='ocrx_word' id='word_1_636' title='bbox 1475 1692 1491 1726; x_wconf 86' lang='grc' dir='ltr'>ἡ</span> <span class='ocrx_word' id='word_1_637' title='bbox 1520 1693 1642 1727; x_wconf 85' lang='grc' dir='ltr'>φρενῖτις</span> <span class='ocrx_word' id='word_1_638' title='bbox 1667 1691 1831 1726; x_wconf 74' lang='grc' dir='ltr'>συμϐαίνει,</span> <span class='ocrx_word' id='word_1_639' title='bbox 1856 1694 1910 1719; x_wconf 71' lang='grc' dir='ltr'><strong>καὶ</strong></span> 
     </span>
    </p>
   </div>
   <div class='ocr_carea' id='block_1_82' title="bbox 1097 1736 1910 1773">
    <p class='ocr_par' dir='ltr' id='par_1_82' title="bbox 1097 1736 1910 1773">
     <span class='ocr_line' id='line_1_82' title="bbox 1097 1736 1910 1773; baseline -0.004 -8"><span class='ocrx_word' id='word_1_640' title='bbox 1097 1739 1138 1765; x_wconf 79' lang='grc' dir='ltr'>ὅτι</span> <span class='ocrx_word' id='word_1_641' title='bbox 1153 1739 1200 1773; x_wconf 72' lang='grc' dir='ltr'>οὐχ</span> <span class='ocrx_word' id='word_1_642' title='bbox 1212 1737 1309 1770; x_wconf 76' lang='grc' dir='ltr'>οὕτως.</span> <span class='ocrx_word' id='word_1_643' title='bbox 1343 1737 1375 1764; x_wconf 82' lang='grc' dir='ltr'><strong>ιο¹</strong></span> <span class='ocrx_word' id='word_1_644' title='bbox 1385 1737 1427 1764; x_wconf 82' lang='grc' dir='ltr'>ὅτι</span> <span class='ocrx_word' id='word_1_645' title='bbox 1442 1737 1487 1764; x_wconf 78' lang='grc' dir='ltr'>διὰ</span> <span class='ocrx_word' id='word_1_646' title='bbox 1496 1737 1651 1772; x_wconf 82' lang='grc' dir='ltr'>φλεγμονὴν</span> <span class='ocrx_word' id='word_1_647' title='bbox 1668 1737 1685 1772; x_wconf 81' lang='grc' dir='ltr'>ἡ</span> <span class='ocrx_word' id='word_1_648' title='bbox 1697 1736 1840 1771; x_wconf 74' lang='grc' dir='ltr'>φρενῖτις,</span> <span class='ocrx_word' id='word_1_649' title='bbox 1857 1738 1910 1763; x_wconf 75' lang='grc' dir='ltr'><strong>καὶ</strong></span> 
     </span>
    </p>
   </div>
   <div class='ocr_carea' id='block_1_83' title="bbox 1098 1782 1910 1819">
    <p class='ocr_par' dir='ltr' id='par_1_83' title="bbox 1098 1782 1910 1819">
     <span class='ocr_line' id='line_1_83' title="bbox 1098 1782 1910 1819; baseline 0 -9"><span class='ocrx_word' id='word_1_650' title='bbox 1098 1784 1138 1811; x_wconf 81' lang='grc' dir='ltr'>ὅτι</span> <span class='ocrx_word' id='word_1_651' title='bbox 1163 1785 1212 1819; x_wconf 83' lang='grc' dir='ltr'>οὐχ</span> <span class='ocrx_word' id='word_1_652' title='bbox 1237 1783 1371 1815; x_wconf 55' lang='lat' dir='ltr'><strong>obsum)!</strong></span> <span class='ocrx_word' id='word_1_653' title='bbox 1397 1783 1438 1809; x_wconf 85' lang='grc' dir='ltr'>ὅτι</span> <span class='ocrx_word' id='word_1_654' title='bbox 1468 1784 1482 1810; x_wconf 82' lang='grc' dir='ltr'><strong>ὁ</strong></span> <span class='ocrx_word' id='word_1_655' title='bbox 1505 1782 1642 1818; x_wconf 74' lang='grc' dir='ltr'>λήθαργος</span> <span class='ocrx_word' id='word_1_656' title='bbox 1669 1782 1713 1809; x_wconf 83' lang='grc' dir='ltr'>διὰ.</span> <span class='ocrx_word' id='word_1_657' title='bbox 1734 1782 1910 1819; x_wconf 77' lang='grc' dir='ltr'>φλεγμονὴν</span> 
     </span>
    </p>
   </div>
   <div class='ocr_carea' id='block_1_84' title="bbox 1098 1825 1909 1862">
    <p class='ocr_par' dir='ltr' id='par_1_84' title="bbox 1098 1825 1909 1862">
     <span class='ocr_line' id='line_1_84' title="bbox 1098 1825 1909 1862; baseline -0.002 -8"><span class='ocrx_word' id='word_1_658' title='bbox 1098 1828 1216 1862; x_wconf 82' lang='grc' dir='ltr'>γίνεται,</span> <span class='ocrx_word' id='word_1_659' title='bbox 1238 1827 1284 1853; x_wconf 79' lang='grc' dir='ltr'><strong>καὶ</strong></span> <span class='ocrx_word' id='word_1_660' title='bbox 1303 1827 1344 1853; x_wconf 80' lang='grc' dir='ltr'>ὅτι</span> <span class='ocrx_word' id='word_1_661' title='bbox 1370 1827 1419 1861; x_wconf 83' lang='grc' dir='ltr'>οὐχ</span> <span class='ocrx_word' id='word_1_662' title='bbox 1439 1826 1536 1858; x_wconf 82' lang='grc' dir='ltr'>οὓτως.</span> <span class='ocrx_word' id='word_1_663' title='bbox 1552 1829 1594 1853; x_wconf 67' lang='grc' dir='ltr'><strong>ια’</strong></span> <span class='ocrx_word' id='word_1_664' title='bbox 1609 1826 1649 1853; x_wconf 83' lang='grc' dir='ltr'><strong>ὄτι</strong></span> <span class='ocrx_word' id='word_1_665' title='bbox 1671 1826 1742 1852; x_wconf 80' lang='grc' dir='ltr'>κατὰ</span> <span class='ocrx_word' id='word_1_666' title='bbox 1766 1825 1909 1853; x_wconf 81' lang='grc' dir='ltr'>διάτασιν</span> 
     </span>
    </p>
   </div>
   <div class='ocr_carea' id='block_1_85' title="bbox 1098 1871 1909 1908">
    <p class='ocr_par' dir='ltr' id='par_1_85' title="bbox 1098 1871 1909 1908">
     <span class='ocr_line' id='line_1_85' title="bbox 1098 1871 1909 1908; baseline 0 -9"><span class='ocrx_word' id='word_1_667' title='bbox 1098 1874 1123 1899; x_wconf 88' lang='grc' dir='ltr'><strong>οἰ</strong></span> <span class='ocrx_word' id='word_1_668' title='bbox 1136 1873 1298 1908; x_wconf 78' lang='grc' dir='ltr'>ληθαργικοὶ</span> <span class='ocrx_word' id='word_1_669' title='bbox 1320 1872 1368 1899; x_wconf 72' lang='grc' dir='ltr'><strong>καὶ</strong></span> <span class='ocrx_word' id='word_1_670' title='bbox 1397 1872 1512 1908; x_wconf 75' lang='grc' dir='ltr'>φθορὰν,</span> <span class='ocrx_word' id='word_1_671' title='bbox 1529 1872 1576 1898; x_wconf 74' lang='grc' dir='ltr'>καὶ</span> <span class='ocrx_word' id='word_1_672' title='bbox 1598 1872 1638 1898; x_wconf 73' lang='grc' dir='ltr'>ὁτι</span> <span class='ocrx_word' id='word_1_673' title='bbox 1656 1871 1705 1907; x_wconf 83' lang='grc' dir='ltr'>οὺχ</span> <span class='ocrx_word' id='word_1_674' title='bbox 1720 1871 1828 1903; x_wconf 71' lang='grc' dir='ltr'>οὕτως.</span> <span class='ocrx_word' id='word_1_675' title='bbox 1862 1873 1909 1908; x_wconf 80' lang='grc' dir='ltr'><strong>κβ’</strong></span> 
     </span>
    </p>
   </div>
   <div class='ocr_carea' id='block_1_86' title="bbox 1098 1918 1909 1954">
    <p class='ocr_par' dir='ltr' id='par_1_86' title="bbox 1098 1918 1909 1954">
     <span class='ocr_line' id='line_1_86' title="bbox 1098 1918 1909 1954; baseline -0.001 -8"><span class='ocrx_word' id='word_1_676' title='bbox 1098 1920 1140 1946; x_wconf 86' lang='grc' dir='ltr'>ὅτι</span> <span class='ocrx_word' id='word_1_677' title='bbox 1161 1919 1184 1935; x_wconf 87' lang='lat'><strong>&quot;°</strong></span> <span class='ocrx_word' id='word_1_678' title='bbox 1206 1920 1271 1954; x_wconf 72' lang='grc' dir='ltr'>περὶ</span> <span class='ocrx_word' id='word_1_679' title='bbox 1286 1919 1346 1946; x_wconf 78' lang='grc' dir='ltr'>ὅλον</span> <span class='ocrx_word' id='word_1_680' title='bbox 1358 1918 1388 1945; x_wconf 75' lang='grc' dir='ltr'><strong>τὸ</strong></span> <span class='ocrx_word' id='word_1_681' title='bbox 1403 1919 1482 1953; x_wconf 84' lang='grc' dir='ltr'>σῶμα</span> <span class='ocrx_word' id='word_1_682' title='bbox 1511 1919 1528 1953; x_wconf 81' lang='grc' dir='ltr'><strong>ἡ</strong></span> <span class='ocrx_word' id='word_1_683' title='bbox 1543 1918 1590 1945; x_wconf 83' lang='grc' dir='ltr'><strong>τοῦ</strong></span> <span class='ocrx_word' id='word_1_684' title='bbox 1617 1919 1690 1945; x_wconf 87' lang='grc' dir='ltr'>πιεῖν</span> <span class='ocrx_word' id='word_1_685' title='bbox 1717 1918 1763 1944; x_wconf 82' lang='grc' dir='ltr'><strong>καὶ</strong></span> <span class='ocrx_word' id='word_1_686' title='bbox 1795 1921 1909 1954; x_wconf 80' lang='grc' dir='ltr'>φαγεῖν</span> 
     </span>
    </p>
   </div>
   <div class='ocr_carea' id='block_1_87' title="bbox 1100 1963 1908 2000">
    <p class='ocr_par' dir='ltr' id='par_1_87' title="bbox 1100 1963 1908 2000">
     <span class='ocr_line' id='line_1_87' title="bbox 1100 1963 1908 2000; baseline 0.002 -10"><span class='ocrx_word' id='word_1_687' title='bbox 1100 1964 1256 1991; x_wconf 84' lang='grc' dir='ltr'>συνίσταται</span> <span class='ocrx_word' id='word_1_688' title='bbox 1270 1964 1370 1999; x_wconf 78' lang='grc' dir='ltr'>δρεξις,</span> <span class='ocrx_word' id='word_1_689' title='bbox 1381 1964 1427 1991; x_wconf 77' lang='grc' dir='ltr'><strong>καὶ</strong></span> <span class='ocrx_word' id='word_1_690' title='bbox 1445 1965 1486 1990; x_wconf 84' lang='grc' dir='ltr'>ὅτι</span> <span class='ocrx_word' id='word_1_691' title='bbox 1499 1964 1563 2000; x_wconf 86' lang='grc' dir='ltr'>περὶ</span> <span class='ocrx_word' id='word_1_692' title='bbox 1584 1964 1664 1999; x_wconf 85' lang='grc' dir='ltr'>μόνον</span> <span class='ocrx_word' id='word_1_693' title='bbox 1677 1963 1723 1990; x_wconf 76' lang='grc' dir='ltr'><strong>τὸν</strong></span> <span class='ocrx_word' id='word_1_694' title='bbox 1742 1963 1908 2000; x_wconf 76' lang='grc' dir='ltr'>στόμαχον.</span> 
     </span>
    </p>
   </div>
   <div class='ocr_carea' id='block_1_88' title="bbox 1099 2009 1908 2046">
    <p class='ocr_par' dir='ltr' id='par_1_88' title="bbox 1099 2009 1908 2046">
     <span class='ocr_line' id='line_1_88' title="bbox 1099 2009 1908 2046; baseline 0.002 -9"><span class='ocrx_word' id='word_1_695' title='bbox 1099 2010 1142 2044; x_wconf 78' lang='grc' dir='ltr'><strong>κγ’</strong></span> <span class='ocrx_word' id='word_1_696' title='bbox 1157 2011 1198 2037; x_wconf 80' lang='grc' dir='ltr'>ὅτι</span> <span class='ocrx_word' id='word_1_697' title='bbox 1224 2011 1241 2046; x_wconf 73' lang='grc' dir='ltr'><em>ἡ</em></span> <span class='ocrx_word' id='word_1_698' title='bbox 1270 2010 1317 2037; x_wconf 82' lang='grc' dir='ltr'>τοῦ</span> <span class='ocrx_word' id='word_1_699' title='bbox 1337 2011 1435 2045; x_wconf 84' lang='grc' dir='ltr'>φαγεῖν</span> <span class='ocrx_word' id='word_1_700' title='bbox 1459 2010 1507 2037; x_wconf 76' lang='grc' dir='ltr'>καὶ</span> <span class='ocrx_word' id='word_1_701' title='bbox 1535 2012 1607 2037; x_wconf 86' lang='grc' dir='ltr'>πιεῖν</span> <span class='ocrx_word' id='word_1_702' title='bbox 1631 2009 1721 2046; x_wconf 72' lang='grc' dir='ltr'>ὄρεξις</span> <span class='ocrx_word' id='word_1_703' title='bbox 1747 2011 1823 2045; x_wconf 76' lang='grc' dir='ltr'>περὶ</span> <span class='ocrx_word' id='word_1_704' title='bbox 1849 2012 1908 2039; x_wconf 86' lang='grc' dir='ltr'>διά-</span> 
     </span>
    </p>
   </div>
   <div class='ocr_carea' id='block_1_89' title="bbox 1099 2056 1907 2092">
    <p class='ocr_par' dir='ltr' id='par_1_89' title="bbox 1099 2056 1907 2092">
     <span class='ocr_line' id='line_1_89' title="bbox 1099 2056 1907 2092; baseline 0.002 -9"><span class='ocrx_word' id='word_1_705' title='bbox 1099 2066 1183 2084; x_wconf 85' lang='grc' dir='ltr'>νοιαν.</span> <span class='ocrx_word' id='word_1_706' title='bbox 1202 2057 1240 2083; x_wconf 82' lang='grc' dir='ltr'><strong>κδ’</strong></span> <span class='ocrx_word' id='word_1_707' title='bbox 1253 2057 1294 2084; x_wconf 80' lang='grc' dir='ltr'>ὅτι</span> <span class='ocrx_word' id='word_1_708' title='bbox 1324 2057 1385 2083; x_wconf 82' lang='grc' dir='ltr'>καθ’</span> <span class='ocrx_word' id='word_1_709' title='bbox 1407 2057 1498 2092; x_wconf 84' lang='grc' dir='ltr'>ὑγρῶν</span> <span class='ocrx_word' id='word_1_710' title='bbox 1523 2056 1627 2083; x_wconf 77' lang='grc' dir='ltr'>ἔνδειαν</span> <span class='ocrx_word' id='word_1_711' title='bbox 1643 2057 1673 2083; x_wconf 80' lang='grc' dir='ltr'><strong>τὺ</strong></span> <span class='ocrx_word' id='word_1_712' title='bbox 1686 2056 1773 2090; x_wconf 82' lang='grc' dir='ltr'>δίψος,</span> <span class='ocrx_word' id='word_1_713' title='bbox 1797 2058 1854 2085; x_wconf 79' lang='grc' dir='ltr'>καὶ</span> <span class='ocrx_word' id='word_1_714' title='bbox 1868 2060 1907 2085; x_wconf 82' lang='grc' dir='ltr'>ὅτι</span> 
     </span>
    </p>
   </div>
   <div class='ocr_carea' id='block_1_90' title="bbox 1099 2102 1907 2139">
    <p class='ocr_par' dir='ltr' id='par_1_90' title="bbox 1099 2102 1907 2139">
     <span class='ocr_line' id='line_1_90' title="bbox 1099 2102 1907 2139; baseline 0.002 -11"><span class='ocrx_word' id='word_1_715' title='bbox 1099 2102 1148 2137; x_wconf 82' lang='grc' dir='ltr'>οὐχ</span> <span class='ocrx_word' id='word_1_716' title='bbox 1164 2102 1261 2134; x_wconf 81' lang='grc' dir='ltr'>οὕτως.</span> <span class='ocrx_word' id='word_1_717' title='bbox 1294 2105 1333 2128; x_wconf 84' lang='grc' dir='ltr'>κε’</span> <span class='ocrx_word' id='word_1_718' title='bbox 1360 2102 1400 2128; x_wconf 80' lang='grc' dir='ltr'>ὅτι</span> <span class='ocrx_word' id='word_1_719' title='bbox 1432 2102 1496 2137; x_wconf 70' lang='grc' dir='ltr'>περὶ</span> <span class='ocrx_word' id='word_1_720' title='bbox 1514 2102 1559 2128; x_wconf 78' lang='grc' dir='ltr'>τὸν</span> <span class='ocrx_word' id='word_1_721' title='bbox 1587 2102 1721 2137; x_wconf 85' lang='grc' dir='ltr'>στόμαχον</span> <span class='ocrx_word' id='word_1_722' title='bbox 1744 2102 1838 2139; x_wconf 85' lang='grc' dir='ltr'>διπλῆ</span> <span class='ocrx_word' id='word_1_723' title='bbox 1867 2113 1907 2137; x_wconf 74' lang='grc' dir='ltr'><strong>τις</strong></span> 
     </span>
    </p>
   </div>
   <div class='ocr_carea' id='block_1_91' title="bbox 1099 2147 1907 2183">
    <p class='ocr_par' dir='ltr' id='par_1_91' title="bbox 1099 2147 1907 2183">
     <span class='ocr_line' id='line_1_91' title="bbox 1099 2147 1907 2183; baseline 0.002 -9"><span class='ocrx_word' id='word_1_724' title='bbox 1099 2148 1196 2182; x_wconf 77' lang='grc' dir='ltr'>ὁρᾶται</span> <span class='ocrx_word' id='word_1_725' title='bbox 1207 2148 1341 2183; x_wconf 75' lang='grc' dir='ltr'>ἐνέργεια,</span> <span class='ocrx_word' id='word_1_726' title='bbox 1354 2147 1402 2174; x_wconf 79' lang='grc' dir='ltr'><strong>καὶ</strong></span> <span class='ocrx_word' id='word_1_727' title='bbox 1411 2148 1451 2174; x_wconf 82' lang='grc' dir='ltr'>ὅτι</span> <span class='ocrx_word' id='word_1_728' title='bbox 1464 2147 1513 2182; x_wconf 81' lang='grc' dir='ltr'>οὐχ</span> <span class='ocrx_word' id='word_1_729' title='bbox 1524 2147 1621 2179; x_wconf 84' lang='grc' dir='ltr'>οὕτως.</span> <span class='ocrx_word' id='word_1_730' title='bbox 1633 2151 1679 2180; x_wconf 84' lang='grc' dir='ltr'>κς¹</span> <span class='ocrx_word' id='word_1_731' title='bbox 1694 2147 1735 2174; x_wconf 83' lang='grc' dir='ltr'>ὅτι</span> <span class='ocrx_word' id='word_1_732' title='bbox 1750 2148 1766 2182; x_wconf 89' lang='grc' dir='ltr'>ὴ</span> <span class='ocrx_word' id='word_1_733' title='bbox 1783 2148 1811 2164; x_wconf 75' lang='grc' dir='ltr'>ἰ</span> <span class='ocrx_word' id='word_1_734' title='bbox 1827 2150 1907 2181; x_wconf 68' lang='grc' dir='ltr'>ἐντος</span> 
     </span>
    </p>
   </div>
   <div class='ocr_carea' id='block_1_92' title="bbox 1105 2192 1906 2230">
    <p class='ocr_par' dir='ltr' id='par_1_92' title="bbox 1105 2192 1906 2230">
     <span class='ocr_line' id='line_1_92' title="bbox 1105 2192 1906 2230; baseline -0.002 -10"><span class='ocrx_word' id='word_1_735' title='bbox 1105 2192 1168 2230; x_wconf 64' lang='grc'><strong>[279</strong></span> <span class='ocrx_word' id='word_1_736' title='bbox 1184 2193 1229 2229; x_wconf 85' lang='grc' dir='ltr'><strong>Η.)</strong></span> <span class='ocrx_word' id='word_1_737' title='bbox 1249 2193 1349 2229; x_wconf 80' lang='grc' dir='ltr'>μῆνιγξ</span> <span class='ocrx_word' id='word_1_738' title='bbox 1370 2194 1386 2228; x_wconf 85' lang='grc' dir='ltr'>ὴ</span> <span class='ocrx_word' id='word_1_739' title='bbox 1408 2194 1437 2219; x_wconf 85' lang='grc' dir='ltr'>ὲν</span> <span class='ocrx_word' id='word_1_740' title='bbox 1449 2192 1488 2229; x_wconf 85' lang='grc' dir='ltr'>τῷ</span> <span class='ocrx_word' id='word_1_741' title='bbox 1505 2193 1657 2227; x_wconf 87' lang='grc' dir='ltr'>κοιλώματι</span> <span class='ocrx_word' id='word_1_742' title='bbox 1671 2193 1741 2228; x_wconf 83' lang='grc' dir='ltr'>ἀρχὴ</span> <span class='ocrx_word' id='word_1_743' title='bbox 1756 2193 1822 2220; x_wconf 84' lang='grc' dir='ltr'><strong>τῶν</strong></span> <span class='ocrx_word' id='word_1_744' title='bbox 1846 2195 1906 2222; x_wconf 79' lang='grc' dir='ltr'>νεύ.</span> 
     </span>
    </p>
   </div>
   <div class='ocr_carea' id='block_1_93' title="bbox 267 2227 1023 2275">
    <p class='ocr_par' dir='ltr' id='par_1_93' title="bbox 267 2236 1023 2272">
     <span class='ocr_line' id='line_1_93' title="bbox 267 2236 1023 2272; baseline 0.003 -10"><span class='ocrx_word' id='word_1_745' title='bbox 267 2236 455 2264; x_wconf 80' lang='lat' dir='ltr'><strong>maca-dimisa</strong></span> <span class='ocrx_word' id='word_1_746' title='bbox 474 2245 522 2272; x_wconf 81' lang='lat' dir='ltr'><strong>per</strong></span> <span class='ocrx_word' id='word_1_747' title='bbox 539 2245 637 2271; x_wconf 91' lang='lat' dir='ltr'><strong>corpus</strong></span> <span class='ocrx_word' id='word_1_748' title='bbox 653 2245 783 2272; x_wconf 86' lang='lat' dir='ltr'><strong>purgare;</strong></span> <span class='ocrx_word' id='word_1_749' title='bbox 799 2242 889 2265; x_wconf 86' lang='lat' dir='ltr'><strong>etnon</strong></span> <span class='ocrx_word' id='word_1_750' title='bbox 910 2238 984 2270; x_wconf 88' lang='lat' dir='ltr'><strong>item,</strong></span> <span class='ocrx_word' id='word_1_751' title='bbox 1004 2246 1023 2265; x_wconf 76' lang='lat' dir='ltr'><strong>St</strong></span> 
     </span>
    </p>
   </div>
   <div class='ocr_carea' id='block_1_94' title="bbox 1148 2227 1904 2275">
    <p class='ocr_par' dir='ltr' id='par_1_94' title="bbox 1148 2227 1904 2275">
     <span class='ocr_line' id='line_1_94' title="bbox 1148 2227 1904 2275; baseline 0.001 -9"><span class='ocrx_word' id='word_1_752' title='bbox 1148 2248 1159 2265; x_wconf 86' lang='grc' dir='ltr'><strong>ν</strong></span> <span class='ocrx_word' id='word_1_753' title='bbox 1177 2227 1366 2272; x_wconf 38' lang='lat' dir='ltr'><strong>manu</strong></span> <span class='ocrx_word' id='word_1_754' title='bbox 1381 2227 1434 2275; x_wconf 79' lang='grc' dir='ltr'><strong>οὐχ</strong></span> <span class='ocrx_word' id='word_1_755' title='bbox 1454 2227 1551 2271; x_wconf 62' lang='grc' dir='ltr'>ουτως,</span> <span class='ocrx_word' id='word_1_756' title='bbox 1567 2239 1625 2266; x_wconf 81' lang='grc' dir='ltr'>ἀλλ’</span> <span class='ocrx_word' id='word_1_757' title='bbox 1640 2241 1657 2274; x_wconf 82' lang='grc' dir='ltr'><strong>ἡ</strong></span> <span class='ocrx_word' id='word_1_758' title='bbox 1674 2227 1762 2270; x_wconf 50' lang='lat' dir='ltr'><strong>ea...</strong></span> <span class='ocrx_word' id='word_1_759' title='bbox 1794 2241 1845 2272; x_wconf 72' lang='grc' dir='ltr'><strong>κζ’</strong></span> <span class='ocrx_word' id='word_1_760' title='bbox 1870 2243 1904 2269; x_wconf 82' lang='grc' dir='ltr'>δτ</span> 
     </span>
    </p>
   </div>
   <div class='ocr_carea' id='block_1_95' title="bbox 266 2281 1049 2318">
    <p class='ocr_par' dir='ltr' id='par_1_95' title="bbox 266 2281 1049 2318">
     <span class='ocr_line' id='line_1_95' title="bbox 266 2281 1049 2318; baseline 0.003 -10"><span class='ocrx_word' id='word_1_761' title='bbox 266 2282 324 2316; x_wconf 85' lang='lat' dir='ltr'><strong>ipso</strong></span> <span class='ocrx_word' id='word_1_762' title='bbox 349 2281 462 2316; x_wconf 86' lang='lat' dir='ltr'><strong>allapsu.</strong></span> <span class='ocrx_word' id='word_1_763' title='bbox 492 2282 537 2309; x_wconf 77' lang='grc'><strong>28.</strong></span> <span class='ocrx_word' id='word_1_764' title='bbox 566 2281 625 2310; x_wconf 84' lang='lat' dir='ltr'><strong>Non</strong></span> <span class='ocrx_word' id='word_1_765' title='bbox 650 2291 710 2310; x_wconf 87' lang='lat' dir='ltr'><strong>esse</strong></span> <span class='ocrx_word' id='word_1_766' title='bbox 723 2283 851 2311; x_wconf 86' lang='lat' dir='ltr'><strong>utendum</strong></span> <span class='ocrx_word' id='word_1_767' title='bbox 873 2284 1049 2318; x_wconf 76' lang='lat' dir='ltr'><strong>purgantibus</strong></span> 
     </span>
    </p>
   </div>
   <div class='ocr_carea' id='block_1_96' title="bbox 268 2326 1052 2357">
    <p class='ocr_par' dir='ltr' id='par_1_96' title="bbox 268 2326 1052 2357">
     <span class='ocr_line' id='line_1_96' title="bbox 268 2326 1052 2357; baseline 0.004 -4"><span class='ocrx_word' id='word_1_768' title='bbox 268 2326 475 2354; x_wconf 77' lang='lat' dir='ltr'><strong>medicamentis</strong></span> <span class='ocrx_word' id='word_1_769' title='bbox 491 2335 498 2353; x_wconf 86' lang='lat'><strong>:</strong></span> <span class='ocrx_word' id='word_1_770' title='bbox 515 2327 569 2354; x_wconf 89' lang='lat' dir='ltr'><strong>imo</strong></span> <span class='ocrx_word' id='word_1_771' title='bbox 585 2335 655 2354; x_wconf 87' lang='lat' dir='ltr'><strong>esse.</strong></span> <span class='ocrx_word' id='word_1_772' title='bbox 683 2327 728 2355; x_wconf 77' lang='grc'><strong>29.</strong></span> <span class='ocrx_word' id='word_1_773' title='bbox 752 2328 811 2356; x_wconf 86' lang='lat' dir='ltr'><strong>Vini</strong></span> <span class='ocrx_word' id='word_1_774' title='bbox 829 2329 953 2357; x_wconf 87' lang='lat' dir='ltr'><strong>haustum</strong></span> <span class='ocrx_word' id='word_1_775' title='bbox 969 2328 1052 2356; x_wconf 85' lang='lat' dir='ltr'><strong>febri-</strong></span> 
     </span>
    </p>
   </div>
   <div class='ocr_carea' id='block_1_97' title="bbox 266 2370 1051 2407">
    <p class='ocr_par' dir='ltr' id='par_1_97' title="bbox 266 2370 1051 2407">
     <span class='ocr_line' id='line_1_97' title="bbox 266 2370 1051 2407; baseline 0.005 -10"><span class='ocrx_word' id='word_1_776' title='bbox 266 2370 413 2398; x_wconf 87' lang='lat' dir='ltr'><strong>citantibus</strong></span> <span class='ocrx_word' id='word_1_777' title='bbox 437 2379 497 2398; x_wconf 86' lang='lat' dir='ltr'><strong>esse</strong></span> <span class='ocrx_word' id='word_1_778' title='bbox 520 2373 744 2400; x_wconf 85' lang='lat' dir='ltr'><strong>concedendum:</strong></span> <span class='ocrx_word' id='word_1_779' title='bbox 763 2378 790 2400; x_wconf 90' lang='lat' dir='ltr'><strong>et</strong></span> <span class='ocrx_word' id='word_1_780' title='bbox 817 2381 868 2400; x_wconf 88' lang='lat' dir='ltr'><strong>non</strong></span> <span class='ocrx_word' id='word_1_781' title='bbox 892 2382 962 2407; x_wconf 87' lang='lat' dir='ltr'><strong>esse,</strong></span> <span class='ocrx_word' id='word_1_782' title='bbox 991 2382 1051 2401; x_wconf 87' lang='lat' dir='ltr'><strong>euut</strong></span> 
     </span>
    </p>
   </div>
   <div class='ocr_carea' id='block_1_98' title="bbox 268 2416 1052 2450">
    <p class='ocr_par' dir='ltr' id='par_1_98' title="bbox 268 2416 1052 2450">
     <span class='ocr_line' id='line_1_98' title="bbox 268 2416 1052 2450; baseline 0.005 -8"><span class='ocrx_word' id='word_1_783' title='bbox 268 2416 438 2450; x_wconf 83' lang='lat' dir='ltr'><strong>perniciosus</strong></span> <span class='ocrx_word' id='word_1_784' title='bbox 455 2417 500 2444; x_wconf 89' lang='lat' dir='ltr'><strong>sit.</strong></span> <span class='ocrx_word' id='word_1_785' title='bbox 536 2417 580 2445; x_wconf 86' lang='grc'><strong>’50-</strong></span> <span class='ocrx_word' id='word_1_786' title='bbox 612 2417 712 2446; x_wconf 77' lang='lat' dir='ltr'><strong>Balnea</strong></span> <span class='ocrx_word' id='word_1_787' title='bbox 738 2419 958 2448; x_wconf 82' lang='lat' dir='ltr'><strong>febricitantibus</strong></span> <span class='ocrx_word' id='word_1_788' title='bbox 975 2419 1052 2447; x_wconf 88' lang='lat' dir='ltr'><strong>utilia</strong></span> 
     </span>
    </p>
   </div>
   <div class='ocr_carea' id='block_1_99' title="bbox 267 2463 1050 2494">
    <p class='ocr_par' dir='ltr' id='par_1_99' title="bbox 267 2463 1050 2494">
     <span class='ocr_line' id='line_1_99' title="bbox 267 2463 1050 2494; baseline 0.005 -6"><span class='ocrx_word' id='word_1_789' title='bbox 267 2468 352 2490; x_wconf 87' lang='lat' dir='ltr'><strong>esse:</strong></span> <span class='ocrx_word' id='word_1_790' title='bbox 370 2463 424 2489; x_wconf 92' lang='lat' dir='ltr'><strong>into</strong></span> <span class='ocrx_word' id='word_1_791' title='bbox 453 2463 532 2491; x_wconf 78' lang='lat' dir='ltr'><strong>noxia</strong></span> <span class='ocrx_word' id='word_1_792' title='bbox 558 2471 629 2491; x_wconf 88' lang='lat' dir='ltr'><strong>esse.</strong></span> <span class='ocrx_word' id='word_1_793' title='bbox 661 2464 706 2490; x_wconf 78' lang='lat'><strong>31.</strong></span> <span class='ocrx_word' id='word_1_794' title='bbox 731 2465 760 2494; x_wconf 80' lang='lat' dir='ltr'><strong>In</strong></span> <span class='ocrx_word' id='word_1_795' title='bbox 786 2465 942 2492; x_wconf 89' lang='lat' dir='ltr'><strong>morborum</strong></span> <span class='ocrx_word' id='word_1_796' title='bbox 961 2466 1050 2492; x_wconf 84' lang='lat' dir='ltr'><strong>incre—</strong></span> 
     </span>
    </p>
   </div>
   <div class='ocr_carea' id='block_1_100' title="bbox 268 2508 1051 2544">
    <p class='ocr_par' dir='ltr' id='par_1_100' title="bbox 268 2508 1051 2544">
     <span class='ocr_line' id='line_1_100' title="bbox 268 2508 1051 2544; baseline 0.004 -10"><span class='ocrx_word' id='word_1_797' title='bbox 268 2508 368 2535; x_wconf 77' lang='lat' dir='ltr'><strong>mentis</strong></span> <span class='ocrx_word' id='word_1_798' title='bbox 376 2508 491 2544; x_wconf 73' lang='lat' dir='ltr'><strong>clystere</strong></span> <span class='ocrx_word' id='word_1_799' title='bbox 506 2510 632 2537; x_wconf 89' lang='lat' dir='ltr'><strong>utendum</strong></span> <span class='ocrx_word' id='word_1_800' title='bbox 645 2519 653 2537; x_wconf 82' lang='lat'>:</span> <span class='ocrx_word' id='word_1_801' title='bbox 669 2515 695 2537; x_wconf 90' lang='lat' dir='ltr'><strong>et</strong></span> <span class='ocrx_word' id='word_1_802' title='bbox 709 2518 761 2537; x_wconf 92' lang='lat' dir='ltr'><strong>non</strong></span> <span class='ocrx_word' id='word_1_803' title='bbox 776 2511 917 2539; x_wconf 87' lang='lat' dir='ltr'><strong>utendum.</strong></span> <span class='ocrx_word' id='word_1_804' title='bbox 938 2511 982 2538; x_wconf 61' lang='grc' dir='ltr'><strong>δὲ.</strong></span> <span class='ocrx_word' id='word_1_805' title='bbox 995 2510 1051 2537; x_wconf 84' lang='lat' dir='ltr'><strong>Non</strong></span> 
     </span>
    </p>
   </div>
   <div class='ocr_carea' id='block_1_101' title="bbox 268 2554 1054 2585">
    <p class='ocr_par' dir='ltr' id='par_1_101' title="bbox 268 2554 1054 2585">
     <span class='ocr_line' id='line_1_101' title="bbox 268 2554 1054 2585; baseline 0.005 -5"><span class='ocrx_word' id='word_1_806' title='bbox 268 2560 330 2580; x_wconf 85' lang='lat' dir='ltr'><strong>esse</strong></span> <span class='ocrx_word' id='word_1_807' title='bbox 358 2554 514 2582; x_wconf 88' lang='lat' dir='ltr'><strong>morborum</strong></span> <span class='ocrx_word' id='word_1_808' title='bbox 538 2555 614 2582; x_wconf 92' lang='lat' dir='ltr'><strong>initio</strong></span> <span class='ocrx_word' id='word_1_809' title='bbox 635 2556 807 2584; x_wconf 87' lang='lat' dir='ltr'><strong>unctionibus</strong></span> <span class='ocrx_word' id='word_1_810' title='bbox 832 2558 982 2584; x_wconf 86' lang='lat' dir='ltr'><strong>utendum:</strong></span> <span class='ocrx_word' id='word_1_811' title='bbox 999 2557 1054 2585; x_wconf 88' lang='lat' dir='ltr'><strong>itno</strong></span> 
     </span>
    </p>
   </div>
   <div class='ocr_carea' id='block_1_102' title="bbox 269 2599 1051 2635">
    <p class='ocr_par' dir='ltr' id='par_1_102' title="bbox 269 2599 1051 2635">
     <span class='ocr_line' id='line_1_102' title="bbox 269 2599 1051 2635; baseline 0.005 -9"><span class='ocrx_word' id='word_1_812' title='bbox 269 2599 295 2626; x_wconf 87' lang='lat' dir='ltr'><strong>id</strong></span> <span class='ocrx_word' id='word_1_813' title='bbox 308 2599 420 2633; x_wconf 87' lang='lat' dir='ltr'><strong>perutile</strong></span> <span class='ocrx_word' id='word_1_814' title='bbox 429 2608 498 2628; x_wconf 87' lang='lat' dir='ltr'><strong>esse.</strong></span> <span class='ocrx_word' id='word_1_815' title='bbox 513 2601 557 2628; x_wconf 79' lang='grc'><strong>55.</strong></span> <span class='ocrx_word' id='word_1_816' title='bbox 566 2601 654 2631; x_wconf 88' lang='lat' dir='ltr'><strong>Canut</strong></span> <span class='ocrx_word' id='word_1_817' title='bbox 669 2602 869 2635; x_wconf 83' lang='lat' dir='ltr'><strong>cataplasmatis</strong></span> <span class='ocrx_word' id='word_1_818' title='bbox 879 2603 1028 2630; x_wconf 84' lang='lat' dir='ltr'><strong>curandum</strong></span> <span class='ocrx_word' id='word_1_819' title='bbox 1045 2613 1051 2632; x_wconf 87' lang='lat'>:</span> 
     </span>
    </p>
   </div>
   <div class='ocr_carea' id='block_1_103' title="bbox 267 2645 1049 2678">
    <p class='ocr_par' dir='ltr' id='par_1_103' title="bbox 267 2645 1049 2678">
     <span class='ocr_line' id='line_1_103' title="bbox 267 2645 1049 2678; baseline 0.006 -6"><span class='ocrx_word' id='word_1_820' title='bbox 267 2649 294 2672; x_wconf 79' lang='lat' dir='ltr'><strong>et</strong></span> <span class='ocrx_word' id='word_1_821' title='bbox 319 2652 372 2672; x_wconf 84' lang='lat' dir='ltr'><strong>non</strong></span> <span class='ocrx_word' id='word_1_822' title='bbox 399 2645 477 2678; x_wconf 87' lang='lat' dir='ltr'><strong>item,</strong></span> <span class='ocrx_word' id='word_1_823' title='bbox 509 2647 556 2674; x_wconf 86' lang='lat' dir='ltr'><strong>sed</strong></span> <span class='ocrx_word' id='word_1_824' title='bbox 580 2647 729 2676; x_wconf 78' lang='lat' dir='ltr'><strong>olfactoriis</strong></span> <span class='ocrx_word' id='word_1_825' title='bbox 749 2647 882 2676; x_wconf 80' lang='lat' dir='ltr'><strong>duntaxat</strong></span> <span class='ocrx_word' id='word_1_826' title='bbox 908 2650 1049 2678; x_wconf 87' lang='lat' dir='ltr'><strong>utendum.</strong></span> 
     </span>
    </p>
   </div>
   <div class='ocr_carea' id='block_1_104' title="bbox 1099 2285 1906 2322">
    <p class='ocr_par' dir='ltr' id='par_1_104' title="bbox 1099 2285 1906 2322">
     <span class='ocr_line' id='line_1_104' title="bbox 1099 2285 1906 2322; baseline 0.001 -10"><span class='ocrx_word' id='word_1_827' title='bbox 1099 2286 1276 2321; x_wconf 74' lang='grc' dir='ltr'>ἁναδιδόμενα</span> <span class='ocrx_word' id='word_1_828' title='bbox 1284 2286 1316 2312; x_wconf 76' lang='grc' dir='ltr'><strong>τὰ</strong></span> <span class='ocrx_word' id='word_1_829' title='bbox 1328 2286 1460 2321; x_wconf 80' lang='grc' dir='ltr'>φάρμακα</span> <span class='ocrx_word' id='word_1_830' title='bbox 1471 2286 1610 2322; x_wconf 80' lang='grc' dir='ltr'>καθαίρει,</span> <span class='ocrx_word' id='word_1_831' title='bbox 1619 2287 1667 2312; x_wconf 83' lang='grc' dir='ltr'><strong>καὶ</strong></span> <span class='ocrx_word' id='word_1_832' title='bbox 1680 2286 1721 2312; x_wconf 84' lang='grc' dir='ltr'>ὅτι</span> <span class='ocrx_word' id='word_1_833' title='bbox 1733 2285 1784 2321; x_wconf 82' lang='grc' dir='ltr'>οὐχ</span> <span class='ocrx_word' id='word_1_834' title='bbox 1798 2287 1906 2320; x_wconf 69' lang='grc' dir='ltr'>οὕτως</span> 
     </span>
    </p>
   </div>
   <div class='ocr_carea' id='block_1_105' title="bbox 1100 2331 1905 2368">
    <p class='ocr_par' dir='ltr' id='par_1_105' title="bbox 1100 2331 1905 2368">
     <span class='ocr_line' id='line_1_105' title="bbox 1100 2331 1905 2368; baseline 0.004 -10"><span class='ocrx_word' id='word_1_835' title='bbox 1100 2332 1168 2359; x_wconf 78' lang='grc' dir='ltr'>ἀλλὰ</span> <span class='ocrx_word' id='word_1_836' title='bbox 1194 2332 1264 2359; x_wconf 77' lang='grc' dir='ltr'>κατὰ</span> <span class='ocrx_word' id='word_1_837' title='bbox 1283 2332 1333 2368; x_wconf 83' lang='grc' dir='ltr'>τὴν</span> <span class='ocrx_word' id='word_1_838' title='bbox 1358 2333 1543 2367; x_wconf 82' lang='grc' dir='ltr'>πρόσπτωσιν.</span> <span class='ocrx_word' id='word_1_839' title='bbox 1573 2335 1615 2367; x_wconf 84' lang='grc' dir='ltr'><strong>κη’</strong></span> <span class='ocrx_word' id='word_1_840' title='bbox 1637 2332 1678 2358; x_wconf 85' lang='grc' dir='ltr'>ὅτι</span> <span class='ocrx_word' id='word_1_841' title='bbox 1701 2331 1731 2358; x_wconf 77' lang='grc' dir='ltr'>οὐ</span> <span class='ocrx_word' id='word_1_842' title='bbox 1759 2335 1905 2368; x_wconf 66' lang='grc' dir='ltr'>χρηστέον</span> 
     </span>
    </p>
   </div>
   <div class='ocr_carea' id='block_1_106' title="bbox 1101 2377 1905 2414">
    <p class='ocr_par' dir='ltr' id='par_1_106' title="bbox 1101 2377 1905 2414">
     <span class='ocr_line' id='line_1_106' title="bbox 1101 2377 1905 2414; baseline 0.001 -9"><span class='ocrx_word' id='word_1_843' title='bbox 1101 2379 1158 2410; x_wconf 77' lang='grc' dir='ltr'>τοῖς</span> <span class='ocrx_word' id='word_1_844' title='bbox 1183 2379 1431 2414; x_wconf 81' lang='grc' dir='ltr'>καθαρτικοῖς.καί</span> <span class='ocrx_word' id='word_1_845' title='bbox 1455 2379 1495 2404; x_wconf 83' lang='grc' dir='ltr'>ὃτι</span> <span class='ocrx_word' id='word_1_846' title='bbox 1520 2378 1665 2413; x_wconf 76' lang='grc' dir='ltr'>χρηστέον.</span> <span class='ocrx_word' id='word_1_847' title='bbox 1693 2377 1795 2404; x_wconf 79' lang='grc' dir='ltr'>κθ¹ὂτι</span> <span class='ocrx_word' id='word_1_848' title='bbox 1830 2380 1905 2406; x_wconf 71' lang='grc' dir='ltr'>οἶνοι</span> 
     </span>
    </p>
   </div>
   <div class='ocr_carea' id='block_1_107' title="bbox 1104 2414 1905 2458">
    <p class='ocr_par' dir='ltr' id='par_1_107' title="bbox 1104 2414 1905 2458">
     <span class='ocr_line' id='line_1_107' title="bbox 1104 2414 1905 2458; baseline 0.002 -9"><span class='ocrx_word' id='word_1_849' title='bbox 1104 2422 1175 2450; x_wconf 86' lang='grc' dir='ltr'>δόσει</span> <span class='ocrx_word' id='word_1_850' title='bbox 1194 2423 1326 2458; x_wconf 84' lang='grc' dir='ltr'>χρηστέον</span> <span class='ocrx_word' id='word_1_851' title='bbox 1353 2422 1469 2449; x_wconf 78' lang='grc' dir='ltr'>ἐπὶτῶν</span> <span class='ocrx_word' id='word_1_852' title='bbox 1492 2414 1693 2458; x_wconf 85' lang='grc' dir='ltr'>πυρεσσόντων,</span> <span class='ocrx_word' id='word_1_853' title='bbox 1707 2422 1754 2448; x_wconf 83' lang='grc' dir='ltr'><strong>καὶ</strong></span> <span class='ocrx_word' id='word_1_854' title='bbox 1781 2424 1905 2451; x_wconf 69' lang='grc' dir='ltr'>τοὺναψ</span> 
     </span>
    </p>
   </div>
   <div class='ocr_carea' id='block_1_108' title="bbox 1104 2461 1903 2504">
    <p class='ocr_par' dir='ltr' id='par_1_108' title="bbox 1104 2461 1903 2504">
     <span class='ocr_line' id='line_1_108' title="bbox 1104 2461 1903 2504; baseline 0.004 -10"><span class='ocrx_word' id='word_1_855' title='bbox 1104 2469 1162 2495; x_wconf 79' lang='grc' dir='ltr'>τίον</span> <span class='ocrx_word' id='word_1_856' title='bbox 1173 2470 1213 2496; x_wconf 82' lang='grc' dir='ltr'>ὃτι</span> <span class='ocrx_word' id='word_1_857' title='bbox 1227 2469 1394 2504; x_wconf 79' lang='grc' dir='ltr'>ἀσύμφορον.</span> <span class='ocrx_word' id='word_1_858' title='bbox 1411 2469 1433 2495; x_wconf 89' lang='grc' dir='ltr'>λ’</span> <span class='ocrx_word' id='word_1_859' title='bbox 1448 2461 1489 2495; x_wconf 64' lang='grc' dir='ltr'>ὅτι</span> <span class='ocrx_word' id='word_1_860' title='bbox 1504 2467 1617 2503; x_wconf 79' lang='grc' dir='ltr'>λουτρὸν</span> <span class='ocrx_word' id='word_1_861' title='bbox 1629 2468 1685 2499; x_wconf 82' lang='grc' dir='ltr'>τοῖς</span> <span class='ocrx_word' id='word_1_862' title='bbox 1698 2467 1903 2502; x_wconf 77' lang='grc' dir='ltr'>πυρέσσουσι⁷</span> 
     </span>
    </p>
   </div>
   <div class='ocr_carea' id='block_1_109' title="bbox 1105 2513 1904 2550">
    <p class='ocr_par' dir='ltr' id='par_1_109' title="bbox 1105 2513 1904 2550">
     <span class='ocr_line' id='line_1_109' title="bbox 1105 2513 1904 2550; baseline -0.004 -8"><span class='ocrx_word' id='word_1_863' title='bbox 1105 2515 1249 2546; x_wconf 87' lang='grc' dir='ltr'>λυσιτελεῖ,</span> <span class='ocrx_word' id='word_1_864' title='bbox 1263 2516 1310 2541; x_wconf 78' lang='grc' dir='ltr'><strong>καὶ</strong></span> <span class='ocrx_word' id='word_1_865' title='bbox 1327 2516 1367 2542; x_wconf 80' lang='grc' dir='ltr'>ὅτι</span> <span class='ocrx_word' id='word_1_866' title='bbox 1378 2515 1548 2550; x_wconf 80' lang='grc' dir='ltr'>ἀσύμφορον.</span> <span class='ocrx_word' id='word_1_867' title='bbox 1560 2514 1599 2540; x_wconf 89' lang='grc' dir='ltr'>λα’</span> <span class='ocrx_word' id='word_1_868' title='bbox 1613 2514 1653 2540; x_wconf 79' lang='grc' dir='ltr'>ὅτι</span> <span class='ocrx_word' id='word_1_869' title='bbox 1668 2513 1709 2540; x_wconf 78' lang='grc' dir='ltr'><strong>δεῖ</strong></span> <span class='ocrx_word' id='word_1_870' title='bbox 1721 2514 1749 2540; x_wconf 78' lang='grc' dir='ltr'>ὲν</span> <span class='ocrx_word' id='word_1_871' title='bbox 1760 2515 1830 2546; x_wconf 84' lang='grc' dir='ltr'>ταῖς</span> <span class='ocrx_word' id='word_1_872' title='bbox 1852 2517 1904 2544; x_wconf 60' lang='grc' dir='ltr'>ἐπε</span> 
     </span>
    </p>
   </div>
   <div class='ocr_carea' id='block_1_110' title="bbox 1105 2559 1904 2594">
    <p class='ocr_par' dir='ltr' id='par_1_110' title="bbox 1105 2559 1904 2594">
     <span class='ocr_line' id='line_1_110' title="bbox 1105 2559 1904 2594; baseline 0.003 -8"><span class='ocrx_word' id='word_1_873' title='bbox 1105 2560 1200 2588; x_wconf 86' lang='grc' dir='ltr'>τάσεσι</span> <span class='ocrx_word' id='word_1_874' title='bbox 1214 2560 1268 2588; x_wconf 74' lang='grc' dir='ltr'><strong>¹τῶν</strong></span> <span class='ocrx_word' id='word_1_875' title='bbox 1283 2561 1367 2587; x_wconf 90' lang='grc' dir='ltr'>νόσων</span> <span class='ocrx_word' id='word_1_876' title='bbox 1386 2561 1502 2593; x_wconf 83' lang='grc' dir='ltr'>κλύζειν,</span> <span class='ocrx_word' id='word_1_877' title='bbox 1531 2561 1578 2587; x_wconf 69' lang='grc' dir='ltr'><strong>καὶ</strong></span> <span class='ocrx_word' id='word_1_878' title='bbox 1589 2560 1630 2586; x_wconf 83' lang='grc' dir='ltr'>ὃτι</span> <span class='ocrx_word' id='word_1_879' title='bbox 1646 2559 1675 2586; x_wconf 86' lang='grc' dir='ltr'>οὺ</span> <span class='ocrx_word' id='word_1_880' title='bbox 1695 2559 1850 2594; x_wconf 76' lang='grc' dir='ltr'>προσῆκον</span> <span class='ocrx_word' id='word_1_881' title='bbox 1880 2564 1904 2579; x_wconf 80' lang='grc'><strong><em>⁷³</em></strong></span> 
     </span>
    </p>
   </div>
   <div class='ocr_carea' id='block_1_111' title="bbox 1104 2605 1903 2642">
    <p class='ocr_par' dir='ltr' id='par_1_111' title="bbox 1104 2605 1903 2642">
     <span class='ocr_line' id='line_1_111' title="bbox 1104 2605 1903 2642; baseline -0.001 -9"><span class='ocrx_word' id='word_1_882' title='bbox 1104 2606 1145 2641; x_wconf 79' lang='grc' dir='ltr'><strong>λβ¹</strong></span> <span class='ocrx_word' id='word_1_883' title='bbox 1159 2607 1201 2633; x_wconf 80' lang='grc' dir='ltr'>ὅτι</span> <span class='ocrx_word' id='word_1_884' title='bbox 1212 2607 1242 2633; x_wconf 86' lang='grc' dir='ltr'>οὺ</span> <span class='ocrx_word' id='word_1_885' title='bbox 1258 2607 1298 2633; x_wconf 85' lang='grc' dir='ltr'><strong>δεῖ</strong></span> <span class='ocrx_word' id='word_1_886' title='bbox 1306 2606 1366 2632; x_wconf 80' lang='grc' dir='ltr'>κατ’</span> <span class='ocrx_word' id='word_1_887' title='bbox 1385 2605 1623 2642; x_wconf 80' lang='grc' dir='ltr'>ὰρχὰςὺπαλείψει</span> <span class='ocrx_word' id='word_1_888' title='bbox 1639 2605 1768 2640; x_wconf 81' lang='grc' dir='ltr'>χρῆσθαι,</span> <span class='ocrx_word' id='word_1_889' title='bbox 1788 2607 1847 2632; x_wconf 80' lang='grc' dir='ltr'><strong>καὶ</strong></span> <span class='ocrx_word' id='word_1_890' title='bbox 1870 2609 1903 2634; x_wconf 71' lang='grc' dir='ltr'>ὅτ</span> 
     </span>
    </p>
   </div>
   <div class='ocr_carea' id='block_1_112' title="bbox 1105 2651 1903 2690">
    <p class='ocr_par' dir='ltr' id='par_1_112' title="bbox 1105 2651 1903 2690">
     <span class='ocr_line' id='line_1_112' title="bbox 1105 2651 1903 2690; baseline 0.001 -11"><span class='ocrx_word' id='word_1_891' title='bbox 1105 2653 1256 2688; x_wconf 78' lang='grc' dir='ltr'>συμφέρον.</span> <span class='ocrx_word' id='word_1_892' title='bbox 1284 2651 1323 2687; x_wconf 89' lang='grc' dir='ltr'>λγ’</span> <span class='ocrx_word' id='word_1_893' title='bbox 1347 2653 1388 2678; x_wconf 83' lang='grc' dir='ltr'>ὅτι</span> <span class='ocrx_word' id='word_1_894' title='bbox 1410 2652 1450 2678; x_wconf 84' lang='grc' dir='ltr'><strong>δεῖ</strong></span> <span class='ocrx_word' id='word_1_895' title='bbox 1475 2651 1677 2678; x_wconf 80' lang='grc' dir='ltr'>καταπλάττειν</span> <span class='ocrx_word' id='word_1_896' title='bbox 1701 2652 1750 2684; x_wconf 81' lang='grc' dir='ltr'>τὴν</span> <span class='ocrx_word' id='word_1_897' title='bbox 1762 2653 1903 2690; x_wconf 76' lang='grc' dir='ltr'>κεφαλὴν</span> 
     </span>
    </p>
   </div>
   <div class='ocr_carea' id='block_1_113' title="bbox 922 2705 1259 2738">
    <p class='ocr_par' dir='ltr' id='par_1_113' title="bbox 922 2705 1259 2738">
     <span class='ocr_line' id='line_1_113' title="bbox 922 2705 1259 2738; baseline 0.021 -7"><span class='ocrx_word' id='word_1_898' title='bbox 922 2705 1039 2737; x_wconf 66' lang='lat' dir='ltr'><strong>VARIA‘I</strong></span> <span class='ocrx_word' id='word_1_899' title='bbox 1058 2707 1259 2738; x_wconf 83' lang='lat' dir='ltr'><strong>LECTIONES.</strong></span> 
     </span>
    </p>
   </div>
   <div class='ocr_carea' id='block_1_114' title="bbox 304 2748 1236 2787">
    <p class='ocr_par' dir='ltr' id='par_1_114' title="bbox 304 2748 1236 2787">
     <span class='ocr_line' id='line_1_114' title="bbox 304 2748 1236 2787; baseline 0.008 -13"><span class='ocrx_word' id='word_1_900' title='bbox 304 2748 395 2787; x_wconf 55' lang='lat' dir='ltr'><strong>“ﬁ—</strong></span> <span class='ocrx_word' id='word_1_901' title='bbox 405 2748 568 2787; x_wconf 66' lang='grc' dir='ltr'>ἐξωράῖσται</span> <span class='ocrx_word' id='word_1_902' title='bbox 638 2749 686 2776; x_wconf 74' lang='grc' dir='ltr'><strong>καὶ</strong></span> <span class='ocrx_word' id='word_1_903' title='bbox 766 2750 943 2785; x_wconf 73' lang='grc' dir='ltr'>ἐξωραῖςεται</span> <span class='ocrx_word' id='word_1_904' title='bbox 958 2762 986 2785; x_wconf 72' lang='grc' dir='ltr'><em>ς.</em></span> <span class='ocrx_word' id='word_1_905' title='bbox 1026 2755 1048 2770; x_wconf 80' lang='grc'><strong>⁸⁸</strong></span> <span class='ocrx_word' id='word_1_906' title='bbox 1061 2754 1190 2781; x_wconf 85' lang='grc' dir='ltr'>διατείνει</span> <span class='ocrx_word' id='word_1_907' title='bbox 1206 2764 1236 2787; x_wconf 83' lang='grc' dir='ltr'><em>ς.</em></span> 
     </span>
    </p>
   </div>
   <div class='ocr_carea' id='block_1_115' title="bbox 1286 2753 1892 2790">
    <p class='ocr_par' dir='ltr' id='par_1_115' title="bbox 1286 2753 1892 2790">
     <span class='ocr_line' id='line_1_115' title="bbox 1286 2753 1892 2790; baseline -0.003 -8"><span class='ocrx_word' id='word_1_908' title='bbox 1286 2756 1308 2772; x_wconf 82' lang='grc'><strong>⁸⁷</strong></span> <span class='ocrx_word' id='word_1_909' title='bbox 1325 2756 1413 2790; x_wconf 85' lang='grc' dir='ltr'>μόνων</span> <span class='ocrx_word' id='word_1_910' title='bbox 1429 2754 1488 2782; x_wconf 87' lang='lat' dir='ltr'><strong>add.</strong></span> <span class='ocrx_word' id='word_1_911' title='bbox 1510 2755 1543 2784; x_wconf 80' lang='grc' dir='ltr'><em>Α.</em></span> <span class='ocrx_word' id='word_1_912' title='bbox 1580 2754 1604 2771; x_wconf 77' lang='grc'><strong>⁸⁸</strong></span> <span class='ocrx_word' id='word_1_913' title='bbox 1615 2753 1846 2790; x_wconf 18' lang='grc' dir='ltr'>παρ’ῗέμπ-ιωσιν</span> <span class='ocrx_word' id='word_1_914' title='bbox 1869 2756 1892 2782; x_wconf 81' lang='grc' dir='ltr'><strong>Α</strong></span> 
     </span>
    </p>
   </div>
   <div class='ocr_carea' id='block_1_116' title="bbox 269 2783 1902 2825">
    <p class='ocr_par' dir='ltr' id='par_1_116' title="bbox 269 2783 1902 2825">
     <span class='ocr_line' id='line_1_116' title="bbox 269 2783 1902 2825; baseline 0.004 -16"><span class='ocrx_word' id='word_1_915' title='bbox 269 2783 467 2819; x_wconf 78' lang='grc' dir='ltr'>παρέμπτωσις</span> <span class='ocrx_word' id='word_1_916' title='bbox 479 2793 508 2816; x_wconf 80' lang='grc' dir='ltr'><em>ς.</em></span> <span class='ocrx_word' id='word_1_917' title='bbox 546 2784 568 2801; x_wconf 82' lang='grc'><strong>⁶⁹</strong></span> <span class='ocrx_word' id='word_1_918' title='bbox 583 2784 627 2811; x_wconf 82' lang='grc' dir='ltr'><strong>διὰ</strong></span> <span class='ocrx_word' id='word_1_919' title='bbox 640 2783 724 2820; x_wconf 76' lang='grc' dir='ltr'>πνοήν</span> <span class='ocrx_word' id='word_1_920' title='bbox 735 2794 765 2818; x_wconf 74' lang='grc' dir='ltr'><em>ς.</em></span> <span class='ocrx_word' id='word_1_921' title='bbox 804 2783 826 2802; x_wconf 69' lang='grc'><strong>’³⁵</strong></span> <span class='ocrx_word' id='word_1_922' title='bbox 834 2788 875 2815; x_wconf 78' lang='grc' dir='ltr'>ὅτι</span> <span class='ocrx_word' id='word_1_923' title='bbox 886 2788 916 2814; x_wconf 83' lang='grc' dir='ltr'>οὺ</span> <span class='ocrx_word' id='word_1_924' title='bbox 927 2783 990 2823; x_wconf 63' lang='grc' dir='ltr'>περί</span> <span class='ocrx_word' id='word_1_925' title='bbox 1006 2797 1036 2821; x_wconf 66' lang='grc' dir='ltr'><strong>ς,</strong></span> <span class='ocrx_word' id='word_1_926' title='bbox 1078 2790 1100 2804; x_wconf 86' lang='grc'><strong>⁷¹</strong></span> <span class='ocrx_word' id='word_1_927' title='bbox 1118 2791 1134 2825; x_wconf 80' lang='grc' dir='ltr'>ἡ</span> <span class='ocrx_word' id='word_1_928' title='bbox 1150 2783 1260 2818; x_wconf 52' lang='grc' dir='ltr'>αιίιίΪΛ.</span> <span class='ocrx_word' id='word_1_929' title='bbox 1297 2783 1397 2823; x_wconf 47' lang='lat' dir='ltr'><strong>&quot;Imb;</strong></span> <span class='ocrx_word' id='word_1_930' title='bbox 1416 2783 1602 2825; x_wconf 77' lang='grc' dir='ltr'>πυρέσσοντας</span> <span class='ocrx_word' id='word_1_931' title='bbox 1615 2799 1646 2822; x_wconf 79' lang='grc' dir='ltr'><em>ς.</em></span> <span class='ocrx_word' id='word_1_932' title='bbox 1657 2783 1663 2789; x_wconf 78' lang='grc'><em>’</em></span> <span class='ocrx_word' id='word_1_933' title='bbox 1683 2783 1866 2823; x_wconf 61' lang='grc' dir='ltr'>’δ’προσὴιιει</span> <span class='ocrx_word' id='word_1_934' title='bbox 1880 2800 1902 2825; x_wconf 85' lang='grc' dir='ltr'>ς-</span> 
     </span>
    </p>
   </div>
   <div class='ocr_carea' id='block_1_117' title="bbox 1017 2835 1129 2864">
    <p class='ocr_par' dir='ltr' id='par_1_117' title="bbox 1017 2835 1129 2864">
     <span class='ocr_line' id='line_1_117' title="bbox 1017 2835 1129 2864; baseline 0.018 -2"><span class='ocrx_word' id='word_1_935' title='bbox 1017 2835 1129 2864; x_wconf 65' lang='lat' dir='ltr'><strong>NOTAE.</strong></span> 
     </span>
    </p>
   </div>
   <div class='ocr_carea' id='block_1_118' title="bbox 311 2876 744 2912">
    <p class='ocr_par' dir='ltr' id='par_1_118' title="bbox 311 2876 744 2912">
     <span class='ocr_line' id='line_1_118' title="bbox 311 2876 744 2912; baseline 0.002 -7"><span class='ocrx_word' id='word_1_936' title='bbox 311 2876 367 2911; x_wconf 76' lang='lat' dir='ltr'><strong>(ll)</strong></span> <span class='ocrx_word' id='word_1_937' title='bbox 387 2876 467 2912; x_wconf 90' lang='lat' dir='ltr'><strong>Supr.</strong></span> <span class='ocrx_word' id='word_1_938' title='bbox 480 2886 540 2912; x_wconf 81' lang='lat' dir='ltr'><strong>cap.</strong></span> <span class='ocrx_word' id='word_1_939' title='bbox 557 2877 609 2911; x_wconf 79' lang='lat'><strong>83,</strong></span> <span class='ocrx_word' id='word_1_940' title='bbox 625 2879 641 2912; x_wconf 87' lang='grc' dir='ltr'>ἡ</span> <span class='ocrx_word' id='word_1_941' title='bbox 657 2878 744 2911; x_wconf 75' lang='grc' dir='ltr'><strong>ὲκτὸ;.</strong></span> 
     </span>
    </p>
   </div>
  </div>
