1916 3092
76 141 133 171 693

660 145 919 176 BIBLIOTHECA.
934 157 969 163 υ-
985 147 1066 178 COD.
1087 147 1199 178 CCXII-

1653 131 1707 180 694

75 198 126 224 καὶ
138 198 182 224 ὅτι
205 197 236 224 οὗ
251 197 302 230 δεῖ,
315 199 371 230 τοῖς
383 197 406 225 δ’
416 197 581 233 ὀσφραντοίς
596 199 677 234 μόνον
690 200 817 235 χρῆσθαι.
834 200 864 226 λδ

921 200 965 228 δαί.
989 201 1113 230 Vomitus
1145 204 1364 237 provocationem
1393 205 1461 233 nihil
1483 205 1635 241 prodesse:
1651 205 1707 233 imo
1727 219 1733 223 -

76 244 119 269 an
148 243 310 278 ὲμετοποιία
335 243 504 279 ἀσύμιρορον,
519 244 567 270 κα.)⁵
592 245 633 272 ὅτι
658 246 806 281 συμφέρον.
832 245 867 272 λε’

77 289 119 314 ὃτι
132 288 183 323 οὺχ
208 289 361 323 ἐπιπέμπει
378 289 394 324 ἡ
410 289 510 324 καρδία
524 286 604 325 αἷμα,
620 290 666 317 καὶ
685 291 726 317 ὅτι
751 291 869 326 ἐπιπέμ-

77 341 135 359 πει.
154 333 200 365 λς’
215 333 256 360 ὃτι
270 334 321 369 οὐχ
345 334 362 368 ἡ
388 333 487 369 καρδία
508 334 538 360 τδ
571 334 680 370 πνεῦμα
704 336 866 371 ἐπιπέμπει,

77 378 138 403 ἀλλ’
153 380 181 404 αἱ
196 379 326 414 ἀρτηρίαι
351 379 470 412 ἕλκουσι,
488 380 535 407 καὶ
560 379 600 406 ὅτι
629 379 758 415 ἔμπαλιν.
776 380 814 414 λζ’
828 382 868 408 ὅτι

77 424 109 456 ἐξ
123 424 226 459 ἑαυτῆς
236 425 254 459 ἠ
271 424 371 460 καρδία
386 427 511 459 κινεῖται,
525 425 572 453 καὶ
581 426 622 452 ὅτι
638 426 688 453 οὐκ
704 426 735 459 ἐξ
756 427 866 462 ἑαυτῆς.

77 469 120 504 λη’
137 470 181 496 ὅτι
197 470 268 497 κατά
278 470 360 505 φύσιν
375 468 444 506 αἷμα
462 471 492 497 ὲν
507 471 655 508 ἀρτηρίαις
678 472 806 508 ὑπάρχει,
819 474 866 500 καὶ¹

77 513 120 539 ὅτι
133 514 186 548 οὐχ
205 514 322 549 αἵματος
338 515 366 540 αἱ
381 515 511 550 ἀρτηρίαι
521 516 642 550 ἀγγεῖον.
663 515 702 542 λα’
717 516 758 543 ὅτι
780 516 868 544 πάντα

76 559 112 585 τὰ
126 559 230 593 ἀγγεῖα
243 561 272 586 ὲν
291 560 331 595 τῷ
347 559 420 596 ὄγκῳ
431 561 505 588 ἁπλᾶ
520 561 589 594 ἐστι,
603 561 649 588 καὶ
657 562 698 589 ὅτι
724 561 868 598 πλέγματά

42 636 53 648 .
76 606 167 632 ἐστιν.
193 606 221 640 μ’
239 606 281 632 ὅτι
295 606 339 633 διὰ
359 606 380 622 ⁷⁸
398 607 452 633 τῶν
481 607 585 642 νεύρων
599 608 616 643 ἡ
635 608 761 642 αἴσθησις
787 610 833 636 καὶ
850 610 867 645 ὴ

76 651 190 686 κίνησις
206 652 255 678 τοῦ
273 652 354 685 ζώου,
369 654 415 679 καὶ
430 654 471 680 ὅτι
490 654 540 689 οὐχ
558 654 654 685 οὕτως.
669 654 715 689 μα’
729 655 769 681 ὁτι
795 656 867 691 ἀρχὴ

75 696 190 730 φλεϐῶν
210 698 228 733 ἡ
241 698 340 733 καρδία
356 719 363 731 ,
380 699 427 725 καὶ
442 699 483 725 ὃτι
502 700 552 725 οὐκ
565 700 648 735 ἀρχή.
665 699 709 735 μβ¹
722 701 763 727 ὃτι
790 699 867 736 ἦπαρ

74 743 151 777 ἁρχὴ
167 743 285 778 φλεϐῶν.
299 745 346 770 καὶ
369 746 408 771 ὄτι
432 745 482 771 οὐκ
500 745 582 781 ἀρχή.
618 745 662 780 μδί
675 746 717 773 ὅτι
735 747 751 781 ή
778 747 867 774 κοιλία

75 789 190 823 φλεϐῶν
210 790 292 826 ἀρχὴ,
307 792 354 817 καὶ
363 792 402 817 ὅτι
417 791 467 817 οὐκ
479 792 560 826 ἀρχή.
579 791 622 827 μδ⁹
633 793 674 818 ὅτι
687 793 796 819 πάντων
814 793 867 820 τῶν

74 835 201 869 ἀγγείων
217 836 288 870 ἀρχὴ
320 836 430 870 μῆνιγξ,
461 836 509 862 κα)⁸
530 837 553 852 ⁷⁵
587 837 627 862 ὁτι
644 837 694 863 οὐκ
719 837 802 873 ἀρχή.
826 842 867 872 με’

922 247 1014 275 utilem
1037 255 1106 276 esse.
1137 249 1182 277 '55.
1201 250 1256 278 Cor
1266 251 1391 279 emittere
1401 253 1560 288 sanguinem
1579 260 1629 281 :et
1641 260 1708 281 con-

922 297 963 321 tra
979 301 1031 321 non
1059 295 1194 325 emittere.
1227 296 1272 325 36.
1293 297 1346 325 Cor
1356 306 1409 325 non
1431 299 1557 326 emittere
1569 299 1705 334 spiritum,

920 340 969 368 sed
994 342 1109 368 arterias
1132 340 1226 376 potius"
1248 343 1334 377 ipsum
1361 344 1497 372 attrahere
1517 353 1524 372 :
1544 349 1570 372 et
1596 350 1704 373 contra.

920 385 964 413 57.
986 386 1039 413 Cor
1050 394 1065 414 a
1079 386 1170 422 seipso
1178 388 1279 416 moveri
1294 397 1301 415 :
1318 389 1372 415 imo
1390 396 1443 416 non
1465 397 1480 415 a
1491 389 1590 424 seipso.
1609 389 1705 425 169b

920 431 963 460 58.
974 432 1139 467 Sanguinem
1155 439 1251 462 natura
1275 435 1302 462 in
1322 435 1431 463 arteriis
1443 435 1574 464 exsistere
1591 444 1598 463 :
1617 441 1644 463 et
1661 444 1706 462 ar-

922 482 1005 508 terias
1031 488 1082 507 non
1103 488 1163 509 esse
1177 481 1317 515 sanguinis
1332 482 1541 516 receptaculum.
1571 482 1617 510 59.
1633 482 1704 509 Vasa

921 526 1012 553 omnia
1029 526 1055 553 in
1071 533 1176 554 summo
1193 526 1288 560 simpla
1303 534 1364 554 esse
1382 535 1389 554 :
1411 527 1465 555 imo
1478 527 1575 562 plicata
1588 534 1649 556 esse
1663 532 1706 554 at-

921 579 973 606 que
997 571 1127 599 involuta.
1155 571 1201 600 40.
1218 571 1271 600 Per
1286 580 1384 601 nervos
1398 580 1506 600 sensum
1521 580 1582 601 esse
1604 578 1631 599 et
1646 580 1705 600 mo-

922 621 977 643 tum
1002 616 1149 643 animantis
1164 625 1171 643 :
1187 620 1214 643 et
1230 624 1282 644 non
1295 624 1354 644 esse
1365 617 1539 652 principium.
1558 617 1604 644 H.
1617 616 1706 644 Vena-

922 669 982 688 rum
997 668 1045 688 cor
1057 668 1119 689 esse
1136 661 1298 696 principium
1311 671 1318 689 :
1335 667 1362 689 et
1383 669 1436 689 non
1448 669 1508 690 esse
1523 662 1704 697 principium;

920 706 965 734 42.
981 705 1055 734 Jecui
1066 715 1196 735 venarum
1209 715 1269 735 esse
1279 708 1442 743 principium
1459 718 1467 736 :
1483 713 1511 736 et
1533 716 1642 736 rursum
1650 715 1704 735 non

920 760 990 781 esse.
1005 753 1049 780 45.
1064 752 1086 780 Ε
1096 754 1245 781 ventriculo
1254 761 1336 781 venas
1349 754 1438 782 nasci:
1449 759 1476 782 et
1491 762 1545 782 non
1559 754 1645 782 nasci.
1657 754 1704 782 ιι.

921 799 1046 828 Omnium
1057 807 1182 827 vasorum
1190 800 1351 835 principium
1361 807 1422 828 esse
1429 800 1564 834 meuinga,
1575 808 1623 828 seu
1630 808 1704 828 ecre-

920 846 962 874 hri
978 846 1096 874 tunicam
1111 855 1117 873 :
1130 850 1157 874 et
1175 854 1228 873 non
1244 854 1315 874 esse.
1343 846 1389 874 45.
1409 846 1539 882 Spiritum
1555 854 1617 874 esse
1629 850 1702 874 arte-

72 881 115 906 ὖτι
133 879 245 916 πνεῦμα
257 881 396 916 ἀρτηριῶν
410 882 493 922 ἀρχὴ,
508 882 555 909 καὶ
571 882 612 908 ὅτι
624 882 673 908 οὐκ
688 882 761 909 ἐστιν
783 883 864 918 ἀρχή.

920 893 1019 920 riarum
1036 892 1168 928 originem
1181 901 1188 919 :
1201 897 1228 920 et
1242 898 1338 920 contra
1362 901 1416 921 non
1438 901 1508 921 esse.
1534 893 1580 923 46.
1596 893 1703 921 Arteria

73 929 124 960 μς¹
138 926 181 953 ὅτι
192 926 211 961 ἡ
226 926 302 960 παρά
311 926 361 961 τὴν
370 927 447 962 ῥάχιν
455 927 478 942 ⁷·
488 927 608 962 ἀρτηρία
621 928 761 963 ἀρτηριῶν
783 929 864 964 ἁρχὴ,

71 973 123 999 καὶ
131 973 176 999 ὅτι
190 973 242 999 οὐκ
253 973 335 1008 ἀρχή.
349 973 391 1008 μζ¹
404 974 445 1000 ὅτι
454 974 471 1008 ἡ
484 974 582 1009 καρδία
596 975 667 1010 ἀρχὴ
680 975 818 1011 ἀρτηριῶν
829 976 864 1007 ⁷⁷,

71 1018 121 1045 καὶ
140 1018 185 1045 ὅτι
203 1018 254 1044 οὐκ
276 1018 359 1054 ἀρχή.
378 1017 422 1054 μη¹
447 1019 487 1046 ὅτι
505 1019 555 1055 οὐχ
570 1019 592 1035 ⁷⁸
616 1021 632 1055 ἡ
667 1019 766 1055 καρδία
793 1020 864 1056 ἀρχὴ

70 1064 192 1099 νεύρων,
209 1063 267 1090 ἀλλ’
285 1065 303 1100 ἡ
325 1064 489 1100 περιέχουσα
511 1064 557 1091 τὸν
586 1064 741 1099 ἐγκέφαλον
753 1065 863 1101 μῆνιγξ,

71 1109 122 1136 καὶ
142 1109 188 1136 ὅτι
212 1109 263 1136 οὐκ
276 1109 361 1144 ἀρχή.
381 1109 425 1145 μθ⁹
444 1110 485 1136 ὅτι
500 1110 531 1136 οὐ
548 1110 612 1146 περὶ
624 1110 737 1146 καρδίαν
751 1110 782 1137 τὸ
805 1111 863 1138 δια-

69 1155 214 1189 νοητικὴν,
234 1155 305 1182 ἀλλά
334 1156 399 1190 περὶ
423 1156 556 1192 κεφαλὴν,
577 1156 624 1183 καὶ
649 1157 691 1183 ὃτι
718 1157 863 1185 ἀνάπαλιν.

67 1200 90 1226 ν’
111 1201 157 1227 ὅτι
177 1201 208 1227 τὸ
222 1201 391 1236 διανοητικόν
402 1202 460 1228 ἐστι
475 1203 539 1237 περὶ
553 1202 602 1238 τὴν
613 1203 700 1238 μέσην
713 1204 760 1231 τοῦ
785 1205 864 1239 ἐγκε-

70 1247 164 1281 φάλου
176 1246 293 1279 κοιλίαν,
307 1248 354 1273 καὶ
367 1247 407 1274 ὅτι
417 1248 467 1283 οὐχ
483 1248 579 1280 οὕτως.
595 1247 688 1275 Ταῦτα
705 1250 752 1277 καὶ
762 1251 780 1286 ἡ
796 1250 864 1277 ὑπό-

68 1294 150 1325 θεσις
163 1293 337 1320 διατείνεται.

430 1341 504 1369 Σ1Β’.

194 1387 403 1422 Αἰνησιδήμου
416 1389 593 1423 Πυρῤωνίων
606 1391 691 1425 λόγοι
704 1391 741 1424 η’.

112 1432 342 1468 Ἀνεγνώσθησαν
363 1434 547 1470 Αἰνησιδήμου
582 1437 760 1470 Πυρῤωνίων
791 1437 864 1471 λόγοι

67 1483 106 1513 η’.
113 1479 146 1505 Ἦ
156 1479 207 1513 μὲν
216 1479 264 1514 ὃλη
273 1479 402 1514 πρόθεσις
410 1480 456 1506 τοῦ
465 1480 568 1515 βιϐλίου
575 1481 722 1516 βεϐαιῶσαι
735 1483 776 1510 ὅτι
788 1483 865 1510 οὐδὲν

69 1525 185 1560 βέϐαιον
195 1526 236 1556 είς
252 1525 413 1561 κατάληψιν,
427 1525 489 1553 οὔτε
504 1527 538 1554 δι’
552 1528 716 1563 αἰσθήσεως,
729 1529 787 1556 ἀλλ’
800 1529 862 1556 οὕτε

69 1571 127 1606 μὴν
152 1571 199 1598 διὰ
215 1572 335 1607 νοήσεως
352 1580 360 1587 ·
374 1571 416 1598 διὸ
438 1571 500 1599 οὔτε
514 1574 577 1605 τοὺς
604 1574 778 1609 Πυῤῥωνίους
800 1575 864 1603 οὔτε

67 1615 136 1649 τοὺς
155 1617 252 1649 ἄλλους
267 1618 366 1645 ειδέναι
380 1618 429 1654 τὴν
439 1619 468 1646 ὲν
480 1620 536 1651 τοῖς
550 1619 625 1646 οὖσιν
650 1619 789 1655 ἀλήθειαν,
798 1621 866 1648 ἀλλά

69 1665 136 1695 τοὺς
152 1663 203 1698 μὲν
219 1664 279 1690 κατ’
292 1664 375 1699 ἀλλην
386 1664 493 1700 αἵρεσιν
514 1665 725 1700 φιλοσοφοῦντας
753 1667 860 1701 ἀγνοεῖν

69 1720 101 1736 τε
110 1709 200 1737 τᾶλλα
211 1711 257 1736 καὶ
266 1711 381 1742 ἑαυτοὺς
391 1711 479 1746 μάτην
493 1712 667 1747 κατατρίϐειν
680 1713 728 1740 καὶ
741 1713 865 1749 δαπανᾷν

71 1755 219 1790 συνεχέσιν
232 1755 334 1787 ἀνὶαις,
348 1754 465 1791 [ΜΚ]
480 1756 526 1782 καὶ
540 1757 606 1783 αὐτὸ
618 1757 646 1784 δὲ
656 1758 734 1784 τοῦτο
746 1759 864 1792 ἀγνοεῖν,

70 1802 115 1828 im.
128 1800 208 1827 οὐδὲν
223 1801 314 1832 αὐτοῖς
327 1802 381 1827 τῶν
393 1802 527 1833 δοξάντων
548 1803 588 1834 εἰς
603 1803 756 1839 κατάληψιν
768 1804 864 1840 ἐληλυ-

72 1847 152 1873 θὲναι
166 1846 361 1882 κατείληπται.
385 1847 417 1874 Ὀ
428 1847 456 1874 δὲ
479 1848 549 1874 κατά
567 1849 699 1885 Πύρρωνα
714 1850 866 1884 φιλοσοφῶν

71 1894 147 1920 cci-rs
166 1892 235 1920 ἀλλα
252 1893 405 1928 εὐδαιμονεί
424 1894 472 1920 καὶ
492 1894 574 1928 σοφός
589 1895 647 1921 ἐστι
675 1895 724 1922 τοῦ
746 1896 865 1930 μάλιστα

72 1940 176 1966 εἰδέναι
187 1939 230 1966 ὅτι
262 1939 340 1966 οὐδὲν
351 1940 424 1974 αὺτῷ
439 1940 556 1975 βεϐαίως
579 1941 759 1976 κατείληπται
775 1949 783 1956 ο
798 1941 818 1969 ἃ.
837 1942 865 1968 δὲ

72 1988 122 2014 καὶ
138 1986 236 2021 εἰδείη,
266 1987 345 2013 οὐδὲν
367 1987 466 2022 μᾶλλον
491 1988 581 2015 αὐτῶν
605 1990 639 2024 τῇ
669 1988 824 2024 καταφάσει
847 1989 864 2024 ἢ

72 2033 387 2068 τῇάποφάσειγενναίός
399 2034 456 2060 ἐστι
471 2034 726 2068 συγκατατίθεσθαι.
753 2035 785 2061 Ἦ
815 2034 865 2069 μὲν

71 2080 121 2114 ὅλη
140 2079 165 2095 ’⁹
179 2079 229 2105 τοῦ
257 2078 360 2114 βιϐλίου
383 2079 508 2116 διάληψις
536 2080 550 2106 ὂ
580 2080 715 2115 βούλεται,
737 2081 864 2116 εἴρηται·

74 2126 178 2160 γράφει
190 2125 220 2151 δὲ
232 2126 296 2156 τοὺς
309 2125 405 2159 λόγους
429 2126 610 2162 Αίνησίδημος
626 2127 795 2162 προσφωνῶν
816 2128 867 2154 αὑ-

73 2173 137 2204 τοὺς
149 2172 208 2199 τῶν
227 2172 258 2204 ἐξ
271 2172 438 2208 Ἀκαδημίας
460 2172 514 2200 τινὶ
533 2173 732 2210 συναιρεσιώτῃ
757 2174 864 2210 Λευκίῳ

918 937 974 970 illa,
989 944 1049 972 qua
1063 935 1139 970 juxta
1153 937 1224 964 dorsi
1243 937 1349 971 spinam
1366 937 1429 970 sila,
1454 937 1616 972 principium
1634 942 1705 965 arte-

917 982 1018 1010 riarum
1036 986 1078 1009 est
1095 991 1102 1009 :
1117 987 1210 1010 etnon
1233 987 1285 1010 est.
1315 982 1361 1010 47.
1378 981 1433 1010 Cor
1455 990 1515 1010 esse
1541 982 1703 1010 arteriarum

916 1027 1078 1062 principium
1091 1036 1099 1055 :
1112 1032 1141 1055 et
1154 1035 1207 1056 non
1222 1035 1293 1055 esse.
1330 1028 1375 1056 48.
1391 1027 1482 1063 Neque
1492 1035 1539 1056 cor
1557 1035 1702 1056 nervorum

915 1073 1078 1108 principium
1104 1077 1163 1107 est;
1189 1073 1237 1101 sed
1264 1073 1405 1101 cerebrum
1421 1073 1544 1101 ambiens
1556 1073 1700 1108 pellicula:

914 1124 942 1147 et
955 1127 1008 1146 non
1024 1123 1076 1147 est.
1104 1119 1149 1147 49.
1163 1119 1192 1146 ln
1207 1119 1289 1146 corde
1301 1127 1353 1146 non
1366 1126 1428 1147 esse
1450 1118 1618 1154 intelligendi
1633 1119 1700 1151 vim.

915 1167 962 1193 sed
976 1166 1004 1193 in
1022 1165 1131 1201 capite:
1146 1170 1175 1193 et
1197 1170 1304 1193 contra.
1335 1165 1379 1193 50.
1408 1165 1578 1200 lntelligendi
1601 1165 1654 1193 vim
1675 1166 1701 1192 iu

915 1211 1005 1239 medio
1019 1218 1080 1239 esse
1096 1211 1204 1238 cerebri
1220 1210 1371 1238 ventriculo
1388 1219 1395 1237 :
1413 1215 1441 1237 et
1458 1218 1512 1238 non
1532 1217 1602 1238 esse.
1640 1209 1703 1238 Haec

916 1258 997 1293 igitur
1008 1265 1076 1293 opus
1092 1257 1158 1285 illud
1173 1256 1183 1293 [
1199 1256 1307 1285 elliccre
1321 1255 1332 1292 ]
1347 1256 1496 1284 contendit.

1260 1346 1365 1375 CCXII.

1043 1395 1208 1422 (Enetidemi
1223 1393 1260 1421 De
1277 1393 1432 1429 Pyrrhout't's
1451 1391 1512 1420 libri
1524 1399 1583 1420 VIII.

951 1439 1013 1475 Legi
1029 1438 1196 1466 Enesldemi
1211 1438 1419 1473 Pyrrhoniorum
1434 1437 1519 1465 libros
1530 1440 1602 1464 octo.
1615 1436 1703 1472 Cujus

917 1486 1025 1520 quidem
1052 1485 1144 1519 operis
1161 1491 1257 1518 scopus
1269 1489 1309 1512 est
1324 1484 1374 1510 hoc
1383 1490 1464 1510 unum
1479 1483 1612 1517 probare:
1629 1482 1702 1510 Nihil

916 1537 990 1561 certo
1005 1531 1195 1566 comprehendi
1217 1535 1263 1558 aut
1286 1537 1366 1557 sensu
1391 1534 1437 1557 aut
1454 1531 1510 1563 ipsa
1527 1529 1608 1556 etiam
1622 1528 1701 1556 intel-

917 1578 1026 1613 ligentia
1051 1584 1140 1612 posse.
1171 1576 1261 1609 Quare
1290 1582 1379 1609 neque
1403 1574 1582 1610 Pyrrhonios,
1613 1581 1700 1609 neque

916 1627 1039 1655 caeteros,
1062 1629 1121 1656 qua:
1134 1621 1160 1648 in
1176 1621 1257 1648 rebus
1276 1619 1342 1654 ipsis
1355 1620 1447 1652 lateat,
1463 1619 1606 1646 veritatem
1619 1619 1700 1647 scire.

916 1667 1092 1704 Reliquorum
1115 1674 1179 1702 ergo
1205 1670 1342 1694 sectarum
1370 1665 1546 1701 philosophos
1568 1672 1630 1692 cum
1648 1664 1700 1691 alia

916 1714 1041 1749 ignorare
1053 1713 1149 1746 multa,
1172 1717 1228 1740 tum
1243 1713 1314 1747 quod
1328 1712 1428 1740 frustra
1443 1719 1504 1739 sese
1515 1710 1631 1738 assiduis
1644 1718 1701 1738 mo-

916 1760 1001 1787 lestiis
1015 1764 1155 1794 torqueant
1168 1764 1250 1793 atque
1266 1759 1420 1791 absumant,
1443 1758 1509 1794 quin
1531 1763 1558 1785 et
1579 1757 1630 1785 hoc
1661 1757 1702 1792 ip.

915 1813 975 1832 sum
990 1805 1128 1840 ignorare,
1149 1805 1221 1839 quod
1235 1803 1304 1831 nihil
1317 1811 1413 1832 eorum
1431 1801 1700 1838 comprehenderint.

916 1858 975 1886 qua:
1004 1850 1059 1883 jam
1088 1850 1232 1884 opinentur
1258 1857 1288 1877 se
1320 1849 1568 1883 comprehendisse.
1602 1848 1701 1883 Atqui

915 1904 947 1924 ex
956 1896 1013 1932 (l2)
1022 1895 1171 1931 Pyrrhonis
1184 1895 1308 1922 instituto
1325 1894 1399 1931 [ait]
1417 1894 1701 1931 philosophatur(13).

916 1946 1015 1969 cmtera
1030 1940 1106 1973 felix,
1128 1941 1155 1967 in
1169 1947 1202 1968 eo
1215 1947 1322 1975 quoque
1332 1940 1412 1974 sapit,
1426 1939 1498 1974 quod
1514 1938 1555 1966 vel
1570 1939 1596 1966 in
1609 1939 1702 1974 primis

916 1986 1062 2022 intelligat,
1091 1986 1159 2014 nihil
1188 1994 1203 2013 a
1226 1993 1256 2013 se
1280 1990 1356 2013 certo
1382 1985 1607 2020 comprehensum
1629 1991 1700 2011 esse.

916 2033 972 2060 lmo
986 2037 1014 2059 et
1029 2033 1080 2060 hoc
1090 2032 1209 2060 studiose
1217 2037 1290 2067 agat,
1305 2039 1339 2058 ne
1354 2032 1397 2059 cui
1412 2038 1517 2063 eorum,
1536 2035 1701 2065 quaecogno-

916 2079 961 2112 rit,
976 2078 1136 2106 aﬂirmando
1146 2078 1248 2113 potius,
1272 2085 1352 2113 quam
1376 2076 1500 2111 negando
1522 2075 1700 2104 assentiatur.

916 2126 1001 2154 Porro
1018 2129 1072 2153 tota
1088 2125 1168 2160 hujus
1184 2125 1275 2158 operis
1292 2122 1487 2151 commentatio
1498 2122 1561 2157 quid
1576 2120 1700 2156 proposi-

918 2178 974 2200 tum
988 2172 1098 2205 habeat,
1125 2172 1180 2205 iam
1196 2172 1308 2199 dictum.
1338 2169 1435 2197 Libros
1448 2170 1521 2203 ipsos
1538 2166 1701 2196 Academico

73 2219 215 2253 Τοϐέρωνι
237 2218 272 2250 '°,
284 2218 362 2252 γένος
391 2219 440 2254 μὲν
458 2218 598 2254 Ῥωμαίῳ,
613 2218 675 2255 δόξῃ
690 2219 719 2246 δὲ
745 2219 864 2256 λαμπρῷ

919 2218 1023 2245 cuidam
1036 2216 1121 2245 sodali
1132 2216 1214 2244 Lucio
1230 2215 1367 2244 Tuberoni
1383 2215 1440 2250 (14)
1457 2213 1606 2248 inscripsit,
1620 2212 1702 2240 domo

73 2266 107 2290 ἐκ
127 2264 153 2280 ’ί
180 2264 321 2299 προγόνων
351 2265 398 2290 καὶ
416 2264 480 2300 [280
498 2264 546 2300 Η.)
562 2264 705 2296 πολιτικὰς
732 2265 819 2301 ἀρχὰς
831 2267 862 2293 οὐ

73 2311 122 2341 τὰς
134 2309 275 2344 τυχούσας
288 2310 417 2345 μετιόντι.

114 2356 162 2382 Ἐν
184 2356 235 2391 μὲν
248 2356 272 2372 ³⁸
283 2356 329 2383 οὖν
343 2356 381 2391 τῷ
404 2356 506 2392 πρώτῳ
528 2356 600 2392 λόγῳ
614 2354 749 2392 διαφορὰν
759 2359 813 2384 τῶν
835 2367 865 2385 τε

75 2402 244 2438 Πυρρωνίων
257 2403 304 2429 καὶ
315 2403 370 2429 τῶν
395 2402 605 2439 Ἀκαδημαϊκῶν
618 2404 738 2437 εἰσάγων
763 2404 863 2439 μικροὖ

74 2448 189 2484 γλώσσῃ
205 2448 273 2483 αὐτῇ
284 2449 372 2475 ταῦτά
388 2457 480 2485 φησιν,
491 2449 529 2481 ὠς
544 2449 568 2475 οἱ
585 2449 634 2484 μὲν
648 2449 702 2476 ἀπὸ
712 2449 769 2484 ,τῆς
785 2449 865 2476 Ἀκα-

74 2494 177 2529 δημίας
193 2494 354 2530 δογματικοί
371 2495 401 2522 τέ
417 2496 471 2522 εἱσι
487 2496 534 2523 καὶ
547 2495 581 2523 τά
595 2496 645 2531 μὲν
660 2496 780 2524 τίθενται
803 2496 862 2524 ἀδι-

917 2263 1015 2295 Ruina,
1025 2268 1052 2290 et
1063 2261 1144 2290 claris
1159 2261 1195 2289 ihi
1211 2261 1346 2289 natalibus
1362 2264 1434 2292 orto,
1446 2259 1547 2295 quique
1559 2259 1702 2293 magistra-

918 2315 959 2337 tus
978 2308 1094 2344 gesserit
1106 2307 1200 2335 civiles
1217 2314 1272 2334 non
1283 2307 1421 2342 vulgares.

952 2354 1044 2382 Primo
1065 2353 1236 2388 igiturlibro,
1252 2352 1464 2387 Pyrrhoniorum
1487 2357 1515 2381 et
1528 2352 1702 2381 Academico-

915 2409 974 2429 rum
989 2400 1045 2436 (l5)
1064 2399 1208 2427 discrimen
1239 2397 1372 2430 referens,
1400 2402 1505 2424 tantum
1528 2404 1581 2424 non
1601 2397 1700 2424 emissa

913 2454 982 2474 voce
1008 2447 1057 2474 ista
1072 2440 1161 2473 dicit':
1176 2443 1354 2472 Academicos
1377 2443 1501 2478 dogmata
1523 2442 1699 2475 constituere,

914 2498 942 2521 et
959 2493 1011 2521 alia
1030 2498 1104 2521 certa
1120 2497 1201 2526 atque
1217 2490 1366 2518 indubitata
1386 2497 1499 2525 ponere,
1523 2490 1575 2517 alia
1592 2496 1704 2518 rursum

710 2564 827 2592 VARle
847 2563 1051 2592 LECTIONES.

110 2632 133 2648 ⁷⁸
143 2631 189 2658 διὰ
199 2631 295 2668 οω.ᾼγ.
306 2632 356 2668 7"”
364 2632 462 2668 μῆνίγξ
475 2633 532 2659 ἐστι
548 2632 595 2659 καί
609 2641 638 2664 ς.
678 2633 701 2651 ⁷³
716 2633 793 2668 ῥάχιν
804 2634 825 2660 Α
839 2641 846 2660 :
863 2633 950 2668 ἀρχήν
963 2641 993 2665 ς.

76 2667 123 2694 οὖν
135 2667 186 2703 ὅλη
198 2675 230 2699 ς.
267 2666 291 2683 ⁸⁸
304 2666 441 2703 Τοϐέρωνι
456 2668 556 2703 (littera
576 2676 590 2695 ο
606 2677 621 2694 a
641 2666 793 2695 correctore
807 2666 944 2703 pusitéjl
961 2677 968 2695 :
981 2666 1093 2702 Νέρωνι
1102 2675 1133 2699 ς.

1031 2631 1054 2647 "
1069 2630 1206 2667 ἀρτηριῶν
1219 2631 1289 2667 ἀρχή
1302 2640 1332 2664 ς.
1369 2630 1392 2647 ⁷⁸
1399 2630 1464 2667 οὐχ(
1472 2630 1534 2666 οὺχί
1548 2641 1590 2667 gs
1616 2629 1700 2666 τ”μὲν

1171 2666 1193 2682 ⁸⁸
1209 2666 1242 2693 ὲκ
1256 2666 1312 2694 om.
1331 2668 1364 2694 A.
1402 2666 1427 2682 ⁸³
1438 2666 1488 2701 μὲν
1505 2674 1561 2694 om.
1577 2666 1618 2693 A.

832 2737 950 2766 NOTAE.

109 2795 166 2829 (l2)
186 2795 271 2831 glibi,
287 2795 376 2831 minus
387 2800 469 2827 recte,
483 2795 653 2823 Onesidemus
669 2797 776 2831 legitur.

109 2831 167 2866 (1.5)
187 2829 254 2865 Ejus
269 2830 351 2866 vitam
367 2837 397 2857 ac
412 2831 508 2866 placita
521 2832 660 2864 descripsit
677 2829 741 2866 Diog
763 2831 864 2864 Laert.,

76 2867 123 2902 qui
139 2865 301 2901 frequenter
313 2865 391 2900 huius
406 2865 574 2894 Aine-sitienti
590 2867 723 2894 meminit.

953 2794 1010 2829 (M)
1027 2795 1064 2821 al.
1080 2792 1191 2829 Neroni.

953 2825 1010 2865 (15)
1029 2830 1063 2865 53.
1075 2828 1145 2856 Gell.
1159 2828 1207 2865 lib.
1217 2836 1253 2861 xi,
1269 2836 1328 2864 cup.
1342 2829 1369 2861 5,
1384 2828 1489 2864 legend.
1502 2831 1534 2855 et
1544 2826 1620 2855 Sexti
1631 2825 1704 2863 Pyr-

919 2862 1007 2893 rhonii
1024 2863 1158 2899 Hypotyp.
1175 2862 1222 2892 lib.
1241 2872 1261 2897 ι,
1280 2862 1338 2898 cap.
1358 2864 1403 2892 35.
