  <div class='ocr_page' id='page_1' title='image "/cluster/home/n/w/nwhite01/storage/ocr_20150623/103/njp.32101010943882/461.png"; bbox 0 0 1916 3092; ppageno 0'>
   <div class='ocr_carea' id='block_1_1' title="bbox 221 135 275 168">
    <p class='ocr_par' dir='ltr' id='par_1_1' title="bbox 221 135 275 168">
     <span class='ocr_line' id='line_1_1' title="bbox 221 135 275 168; baseline 0.037 -2"><span class='ocrx_word' id='word_1_1' title='bbox 221 135 275 168; x_wconf 75' lang='grc'><strong>695</strong></span> 
     </span>
    </p>
   </div>
   <div class='ocr_carea' id='block_1_2' title="bbox 782 131 1255 163">
    <p class='ocr_par' dir='ltr' id='par_1_2' title="bbox 782 131 1255 163">
     <span class='ocr_line' id='line_1_2' title="bbox 782 131 1255 163; baseline 0.002 -1"><span class='ocrx_word' id='word_1_2' title='bbox 782 132 913 163; x_wconf 77' lang='grc' dir='ltr'><strong>ΡΗΟΤΙΙ</strong></span> <span class='ocrx_word' id='word_1_3' title='bbox 932 131 1182 162; x_wconf 62' lang='lat' dir='ltr'><strong>PATRIARCHIE</strong></span> <span class='ocrx_word' id='word_1_4' title='bbox 1200 132 1255 163; x_wconf 72' lang='grc' dir='ltr'><strong>(τι).</strong></span> 
     </span>
    </p>
   </div>
   <div class='ocr_carea' id='block_1_3' title="bbox 1785 131 1841 163">
    <p class='ocr_par' dir='ltr' id='par_1_3' title="bbox 1785 131 1841 163">
     <span class='ocr_line' id='line_1_3' title="bbox 1785 131 1841 163; baseline 0.071 -4"><span class='ocrx_word' id='word_1_5' title='bbox 1785 131 1841 163; x_wconf 74' lang='grc'><strong>696</strong></span> 
     </span>
    </p>
   </div>
   <div class='ocr_carea' id='block_1_4' title="bbox 221 189 1006 226">
    <p class='ocr_par' dir='ltr' id='par_1_4' title="bbox 221 189 1001 225">
     <span class='ocr_line' id='line_1_4' title="bbox 221 189 1001 225; baseline -0.003 -7"><span class='ocrx_word' id='word_1_6' title='bbox 221 194 281 222; x_wconf 64' lang='lat' dir='ltr'><strong>sine</strong></span> <span class='ocrx_word' id='word_1_7' title='bbox 311 191 364 219; x_wconf 87' lang='lat' dir='ltr'><strong>ulla</strong></span> <span class='ocrx_word' id='word_1_8' title='bbox 395 190 563 218; x_wconf 84' lang='lat' dir='ltr'><strong>dubitatione</strong></span> <span class='ocrx_word' id='word_1_9' title='bbox 591 190 686 217; x_wconf 88' lang='lat' dir='ltr'><strong>tollere</strong></span> <span class='ocrx_word' id='word_1_10' title='bbox 702 199 708 217; x_wconf 93' lang='lat'>:</span> <span class='ocrx_word' id='word_1_11' title='bbox 723 189 888 225; x_wconf 84' lang='lat' dir='ltr'><strong>Pyrrhonios</strong></span> <span class='ocrx_word' id='word_1_12' title='bbox 912 195 1001 216; x_wconf 86' lang='lat' dir='ltr'><strong>autem</strong></span> 
     </span>
    </p>
   </div>
   <div class='ocr_carea' id='block_1_5' title="bbox 1057 189 1840 226">
    <p class='ocr_par' dir='ltr' id='par_1_5' title="bbox 1057 190 1840 226">
     <span class='ocr_line' id='line_1_5' title="bbox 1057 190 1840 226; baseline -0.001 -9"><span class='ocrx_word' id='word_1_13' title='bbox 1057 190 1185 223; x_wconf 71' lang='grc' dir='ltr'>στάκτως,</span> <span class='ocrx_word' id='word_1_14' title='bbox 1200 191 1234 218; x_wconf 83' lang='grc' dir='ltr'>τὰ</span> <span class='ocrx_word' id='word_1_15' title='bbox 1247 191 1275 219; x_wconf 77' lang='grc' dir='ltr'>δὲ</span> <span class='ocrx_word' id='word_1_16' title='bbox 1291 191 1413 226; x_wconf 73' lang='grc' dir='ltr'>αἴρουσιν</span> <span class='ocrx_word' id='word_1_17' title='bbox 1427 190 1634 226; x_wconf 76' lang='grc' dir='ltr'>ἀναμφιϐόλως,</span> <span class='ocrx_word' id='word_1_18' title='bbox 1652 191 1676 217; x_wconf 80' lang='grc' dir='ltr'>οἱ</span> <span class='ocrx_word' id='word_1_19' title='bbox 1700 190 1722 216; x_wconf 80' lang='grc' dir='ltr'>δ’</span> <span class='ocrx_word' id='word_1_20' title='bbox 1738 190 1793 217; x_wconf 69' lang='grc' dir='ltr'>ἀπὸ</span> <span class='ocrx_word' id='word_1_21' title='bbox 1815 191 1840 207; x_wconf 73' lang='grc'><strong>⁸³</strong></span> 
     </span>
    </p>
   </div>
   <div class='ocr_carea' id='block_1_6' title="bbox 223 237 1005 272">
    <p class='ocr_par' dir='ltr' id='par_1_6' title="bbox 223 237 1005 272">
     <span class='ocr_line' id='line_1_6' title="bbox 223 237 1005 272; baseline -0.004 -5"><span class='ocrx_word' id='word_1_22' title='bbox 223 240 319 267; x_wconf 82' lang='lat' dir='ltr'><strong>dubios</strong></span> <span class='ocrx_word' id='word_1_23' title='bbox 338 239 452 270; x_wconf 72' lang='lat' dir='ltr'><strong>haerere,</strong></span> <span class='ocrx_word' id='word_1_24' title='bbox 481 242 509 264; x_wconf 86' lang='lat' dir='ltr'><strong>et</strong></span> <span class='ocrx_word' id='word_1_25' title='bbox 520 239 554 265; x_wconf 88' lang='lat' dir='ltr'><strong>ab</strong></span> <span class='ocrx_word' id='word_1_26' title='bbox 579 238 652 264; x_wconf 87' lang='lat' dir='ltr'><strong>omni</strong></span> <span class='ocrx_word' id='word_1_27' title='bbox 669 238 794 272; x_wconf 84' lang='lat' dir='ltr'><strong>dogmate</strong></span> <span class='ocrx_word' id='word_1_28' title='bbox 810 237 909 265; x_wconf 83' lang='lat' dir='ltr'><strong>liberos</strong></span> <span class='ocrx_word' id='word_1_29' title='bbox 923 243 1005 272; x_wconf 84' lang='lat' dir='ltr'><strong>atque</strong></span> 
     </span>
    </p>
   </div>
   <div class='ocr_carea' id='block_1_7' title="bbox 223 284 1006 317">
    <p class='ocr_par' dir='ltr' id='par_1_7' title="bbox 223 284 1006 317">
     <span class='ocr_line' id='line_1_7' title="bbox 223 284 1006 317; baseline -0.004 -5"><span class='ocrx_word' id='word_1_30' title='bbox 223 285 326 313; x_wconf 77' lang='lat' dir='ltr'><strong>solutos</strong></span> <span class='ocrx_word' id='word_1_31' title='bbox 346 291 425 316; x_wconf 83' lang='lat' dir='ltr'><strong>esse;</strong></span> <span class='ocrx_word' id='word_1_32' title='bbox 451 288 480 310; x_wconf 93' lang='lat' dir='ltr'><strong>ut</strong></span> <span class='ocrx_word' id='word_1_33' title='bbox 504 291 597 311; x_wconf 78' lang='lat' dir='ltr'><strong>eorum</strong></span> <span class='ocrx_word' id='word_1_34' title='bbox 621 285 701 311; x_wconf 87' lang='lat' dir='ltr'><strong>etiam</strong></span> <span class='ocrx_word' id='word_1_35' title='bbox 717 291 795 311; x_wconf 88' lang='lat' dir='ltr'><strong>nemo</strong></span> <span class='ocrx_word' id='word_1_36' title='bbox 810 284 931 317; x_wconf 88' lang='lat' dir='ltr'><strong>omnino,</strong></span> <span class='ocrx_word' id='word_1_37' title='bbox 958 288 1006 310; x_wconf 85' lang='lat' dir='ltr'><strong>aut</strong></span> 
     </span>
    </p>
   </div>
   <div class='ocr_carea' id='block_1_8' title="bbox 224 330 1005 366">
    <p class='ocr_par' dir='ltr' id='par_1_8' title="bbox 224 330 1005 366">
     <span class='ocr_line' id='line_1_8' title="bbox 224 330 1005 366; baseline -0.004 -8"><span class='ocrx_word' id='word_1_38' title='bbox 224 330 414 366; x_wconf 83' lang='lat' dir='ltr'><strong>comprehendi</strong></span> <span class='ocrx_word' id='word_1_39' title='bbox 440 330 529 356; x_wconf 82' lang='lat' dir='ltr'><strong>omnia</strong></span> <span class='ocrx_word' id='word_1_40' title='bbox 558 337 636 363; x_wconf 83' lang='lat' dir='ltr'><strong>posse</strong></span> <span class='ocrx_word' id='word_1_41' title='bbox 665 330 761 364; x_wconf 76' lang='lat' dir='ltr'><strong>170a</strong></span> <span class='ocrx_word' id='word_1_42' title='bbox 785 334 831 356; x_wconf 90' lang='lat' dir='ltr'><strong>aut</strong></span> <span class='ocrx_word' id='word_1_43' title='bbox 854 336 905 356; x_wconf 90' lang='lat' dir='ltr'><strong>non</strong></span> <span class='ocrx_word' id='word_1_44' title='bbox 926 336 1005 363; x_wconf 85' lang='lat' dir='ltr'><strong>posse</strong></span> 
     </span>
    </p>
   </div>
   <div class='ocr_carea' id='block_1_9' title="bbox 224 374 1005 410">
    <p class='ocr_par' dir='ltr' id='par_1_9' title="bbox 224 374 1005 410">
     <span class='ocr_line' id='line_1_9' title="bbox 224 374 1005 410; baseline -0.006 -5"><span class='ocrx_word' id='word_1_45' title='bbox 224 378 338 410; x_wconf 74' lang='lat' dir='ltr'><strong>dixerit;</strong></span> <span class='ocrx_word' id='word_1_46' title='bbox 354 376 400 405; x_wconf 83' lang='lat' dir='ltr'><strong>sed</strong></span> <span class='ocrx_word' id='word_1_47' title='bbox 415 376 498 404; x_wconf 89' lang='lat' dir='ltr'><strong>nihilo</strong></span> <span class='ocrx_word' id='word_1_48' title='bbox 513 377 599 410; x_wconf 80' lang='lat' dir='ltr'><strong>magis</strong></span> <span class='ocrx_word' id='word_1_49' title='bbox 615 375 689 408; x_wconf 85' lang='lat' dir='ltr'><strong>talia,</strong></span> <span class='ocrx_word' id='word_1_50' title='bbox 703 382 782 408; x_wconf 57' lang='lat' dir='ltr'><strong>quam</strong></span> <span class='ocrx_word' id='word_1_51' title='bbox 798 374 860 401; x_wconf 86' lang='lat' dir='ltr'><strong>talia</strong></span> <span class='ocrx_word' id='word_1_52' title='bbox 876 381 945 406; x_wconf 84' lang='lat' dir='ltr'><strong>esse,</strong></span> <span class='ocrx_word' id='word_1_53' title='bbox 960 378 1005 400; x_wconf 82' lang='lat' dir='ltr'><strong>aut</strong></span> 
     </span>
    </p>
   </div>
   <div class='ocr_carea' id='block_1_10' title="bbox 224 420 1003 455">
    <p class='ocr_par' dir='ltr' id='par_1_10' title="bbox 224 420 1003 455">
     <span class='ocr_line' id='line_1_10' title="bbox 224 420 1003 455; baseline -0.005 -6"><span class='ocrx_word' id='word_1_54' title='bbox 224 429 286 450; x_wconf 89' lang='lat' dir='ltr'><strong>tunc</strong></span> <span class='ocrx_word' id='word_1_55' title='bbox 298 423 403 455; x_wconf 79' lang='lat' dir='ltr'><strong>quidem</strong></span> <span class='ocrx_word' id='word_1_56' title='bbox 417 422 489 453; x_wconf 84' lang='lat' dir='ltr'><strong>talia,</strong></span> <span class='ocrx_word' id='word_1_57' title='bbox 507 422 574 448; x_wconf 86' lang='lat' dir='ltr'><strong>alias</strong></span> <span class='ocrx_word' id='word_1_58' title='bbox 592 429 655 448; x_wconf 79' lang='lat' dir='ltr'><strong>vero</strong></span> <span class='ocrx_word' id='word_1_59' title='bbox 671 429 722 448; x_wconf 93' lang='lat' dir='ltr'><strong>non</strong></span> <span class='ocrx_word' id='word_1_60' title='bbox 739 420 811 453; x_wconf 87' lang='lat' dir='ltr'><strong>talia,</strong></span> <span class='ocrx_word' id='word_1_61' title='bbox 826 420 866 446; x_wconf 85' lang='lat' dir='ltr'><strong>vel</strong></span> <span class='ocrx_word' id='word_1_62' title='bbox 883 420 926 446; x_wconf 90' lang='lat' dir='ltr'><strong>uni</strong></span> <span class='ocrx_word' id='word_1_63' title='bbox 942 420 1003 453; x_wconf 88' lang='lat' dir='ltr'><strong>qui-</strong></span> 
     </span>
    </p>
   </div>
   <div class='ocr_carea' id='block_1_11' title="bbox 223 466 1005 500">
    <p class='ocr_par' dir='ltr' id='par_1_11' title="bbox 223 466 1005 500">
     <span class='ocr_line' id='line_1_11' title="bbox 223 466 1005 500; baseline -0.005 -5"><span class='ocrx_word' id='word_1_64' title='bbox 223 469 281 495; x_wconf 89' lang='lat' dir='ltr'><strong>dem</strong></span> <span class='ocrx_word' id='word_1_65' title='bbox 312 467 474 500; x_wconf 77' lang='lat' dir='ltr'><strong>huiusmodi,</strong></span> <span class='ocrx_word' id='word_1_66' title='bbox 502 467 545 494; x_wconf 80' lang='lat' dir='ltr'><strong>alii</strong></span> <span class='ocrx_word' id='word_1_67' title='bbox 567 474 629 493; x_wconf 86' lang='lat' dir='ltr'><strong>vero</strong></span> <span class='ocrx_word' id='word_1_68' title='bbox 654 474 706 493; x_wconf 92' lang='lat' dir='ltr'><strong>non</strong></span> <span class='ocrx_word' id='word_1_69' title='bbox 735 466 898 499; x_wconf 86' lang='lat' dir='ltr'><strong>hujusmodi.</strong></span> <span class='ocrx_word' id='word_1_70' title='bbox 924 466 1005 492; x_wconf 83' lang='lat' dir='ltr'><strong>tertio</strong></span> 
     </span>
    </p>
   </div>
   <div class='ocr_carea' id='block_1_12' title="bbox 222 510 1004 547">
    <p class='ocr_par' dir='ltr' id='par_1_12' title="bbox 222 510 1004 547">
     <span class='ocr_line' id='line_1_12' title="bbox 222 510 1004 547; baseline -0.005 -6"><span class='ocrx_word' id='word_1_71' title='bbox 222 513 304 542; x_wconf 80' lang='lat' dir='ltr'><strong>etiam</strong></span> <span class='ocrx_word' id='word_1_72' title='bbox 322 512 404 547; x_wconf 80' lang='lat' dir='ltr'><strong>plane</strong></span> <span class='ocrx_word' id='word_1_73' title='bbox 428 520 480 539; x_wconf 91' lang='lat' dir='ltr'><strong>non</strong></span> <span class='ocrx_word' id='word_1_74' title='bbox 499 519 568 538; x_wconf 79' lang='lat' dir='ltr'><strong>esse.</strong></span> <span class='ocrx_word' id='word_1_75' title='bbox 597 510 689 545; x_wconf 80' lang='lat' dir='ltr'><strong>Neque</strong></span> <span class='ocrx_word' id='word_1_76' title='bbox 709 519 816 538; x_wconf 85' lang='lat' dir='ltr'><strong>rursum</strong></span> <span class='ocrx_word' id='word_1_77' title='bbox 839 510 928 537; x_wconf 91' lang='lat' dir='ltr'><strong>omnia</strong></span> <span class='ocrx_word' id='word_1_78' title='bbox 944 517 1004 537; x_wconf 73' lang='lat' dir='ltr'><strong>esse</strong></span> 
     </span>
    </p>
   </div>
   <div class='ocr_carea' id='block_1_13' title="bbox 222 557 1004 592">
    <p class='ocr_par' dir='ltr' id='par_1_13' title="bbox 222 557 1004 592">
     <span class='ocr_line' id='line_1_13' title="bbox 222 557 1004 592; baseline -0.006 -5"><span class='ocrx_word' id='word_1_79' title='bbox 222 559 402 588; x_wconf 76' lang='lat' dir='ltr'><strong>communiter</strong></span> <span class='ocrx_word' id='word_1_80' title='bbox 415 557 558 591; x_wconf 84' lang='lat' dir='ltr'><strong>ejusmodi,</strong></span> <span class='ocrx_word' id='word_1_81' title='bbox 574 557 717 591; x_wconf 82' lang='lat' dir='ltr'><strong>utassequi</strong></span> <span class='ocrx_word' id='word_1_82' title='bbox 735 557 778 583; x_wconf 88' lang='lat' dir='ltr'><strong>illa</strong></span> <span class='ocrx_word' id='word_1_83' title='bbox 794 557 928 592; x_wconf 70' lang='lat' dir='ltr'><strong>quispiam</strong></span> <span class='ocrx_word' id='word_1_84' title='bbox 943 563 1004 590; x_wconf 77' lang='lat' dir='ltr'><strong>pos-</strong></span> 
     </span>
    </p>
   </div>
   <div class='ocr_carea' id='block_1_14' title="bbox 222 601 1003 638">
    <p class='ocr_par' dir='ltr' id='par_1_14' title="bbox 222 601 1003 638">
     <span class='ocr_line' id='line_1_14' title="bbox 222 601 1003 638; baseline -0.006 -6"><span class='ocrx_word' id='word_1_85' title='bbox 222 605 268 636; x_wconf 73' lang='lat' dir='ltr'><strong>sit,</strong></span> <span class='ocrx_word' id='word_1_86' title='bbox 293 604 335 631; x_wconf 85' lang='lat' dir='ltr'><strong>vel</strong></span> <span class='ocrx_word' id='word_1_87' title='bbox 351 604 472 638; x_wconf 69' lang='lat' dir='ltr'><strong>quaedam</strong></span> <span class='ocrx_word' id='word_1_88' title='bbox 486 602 581 631; x_wconf 84' lang='lat' dir='ltr'><strong>saltem</strong></span> <span class='ocrx_word' id='word_1_89' title='bbox 597 602 691 630; x_wconf 89' lang='lat' dir='ltr'><strong>horum</strong></span> <span class='ocrx_word' id='word_1_90' title='bbox 711 602 818 637; x_wconf 80' lang='lat' dir='ltr'><strong>assequi</strong></span> <span class='ocrx_word' id='word_1_91' title='bbox 839 610 892 629; x_wconf 89' lang='lat' dir='ltr'><strong>non</strong></span> <span class='ocrx_word' id='word_1_92' title='bbox 909 601 1003 635; x_wconf 79' lang='lat' dir='ltr'><strong>possit,</strong></span> 
     </span>
    </p>
   </div>
   <div class='ocr_carea' id='block_1_15' title="bbox 222 648 1002 684">
    <p class='ocr_par' dir='ltr' id='par_1_15' title="bbox 222 648 1002 684">
     <span class='ocr_line' id='line_1_15' title="bbox 222 648 1002 684; baseline -0.005 -7"><span class='ocrx_word' id='word_1_93' title='bbox 222 650 269 677; x_wconf 72' lang='lat' dir='ltr'><strong>sed</strong></span> <span class='ocrx_word' id='word_1_94' title='bbox 285 657 338 677; x_wconf 90' lang='lat' dir='ltr'><strong>non</strong></span> <span class='ocrx_word' id='word_1_95' title='bbox 357 649 443 684; x_wconf 81' lang='lat' dir='ltr'><strong>magis</strong></span> <span class='ocrx_word' id='word_1_96' title='bbox 461 649 517 676; x_wconf 82' lang='lat' dir='ltr'><strong>ﬁeri</strong></span> <span class='ocrx_word' id='word_1_97' title='bbox 535 656 622 683; x_wconf 86' lang='lat' dir='ltr'><strong>posse,</strong></span> <span class='ocrx_word' id='word_1_98' title='bbox 641 652 669 674; x_wconf 93' lang='lat' dir='ltr'><strong>ut</strong></span> <span class='ocrx_word' id='word_1_99' title='bbox 695 648 757 683; x_wconf 83' lang='lat' dir='ltr'><strong>quis</strong></span> <span class='ocrx_word' id='word_1_100' title='bbox 783 655 814 674; x_wconf 88' lang='lat' dir='ltr'><strong>ea</strong></span> <span class='ocrx_word' id='word_1_101' title='bbox 831 653 1002 681; x_wconf 79' lang='lat' dir='ltr'><strong>assequatur,</strong></span> 
     </span>
    </p>
   </div>
   <div class='ocr_carea' id='block_1_16' title="bbox 221 693 1002 730">
    <p class='ocr_par' dir='ltr' id='par_1_16' title="bbox 221 693 1002 730">
     <span class='ocr_line' id='line_1_16' title="bbox 221 693 1002 730; baseline -0.001 -8"><span class='ocrx_word' id='word_1_102' title='bbox 221 703 304 730; x_wconf 85' lang='lat' dir='ltr'><strong>quam</strong></span> <span class='ocrx_word' id='word_1_103' title='bbox 320 699 348 722; x_wconf 93' lang='lat' dir='ltr'><strong>ut</strong></span> <span class='ocrx_word' id='word_1_104' title='bbox 363 702 416 722; x_wconf 87' lang='lat' dir='ltr'><strong>non</strong></span> <span class='ocrx_word' id='word_1_105' title='bbox 431 699 610 730; x_wconf 83' lang='lat' dir='ltr'><strong>assequatur:</strong></span> <span class='ocrx_word' id='word_1_106' title='bbox 627 694 667 721; x_wconf 78' lang='lat' dir='ltr'><strong>vel</strong></span> <span class='ocrx_word' id='word_1_107' title='bbox 687 702 758 721; x_wconf 89' lang='lat' dir='ltr'><strong>nunc</strong></span> <span class='ocrx_word' id='word_1_108' title='bbox 774 695 882 729; x_wconf 82' lang='lat' dir='ltr'><strong>quidem</strong></span> <span class='ocrx_word' id='word_1_109' title='bbox 896 693 1002 727; x_wconf 75' lang='lat' dir='ltr'><strong>assequi</strong></span> 
     </span>
    </p>
   </div>
   <div class='ocr_carea' id='block_1_17' title="bbox 222 740 1004 776">
    <p class='ocr_par' dir='ltr' id='par_1_17' title="bbox 222 740 1004 776">
     <span class='ocr_line' id='line_1_17' title="bbox 222 740 1004 776; baseline -0.003 -8"><span class='ocrx_word' id='word_1_110' title='bbox 222 742 320 776; x_wconf 79' lang='lat' dir='ltr'><strong>possit,</strong></span> <span class='ocrx_word' id='word_1_111' title='bbox 348 747 412 769; x_wconf 86' lang='lat' dir='ltr'><strong>tunc</strong></span> <span class='ocrx_word' id='word_1_112' title='bbox 425 749 489 769; x_wconf 77' lang='lat' dir='ltr'><strong>vero</strong></span> <span class='ocrx_word' id='word_1_113' title='bbox 502 749 556 769; x_wconf 87' lang='lat' dir='ltr'><strong>non</strong></span> <span class='ocrx_word' id='word_1_114' title='bbox 570 741 643 768; x_wconf 90' lang='lat' dir='ltr'><strong>item.</strong></span> <span class='ocrx_word' id='word_1_115' title='bbox 664 740 720 768; x_wconf 90' lang='lat' dir='ltr'><strong>lmo</strong></span> <span class='ocrx_word' id='word_1_116' title='bbox 735 748 823 775; x_wconf 87' lang='lat' dir='ltr'><strong>neque</strong></span> <span class='ocrx_word' id='word_1_117' title='bbox 833 748 936 772; x_wconf 81' lang='lat' dir='ltr'><strong>verum.</strong></span> <span class='ocrx_word' id='word_1_118' title='bbox 957 748 1004 767; x_wconf 83' lang='lat' dir='ltr'><strong>ne-</strong></span> 
     </span>
    </p>
   </div>
   <div class='ocr_carea' id='block_1_18' title="bbox 223 780 1002 822">
    <p class='ocr_par' dir='ltr' id='par_1_18' title="bbox 223 780 1002 822">
     <span class='ocr_line' id='line_1_18' title="bbox 223 780 1002 822; baseline 0.001 -8"><span class='ocrx_word' id='word_1_119' title='bbox 223 795 275 822; x_wconf 78' lang='lat' dir='ltr'><strong>que</strong></span> <span class='ocrx_word' id='word_1_120' title='bbox 291 787 400 819; x_wconf 81' lang='lat' dir='ltr'><strong>falsum,</strong></span> <span class='ocrx_word' id='word_1_121' title='bbox 416 794 503 821; x_wconf 87' lang='lat' dir='ltr'><strong>neque</strong></span> <span class='ocrx_word' id='word_1_122' title='bbox 515 780 664 821; x_wconf 66' lang='lat' dir='ltr'><strong>probabile,</strong></span> <span class='ocrx_word' id='word_1_123' title='bbox 682 794 770 821; x_wconf 87' lang='lat' dir='ltr'><strong>neque</strong></span> <span class='ocrx_word' id='word_1_124' title='bbox 781 793 841 819; x_wconf 89' lang='lat' dir='ltr'><strong>ens,</strong></span> <span class='ocrx_word' id='word_1_125' title='bbox 853 793 939 820; x_wconf 81' lang='lat' dir='ltr'><strong>neque</strong></span> <span class='ocrx_word' id='word_1_126' title='bbox 950 794 1002 815; x_wconf 83' lang='lat' dir='ltr'><strong>non</strong></span> 
     </span>
    </p>
   </div>
   <div class='ocr_carea' id='block_1_19' title="bbox 222 831 1001 866">
    <p class='ocr_par' dir='ltr' id='par_1_19' title="bbox 222 831 1001 866">
     <span class='ocr_line' id='line_1_19' title="bbox 222 831 1001 866; baseline -0.004 -6"><span class='ocrx_word' id='word_1_127' title='bbox 222 839 283 862; x_wconf 85' lang='lat' dir='ltr'><strong>ens.</strong></span> <span class='ocrx_word' id='word_1_128' title='bbox 306 831 353 860; x_wconf 84' lang='lat' dir='ltr'><strong>sed</strong></span> <span class='ocrx_word' id='word_1_129' title='bbox 375 831 457 864; x_wconf 88' lang='lat' dir='ltr'><strong>idem,</strong></span> <span class='ocrx_word' id='word_1_130' title='bbox 485 831 569 860; x_wconf 82' lang='lat' dir='ltr'><strong>utsic</strong></span> <span class='ocrx_word' id='word_1_131' title='bbox 580 832 698 863; x_wconf 84' lang='lat' dir='ltr'><strong>dicatur,</strong></span> <span class='ocrx_word' id='word_1_132' title='bbox 725 838 778 859; x_wconf 88' lang='lat' dir='ltr'><strong>non</strong></span> <span class='ocrx_word' id='word_1_133' title='bbox 804 831 893 866; x_wconf 88' lang='lat' dir='ltr'><strong>potius</strong></span> <span class='ocrx_word' id='word_1_134' title='bbox 908 838 1001 858; x_wconf 81' lang='lat' dir='ltr'><strong>verum</strong></span> 
     </span>
    </p>
   </div>
   <div class='ocr_carea' id='block_1_20' title="bbox 222 877 1000 912">
    <p class='ocr_par' dir='ltr' id='par_1_20' title="bbox 222 877 1000 912">
     <span class='ocr_line' id='line_1_20' title="bbox 222 877 1000 912; baseline -0.003 -7"><span class='ocrx_word' id='word_1_135' title='bbox 222 885 292 909; x_wconf 81' lang='lat' dir='ltr'><strong>esse,</strong></span> <span class='ocrx_word' id='word_1_136' title='bbox 318 885 401 912; x_wconf 86' lang='lat' dir='ltr'><strong>quam</strong></span> <span class='ocrx_word' id='word_1_137' title='bbox 427 877 522 906; x_wconf 80' lang='lat' dir='ltr'><strong>falsum</strong></span> <span class='ocrx_word' id='word_1_138' title='bbox 538 886 545 904; x_wconf 90' lang='lat'>:</span> <span class='ocrx_word' id='word_1_139' title='bbox 561 881 607 904; x_wconf 90' lang='lat' dir='ltr'><strong>aut</strong></span> <span class='ocrx_word' id='word_1_140' title='bbox 631 877 769 912; x_wconf 74' lang='lat' dir='ltr'><strong>probabile</strong></span> <span class='ocrx_word' id='word_1_141' title='bbox 793 877 894 912; x_wconf 76' lang='lat' dir='ltr'><strong>potius,</strong></span> <span class='ocrx_word' id='word_1_142' title='bbox 921 884 1000 911; x_wconf 86' lang='lat' dir='ltr'><strong>quam</strong></span> 
     </span>
    </p>
   </div>
   <div class='ocr_carea' id='block_1_21' title="bbox 224 922 1002 958">
    <p class='ocr_par' dir='ltr' id='par_1_21' title="bbox 224 922 1002 958">
     <span class='ocr_line' id='line_1_21' title="bbox 224 922 1002 958; baseline 0 -9"><span class='ocrx_word' id='word_1_143' title='bbox 224 923 398 958; x_wconf 81' lang='lat' dir='ltr'><strong>improbabile</strong></span> <span class='ocrx_word' id='word_1_144' title='bbox 412 931 420 949; x_wconf 89' lang='lat'><strong>:</strong></span> <span class='ocrx_word' id='word_1_145' title='bbox 436 927 483 949; x_wconf 90' lang='lat' dir='ltr'><strong>aut</strong></span> <span class='ocrx_word' id='word_1_146' title='bbox 496 930 555 954; x_wconf 84' lang='lat' dir='ltr'><strong>ens,</strong></span> <span class='ocrx_word' id='word_1_147' title='bbox 571 929 652 957; x_wconf 91' lang='lat' dir='ltr'><strong>quam</strong></span> <span class='ocrx_word' id='word_1_148' title='bbox 663 930 716 950; x_wconf 92' lang='lat' dir='ltr'><strong>non</strong></span> <span class='ocrx_word' id='word_1_149' title='bbox 739 930 798 955; x_wconf 85' lang='lat' dir='ltr'><strong>ens,</strong></span> <span class='ocrx_word' id='word_1_150' title='bbox 812 927 858 950; x_wconf 85' lang='lat' dir='ltr'><strong>aut</strong></span> <span class='ocrx_word' id='word_1_151' title='bbox 870 927 926 950; x_wconf 88' lang='lat' dir='ltr'><strong>tum</strong></span> <span class='ocrx_word' id='word_1_152' title='bbox 942 922 1002 957; x_wconf 81' lang='lat' dir='ltr'><strong>qui-</strong></span> 
     </span>
    </p>
   </div>
   <div class='ocr_carea' id='block_1_22' title="bbox 223 967 1002 1002">
    <p class='ocr_par' dir='ltr' id='par_1_22' title="bbox 223 967 1002 1002">
     <span class='ocr_line' id='line_1_22' title="bbox 223 967 1002 1002; baseline 0.003 -8"><span class='ocrx_word' id='word_1_153' title='bbox 223 969 283 995; x_wconf 89' lang='lat' dir='ltr'><strong>dem</strong></span> <span class='ocrx_word' id='word_1_154' title='bbox 301 968 362 1000; x_wconf 83' lang='lat' dir='ltr'><strong>tale,</strong></span> <span class='ocrx_word' id='word_1_155' title='bbox 377 968 445 995; x_wconf 86' lang='lat' dir='ltr'><strong>alias</strong></span> <span class='ocrx_word' id='word_1_156' title='bbox 460 975 525 995; x_wconf 80' lang='lat' dir='ltr'><strong>vero</strong></span> <span class='ocrx_word' id='word_1_157' title='bbox 545 967 688 995; x_wconf 90' lang='lat' dir='ltr'><strong>aliusmodi</strong></span> <span class='ocrx_word' id='word_1_158' title='bbox 704 976 711 995; x_wconf 90' lang='lat'><strong>:</strong></span> <span class='ocrx_word' id='word_1_159' title='bbox 726 973 772 995; x_wconf 91' lang='lat' dir='ltr'><strong>aut</strong></span> <span class='ocrx_word' id='word_1_160' title='bbox 791 969 835 995; x_wconf 93' lang='lat' dir='ltr'><strong>uni</strong></span> <span class='ocrx_word' id='word_1_161' title='bbox 858 969 922 1002; x_wconf 83' lang='lat' dir='ltr'><strong>tale,</strong></span> <span class='ocrx_word' id='word_1_162' title='bbox 940 975 1002 997; x_wconf 75' lang='lat' dir='ltr'><strong>mox</strong></span> 
     </span>
    </p>
   </div>
   <div class='ocr_carea' id='block_1_23' title="bbox 223 1013 1000 1043">
    <p class='ocr_par' dir='ltr' id='par_1_23' title="bbox 223 1013 1000 1043">
     <span class='ocr_line' id='line_1_23' title="bbox 223 1013 1000 1043; baseline 0.001 -4"><span class='ocrx_word' id='word_1_163' title='bbox 223 1013 300 1042; x_wconf 79' lang='lat' dir='ltr'><strong>alteri</strong></span> <span class='ocrx_word' id='word_1_164' title='bbox 329 1013 412 1041; x_wconf 86' lang='lat' dir='ltr'><strong>etiam</strong></span> <span class='ocrx_word' id='word_1_165' title='bbox 442 1022 497 1040; x_wconf 90' lang='lat' dir='ltr'><strong>non</strong></span> <span class='ocrx_word' id='word_1_166' title='bbox 528 1013 592 1041; x_wconf 84' lang='lat' dir='ltr'><strong>tale.</strong></span> <span class='ocrx_word' id='word_1_167' title='bbox 617 1013 689 1041; x_wconf 86' lang='lat' dir='ltr'><strong>Nihil</strong></span> <span class='ocrx_word' id='word_1_168' title='bbox 708 1013 780 1041; x_wconf 88' lang='lat' dir='ltr'><strong>enim</strong></span> <span class='ocrx_word' id='word_1_169' title='bbox 795 1014 821 1041; x_wconf 90' lang='lat' dir='ltr'><strong>in</strong></span> <span class='ocrx_word' id='word_1_170' title='bbox 848 1014 1000 1043; x_wconf 85' lang='lat' dir='ltr'><strong>universum</strong></span> 
     </span>
    </p>
   </div>
   <div class='ocr_carea' id='block_1_24' title="bbox 223 1059 1002 1095">
    <p class='ocr_par' dir='ltr' id='par_1_24' title="bbox 223 1059 1002 1095">
     <span class='ocr_line' id='line_1_24' title="bbox 223 1059 1002 1095; baseline 0.001 -8"><span class='ocrx_word' id='word_1_171' title='bbox 223 1059 388 1094; x_wconf 77' lang='lat' dir='ltr'><strong>Pyrrhonios</strong></span> <span class='ocrx_word' id='word_1_172' title='bbox 409 1060 529 1093; x_wconf 74' lang='lat' dir='ltr'><strong>deﬁnite,</strong></span> <span class='ocrx_word' id='word_1_173' title='bbox 558 1068 593 1088; x_wconf 88' lang='lat' dir='ltr'><strong>ne</strong></span> <span class='ocrx_word' id='word_1_174' title='bbox 606 1060 658 1088; x_wconf 82' lang='lat' dir='ltr'><strong>hoc</strong></span> <span class='ocrx_word' id='word_1_175' title='bbox 674 1061 782 1095; x_wconf 85' lang='lat' dir='ltr'><strong>quidem</strong></span> <span class='ocrx_word' id='word_1_176' title='bbox 806 1061 904 1095; x_wconf 89' lang='lat' dir='ltr'><strong>ipsum,</strong></span> <span class='ocrx_word' id='word_1_177' title='bbox 931 1060 1002 1095; x_wconf 89' lang='lat' dir='ltr'><strong>quod</strong></span> 
     </span>
    </p>
   </div>
   <div class='ocr_carea' id='block_1_25' title="bbox 225 1104 1002 1141">
    <p class='ocr_par' dir='ltr' id='par_1_25' title="bbox 225 1104 1002 1141">
     <span class='ocr_line' id='line_1_25' title="bbox 225 1104 1002 1141; baseline 0.004 -10"><span class='ocrx_word' id='word_1_178' title='bbox 225 1104 289 1132; x_wconf 83' lang='lat' dir='ltr'><strong>nihil</strong></span> <span class='ocrx_word' id='word_1_179' title='bbox 303 1105 457 1132; x_wconf 82' lang='lat' dir='ltr'><strong>deﬁniatur.</strong></span> <span class='ocrx_word' id='word_1_180' title='bbox 473 1106 570 1133; x_wconf 82' lang='lat' dir='ltr'><strong>Verum</strong></span> <span class='ocrx_word' id='word_1_181' title='bbox 582 1113 643 1133; x_wconf 89' lang='lat' dir='ltr'><strong>cum</strong></span> <span class='ocrx_word' id='word_1_182' title='bbox 655 1114 707 1134; x_wconf 89' lang='lat' dir='ltr'><strong>non</strong></span> <span class='ocrx_word' id='word_1_183' title='bbox 721 1111 855 1141; x_wconf 82' lang='lat' dir='ltr'><strong>suppetat.</strong></span> <span class='ocrx_word' id='word_1_184' title='bbox 873 1111 903 1134; x_wconf 92' lang='lat' dir='ltr'><strong>ut</strong></span> <span class='ocrx_word' id='word_1_185' title='bbox 915 1107 1002 1139; x_wconf 89' lang='lat' dir='ltr'><strong>aiunt,</strong></span> 
     </span>
    </p>
   </div>
   <div class='ocr_carea' id='block_1_26' title="bbox 224 1149 1005 1186">
    <p class='ocr_par' dir='ltr' id='par_1_26' title="bbox 224 1149 1005 1186">
     <span class='ocr_line' id='line_1_26' title="bbox 224 1149 1005 1186; baseline 0.005 -9"><span class='ocrx_word' id='word_1_186' title='bbox 224 1158 277 1184; x_wconf 87' lang='lat' dir='ltr'><strong>quo</strong></span> <span class='ocrx_word' id='word_1_187' title='bbox 293 1157 374 1178; x_wconf 85' lang='lat' dir='ltr'><strong>sensa</strong></span> <span class='ocrx_word' id='word_1_188' title='bbox 389 1151 489 1178; x_wconf 86' lang='lat' dir='ltr'><strong>mentis</strong></span> <span class='ocrx_word' id='word_1_189' title='bbox 505 1149 660 1184; x_wconf 75' lang='lat' dir='ltr'><strong>elferamus,</strong></span> <span class='ocrx_word' id='word_1_190' title='bbox 673 1151 713 1178; x_wconf 79' lang='lat' dir='ltr'><strong>sic</strong></span> <span class='ocrx_word' id='word_1_191' title='bbox 728 1151 800 1186; x_wconf 85' lang='lat' dir='ltr'><strong>loqui</strong></span> <span class='ocrx_word' id='word_1_192' title='bbox 815 1151 943 1180; x_wconf 81' lang='lat' dir='ltr'><strong>solemus.</strong></span> <span class='ocrx_word' id='word_1_193' title='bbox 968 1152 1005 1181; x_wconf 81' lang='lat' dir='ltr'><strong>At</strong></span> 
     </span>
    </p>
   </div>
   <div class='ocr_carea' id='block_1_27' title="bbox 223 1195 1003 1231">
    <p class='ocr_par' dir='ltr' id='par_1_27' title="bbox 223 1195 1003 1231">
     <span class='ocr_line' id='line_1_27' title="bbox 223 1195 1003 1231; baseline 0.005 -10"><span class='ocrx_word' id='word_1_194' title='bbox 223 1195 269 1229; x_wconf 82' lang='lat' dir='ltr'><strong>qui</strong></span> <span class='ocrx_word' id='word_1_195' title='bbox 293 1195 326 1222; x_wconf 88' lang='lat' dir='ltr'><strong>ad</strong></span> <span class='ocrx_word' id='word_1_196' title='bbox 351 1196 535 1230; x_wconf 70' lang='lat' dir='ltr'><strong>Academiam,</strong></span> <span class='ocrx_word' id='word_1_197' title='bbox 561 1196 733 1231; x_wconf 64' lang='lat' dir='ltr'><strong>maximeque</strong></span> <span class='ocrx_word' id='word_1_198' title='bbox 759 1197 793 1225; x_wconf 84' lang='lat' dir='ltr'><strong>ad</strong></span> <span class='ocrx_word' id='word_1_199' title='bbox 816 1196 888 1225; x_wconf 88' lang='lat' dir='ltr'><strong>hanc</strong></span> <span class='ocrx_word' id='word_1_200' title='bbox 907 1205 1003 1226; x_wconf 83' lang='lat' dir='ltr'><strong>novam</strong></span> 
     </span>
    </p>
   </div>
   <div class='ocr_carea' id='block_1_28' title="bbox 224 1241 1005 1278">
    <p class='ocr_par' dir='ltr' id='par_1_28' title="bbox 224 1241 1005 1278">
     <span class='ocr_line' id='line_1_28' title="bbox 224 1241 1005 1278; baseline 0.005 -11"><span class='ocrx_word' id='word_1_201' title='bbox 224 1241 373 1274; x_wconf 86' lang='lat' dir='ltr'><strong>pertinent,</strong></span> <span class='ocrx_word' id='word_1_202' title='bbox 386 1241 484 1277; x_wconf 82' lang='lat' dir='ltr'><strong>inquit,</strong></span> <span class='ocrx_word' id='word_1_203' title='bbox 502 1249 563 1269; x_wconf 90' lang='lat' dir='ltr'><strong>cum</strong></span> <span class='ocrx_word' id='word_1_204' title='bbox 576 1242 675 1270; x_wconf 88' lang='lat' dir='ltr'><strong>Stoicis</strong></span> <span class='ocrx_word' id='word_1_205' title='bbox 688 1243 820 1270; x_wconf 83' lang='lat' dir='ltr'><strong>interdum</strong></span> <span class='ocrx_word' id='word_1_206' title='bbox 834 1244 1005 1278; x_wconf 86' lang='lat' dir='ltr'><strong>opinionibus</strong></span> 
     </span>
    </p>
   </div>
   <div class='ocr_carea' id='block_1_29' title="bbox 225 1287 1003 1323">
    <p class='ocr_par' dir='ltr' id='par_1_29' title="bbox 225 1287 1003 1323">
     <span class='ocr_line' id='line_1_29' title="bbox 225 1287 1003 1323; baseline 0.005 -10"><span class='ocrx_word' id='word_1_207' title='bbox 225 1287 407 1321; x_wconf 65' lang='lat' dir='ltr'><strong>consentiunt,</strong></span> <span class='ocrx_word' id='word_1_208' title='bbox 432 1292 461 1315; x_wconf 91' lang='lat' dir='ltr'><strong>et</strong></span> <span class='ocrx_word' id='word_1_209' title='bbox 486 1287 521 1323; x_wconf 86' lang='lat' dir='ltr'><strong>(si</strong></span> <span class='ocrx_word' id='word_1_210' title='bbox 548 1295 640 1315; x_wconf 84' lang='lat' dir='ltr'><strong>verum</strong></span> <span class='ocrx_word' id='word_1_211' title='bbox 667 1287 743 1316; x_wconf 79' lang='lat' dir='ltr'><strong>fateri</strong></span> <span class='ocrx_word' id='word_1_212' title='bbox 765 1288 898 1322; x_wconf 83' lang='lat' dir='ltr'><strong>volumus)</strong></span> <span class='ocrx_word' id='word_1_213' title='bbox 920 1289 1003 1317; x_wconf 88' lang='lat' dir='ltr'><strong>Stoici</strong></span> 
     </span>
    </p>
   </div>
   <div class='ocr_carea' id='block_1_30' title="bbox 226 1333 1005 1368">
    <p class='ocr_par' dir='ltr' id='par_1_30' title="bbox 226 1333 1005 1368">
     <span class='ocr_line' id='line_1_30' title="bbox 226 1333 1005 1368; baseline 0.004 -8"><span class='ocrx_word' id='word_1_214' title='bbox 226 1333 288 1368; x_wconf 85' lang='lat' dir='ltr'><strong>ipsi.</strong></span> <span class='ocrx_word' id='word_1_215' title='bbox 301 1333 347 1361; x_wconf 86' lang='lat' dir='ltr'><strong>sed</strong></span> <span class='ocrx_word' id='word_1_216' title='bbox 361 1333 476 1368; x_wconf 90' lang='lat' dir='ltr'><strong>quicum</strong></span> <span class='ocrx_word' id='word_1_217' title='bbox 491 1333 590 1361; x_wconf 85' lang='lat' dir='ltr'><strong>Stoicis</strong></span> <span class='ocrx_word' id='word_1_218' title='bbox 605 1339 734 1368; x_wconf 76' lang='lat' dir='ltr'><strong>pugnent,</strong></span> <span class='ocrx_word' id='word_1_219' title='bbox 753 1334 886 1362; x_wconf 81' lang='lat' dir='ltr'><strong>videntur.</strong></span> <span class='ocrx_word' id='word_1_220' title='bbox 903 1335 1005 1363; x_wconf 82' lang='lat' dir='ltr'><strong>Deinde</strong></span> 
     </span>
    </p>
   </div>
   <div class='ocr_carea' id='block_1_31' title="bbox 225 1377 1005 1413">
    <p class='ocr_par' dir='ltr' id='par_1_31' title="bbox 225 1377 1005 1413">
     <span class='ocr_line' id='line_1_31' title="bbox 225 1377 1005 1413; baseline 0 -8"><span class='ocrx_word' id='word_1_221' title='bbox 225 1383 252 1405; x_wconf 87' lang='lat' dir='ltr'><strong>et</strong></span> <span class='ocrx_word' id='word_1_222' title='bbox 265 1378 299 1405; x_wconf 91' lang='lat' dir='ltr'><strong>de</strong></span> <span class='ocrx_word' id='word_1_223' title='bbox 316 1378 407 1406; x_wconf 89' lang='lat' dir='ltr'><strong>multis</strong></span> <span class='ocrx_word' id='word_1_224' title='bbox 423 1378 530 1406; x_wconf 83' lang='lat' dir='ltr'><strong>decreta</strong></span> <span class='ocrx_word' id='word_1_225' title='bbox 541 1382 672 1406; x_wconf 83' lang='lat' dir='ltr'><strong>statuunt.</strong></span> <span class='ocrx_word' id='word_1_226' title='bbox 691 1377 824 1406; x_wconf 85' lang='lat' dir='ltr'><strong>Virtutem</strong></span> <span class='ocrx_word' id='word_1_227' title='bbox 839 1380 910 1405; x_wconf 85' lang='lat' dir='ltr'><strong>enim</strong></span> <span class='ocrx_word' id='word_1_228' title='bbox 924 1384 1005 1413; x_wconf 85' lang='lat' dir='ltr'><strong>atque</strong></span> 
     </span>
    </p>
   </div>
   <div class='ocr_carea' id='block_1_32' title="bbox 225 1423 1006 1458">
    <p class='ocr_par' dir='ltr' id='par_1_32' title="bbox 225 1423 1006 1458">
     <span class='ocr_line' id='line_1_32' title="bbox 225 1423 1006 1458; baseline 0.001 -8"><span class='ocrx_word' id='word_1_229' title='bbox 225 1423 370 1451; x_wconf 81' lang='lat' dir='ltr'><strong>amentiam</strong></span> <span class='ocrx_word' id='word_1_230' title='bbox 386 1423 518 1451; x_wconf 81' lang='lat' dir='ltr'><strong>inducunt</strong></span> <span class='ocrx_word' id='word_1_231' title='bbox 529 1432 536 1450; x_wconf 91' lang='lat'><strong>:</strong></span> <span class='ocrx_word' id='word_1_232' title='bbox 549 1423 647 1450; x_wconf 86' lang='lat' dir='ltr'><strong>bonum</strong></span> <span class='ocrx_word' id='word_1_233' title='bbox 662 1431 779 1458; x_wconf 78' lang='lat' dir='ltr'><strong>quoque,</strong></span> <span class='ocrx_word' id='word_1_234' title='bbox 790 1429 817 1452; x_wconf 88' lang='lat' dir='ltr'><strong>et</strong></span> <span class='ocrx_word' id='word_1_235' title='bbox 828 1424 927 1451; x_wconf 85' lang='lat' dir='ltr'><strong>malum</strong></span> <span class='ocrx_word' id='word_1_236' title='bbox 935 1425 1006 1451; x_wconf 81' lang='lat' dir='ltr'><strong>velut</strong></span> 
     </span>
    </p>
   </div>
   <div class='ocr_carea' id='block_1_33' title="bbox 226 1469 1006 1504">
    <p class='ocr_par' dir='ltr' id='par_1_33' title="bbox 226 1469 1006 1504">
     <span class='ocr_line' id='line_1_33' title="bbox 226 1469 1006 1504; baseline 0.004 -8"><span class='ocrx_word' id='word_1_237' title='bbox 226 1470 356 1504; x_wconf 85' lang='lat' dir='ltr'><strong>principia</strong></span> <span class='ocrx_word' id='word_1_238' title='bbox 372 1474 489 1504; x_wconf 90' lang='lat' dir='ltr'><strong>ponunt;</strong></span> <span class='ocrx_word' id='word_1_239' title='bbox 510 1476 602 1496; x_wconf 85' lang='lat' dir='ltr'><strong>verum</strong></span> <span class='ocrx_word' id='word_1_240' title='bbox 615 1469 690 1501; x_wconf 88' lang='lat' dir='ltr'><strong>item,</strong></span> <span class='ocrx_word' id='word_1_241' title='bbox 719 1475 745 1497; x_wconf 90' lang='lat' dir='ltr'><strong>et</strong></span> <span class='ocrx_word' id='word_1_242' title='bbox 761 1469 870 1503; x_wconf 83' lang='lat' dir='ltr'><strong>falsum,</strong></span> <span class='ocrx_word' id='word_1_243' title='bbox 899 1480 1006 1500; x_wconf 86' lang='lat' dir='ltr'><strong>rursum</strong></span> 
     </span>
    </p>
   </div>
   <div class='ocr_carea' id='block_1_34' title="bbox 226 1514 1042 1564">
    <p class='ocr_par' dir='ltr' id='par_1_34' title="bbox 226 1514 1042 1564">
     <span class='ocr_line' id='line_1_34' title="bbox 226 1514 1042 1564; baseline 0.005 -23"><span class='ocrx_word' id='word_1_244' title='bbox 226 1515 374 1548; x_wconf 75' lang='lat' dir='ltr'><strong>probabile,</strong></span> <span class='ocrx_word' id='word_1_245' title='bbox 404 1519 432 1542; x_wconf 93' lang='lat' dir='ltr'><strong>et</strong></span> <span class='ocrx_word' id='word_1_246' title='bbox 456 1514 645 1549; x_wconf 86' lang='lat' dir='ltr'><strong>improbabile,</strong></span> <span class='ocrx_word' id='word_1_247' title='bbox 671 1522 720 1542; x_wconf 87' lang='lat' dir='ltr'><strong>ens</strong></span> <span class='ocrx_word' id='word_1_248' title='bbox 743 1516 815 1548; x_wconf 89' lang='lat' dir='ltr'><strong>dein,</strong></span> <span class='ocrx_word' id='word_1_249' title='bbox 833 1521 928 1544; x_wconf 87' lang='lat' dir='ltr'><strong>etnon</strong></span> <span class='ocrx_word' id='word_1_250' title='bbox 945 1525 1005 1549; x_wconf 81' lang='lat' dir='ltr'><strong>ens.</strong></span> <span class='ocrx_word' id='word_1_251' title='bbox 1019 1535 1042 1564; x_wconf 59' lang='grc' dir='ltr'><strong><em>ε</em></strong></span> 
     </span>
    </p>
   </div>
   <div class='ocr_carea' id='block_1_35' title="bbox 225 1561 1007 1597">
    <p class='ocr_par' dir='ltr' id='par_1_35' title="bbox 225 1561 1007 1597">
     <span class='ocr_line' id='line_1_35' title="bbox 225 1561 1007 1597; baseline 0.005 -10"><span class='ocrx_word' id='word_1_252' title='bbox 225 1561 332 1595; x_wconf 85' lang='lat' dir='ltr'><strong>aliaque</strong></span> <span class='ocrx_word' id='word_1_253' title='bbox 355 1568 410 1589; x_wconf 88' lang='lat' dir='ltr'><strong>non</strong></span> <span class='ocrx_word' id='word_1_254' title='bbox 433 1567 519 1595; x_wconf 86' lang='lat' dir='ltr'><strong>pauca</strong></span> <span class='ocrx_word' id='word_1_255' title='bbox 548 1566 622 1588; x_wconf 85' lang='lat' dir='ltr'><strong>certo</strong></span> <span class='ocrx_word' id='word_1_256' title='bbox 646 1561 798 1590; x_wconf 82' lang='lat' dir='ltr'><strong>deliniant:</strong></span> <span class='ocrx_word' id='word_1_257' title='bbox 816 1562 953 1597; x_wconf 80' lang='lat' dir='ltr'><strong>ambigere</strong></span> <span class='ocrx_word' id='word_1_258' title='bbox 976 1571 1007 1591; x_wconf 89' lang='lat' dir='ltr'><strong>se</strong></span> 
     </span>
    </p>
   </div>
   <div class='ocr_carea' id='block_1_36' title="bbox 227 1606 1006 1644">
    <p class='ocr_par' dir='ltr' id='par_1_36' title="bbox 227 1606 1006 1644">
     <span class='ocr_line' id='line_1_36' title="bbox 227 1606 1006 1644; baseline 0.004 -10"><span class='ocrx_word' id='word_1_259' title='bbox 227 1612 329 1634; x_wconf 82' lang='lat' dir='ltr'><strong>tantum</strong></span> <span class='ocrx_word' id='word_1_260' title='bbox 356 1607 477 1635; x_wconf 88' lang='lat' dir='ltr'><strong>dicentes</strong></span> <span class='ocrx_word' id='word_1_261' title='bbox 499 1606 533 1634; x_wconf 88' lang='lat' dir='ltr'><strong>de</strong></span> <span class='ocrx_word' id='word_1_262' title='bbox 554 1608 776 1641; x_wconf 84' lang='lat' dir='ltr'><strong>comprehensiva</strong></span> <span class='ocrx_word' id='word_1_263' title='bbox 803 1608 1006 1644; x_wconf 78' lang='lat' dir='ltr'><strong>imaginatione.</strong></span> 
     </span>
    </p>
   </div>
   <div class='ocr_carea' id='block_1_37' title="bbox 226 1652 1008 1688">
    <p class='ocr_par' dir='ltr' id='par_1_37' title="bbox 226 1652 1008 1688">
     <span class='ocr_line' id='line_1_37' title="bbox 226 1652 1008 1688; baseline 0.005 -9"><span class='ocrx_word' id='word_1_264' title='bbox 226 1654 405 1685; x_wconf 69' lang='lat' dir='ltr'><strong>Quamobrem</strong></span> <span class='ocrx_word' id='word_1_265' title='bbox 423 1652 578 1687; x_wconf 82' lang='lat' dir='ltr'><strong>Pyrrhonii,</strong></span> <span class='ocrx_word' id='word_1_266' title='bbox 603 1653 667 1680; x_wconf 92' lang='lat' dir='ltr'><strong>dum</strong></span> <span class='ocrx_word' id='word_1_267' title='bbox 690 1652 758 1680; x_wconf 91' lang='lat' dir='ltr'><strong>nihil</strong></span> <span class='ocrx_word' id='word_1_268' title='bbox 779 1654 922 1688; x_wconf 84' lang='lat' dir='ltr'><strong>deﬁniunt,</strong></span> <span class='ocrx_word' id='word_1_269' title='bbox 947 1662 1008 1683; x_wconf 90' lang='lat' dir='ltr'><strong>om-</strong></span> 
     </span>
    </p>
   </div>
   <div class='ocr_carea' id='block_1_38' title="bbox 227 1698 1008 1734">
    <p class='ocr_par' dir='ltr' id='par_1_38' title="bbox 227 1698 1008 1734">
     <span class='ocr_line' id='line_1_38' title="bbox 227 1698 1008 1734; baseline 0.001 -8"><span class='ocrx_word' id='word_1_270' title='bbox 227 1699 292 1726; x_wconf 93' lang='lat' dir='ltr'><strong>nino</strong></span> <span class='ocrx_word' id='word_1_271' title='bbox 316 1699 497 1733; x_wconf 86' lang='lat' dir='ltr'><strong>irreprehensi</strong></span> <span class='ocrx_word' id='word_1_272' title='bbox 517 1704 694 1734; x_wconf 84' lang='lat' dir='ltr'><strong>permanent;</strong></span> <span class='ocrx_word' id='word_1_273' title='bbox 713 1707 807 1727; x_wconf 83' lang='lat' dir='ltr'><strong>verum</strong></span> <span class='ocrx_word' id='word_1_274' title='bbox 827 1698 1008 1733; x_wconf 78' lang='lat' dir='ltr'><strong>Academicis,</strong></span> 
     </span>
    </p>
   </div>
   <div class='ocr_carea' id='block_1_39' title="bbox 227 1743 1006 1779">
    <p class='ocr_par' dir='ltr' id='par_1_39' title="bbox 227 1743 1006 1779">
     <span class='ocr_line' id='line_1_39' title="bbox 227 1743 1006 1779; baseline 0.003 -8"><span class='ocrx_word' id='word_1_275' title='bbox 227 1745 275 1776; x_wconf 85' lang='lat' dir='ltr'><strong>ait,</strong></span> <span class='ocrx_word' id='word_1_276' title='bbox 292 1751 371 1778; x_wconf 86' lang='lat' dir='ltr'><strong>pares</strong></span> <span class='ocrx_word' id='word_1_277' title='bbox 383 1751 443 1771; x_wconf 88' lang='lat' dir='ltr'><strong>cum</strong></span> <span class='ocrx_word' id='word_1_278' title='bbox 457 1743 520 1771; x_wconf 89' lang='lat' dir='ltr'><strong>aliis</strong></span> <span class='ocrx_word' id='word_1_279' title='bbox 531 1744 701 1779; x_wconf 80' lang='lat' dir='ltr'><strong>philosophis</strong></span> <span class='ocrx_word' id='word_1_280' title='bbox 721 1745 840 1772; x_wconf 84' lang='lat' dir='ltr'><strong>rationes</strong></span> <span class='ocrx_word' id='word_1_281' title='bbox 854 1745 1006 1773; x_wconf 68' lang='lat' dir='ltr'><strong>reddendae.</strong></span> 
     </span>
    </p>
   </div>
   <div class='ocr_carea' id='block_1_40' title="bbox 226 1789 1008 1825">
    <p class='ocr_par' dir='ltr' id='par_1_40' title="bbox 226 1789 1008 1825">
     <span class='ocr_line' id='line_1_40' title="bbox 226 1789 1008 1825; baseline 0 -8"><span class='ocrx_word' id='word_1_282' title='bbox 226 1789 293 1818; x_wconf 90' lang='lat' dir='ltr'><strong>Illud</strong></span> <span class='ocrx_word' id='word_1_283' title='bbox 309 1797 388 1824; x_wconf 86' lang='lat' dir='ltr'><strong>porro</strong></span> <span class='ocrx_word' id='word_1_284' title='bbox 404 1789 567 1817; x_wconf 78' lang='lat' dir='ltr'><strong>maximum:</strong></span> <span class='ocrx_word' id='word_1_285' title='bbox 582 1791 654 1824; x_wconf 86' lang='lat' dir='ltr'><strong>quod</strong></span> <span class='ocrx_word' id='word_1_286' title='bbox 672 1790 708 1817; x_wconf 93' lang='lat' dir='ltr'><strong>illi</strong></span> <span class='ocrx_word' id='word_1_287' title='bbox 726 1790 760 1817; x_wconf 88' lang='lat' dir='ltr'><strong>de</strong></span> <span class='ocrx_word' id='word_1_288' title='bbox 775 1797 804 1817; x_wconf 90' lang='lat' dir='ltr'><strong>re</strong></span> <span class='ocrx_word' id='word_1_289' title='bbox 822 1790 941 1825; x_wconf 79' lang='lat' dir='ltr'><strong>qualibet</strong></span> <span class='ocrx_word' id='word_1_290' title='bbox 957 1791 1008 1818; x_wconf 81' lang='lat' dir='ltr'><strong>sibi</strong></span> 
     </span>
    </p>
   </div>
   <div class='ocr_carea' id='block_1_41' title="bbox 226 1836 1009 1871">
    <p class='ocr_par' dir='ltr' id='par_1_41' title="bbox 226 1836 1009 1871">
     <span class='ocr_line' id='line_1_41' title="bbox 226 1836 1009 1871; baseline 0.001 -8"><span class='ocrx_word' id='word_1_291' title='bbox 226 1837 314 1863; x_wconf 83' lang='lat' dir='ltr'><strong>oblata</strong></span> <span class='ocrx_word' id='word_1_292' title='bbox 343 1836 508 1869; x_wconf 85' lang='lat' dir='ltr'><strong>dubitantes,</strong></span> <span class='ocrx_word' id='word_1_293' title='bbox 533 1843 584 1862; x_wconf 83' lang='lat' dir='ltr'><strong>non</strong></span> <span class='ocrx_word' id='word_1_294' title='bbox 611 1840 713 1863; x_wconf 88' lang='lat' dir='ltr'><strong>tantum</strong></span> <span class='ocrx_word' id='word_1_295' title='bbox 733 1836 856 1863; x_wconf 87' lang='lat' dir='ltr'><strong>eumdem</strong></span> <span class='ocrx_word' id='word_1_296' title='bbox 881 1842 1009 1871; x_wconf 86' lang='lat' dir='ltr'><strong>perpetuo</strong></span> 
     </span>
    </p>
   </div>
   <div class='ocr_carea' id='block_1_42' title="bbox 228 1881 1009 1917">
    <p class='ocr_par' dir='ltr' id='par_1_42' title="bbox 228 1881 1009 1917">
     <span class='ocr_line' id='line_1_42' title="bbox 228 1881 1009 1917; baseline 0.001 -9"><span class='ocrx_word' id='word_1_297' title='bbox 228 1887 336 1908; x_wconf 78' lang='lat' dir='ltr'><strong>teneant</strong></span> <span class='ocrx_word' id='word_1_298' title='bbox 359 1882 492 1915; x_wconf 85' lang='lat' dir='ltr'><strong>ordinem,</strong></span> <span class='ocrx_word' id='word_1_299' title='bbox 520 1881 568 1908; x_wconf 85' lang='lat' dir='ltr'><strong>sed</strong></span> <span class='ocrx_word' id='word_1_300' title='bbox 594 1888 730 1915; x_wconf 88' lang='lat' dir='ltr'><strong>nunquam</strong></span> <span class='ocrx_word' id='word_1_301' title='bbox 746 1881 828 1909; x_wconf 87' lang='lat' dir='ltr'><strong>etiam</strong></span> <span class='ocrx_word' id='word_1_302' title='bbox 847 1889 940 1909; x_wconf 82' lang='lat' dir='ltr'><strong>secum</strong></span> <span class='ocrx_word' id='word_1_303' title='bbox 958 1882 1009 1917; x_wconf 85' lang='lat' dir='ltr'><strong>ipsi</strong></span> 
     </span>
    </p>
   </div>
   <div class='ocr_carea' id='block_1_43' title="bbox 227 1928 1010 1962">
    <p class='ocr_par' dir='ltr' id='par_1_43' title="bbox 227 1928 1010 1962">
     <span class='ocr_line' id='line_1_43' title="bbox 227 1928 1010 1962; baseline 0 -7"><span class='ocrx_word' id='word_1_304' title='bbox 227 1933 355 1962; x_wconf 72' lang='lat' dir='ltr'><strong>pugnent,</strong></span> <span class='ocrx_word' id='word_1_305' title='bbox 387 1935 448 1954; x_wconf 92' lang='lat' dir='ltr'><strong>cum</strong></span> <span class='ocrx_word' id='word_1_306' title='bbox 470 1928 499 1955; x_wconf 89' lang='lat' dir='ltr'><strong>hi</strong></span> <span class='ocrx_word' id='word_1_307' title='bbox 521 1935 612 1955; x_wconf 87' lang='lat' dir='ltr'><strong>secum</strong></span> <span class='ocrx_word' id='word_1_308' title='bbox 630 1935 751 1962; x_wconf 75' lang='lat' dir='ltr'><strong>pugnare</strong></span> <span class='ocrx_word' id='word_1_309' title='bbox 774 1935 815 1959; x_wconf 89' lang='lat' dir='ltr'><strong>se,</strong></span> <span class='ocrx_word' id='word_1_310' title='bbox 844 1935 877 1955; x_wconf 91' lang='lat' dir='ltr'><strong>ne</strong></span> <span class='ocrx_word' id='word_1_311' title='bbox 890 1928 1010 1956; x_wconf 81' lang='lat' dir='ltr'><strong>sentiant</strong></span> 
     </span>
    </p>
   </div>
   <div class='ocr_carea' id='block_1_44' title="bbox 228 1973 1008 2007">
    <p class='ocr_par' dir='ltr' id='par_1_44' title="bbox 228 1973 1008 2007">
     <span class='ocr_line' id='line_1_44' title="bbox 228 1973 1008 2007; baseline 0 -8"><span class='ocrx_word' id='word_1_312' title='bbox 228 1973 346 2007; x_wconf 81' lang='lat' dir='ltr'><strong>quidem.</strong></span> <span class='ocrx_word' id='word_1_313' title='bbox 368 1973 455 2000; x_wconf 91' lang='lat' dir='ltr'><strong>Simul</strong></span> <span class='ocrx_word' id='word_1_314' title='bbox 468 1973 541 2001; x_wconf 90' lang='lat' dir='ltr'><strong>enim</strong></span> <span class='ocrx_word' id='word_1_315' title='bbox 560 1980 660 2007; x_wconf 86' lang='lat' dir='ltr'><strong>ponere</strong></span> <span class='ocrx_word' id='word_1_316' title='bbox 681 1973 833 2007; x_wconf 74' lang='lat' dir='ltr'><strong>quidpiam,</strong></span> <span class='ocrx_word' id='word_1_317' title='bbox 854 1978 882 1999; x_wconf 93' lang='lat' dir='ltr'><strong>et</strong></span> <span class='ocrx_word' id='word_1_318' title='bbox 903 1981 1008 2000; x_wconf 80' lang='lat' dir='ltr'><strong>rursum</strong></span> 
     </span>
    </p>
   </div>
   <div class='ocr_carea' id='block_1_45' title="bbox 228 2019 1010 2051">
    <p class='ocr_par' dir='ltr' id='par_1_45' title="bbox 228 2019 1010 2051">
     <span class='ocr_line' id='line_1_45' title="bbox 228 2019 1010 2051; baseline 0 -6"><span class='ocrx_word' id='word_1_319' title='bbox 228 2019 413 2048; x_wconf 84' lang='lat' dir='ltr'><strong>iuduhitanter</strong></span> <span class='ocrx_word' id='word_1_320' title='bbox 427 2019 531 2051; x_wconf 85' lang='lat' dir='ltr'><strong>tollere,</strong></span> <span class='ocrx_word' id='word_1_321' title='bbox 552 2019 631 2046; x_wconf 90' lang='lat' dir='ltr'><strong>simul</strong></span> <span class='ocrx_word' id='word_1_322' title='bbox 649 2019 711 2045; x_wconf 88' lang='lat' dir='ltr'><strong>item</strong></span> <span class='ocrx_word' id='word_1_323' title='bbox 727 2019 816 2046; x_wconf 85' lang='lat' dir='ltr'><strong>dicere</strong></span> <span class='ocrx_word' id='word_1_324' title='bbox 831 2020 1010 2047; x_wconf 84' lang='lat' dir='ltr'><strong>communiter</strong></span> 
     </span>
    </p>
   </div>
   <div class='ocr_carea' id='block_1_46' title="bbox 229 2063 1010 2098">
    <p class='ocr_par' dir='ltr' id='par_1_46' title="bbox 229 2063 1010 2098">
     <span class='ocr_line' id='line_1_46' title="bbox 229 2063 1010 2098; baseline 0.003 -10"><span class='ocrx_word' id='word_1_325' title='bbox 229 2063 316 2097; x_wconf 76' lang='lat' dir='ltr'><strong>aliqua</strong></span> <span class='ocrx_word' id='word_1_326' title='bbox 338 2071 399 2091; x_wconf 80' lang='lat' dir='ltr'><strong>esse</strong></span> <span class='ocrx_word' id='word_1_327' title='bbox 421 2063 685 2098; x_wconf 83' lang='lat' dir='ltr'><strong>comprehensibilia,</strong></span> <span class='ocrx_word' id='word_1_328' title='bbox 705 2068 732 2090; x_wconf 89' lang='lat' dir='ltr'><strong>et</strong></span> <span class='ocrx_word' id='word_1_329' title='bbox 756 2071 808 2090; x_wconf 87' lang='lat' dir='ltr'><strong>non</strong></span> <span class='ocrx_word' id='word_1_330' title='bbox 821 2071 892 2095; x_wconf 85' lang='lat' dir='ltr'><strong>esse,</strong></span> <span class='ocrx_word' id='word_1_331' title='bbox 925 2064 1010 2090; x_wconf 79' lang='lat' dir='ltr'><strong>inani-</strong></span> 
     </span>
    </p>
   </div>
   <div class='ocr_carea' id='block_1_47' title="bbox 228 2109 1010 2144">
    <p class='ocr_par' dir='ltr' id='par_1_47' title="bbox 228 2109 1010 2144">
     <span class='ocr_line' id='line_1_47' title="bbox 228 2109 1010 2144; baseline 0.001 -8"><span class='ocrx_word' id='word_1_332' title='bbox 228 2109 324 2136; x_wconf 80' lang='lat' dir='ltr'><strong>festam</strong></span> <span class='ocrx_word' id='word_1_333' title='bbox 348 2110 441 2144; x_wconf 80' lang='lat' dir='ltr'><strong>utique</strong></span> <span class='ocrx_word' id='word_1_334' title='bbox 467 2117 583 2144; x_wconf 72' lang='lat' dir='ltr'><strong>pugnam</strong></span> <span class='ocrx_word' id='word_1_335' title='bbox 604 2110 692 2137; x_wconf 62' lang='lat' dir='ltr'><strong>altert.</strong></span> <span class='ocrx_word' id='word_1_336' title='bbox 725 2109 849 2143; x_wconf 78' lang='lat' dir='ltr'><strong>Alioquin</strong></span> <span class='ocrx_word' id='word_1_337' title='bbox 875 2110 1010 2144; x_wconf 83' lang='lat' dir='ltr'><strong>quomodo</strong></span> 
     </span>
    </p>
   </div>
   <div class='ocr_carea' id='block_1_48' title="bbox 229 2155 1010 2190">
    <p class='ocr_par' dir='ltr' id='par_1_48' title="bbox 229 2155 1010 2190">
     <span class='ocr_line' id='line_1_48' title="bbox 229 2155 1010 2190; baseline 0 -9"><span class='ocrx_word' id='word_1_338' title='bbox 229 2155 286 2182; x_wconf 80' lang='lat' dir='ltr'><strong>lteri</strong></span> <span class='ocrx_word' id='word_1_339' title='bbox 301 2155 396 2190; x_wconf 86' lang='lat' dir='ltr'><strong>possit,</strong></span> <span class='ocrx_word' id='word_1_340' title='bbox 422 2160 452 2182; x_wconf 92' lang='lat' dir='ltr'><strong>ut</strong></span> <span class='ocrx_word' id='word_1_341' title='bbox 465 2155 512 2190; x_wconf 87' lang='lat' dir='ltr'><strong>qui</strong></span> <span class='ocrx_word' id='word_1_342' title='bbox 529 2155 653 2190; x_wconf 84' lang='lat' dir='ltr'><strong>cognorit</strong></span> <span class='ocrx_word' id='word_1_343' title='bbox 674 2155 725 2182; x_wconf 84' lang='lat' dir='ltr'><strong>hoc</strong></span> <span class='ocrx_word' id='word_1_344' title='bbox 737 2163 795 2182; x_wconf 86' lang='lat' dir='ltr'><strong>esse</strong></span> <span class='ocrx_word' id='word_1_345' title='bbox 817 2163 920 2188; x_wconf 81' lang='lat' dir='ltr'><strong>verum,</strong></span> <span class='ocrx_word' id='word_1_346' title='bbox 946 2155 1010 2182; x_wconf 90' lang='lat' dir='ltr'><strong>illud</strong></span> 
     </span>
    </p>
   </div>
   <div class='ocr_carea' id='block_1_49' title="bbox 1057 235 1841 272">
    <p class='ocr_par' dir='ltr' id='par_1_49' title="bbox 1057 235 1841 272">
     <span class='ocr_line' id='line_1_49' title="bbox 1057 235 1841 272; baseline -0.003 -9"><span class='ocrx_word' id='word_1_347' title='bbox 1057 236 1202 272; x_wconf 72' lang='grc' dir='ltr'>Πύρρωνος</span> <span class='ocrx_word' id='word_1_348' title='bbox 1215 236 1378 272; x_wconf 82' lang='grc' dir='ltr'>ἀπορητικοί</span> <span class='ocrx_word' id='word_1_349' title='bbox 1391 237 1421 263; x_wconf 85' lang='grc' dir='ltr'>τέ</span> <span class='ocrx_word' id='word_1_350' title='bbox 1434 237 1488 263; x_wconf 70' lang='grc' dir='ltr'>εισι</span> <span class='ocrx_word' id='word_1_351' title='bbox 1503 237 1549 263; x_wconf 69' lang='grc' dir='ltr'><strong>καὶ</strong></span> <span class='ocrx_word' id='word_1_352' title='bbox 1558 236 1656 267; x_wconf 72' lang='grc' dir='ltr'>παντὸς</span> <span class='ocrx_word' id='word_1_353' title='bbox 1669 235 1841 271; x_wconf 78' lang='grc' dir='ltr'>ἀτωλελυμέ-</span> 
     </span>
    </p>
   </div>
   <div class='ocr_carea' id='block_1_50' title="bbox 1055 281 1840 317">
    <p class='ocr_par' dir='ltr' id='par_1_50' title="bbox 1055 281 1840 317">
     <span class='ocr_line' id='line_1_50' title="bbox 1055 281 1840 317; baseline 0 -9"><span class='ocrx_word' id='word_1_354' title='bbox 1055 290 1094 309; x_wconf 83' lang='grc' dir='ltr'><strong>νοι</strong></span> <span class='ocrx_word' id='word_1_355' title='bbox 1119 281 1266 317; x_wconf 78' lang='grc' dir='ltr'>δόγματος,</span> <span class='ocrx_word' id='word_1_356' title='bbox 1283 283 1330 309; x_wconf 83' lang='grc' dir='ltr'>καὶ</span> <span class='ocrx_word' id='word_1_357' title='bbox 1353 282 1439 314; x_wconf 71' lang='grc' dir='ltr'>οὐδεὶς</span> <span class='ocrx_word' id='word_1_358' title='bbox 1461 283 1551 310; x_wconf 76' lang='grc' dir='ltr'>αὐτῶν</span> <span class='ocrx_word' id='word_1_359' title='bbox 1565 282 1595 309; x_wconf 71' lang='grc' dir='ltr'>τὸ</span> <span class='ocrx_word' id='word_1_360' title='bbox 1618 281 1751 316; x_wconf 79' lang='grc' dir='ltr'>παράπαν</span> <span class='ocrx_word' id='word_1_361' title='bbox 1775 281 1840 308; x_wconf 70' lang='grc' dir='ltr'>οὔτε</span> 
     </span>
    </p>
   </div>
   <div class='ocr_carea' id='block_1_51' title="bbox 1054 327 1839 364">
    <p class='ocr_par' dir='ltr' id='par_1_51' title="bbox 1054 327 1839 364">
     <span class='ocr_line' id='line_1_51' title="bbox 1054 327 1839 364; baseline -0.003 -9"><span class='ocrx_word' id='word_1_362' title='bbox 1054 327 1235 362; x_wconf 76' lang='grc' dir='ltr'><strong>ἀκατάληπτα</strong></span> <span class='ocrx_word' id='word_1_363' title='bbox 1260 328 1348 354; x_wconf 80' lang='grc' dir='ltr'>πάντα</span> <span class='ocrx_word' id='word_1_364' title='bbox 1370 328 1481 364; x_wconf 75' lang='grc' dir='ltr'>εἴρηκεν</span> <span class='ocrx_word' id='word_1_365' title='bbox 1501 327 1563 355; x_wconf 73' lang='grc' dir='ltr'>οὔτε</span> <span class='ocrx_word' id='word_1_366' title='bbox 1587 328 1760 363; x_wconf 74' lang='grc' dir='ltr'>καταληπτὰ,</span> <span class='ocrx_word' id='word_1_367' title='bbox 1775 327 1839 354; x_wconf 85' lang='grc' dir='ltr'>ἀλλ’</span> 
     </span>
    </p>
   </div>
   <div class='ocr_carea' id='block_1_52' title="bbox 1054 373 1840 410">
    <p class='ocr_par' dir='ltr' id='par_1_52' title="bbox 1054 373 1840 410">
     <span class='ocr_line' id='line_1_52' title="bbox 1054 373 1840 410; baseline 0.001 -10"><span class='ocrx_word' id='word_1_368' title='bbox 1054 373 1130 400; x_wconf 83' lang='grc' dir='ltr'>οὐδὲν</span> <span class='ocrx_word' id='word_1_369' title='bbox 1147 375 1246 409; x_wconf 82' lang='grc' dir='ltr'>μᾶλλον</span> <span class='ocrx_word' id='word_1_370' title='bbox 1261 374 1360 407; x_wconf 79' lang='grc' dir='ltr'>τοιάδε,</span> <span class='ocrx_word' id='word_1_371' title='bbox 1375 375 1391 410; x_wconf 84' lang='grc' dir='ltr'><strong>ἢ</strong></span> <span class='ocrx_word' id='word_1_372' title='bbox 1412 375 1511 404; x_wconf 84' lang='grc' dir='ltr'>τοιάδε,</span> <span class='ocrx_word' id='word_1_373' title='bbox 1528 374 1544 410; x_wconf 77' lang='grc' dir='ltr'><strong>ἦ</strong></span> <span class='ocrx_word' id='word_1_374' title='bbox 1561 375 1621 400; x_wconf 81' lang='grc' dir='ltr'>τότε</span> <span class='ocrx_word' id='word_1_375' title='bbox 1631 375 1680 409; x_wconf 82' lang='grc' dir='ltr'>μὲν</span> <span class='ocrx_word' id='word_1_376' title='bbox 1693 375 1761 406; x_wconf 85' lang='grc' dir='ltr'>τοῖα,</span> <span class='ocrx_word' id='word_1_377' title='bbox 1776 374 1840 401; x_wconf 76' lang='grc' dir='ltr'>τότε</span> 
     </span>
    </p>
   </div>
   <div class='ocr_carea' id='block_1_53' title="bbox 1054 417 1839 455">
    <p class='ocr_par' dir='ltr' id='par_1_53' title="bbox 1054 417 1839 455">
     <span class='ocr_line' id='line_1_53' title="bbox 1054 417 1839 455; baseline 0 -9"><span class='ocrx_word' id='word_1_378' title='bbox 1054 420 1081 446; x_wconf 80' lang='grc' dir='ltr'>δὲ</span> <span class='ocrx_word' id='word_1_379' title='bbox 1096 420 1127 446; x_wconf 73' lang='grc' dir='ltr'>οὐ</span> <span class='ocrx_word' id='word_1_380' title='bbox 1136 421 1206 452; x_wconf 79' lang='grc' dir='ltr'>τοῖα,</span> <span class='ocrx_word' id='word_1_381' title='bbox 1224 420 1240 455; x_wconf 85' lang='grc' dir='ltr'>ἢ</span> <span class='ocrx_word' id='word_1_382' title='bbox 1262 417 1283 454; x_wconf 87' lang='grc' dir='ltr'>ᾧ</span> <span class='ocrx_word' id='word_1_383' title='bbox 1302 420 1352 455; x_wconf 75' lang='grc' dir='ltr'>μὲν</span> <span class='ocrx_word' id='word_1_384' title='bbox 1366 419 1478 446; x_wconf 83' lang='grc' dir='ltr'>τοιαῦτα</span> <span class='ocrx_word' id='word_1_385' title='bbox 1490 417 1512 454; x_wconf 85' lang='grc' dir='ltr'><strong>ᾧ</strong></span> <span class='ocrx_word' id='word_1_386' title='bbox 1534 421 1562 447; x_wconf 73' lang='grc' dir='ltr'>δὲ</span> <span class='ocrx_word' id='word_1_387' title='bbox 1583 420 1613 447; x_wconf 77' lang='grc' dir='ltr'>οὐ</span> <span class='ocrx_word' id='word_1_388' title='bbox 1641 420 1753 447; x_wconf 79' lang='grc' dir='ltr'>τοιαῦτα</span> <span class='ocrx_word' id='word_1_389' title='bbox 1769 417 1791 454; x_wconf 81' lang='grc' dir='ltr'>ᾧ</span> <span class='ocrx_word' id='word_1_390' title='bbox 1814 420 1839 446; x_wconf 83' lang='grc' dir='ltr'>δ’</span> 
     </span>
    </p>
   </div>
   <div class='ocr_carea' id='block_1_54' title="bbox 1053 466 1835 501">
    <p class='ocr_par' dir='ltr' id='par_1_54' title="bbox 1053 466 1835 501">
     <span class='ocr_line' id='line_1_54' title="bbox 1053 466 1835 501; baseline 0 -9"><span class='ocrx_word' id='word_1_391' title='bbox 1053 466 1107 493; x_wconf 83' lang='grc' dir='ltr'>οὐδ’</span> <span class='ocrx_word' id='word_1_392' title='bbox 1120 466 1187 498; x_wconf 79' lang='grc' dir='ltr'><strong>ὅλως</strong></span> <span class='ocrx_word' id='word_1_393' title='bbox 1203 466 1267 492; x_wconf 76' lang='grc' dir='ltr'>ὕντα</span> <span class='ocrx_word' id='word_1_394' title='bbox 1281 475 1288 481; x_wconf 93' lang='grc'><strong>·</strong></span> <span class='ocrx_word' id='word_1_395' title='bbox 1305 466 1365 493; x_wconf 67' lang='grc' dir='ltr'>οὐδὲ</span> <span class='ocrx_word' id='word_1_396' title='bbox 1387 466 1411 483; x_wconf 69' lang='grc'>⁸⁸</span> <span class='ocrx_word' id='word_1_397' title='bbox 1426 466 1592 501; x_wconf 70' lang='grc' dir='ltr'>μὴνἿὲφικτὰ</span> <span class='ocrx_word' id='word_1_398' title='bbox 1621 467 1709 493; x_wconf 82' lang='grc' dir='ltr'>πάντα</span> <span class='ocrx_word' id='word_1_399' title='bbox 1735 466 1835 498; x_wconf 81' lang='grc' dir='ltr'>κοινῶς</span> 
     </span>
    </p>
   </div>
   <div class='ocr_carea' id='block_1_55' title="bbox 1054 512 1840 547">
    <p class='ocr_par' dir='ltr' id='par_1_55' title="bbox 1054 512 1840 547">
     <span class='ocr_line' id='line_1_55' title="bbox 1054 512 1840 547; baseline 0.001 -10"><span class='ocrx_word' id='word_1_400' title='bbox 1054 512 1070 546; x_wconf 74' lang='grc' dir='ltr'><strong>ἡ</strong></span> <span class='ocrx_word' id='word_1_401' title='bbox 1096 520 1155 538; x_wconf 86' lang='grc' dir='ltr'>τινα</span> <span class='ocrx_word' id='word_1_402' title='bbox 1171 512 1272 539; x_wconf 77' lang='grc' dir='ltr'>τούτων</span> <span class='ocrx_word' id='word_1_403' title='bbox 1287 513 1303 547; x_wconf 84' lang='grc' dir='ltr'>ἢ</span> <span class='ocrx_word' id='word_1_404' title='bbox 1318 512 1339 529; x_wconf 81' lang='grc'><strong>⁸⁸</strong></span> <span class='ocrx_word' id='word_1_405' title='bbox 1356 513 1406 538; x_wconf 86' lang='grc' dir='ltr'>οὐκ</span> <span class='ocrx_word' id='word_1_406' title='bbox 1437 513 1545 546; x_wconf 70' lang='grc' dir='ltr'>ἐφικτὰ,</span> <span class='ocrx_word' id='word_1_407' title='bbox 1561 512 1618 539; x_wconf 76' lang='grc' dir='ltr'>ἀλλ’</span> <span class='ocrx_word' id='word_1_408' title='bbox 1633 513 1709 539; x_wconf 73' lang='grc' dir='ltr'>οὐδὲν</span> <span class='ocrx_word' id='word_1_409' title='bbox 1735 513 1840 547; x_wconf 71' lang='grc' dir='ltr'>μᾶλλον</span> 
     </span>
    </p>
   </div>
   <div class='ocr_carea' id='block_1_56' title="bbox 1054 557 1823 593">
    <p class='ocr_par' dir='ltr' id='par_1_56' title="bbox 1054 557 1823 593">
     <span class='ocr_line' id='line_1_56' title="bbox 1054 557 1823 593; baseline 0.001 -10"><span class='ocrx_word' id='word_1_410' title='bbox 1054 557 1150 590; x_wconf 65' lang='grc' dir='ltr'>ἐφικτὰ</span> <span class='ocrx_word' id='word_1_411' title='bbox 1162 557 1178 592; x_wconf 84' lang='grc' dir='ltr'>ἢ</span> <span class='ocrx_word' id='word_1_412' title='bbox 1194 557 1244 584; x_wconf 77' lang='grc' dir='ltr'>οὐκ</span> <span class='ocrx_word' id='word_1_413' title='bbox 1263 558 1371 592; x_wconf 68' lang='grc' dir='ltr'>ἐφικτὰ,</span> <span class='ocrx_word' id='word_1_414' title='bbox 1391 558 1407 593; x_wconf 80' lang='grc' dir='ltr'>ἧ</span> <span class='ocrx_word' id='word_1_415' title='bbox 1422 558 1482 584; x_wconf 79' lang='grc' dir='ltr'>τότε</span> <span class='ocrx_word' id='word_1_416' title='bbox 1497 559 1545 593; x_wconf 82' lang='grc' dir='ltr'>μὲν</span> <span class='ocrx_word' id='word_1_417' title='bbox 1558 558 1655 592; x_wconf 71' lang='grc' dir='ltr'>ἐφικτὰ</span> <span class='ocrx_word' id='word_1_418' title='bbox 1666 558 1726 584; x_wconf 84' lang='grc' dir='ltr'>τότε</span> <span class='ocrx_word' id='word_1_419' title='bbox 1736 558 1759 584; x_wconf 80' lang='grc' dir='ltr'>δ’</span> <span class='ocrx_word' id='word_1_420' title='bbox 1770 559 1823 584; x_wconf 76' lang='grc' dir='ltr'>οὐκ</span> 
     </span>
    </p>
   </div>
   <div class='ocr_carea' id='block_1_57' title="bbox 1054 603 1874 639">
    <p class='ocr_par' dir='ltr' id='par_1_57' title="bbox 1054 603 1874 639">
     <span class='ocr_line' id='line_1_57' title="bbox 1054 603 1874 639; baseline 0.017 -21"><span class='ocrx_word' id='word_1_421' title='bbox 1054 603 1142 637; x_wconf 45' lang='lat' dir='ltr'><strong>tneo,</strong></span> <span class='ocrx_word' id='word_1_422' title='bbox 1165 604 1237 639; x_wconf 69' lang='grc' dir='ltr'><strong>ἢτῷ</strong></span> <span class='ocrx_word' id='word_1_423' title='bbox 1255 605 1304 639; x_wconf 73' lang='grc' dir='ltr'>μὲν</span> <span class='ocrx_word' id='word_1_424' title='bbox 1331 604 1430 637; x_wconf 73' lang='grc' dir='ltr'>ἐφικτὰ</span> <span class='ocrx_word' id='word_1_425' title='bbox 1447 604 1486 639; x_wconf 87' lang='grc' dir='ltr'>τῷ</span> <span class='ocrx_word' id='word_1_426' title='bbox 1511 604 1533 630; x_wconf 83' lang='grc' dir='ltr'>δ’</span> <span class='ocrx_word' id='word_1_427' title='bbox 1562 604 1603 631; x_wconf 76' lang='lat' dir='ltr'><strong>ob.</strong></span> <span class='ocrx_word' id='word_1_428' title='bbox 1620 604 1675 630; x_wconf 76' lang='grc' dir='ltr'><strong>Καὶ</strong></span> <span class='ocrx_word' id='word_1_429' title='bbox 1705 605 1758 639; x_wconf 83' lang='grc' dir='ltr'>μὴν</span> <span class='ocrx_word' id='word_1_430' title='bbox 1782 604 1840 631; x_wconf 74' lang='grc' dir='ltr'>οὐδ’</span> <span class='ocrx_word' id='word_1_431' title='bbox 1861 627 1874 638; x_wconf 66' lang='grc' dir='ltr'><strong><em>ο</em></strong></span> 
     </span>
    </p>
   </div>
   <div class='ocr_carea' id='block_1_58' title="bbox 1053 649 1838 684">
    <p class='ocr_par' dir='ltr' id='par_1_58' title="bbox 1053 649 1838 684">
     <span class='ocr_line' id='line_1_58' title="bbox 1053 649 1838 684; baseline -0.003 -7"><span class='ocrx_word' id='word_1_432' title='bbox 1053 650 1179 684; x_wconf 82' lang='grc' dir='ltr'>ἀληθινὸν</span> <span class='ocrx_word' id='word_1_433' title='bbox 1200 650 1259 677; x_wconf 75' lang='grc' dir='ltr'>οὐδὲ</span> <span class='ocrx_word' id='word_1_434' title='bbox 1277 650 1384 684; x_wconf 81' lang='grc' dir='ltr'>ψεῦδος,</span> <span class='ocrx_word' id='word_1_435' title='bbox 1404 650 1464 676; x_wconf 73' lang='grc' dir='ltr'>οὐδὲ</span> <span class='ocrx_word' id='word_1_436' title='bbox 1481 649 1608 681; x_wconf 79' lang='grc' dir='ltr'>πιθανὺν,</span> <span class='ocrx_word' id='word_1_437' title='bbox 1622 649 1676 675; x_wconf 82' lang='grc' dir='ltr'>οὐδ’</span> <span class='ocrx_word' id='word_1_438' title='bbox 1694 649 1838 681; x_wconf 78' lang='grc' dir='ltr'>απίθανον,</span> 
     </span>
    </p>
   </div>
   <div class='ocr_carea' id='block_1_59' title="bbox 1053 694 1840 730">
    <p class='ocr_par' dir='ltr' id='par_1_59' title="bbox 1053 694 1840 730">
     <span class='ocr_line' id='line_1_59' title="bbox 1053 694 1840 730; baseline -0.001 -9"><span class='ocrx_word' id='word_1_439' title='bbox 1053 694 1145 721; x_wconf 77' lang='grc' dir='ltr'>οὕδ¹ὃν</span> <span class='ocrx_word' id='word_1_440' title='bbox 1168 695 1227 721; x_wconf 81' lang='grc' dir='ltr'>οὐδὲ</span> <span class='ocrx_word' id='word_1_441' title='bbox 1243 695 1280 730; x_wconf 82' lang='grc' dir='ltr'>μὴ</span> <span class='ocrx_word' id='word_1_442' title='bbox 1296 695 1336 727; x_wconf 78' lang='grc' dir='ltr'><strong>ὃν,</strong></span> <span class='ocrx_word' id='word_1_443' title='bbox 1352 695 1419 721; x_wconf 76' lang='grc' dir='ltr'>ἀλλὰ</span> <span class='ocrx_word' id='word_1_444' title='bbox 1434 695 1463 721; x_wconf 80' lang='grc' dir='ltr'>τὸ</span> <span class='ocrx_word' id='word_1_445' title='bbox 1479 695 1545 722; x_wconf 74' lang='grc' dir='ltr'>αὐτὸ</span> <span class='ocrx_word' id='word_1_446' title='bbox 1562 695 1598 726; x_wconf 85' lang='grc' dir='ltr'><strong>ὡς</strong></span> <span class='ocrx_word' id='word_1_447' title='bbox 1615 696 1703 721; x_wconf 73' lang='grc' dir='ltr'>εἰπεῖν</span> <span class='ocrx_word' id='word_1_448' title='bbox 1723 695 1753 721; x_wconf 80' lang='grc' dir='ltr'>οὐ</span> <span class='ocrx_word' id='word_1_449' title='bbox 1771 695 1840 730; x_wconf 79' lang='grc' dir='ltr'><strong>μᾶλ-</strong></span> 
     </span>
    </p>
   </div>
   <div class='ocr_carea' id='block_1_60' title="bbox 1053 739 1838 775">
    <p class='ocr_par' dir='ltr' id='par_1_60' title="bbox 1053 739 1838 775">
     <span class='ocr_line' id='line_1_60' title="bbox 1053 739 1838 775; baseline -0.003 -9"><span class='ocrx_word' id='word_1_450' title='bbox 1053 740 1098 767; x_wconf 89' lang='grc' dir='ltr'><strong>λον</strong></span> <span class='ocrx_word' id='word_1_451' title='bbox 1116 740 1215 774; x_wconf 78' lang='grc' dir='ltr'>ἀληθὲς</span> <span class='ocrx_word' id='word_1_452' title='bbox 1229 740 1244 775; x_wconf 83' lang='grc' dir='ltr'><strong>ἦ</strong></span> <span class='ocrx_word' id='word_1_453' title='bbox 1268 740 1374 774; x_wconf 75' lang='grc' dir='ltr'>ψεῦδος,</span> <span class='ocrx_word' id='word_1_454' title='bbox 1391 739 1407 775; x_wconf 85' lang='grc' dir='ltr'>ἢ</span> <span class='ocrx_word' id='word_1_455' title='bbox 1434 740 1546 766; x_wconf 76' lang='grc' dir='ltr'>πιθανὸν</span> <span class='ocrx_word' id='word_1_456' title='bbox 1561 740 1577 775; x_wconf 84' lang='grc' dir='ltr'>ἦ</span> <span class='ocrx_word' id='word_1_457' title='bbox 1593 739 1735 771; x_wconf 77' lang='grc' dir='ltr'>ἀπίθανον,</span> <span class='ocrx_word' id='word_1_458' title='bbox 1750 739 1767 774; x_wconf 85' lang='grc' dir='ltr'><strong>ἢ</strong></span> <span class='ocrx_word' id='word_1_459' title='bbox 1794 739 1838 768; x_wconf 80' lang='grc' dir='ltr'><strong>ὃν,</strong></span> 
     </span>
    </p>
   </div>
   <div class='ocr_carea' id='block_1_61' title="bbox 1053 781 1840 821">
    <p class='ocr_par' dir='ltr' id='par_1_61' title="bbox 1053 781 1840 821">
     <span class='ocr_line' id='line_1_61' title="bbox 1053 781 1840 821; baseline -0.003 -9"><span class='ocrx_word' id='word_1_460' title='bbox 1053 786 1069 821; x_wconf 81' lang='grc' dir='ltr'>ἢ</span> <span class='ocrx_word' id='word_1_461' title='bbox 1085 786 1134 812; x_wconf 80' lang='grc' dir='ltr'><strong>οὐκ</strong></span> <span class='ocrx_word' id='word_1_462' title='bbox 1148 786 1189 817; x_wconf 74' lang='grc' dir='ltr'><strong>ὃν,</strong></span> <span class='ocrx_word' id='word_1_463' title='bbox 1204 785 1220 820; x_wconf 76' lang='grc' dir='ltr'>ἢ</span> <span class='ocrx_word' id='word_1_464' title='bbox 1241 786 1301 812; x_wconf 84' lang='grc' dir='ltr'>τότε</span> <span class='ocrx_word' id='word_1_465' title='bbox 1326 785 1374 820; x_wconf 79' lang='grc' dir='ltr'>μὲν</span> <span class='ocrx_word' id='word_1_466' title='bbox 1388 786 1468 818; x_wconf 84' lang='grc' dir='ltr'>τοῖον,</span> <span class='ocrx_word' id='word_1_467' title='bbox 1485 785 1546 811; x_wconf 82' lang='grc' dir='ltr'>τότε</span> <span class='ocrx_word' id='word_1_468' title='bbox 1561 785 1589 811; x_wconf 73' lang='grc' dir='ltr'>δὲ</span> <span class='ocrx_word' id='word_1_469' title='bbox 1604 786 1686 816; x_wconf 80' lang='grc' dir='ltr'>τοῖον,</span> <span class='ocrx_word' id='word_1_470' title='bbox 1706 785 1721 820; x_wconf 81' lang='grc' dir='ltr'>ἢ</span> <span class='ocrx_word' id='word_1_471' title='bbox 1739 781 1762 818; x_wconf 82' lang='grc' dir='ltr'>ᾧ</span> <span class='ocrx_word' id='word_1_472' title='bbox 1786 784 1840 819; x_wconf 80' lang='grc' dir='ltr'>μὲν</span> 
     </span>
    </p>
   </div>
   <div class='ocr_carea' id='block_1_62' title="bbox 1052 828 1841 866">
    <p class='ocr_par' dir='ltr' id='par_1_62' title="bbox 1052 828 1841 866">
     <span class='ocr_line' id='line_1_62' title="bbox 1052 828 1841 866; baseline -0.001 -8"><span class='ocrx_word' id='word_1_473' title='bbox 1052 832 1160 863; x_wconf 73' lang='grc' dir='ltr'>τοιονδὶ,</span> <span class='ocrx_word' id='word_1_474' title='bbox 1176 828 1199 866; x_wconf 82' lang='grc' dir='ltr'>ᾧ</span> <span class='ocrx_word' id='word_1_475' title='bbox 1215 831 1243 857; x_wconf 78' lang='grc' dir='ltr'>δὲ</span> <span class='ocrx_word' id='word_1_476' title='bbox 1259 833 1306 858; x_wconf 74' lang='grc' dir='ltr'>καὶ</span> <span class='ocrx_word' id='word_1_477' title='bbox 1314 831 1335 847; x_wconf 75' lang='grc'><strong>⁸⁷</strong></span> <span class='ocrx_word' id='word_1_478' title='bbox 1349 831 1379 857; x_wconf 82' lang='grc' dir='ltr'>οὐ</span> <span class='ocrx_word' id='word_1_479' title='bbox 1397 831 1503 858; x_wconf 85' lang='grc' dir='ltr'>τοιονδί.</span> <span class='ocrx_word' id='word_1_480' title='bbox 1520 831 1643 857; x_wconf 75' lang='grc' dir='ltr'><strong>Καθόλου</strong></span> <span class='ocrx_word' id='word_1_481' title='bbox 1658 830 1713 866; x_wconf 85' lang='grc' dir='ltr'><strong>γὰρ</strong></span> <span class='ocrx_word' id='word_1_482' title='bbox 1728 830 1803 857; x_wconf 82' lang='grc' dir='ltr'>οὐδὲν</span> <span class='ocrx_word' id='word_1_483' title='bbox 1824 831 1841 857; x_wconf 82' lang='grc' dir='ltr'>ὁ</span> 
     </span>
    </p>
   </div>
   <div class='ocr_carea' id='block_1_63' title="bbox 1018 860 1841 913">
    <p class='ocr_par' dir='ltr' id='par_1_63' title="bbox 1018 860 1841 913">
     <span class='ocr_line' id='line_1_63' title="bbox 1018 860 1841 913; baseline -0.004 -9"><span class='ocrx_word' id='word_1_484' title='bbox 1018 860 1039 888; x_wconf 73' lang='grc' dir='ltr'><strong>Β</strong></span> <span class='ocrx_word' id='word_1_485' title='bbox 1054 860 1209 913; x_wconf 45' lang='lat' dir='ltr'><strong>uastauit;</strong></span> <span class='ocrx_word' id='word_1_486' title='bbox 1226 876 1321 912; x_wconf 80' lang='grc' dir='ltr'>ὁρίζει,</span> <span class='ocrx_word' id='word_1_487' title='bbox 1346 875 1402 903; x_wconf 79' lang='grc' dir='ltr'>ἀλλ’</span> <span class='ocrx_word' id='word_1_488' title='bbox 1425 876 1486 902; x_wconf 68' lang='grc' dir='ltr'>οὐδὲ</span> <span class='ocrx_word' id='word_1_489' title='bbox 1516 875 1581 902; x_wconf 79' lang='grc' dir='ltr'>αὐτὸ</span> <span class='ocrx_word' id='word_1_490' title='bbox 1594 860 1685 907; x_wconf 76' lang='grc' dir='ltr'>τοῦτο,</span> <span class='ocrx_word' id='word_1_491' title='bbox 1697 860 1742 902; x_wconf 79' lang='grc' dir='ltr'>’δτι</span> <span class='ocrx_word' id='word_1_492' title='bbox 1758 875 1841 901; x_wconf 70' lang='grc' dir='ltr'>οὐδὲν</span> 
     </span>
    </p>
   </div>
   <div class='ocr_carea' id='block_1_64' title="bbox 1054 920 1841 959">
    <p class='ocr_par' dir='ltr' id='par_1_64' title="bbox 1054 920 1841 959">
     <span class='ocr_line' id='line_1_64' title="bbox 1054 920 1841 959; baseline -0.005 -9"><span class='ocrx_word' id='word_1_493' title='bbox 1054 921 1218 959; x_wconf 79' lang='grc' dir='ltr'>διορίζεται·</span> <span class='ocrx_word' id='word_1_494' title='bbox 1240 922 1298 949; x_wconf 83' lang='grc' dir='ltr'>ἀλλ’</span> <span class='ocrx_word' id='word_1_495' title='bbox 1325 923 1375 948; x_wconf 82' lang='grc' dir='ltr'>οὐκ</span> <span class='ocrx_word' id='word_1_496' title='bbox 1395 921 1513 957; x_wconf 74' lang='grc' dir='ltr'>ἔχοντες,</span> <span class='ocrx_word' id='word_1_497' title='bbox 1543 921 1625 955; x_wconf 74' lang='grc' dir='ltr'>φησὶν</span> <span class='ocrx_word' id='word_1_498' title='bbox 1647 922 1682 953; x_wconf 76' lang='grc'><strong>⁸⁸,</strong></span> <span class='ocrx_word' id='word_1_499' title='bbox 1706 922 1779 952; x_wconf 76' lang='grc' dir='ltr'><strong>ὅπως</strong></span> <span class='ocrx_word' id='word_1_500' title='bbox 1806 920 1841 947; x_wconf 76' lang='grc' dir='ltr'><strong>τδ</strong></span> 
     </span>
    </p>
   </div>
   <div class='ocr_carea' id='block_1_65' title="bbox 1054 966 1843 1003">
    <p class='ocr_par' dir='ltr' id='par_1_65' title="bbox 1054 966 1843 1003">
     <span class='ocr_line' id='line_1_65' title="bbox 1054 966 1843 1003; baseline -0.004 -7"><span class='ocrx_word' id='word_1_501' title='bbox 1054 969 1196 1003; x_wconf 84' lang='grc' dir='ltr'><strong>νοούμενον</strong></span> <span class='ocrx_word' id='word_1_502' title='bbox 1221 968 1425 1002; x_wconf 72' lang='grc' dir='ltr'>ἐκλαλὴσωμεν,</span> <span class='ocrx_word' id='word_1_503' title='bbox 1443 966 1514 993; x_wconf 78' lang='grc' dir='ltr'>οὓτω</span> <span class='ocrx_word' id='word_1_504' title='bbox 1529 967 1679 1002; x_wconf 77' lang='grc' dir='ltr'>φράζομεν.</span> <span class='ocrx_word' id='word_1_505' title='bbox 1690 967 1723 993; x_wconf 80' lang='grc' dir='ltr'><strong>οι</strong></span> <span class='ocrx_word' id='word_1_506' title='bbox 1745 966 1766 993; x_wconf 82' lang='grc' dir='ltr'>δ’</span> <span class='ocrx_word' id='word_1_507' title='bbox 1781 966 1843 993; x_wconf 72' lang='grc' dir='ltr'><strong>ἀπὸ</strong></span> 
     </span>
    </p>
   </div>
   <div class='ocr_carea' id='block_1_66' title="bbox 1054 1012 1843 1050">
    <p class='ocr_par' dir='ltr' id='par_1_66' title="bbox 1054 1012 1843 1050">
     <span class='ocr_line' id='line_1_66' title="bbox 1054 1012 1843 1050; baseline -0.004 -9"><span class='ocrx_word' id='word_1_508' title='bbox 1054 1016 1103 1050; x_wconf 80' lang='grc' dir='ltr'><strong>τῆς</strong></span> <span class='ocrx_word' id='word_1_509' title='bbox 1122 1014 1300 1049; x_wconf 72' lang='grc' dir='ltr'><strong>Ἀκαδημίας,</strong></span> <span class='ocrx_word' id='word_1_510' title='bbox 1316 1015 1393 1049; x_wconf 80' lang='grc' dir='ltr'>φησὶ,</span> <span class='ocrx_word' id='word_1_511' title='bbox 1412 1013 1530 1048; x_wconf 82' lang='grc' dir='ltr'>μάλιστα</span> <span class='ocrx_word' id='word_1_512' title='bbox 1548 1012 1600 1047; x_wconf 82' lang='grc' dir='ltr'><strong>τῆς</strong></span> <span class='ocrx_word' id='word_1_513' title='bbox 1615 1012 1674 1045; x_wconf 85' lang='grc' dir='ltr'>νῦν,</span> <span class='ocrx_word' id='word_1_514' title='bbox 1688 1013 1734 1039; x_wconf 82' lang='grc' dir='ltr'><strong>καὶ</strong></span> <span class='ocrx_word' id='word_1_515' title='bbox 1753 1013 1843 1038; x_wconf 75' lang='grc' dir='ltr'>Στωῖο</span> 
     </span>
    </p>
   </div>
   <div class='ocr_carea' id='block_1_67' title="bbox 1055 1056 1843 1094">
    <p class='ocr_par' dir='ltr' id='par_1_67' title="bbox 1055 1056 1843 1094">
     <span class='ocr_line' id='line_1_67' title="bbox 1055 1056 1843 1094; baseline -0.006 -6"><span class='ocrx_word' id='word_1_516' title='bbox 1055 1061 1116 1092; x_wconf 78' lang='grc' dir='ltr'>καῖς</span> <span class='ocrx_word' id='word_1_517' title='bbox 1129 1059 1312 1094; x_wconf 80' lang='grc' dir='ltr'><strong>συμφέρονται</strong></span> <span class='ocrx_word' id='word_1_518' title='bbox 1324 1059 1409 1086; x_wconf 66' lang='grc' dir='ltr'>ἐνίοτε</span> <span class='ocrx_word' id='word_1_519' title='bbox 1435 1058 1535 1091; x_wconf 79' lang='grc' dir='ltr'><strong>δόξαις,</strong></span> <span class='ocrx_word' id='word_1_520' title='bbox 1548 1058 1596 1085; x_wconf 78' lang='grc' dir='ltr'>καὶ</span> <span class='ocrx_word' id='word_1_521' title='bbox 1611 1058 1636 1084; x_wconf 84' lang='lat' dir='ltr'><strong>sl</strong></span> <span class='ocrx_word' id='word_1_522' title='bbox 1652 1057 1705 1092; x_wconf 78' lang='grc' dir='ltr'><strong>χρὴ</strong></span> <span class='ocrx_word' id='word_1_523' title='bbox 1722 1056 1843 1091; x_wconf 69' lang='grc' dir='ltr'>τάληθὲς</span> 
     </span>
    </p>
   </div>
   <div class='ocr_carea' id='block_1_68' title="bbox 1055 1102 1843 1139">
    <p class='ocr_par' dir='ltr' id='par_1_68' title="bbox 1055 1102 1843 1139">
     <span class='ocr_line' id='line_1_68' title="bbox 1055 1102 1843 1139; baseline -0.004 -8"><span class='ocrx_word' id='word_1_524' title='bbox 1055 1106 1151 1137; x_wconf 78' lang='grc' dir='ltr'>ειπετν,</span> <span class='ocrx_word' id='word_1_525' title='bbox 1166 1104 1280 1131; x_wconf 81' lang='grc' dir='ltr'>Στωϊκοὶ</span> <span class='ocrx_word' id='word_1_526' title='bbox 1293 1104 1432 1138; x_wconf 84' lang='grc' dir='ltr'>φαίνονται</span> <span class='ocrx_word' id='word_1_527' title='bbox 1447 1103 1595 1139; x_wconf 81' lang='grc' dir='ltr'>μαχόμενοι</span> <span class='ocrx_word' id='word_1_528' title='bbox 1607 1104 1746 1134; x_wconf 77' lang='grc' dir='ltr'><strong>Στωϊκοὶς.</strong></span> <span class='ocrx_word' id='word_1_529' title='bbox 1770 1102 1843 1129; x_wconf 80' lang='grc' dir='ltr'><strong>Δεύ-</strong></span> 
     </span>
    </p>
   </div>
   <div class='ocr_carea' id='block_1_69' title="bbox 1054 1148 1842 1186">
    <p class='ocr_par' dir='ltr' id='par_1_69' title="bbox 1054 1148 1842 1186">
     <span class='ocr_line' id='line_1_69' title="bbox 1054 1148 1842 1186; baseline -0.004 -8"><span class='ocrx_word' id='word_1_530' title='bbox 1054 1159 1134 1186; x_wconf 81' lang='grc' dir='ltr'><strong>τερον</strong></span> <span class='ocrx_word' id='word_1_531' title='bbox 1150 1150 1246 1185; x_wconf 61' lang='grc' dir='ltr'>*δπερὶ</span> <span class='ocrx_word' id='word_1_532' title='bbox 1258 1148 1363 1176; x_wconf 78' lang='grc' dir='ltr'><strong>πολλῶν</strong></span> <span class='ocrx_word' id='word_1_533' title='bbox 1376 1148 1595 1184; x_wconf 68' lang='grc' dir='ltr'>δογματίζουσίν.</span> <span class='ocrx_word' id='word_1_534' title='bbox 1612 1149 1727 1184; x_wconf 75' lang='grc' dir='ltr'>Ἀρετήν</span> <span class='ocrx_word' id='word_1_535' title='bbox 1738 1157 1767 1175; x_wconf 74' lang='grc' dir='ltr'><strong>τε</strong></span> <span class='ocrx_word' id='word_1_536' title='bbox 1781 1148 1842 1183; x_wconf 79' lang='grc' dir='ltr'>γὰρ</span> 
     </span>
    </p>
   </div>
   <div class='ocr_carea' id='block_1_70' title="bbox 1056 1195 1844 1231">
    <p class='ocr_par' dir='ltr' id='par_1_70' title="bbox 1056 1195 1844 1231">
     <span class='ocr_line' id='line_1_70' title="bbox 1056 1195 1844 1231; baseline -0.005 -7"><span class='ocrx_word' id='word_1_537' title='bbox 1056 1199 1103 1224; x_wconf 72' lang='grc' dir='ltr'>καὶ</span> <span class='ocrx_word' id='word_1_538' title='bbox 1128 1196 1284 1231; x_wconf 75' lang='grc' dir='ltr'><strong>ἀφροσύνην</strong></span> <span class='ocrx_word' id='word_1_539' title='bbox 1303 1195 1454 1230; x_wconf 76' lang='grc' dir='ltr'>εἰσάγουσι,</span> <span class='ocrx_word' id='word_1_540' title='bbox 1481 1195 1530 1222; x_wconf 72' lang='grc' dir='ltr'>καὶ</span> <span class='ocrx_word' id='word_1_541' title='bbox 1558 1195 1661 1230; x_wconf 77' lang='grc' dir='ltr'><strong>ἀγαθὸν</strong></span> <span class='ocrx_word' id='word_1_542' title='bbox 1682 1195 1729 1222; x_wconf 76' lang='grc' dir='ltr'>καὶ</span> <span class='ocrx_word' id='word_1_543' title='bbox 1753 1197 1844 1221; x_wconf 79' lang='grc' dir='ltr'>κακδν</span> 
     </span>
    </p>
   </div>
   <div class='ocr_carea' id='block_1_71' title="bbox 1056 1240 1843 1276">
    <p class='ocr_par' dir='ltr' id='par_1_71' title="bbox 1056 1240 1843 1276">
     <span class='ocr_line' id='line_1_71' title="bbox 1056 1240 1843 1276; baseline -0.005 -6"><span class='ocrx_word' id='word_1_544' title='bbox 1056 1241 1238 1274; x_wconf 78' lang='grc' dir='ltr'>ὑποτίθενται,</span> <span class='ocrx_word' id='word_1_545' title='bbox 1260 1241 1307 1268; x_wconf 78' lang='grc' dir='ltr'>καὶ</span> <span class='ocrx_word' id='word_1_546' title='bbox 1328 1241 1457 1276; x_wconf 74' lang='grc' dir='ltr'>ἀλήθειαν</span> <span class='ocrx_word' id='word_1_547' title='bbox 1479 1241 1527 1268; x_wconf 79' lang='grc' dir='ltr'>καὶ</span> <span class='ocrx_word' id='word_1_548' title='bbox 1550 1241 1656 1275; x_wconf 81' lang='grc' dir='ltr'>ψεῦδος,</span> <span class='ocrx_word' id='word_1_549' title='bbox 1669 1241 1716 1268; x_wconf 74' lang='grc' dir='ltr'>καὶ</span> <span class='ocrx_word' id='word_1_550' title='bbox 1735 1240 1768 1275; x_wconf 72' lang='grc' dir='ltr'>δὴ</span> <span class='ocrx_word' id='word_1_551' title='bbox 1791 1240 1843 1266; x_wconf 70' lang='grc' dir='ltr'>καὶ</span> 
     </span>
    </p>
   </div>
   <div class='ocr_carea' id='block_1_72' title="bbox 1057 1285 1845 1322">
    <p class='ocr_par' dir='ltr' id='par_1_72' title="bbox 1057 1285 1845 1322">
     <span class='ocr_line' id='line_1_72' title="bbox 1057 1285 1845 1322; baseline -0.003 -8"><span class='ocrx_word' id='word_1_552' title='bbox 1057 1287 1168 1314; x_wconf 82' lang='grc' dir='ltr'>πιθανὸν</span> <span class='ocrx_word' id='word_1_553' title='bbox 1202 1287 1249 1313; x_wconf 81' lang='grc' dir='ltr'>καὶ</span> <span class='ocrx_word' id='word_1_554' title='bbox 1268 1286 1410 1320; x_wconf 84' lang='grc' dir='ltr'>ἀπίθανον,</span> <span class='ocrx_word' id='word_1_555' title='bbox 1431 1286 1478 1313; x_wconf 80' lang='grc' dir='ltr'>καὶ</span> <span class='ocrx_word' id='word_1_556' title='bbox 1494 1286 1523 1313; x_wconf 78' lang='grc' dir='ltr'>ὃν</span> <span class='ocrx_word' id='word_1_557' title='bbox 1538 1287 1585 1313; x_wconf 65' lang='grc' dir='ltr'>καὶ</span> <span class='ocrx_word' id='word_1_558' title='bbox 1610 1287 1647 1322; x_wconf 81' lang='grc' dir='ltr'>μὴ</span> <span class='ocrx_word' id='word_1_559' title='bbox 1662 1286 1703 1318; x_wconf 80' lang='grc' dir='ltr'>δν,</span> <span class='ocrx_word' id='word_1_560' title='bbox 1720 1285 1787 1313; x_wconf 75' lang='grc' dir='ltr'>ἄλλα</span> <span class='ocrx_word' id='word_1_561' title='bbox 1810 1294 1845 1312; x_wconf 74' lang='grc' dir='ltr'><strong>τε</strong></span> 
     </span>
    </p>
   </div>
   <div class='ocr_carea' id='block_1_73' title="bbox 1056 1332 1846 1369">
    <p class='ocr_par' dir='ltr' id='par_1_73' title="bbox 1056 1332 1846 1369">
     <span class='ocr_line' id='line_1_73' title="bbox 1056 1332 1846 1369; baseline -0.004 -8"><span class='ocrx_word' id='word_1_562' title='bbox 1056 1333 1141 1361; x_wconf 79' lang='grc' dir='ltr'>πολλὰ</span> <span class='ocrx_word' id='word_1_563' title='bbox 1157 1332 1273 1369; x_wconf 76' lang='grc' dir='ltr'>βεϐαίως</span> <span class='ocrx_word' id='word_1_564' title='bbox 1288 1333 1418 1368; x_wconf 77' lang='grc' dir='ltr'>ὁρίζουσι,</span> <span class='ocrx_word' id='word_1_565' title='bbox 1428 1332 1638 1368; x_wconf 77' lang='grc' dir='ltr'>διαμφισϐητεῖν</span> <span class='ocrx_word' id='word_1_566' title='bbox 1653 1332 1682 1359; x_wconf 79' lang='grc' dir='ltr'>δέ</span> <span class='ocrx_word' id='word_1_567' title='bbox 1695 1340 1760 1366; x_wconf 89' lang='grc' dir='ltr'>φασι</span> <span class='ocrx_word' id='word_1_568' title='bbox 1775 1332 1846 1366; x_wconf 76' lang='grc' dir='ltr'>περὶ</span> 
     </span>
    </p>
   </div>
   <div class='ocr_carea' id='block_1_74' title="bbox 1059 1377 1847 1416">
    <p class='ocr_par' dir='ltr' id='par_1_74' title="bbox 1059 1377 1847 1416">
     <span class='ocr_line' id='line_1_74' title="bbox 1059 1377 1847 1416; baseline -0.003 -11"><span class='ocrx_word' id='word_1_569' title='bbox 1059 1380 1196 1416; x_wconf 83' lang='grc' dir='ltr'>μόνηςτῆς</span> <span class='ocrx_word' id='word_1_570' title='bbox 1213 1379 1419 1413; x_wconf 65' lang='grc' dir='ltr'>καταληπικῆς</span> <span class='ocrx_word' id='word_1_571' title='bbox 1444 1379 1604 1413; x_wconf 70' lang='grc' dir='ltr'>φαντασίας.</span> <span class='ocrx_word' id='word_1_572' title='bbox 1621 1378 1667 1405; x_wconf 82' lang='grc' dir='ltr'>Διδ</span> <span class='ocrx_word' id='word_1_573' title='bbox 1679 1378 1704 1405; x_wconf 73' lang='grc' dir='ltr'>οἱ</span> <span class='ocrx_word' id='word_1_574' title='bbox 1716 1378 1766 1412; x_wconf 86' lang='grc' dir='ltr'>μὲν</span> <span class='ocrx_word' id='word_1_575' title='bbox 1785 1377 1847 1404; x_wconf 69' lang='grc' dir='ltr'><strong>ἀπὸ</strong></span> 
     </span>
    </p>
   </div>
   <div class='ocr_carea' id='block_1_75' title="bbox 1058 1424 1847 1462">
    <p class='ocr_par' dir='ltr' id='par_1_75' title="bbox 1058 1424 1847 1462">
     <span class='ocr_line' id='line_1_75' title="bbox 1058 1424 1847 1462; baseline -0.005 -8"><span class='ocrx_word' id='word_1_576' title='bbox 1058 1426 1202 1462; x_wconf 68' lang='grc' dir='ltr'>Πύρρωνος</span> <span class='ocrx_word' id='word_1_577' title='bbox 1215 1425 1243 1451; x_wconf 80' lang='grc' dir='ltr'>ὲν</span> <span class='ocrx_word' id='word_1_578' title='bbox 1256 1425 1295 1460; x_wconf 86' lang='grc' dir='ltr'><strong>τῷ</strong></span> <span class='ocrx_word' id='word_1_579' title='bbox 1309 1425 1392 1460; x_wconf 83' lang='grc' dir='ltr'>μηδὲν</span> <span class='ocrx_word' id='word_1_580' title='bbox 1407 1424 1507 1460; x_wconf 80' lang='grc' dir='ltr'><strong>ὁρίζειν</strong></span> <span class='ocrx_word' id='word_1_581' title='bbox 1525 1425 1705 1459; x_wconf 68' lang='grc' dir='ltr'><strong>ἀνεπίληπτοι</strong></span> <span class='ocrx_word' id='word_1_582' title='bbox 1718 1425 1749 1450; x_wconf 80' lang='grc' dir='ltr'>τὸ</span> <span class='ocrx_word' id='word_1_583' title='bbox 1769 1433 1847 1460; x_wconf 76' lang='grc' dir='ltr'>παρ-</span> 
     </span>
    </p>
   </div>
   <div class='ocr_carea' id='block_1_76' title="bbox 1058 1469 1849 1506">
    <p class='ocr_par' dir='ltr' id='par_1_76' title="bbox 1058 1469 1849 1506">
     <span class='ocr_line' id='line_1_76' title="bbox 1058 1469 1849 1506; baseline -0.006 -7"><span class='ocrx_word' id='word_1_584' title='bbox 1058 1473 1131 1500; x_wconf 77' lang='grc' dir='ltr'>άπαν</span> <span class='ocrx_word' id='word_1_585' title='bbox 1144 1471 1314 1506; x_wconf 83' lang='grc' dir='ltr'>διαμένουσιν</span> <span class='ocrx_word' id='word_1_586' title='bbox 1322 1479 1329 1486; x_wconf 91' lang='grc'><strong>·</strong></span> <span class='ocrx_word' id='word_1_587' title='bbox 1340 1471 1364 1497; x_wconf 86' lang='grc' dir='ltr'>οἱ</span> <span class='ocrx_word' id='word_1_588' title='bbox 1377 1470 1399 1496; x_wconf 77' lang='grc' dir='ltr'>δ’</span> <span class='ocrx_word' id='word_1_589' title='bbox 1409 1470 1438 1502; x_wconf 73' lang='grc' dir='ltr'><strong>ἐξ</strong></span> <span class='ocrx_word' id='word_1_590' title='bbox 1453 1470 1629 1505; x_wconf 71' lang='grc' dir='ltr'>Ἀκαδημίας,</span> <span class='ocrx_word' id='word_1_591' title='bbox 1640 1471 1733 1504; x_wconf 77' lang='grc' dir='ltr'>φησὶν,</span> <span class='ocrx_word' id='word_1_592' title='bbox 1743 1469 1849 1503; x_wconf 70' lang='grc' dir='ltr'>ὁμοίας</span> 
     </span>
    </p>
   </div>
   <div class='ocr_carea' id='block_1_77' title="bbox 1058 1515 1847 1550">
    <p class='ocr_par' dir='ltr' id='par_1_77' title="bbox 1058 1515 1847 1550">
     <span class='ocr_line' id='line_1_77' title="bbox 1058 1515 1847 1550; baseline -0.005 -5"><span class='ocrx_word' id='word_1_593' title='bbox 1058 1518 1106 1550; x_wconf 69' lang='grc' dir='ltr'><strong>τὰς</strong></span> <span class='ocrx_word' id='word_1_594' title='bbox 1121 1517 1235 1549; x_wconf 75' lang='grc' dir='ltr'><strong>εὐθύνας</strong></span> <span class='ocrx_word' id='word_1_595' title='bbox 1250 1519 1304 1548; x_wconf 74' lang='grc' dir='ltr'>τοῖς</span> <span class='ocrx_word' id='word_1_596' title='bbox 1318 1517 1407 1547; x_wconf 78' lang='grc' dir='ltr'>ἄλλοις</span> <span class='ocrx_word' id='word_1_597' title='bbox 1432 1516 1586 1550; x_wconf 80' lang='grc' dir='ltr'>φιλοσόφοις</span> <span class='ocrx_word' id='word_1_598' title='bbox 1603 1516 1744 1550; x_wconf 75' lang='grc' dir='ltr'>ὑπέχουσι.</span> <span class='ocrx_word' id='word_1_599' title='bbox 1760 1515 1798 1541; x_wconf 86' lang='grc' dir='ltr'>Τδ</span> <span class='ocrx_word' id='word_1_600' title='bbox 1815 1515 1847 1542; x_wconf 71' lang='grc' dir='ltr'>δὲ</span> 
     </span>
    </p>
   </div>
   <div class='ocr_carea' id='block_1_78' title="bbox 1058 1562 1848 1600">
    <p class='ocr_par' dir='ltr' id='par_1_78' title="bbox 1058 1562 1848 1600">
     <span class='ocr_line' id='line_1_78' title="bbox 1058 1562 1848 1600; baseline -0.005 -9"><span class='ocrx_word' id='word_1_601' title='bbox 1058 1564 1196 1600; x_wconf 78' lang='grc' dir='ltr'>μέγιστον,</span> <span class='ocrx_word' id='word_1_602' title='bbox 1208 1564 1233 1590; x_wconf 81' lang='grc' dir='ltr'>οὶ</span> <span class='ocrx_word' id='word_1_603' title='bbox 1246 1563 1296 1598; x_wconf 84' lang='grc' dir='ltr'>μὲν</span> <span class='ocrx_word' id='word_1_604' title='bbox 1312 1564 1376 1598; x_wconf 69' lang='grc' dir='ltr'>περὶ</span> <span class='ocrx_word' id='word_1_605' title='bbox 1391 1562 1490 1594; x_wconf 68' lang='grc' dir='ltr'>παντὸς</span> <span class='ocrx_word' id='word_1_606' title='bbox 1499 1562 1548 1588; x_wconf 78' lang='grc' dir='ltr'>τοῦ</span> <span class='ocrx_word' id='word_1_607' title='bbox 1559 1562 1736 1596; x_wconf 70' lang='grc' dir='ltr'><strong>προτεθέντος</strong></span> <span class='ocrx_word' id='word_1_608' title='bbox 1745 1562 1848 1588; x_wconf 79' lang='grc' dir='ltr'>διαπο-</span> 
     </span>
    </p>
   </div>
   <div class='ocr_carea' id='block_1_79' title="bbox 1059 1607 1848 1646">
    <p class='ocr_par' dir='ltr' id='par_1_79' title="bbox 1059 1607 1848 1646">
     <span class='ocr_line' id='line_1_79' title="bbox 1059 1607 1848 1646; baseline -0.004 -9"><span class='ocrx_word' id='word_1_609' title='bbox 1059 1610 1167 1646; x_wconf 81' lang='grc' dir='ltr'>ροῦντες</span> <span class='ocrx_word' id='word_1_610' title='bbox 1178 1609 1208 1636; x_wconf 86' lang='grc' dir='ltr'><strong>τό</strong></span> <span class='ocrx_word' id='word_1_611' title='bbox 1221 1617 1251 1635; x_wconf 85' lang='grc' dir='ltr'><strong>τε</strong></span> <span class='ocrx_word' id='word_1_612' title='bbox 1277 1609 1418 1643; x_wconf 84' lang='grc' dir='ltr'>σύστοιχον</span> <span class='ocrx_word' id='word_1_613' title='bbox 1444 1607 1603 1643; x_wconf 72' lang='grc' dir='ltr'>διατηροῦσι</span> <span class='ocrx_word' id='word_1_614' title='bbox 1619 1608 1665 1634; x_wconf 80' lang='grc' dir='ltr'>καὶ</span> <span class='ocrx_word' id='word_1_615' title='bbox 1683 1608 1789 1638; x_wconf 68' lang='grc' dir='ltr'>ἑαυτοῖς</span> <span class='ocrx_word' id='word_1_616' title='bbox 1813 1608 1848 1634; x_wconf 83' lang='grc' dir='ltr'>οὐ</span> 
     </span>
    </p>
   </div>
   <div class='ocr_carea' id='block_1_80' title="bbox 1059 1653 1847 1691">
    <p class='ocr_par' dir='ltr' id='par_1_80' title="bbox 1059 1653 1847 1691">
     <span class='ocr_line' id='line_1_80' title="bbox 1059 1653 1847 1691; baseline -0.005 -8"><span class='ocrx_word' id='word_1_617' title='bbox 1059 1657 1202 1691; x_wconf 76' lang='grc' dir='ltr'>μάχονται,</span> <span class='ocrx_word' id='word_1_618' title='bbox 1218 1656 1242 1682; x_wconf 81' lang='grc' dir='ltr'><strong>οι</strong></span> <span class='ocrx_word' id='word_1_619' title='bbox 1261 1655 1290 1683; x_wconf 77' lang='grc' dir='ltr'>δὲ</span> <span class='ocrx_word' id='word_1_620' title='bbox 1303 1654 1465 1690; x_wconf 75' lang='grc' dir='ltr'>μαχομένοις</span> <span class='ocrx_word' id='word_1_621' title='bbox 1484 1655 1507 1670; x_wconf 84' lang='grc'>⁹⁰</span> <span class='ocrx_word' id='word_1_622' title='bbox 1523 1654 1629 1685; x_wconf 72' lang='grc' dir='ltr'>ἑαυτοῖς</span> <span class='ocrx_word' id='word_1_623' title='bbox 1645 1653 1676 1680; x_wconf 89' lang='grc' dir='ltr'>οὺ</span> <span class='ocrx_word' id='word_1_624' title='bbox 1696 1653 1825 1680; x_wconf 78' lang='grc' dir='ltr'>συνίσασι</span> <span class='ocrx_word' id='word_1_625' title='bbox 1837 1661 1847 1669; x_wconf 87' lang='grc'><strong>·</strong></span> 
     </span>
    </p>
   </div>
   <div class='ocr_carea' id='block_1_81' title="bbox 1056 1698 1850 1736">
    <p class='ocr_par' dir='ltr' id='par_1_81' title="bbox 1056 1698 1850 1736">
     <span class='ocr_line' id='line_1_81' title="bbox 1056 1698 1850 1736; baseline -0.005 -7"><span class='ocrx_word' id='word_1_626' title='bbox 1056 1702 1087 1729; x_wconf 83' lang='grc' dir='ltr'>τὸ</span> <span class='ocrx_word' id='word_1_627' title='bbox 1099 1701 1152 1736; x_wconf 83' lang='grc' dir='ltr'>γὰρ</span> <span class='ocrx_word' id='word_1_628' title='bbox 1167 1701 1225 1736; x_wconf 74' lang='grc' dir='ltr'>ἅμα</span> <span class='ocrx_word' id='word_1_629' title='bbox 1240 1700 1342 1727; x_wconf 78' lang='grc' dir='ltr'>τιθέναι</span> <span class='ocrx_word' id='word_1_630' title='bbox 1356 1709 1383 1726; x_wconf 83' lang='grc' dir='ltr'><strong>τι</strong></span> <span class='ocrx_word' id='word_1_631' title='bbox 1398 1700 1445 1727; x_wconf 77' lang='grc' dir='ltr'>καὶ</span> <span class='ocrx_word' id='word_1_632' title='bbox 1455 1699 1545 1734; x_wconf 80' lang='grc' dir='ltr'>αἴρειν</span> <span class='ocrx_word' id='word_1_633' title='bbox 1563 1699 1764 1734; x_wconf 76' lang='grc' dir='ltr'>ἀναμφιϐόλως,</span> <span class='ocrx_word' id='word_1_634' title='bbox 1783 1698 1850 1733; x_wconf 66' lang='grc' dir='ltr'>ἅμα</span> 
     </span>
    </p>
   </div>
   <div class='ocr_carea' id='block_1_82' title="bbox 1057 1745 1848 1781">
    <p class='ocr_par' dir='ltr' id='par_1_82' title="bbox 1057 1745 1848 1781">
     <span class='ocr_line' id='line_1_82' title="bbox 1057 1745 1848 1781; baseline -0.003 -7"><span class='ocrx_word' id='word_1_635' title='bbox 1057 1757 1086 1774; x_wconf 81' lang='grc' dir='ltr'><strong>τε</strong></span> <span class='ocrx_word' id='word_1_636' title='bbox 1102 1748 1183 1781; x_wconf 76' lang='grc' dir='ltr'>φάναι</span> <span class='ocrx_word' id='word_1_637' title='bbox 1194 1746 1290 1777; x_wconf 81' lang='grc' dir='ltr'>κοινῶς</span> <span class='ocrx_word' id='word_1_638' title='bbox 1306 1746 1437 1781; x_wconf 80' lang='grc' dir='ltr'>ὑπάρχειν</span> <span class='ocrx_word' id='word_1_639' title='bbox 1452 1746 1473 1761; x_wconf 80' lang='grc'><strong>³¹</strong></span> <span class='ocrx_word' id='word_1_640' title='bbox 1486 1745 1657 1780; x_wconf 76' lang='grc' dir='ltr'>καταληπτά.</span> <span class='ocrx_word' id='word_1_641' title='bbox 1672 1745 1761 1780; x_wconf 82' lang='grc' dir='ltr'>μάχην</span> <span class='ocrx_word' id='word_1_642' title='bbox 1774 1745 1848 1779; x_wconf 72' lang='grc' dir='ltr'>ὀμο-</span> 
     </span>
    </p>
   </div>
   <div class='ocr_carea' id='block_1_83' title="bbox 1057 1789 1851 1828">
    <p class='ocr_par' dir='ltr' id='par_1_83' title="bbox 1057 1789 1851 1828">
     <span class='ocr_line' id='line_1_83' title="bbox 1057 1789 1851 1828; baseline -0.004 -8"><span class='ocrx_word' id='word_1_643' title='bbox 1057 1792 1224 1828; x_wconf 79' lang='grc' dir='ltr'>λογουμένην</span> <span class='ocrx_word' id='word_1_644' title='bbox 1242 1792 1358 1825; x_wconf 72' lang='grc' dir='ltr'>είσάγει,</span> <span class='ocrx_word' id='word_1_645' title='bbox 1383 1791 1443 1818; x_wconf 74' lang='grc' dir='ltr'>ἐπεὶ</span> <span class='ocrx_word' id='word_1_646' title='bbox 1465 1792 1524 1824; x_wconf 74' lang='grc' dir='ltr'><strong>πῶς</strong></span> <span class='ocrx_word' id='word_1_647' title='bbox 1544 1789 1599 1818; x_wconf 74' lang='grc' dir='ltr'>οἷόν</span> <span class='ocrx_word' id='word_1_648' title='bbox 1623 1800 1652 1818; x_wconf 84' lang='grc' dir='ltr'><strong>τε</strong></span> <span class='ocrx_word' id='word_1_649' title='bbox 1676 1790 1851 1824; x_wconf 68' lang='grc' dir='ltr'>γινώσκοντα</span> 
     </span>
    </p>
   </div>
   <div class='ocr_carea' id='block_1_84' title="bbox 1059 1836 1852 1874">
    <p class='ocr_par' dir='ltr' id='par_1_84' title="bbox 1059 1836 1852 1874">
     <span class='ocr_line' id='line_1_84' title="bbox 1059 1836 1852 1874; baseline -0.004 -9"><span class='ocrx_word' id='word_1_650' title='bbox 1059 1839 1117 1865; x_wconf 85' lang='grc' dir='ltr'>τόδε</span> <span class='ocrx_word' id='word_1_651' title='bbox 1137 1838 1185 1874; x_wconf 76' lang='grc' dir='ltr'>μὲν</span> <span class='ocrx_word' id='word_1_652' title='bbox 1199 1836 1268 1865; x_wconf 75' lang='grc' dir='ltr'>εἶναι</span> <span class='ocrx_word' id='word_1_653' title='bbox 1280 1837 1377 1872; x_wconf 74' lang='grc' dir='ltr'><strong>ἀληθὲς</strong></span> <span class='ocrx_word' id='word_1_654' title='bbox 1395 1837 1454 1864; x_wconf 82' lang='grc' dir='ltr'>τόδε</span> <span class='ocrx_word' id='word_1_655' title='bbox 1469 1837 1498 1864; x_wconf 82' lang='grc' dir='ltr'>δὲ</span> <span class='ocrx_word' id='word_1_656' title='bbox 1524 1837 1621 1872; x_wconf 76' lang='grc' dir='ltr'>ψεῦδος</span> <span class='ocrx_word' id='word_1_657' title='bbox 1643 1837 1684 1863; x_wconf 76' lang='grc' dir='ltr'>ἐτι</span> <span class='ocrx_word' id='word_1_658' title='bbox 1706 1836 1852 1870; x_wconf 80' lang='grc' dir='ltr'>διαπορεῖν</span> 
     </span>
    </p>
   </div>
   <div class='ocr_carea' id='block_1_85' title="bbox 1059 1881 1851 1918">
    <p class='ocr_par' dir='ltr' id='par_1_85' title="bbox 1059 1881 1851 1918">
     <span class='ocr_line' id='line_1_85' title="bbox 1059 1881 1851 1918; baseline -0.005 -6"><span class='ocrx_word' id='word_1_659' title='bbox 1059 1886 1104 1912; x_wconf 73' lang='grc' dir='ltr'>καὶ</span> <span class='ocrx_word' id='word_1_660' title='bbox 1114 1883 1248 1915; x_wconf 75' lang='grc' dir='ltr'>διστάται,</span> <span class='ocrx_word' id='word_1_661' title='bbox 1257 1884 1304 1910; x_wconf 81' lang='grc' dir='ltr'>καὶ</span> <span class='ocrx_word' id='word_1_662' title='bbox 1312 1884 1342 1909; x_wconf 79' lang='grc' dir='ltr'>οὐ</span> <span class='ocrx_word' id='word_1_663' title='bbox 1351 1883 1444 1918; x_wconf 79' lang='grc' dir='ltr'>σαφῶς</span> <span class='ocrx_word' id='word_1_664' title='bbox 1458 1883 1489 1910; x_wconf 83' lang='grc' dir='ltr'><strong>τὺ</strong></span> <span class='ocrx_word' id='word_1_665' title='bbox 1500 1883 1549 1918; x_wconf 79' lang='grc' dir='ltr'>μὲν</span> <span class='ocrx_word' id='word_1_666' title='bbox 1559 1883 1667 1909; x_wconf 74' lang='grc' dir='ltr'>ἑλέσθαι</span> <span class='ocrx_word' id='word_1_667' title='bbox 1678 1883 1708 1909; x_wconf 80' lang='grc' dir='ltr'>τὸ</span> <span class='ocrx_word' id='word_1_668' title='bbox 1722 1881 1750 1908; x_wconf 60' lang='lat' dir='ltr'><strong>ﬁt</strong></span> <span class='ocrx_word' id='word_1_669' title='bbox 1765 1890 1851 1917; x_wconf 75' lang='grc' dir='ltr'>περι-</span> 
     </span>
    </p>
   </div>
   <div class='ocr_carea' id='block_1_86' title="bbox 1060 1926 1851 1965">
    <p class='ocr_par' dir='ltr' id='par_1_86' title="bbox 1060 1926 1851 1965">
     <span class='ocr_line' id='line_1_86' title="bbox 1060 1926 1851 1965; baseline -0.005 -9"><span class='ocrx_word' id='word_1_670' title='bbox 1060 1930 1155 1965; x_wconf 86' lang='grc' dir='ltr'>στῆναι</span> <span class='ocrx_word' id='word_1_671' title='bbox 1169 1938 1176 1961; x_wconf 90' lang='grc'><strong>;</strong></span> <span class='ocrx_word' id='word_1_672' title='bbox 1189 1930 1214 1955; x_wconf 80' lang='grc' dir='ltr'>εἰ</span> <span class='ocrx_word' id='word_1_673' title='bbox 1229 1928 1278 1963; x_wconf 80' lang='grc' dir='ltr'>μὲν</span> <span class='ocrx_word' id='word_1_674' title='bbox 1292 1928 1346 1963; x_wconf 88' lang='grc' dir='ltr'><strong>γὰρ</strong></span> <span class='ocrx_word' id='word_1_675' title='bbox 1362 1928 1384 1943; x_wconf 76' lang='grc' dir='ltr'>’ί</span> <span class='ocrx_word' id='word_1_676' title='bbox 1399 1929 1536 1962; x_wconf 79' lang='grc' dir='ltr'>ἀγνοεῖται</span> <span class='ocrx_word' id='word_1_677' title='bbox 1547 1927 1588 1953; x_wconf 79' lang='grc' dir='ltr'>ὃτι</span> <span class='ocrx_word' id='word_1_678' title='bbox 1605 1927 1664 1953; x_wconf 83' lang='grc' dir='ltr'>τόδε</span> <span class='ocrx_word' id='word_1_679' title='bbox 1678 1927 1754 1953; x_wconf 79' lang='grc' dir='ltr'>ἐστὶν</span> <span class='ocrx_word' id='word_1_680' title='bbox 1775 1926 1851 1961; x_wconf 80' lang='grc' dir='ltr'>ἀτα-</span> 
     </span>
    </p>
   </div>
   <div class='ocr_carea' id='block_1_87' title="bbox 1060 1971 1851 2011">
    <p class='ocr_par' dir='ltr' id='par_1_87' title="bbox 1060 1971 1851 2011">
     <span class='ocr_line' id='line_1_87' title="bbox 1060 1971 1851 2011; baseline -0.006 -8"><span class='ocrx_word' id='word_1_681' title='bbox 1060 1977 1105 2003; x_wconf 76' lang='grc' dir='ltr'><strong>θὸν</strong></span> <span class='ocrx_word' id='word_1_682' title='bbox 1117 1976 1134 2011; x_wconf 78' lang='grc' dir='ltr'>ἢ</span> <span class='ocrx_word' id='word_1_683' title='bbox 1147 1976 1239 2007; x_wconf 71' lang='grc' dir='ltr'>κακὸν,</span> <span class='ocrx_word' id='word_1_684' title='bbox 1255 1974 1271 2009; x_wconf 82' lang='grc' dir='ltr'>ἢ</span> <span class='ocrx_word' id='word_1_685' title='bbox 1285 1974 1343 2001; x_wconf 82' lang='grc' dir='ltr'>τόδε</span> <span class='ocrx_word' id='word_1_686' title='bbox 1361 1974 1410 2009; x_wconf 82' lang='grc' dir='ltr'>μὲν</span> <span class='ocrx_word' id='word_1_687' title='bbox 1426 1973 1526 2008; x_wconf 77' lang='grc' dir='ltr'><strong>ἀληθὲς</strong></span> <span class='ocrx_word' id='word_1_688' title='bbox 1540 1973 1598 2000; x_wconf 82' lang='grc' dir='ltr'>τόδε</span> <span class='ocrx_word' id='word_1_689' title='bbox 1615 1973 1643 1999; x_wconf 79' lang='grc' dir='ltr'>δὲ</span> <span class='ocrx_word' id='word_1_690' title='bbox 1666 1971 1772 2007; x_wconf 80' lang='grc' dir='ltr'>ψεῦδος,</span> <span class='ocrx_word' id='word_1_691' title='bbox 1800 1972 1851 1998; x_wconf 76' lang='grc' dir='ltr'>καὶ</span> 
     </span>
    </p>
   </div>
   <div class='ocr_carea' id='block_1_88' title="bbox 1059 2017 1851 2056">
    <p class='ocr_par' dir='ltr' id='par_1_88' title="bbox 1059 2017 1851 2056">
     <span class='ocr_line' id='line_1_88' title="bbox 1059 2017 1851 2056; baseline -0.006 -7"><span class='ocrx_word' id='word_1_692' title='bbox 1059 2022 1117 2049; x_wconf 79' lang='grc' dir='ltr'>τόδε</span> <span class='ocrx_word' id='word_1_693' title='bbox 1134 2021 1182 2056; x_wconf 87' lang='grc' dir='ltr'>μὲν</span> <span class='ocrx_word' id='word_1_694' title='bbox 1196 2020 1225 2047; x_wconf 74' lang='grc' dir='ltr'>ὃν</span> <span class='ocrx_word' id='word_1_695' title='bbox 1236 2021 1295 2047; x_wconf 77' lang='grc' dir='ltr'>τόδε</span> <span class='ocrx_word' id='word_1_696' title='bbox 1310 2020 1338 2046; x_wconf 79' lang='grc' dir='ltr'>δὲ</span> <span class='ocrx_word' id='word_1_697' title='bbox 1363 2021 1399 2054; x_wconf 83' lang='grc' dir='ltr'>μὴ</span> <span class='ocrx_word' id='word_1_698' title='bbox 1410 2019 1451 2050; x_wconf 71' lang='grc' dir='ltr'><strong>ὃν.</strong></span> <span class='ocrx_word' id='word_1_699' title='bbox 1469 2019 1577 2050; x_wconf 83' lang='grc' dir='ltr'>πάντως</span> <span class='ocrx_word' id='word_1_700' title='bbox 1589 2018 1771 2053; x_wconf 78' lang='grc' dir='ltr'>ὁμολογητέον</span> <span class='ocrx_word' id='word_1_701' title='bbox 1781 2017 1851 2044; x_wconf 71' lang='grc' dir='ltr'>ἕκα-</span> 
     </span>
    </p>
   </div>
   <div class='ocr_carea' id='block_1_89' title="bbox 1061 2062 1852 2100">
    <p class='ocr_par' dir='ltr' id='par_1_89' title="bbox 1061 2062 1852 2100">
     <span class='ocr_line' id='line_1_89' title="bbox 1061 2062 1852 2100; baseline -0.006 -6"><span class='ocrx_word' id='word_1_702' title='bbox 1061 2076 1122 2094; x_wconf 84' lang='grc' dir='ltr'>στον</span> <span class='ocrx_word' id='word_1_703' title='bbox 1135 2066 1326 2100; x_wconf 79' lang='grc' dir='ltr'>ἀκατάληπτον</span> <span class='ocrx_word' id='word_1_704' title='bbox 1342 2062 1423 2092; x_wconf 73' lang='grc' dir='ltr'>εἶναι’</span> <span class='ocrx_word' id='word_1_705' title='bbox 1437 2065 1500 2100; x_wconf 73' lang='grc'><strong>[545</strong></span> <span class='ocrx_word' id='word_1_706' title='bbox 1517 2064 1562 2100; x_wconf 68' lang='lat' dir='ltr'><strong>IL]</strong></span> <span class='ocrx_word' id='word_1_707' title='bbox 1579 2065 1603 2091; x_wconf 82' lang='lat' dir='ltr'><strong>si</strong></span> <span class='ocrx_word' id='word_1_708' title='bbox 1619 2063 1640 2090; x_wconf 83' lang='grc' dir='ltr'>δ’</span> <span class='ocrx_word' id='word_1_709' title='bbox 1648 2063 1770 2097; x_wconf 76' lang='grc' dir='ltr'>ἐναργῶς</span> <span class='ocrx_word' id='word_1_710' title='bbox 1784 2062 1852 2090; x_wconf 71' lang='grc' dir='ltr'>κατ’</span> 
     </span>
    </p>
   </div>
   <div class='ocr_carea' id='block_1_90' title="bbox 1060 2108 1852 2147">
    <p class='ocr_par' dir='ltr' id='par_1_90' title="bbox 1060 2108 1852 2147">
     <span class='ocr_line' id='line_1_90' title="bbox 1060 2108 1852 2147; baseline -0.004 -9"><span class='ocrx_word' id='word_1_711' title='bbox 1060 2112 1185 2146; x_wconf 79' lang='grc' dir='ltr'>αἴσθησιν</span> <span class='ocrx_word' id='word_1_712' title='bbox 1197 2111 1215 2147; x_wconf 75' lang='grc' dir='ltr'>ἢ</span> <span class='ocrx_word' id='word_1_713' title='bbox 1225 2111 1293 2138; x_wconf 73' lang='grc' dir='ltr'>κατὰ</span> <span class='ocrx_word' id='word_1_714' title='bbox 1301 2111 1393 2145; x_wconf 76' lang='grc' dir='ltr'>νόησιν</span> <span class='ocrx_word' id='word_1_715' title='bbox 1408 2110 1656 2145; x_wconf 75' lang='grc' dir='ltr'>καταλαμϐάνεται,</span> <span class='ocrx_word' id='word_1_716' title='bbox 1673 2108 1852 2143; x_wconf 75' lang='grc' dir='ltr'>καταληπτὸν</span> 
     </span>
    </p>
   </div>
   <div class='ocr_carea' id='block_1_91' title="bbox 1060 2154 1852 2191">
    <p class='ocr_par' dir='ltr' id='par_1_91' title="bbox 1060 2154 1852 2191">
     <span class='ocr_line' id='line_1_91' title="bbox 1060 2154 1852 2191; baseline -0.004 -7"><span class='ocrx_word' id='word_1_717' title='bbox 1060 2158 1174 2185; x_wconf 78' lang='grc' dir='ltr'>ἕκαστον</span> <span class='ocrx_word' id='word_1_718' title='bbox 1203 2156 1310 2190; x_wconf 78' lang='grc' dir='ltr'>φατέον.</span> <span class='ocrx_word' id='word_1_719' title='bbox 1327 2156 1420 2183; x_wconf 80' lang='grc' dir='ltr'>Ταῦτα</span> <span class='ocrx_word' id='word_1_720' title='bbox 1440 2156 1490 2191; x_wconf 84' lang='grc' dir='ltr'>μὲν</span> <span class='ocrx_word' id='word_1_721' title='bbox 1511 2155 1662 2190; x_wconf 77' lang='grc' dir='ltr'>ἀρχόμενος</span> <span class='ocrx_word' id='word_1_722' title='bbox 1685 2154 1738 2181; x_wconf 83' lang='grc' dir='ltr'>τῶν</span> <span class='ocrx_word' id='word_1_723' title='bbox 1760 2155 1852 2190; x_wconf 84' lang='grc' dir='ltr'>λόγων</span> 
     </span>
    </p>
   </div>
   <div class='ocr_carea' id='block_1_92' title="bbox 229 2200 1006 2238">
    <p class='ocr_par' dir='ltr' id='par_1_92' title="bbox 229 2202 1006 2238">
     <span class='ocr_line' id='line_1_92' title="bbox 229 2202 1006 2238; baseline 0.001 -10"><span class='ocrx_word' id='word_1_724' title='bbox 229 2202 344 2235; x_wconf 75' lang='lat' dir='ltr'><strong>falsum,</strong></span> <span class='ocrx_word' id='word_1_725' title='bbox 371 2203 458 2230; x_wconf 84' lang='lat' dir='ltr'><strong>adhuc</strong></span> <span class='ocrx_word' id='word_1_726' title='bbox 482 2203 610 2235; x_wconf 84' lang='lat' dir='ltr'><strong>dubitet,</strong></span> <span class='ocrx_word' id='word_1_727' title='bbox 639 2209 720 2237; x_wconf 80' lang='lat' dir='ltr'><strong>atque</strong></span> <span class='ocrx_word' id='word_1_728' title='bbox 746 2204 884 2238; x_wconf 79' lang='lat' dir='ltr'><strong>ambigat:</strong></span> <span class='ocrx_word' id='word_1_729' title='bbox 901 2208 927 2230; x_wconf 89' lang='lat' dir='ltr'><strong>et</strong></span> <span class='ocrx_word' id='word_1_730' title='bbox 954 2211 1006 2230; x_wconf 85' lang='lat' dir='ltr'><strong>non</strong></span> 
     </span>
    </p>
   </div>
   <div class='ocr_carea' id='block_1_93' title="bbox 1057 2200 1852 2238">
    <p class='ocr_par' dir='ltr' id='par_1_93' title="bbox 1061 2200 1852 2237">
     <span class='ocr_line' id='line_1_93' title="bbox 1061 2200 1852 2237; baseline 0 -9"><span class='ocrx_word' id='word_1_731' title='bbox 1061 2203 1109 2229; x_wconf 74' lang='grc' dir='ltr'>καὶ</span> <span class='ocrx_word' id='word_1_732' title='bbox 1119 2202 1219 2228; x_wconf 80' lang='grc' dir='ltr'>τοιαῦθ’</span> <span class='ocrx_word' id='word_1_733' title='bbox 1230 2201 1321 2237; x_wconf 72' lang='grc' dir='ltr'>ἕτερα,</span> <span class='ocrx_word' id='word_1_734' title='bbox 1339 2202 1389 2236; x_wconf 82' lang='grc' dir='ltr'><strong>τὴν</strong></span> <span class='ocrx_word' id='word_1_735' title='bbox 1404 2201 1534 2236; x_wconf 73' lang='grc' dir='ltr'>διαφορὰν</span> <span class='ocrx_word' id='word_1_736' title='bbox 1550 2200 1603 2227; x_wconf 76' lang='grc' dir='ltr'>τῶν</span> <span class='ocrx_word' id='word_1_737' title='bbox 1617 2201 1782 2236; x_wconf 74' lang='grc' dir='ltr'>ιιυρῤωνίων</span> <span class='ocrx_word' id='word_1_738' title='bbox 1802 2202 1852 2228; x_wconf 78' lang='grc' dir='ltr'>καὶ</span> 
     </span>
    </p>
   </div>
   <div class='ocr_carea' id='block_1_94' title="bbox 228 2248 1010 2283">
    <p class='ocr_par' dir='ltr' id='par_1_94' title="bbox 228 2248 1010 2283">
     <span class='ocr_line' id='line_1_94' title="bbox 228 2248 1010 2283; baseline -0.001 -7"><span class='ocrx_word' id='word_1_739' title='bbox 228 2253 304 2276; x_wconf 72' lang='grc' dir='ltr'><strong>ωηο</strong></span> <span class='ocrx_word' id='word_1_740' title='bbox 317 2249 392 2283; x_wconf 80' lang='lat' dir='ltr'><strong>prius</strong></span> <span class='ocrx_word' id='word_1_741' title='bbox 406 2248 472 2276; x_wconf 90' lang='lat' dir='ltr'><strong>illud</strong></span> <span class='ocrx_word' id='word_1_742' title='bbox 486 2248 673 2283; x_wconf 89' lang='lat' dir='ltr'><strong>amplectatur,</strong></span> <span class='ocrx_word' id='word_1_743' title='bbox 691 2249 861 2283; x_wconf 83' lang='lat' dir='ltr'><strong>alterumque</strong></span> <span class='ocrx_word' id='word_1_744' title='bbox 876 2248 1010 2276; x_wconf 78' lang='lat' dir='ltr'><strong>declinet?</strong></span> 
     </span>
    </p>
   </div>
   <div class='ocr_carea' id='block_1_95' title="bbox 228 2293 1011 2327">
    <p class='ocr_par' dir='ltr' id='par_1_95' title="bbox 228 2293 1011 2327">
     <span class='ocr_line' id='line_1_95' title="bbox 228 2293 1011 2327; baseline 0.001 -7"><span class='ocrx_word' id='word_1_745' title='bbox 228 2293 294 2320; x_wconf 88' lang='lat' dir='ltr'><strong>Nam</strong></span> <span class='ocrx_word' id='word_1_746' title='bbox 312 2294 335 2320; x_wconf 87' lang='lat' dir='ltr'><strong>si</strong></span> <span class='ocrx_word' id='word_1_747' title='bbox 348 2294 488 2327; x_wconf 82' lang='lat' dir='ltr'><strong>ignoratur</strong></span> <span class='ocrx_word' id='word_1_748' title='bbox 504 2293 555 2321; x_wconf 86' lang='lat' dir='ltr'><strong>hoc</strong></span> <span class='ocrx_word' id='word_1_749' title='bbox 570 2293 669 2323; x_wconf 87' lang='lat' dir='ltr'><strong>bonum</strong></span> <span class='ocrx_word' id='word_1_750' title='bbox 683 2301 754 2326; x_wconf 76' lang='lat' dir='ltr'><strong>esse,</strong></span> <span class='ocrx_word' id='word_1_751' title='bbox 772 2299 820 2321; x_wconf 88' lang='lat' dir='ltr'><strong>aut</strong></span> <span class='ocrx_word' id='word_1_752' title='bbox 833 2294 930 2321; x_wconf 84' lang='lat' dir='ltr'><strong>malum</strong></span> <span class='ocrx_word' id='word_1_753' title='bbox 946 2302 953 2321; x_wconf 92' lang='lat'><strong>:</strong></span> <span class='ocrx_word' id='word_1_754' title='bbox 969 2294 1011 2321; x_wconf 88' lang='lat' dir='ltr'><strong>vel</strong></span> 
     </span>
    </p>
   </div>
   <div class='ocr_carea' id='block_1_96' title="bbox 229 2339 1011 2372">
    <p class='ocr_par' dir='ltr' id='par_1_96' title="bbox 229 2339 1011 2372">
     <span class='ocr_line' id='line_1_96' title="bbox 229 2339 1011 2372; baseline 0.001 -6"><span class='ocrx_word' id='word_1_755' title='bbox 229 2339 281 2367; x_wconf 88' lang='lat' dir='ltr'><strong>hoc</strong></span> <span class='ocrx_word' id='word_1_756' title='bbox 299 2347 405 2371; x_wconf 84' lang='lat' dir='ltr'><strong>verum,</strong></span> <span class='ocrx_word' id='word_1_757' title='bbox 429 2339 493 2366; x_wconf 89' lang='lat' dir='ltr'><strong>illud</strong></span> <span class='ocrx_word' id='word_1_758' title='bbox 518 2339 616 2367; x_wconf 76' lang='lat' dir='ltr'><strong>falsum</strong></span> <span class='ocrx_word' id='word_1_759' title='bbox 631 2348 638 2366; x_wconf 91' lang='lat'>:</span> <span class='ocrx_word' id='word_1_760' title='bbox 652 2345 679 2367; x_wconf 85' lang='lat' dir='ltr'><strong>et</strong></span> <span class='ocrx_word' id='word_1_761' title='bbox 702 2341 753 2367; x_wconf 87' lang='lat' dir='ltr'><strong>hoc</strong></span> <span class='ocrx_word' id='word_1_762' title='bbox 779 2340 920 2372; x_wconf 82' lang='lat' dir='ltr'><strong>exsistere,</strong></span> <span class='ocrx_word' id='word_1_763' title='bbox 947 2340 1011 2367; x_wconf 88' lang='lat' dir='ltr'><strong>illud</strong></span> 
     </span>
    </p>
   </div>
   <div class='ocr_carea' id='block_1_97' title="bbox 230 2385 1013 2420">
    <p class='ocr_par' dir='ltr' id='par_1_97' title="bbox 230 2385 1013 2420">
     <span class='ocr_line' id='line_1_97' title="bbox 230 2385 1013 2420; baseline 0 -8"><span class='ocrx_word' id='word_1_764' title='bbox 230 2391 295 2412; x_wconf 82' lang='lat' dir='ltr'><strong>vero</strong></span> <span class='ocrx_word' id='word_1_765' title='bbox 302 2385 411 2412; x_wconf 81' lang='lat' dir='ltr'><strong>minime</strong></span> <span class='ocrx_word' id='word_1_766' title='bbox 421 2406 428 2412; x_wconf 90' lang='lat'><em>.</em></span> <span class='ocrx_word' id='word_1_767' title='bbox 439 2386 549 2413; x_wconf 79' lang='lat' dir='ltr'><strong>omnino</strong></span> <span class='ocrx_word' id='word_1_768' title='bbox 565 2385 701 2412; x_wconf 79' lang='lat' dir='ltr'><strong>latendum</strong></span> <span class='ocrx_word' id='word_1_769' title='bbox 715 2386 810 2412; x_wconf 82' lang='lat' dir='ltr'><strong>horum</strong></span> <span class='ocrx_word' id='word_1_770' title='bbox 824 2386 926 2420; x_wconf 83' lang='lat' dir='ltr'><strong>singula</strong></span> <span class='ocrx_word' id='word_1_771' title='bbox 936 2393 1013 2412; x_wconf 81' lang='lat' dir='ltr'><strong>com-</strong></span> 
     </span>
    </p>
   </div>
   <div class='ocr_carea' id='block_1_98' title="bbox 232 2430 1012 2466">
    <p class='ocr_par' dir='ltr' id='par_1_98' title="bbox 232 2430 1012 2466">
     <span class='ocr_line' id='line_1_98' title="bbox 232 2430 1012 2466; baseline 0.001 -9"><span class='ocrx_word' id='word_1_772' title='bbox 232 2430 359 2464; x_wconf 85' lang='lat' dir='ltr'><strong>prehendi</strong></span> <span class='ocrx_word' id='word_1_773' title='bbox 387 2439 440 2458; x_wconf 84' lang='lat' dir='ltr'><strong>noo</strong></span> <span class='ocrx_word' id='word_1_774' title='bbox 471 2439 566 2466; x_wconf 80' lang='lat' dir='ltr'><strong>posse;</strong></span> <span class='ocrx_word' id='word_1_775' title='bbox 587 2433 629 2459; x_wconf 86' lang='lat' dir='ltr'><strong>sin</strong></span> <span class='ocrx_word' id='word_1_776' title='bbox 653 2432 793 2459; x_wconf 80' lang='lat' dir='ltr'><strong>evidenter</strong></span> <span class='ocrx_word' id='word_1_777' title='bbox 816 2440 895 2460; x_wconf 81' lang='lat' dir='ltr'><strong>sensu</strong></span> <span class='ocrx_word' id='word_1_778' title='bbox 912 2433 952 2458; x_wconf 81' lang='lat' dir='ltr'><strong>vel</strong></span> <span class='ocrx_word' id='word_1_779' title='bbox 971 2433 1012 2459; x_wconf 83' lang='lat' dir='ltr'><strong>in-</strong></span> 
     </span>
    </p>
   </div>
   <div class='ocr_carea' id='block_1_99' title="bbox 232 2475 1011 2512">
    <p class='ocr_par' dir='ltr' id='par_1_99' title="bbox 232 2475 1011 2512">
     <span class='ocr_line' id='line_1_99' title="bbox 232 2475 1011 2512; baseline 0.004 -10"><span class='ocrx_word' id='word_1_780' title='bbox 232 2475 378 2510; x_wconf 75' lang='lat' dir='ltr'><strong>telligentia</strong></span> <span class='ocrx_word' id='word_1_781' title='bbox 395 2477 489 2505; x_wconf 90' lang='lat' dir='ltr'><strong>horum</strong></span> <span class='ocrx_word' id='word_1_782' title='bbox 506 2477 626 2512; x_wconf 88' lang='lat' dir='ltr'><strong>quidque</strong></span> <span class='ocrx_word' id='word_1_783' title='bbox 639 2477 814 2511; x_wconf 68' lang='lat' dir='ltr'><strong>percipiatur,</strong></span> <span class='ocrx_word' id='word_1_784' title='bbox 833 2477 1011 2512; x_wconf 85' lang='lat' dir='ltr'><strong>comprehcn-</strong></span> 
     </span>
    </p>
   </div>
   <div class='ocr_carea' id='block_1_100' title="bbox 231 2521 1009 2557">
    <p class='ocr_par' dir='ltr' id='par_1_100' title="bbox 231 2521 1009 2557">
     <span class='ocr_line' id='line_1_100' title="bbox 231 2521 1009 2557; baseline 0.003 -9"><span class='ocrx_word' id='word_1_785' title='bbox 231 2521 308 2548; x_wconf 87' lang='lat' dir='ltr'><strong>sibile</strong></span> <span class='ocrx_word' id='word_1_786' title='bbox 317 2521 372 2556; x_wconf 87' lang='lat' dir='ltr'><strong>jam</strong></span> <span class='ocrx_word' id='word_1_787' title='bbox 388 2524 484 2550; x_wconf 87' lang='lat' dir='ltr'><strong>horum</strong></span> <span class='ocrx_word' id='word_1_788' title='bbox 495 2531 555 2550; x_wconf 89' lang='lat' dir='ltr'><strong>esse</strong></span> <span class='ocrx_word' id='word_1_789' title='bbox 565 2523 703 2556; x_wconf 87' lang='lat' dir='ltr'><strong>quodlibet</strong></span> <span class='ocrx_word' id='word_1_790' title='bbox 715 2523 855 2550; x_wconf 83' lang='lat' dir='ltr'><strong>dicendum</strong></span> <span class='ocrx_word' id='word_1_791' title='bbox 870 2528 923 2551; x_wconf 88' lang='lat' dir='ltr'><strong>est.</strong></span> <span class='ocrx_word' id='word_1_792' title='bbox 936 2524 1009 2557; x_wconf 68' lang='lat' dir='ltr'><strong>Haec,</strong></span> 
     </span>
    </p>
   </div>
   <div class='ocr_carea' id='block_1_101' title="bbox 231 2566 1011 2602">
    <p class='ocr_par' dir='ltr' id='par_1_101' title="bbox 231 2566 1011 2602">
     <span class='ocr_line' id='line_1_101' title="bbox 231 2566 1011 2602; baseline 0.005 -10"><span class='ocrx_word' id='word_1_793' title='bbox 231 2566 338 2602; x_wconf 86' lang='lat' dir='ltr'><strong>aliaque</strong></span> <span class='ocrx_word' id='word_1_794' title='bbox 356 2567 381 2594; x_wconf 88' lang='lat' dir='ltr'><strong>id</strong></span> <span class='ocrx_word' id='word_1_795' title='bbox 391 2576 486 2602; x_wconf 77' lang='lat' dir='ltr'><strong>genus,</strong></span> <span class='ocrx_word' id='word_1_796' title='bbox 514 2569 548 2596; x_wconf 89' lang='lat' dir='ltr'><strong>ab</strong></span> <span class='ocrx_word' id='word_1_797' title='bbox 567 2569 624 2602; x_wconf 89' lang='lat' dir='ltr'><strong>ipso</strong></span> <span class='ocrx_word' id='word_1_798' title='bbox 647 2576 707 2596; x_wconf 79' lang='lat' dir='ltr'><strong>mox</strong></span> <span class='ocrx_word' id='word_1_799' title='bbox 724 2568 854 2595; x_wconf 88' lang='lat' dir='ltr'><strong>librorum</strong></span> <span class='ocrx_word' id='word_1_800' title='bbox 870 2569 947 2596; x_wconf 87' lang='lat' dir='ltr'><strong>initio</strong></span> <span class='ocrx_word' id='word_1_801' title='bbox 958 2570 1011 2596; x_wconf 85' lang='lat' dir='ltr'><strong>dis-</strong></span> 
     </span>
    </p>
   </div>
   <div class='ocr_carea' id='block_1_102' title="bbox 231 2612 1011 2650">
    <p class='ocr_par' dir='ltr' id='par_1_102' title="bbox 231 2612 1011 2650">
     <span class='ocr_line' id='line_1_102' title="bbox 231 2612 1011 2650; baseline 0.005 -12"><span class='ocrx_word' id='word_1_802' title='bbox 231 2612 332 2639; x_wconf 87' lang='lat' dir='ltr'><strong>crimen</strong></span> <span class='ocrx_word' id='word_1_803' title='bbox 346 2613 524 2650; x_wconf 30' lang='lat' dir='ltr'><strong>Pyrrhonios‘</strong></span> <span class='ocrx_word' id='word_1_804' title='bbox 535 2613 606 2641; x_wconf 76' lang='lat' dir='ltr'><strong>inter</strong></span> <span class='ocrx_word' id='word_1_805' title='bbox 626 2619 653 2641; x_wconf 89' lang='lat' dir='ltr'><strong>et</strong></span> <span class='ocrx_word' id='word_1_806' title='bbox 667 2613 843 2642; x_wconf 81' lang='lat' dir='ltr'><strong>Academicos</strong></span> <span class='ocrx_word' id='word_1_807' title='bbox 853 2615 1011 2646; x_wconf 73' lang='lat' dir='ltr'><strong>ostendens.</strong></span> 
     </span>
    </p>
   </div>
   <div class='ocr_carea' id='block_1_103' title="bbox 231 2657 1011 2696">
    <p class='ocr_par' dir='ltr' id='par_1_103' title="bbox 231 2657 1011 2696">
     <span class='ocr_line' id='line_1_103' title="bbox 231 2657 1011 2696; baseline 0.004 -13"><span class='ocrx_word' id='word_1_808' title='bbox 231 2657 275 2685; x_wconf 88' lang='lat' dir='ltr'><strong>hic</strong></span> <span class='ocrx_word' id='word_1_809' title='bbox 281 2657 472 2687; x_wconf 64' lang='lat' dir='ltr'><strong>(Encsidemus</strong></span> <span class='ocrx_word' id='word_1_810' title='bbox 479 2658 582 2694; x_wconf 78' lang='lat' dir='ltr'><strong>.IEgeus</strong></span> <span class='ocrx_word' id='word_1_811' title='bbox 589 2664 748 2694; x_wconf 82' lang='lat' dir='ltr'><strong>pertractat,</strong></span> <span class='ocrx_word' id='word_1_812' title='bbox 757 2660 937 2695; x_wconf 60' lang='lat' dir='ltr'><strong>universum!</strong></span> <span class='ocrx_word' id='word_1_813' title='bbox 941 2661 1011 2696; x_wconf 66' lang='grc' dir='ltr'><strong>τοι</strong></span> 
     </span>
    </p>
   </div>
   <div class='ocr_carea' id='block_1_104' title="bbox 1068 2246 1852 2284">
    <p class='ocr_par' dir='ltr' id='par_1_104' title="bbox 1068 2246 1852 2284">
     <span class='ocr_line' id='line_1_104' title="bbox 1068 2246 1852 2284; baseline -0.005 -8"><span class='ocrx_word' id='word_1_814' title='bbox 1068 2248 1274 2284; x_wconf 74' lang='grc' dir='ltr'>Ἀκαδημαῖκῶν</span> <span class='ocrx_word' id='word_1_815' title='bbox 1288 2247 1456 2278; x_wconf 81' lang='grc' dir='ltr'>ὑποδεικνὺς,</span> <span class='ocrx_word' id='word_1_816' title='bbox 1472 2247 1625 2282; x_wconf 77' lang='grc' dir='ltr'>ἀναγράφει</span> <span class='ocrx_word' id='word_1_817' title='bbox 1637 2248 1651 2274; x_wconf 85' lang='grc' dir='ltr'>ὁ</span> <span class='ocrx_word' id='word_1_818' title='bbox 1664 2246 1852 2281; x_wconf 74' lang='grc' dir='ltr'>Μνησίδημος</span> 
     </span>
    </p>
   </div>
   <div class='ocr_carea' id='block_1_105' title="bbox 1062 2293 1853 2329">
    <p class='ocr_par' dir='ltr' id='par_1_105' title="bbox 1062 2293 1853 2329">
     <span class='ocr_line' id='line_1_105' title="bbox 1062 2293 1853 2329; baseline -0.005 -6"><span class='ocrx_word' id='word_1_819' title='bbox 1062 2297 1076 2323; x_wconf 83' lang='grc' dir='ltr'>ὁ</span> <span class='ocrx_word' id='word_1_820' title='bbox 1091 2296 1119 2329; x_wconf 79' lang='grc' dir='ltr'><strong>ἐξ</strong></span> <span class='ocrx_word' id='word_1_821' title='bbox 1138 2295 1227 2329; x_wconf 74' lang='grc' dir='ltr'><strong>Αἰγῶν</strong></span> <span class='ocrx_word' id='word_1_822' title='bbox 1244 2303 1250 2310; x_wconf 93' lang='grc'><strong>·</strong></span> <span class='ocrx_word' id='word_1_823' title='bbox 1266 2294 1365 2328; x_wconf 80' lang='grc' dir='ltr'>ὲφεξῆς</span> <span class='ocrx_word' id='word_1_824' title='bbox 1386 2294 1415 2320; x_wconf 79' lang='grc' dir='ltr'>δὲ</span> <span class='ocrx_word' id='word_1_825' title='bbox 1432 2295 1502 2320; x_wconf 75' lang='grc' dir='ltr'>κατὰ</span> <span class='ocrx_word' id='word_1_826' title='bbox 1518 2294 1563 2320; x_wconf 76' lang='grc' dir='ltr'>τὸν</span> <span class='ocrx_word' id='word_1_827' title='bbox 1579 2293 1661 2320; x_wconf 82' lang='grc' dir='ltr'>αὐτὸν</span> <span class='ocrx_word' id='word_1_828' title='bbox 1678 2293 1756 2327; x_wconf 69' lang='grc' dir='ltr'>λάτον</span> <span class='ocrx_word' id='word_1_829' title='bbox 1771 2293 1853 2328; x_wconf 78' lang='grc' dir='ltr'>πρῶ-</span> 
     </span>
    </p>
   </div>
   <div class='ocr_carea' id='block_1_106' title="bbox 1063 2339 1851 2377">
    <p class='ocr_par' dir='ltr' id='par_1_106' title="bbox 1063 2339 1851 2377">
     <span class='ocr_line' id='line_1_106' title="bbox 1063 2339 1851 2377; baseline -0.006 -7"><span class='ocrx_word' id='word_1_830' title='bbox 1063 2352 1109 2370; x_wconf 84' lang='grc' dir='ltr'><strong>τον</strong></span> <span class='ocrx_word' id='word_1_831' title='bbox 1128 2343 1176 2370; x_wconf 81' lang='grc' dir='ltr'><strong>καὶ</strong></span> <span class='ocrx_word' id='word_1_832' title='bbox 1189 2342 1237 2377; x_wconf 83' lang='grc' dir='ltr'>τὴν</span> <span class='ocrx_word' id='word_1_833' title='bbox 1247 2342 1312 2377; x_wconf 81' lang='grc' dir='ltr'>ὅλην</span> <span class='ocrx_word' id='word_1_834' title='bbox 1325 2340 1435 2375; x_wconf 72' lang='grc' dir='ltr'><strong>ἀγωγὴν</strong></span> <span class='ocrx_word' id='word_1_835' title='bbox 1448 2340 1484 2371; x_wconf 79' lang='grc' dir='ltr'><strong>ὡς</strong></span> <span class='ocrx_word' id='word_1_836' title='bbox 1495 2340 1572 2376; x_wconf 80' lang='grc' dir='ltr'>τύπῳ</span> <span class='ocrx_word' id='word_1_837' title='bbox 1593 2341 1640 2366; x_wconf 77' lang='grc' dir='ltr'>καὶ</span> <span class='ocrx_word' id='word_1_838' title='bbox 1653 2339 1851 2373; x_wconf 76' lang='grc' dir='ltr'>κεφαλαιωδῶς</span> 
     </span>
    </p>
   </div>
   <div class='ocr_carea' id='block_1_107' title="bbox 1064 2385 1852 2424">
    <p class='ocr_par' dir='ltr' id='par_1_107' title="bbox 1064 2385 1852 2424">
     <span class='ocr_line' id='line_1_107' title="bbox 1064 2385 1852 2424; baseline -0.005 -9"><span class='ocrx_word' id='word_1_839' title='bbox 1064 2389 1117 2415; x_wconf 82' lang='grc' dir='ltr'>τῶν</span> <span class='ocrx_word' id='word_1_840' title='bbox 1127 2388 1292 2424; x_wconf 75' lang='grc' dir='ltr'>Πυῤῥωνίων</span> <span class='ocrx_word' id='word_1_841' title='bbox 1303 2387 1472 2422; x_wconf 78' lang='grc' dir='ltr'>παραδίδωσι</span> <span class='ocrx_word' id='word_1_842' title='bbox 1480 2386 1577 2420; x_wconf 78' lang='grc' dir='ltr'>λόγων.</span> <span class='ocrx_word' id='word_1_843' title='bbox 1594 2385 1638 2412; x_wconf 79' lang='grc' dir='ltr'>Ἐν</span> <span class='ocrx_word' id='word_1_844' title='bbox 1652 2385 1680 2412; x_wconf 81' lang='grc' dir='ltr'>δὲ</span> <span class='ocrx_word' id='word_1_845' title='bbox 1691 2385 1730 2418; x_wconf 84' lang='grc' dir='ltr'>τῷ</span> <span class='ocrx_word' id='word_1_846' title='bbox 1743 2385 1765 2419; x_wconf 87' lang='grc' dir='ltr'><strong>β’</strong></span> <span class='ocrx_word' id='word_1_847' title='bbox 1777 2385 1852 2411; x_wconf 77' lang='grc' dir='ltr'>κατὰ</span> 
     </span>
    </p>
   </div>
   <div class='ocr_carea' id='block_1_108' title="bbox 1063 2431 1853 2472">
    <p class='ocr_par' dir='ltr' id='par_1_108' title="bbox 1063 2431 1853 2472">
     <span class='ocr_line' id='line_1_108' title="bbox 1063 2431 1853 2472; baseline -0.006 -11"><span class='ocrx_word' id='word_1_848' title='bbox 1063 2436 1144 2472; x_wconf 79' lang='grc' dir='ltr'>μέρος</span> <span class='ocrx_word' id='word_1_849' title='bbox 1158 2435 1208 2469; x_wconf 75' lang='grc' dir='ltr'>ἥδη</span> <span class='ocrx_word' id='word_1_850' title='bbox 1227 2433 1376 2468; x_wconf 80' lang='grc' dir='ltr'>ἀρχόμενος</span> <span class='ocrx_word' id='word_1_851' title='bbox 1385 2432 1520 2464; x_wconf 72' lang='grc' dir='ltr'>ἐπεξιέναι</span> <span class='ocrx_word' id='word_1_852' title='bbox 1529 2433 1562 2459; x_wconf 79' lang='grc' dir='ltr'><strong>τὰ.</strong></span> <span class='ocrx_word' id='word_1_853' title='bbox 1577 2433 1606 2458; x_wconf 76' lang='grc' dir='ltr'>ἐν</span> <span class='ocrx_word' id='word_1_854' title='bbox 1619 2431 1760 2466; x_wconf 80' lang='grc' dir='ltr'>κεφαλαίῳ</span> <span class='ocrx_word' id='word_1_855' title='bbox 1774 2431 1853 2465; x_wconf 82' lang='grc' dir='ltr'>εἰρη-</span> 
     </span>
    </p>
   </div>
   <div class='ocr_carea' id='block_1_109' title="bbox 1063 2476 1853 2516">
    <p class='ocr_par' dir='ltr' id='par_1_109' title="bbox 1063 2476 1853 2516">
     <span class='ocr_line' id='line_1_109' title="bbox 1063 2476 1853 2516; baseline -0.008 -8"><span class='ocrx_word' id='word_1_856' title='bbox 1063 2481 1131 2516; x_wconf 78' lang='grc' dir='ltr'>μένα</span> <span class='ocrx_word' id='word_1_857' title='bbox 1145 2480 1208 2515; x_wconf 87' lang='grc' dir='ltr'>περί</span> <span class='ocrx_word' id='word_1_858' title='bbox 1219 2487 1249 2505; x_wconf 82' lang='grc' dir='ltr'><strong>τε</strong></span> <span class='ocrx_word' id='word_1_859' title='bbox 1260 2478 1368 2514; x_wconf 82' lang='grc' dir='ltr'>ἀληθῶν</span> <span class='ocrx_word' id='word_1_860' title='bbox 1378 2478 1425 2504; x_wconf 82' lang='grc' dir='ltr'>καὶ</span> <span class='ocrx_word' id='word_1_861' title='bbox 1435 2478 1529 2504; x_wconf 83' lang='grc' dir='ltr'>αἰτίων</span> <span class='ocrx_word' id='word_1_862' title='bbox 1539 2477 1598 2513; x_wconf 73' lang='grc'><strong>[281</strong></span> <span class='ocrx_word' id='word_1_863' title='bbox 1611 2476 1658 2513; x_wconf 85' lang='grc' dir='ltr'><strong>Η.]</strong></span> <span class='ocrx_word' id='word_1_864' title='bbox 1668 2476 1853 2510; x_wconf 71' lang='grc' dir='ltr'>διαλαμὸάνει</span> 
     </span>
    </p>
   </div>
   <div class='ocr_carea' id='block_1_110' title="bbox 1062 2522 1852 2559">
    <p class='ocr_par' dir='ltr' id='par_1_110' title="bbox 1062 2522 1852 2559">
     <span class='ocr_line' id='line_1_110' title="bbox 1062 2522 1852 2559; baseline -0.008 -5"><span class='ocrx_word' id='word_1_865' title='bbox 1062 2527 1110 2554; x_wconf 76' lang='grc' dir='ltr'><strong>καὶ</strong></span> <span class='ocrx_word' id='word_1_866' title='bbox 1120 2526 1215 2553; x_wconf 81' lang='grc' dir='ltr'>παθῶν</span> <span class='ocrx_word' id='word_1_867' title='bbox 1225 2525 1273 2552; x_wconf 73' lang='grc' dir='ltr'>καὶ</span> <span class='ocrx_word' id='word_1_868' title='bbox 1283 2525 1426 2559; x_wconf 80' lang='grc' dir='ltr'>κινήσεως,</span> <span class='ocrx_word' id='word_1_869' title='bbox 1442 2524 1577 2558; x_wconf 77' lang='grc' dir='ltr'>γενέσεώς</span> <span class='ocrx_word' id='word_1_870' title='bbox 1584 2532 1614 2549; x_wconf 87' lang='grc' dir='ltr'><strong>τε</strong></span> <span class='ocrx_word' id='word_1_871' title='bbox 1629 2523 1675 2550; x_wconf 56' lang='grc' dir='ltr'><strong>καὶ¹</strong></span> <span class='ocrx_word' id='word_1_872' title='bbox 1688 2523 1790 2557; x_wconf 80' lang='grc' dir='ltr'>φθορᾶς</span> <span class='ocrx_word' id='word_1_873' title='bbox 1801 2522 1852 2548; x_wconf 72' lang='grc' dir='ltr'>καὶ</span> 
     </span>
    </p>
   </div>
   <div class='ocr_carea' id='block_1_111' title="bbox 1061 2568 1851 2603">
    <p class='ocr_par' dir='ltr' id='par_1_111' title="bbox 1061 2568 1851 2603">
     <span class='ocr_line' id='line_1_111' title="bbox 1061 2568 1851 2603; baseline -0.006 -5"><span class='ocrx_word' id='word_1_874' title='bbox 1061 2572 1115 2598; x_wconf 81' lang='grc' dir='ltr'>τῶν</span> <span class='ocrx_word' id='word_1_875' title='bbox 1124 2571 1228 2602; x_wconf 85' lang='grc' dir='ltr'>τούτοις</span> <span class='ocrx_word' id='word_1_876' title='bbox 1236 2570 1375 2603; x_wconf 75' lang='grc' dir='ltr'>ἐναντίων,</span> <span class='ocrx_word' id='word_1_877' title='bbox 1390 2569 1463 2596; x_wconf 83' lang='grc' dir='ltr'>κατὰ</span> <span class='ocrx_word' id='word_1_878' title='bbox 1478 2570 1586 2597; x_wconf 80' lang='grc' dir='ltr'>πάντων</span> <span class='ocrx_word' id='word_1_879' title='bbox 1598 2568 1687 2595; x_wconf 80' lang='grc' dir='ltr'>αὐτῶν</span> <span class='ocrx_word' id='word_1_880' title='bbox 1701 2568 1731 2594; x_wconf 76' lang='grc' dir='ltr'>τὸ</span> <span class='ocrx_word' id='word_1_881' title='bbox 1744 2568 1851 2603; x_wconf 80' lang='grc' dir='ltr'>ἄπορόν</span> 
     </span>
    </p>
   </div>
   <div class='ocr_carea' id='block_1_112' title="bbox 1062 2613 1850 2651">
    <p class='ocr_par' dir='ltr' id='par_1_112' title="bbox 1062 2613 1850 2651">
     <span class='ocr_line' id='line_1_112' title="bbox 1062 2613 1850 2651; baseline -0.005 -8"><span class='ocrx_word' id='word_1_882' title='bbox 1062 2626 1091 2643; x_wconf 86' lang='grc' dir='ltr'><strong>τε</strong></span> <span class='ocrx_word' id='word_1_883' title='bbox 1102 2617 1125 2633; x_wconf 78' lang='grc'><strong>’³</strong></span> <span class='ocrx_word' id='word_1_884' title='bbox 1137 2617 1185 2644; x_wconf 79' lang='grc' dir='ltr'>καὶ</span> <span class='ocrx_word' id='word_1_885' title='bbox 1209 2616 1400 2651; x_wconf 78' lang='grc' dir='ltr'>ἀκατάληπτον</span> <span class='ocrx_word' id='word_1_886' title='bbox 1419 2616 1540 2648; x_wconf 82' lang='grc' dir='ltr'>πυκνοῖς,</span> <span class='ocrx_word' id='word_1_887' title='bbox 1553 2614 1592 2646; x_wconf 80' lang='grc' dir='ltr'><strong>ὡς</strong></span> <span class='ocrx_word' id='word_1_888' title='bbox 1606 2614 1702 2646; x_wconf 79' lang='grc' dir='ltr'>οἴεται,</span> <span class='ocrx_word' id='word_1_889' title='bbox 1723 2613 1850 2647; x_wconf 76' lang='grc' dir='ltr'>ἐπιλογι-</span> 
     </span>
    </p>
   </div>
   <div class='ocr_carea' id='block_1_113' title="bbox 1068 2659 1851 2697">
    <p class='ocr_par' dir='ltr' id='par_1_113' title="bbox 1068 2659 1851 2697">
     <span class='ocr_line' id='line_1_113' title="bbox 1068 2659 1851 2697; baseline -0.003 -9"><span class='ocrx_word' id='word_1_890' title='bbox 1068 2663 1146 2696; x_wconf 77' lang='grc' dir='ltr'>σμοῖς</span> <span class='ocrx_word' id='word_1_891' title='bbox 1159 2662 1327 2694; x_wconf 80' lang='grc' dir='ltr'>ὑποδεικνὺς.</span> <span class='ocrx_word' id='word_1_892' title='bbox 1340 2661 1395 2690; x_wconf 71' lang='grc' dir='ltr'><strong>Καὶ</strong></span> <span class='ocrx_word' id='word_1_893' title='bbox 1408 2662 1422 2688; x_wconf 80' lang='grc' dir='ltr'><strong>ὁ</strong></span> <span class='ocrx_word' id='word_1_894' title='bbox 1432 2665 1457 2697; x_wconf 88' lang='grc' dir='ltr'><strong>γ’</strong></span> <span class='ocrx_word' id='word_1_895' title='bbox 1470 2661 1499 2688; x_wconf 66' lang='grc' dir='ltr'>δὲ</span> <span class='ocrx_word' id='word_1_896' title='bbox 1513 2661 1588 2697; x_wconf 81' lang='grc' dir='ltr'>αὐτῷ</span> <span class='ocrx_word' id='word_1_897' title='bbox 1601 2660 1679 2695; x_wconf 71' lang='grc' dir='ltr'>λόγος</span> <span class='ocrx_word' id='word_1_898' title='bbox 1692 2659 1756 2695; x_wconf 72' lang='grc' dir='ltr'>περὶ</span> <span class='ocrx_word' id='word_1_899' title='bbox 1767 2661 1851 2695; x_wconf 73' lang='grc' dir='ltr'>κινή-</span> 
     </span>
    </p>
   </div>
   <div class='ocr_carea' id='block_1_114' title="bbox 856 2717 1206 2747">
    <p class='ocr_par' dir='ltr' id='par_1_114' title="bbox 856 2717 1206 2747">
     <span class='ocr_line' id='line_1_114' title="bbox 856 2717 1206 2747; baseline 0.003 -2"><span class='ocrx_word' id='word_1_900' title='bbox 856 2717 973 2746; x_wconf 61' lang='lat' dir='ltr'><strong>VARIIE</strong></span> <span class='ocrx_word' id='word_1_901' title='bbox 1002 2718 1206 2747; x_wconf 85' lang='lat' dir='ltr'><strong>LECTIONES.</strong></span> 
     </span>
    </p>
   </div>
   <div class='ocr_carea' id='block_1_115' title="bbox 265 2771 776 2807">
    <p class='ocr_par' dir='ltr' id='par_1_115' title="bbox 265 2771 776 2807">
     <span class='ocr_line' id='line_1_115' title="bbox 265 2771 776 2807; baseline 0.002 -7"><span class='ocrx_word' id='word_1_902' title='bbox 265 2773 288 2788; x_wconf 85' lang='lat'>&quot;</span> <span class='ocrx_word' id='word_1_903' title='bbox 301 2771 354 2800; x_wconf 83' lang='grc' dir='ltr'>ὑπό</span> <span class='ocrx_word' id='word_1_904' title='bbox 377 2781 407 2804; x_wconf 84' lang='grc' dir='ltr'><strong>ς.</strong></span> <span class='ocrx_word' id='word_1_905' title='bbox 445 2772 469 2788; x_wconf 73' lang='grc'><strong>⁵⁸</strong></span> <span class='ocrx_word' id='word_1_906' title='bbox 482 2772 543 2799; x_wconf 75' lang='grc' dir='ltr'>οὐδὲ</span> <span class='ocrx_word' id='word_1_907' title='bbox 557 2772 596 2801; x_wconf 82' lang='lat' dir='ltr'><strong>A:</strong></span> <span class='ocrx_word' id='word_1_908' title='bbox 613 2773 673 2800; x_wconf 74' lang='grc' dir='ltr'>οὔτε</span> <span class='ocrx_word' id='word_1_909' title='bbox 685 2783 716 2807; x_wconf 82' lang='grc' dir='ltr'><strong>ς.</strong></span> <span class='ocrx_word' id='word_1_910' title='bbox 754 2775 776 2792; x_wconf 77' lang='grc'><strong>⁸³</strong></span> 
     </span>
    </p>
   </div>
   <div class='ocr_carea' id='block_1_116' title="bbox 791 2775 1566 2811">
    <p class='ocr_par' dir='ltr' id='par_1_116' title="bbox 791 2775 1566 2811">
     <span class='ocr_line' id='line_1_116' title="bbox 791 2775 1566 2811; baseline 0 -9"><span class='ocrx_word' id='word_1_911' title='bbox 791 2775 808 2810; x_wconf 82' lang='grc' dir='ltr'><strong>ἢ</strong></span> <span class='ocrx_word' id='word_1_912' title='bbox 824 2776 890 2811; x_wconf 44' lang='lat' dir='ltr'><strong>add,</strong></span> <span class='ocrx_word' id='word_1_913' title='bbox 901 2776 933 2803; x_wconf 83' lang='lat' dir='ltr'><strong>A.</strong></span> <span class='ocrx_word' id='word_1_914' title='bbox 969 2776 992 2792; x_wconf 81' lang='grc'><strong>⁸⁸</strong></span> <span class='ocrx_word' id='word_1_915' title='bbox 1000 2776 1103 2808; x_wconf 74' lang='grc' dir='ltr'>οὐκέτι,</span> <span class='ocrx_word' id='word_1_916' title='bbox 1117 2777 1132 2811; x_wconf 86' lang='grc' dir='ltr'><strong>ἦ</strong></span> <span class='ocrx_word' id='word_1_917' title='bbox 1147 2776 1187 2811; x_wconf 81' lang='grc' dir='ltr'>τῷ</span> <span class='ocrx_word' id='word_1_918' title='bbox 1204 2776 1254 2811; x_wconf 77' lang='grc' dir='ltr'>μὲν</span> <span class='ocrx_word' id='word_1_919' title='bbox 1281 2776 1379 2811; x_wconf 76' lang='grc' dir='ltr'>ἐφικτὰ</span> <span class='ocrx_word' id='word_1_920' title='bbox 1399 2776 1439 2811; x_wconf 86' lang='grc' dir='ltr'>τῷ</span> <span class='ocrx_word' id='word_1_921' title='bbox 1463 2776 1486 2802; x_wconf 73' lang='grc' dir='ltr'>δ’</span> <span class='ocrx_word' id='word_1_922' title='bbox 1503 2776 1533 2803; x_wconf 78' lang='grc' dir='ltr'>οὗ</span> <span class='ocrx_word' id='word_1_923' title='bbox 1546 2776 1566 2802; x_wconf 86' lang='grc' dir='ltr'>Α</span> 
     </span>
    </p>
   </div>
   <div class='ocr_carea' id='block_1_117' title="bbox 1595 2774 1847 2808">
    <p class='ocr_par' dir='ltr' id='par_1_117' title="bbox 1595 2774 1847 2808">
     <span class='ocr_line' id='line_1_117' title="bbox 1595 2774 1847 2808; baseline -0.012 -5"><span class='ocrx_word' id='word_1_924' title='bbox 1595 2785 1602 2803; x_wconf 83' lang='grc'>;</span> <span class='ocrx_word' id='word_1_925' title='bbox 1626 2775 1676 2802; x_wconf 75' lang='grc' dir='ltr'>οὐκ</span> <span class='ocrx_word' id='word_1_926' title='bbox 1701 2774 1801 2808; x_wconf 68' lang='grc' dir='ltr'>ἐφικτὰ</span> <span class='ocrx_word' id='word_1_927' title='bbox 1816 2783 1847 2806; x_wconf 70' lang='grc' dir='ltr'><strong>ς.</strong></span> 
     </span>
    </p>
   </div>
   <div class='ocr_carea' id='block_1_118' title="bbox 231 2807 1847 2848">
    <p class='ocr_par' dir='ltr' id='par_1_118' title="bbox 231 2807 1847 2848">
     <span class='ocr_line' id='line_1_118' title="bbox 231 2807 1847 2848; baseline 0.002 -15"><span class='ocrx_word' id='word_1_928' title='bbox 231 2809 254 2825; x_wconf 80' lang='grc'><strong>³⁷</strong></span> <span class='ocrx_word' id='word_1_929' title='bbox 276 2808 322 2837; x_wconf 72' lang='grc' dir='ltr'>καὶ</span> <span class='ocrx_word' id='word_1_930' title='bbox 337 2808 443 2848; x_wconf 36' lang='grc' dir='ltr'>οιιικΑ..</span> <span class='ocrx_word' id='word_1_931' title='bbox 478 2807 501 2848; x_wconf 59' lang='grc' dir='ltr'><strong>ξ’</strong></span> <span class='ocrx_word' id='word_1_932' title='bbox 516 2808 576 2835; x_wconf 89' lang='lat' dir='ltr'><strong>libri</strong></span> <span class='ocrx_word' id='word_1_933' title='bbox 591 2810 682 2848; x_wconf 80' lang='grc' dir='ltr'>φασίν.</span> <span class='ocrx_word' id='word_1_934' title='bbox 755 2807 892 2848; x_wconf 71' lang='grc' dir='ltr'>δεύτερον]</span> <span class='ocrx_word' id='word_1_935' title='bbox 908 2811 930 2846; x_wconf 81' lang='grc' dir='ltr'><strong>β’</strong></span> <span class='ocrx_word' id='word_1_936' title='bbox 942 2811 986 2848; x_wconf 60' lang='lat' dir='ltr'><strong>A;</strong></span> <span class='ocrx_word' id='word_1_937' title='bbox 1002 2807 1132 2848; x_wconf 71' lang='grc' dir='ltr'>δεύτεροῆ</span> <span class='ocrx_word' id='word_1_938' title='bbox 1141 2807 1187 2838; x_wconf 77' lang='grc' dir='ltr'><strong>καί</strong></span> <span class='ocrx_word' id='word_1_939' title='bbox 1271 2807 1476 2848; x_wconf 66' lang='grc' dir='ltr'><strong>⁹θ’μαχομένους</strong></span> <span class='ocrx_word' id='word_1_940' title='bbox 1494 2820 1525 2847; x_wconf 79' lang='grc' dir='ltr'><strong>ς.</strong></span> <span class='ocrx_word' id='word_1_941' title='bbox 1561 2811 1582 2828; x_wconf 80' lang='grc'><strong><em>⁸³</em></strong></span> <span class='ocrx_word' id='word_1_942' title='bbox 1597 2807 1743 2848; x_wconf 70' lang='grc' dir='ltr'>ὑπάρχειν]</span> <span class='ocrx_word' id='word_1_943' title='bbox 1757 2810 1847 2847; x_wconf 55' lang='lat' dir='ltr'><strong>amp.</strong></span> 
     </span>
    </p>
   </div>
   <div class='ocr_carea' id='block_1_119' title="bbox 234 2843 1148 2882">
    <p class='ocr_par' dir='ltr' id='par_1_119' title="bbox 234 2843 1148 2882">
     <span class='ocr_line' id='line_1_119' title="bbox 234 2843 1148 2882; baseline 0.004 -12"><span class='ocrx_word' id='word_1_944' title='bbox 234 2852 290 2879; x_wconf 79' lang='grc' dir='ltr'>χειν</span> <span class='ocrx_word' id='word_1_945' title='bbox 312 2843 358 2872; x_wconf 77' lang='grc' dir='ltr'>καὶ</span> <span class='ocrx_word' id='word_1_946' title='bbox 375 2844 412 2879; x_wconf 86' lang='grc' dir='ltr'>μὴ</span> <span class='ocrx_word' id='word_1_947' title='bbox 433 2843 565 2878; x_wconf 76' lang='grc' dir='ltr'>ὑπάρχειν</span> <span class='ocrx_word' id='word_1_948' title='bbox 579 2852 633 2879; x_wconf 73' lang='lat' dir='ltr'><strong>mg.</strong></span> <span class='ocrx_word' id='word_1_949' title='bbox 649 2846 682 2874; x_wconf 74' lang='grc' dir='ltr'><strong>Α.</strong></span> <span class='ocrx_word' id='word_1_950' title='bbox 719 2846 741 2863; x_wconf 82' lang='grc'><strong>⁹¹</strong></span> <span class='ocrx_word' id='word_1_951' title='bbox 751 2846 806 2882; x_wconf 78' lang='grc' dir='ltr'><strong>γὰρ</strong></span> <span class='ocrx_word' id='word_1_952' title='bbox 816 2843 924 2875; x_wconf 54' lang='grc' dir='ltr'><strong>ιιὸιιῘᾸ.</strong></span> <span class='ocrx_word' id='word_1_953' title='bbox 960 2847 984 2863; x_wconf 70' lang='grc'><strong>⁸³</strong></span> <span class='ocrx_word' id='word_1_954' title='bbox 992 2854 1020 2875; x_wconf 81' lang='grc' dir='ltr'><strong>τε</strong></span> <span class='ocrx_word' id='word_1_955' title='bbox 1038 2843 1098 2875; x_wconf 83' lang='lat' dir='ltr'><strong>add.</strong></span> <span class='ocrx_word' id='word_1_956' title='bbox 1116 2847 1148 2874; x_wconf 79' lang='grc' dir='ltr'><strong>Δ.</strong></span> 
     </span>
    </p>
   </div>
  </div>
