1916 3092
251 136 303 169 699
343 113 346 115 λ

715 139 723 144 ’
777 136 911 167 ΡΗΟΤῙΙ
925 133 1178 166 ΡΑἸἮΙΑΗΟΗΑΞ
1197 134 1253 165 CP.

1814 130 1866 161 ’100

251 195 385 223 Asiaticus
410 202 455 223 res
479 196 556 222 libris
584 196 687 228 decem,
709 199 738 224 et
757 195 791 223 de
813 194 926 230 Europae
955 195 1035 222 rebus

1089 192 1193 228 Γράψαι
1215 192 1244 219 δὲ
1269 191 1316 219 τὸν
1339 191 1423 227 ἄνδρα
1445 188 1541 217 τοῦτον
1555 189 1589 216 τὰ
1605 188 1676 215 κατά
1703 188 1753 222 τὴν
1773 188 1869 216 Ἀσίαν

251 241 327 268 libris
353 241 422 276 (l7)
450 241 627 277 quadraginta
661 249 758 269 novem
791 241 934 268 historiam
972 247 1034 275 per-

251 287 379 319 texuisse,
398 286 552 314 didicimus.
573 286 636 321 Ejus
655 291 745 314 autem
762 286 823 313 libri
841 286 897 321 (18)
915 285 1034 320 quinque

252 333 371 360 Rubrum
396 340 481 367 mare,
501 340 614 368 quaeque
640 332 673 360 ad
697 333 762 361 illud
785 333 931 368 pertinent,
949 339 1035 366 expo-

252 381 328 405 nunt.
344 378 377 404 Et
395 378 452 406 haec
467 378 575 412 quidem
594 379 684 406 omnia
702 379 815 413 ipsemet
829 384 951 406 extremo
965 378 1035 405 libro

252 424 346 457 quinto
361 430 566 453 commemorat.
584 425 634 453 Ubi
657 431 685 453 et
700 426 735 453 ob
752 425 819 453 alias
833 429 922 452 certas
936 431 1035 452 causas

251 476 266 495 a
289 469 432 497 scribendo
458 477 488 497 se
514 477 636 498 cessasse
658 472 706 502 ait,
722 471 847 506 quodque
866 475 961 498 exacta
979 469 1036 505 jam

252 519 317 541 aetas
333 515 358 541 in
375 515 478 542 senium
496 521 629 551 vergeret.
654 516 724 544 Sunt
738 517 783 552 qui
800 521 897 551 praeter
913 517 971 544 haec
983 516 1035 544 alia

252 560 287 586 ab
306 560 352 588 illo
375 562 527 597 conscripta
546 562 665 594 tradunt,
687 570 747 597 quae
766 563 832 590 mihi
853 563 945 590 videre
967 571 1037 590 nun-

252 612 334 639 quam
362 607 485 641 contigit.
510 607 577 635 Nam
606 613 634 635 et
659 608 853 643 Compendium
883 608 958 635 aiunt
983 615 1037 636 uno

252 650 324 677 libro
346 651 487 686 reliquisse
509 659 615 686 eorum,
631 661 690 688 quae
713 654 746 680 de
768 652 860 682 Rubro
881 654 947 680 mari
967 654 1037 681 scri-

254 696 366 730 psisset;
385 697 448 724 item
465 697 504 725 De
520 697 688 734 Troglodytis
706 699 788 727 libros
802 700 929 734 quinque,
947 700 993 727 sed
1011 703 1038 726 et

255 742 393 776 Epitomen
420 743 506 779 Lydes
535 744 569 771 ab
589 744 750 772 Antimacho
775 746 899 780 scriptte;
930 752 1037 772 rursum

254 787 326 814 aliud
339 788 503 816 Breviarium
526 797 619 817 eorum
643 799 702 826 quae
721 791 755 818 de
776 791 937 819 collectione
953 791 1039 819 admi-

253 831 379 859 rabilium
403 839 543 861 ventorum
567 835 667 870 scripta
687 841 835 863 exstarent.
858 837 1036 864 Historiarum

255 877 348 905 adhrec
372 878 506 914 Excerpla
521 867 714 914 composuisse,
732 886 813 916 atque
832 882 865 910 de
886 882 1036 910 amicorum
1052 867 1074 896 Β

256 922 328 950 inter
344 923 415 958 ipsos
433 926 638 953 consuetudine.

290 1012 338 1040 Est
357 1019 447 1042 autem
463 1014 508 1042 hic
526 1015 578 1049 vir,
596 1019 727 1050 quantum
745 1016 803 1052 ejus
820 1017 896 1045 libris
915 1019 1038 1054 legendis

255 1066 418 1094 cognoscere
435 1060 521 1095 potui,
537 1062 741 1097 grandiloquus.
756 1068 783 1090 et
797 1065 937 1092 sententiis
952 1065 1039 1094 abun-

255 1106 333 1132 dans.
355 1104 406 1138 Qui
429 1106 564 1134 orationis
585 1108 772 1143 magnitudine
789 1116 821 1137 ac
838 1110 969 1145 dignitate
985 1110 1040 1147 prte'

255 1151 361 1178 creteris
387 1151 494 1186 quidem
522 1153 637 1187 gaudet,
665 1154 712 1181 sed
738 1155 828 1183 verbis
853 1156 1039 1186 selectioribus

255 1203 309 1224 non
329 1197 472 1224 admodum
491 1197 598 1226 videtur
612 1199 746 1228 addictus.
764 1201 856 1236 Neque
871 1207 959 1230 tamen
976 1204 1039 1231 dum

256 1242 370 1270 usitatas
382 1250 431 1278 per
443 1243 532 1270 omnia
546 1250 743 1280 consuetasque
760 1255 838 1275 voces
852 1256 904 1275 non
918 1249 1039 1283 adhibet,

255 1296 340 1316 novas
360 1289 416 1324 ipse
432 1289 532 1318 format
546 1299 553 1318 :
570 1291 622 1318 nisi
642 1291 713 1320 forte
728 1295 943 1328 usurpandorum
958 1304 1041 1324 voca-

257 1334 382 1362 bulorum
405 1336 503 1364 artifex
529 1337 673 1372 quispiam,
692 1346 787 1366 novam
812 1342 955 1374 quamdam
978 1351 1040 1378 spe~

206 1379 208 1381 ’
256 1381 325 1408 ciem
343 1381 531 1415 praeferentem
549 1383 670 1417 phrasim
691 1385 723 1412 de
743 1393 794 1413 non
812 1387 888 1414 novis
902 1389 1041 1416 vocabulis

256 1426 386 1456 effecerit.
408 1428 484 1461 Quod
507 1429 614 1464 quidem
639 1431 783 1459 artificium
810 1433 950 1468 ingeniose
973 1437 1041 1463 adeo

257 1473 304 1500 tibi
321 1474 443 1508 subjicit,
458 1480 487 1502 ut
503 1483 552 1503 nec
568 1476 723 1505 innovatum
744 1479 888 1514 quidquam
905 1482 1038 1517 videatur,

1084 238 1208 273 ἔγνωμεν
1222 238 1233 254 ⁸
1246 239 1275 264 έν
1296 237 1409 273 βιϐλίοις
1426 239 1441 263 ι’
1455 244 1462 251 ·
1482 235 1530 262 καὶ
1544 235 1598 262 τῶν
1611 234 1682 261 κατά
1700 234 1750 268 τὴν
1774 233 1868 269 Εὐρώ-

1085 294 1140 320 πην
1152 285 1180 311 δὲ
1196 284 1207 300 ⁹
1222 285 1262 316 είς
1277 284 1300 310 θ’
1310 284 1356 310 καὶ
1369 286 1395 319 μ’
1412 282 1605 317 παρατείνεται
1621 280 1695 315 αὺτῷ
1713 281 1729 315 ή
1743 280 1849 316 ίστορία
1859 288 1869 296 ·

1085 331 1153 358 ἀλλὰ
1167 331 1212 358 καὶ
1225 330 1245 357 ε’
1260 330 1351 366 βιϐλία
1367 330 1417 365 τὴν
1431 328 1566 364 Ἐρυθρὰν
1584 327 1658 362 αὐτῷ
1674 327 1764 354 πᾶσαν
1777 326 1871 353 καὶτὰ

1086 376 1149 411 περὶ
1158 375 1260 410 ταύτην
1275 373 1453 410 ὲξιστοροῠσι.
1473 374 1529 407 Τὴν
1544 370 1590 399 οὗν
1601 372 1750 408 εἰρημένην
1760 371 1870 398 ἅπασαν

1086 422 1249 459 συγγραφὴν
1277 421 1341 458 [282
1366 420 1414 457 IL]
1441 421 1487 448 καὶ
1506 421 1586 452 αὐτὸς
1610 420 1656 446 ἐπὶ
1681 420 1753 447 τέλει
1778 419 1826 446 τοῦ
1848 422 1870 446 ε’

1085 469 1166 503 λόγου
1185 469 1225 500 είς
1250 470 1360 504 μνήμην
1374 468 1481 502 ἀνάγει,
1498 467 1528 494 ὲν
1543 462 1565 500 ᾧ
1578 466 1625 493 καὶ
1642 465 1799 493 πεπαῦσθαι
1822 465 1870 492 τοῦ

1085 515 1203 550 γράφειν
1218 515 1262 541 διά
1275 514 1351 546 τινάς
1372 522 1403 540 τε
1424 513 1513 544 αἰτίας
1530 513 1607 546 ἄλλα,
1632 513 1678 539 καὶ
1698 513 1739 539 ὃτι
1768 512 1804 539 τὰ
1821 512 1871 547 τῆς

1085 559 1196 594 ἡλικίας
1222 559 1363 586 ἀποκλίνοι
1384 558 1453 594 πρὸς
1475 557 1505 584 τὸ
1518 556 1628 592 ἔξωρον.
1644 556 1717 591 Πλήν
1745 564 1778 590 γε
1800 557 1871 583 εἰσὶν

1086 605 1114 632 οἵ
1128 613 1211 639 φασιν
1222 604 1303 631 αὑτὸν
1321 604 1369 631 καὶ
1383 604 1479 639 ἐτέρας
1502 602 1722 638 συγγεγραφέναι
1737 610 1870 636 πραγμαο

1086 651 1172 684 τείας,
1190 647 1227 678 ὧν
1244 651 1324 685 ἡμεῖς
1338 650 1432 677 οὐδένα
1446 649 1549 676 οὐδέπω
1565 649 1587 665 ¹⁰
1609 649 1697 683 ῐσμεν.
1722 647 1872 682 Ἐπιτομὴν

1087 696 1115 722 δὲ
1129 695 1209 722 αὐτόν
1218 704 1283 730 φασι
1296 694 1349 721 τῶν
1364 694 1429 729 περὶ
1442 694 1492 729 τῆς
1505 693 1638 729 Ἐρυθρᾶς
1651 693 1790 728 θαλάσσης
1806 693 1872 719 ἀνα-

1088 740 1288 776 γεγραμμένων
1308 741 1337 767 ὲν
1358 740 1398 766 ἐνὶ
1427 739 1554 772 συντάξαι
1568 739 1674 774 βιϐλίῳ,
1690 741 1736 766 καὶ
1754 740 1807 774 μὴν
1824 739 1872 765 καὶ

1087 787 1159 820 Περὶ
1183 785 1393 821 Τρογλοδυτῶν
1413 785 1503 821 βιϐλία
1517 789 1548 819 ε’,
1568 785 1636 812 ἀλλὰ
1650 786 1695 812 καὶ
1708 785 1873 819 Ἐπιτομὴν

1088 834 1138 868 τῆς
1151 833 1314 868 Ἀντιμάχου
1330 833 1429 868 Λύδης,
1447 832 1496 859 καὶ
1516 832 1597 859 πάλιν
1612 832 1694 867 ἀλλην
1708 831 1873 866 Ἐπιτομὴν

1088 879 1142 906 τῶν
1168 879 1396 915 συγγεγραφότων
1430 878 1495 914 περὶ
1522 878 1682 913 συναγωγῆς
1712 878 1873 913 θαυμασίων

1088 926 1207 960 ἀνέμων,
1225 925 1341 960 ἐκλογάς
1355 933 1384 952 τε
1402 923 1527 960 ἱστοριῶν
1543 924 1624 951 αὐτὺν
1632 923 1762 957 συντάξαι
1775 924 1808 956 ¹¹.
1825 924 1874 950 καὶ

1089 974 1153 1009 περὶ
1165 974 1215 1007 τῆς
1230 972 1394 1009 προσφιλοῦς
1411 972 1529 1008 ὁμιλίας.

1126 1020 1203 1047 Ἔστι
1217 1019 1245 1045 δὲ
1260 1019 1289 1051 έξ
1303 1017 1339 1046 ὧν
1353 1019 1398 1045 τδν
1411 1018 1495 1054 ἄνδρα
1512 1018 1577 1049 τοὺς
1588 1017 1684 1052 λόγους
1701 1017 1784 1045 αὑτοῦ
1801 1017 1874 1044 διελ-

1089 1067 1181 1098 θόντες
1196 1066 1367 1100 ἐπέγνωμεν,
1391 1064 1605 1101 μεγαλοπρεπής
1622 1072 1652 1090 τε
1665 1064 1712 1090 καὶ
1733 1063 1874 1097 γνωμολο-

1088 1114 1174 1148 γικὸς,
1183 1113 1272 1149 καὶτῷ
1284 1113 1333 1148 μὲν
1345 1113 1391 1139 τοῦ
1402 1112 1481 1146 λόγου
1494 1111 1604 1147 μεγέθει
1615 1112 1662 1138 καὶ
1671 1110 1807 1143 ἀξιώματι
1816 1110 1875 1137 τῶν

1088 1159 1175 1187 ἄλλων
1189 1158 1288 1194 μᾶλλον
1301 1158 1414 1194 χαίρων,
1431 1157 1519 1190 λέξεσι
1533 1157 1623 1192 μέντοι
1633 1157 1745 1190 λογάσιν
1757 1159 1787 1182 ού
1799 1156 1874 1182 πάνυ

1089 1205 1326 1241 προστεθειμένος,
1342 1203 1402 1230 οὐδὲ
1414 1203 1457 1230 διὰ
1473 1203 1528 1231 τῶν
1543 1203 1645 1238 έθίμων
1659 1202 1688 1229 δὲ
1703 1202 1748 1229 διὰ
1772 1202 1874 1233 παντὸς

1089 1252 1281 1287 πορευόμενος,
1297 1250 1398 1285 γεννῶν
1413 1250 1442 1277 δὲ
1461 1250 1542 1281 αὐτὸς
1553 1249 1584 1276 οὗ
1598 1249 1697 1282 λέξεις,
1714 1247 1772 1275 ἀλλ’
1787 1248 1814 1275 εἴ
1832 1256 1874 1279 τις

1089 1298 1168 1330 ἄλλος
1188 1299 1211 1314 ¹⁸
1234 1297 1398 1333 δημιουργὸς
1420 1297 1469 1331 τῆς
1491 1296 1555 1331 περὶ
1571 1296 1620 1327 τὰς
1635 1295 1721 1327 λέξεις
1737 1293 1873 1330 χρήσεως.

1090 1344 1188 1379 καινήν
1203 1352 1263 1370 τινα
1274 1343 1312 1379 μὴ
1324 1344 1432 1375 καιναῖς
1448 1343 1469 1358 ¹³
1482 1341 1651 1377 κεχρημένος
1665 1340 1753 1374 λέξεσι
1770 1347 1873 1374 φαντα-

1090 1391 1150 1417 σίαν
1175 1390 1334 1425 πέμπουσαν
1357 1389 1379 1404 ¹⁸
1400 1388 1528 1415 ἀποτελεῖ
1551 1387 1600 1423 τὴν
1614 1386 1715 1422 φράσιν
1730 1393 1737 1400 “
1757 1384 1831 1412 οὕτω
1848 1384 1875 1410 δὲ

1089 1435 1237 1472 προσφυῶς
1258 1434 1438 1462 ὑποϐάλλεται
1460 1433 1509 1470 τὴν
1526 1433 1635 1468 πρᾶξιν,
1650 1432 1688 1464 ὠς
1701 1432 1749 1467 τήν
1767 1439 1798 1458 τε
1814 1439 1876 1458 και-

1089 1481 1216 1516 νοτομίαν
1230 1481 1267 1516 μὴ
1280 1480 1368 1507 δοκεῖν
1389 1477 1458 1506 εἶναι
1476 1478 1663 1514 καινοτομίαν,
1679 1478 1726 1504 καὶ
1743 1477 1773 1504 τὸ
1789 1477 1876 1511 σαφὲς

255 1527 306 1546 nec
330 1520 418 1547 minor
442 1521 488 1553 sit,
507 1529 586 1556 quam
611 1523 633 1550 si
659 1524 773 1552 usitatas
800 1526 934 1554 attulisset
960 1535 1039 1557 voces

1091 1528 1140 1554 οὐκ
1152 1527 1262 1554 ἔλαττον
1274 1526 1329 1553 τῶν
1339 1526 1369 1559 ἐξ
1380 1526 1458 1557 ἔθους
1465 1525 1564 1558 λέξεων
1578 1524 1719 1560 παρέχειν.
1733 1523 1877 1559 Κέχρηται

255 1566 445 1601 perspicuitas.
460 1566 550 1594 Utitur
565 1569 646 1596 etiam
663 1571 813 1604 sententiis,
827 1580 886 1607 quae
902 1574 960 1607 ejus
976 1582 1040 1609 pru-

255 1611 374 1639 dentiam
401 1620 454 1640 non
480 1614 581 1646 minus,
603 1622 684 1650 quam
710 1616 870 1645 industriam
898 1620 1041 1649 manifeste

255 1657 403 1686 declarant.
431 1658 472 1686 Ad
499 1660 644 1688 verborum
668 1661 732 1689 item
759 1663 974 1694 immutationem
998 1675 1042 1695 re-

254 1703 325 1731 ctius
348 1705 550 1738 assumendam,
565 1706 673 1742 egregie
695 1715 749 1743 pra:
766 1710 873 1738 caeteris
893 1718 1042 1746 compara-

255 1753 298 1776 tus
324 1754 377 1776 est.
406 1749 607 1779 Jucunditatetn
636 1760 736 1787 porro,
764 1756 889 1790 quodque
921 1757 1040 1786 animum

254 1798 419 1831 demulcere,
444 1803 491 1826 aut
517 1799 668 1829 diﬂundere
695 1808 786 1838 queat,
813 1804 916 1833 occulte
940 1809 1040 1840 passim

255 1851 288 1870 ac
310 1843 425 1872 latenter
443 1845 538 1880 1710
554 1854 601 1881 per
618 1852 703 1875 totum
726 1857 793 1884 opus
814 1850 984 1880 disseminat.
1000 1854 1042 1882 Ad

256 1893 348 1925 tropos
370 1897 478 1925 quoque
503 1891 547 1919 ubi
575 1899 605 1919 se
629 1894 782 1928 applicarit,
798 1895 857 1923 sine
879 1897 935 1925 ullo
958 1900 1042 1927 mole-

256 1934 314 1961 stia:
339 1942 419 1963 sensu
443 1936 502 1963 illos
525 1936 646 1965 adhibet.
665 1938 741 1971 Quod
761 1941 870 1975 quidem
892 1942 919 1970 in
937 1951 971 1972 eo
986 1944 1042 1972 effi-

256 1979 293 2007 cit
316 1987 368 2008 non
390 1981 532 2009 verborum
554 1982 612 2017 ipsa
629 1992 677 2019 per
692 1992 721 2012 se
735 1988 922 2021 commutatio,
938 1990 986 2017 sed
1000 1990 1042 2017 in-

256 2026 365 2060 geniosa
390 2027 512 2062 quaedam
535 2032 563 2055 et
589 2030 680 2057 suavis
701 2030 734 2057 ad
761 2039 804 2059 res
824 2032 892 2060 alias
919 2035 1042 2063 transitio

257 2076 338 2107 atque
358 2074 509 2102 conversio.
538 2074 643 2102 Etenim
666 2083 763 2104 nomen
789 2085 838 2112 pro
857 2079 940 2106 verbo
961 2088 1042 2108 assu-

258 2126 342 2152 mere,
365 2127 528 2154 rursumque
553 2120 664 2148 verbum
690 2121 717 2148 in
742 2130 838 2150 nomen
862 2130 1040 2160 commutare,

257 2171 337 2191 voces
360 2172 468 2200 quoque
492 2165 517 2192 in
541 2166 691 2194 orationem
711 2167 871 2202 diiTundere,
889 2175 917 2197 et
940 2171 1042 2199 oratio-

258 2216 318 2235 nem
342 2208 368 2236 in
395 2209 513 2237 nominis
538 2210 615 2244 quasi
641 2211 755 2239 formam
775 2220 883 2249 cogere,
904 2223 983 2243 nemo
999 2221 1042 2245 est

256 2254 388 2287 omnium,
413 2263 480 2289 quos
506 2256 639 2289 novimus,
660 2256 711 2284 hoc
733 2258 791 2292 ipso
817 2260 940 2294 peritior.
966 2262 1038 2290 Idem

257 2300 442 2336 Thucydidem
466 2301 492 2328 in
516 2302 694 2330 concionibus
717 2309 846 2338 apparatu
868 2311 895 2333 et
916 2308 1040 2336 ubertate

259 2345 394 2378 imitatus,
425 2346 609 2382 magnitudine
640 2348 771 2375 orationis
797 2355 901 2384 aequat,
935 2354 1039 2387 perspi-

257 2392 358 2419 cuitate
381 2396 469 2419 autem
489 2393 571 2419 etiam
595 2393 688 2421 vincit.
712 2393 785 2422 Talis
803 2397 914 2425 omnino
935 2398 976 2426 vir
991 2399 1041 2427 iste

257 2441 310 2468 est,
329 2437 362 2474 ab
387 2437 444 2472 ipsa
466 2445 573 2472 quoque
593 2440 769 2473 grammatica
795 2441 907 2476 gloriam
930 2451 1040 2473 assecu-

259 2486 312 2509 tus.
332 2481 381 2509 Gui
411 2481 464 2512 etsi
488 2483 606 2511 rhetoris
631 2491 837 2519 cognomentum
861 2487 1039 2522 improvidum

1090 1574 1119 1600 δὲ
1144 1573 1190 1600 καὶ
1209 1573 1332 1607 γνώμαις
1351 1572 1382 1599 τὺ
1405 1572 1529 1607 νουνεχὲς
1544 1571 1591 1598 καὶ
1605 1571 1767 1607 δραστήριον
1782 1569 1877 1604 ἐπιδη-

1090 1619 1210 1650 λούσαις.
1225 1619 1334 1654 Τροπάς
1348 1618 1376 1645 δὲ
1392 1617 1528 1648 ὑπελθεῖν,
1554 1617 1581 1643 εἴ
1602 1625 1644 1648 τις
1662 1616 1752 1649 ἄλλος,
1776 1615 1877 1652 ἄριστα

1090 1665 1346 1700 παρεσκευασμένος
1360 1664 1391 1691 τὸ
1414 1664 1463 1700 μὲν
1486 1664 1534 1699 ἡδὺ
1558 1663 1607 1690 καὶ
1629 1662 1729 1698 κηλοῢν
1754 1663 1802 1689 καὶ
1828 1662 1878 1697 τὴν

1089 1712 1178 1747 ψυχὴν
1197 1711 1304 1746 διαχέον
1324 1710 1476 1745 λεληθότως
1489 1711 1523 1737 δι’
1535 1710 1595 1736 ὅλου
1610 1709 1763 1744 διασπείρει
1782 1708 1805 1724 ¹¹
1830 1708 1878 1735 τοῦ

1090 1757 1262 1792 γράμματος,
1282 1757 1322 1787 εἰς
1338 1756 1441 1791 τροπὴν
1461 1755 1490 1782 δὲ
1509 1755 1550 1782 ὅτι
1569 1755 1782 1790 παρενήνεκται,
1800 1754 1879 1781 οὐδεο

1093 1803 1157 1838 μίαν
1181 1803 1267 1838 λύπην
1290 1802 1423 1838 δηλοῦσαν
1445 1801 1554 1837 ἀφίησι.
1577 1802 1653 1828 Ποιεῖ
1665 1801 1693 1828 δὲ
1710 1799 1786 1836 αὐτῷ
1797 1800 1879 1827 τοῦτο

1092 1849 1209 1884 μάλιστα
1223 1849 1284 1884 οὐχὶ
1297 1849 1315 1884 ἠ
1331 1847 1385 1876 τῶν
1402 1847 1502 1881 λέξεων
1518 1848 1586 1882 αὑτὴ
1598 1847 1660 1874 καθ’
1675 1847 1774 1881 ἑαυτὴν
1793 1855 1878 1882 μετα-

1091 1895 1166 1930 ϐολὴ,
1180 1894 1237 1921 ἀλλ’
1250 1895 1267 1929 ὴ
1282 1893 1336 1920 ἀπὸ
1350 1893 1520 1929 πραγμάτων
1533 1892 1635 1928 ἐτέρων
1650 1892 1689 1924 είς
1706 1891 1788 1926 ἔτερα
1806 1891 1880 1927 μετά

1090 1949 1162 1972 τινος
1177 1941 1263 1975 σοφῆς
1278 1940 1326 1966 καὶ
1347 1938 1483 1975 ἠρεμαίας
1509 1938 1722 1974 μεταχειρίσεως
1743 1939 1765 1954 ³⁸
1796 1938 1879 1973 μετά-

1091 1986 1169 2018 ϐασίς
1183 1995 1212 2013 τε
1226 1987 1274 2013 καὶ
1289 1986 1458 2021 μετατροπῇ.
1481 1984 1564 2011 Ἀλλὰ
1579 1984 1634 2019 γὰρ
1653 1984 1702 2010 καὶ
1722 1984 1879 2010 ἀντιλαϐεῖν

1092 2034 1142 2070 μὲν
1156 2033 1242 2068 ὄνομα
1259 2033 1392 2068 ῥήματος,
1408 2031 1522 2066 ἀμεῖψαι
1539 2031 1568 2057 δὲ
1586 2030 1616 2057 τὺ
1633 2031 1709 2066 ρἦα
1722 2030 1763 2062 είς
1779 2030 1878 2065 δνομα,

1091 2079 1138 2106 καὶ
1160 2078 1238 2105 λῦσαι
1261 2078 1310 2112 μὲν
1329 2077 1417 2109 λέξεις
1441 2077 1480 2108 είς
1492 2076 1598 2109 λόγους,
1617 2076 1779 2110 συναγαγεῖν
1792 2075 1822 2102 δὲ
1838 2075 1879 2102 λύ-

1090 2133 1138 2159 γον
1155 2126 1195 2157 είς
1216 2124 1300 2151 τύπον
1317 2123 1467 2158 ὀνόματος,
1491 2121 1597 2154 οὐδενὸς
1626 2121 1878 2157 ἀνεπιτηδειότερυς

1090 2168 1128 2200 ὦν
1144 2171 1233 2207 ῐσμεν.
1247 2170 1301 2198 Καὶ
1311 2169 1434 2205 ζηλωτὴς
1449 2168 1497 2204 μέν
1513 2169 1571 2195 ἐστι
1583 2167 1743 2194 Θουκυδίδου
1758 2167 1788 2194 ἐν
1799 2176 1830 2194 τε
1845 2168 1878 2202 τῇ

1091 2219 1146 2245 τῶν
1161 2216 1336 2253 δημηγοριῶν
1349 2215 1475 2251 δαψιλείᾳ
1496 2223 1526 2241 τε
1546 2215 1593 2242 καὶ
1618 2215 1748 2250 διασκευῇ
1780 2214 1814 2247 ¹⁷,
1840 2214 1879 2249 τῷ

1094 2264 1230 2300 μεγαλείῳ
1256 2263 1284 2290 δὲ
1310 2263 1347 2297 μὴ
1371 2260 1536 2296 δευτερεύων
1561 2260 1607 2287 τοῦ
1629 2261 1709 2295 λόγου
1736 2259 1775 2295 τῷ
1798 2261 1880 2294 σαφεῖ

1093 2310 1257 2346 παρελαύνει
1271 2309 1316 2336 τὸν
1332 2309 1426 2344 ἄνδρα.
1450 2308 1531 2334 Ἀλλὰ
1545 2307 1599 2342 γὰρ
1611 2308 1625 2334 ὁ
1644 2307 1694 2342 μὲν
1707 2307 1778 2342 ἀνὴρ
1787 2306 1878 2334 τοιοῦ-

1093 2364 1149 2386 τος,
1177 2353 1225 2380 καὶ
1249 2353 1280 2380 τὸ
1308 2353 1361 2380 ἀπὸ
1385 2353 1435 2388 τῆς
1463 2350 1661 2387 γραμματικῆς
1679 2349 1750 2385 ἔχων
1778 2349 1877 2381 κλέος·

1091 2402 1116 2428 εἰ
1128 2400 1156 2427 δὲ
1170 2399 1216 2426 καὶ
1230 2400 1261 2426 τὺ
1272 2399 1322 2434 τῆς
1343 2399 1489 2434 ῥητορικῆς
1503 2397 1646 2432 ἐπώνυμον
1658 2395 1732 2431 αὐτῷ
1744 2395 1762 2430 ἡ
1776 2394 1818 2431 μὴ
1833 2395 1879 2430 νή-

1092 2454 1180 2481 φουσα
1202 2445 1293 2480 ψῆφος
1315 2444 1366 2470 οὐκ
1385 2443 1497 2470 ἐπέθετο
1511 2452 1518 2459 ·
1537 2442 1605 2469 ἀλλὰ
1626 2441 1680 2476 γὰρ
1695 2441 1791 2477 ἔμοιγε
1807 2441 1880 2467 δοκεῖ

1092 2492 1170 2519 οὐδὲν
1185 2491 1295 2518 ἔλαττον
1313 2490 1334 2506 ¹⁸
1358 2490 1413 2516 τῶν
1435 2487 1636 2524 γραμματικῶν
1658 2487 1689 2514 οὺ
1714 2486 1842 2521 δεύτερος
1862 2486 1878 2520 ἢ

912 2569 1026 2600 ῩΑΒΙᾸΕ
1043 2572 1246 2602 LECTIONES.

320 2620 441 2665 έγγιυμξν
455 2620 494 2665 ιδιε
511 2622 673 2665 ὲγνωσμένα
680 2631 713 2665 ς,
743 2624 796 2665 fas
809 2625 870 2652 add.
881 2626 913 2654 A.
934 2629 956 2665 ’ξ’
971 2628 1076 2665 οὐδένα]
1092 2630 1146 2656 imo
1157 2629 1232 2656 οὐδέν
1243 2632 1290 2656 aut
1299 2628 1437 2663 οὐδεμίαν.
1467 2627 1487 2642 ¹¹
1504 2624 1725 2665 συντάξαι-αὐτόν
1736 2632 1767 2665 ς.
1797 2623 1818 2665 ’ξ
1831 2623 1878 2665 ξλ-

256 2655 303 2699 ξος
324 2655 436 2697 ἰδιΜῖΑ·
447 2655 636 2699 ,νλιξναῐςὲ-
667 2660 688 2674 ¹⁸
699 2659 855 2694 πρέπουσαν
872 2671 902 2694 ς.
946 2664 966 2680 ¹⁸
982 2655 1164 2699 κατασέτέίρἐι
1178 2655 1215 2697 ςί,
1246 2655 1270 2680 λε
1284 2655 1501 2699 μεταχειρησεως
1523 2662 1555 2688 Δ.
1593 2655 1616 2676 ί⁷
1629 2655 1758 2694 διασκευῇ
1774 2659 1822 2685 καὶ
1830 2658 1877 2685 δα-

447 2691 469 2707 ¹⁸
487 2692 605 2719 ἐλάττων
619 2702 650 2725 ς.

258 2690 349 2726 ψιλείᾳ
363 2699 392 2723 ς.

1006 2737 1126 2772 Numa.

295 2807 350 2841 (l7)
368 2807 441 2844 Quos
458 2809 523 2834 citat
547 2816 597 2834 mm
618 2810 700 2835 semel
725 2810 881 2844 Athenaeus,
901 2816 928 2840 ut
942 2816 969 2840 et
983 2811 1037 2840 Lu-

262 2843 333 2869 (ian.
352 2843 376 2869 in
392 2842 544 2876 Macrobiis,
559 2851 584 2871 lx
599 2844 740 2873 Asiaticar.

1128 2812 1185 2847 (“-8)
1203 2812 1322 2845 Quorum
1340 2811 1418 2846 primi
1436 2816 1463 2840 et
1480 2811 1566 2847 quinti
1583 2810 1717 2845 Excerpta
1732 2811 1877 2837 occurrent

1094 2851 1187 2883 postea
1204 2847 1265 2875 cod.
1281 2847 1343 2875 250.
