1916 3092
111 155 163 187 701

659 160 920 191 BIBIJOTHECA.
936 172 972 178 —
994 160 1075 191 COD.
1094 161 1214 191 CCXIV.

1683 164 1737 196 702

110 211 167 237 τῶν
183 211 318 247 ῥητόρων,
337 212 372 240 δι’
388 209 426 240 ὧν
449 213 497 241 καὶ
522 214 624 249 γράφει
647 216 694 242 καὶ
716 215 835 243 διδάσκει
864 216 886 232 ¹’

950 215 1062 242 aliormu
1085 215 1216 250 judicium
1242 223 1294 243 non
1322 216 1468 249 concessit,
1486 223 1544 243 mea
1572 221 1646 244 certe
1671 225 1732 246 sen-

109 258 342 291 καταφαίνεσθαι.

461 391 530 419 Σ1Δ¹.

112 433 299 468 Ἱεροκλέους
318 437 387 470 Περὶ
412 437 560 502 "$322!?-
580 437 629 465 καὶ
643 438 831 473 Εἱμαρμένης
849 438 899 471 ,βι-

143 515 318 552 ’Δνεγνὼσθη
342 517 444 552 βιῆλίον
465 518 630 554 Ἱεροκλέους
656 519 727 553 Περὶ
746 520 895 554 Προνοίας

104 563 156 587 καὶ
176 562 376 596 ΕΙμαρμένης,
391 564 438 590 καὶ
462 564 511 598 τῆς
532 563 580 590 τοῦ
605 564 647 598 ἐφ’
670 564 737 598 ἡμῖν
761 564 829 599 πρὸς
849 564 897 599 τὴν

104 605 173 642 [549
189 607 236 642 Κ]
255 607 330 634 θείαν
346 609 490 642 ἡγεμονίαν
508 608 669 642 συντάξεως.
689 610 767 636 Ἔστι
785 610 834 644 μὲν
849 608 896 636 οὖν

103 651 156 685 τὴν
171 652 336 687 προαίρεσιν
356 653 526 688 φιλόσοφοςὸ
544 654 624 689 ἀνὴρ,
651 655 667 690 ή
693 655 722 681 δὲ
748 655 895 690 συγγραφὴ

104 696 183 731 αὖτῷ
204 697 424 733 Ὀλυμπιόδωρον
438 699 535 734 κριτὴν
553 699 724 735 προκαθίξει,
738 700 768 726 ὃν
782 702 829 727 καὶ
843 710 894 728 παα

106 745 221 777 ρασχεῖν
234 744 281 770 τοῦ
297 745 378 778 λόγου
390 746 440 777 τὰς
455 746 583 780 ἀφορμὰς
599 746 766 778 ὑποτίθεται,
783 748 830 773 καὶ
845 748 895 773 αὺ-

102 788 150 814 τὲν
168 788 266 823 ἔχοντα
287 790 334 816 τοῦ
352 790 506 825 φιλοσοφεῖν
527 791 627 826 ἔρωτα,
648 791 678 817 οὐ
696 792 749 826 μὴν
770 791 829 818 οὐδὲ
845 793 895 827 τῆς

102 833 250 869 πολιτικῆς
271 835 368 869 σοφίας
390 836 504 871 ἄπειρον
520 845 528 851 ·
554 836 695 873 ἐμπρέψαι
716 836 780 873 [285
801 836 848 873 Η.]
864 846 893 864 τε

951 261 1032 288 tentia
1058 269 1110 288 non
1134 263 1372 294 grammaticorum
1395 261 1492 294 solum,
1516 262 1564 288 sed
1588 270 1623 289 ne
1644 263 1735 290 rheto-

949 314 1008 333 rum
1029 307 1136 340 quidem
1152 306 1196 333 ulli
1217 308 1350 334 secundus
1367 314 1428 334 cum
1445 307 1578 340 docendo,
1594 312 1651 335 tum
1666 308 1733 336 scri-

949 352 1035 379 bendo
1051 351 1167 379 videtur.

1283 396 1397 424 CCXIV.

1028 444 1157 472 Hieroclis
1172 444 1211 472 De
1227 444 1397 471 Providentia
1413 448 1436 471 et
1452 443 1525 471 Fato
1540 444 1601 471 libri
1612 452 1661 471 vn.

983 523 1081 550 Lectus
1096 527 1138 550 est
1157 521 1289 548 Hieroclis
1305 520 1360 555 (t9)
1379 520 1448 548 liber
1464 520 1502 547 De
1519 520 1687 548 Providentia
1707 526 1733 549 et

948 568 1019 596 Fato
1037 568 1105 603 (20).
1121 573 1201 602 atque
1218 568 1252 595 de
1269 567 1372 594 arbitrii
1395 567 1479 594 nostri
1497 575 1557 594 cum
1571 567 1661 594 divina
1684 575 1733 602 gu-

947 615 1105 642 bernatione
1136 614 1322 647 c0ngrnentia.
1352 614 1456 640 Auctor
1490 613 1532 640 ltic
1566 613 1733 647 professione

947 661 1134 695 philosophus,
1154 660 1197 686 cni
1224 660 1293 687 liber
1314 659 1373 693 ipse
1396 658 1615 694 Olympiodorum
1639 666 1734 692 quem-

946 707 1007 733 dam
1023 706 1105 732 veluti
1126 712 1266 732 censorem
1282 704 1436 735 constituit,
1457 703 1502 738 qui
1519 703 1579 738 ejus
1596 704 1731 731 scribendi

945 758 1054 778 causam
1085 751 1208 781 dederit,
1224 758 1298 780 cum.
1325 750 1502 784 philosophiae
1532 757 1584 776 non
1610 749 1732 783 vulgaris

945 798 1097 828 adamator,
1119 804 1153 823 ne
1173 796 1259 823 civilis
1277 795 1386 830 quidem
1401 795 1542 830 sapientiae
1557 795 1633 822 rudis
1647 799 1732 821 esset.

945 842 1052 870 Clarum
1068 842 1140 869 enim
1156 841 1337 876 legationibus
1352 839 1481 867 Romanis
1503 839 1596 871 fuisse,
1615 840 1731 867 multas-

102 880 158 913 γὰρ
180 879 349 915 Ῥωμαϊκαῖς
365 882 533 916 πρεσὸείαις,
550 882 696 909 καὶπολλὰ
715 882 762 909 καὶ
779 883 889 918 μέγιστα

945 896 997 923 que
1024 896 1056 916 ac
1079 895 1190 923 magnas
1212 895 1228 914 e
1252 888 1376 914 barbaris
1398 887 1523 922 gentibus
1545 887 1668 923 Romano
1680 885 1729 913 ad-

101 926 160 951 τῶν
173 925 322 962 βαρϐάρων
335 926 419 953 ἐθνῶν
430 929 463 963 τῇ
483 927 627 964 Ῥωμαϊκῇ
642 928 759 963 συνάψαι
768 928 843 964 λήξει
856 929 890 961 ’⁸,

100 971 205 1003 αἳτινες
219 971 295 1007 αὐτῷ
322 973 369 999 καὶ
391 972 447 999 τῶν
470 974 606 1009 μεγίστων
620 974 685 1010 παρ’
701 975 793 1006 αὐτοῖς
805 975 893 1010 τιμῶν

98 1018 275 1049 κατέστησαν
292 1018 388 1046 αῐτιαι.
413 1019 442 1046 '0
466 1019 515 1054 μὲν
530 1021 549 1036 ¹¹
574 1020 803 1055 Ὀλυμπιόδωρος,
824 1021 892 1055 πρὸς

96 1062 127 1089 ὃν
139 1064 154 1089 ὀ
167 1063 258 1098 λόγος,
273 1064 393 1096 τοιοῦτος
404 1073 411 1080 ·
427 1061 450 1099 ᾧ
465 1065 498 1100 δὴ
511 1066 558 1092 καὶ
571 1066 781 1101 παραμυθικοὺς
796 1066 891 1100 λόγους

96 1109 111 1134 ὁ
123 1110 302 1144 συγγραφεὺς
324 1110 371 1136 ἐπὶ
389 1110 464 1136 τέλει
480 1110 527 1137 τοῦ
545 1111 654 1146 πρώτου
673 1111 787 1146 βιὸλίου.
813 1111 891 1138 Θετοῦ

96 1155 194 1186 παιδὸς
208 1155 345 1190 ἀποϐολὴν
360 1156 538 1191 ποτνιωμένῳ
552 1157 575 1172 ’³
592 1157 639 1183 καὶ
655 1156 890 1192 σκυϐρωπάζοντι,

96 1202 311 1236 προσενήνοχεν.
330 1202 363 1228 'H
378 1201 401 1228 δ’
422 1202 573 1236 ἐπαγγελία
589 1202 640 1237 τῆς
664 1202 806 1237 παρούσης
830 1203 890 1229 σκέ-

95 1246 173 1281 ψεως
199 1247 269 1280 Περὶ
289 1248 438 1281 Προνοίας
455 1248 514 1274 ἐστὶ
532 1248 669 1274 διαλαϐεῖν
690 1249 723 1284 τῇ
747 1248 891 1280 Πλάτωνος

95 1291 162 1329 δόξῃ
180 1292 228 1318 καὶ
245 1292 451 1327 Ἀριστοτέλους
467 1293 697 1328 συνδιατιθεμένῳ
714 1302 721 1308 ·
742 1294 890 1321 συνάπτειν

93 1338 152 1373 γὰρ
168 1337 293 1373 βούλεται
306 1339 370 1370 τοὺς
383 1338 482 1374 ἄνδρας
502 1341 562 1370 ταῖς
579 1339 678 1372 δόξαις,
693 1340 724 1367 οὐ
742 1341 814 1366 κατὰ
826 1340 890 1372 τοὺς

93 1383 194 1416 λόγους
215 1384 266 1418 τῆς
294 1384 424 1420 Προνοίας
445 1384 537 1419 μόνον,
555 1384 624 1411 ἀλλὰ
642 1385 688 1411 καὶ
703 1385 758 1412 ὅσοι
774 1386 823 1421 τὴν
835 1384 889 1420 ψυ-

94 1428 147 1464 χὴν
164 1429 312 1464 φρονοῦσιν
326 1429 471 1461 ἀθάνατον,
485 1430 533 1456 καὶ
544 1430 571 1456 ετ
585 1438 612 1456 τι
627 1430 690 1464 περὶ
705 1430 820 1465 οὐρανοῦ
840 1432 887 1457 καὶ

94 1476 201 1509 κόσμου
214 1475 321 1506 τούτοις
339 1476 568 1510 πεφιλοσόφηται.
579 1475 658 1501 Ὀσοι
670 1475 699 1502 δὲ
712 1476 776 1506 τοὺς
787 1475 888 1510 ἄνδρας

93 1522 134 1552 εὶς
151 1520 301 1555 διαφωνίαν
316 1521 443 1556 ἔστησαν,
461 1521 573 1553 τούτους
592 1522 631 1552 εἰς
649 1520 684 1547 τὰ
702 1520 820 1556 μάλιστα
836 1529 886 1547 πε-

941 932 1066 965 junxisse
1081 933 1204 967 imperio.
1218 940 1277 967 quae
1292 933 1343 966 ipsi
1362 939 1468 966 quoque
1483 933 1515 959 ad
1530 939 1640 966 magnos
1659 931 1729 966 apud

944 979 1002 1005 illas
1018 978 1191 1013 magistratus
1210 978 1388 1012 acquirendos
1411 977 1483 1004 viam
1502 979 1660 1004 straverint.
1678 978 1732 1012 lgi-

943 1030 986 1050 tur
1011 1024 1229 1059 Olympiodorus,
1254 1024 1287 1051 ad
1310 1031 1390 1058 quem
1417 1023 1486 1050 liber
1512 1024 1637 1056 mittitur,
1666 1024 1730 1051 talis

943 1069 1011 1102 fuit;
1028 1071 1060 1096 ad
1085 1077 1164 1104 quem
1192 1070 1300 1103 insuper
1325 1069 1394 1096 libro
1421 1069 1510 1103 primo
1536 1074 1659 1096 extremo
1682 1069 1731 1096 ad-

940 1116 1029 1150 junxit
1046 1121 1142 1142 auctor
1157 1114 1381 1147 consolationem,
1398 1121 1458 1142 cum
1480 1114 1524 1141 ille
1543 1114 1660 1149 adoptivi
1680 1114 1727 1142 lilii

941 1160 1116 1187 amissionem
1133 1168 1213 1194 supra
1235 1160 1343 1187 modum
1360 1159 1465 1194 lugens,
1481 1167 1534 1187 non
1552 1159 1653 1188 dolenti
1670 1165 1729 1187 tan-

941 1210 997 1231 tum
1022 1209 1094 1232 esset
1117 1204 1219 1237 animo,
1236 1205 1282 1231 sed
1305 1206 1385 1231 etiam
1412 1205 1485 1231 vultu
1514 1205 1645 1232 tristiore.
1669 1204 1729 1239 Ipse

940 1255 1029 1278 autem
1054 1250 1267 1278 cotnmentarius
1291 1249 1328 1277 Dr
1359 1249 1544 1283 Providentia,
1565 1250 1729 1286 disputatio-

941 1303 1001 1323 nem
1026 1295 1146 1330 prazfert,
1161 1295 1220 1329 eius
1244 1295 1289 1330 qui
1319 1303 1382 1330 erga
1412 1294 1533 1323 Platonis
1559 1303 1611 1323 non
1636 1297 1728 1329 aliter,

939 1350 1021 1377 quam
1045 1349 1108 1377 erga
1133 1341 1287 1369 Aristotelis
1312 1342 1473 1369 sententiam
1501 1343 1592 1370 animo
1615 1342 1729 1371 aﬂectus

939 1393 1023 1416 esset.
1040 1387 1194 1415 Conciliarc
1209 1387 1281 1414 enim
1298 1388 1394 1414 horutn
1412 1387 1635 1423 philosophorum
1656 1389 1728 1416 inter

940 1441 969 1462 se
984 1433 1126 1468 opiniones
1141 1434 1241 1466 studet,
1259 1441 1310 1460 non
1327 1434 1416 1460 solum
1437 1435 1464 1460 in
1488 1433 1522 1461 iis
1536 1441 1597 1468 qua:
1610 1435 1643 1461 de
1662 1433 1730 1461 Pro-

939 1480 1057 1507 videntia
1075 1480 1222 1513 disputant,
1234 1486 1328 1506 verum
1343 1481 1425 1507 etiam
1446 1480 1490 1507 ubi
1508 1479 1615 1507 animos
1630 1480 1729 1507 docent

938 1533 998 1553 esse
1012 1525 1192 1558 immortales,
1209 1531 1256 1552 aut
1273 1526 1305 1553 de
1322 1526 1392 1554 οωιο
1407 1527 1547 1561 quidpiam
1570 1534 1602 1554 ac
1625 1527 1727 1553 mundo

93 1568 251 1603 πλανῆσθαι
272 1577 302 1595 τε
325 1570 375 1603 τῆς
391 1569 445 1595 τῶν
460 1568 565 1604 ἀνδρῶν
588 1568 744 1604 προθέσεως
760 1568 808 1595 καὶ
838 1568 884 1594 τοῦ

941 1572 1019 1598 iidem
1047 1571 1282 1605 philosophantur.
1306 1570 1445 1605 Quotquot
1470 1577 1561 1598 autem
1590 1571 1639 1598 bos
1654 1571 1726 1598 inter

92 1614 213 1649 ἀληθοῦς
227 1615 353 1641 ἐκπεσεῖν
369 1614 392 1630 ¹³
405 1615 588 1647 ἀποτείνεται,
611 1614 674 1646 τοὺς
699 1614 749 1649 μὲν
772 1614 885 1646 ἑκόντας

92 1659 163 1694 ἔριδι
180 1659 230 1687 καὶ
243 1659 357 1695 ἀπονοίᾳ
369 1660 440 1694 σφᾶς
454 1660 553 1691 αὐτοὺς
568 1659 801 1695 προσαναθέντας,
821 1660 884 1692 τοὺς

90 1706 120 1733 δὲ
144 1705 193 1732 καὶ
218 1705 351 1741 προλήψει
382 1706 431 1733 καὶ
455 1706 559 1742 ἀμαθίᾳ
578 1706 803 1741 δεδουλωμένους.
830 1707 885 1733 Καὶ

91 1751 179 1778 πολὺν
207 1752 270 1784 τοὺς
299 1752 453 1788 ἔμπροσθεν
475 1753 572 1788 στῆσαι
591 1753 682 1788 χορὸν,
698 1752 795 1788 μέχρις
823 1752 884 1779 ὅτου

90 1798 107 1833 ή
125 1797 287 1833 Ἀμμωνίου
305 1798 385 1832 σοφία
405 1798 563 1833 διέλαμψεν,
576 1797 605 1824 ὃν
621 1797 669 1824 καὶ
683 1797 883 1824 Θεοδιδακτον

91 1843 284 1870 ἐπικαλεῖσθαι
310 1844 412 1879 ὑμνεῖ·
431 1844 526 1871 τοῦτον
547 1843 601 1879 γὰρ
614 1844 663 1875 τὰς
680 1843 736 1870 τῶν
762 1843 885 1870 παλαιῶν

90 1889 200 1924 ἀνδρῶν
220 1889 425 1926 διακαθάραντα
447 1890 538 1924 δόξαις,
562 1891 610 1918 καὶ
633 1890 696 1922 τοὺς
715 1890 885 1926 ἑκατέρωθεν

91 1935 299 1970 ἀναφυομένους
324 1936 585 1972 ἀποσκευασάμενον
603 1936 712 1972 λήρους,
739 1936 885 1972 σύμφωνον

91 1981 121 2006 ὲν
146 1981 206 2012 τοῖς
228 1981 383 2017 ἐπικαίροις
409 1991 440 2009 τε
458 1982 504 2009 καὶ
524 1983 749 2016 ἀναγκαιοτάτοις
765 1982 820 2008 τῶν
843 1982 885 2008 δο-

89 2026 208 2061 γμάτων
222 2026 367 2059 Πλάτωνός
385 2036 414 2054 τε
432 2028 479 2054 καὶ
489 2027 696 2063 Ἀριστοτέλους
708 2029 758 2063 τὴν
772 2027 885 2062 γνώμην

89 2072 245 2107 ἀποφῆναι.
274 2071 367 2100 Ταῦτα
397 2072 442 2099 διὰ
463 2073 514 2108 τῆς
532 2073 642 2108 γραφῆς
667 2074 681 2100 ό
718 2073 884 2108 Ἱεροκλέους

89 2115 170 2148 λόγος
190 2115 347 2148 σπουδάζων
358 2118 558 2149 κατασκευάζει
570 2118 620 2153 μὲν
637 2118 654 2145 ἃ
673 2118 794 2149 ἐκείνους
808 2118 884 2152 φιλο-

89 2164 211 2197 τιμεῖται
223 2163 356 2196 δοξάζειν,
368 2164 577 2198 ἀνταγωνίζεται
588 2164 616 2191 δὲ
627 2165 696 2200 πρὺς
712 2164 774 2197 τοὺς
788 2165 885 2191 ἐσπου-

937 1624 966 1644 se
986 1616 1133 1644 dissentire
1155 1623 1188 1643 ac
1213 1623 1334 1651 pugnare
1355 1617 1478 1644 arbitrati
1505 1622 1579 1650 sunt,
1598 1624 1645 1644 cos
1667 1616 1727 1644 lon-

936 1663 1047 1698 gissime
1076 1662 1111 1690 ab
1135 1669 1229 1689 eorum
1256 1662 1391 1689 sententia
1416 1661 1555 1695 abductos,
1578 1669 1593 1689 a
1613 1662 1726 1689 veritate

936 1709 1046 1737 omnino
1068 1709 1210 1735 aberrasse
1225 1708 1373 1736 contendit.
1394 1706 1461 1733 alios
1479 1714 1526 1734 sua
1546 1711 1643 1741 sponte
1657 1713 1725 1733 con-

937 1755 1064 1782 tendendi
1090 1754 1181 1782 studio
1204 1759 1287 1789 atque
1311 1753 1408 1788 172a
1430 1752 1548 1779 vesania:
1564 1759 1625 1780 sese
1648 1752 1725 1779 addi-

936 1805 1039 1834 eentes,
1054 1800 1121 1828 alios
1143 1805 1332 1836 prmoccupata
1351 1799 1480 1833 opinione
1502 1803 1586 1832 atque
1608 1797 1722 1832 imperi-

936 1847 972 1873 tia
995 1848 1133 1874 subactos.
1155 1845 1195 1873 Ac
1217 1846 1316 1881 prioris
1333 1845 1443 1880 quidem
1463 1845 1568 1872 ordinis
1586 1844 1723 1878 ingentem

938 1891 1021 1919 fuisse
1038 1899 1181 1918 numerum
1200 1890 1295 1922 refert,
1316 1892 1404 1918 donec
1424 1890 1559 1917 Ammonii
1577 1889 1724 1924 aliquando

936 1937 1069 1971 sapientia
1086 1937 1146 1964 orbi
1171 1936 1271 1969 illuxit,
1295 1944 1374 1970 quem
1398 1937 1480 1963 etiam
1507 1935 1636 1963 Diuinitm
1661 1936 1724 1962 edo-

936 1986 1007 2008 ctum
1028 1981 1157 2016 appellari
1181 1981 1320 2015 prmdicat.
1339 1980 1418 2008 Hunc
1434 1981 1506 2008 enim
1525 1985 1647 2007 veterum
1662 1980 1723 2015 phi-

937 2027 1111 2062 losophorum
1136 2026 1310 2062 opinionibus
1339 2026 1529 2062 perpurgatis,
1557 2031 1584 2053 et
1608 2025 1724 2053 resectis

936 2080 996 2108 quae
1031 2072 1160 2106 utrinque
1189 2076 1366 2099 excreverant
1395 2072 1491 2107 nugis,
1520 2071 1546 2098 in
1576 2070 1722 2105 praecipuis

936 2119 1089 2154 quibusque
1102 2123 1130 2145 et
1144 2118 1262 2145 maxime
1278 2117 1443 2145 necessariis
1458 2118 1640 2152 dogmatibus,
1654 2124 1720 2145 con-

936 2164 1046 2192 cordem
1071 2170 1132 2190 esse
1159 2162 1279 2190 Platonis
1310 2167 1336 2189 et
1360 2162 1516 2189 Aristotelis
1544 2160 1719 2192 sententiam,

88 2209 206 2240 δακὸτας
246 2210 392 2243 τάναντία,
423 2211 628 2245 Ἐπικουρείους
657 2211 688 2237 τὲ
727 2220 799 2246 φημι
836 2211 884 2237 καὶ

941 2210 1148 2238 demonstrasse.
1165 2207 1222 2235 Huc
1243 2208 1324 2243 igitur
1339 2206 1469 2234 Hieroclis
1492 2206 1603 2242 scriptio
1623 2213 1721 2241 magno

87 2255 237 2287 Στωϊκοὺς,
266 2256 315 2282 καὶ
340 2257 396 2283 ὅσοι
416 2257 548 2284 Πλάτωνα
575 2257 624 2292 μὲν
647 2257 810 2285 ὑποδύονται
833 2257 882 2284 καὶ

941 2254 1023 2281 itudio
1047 2253 1202 2286 connitens,
1220 2257 1249 2279 et
1271 2252 1440 2287 argumentis
1465 2251 1508 2279 illa
1533 2251 1641 2283 astruit,
1660 2258 1720 2286 quae

88 2301 294 2336 Ἀριστοτέλην,
309 2302 360 2329 οὐκ
379 2302 468 2338 ὀρθῶς
479 2302 507 2329 δὲ
518 2303 553 2329 τὰ
565 2303 678 2329 ἐκείνων
694 2302 880 2337 εἰσηγοῦνται.

932 2299 1006 2333 ipsos
1022 2297 1141 2325 sensisse
1154 2296 1310 2329 contendit;
1324 2301 1351 2323 et
1367 2297 1469 2324 acriter
1482 2303 1544 2323 cum
1566 2295 1600 2323 iis
1621 2299 1720 2327 certat,

88 2347 145 2373 Καὶ
173 2348 230 2382 μὴν
254 2348 333 2379 ὅσους
355 2349 370 2375 ό
392 2348 441 2383 τῆς
467 2347 686 2382 γενεθλιαλογίας
707 2348 880 2384 ἀνηρτήσατο

941 2345 978 2379 lui
1000 2344 1169 2371 contrariam
1196 2342 1266 2370 tueri
1292 2347 1396 2378 partem
1420 2342 1509 2369 conati
1531 2346 1606 2368 sunt.
1626 2340 1722 2375 Epicu-

87 2395 181 2425 πόνος,
205 2393 241 2419 δι’
266 2393 385 2429 ἐλέγχων
412 2394 435 2409 ’⁵
456 2395 529 2429 ἄγει,
556 2394 694 2429 σφαλερὰν
713 2394 803 2420 αὐτῶν
829 2394 879 2430 τὴν

941 2397 993 2417 ‘eos
1010 2390 1079 2421 dico,
1096 2396 1127 2415 ac
1148 2387 1266 2420 Stoicos.
1289 2393 1316 2416 et
1335 2392 1467 2423 quotquot
1488 2386 1559 2414 forte
1579 2386 1720 2415 Platonem

87 2439 153 2473 περὶ
179 2439 232 2474 τῆς
255 2440 425 2475 εἱμαρμένης
444 2440 600 2473 ἐπιδεικνὺς
620 2440 709 2474 δόξαν.
735 2441 791 2467 Καὶ
813 2440 878 2472 τοὺς

941 2441 1010 2472 itque
1026 2435 1198 2463 Aristotelem
1217 2435 1311 2463 colunt
1329 2436 1449 2470 quidem,
1463 2435 1510 2463 sed
1524 2442 1619 2463 eorum
1638 2442 1717 2463 sensa

87 2485 225 2518 μηχαναῖς
249 2485 272 2501 ’⁵
287 2493 358 2512 τισιν
385 2485 402 2520 ἢ
427 2486 565 2521 γοητείαις
589 2486 640 2522 τὴν
665 2486 798 2522 Πρόνοιαν
821 2486 876 2513 τῶν

941 2483 1020 2510 ninus
1046 2486 1119 2509 recte
1146 2481 1292 2517 explicant.
1321 2480 1375 2509 Eos
1403 2481 1479 2514 item,
1510 2481 1556 2516 qui
1582 2481 1612 2508 in
1636 2489 1721 2515 gene-

86 2531 173 2559 ὕντων
197 2531 397 2564 suamnam
421 2532 580 2568 τολμῶντας
604 2533 665 2564 ταῖς
690 2531 795 2567 ὁμοίαις
824 2531 879 2559 τῶν

941 2529 1032 2557 ,Ιιιίοαο
1059 2528 1193 2556 desudant
1223 2533 1293 2561 arte,
1322 2529 1478 2563 redarguit,
1505 2528 1569 2556 dum
1595 2527 1718 2555 fallacem

741 2598 858 2627 VARUE
877 2596 1079 2626 LECTIONES.

125 2657 148 2672 "
158 2656 279 2683 διδάσκει
297 2656 343 2683 καὶ
353 2657 452 2691 γράφει
470 2665 501 2688 ς.
537 2657 560 2673 ’⁸
575 2655 646 2689 λέξει
661 2657 694 2683 Δ.
732 2655 754 2691 ξ¹
766 2655 815 2689 μὲν
825 2654 936 2691 οὗνᾮλἶ
947 2654 1025 2691 9””
1034 2653 1211 2691 ποτνιωμένῳ
1221 2653 1365 2691 ςπεριαλγεῐ
1383 2661 1412 2679 τε
1425 2652 1482 2691 ὄντι
1497 2653 1544 2679 καί
1559 2661 1591 2684 ς.
1602 2688 1611 2691 Α
1628 2652 1651 2667 ³³
1670 2652 1718 2678 ἐκ·

85 2694 179 2718 πεσεῖν
194 2691 242 2718 τοῦ
258 2688 420 2726 ὰληθοῦξςξ
458 2693 480 2707 ¹’
488 2692 521 2718 δι’
534 2688 653 2726 ἐλέγχων
669 2688 805 2726 Bentleius
829 2689 900 2724 apud
915 2689 1066 2726 Ncedham.
1081 2697 1107 2724 p.
1122 2689 1176 2717 440
1193 2697 1200 2714 :
1218 2688 1364 2724 διελέγχων
1381 2697 1410 2720 ς.
1449 2689 1472 2704 ³⁵
1491 2688 1626 2723 μηχαναῖς
1646 2694 1718 2713 τισιν

86 2727 255 2763 ῆγοητείαις
280 2724 341 2762 post
355 2727 510 2762 τολμῶντας
525 2724 652 2763 ροιιίἶς.
670 2726 763 2753 addito
776 2725 805 2752 δὲ
822 2730 882 2760 post
899 2724 1039 2758 πρόνοιαν.

873 2783 990 2812 NOTAE.

962 2841 1017 2877 (20)
1035 2841 1111 2869 Uudc
1135 2843 1266 2875 impressa
1286 2826 1399 2869 Lutetia:
1426 2840 1547 2875 qnmdam
1571 2843 1712 2876 excerpta.

103 2841 179 2880 ,(19)
197 2841 235 2870 De
251 2849 306 2877 quo
322 2841 398 2870 Suid.
413 2847 440 2870 et
455 2842 550 2871 Liban.
566 2843 613 2873 lib.
631 2852 638 2872 ι
657 2843 742 2880 Epist.
758 2845 792 2872 ad
805 2845 871 2872 Δίας

928 2879 998 2914 apud
1014 2877 1079 2905 Fed.
1097 2877 1197 2905 Morcll.

85 2884 165 2904 ιηιιιι.

1462 2914 1470 2931 /
