1916 3092
210 145 264 177 703
775 145 907 175 PIlOTII
926 142 1178 175 PATRIAHCILE
1197 142 1252 172 cr.
1778 131 1833 163 7M

210 208 304 228 eorum
321 207 384 228 esse
395 207 429 228 ac
438 199 570 227 lubricam
585 199 619 227 de
633 199 689 227 l‘ato
705 200 859 235 opinionem
870 201 964 228 ostenti

1075 200 1137 233 εγων
1166 196 1311 224 ὑποϐάλλει
1338 195 1473 231 βασάνοις.
1503 193 1558 220 Καὶ
1587 191 1702 218 καθόλου
1730 190 1831 240 φάναι,

210 246 266 273 Ιιιιο
279 252 308 274 et
320 247 366 281 qui
376 245 578 273 Providentiam
591 253 680 272 rerum
693 251 847 273 creatarttm
856 253 966 274 commet

1076 245 1117 276 οδς
1145 244 1196 276 τὰς
1225 242 1373 278 ὑπολήψεις
1401 240 1540 267 ὲνίσταται
1568 239 1668 270 πάσας,
1693 236 1755 262 ὅσαι
1780 236 1832 281 την

211 291 244 318 Iis
255 279 415 326 quibusdam
428 296 476 319 aut
495 291 643 326 praestigiis
662 292 754 319 tollere
767 292 883 323 audent,
897 291 965 319 iisde

1075 291 1123 318 [av
1139 290 1189 317 οὐκ
1210 288 1279 316 εἶναι
1294 288 1435 324 Πρόνοιαν,
1458 286 1474 322 ἢ
1500 283 1569 312 εἶναι
1590 285 1640 319 μὲν
1661 281 1767 317 φαύλην
1790 279 1831 312 δὲ,

211 345 320 370 prorsus
342 338 475 365 rationum
500 338 579 372 quasi
600 338 794 373 quazstionibus
816 338 967 372 exploraudt

863 338 994 364 iloraudos
1046 337 1110 368 τοὺς
1125 336 1329 371 ἀμαθεστέρους
1347 334 1470 360 πείθουσι
1489 330 1619 366 νομίζειν.

208 383 327 418 sultjicit.
343 382 376 410 Ut
387 387 477 411 autem
487 383 665 411 sitnulomnia
674 383 772 416 dicam,
786 384 915 411 adversus
929 391 1023 411 omnes
1036 383 1094 410 illas
1103 384 1244 417 opiniones
1257 383 1379 417 insurgit,
1391 388 1454 415 quae
1464 379 1626 407 indoctiores
1636 384 1668 403 eo
1683 376 1830 407 adducunt,

210 433 238 455 ut
251 429 369 456 divinam
386 429 584 457 Providentiam
602 430 643 457 vel
670 430 781 456 omnino
798 437 851 456 non
866 437 926 458 esse
938 450 945 462 ,
960 429 1002 457 vel
1016 429 1114 457 nullius
1130 437 1190 457 esse
1205 429 1332 456 momenti
1348 436 1380 456 ac
1392 425 1541 462 despicatui
1559 424 1708 459 ducendam
1724 426 1829 455 putent.

246 475 283 502 Ex
299 474 419 502 Platonis
435 476 517 511 igitur
533 476 668 503 sententia
685 476 810 510 supponit
826 477 883 503 haec
897 476 992 510 dispu-

1084 475 1138 500 Καὶ
1165 474 1235 501 κατὰ
1264 474 1395 500 Πλάτωνα
1418 471 1486 499 Θεὸν
1501 470 1576 505 αὐτῷ
1591 469 1615 485 ¹⁶
1631 468 1829 505 προῦφίστησιν

209 522 276 547 tatio
298 522 379 548 Deum
404 526 499 548 natura
520 526 583 548 ante
599 522 672 548 illam
687 520 907 557 [providentiam]
922 528 965 548 ess

1080 519 1185 554 σκέψις,
1202 519 1291 553 πάσης
1308 517 1449 552 ἐμφανοῦς
1464 526 1493 544 τε
1508 517 1555 543 καὶ
1567 515 1686 550 ἀφανοῦς
1698 514 1829 549 δημιουρ-

209 567 283 594 velut
304 567 437 594 universae,
460 567 541 594 simul
566 567 740 602 aspectabilis
760 571 788 594 et
810 566 965 601 iuspectabil

1073 573 1094 591 ιν
1110 564 1327 599 διακοσμήσεως,
1337 564 1370 599 ἢν
1383 564 1414 590 ὲκ
1426 562 1539 598 μηδενός
1553 569 1635 595 φησιν
1648 558 1829 593 ὑποκειμένου

210 614 292 649 hujus
317 613 464 641 molitionis
480 613 614 648 opificem,
631 620 711 647 quam
733 620 764 640 ex
791 613 861 640 nulla
885 619 915 639 re
934 619 964 639 su

1074 611 1213 644 οοαγαγεῖν
1227 610 1272 636 τὸν
1284 609 1409 644 τεχνίτην
1422 617 1429 624 ·
1451 608 1546 643 ἀρκεῖν
1557 607 1612 641 γὰρ
1624 605 1697 639 αὑτῷ
1711 605 1750 636 είς
1764 604 1830 630 ὑπό-

206 660 276 695 ]ι-νιει
300 659 356 686 vult
378 667 391 686 a
410 666 459 686 suo
477 660 582 686 artiticc
606 660 765 693 productam
792 669 798 686 ε
822 663 850 685 ιιι
870 658 913 686 cui
936 666 962 685 sc

1073 664 1139 682 ςασιν
1160 656 1214 682 τῶν
1242 655 1326 682 όντων
1342 655 1372 681 τὸ
1388 654 1522 689 βούλημα.
1548 652 1605 687 Τῆς
1631 651 1659 678 δὲ
1671 649 1829 686 σωματικῆς

209 704 345 731 suﬂiceret
368 703 504 736 voluntas,
521 711 575 738 quo
599 711 688 730 rerum
710 708 806 730 natura
823 704 965 731 subsistere

1071 700 1197 731 »σιώσεως
1210 702 1243 736 τῇ
1258 700 1396 736 ἀσωμάτῳ
1414 698 1633 734 συντεταγμένης
1652 695 1827 749 ξημιουργίᾳ,

208 751 343 776 Caeterum
361 757 491 784 corporea
514 750 663 777 substantia
684 757 731 784 per
745 750 909 777 creationem
931 757 962 777 cu

1073 745 1148 781 iottov
1164 746 1194 778 te
1210 747 1311 781 ἀμφοῖν
1337 746 1511 778 τελεώτατον,
1530 744 1639 773 διπλοῦν
1655 741 1684 770 τε
1704 743 1762 778 ἅμα
1781 741 1829 769 καὶ

210 797 369 831 incorporea
392 796 548 831 conjuncta,
571 797 699 823 mundum
716 803 749 823 ex
767 800 881 830 utraque
896 800 966 823 nalut

1073 801 1104 824 ια,
1121 793 1265 827 συστῆσαι,
1277 793 1307 819 ὲν
1324 788 1348 826 ᾧ
1366 792 1438 828 ἀκρα
1453 791 1502 819 καὶ
1521 791 1592 827 μέσα
1612 790 1660 817 καὶ
1685 788 1829 816 τελευταῖα

209 843 446 877 perfectissimum,
467 841 601 876 duplicem
627 841 707 870 simul
729 845 756 870 et
775 849 869 875 unum,
889 847 965 869 const

1073 849 1095 876 1v
1108 839 1272 874 κοσμοποιὺν
1283 839 1380 874 σοφίαν
1391 839 1462 867 κατὰ
1476 838 1557 873 φύσιν
1570 838 1708 874 διακρῖναι
1724 843 1730 850 ·
1746 834 1784 862 ὧν
1793 834 1829 862 τά

210 893 299 915 tutum
319 896 380 916 esse
393 897 402 915 :
416 889 442 915 in
464 895 519 923 quo
541 895 658 920 summa,
677 887 774 920 media,
792 892 821 914 et
832 887 886 914 ima
900 894 963 914 mun

1071 872 1095 912 ἐν
1106 872 1203 922 nguina
1216 872 1327 921 λογικᾶ
1345 883 1471 919 οὐράνιά
1479 872 1509 911 τε
1519 884 1568 911 καὶ
1578 872 1665 916 θεοὺς
1675 881 1827 915 καλεῖσθαι,

208 933 298 967 opil‘ex
321 933 454 968 sapientia
470 933 547 969 juxta
570 933 701 968 cujusque
720 937 845 959 naturam
866 931 961 959 decrev

1077 931 1105 958 δὲ
1119 932 1137 967 ἡ
1153 931 1213 967 μετ’
1227 932 1317 959 ἐκεῖνο
1330 931 1361 958 τὸ
1376 931 1503 967 σύστημα
1512 931 1583 966 ἔχειν
1597 930 1676 966 ἔλαχε
1688 928 1764 966 χώρα
1775 931 1829 957 .10-

210 979 255 1006 rit.
271 978 372 1006 Horum
389 980 475 1014 prima
498 980 599 1007 ratione
614 979 725 1014 pra-dita
747 977 871 1012 cadmia,
888 982 916 1006 et
932 978 966 1004 de,

1074 977 1121 1011 κὰ,
1139 977 1252 1012 alat-Epid
1266 986 1295 1004 τε
1312 977 1361 1004 καὶ
1383 977 1514 1012 ἀγαθοὺς
1530 976 1674 1011 δαίμονας
1690 974 1828 1010 ὀνομάζει,

207 1024 298 1051 vocari
313 1024 352 1051 ait
370 1033 377 1052 :
397 1024 463 1058 Quae
490 1032 553 1052 vero
569 1024 698 1060 proximae
714 1028 774 1058 post
785 1022 857 1050 hunc
871 1023 963 1049 ordine

1074 1023 1108 1050 52
1124 1022 1172 1060 11.]
1186 1023 1240 1050 τῶν
1253 1031 1283 1050 τε
1303 1023 1497 1059 συμφερόντων
1518 1022 1673 1057 ἀνθρώποις
1693 1021 1830 1057 ἑρμηνέας

210 1068 313 1103 regioni
333 1069 464 1096 attributa
494 1075 580 1102 sunt,
606 1076 637 1096 ea
668 1076 728 1096 cum
756 1069 856 1095 ratione
882 1067 966 1102 νηπία

1072 1089 1073 1092 η
1090 1069 1137 1095 καὶ
1151 1068 1285 1103 ἀγγέλους
1306 1068 1470 1104 γενομένους
1481 1076 1490 1083 ⁸
1505 1067 1537 1094 τὸ
1552 1067 1581 1095 δὲ
1595 1066 1763 1102 ἀνθρώπειον
1777 1065 1828 1101 φῦ-

208 1115 331 1148 a-therea,
359 1119 414 1142 lum
445 1115 578 1142 dammas
606 1116 686 1142 bonos
711 1113 836 1149 appellat,
862 1113 964 1140 bonoru

1073 1124 1090 1141 ιν
1111 1114 1161 1150 τὴν
1181 1113 1342 1142 τελευταίαν
1363 1113 1441 1146 τάξιν
1458 1113 1576 1149 ἐπέχειν,
1595 1111 1641 1143 οὓς
1654 1110 1787 1146 περιτειά
1799 1119 1829 1137 τε

208 1161 274 1189 item
290 1161 446 1189 hominibus
463 1161 626 1196 interpretes
647 1165 674 1188 et
694 1161 803 1188 nuntios
816 1159 903 1187 factos
917 1167 926 1186 :
943 1158 964 1186 ht

1075 1162 1101 1188 ia
1124 1161 1174 1188 καὶ
1188 1160 1358 1193 ἀθανάτους
1372 1159 1476 1195 ψυχὰς
1490 1159 1537 1186 καὶ
1555 1158 1602 1195 (ὡς
1619 1158 1652 1186 ἂν
1673 1157 1745 1184 εἴποι
1760 1156 1831 1183 Πλά-

207 1215 316 1234 tttanum
334 1206 452 1242 denique
464 1214 549 1242 genus
566 1205 688 1233 intimum
705 1211 797 1232 tenere
813 1204 914 1236 locum,
930 1210 963 1230 eo

1074 1210 1108 1241 ιν)
1132 1208 1301 1241 ἀθανάτους
1323 1207 1502 1242 ὀνομάζεσθαι
1529 1205 1717 1240 ἀνθρώπους.
1738 1203 1780 1231 Τά
1801 1203 1830 1231 δὲ

207 1259 261 1286 que
283 1256 386 1279 terrena
409 1252 567 1282 animantia.
585 1255 609 1278 et
630 1251 762 1277 humanas
781 1251 898 1282 animal,
913 1254 963 1284 atqt

1075 1254 1107 1280 ιία
1121 1253 1207 1280 ταῦτα
1221 1254 1289 1290 γένη
1311 1253 1374 1289 [ΞΜ
1390 1252 1436 1289 H.]
1446 1252 1483 1284 ὡς
1499 1253 1528 1280 ὲν
1543 1252 1583 1279 ἐνὶ
1597 1251 1686 1287 ζὼῳῆ
1698 1250 1771 1288 χορῷ
1783 1250 1831 1277 καὶ

208 1298 250 1331 (ιιι
266 1296 344 1325 Plato
370 1296 484 1331 diceret)
511 1297 636 1324 mortales
656 1296 772 1323 homines
793 1295 921 1331 appellari
941 1300 964 1322 tr

1075 1297 1193 1334 »μφωνίᾳ
1211 1298 1397 1334 συνηρτῆσθαι
1417 1298 1466 1333 μὲν
1480 1297 1617 1333 ἀλλήλοις,
1633 1296 1786 1331 άσύγχυτον
1802 1295 1831 1322 δὲ

208 1343 259 1369 dit.
275 1342 337 1369 Hac
352 1350 434 1376 porro
451 1343 503 1370 tria
518 1350 618 1377 genera
637 1342 663 1369 itt
681 1350 734 1370 uno
754 1343 829 1369 velut
845 1341 964 1369 animant

1076 1357 1077 1378 γ
1102 1343 1196 1370 ἐνώσει
1223 1344 1270 1370 καὶ
1292 1343 1458 1380 ἀλληλουχίᾳ
1481 1343 1530 1378 τὴν
1543 1342 1614 1370 κατὰ
1635 1342 1717 1376 φύσιν
1742 1341 1832 1368 αὐτῶν

207 1389 250 1416 vel
266 1388 351 1416 choro
366 1394 447 1425 atque
463 1394 597 1421 concentu
623 1390 660 1417 ita
680 1395 740 1416 esse
764 1392 855 1424 aptata
878 1388 963 1416 invice

1074 1390 1181 1424 ixptctv
1196 1389 1401 1425 συνηρείσθαι.
1424 1389 1479 1417 Καὶ
1498 1388 1624 1425 ἡγεῖσθαι
1649 1389 1698 1424 μὲν
1711 1388 1765 1414 τῶν
1779 1396 1830 1415 κα-

209 1441 290 1470 atque
312 1442 446 1469 connexa,
463 1440 493 1462 ttt
517 1435 649 1463 naturalis
671 1442 766 1463 eorum
790 1434 928 1462 distinctio
948 1443 963 1470 p

1077 1435 1229 1470 δεεστὲρων
1257 1436 1292 1462 τὰ
1315 1435 1533 1472 προτεταγμένα,
1558 1435 1667 1462 πάντων
1687 1434 1715 1461 δὲ
1741 1433 1833 1460 αὐτῶν

209 1481 338 1508 unionem
359 1481 443 1513 illam,
463 1488 494 1508 ac
520 1489 618 1509 nexum
646 1485 768 1509 mutuum
794 1481 905 1509 minime
929 1488 965 1508 co:

1078 1480 1199 1508 ισιλεύειν
1213 1481 1260 1508 τὸν
1280 1482 1391 1518 Πατέρα
1407 1482 1474 1509 Θεὸν
1498 1481 1546 1508 καὶ
1570 1480 1752 1517 Δημιουργόν.
1777 1480 1834 1507 Καὶ

209 1527 267 1554 fusa
283 1532 470 1554 conservetur.
485 1527 525 1555 Ac
540 1534 657 1562 praeesse
676 1527 785 1563 quidem
806 1527 962 1562 praestantia

1081 1526 1148 1562 ύτην
1172 1527 1222 1564 τὴν
1239 1528 1444 1565 πατρονομικὴν
1465 1528 1488 1544 ’⁷
1509 1527 1592 1554 αὐτοῦ
1609 1527 1746 1563 βασιλείαν
1762 1526 1835 1562 πρό-

210 1573 387 1601 inferioribus
412 1583 420 1601 :
442 1573 570 1601 omnibus
598 1579 687 1601 tamen
718 1573 829 1601 omnino
860 1574 961 1607 impera

1078 1582 1120 1600 ιαν
1142 1574 1191 1601 καὶ
1214 1573 1374 1610 νομίζεσθαι
1390 1574 1438 1601 καὶ
1456 1571 1538 1606 εἴναι,
1552 1573 1614 1609 ἥτις
1627 1574 1735 1609 ἑκάστῳ
1758 1573 1834 1607 γένει

211 1619 331 1653 ipsorum
354 1619 460 1648 Patrem
484 1625 565 1655 atque
579 1620 753 1647 Conditorem
777 1621 873 1648 Deum.
900 1619 967 1654 17:

1095 1619 1266 1655 προσήκοντα
1279 1619 1413 1655 διανέμει.
1427 1619 1483 1656 Τὴν
1503 1620 1595 1655 μέντοι
1610 1628 1642 1655 γε
1658 1620 1690 1655 τῇ
1714 1618 1835 1655 Προνοίᾳ

212 1664 269 1691 lloc
302 1672 367 1700 ergo
394 1665 452 1699 ejus
482 1669 609 1700 tanqttant
641 1673 655 1692 a
689 1671 764 1700 patre
794 1665 967 1692 denomiuatu

1080 1665 1235 1700 νεπομένην
1248 1665 1328 1701 δίκην
1341 1665 1513 1703 εἱμαρμένην
1530 1665 1670 1693 καλεῖσθαι
1686 1673 1694 1682 ·
1719 1665 1759 1697 είς
1774 1664 1835 1697 ἐνδς

209 1718 332 1744 regnum,
350 1715 376 1737 et
393 1710 488 1742 videri,
503 1716 530 1738 et
547 1718 609 1738 vere
624 1717 685 1737 esse
704 1709 917 1743 Providentiam,
937 1718 965 1745 qt

1080 1718 1100 1747 ηρ
1114 1710 1200 1738 πλείω
1219 1711 1408 1748 σημαινόμενα
1424 1711 1472 1738 τοῦ
1489 1711 1540 1748 τῆς
1553 1710 1723 1747 εἱμαρμένης
1734 1710 1836 1746 ὀνόμα-

209 1755 281 1789 quod
300 1756 397 1791 cuique
415 1757 506 1791 generi
530 1756 666 1788 convenit,
690 1756 741 1783 ltoc
760 1755 798 1783 illi
822 1755 965 1783 distribuat

1081 1766 1091 1788 ς
1105 1757 1158 1784 ὑπὸ
1170 1757 1225 1784 τῶν
1248 1757 1401 1793 χαιρόντων
1413 1758 1474 1790 ταῖς
1492 1757 1683 1793 καινοτομίαις
1696 1764 1837 1783 κατασκε-

210 1806 238 1828 at
267 1808 331 1828 vero
351 1801 484 1835 justitiam
514 1802 603 1833 illam,
632 1808 692 1836 qua:
717 1801 764 1829 Dei
797 1800 966 1829 Providentia

1081 1802 1200 1835 σθέντος,
1224 1802 1275 1830 οὐκ
1297 1803 1382 1839 ἄλλην
1404 1803 1526 1838 νομίζειν
1554 1802 1636 1830 αὐτὸν
1662 1801 1837 1838 εἱμαρμένην

211 1839 367 1880 comitatur,
383 1848 474 1876 vocari
491 1847 586 1875 fatum.
604 1846 664 1875 Uno
683 1847 755 1874 enim
773 1846 820 1874 fati
843 1847 951 1874 nomine

1080 1848 1104 1875 λ’
1118 1848 1153 1885 ἣν
1167 1848 1353 1884 ’Δριστοτέλει
1369 1848 1419 1875 καὶ
1441 1849 1565 1877 Πλάτωνι
1587 1848 1709 1884 νομίζειν
1731 1847 1836 1875 δίδωσι.

210 1895 302 1928 plures
325 1894 460 1927 notiones,
478 1895 511 1921 ab
533 1894 566 1922 iis
591 1894 636 1929 qui
662 1894 782 1921 novitate
797 1893 926 1928 gaudent,
943 1893 966 1921 di

1082 1903 1104 1930 ιν
1126 1902 1156 1920 τε
1177 1894 1231 1929 γὰρ
1253 1893 1308 1921 τῶν
1332 1894 1546 1929 γενεθλιαλόγων
1558 1894 1699 1928 ἀλόγιστον
1712 1893 1838 1928 ἀνάγκην

211 1945 307 1972 tracto,
336 1948 390 1968 non
414 1940 486 1967 aliud
511 1945 598 1966 tamen
619 1939 703 1966 fatum
728 1939 780 1966 sibi
800 1939 898 1973 videri,
915 1946 967 1974 qua

1083 1940 1103 1966 δ’
1116 1940 1184 1972 ὅλως
1201 1940 1356 1975 προσίεται,
1374 1940 1436 1968 οὐδὲ
1448 1940 1498 1976 τὴν
1512 1940 1635 1976 Στωῖκὴν
1650 1939 1721 1976 βίαν,
1736 1938 1767 1966 οὐ
1783 1939 1839 1974 μὴν

211 1987 237 2013 id
253 1986 325 2021 quod
340 1985 514 2013 Aristotelem
530 1990 558 2012 et
574 1984 715 2012 Platanem
732 1983 881 2012 credidisse
904 1984 967 2011 trad‘

1082 1986 1104 2012 λ’
1122 1985 1178 2012 οὐδ’
1191 1985 1226 2022 ἢν
1241 1986 1255 2012 ὁ
1265 1985 1296 2020 ἐξ
1309 1985 1514 2022 Ἀφροδισιάδος
1525 1986 1632 2018 δοξάζει
1647 1984 1837 2022 Ἀλέξανδρος,

211 2032 305 2067 Neque
321 2032 394 2060 enim
411 2032 484 2058 illum
514 2037 615 2058 temere
635 2030 748 2066 positam
769 2029 967 2065 genethliacoru

1094 2032 1254 2068 Πλατωνικῆ
1269 2032 1325 2059 τῶν
1350 2033 1486 2067 σωμάτων
1512 2033 1594 2068 φύσει
1617 2033 1657 2064 εἰς
1682 2031 1839 2067 ταυτότητά

211 2077 401 2105 necessitatem
419 2076 472 2103 ullo
488 2076 567 2103 tnodo
583 2075 712 2107 admittit,
737 2082 786 2102 nec
801 2075 916 2102 stoicam
933 2075 967 2102 ite

1087 2078 1190 2114 ριάγων
1205 2078 1306 2114 ταύτην
1322 2087 1329 2094 ·
1350 2079 1408 2106 ἀλλ’
1434 2078 1494 2106 οὐδὲ
1511 2079 1562 2114 τὴν
1580 2078 1697 2114 ἐπῳδαῖς
1721 2077 1770 2104 καὶ
1791 2078 1840 2104 Θυ-

210 2124 290 2155 vim,
312 2129 400 2157 neque
429 2121 495 2148 illud
522 2121 603 2149 etiam
633 2120 730 2153 fatum,
751 2120 823 2154 quod
846 2119 966 2147 Alexand

1083 2133 1119 2156 ιις
1138 2125 1387 2161 παρατρεπομένην
1408 2125 1527 2159 γένεσιν.
1546 2124 1670 2160 Ἐκείνην
1683 2124 1723 2157 δὲ,
1744 2122 1839 2155 καθὼς

211 2168 431 2208 Apltrqdisiensis
455 2168 559 2200 statuit,
585 2174 672 2202 eoque
697 2166 806 2194 tandem
828 2166 947 2199 deducit,

1084 2179 1165 2206 ημεν,
1184 2171 1344 2207 πρεσϐεύει,
1360 2171 1395 2207 ἣν
1407 2172 1433 2199 οἱ
1447 2172 1511 2206 περὶ
1525 2171 1657 2198 Πλάτωνα
1671 2170 1814 2206 βούλονται
1830 2178 1838 2185 ·

212 2217 282 2242 idem
299 2222 413 2250 prorsus
432 2222 493 2242 cum
519 2218 613 2241 natura
635 2220 779 2248 corporum
796 2212 967 2240 Platttuicoru

1087 2225 1110 2249 ις
1121 2217 1175 2244 τῶν
1186 2217 1368 2245 ἐκϐαινόντων
1382 2217 1453 2245 κατὰ
1466 2217 1513 2246 τὸν
1528 2218 1579 2253 τῆς
1593 2217 1725 2254 Προνοίας
1736 2215 1841 2252 θεσμδν

210 2261 309 2290 eﬂlciat
332 2270 340 2289 :
361 2264 407 2290 sed
431 2268 481 2288 nec
507 2268 578 2291 eam,
597 2267 656 2294 qua:
683 2258 852 2285 carminibus
883 2258 966 2294 magic

1085 2263 1194 2299 ιαστικὴ
1211 2264 1257 2291 τοῦ
1285 2264 1364 2291 Θείου
1384 2265 1504 2300 ὑπάρχει
1528 2264 1666 2300 ἐνέργεια,
1691 2263 1769 2296 τάξει
1791 2262 1841 2290 καὶ

210 2314 258 2336 attt
280 2307 423 2335 sacriﬁciis
436 2315 451 2334 a
467 2311 597 2334 consueto
627 2309 730 2332 uatum
755 2304 851 2331 ordine
871 2303 964 2332 dellect

1086 2308 1137 2345 ιμῷ
1152 2310 1221 2345 πρὸς
1234 2310 1284 2343 τὰς
1298 2312 1495 2347 προαιρετικὰς
1506 2310 1650 2343 ὑποθέσεις
1670 2309 1725 2337 τῶν
1744 2308 1842 2343 αὐτεξ-

213 2361 267 2387 tur,
292 2353 420 2389 genesiu;
449 2353 495 2380 sed
521 2352 585 2379 illttd
615 2350 801 2378 tauttttnmodo
827 2348 930 2382 fatum,
956 2359 969 2377 ll

965 2352 993 2378 tti
1047 2357 1148 2383 ουσίων
1174 2357 1264 2393 ἔργων
1275 2357 1502 2395 ὲπανορθουμένη
1516 2358 1551 2384 τὰ
1561 2357 1624 2385 καθ’
1638 2357 1721 2393 ἡμᾶς.

212 2402 352 2432 diximus.
385 2400 511 2434 extollit,
547 2400 619 2435 quod
644 2406 705 2426 cum
740 2396 797 2424 svis
821 2395 898 2423 Plalo
920 2398 977 2426 vult
994 2409 1002 2428 :
1019 2408 1110 2430 rerum
1137 2403 1241 2431 scilicet
1268 2404 1451 2431 evenietttium
1480 2403 1630 2431 secundum
1656 2402 1843 2430 Providentia

211 2445 285 2484 leges
305 2447 462 2482 judicialem
500 2447 644 2482 quamdam
669 2443 793 2473 Numinis
825 2446 1020 2480 operationem,
1050 2447 1123 2476 bono
1148 2450 1243 2478 ordine
1267 2458 1300 2478 ac
1326 2450 1399 2478 serie
1424 2457 1467 2478 res
1493 2456 1601 2478 nostras
1626 2449 1788 2485 dirigentem
1811 2449 1841 2477 in

211 2495 285 2524 illum
314 2494 411 2525 tinem.
439 2493 466 2520 in
495 2500 574 2528 quem
604 2493 694 2520 liberae
719 2494 843 2521 actiones
867 2500 900 2520 ex
925 2498 1000 2521 certo
1016 2496 1154 2530 proposito
1173 2495 1311 2525 feruntur.

247 2540 282 2566 At
295 2539 366 2567 ettint
381 2538 475 2566 isthazc
490 2538 569 2573 hujtts
591 2537 641 2565 viri
659 2538 762 2572 scripto
779 2546 841 2566 cum
860 2537 994 2565 contineri

1086 2538 1167 2567 Ἀλλὰ
1182 2541 1236 2577 γὰρ
1250 2541 1337 2568 ταῦτα
1355 2541 1405 2577 μὲν
1422 2540 1496 2568 ἔστιν
1523 2540 1589 2567 ίδεῖν
1611 2539 1650 2575 τῷ
1672 2539 1720 2566 τοῦ
1743 2539 1841 2575 ἀνδρὸς

214 2586 318 2618 videas,
335 2584 463 2620 frequens
485 2584 658 2612 nihilominus
675 2584 726 2620 ipsi
743 2589 772 2612 et
788 2591 912 2619 magnum
935 2591 970 2611 ce

1086 2587 1228 2622 φερόμενα
1241 2587 1264 2602 ’⁸
1284 2586 1430 2622 γράμματι
1444 2594 1452 2602 ⁸
1470 2586 1485 2612 ό
1502 2585 1628 2617 πλεῖστος
1646 2584 1669 2612 δ’
1693 2584 1768 2620 αὐτῷ
1792 2584 1842 2611 καὶ

214 2636 304 2659 tamen
327 2636 369 2659 est
394 2632 427 2659 de
450 2631 630 2658 humanorum
655 2631 806 2658 animorum
823 2631 914 2665 priore
931 2630 970 2657 vit

1086 2638 1141 2664 ,γας
1155 2629 1230 2665 ἀγὼν
1250 2631 1269 2665 ἡ
1289 2630 1345 2658 τῶν
1370 2630 1550 2666 ἀνθρωπίνων
1570 2629 1665 2665 ψυχῶν
1688 2630 1746 2657 ἐστι
1769 2637 1842 2665 προ-

213 2679 301 2712 deque
315 2684 409 2705 eorum
423 2677 451 2705 itt
468 2677 520 2704 alia
534 2667 648 2713 corpora
667 2677 914 2711 transmigratione.
931 2676 969 2704 Na

1085 2675 1130 2710 οτὴ
1154 2676 1202 2702 καὶ
1226 2675 1484 2711 μετενσωμάτωσις,
1504 2676 1552 2703 τὸν
1575 2675 1625 2710 μὲν
1642 2675 1664 2692 ³⁸
1686 2675 1717 2708 ἐξ
1733 2675 1841 2709 ἀλόγων

865 2756 981 2785 νΑΒίιΕ
1001 2756 1206 2785 LECTIONES.

220 2829 437 2900 “150?:
449 2829 490 2896 ςῖτ
519 2829 580 2858 libri
608 2828 835 2864 πατρωνυμικὴν.
860 2827 896 2856 cf;
918 2835 946 2863 p.
966 2828 999 2857 Β,
1018 2827 1097 2860 1581,
1112 2827 1157 2856 δι,
1203 2827 1226 2843 ιι
1240 2825 1416 2863 ἐπιφερόμενα
1440 2832 1496 2862 ωε.
1526 2834 1534 2853 ³
1563 2824 1624 2853 libri
1646 2821 1837 2858 ἐμφερομὲνῳ,
