1916 3092
66 147 123 178 705

615 147 878 178 ΒΠΠᾸΟἸἮΕΟΛ.
896 162 933 167 -
946 148 1029 180 COD.
1043 149 1165 180 CCXIV.

1651 149 1705 181 706

70 204 150 235 ζώων
173 202 194 237 ἢ
215 201 259 234 εἰς
270 201 358 236 ἄλογα
374 202 563 238 μεταγγισμδν
581 203 632 230 οὐκ
656 202 863 238 ἀναδεχόμενος,

916 212 948 232 ex
972 205 1157 233 animantibus
1175 205 1284 239 quidem
1302 203 1409 230 ratione
1428 203 1594 236 carentibus,
1612 210 1662 233 aut.
1678 207 1707 233 in

68 250 121 284 τὴν
130 248 161 275 δὲ
172 247 204 280 ἔξ
213 247 369 284 ἀνθρώπων
382 249 422 279 είς
441 248 605 284 ἀνθρώπους
621 248 774 284 μεταϐολὴν
782 257 866 276 σπου-

66 294 307 330 δαιολογούμενος.
327 295 440 331 Ταύτην
457 294 486 321 δὲ
508 296 559 330 τὴν
582 294 723 331 ἐπισφαλῆ
744 295 792 322 καὶ
812 304 867 331 μα-

71 341 150 368 ταίαν
165 340 303 376 ὑπόληψιν
313 340 371 368 ἂνω
381 341 430 368 καὶ
441 341 516 369 κάτω
529 340 719 376 περιστρέφει,
736 341 769 367 δι’
780 341 867 376 αὐτῆς

72 387 132 419 μὲν,
147 386 188 418 ὡς
213 387 311 419 οἴεται,
332 387 381 422 τὴν
402 387 450 414 τοῦ
468 387 542 414 Gelon
559 387 691 422 Πρόνοιαν
712 387 866 422 κρατύνων,

65 433 100 459 δι’
110 432 199 467 αὐτῆς
209 431 239 459 δὲ
249 432 280 459 τὸ
291 433 335 467 ἐφ’
346 433 414 468 ἡμῖν
421 433 468 460 καὶ
482 433 680 460 αὐτοδέσποτον
693 434 866 460 κατασκευά-

69 479 139 510 ζων,
154 479 203 506 ναὶ
213 479 249 515 δὴ
260 480 309 506 καὶ
321 480 372 516 τὴν
396 480 478 515 φίλην
498 480 573 516 αὐτῷ
590 480 746 516 ἐπικουρῶν
769 481 866 516 εἱμαρ-

67 525 168 560 μένην,
190 525 220 558 ἐξ
232 525 387 552 ἀλλοκότων
402 526 453 560 μὲν
467 527 596 553 ἐπινοιῶν
607 526 779 563 ὁρμώμενος,
798 528 867 554 ἁσυ-

68 571 188 602 στότους
201 571 224 586 ³⁸
239 571 268 597 δὲ
291 571 347 598 τῶν
369 572 594 608 ἐπιχειρημάτων
615 573 666 604 τὰς
685 573 867 608 νομιζομένας

159 617 181 633 ³¹
193 618 367 650 κατασκευὰς
381 619 521 654 προάγων,
539 619 568 653 ἐξ
587 615 624 646 ὧν
648 619 672 646 δ’
692 619 730 651 ὡς
757 619 866 655 ἀληθῶς

67 663 99 690 τὸ
115 663 169 698 τῆς
182 664 316 699 Προνοίας
329 664 363 691 ἂν
378 665 536 700 παρασταίη
557 665 657 700 δόγμα,
686 665 740 692 οὐδ’
769 665 792 682 ³⁸
819 665 866 692 ἐπὶ

66 709 133 735 νοῦν
144 709 311 744 βαλλόμενος
327 710 360 737 ⁸³.
380 710 490 738 Μᾶλλον
502 710 531 738 δὲ
542 712 569 738 εἰ
581 720 623 743 τις
640 711 689 738 τοῦ
702 711 800 746 ἀνδρὸς
816 711 866 747 τὴν

68 756 202 791 ἀλήθειαν
213 757 353 792 προτιμᾷν
367 757 464 787 ἐθέλοι,
481 757 515 784 δι’
530 753 568 784 ὧν
582 757 686 793 ταύτην
699 757 865 792 ἀγωνίζεται

69 801 300 833 ιατασκιυάζειν,
317 801 457 833 παντελῶς
467 802 553 838 αὐτῆς
570 803 619 838 τὴν
638 802 781 838 ἀναίρεσιν
798 812 864 830 συν-

68 847 176 881 εισᾶγει
192 855 200 863 ·
222 847 328 882 σαθρὰν
348 847 402 883 γὰρ
424 849 492 884 αὐτῇ
515 848 618 885 βάθραν
633 849 755 881 ὑποθεὶς,
775 849 813 881 ὡς
835 850 864 876 ἐν

69 893 162 925 mu;
185 893 236 928 τῆς
257 882 413 926 ὑποθέσεως
427 882 599 931 ἀπαιτούσης
621 895 790 932 πλατύτερον
813 895 865 922 ὐπ-
883 882 902 910 Β

69 939 226 974 εδειξαμεν.
249 940 448 976 εὐπερίτρεπον
468 940 491 957 ³⁸
508 941 595 976 αὐτὴν
619 942 687 978 πρὸς
708 943 864 970 τούναντίον

69 985 116 1011 καὶ
135 984 326 1012 ἀνυπόστατον
342 985 542 1021 συναπέφηνεν,
558 987 614 1023 Τῆς
631 989 686 1023 γὰρ
701 987 756 1015 τῶν
770 987 864 1023 ψυχῶν

70 1029 220 1065 προδιοτῆς
238 1030 287 1056 καὶ
301 1030 588 1066 μετενσωματώσεως,
603 1031 638 1068 ἢν
651 1032 732 1064 αὐτὸς
747 1032 863 1068 ἔρεισμα

69 1076 116 1102 καὶ
129 1075 257 1110 Θεμὲλιον
273 1076 323 1111 τῆς
338 1077 472 1111 Προνοίας
486 1077 634 1104 ύποόάλλει
656 1078 704 1104 καὶ
726 1077 775 1104 τοῦ
802 1079 867 1105 αὺτ-

69 1120 193 1153 εξοισσίσυ
231 1121 280 1147 καὶ
302 1122 353 1155 τῆς
375 1122 558 1157 εἱμαρμένης,
583 1122 687 1158 ταύτης
726 1122 867 1156 παντελῶς

69 1168 108 1200 εἰς
125 1167 158 1194 τὸ
169 1167 268 1201 ᾶλογόν
282 1175 312 1193 τε
327 1168 374 1194 καὶ
394 1167 525 1196 ἀδύνατον
539 1169 592 1196 ὑπὸ
611 1169 661 1205 τῆς
677 1168 808 1203 ἀληθείας
821 1169 867 1202 ἐξ·

68 1213 324 1247 οστρακιζομένης,
353 1213 433 1248 δῆλον
458 1214 500 1240 ὅτι
528 1215 802 1251 συγκαταστρέφεται
826 1216 868 1252 τῷ

68 1259 101 1286 δι’
117 1259 233 1286 ἐκείνων
255 1258 344 1286 ταῦτα
364 1262 621 1297 πραγματευομένῳ
643 1262 691 1289 καὶ
714 1263 731 1298 ή
747 1262 866 1298 Πρόνοια

68 1304 118 1331 καὶ
140 1304 173 1331 τὸ
197 1304 241 1338 ἐφ’
257 1305 325 1339 ἡμῖν
350 1306 396 1331 καὶ
414 1305 432 1340 ἡ
455 1305 624 1342 εῑμαρμένη,
648 1307 697 1333 καὶ
717 1307 758 1338 είς
779 1306 865 1342 λῆρον

67 1349 146 1386 αὐτῷ
158 1350 191 1376 τὺ
208 1349 380 1384 πολύμοχθον
393 1349 532 1378 διαλύεται
547 1351 719 1387 σπούδασμα.

918 249 996 277 bruta
1014 249 1223 278 transfusionetn
1248 257 1300 277 non
1329 249 1472 284 recipiens,
1489 253 1516 276 at
1535 257 1600 276 vero
1620 250 1707 278 horni-

917 303 981 322 num
1012 296 1037 322 in
1065 295 1203 322 hominem
1230 296 1373 322 transitum
1398 295 1519 322 studiose
1546 294 1707 329 defendens,
1753 289 1762 294 ί

916 340 1098 376 periculosam
1128 341 1198 368 hanc
1221 345 1301 375 atque
1327 341 1445 374 ineptam
1469 340 1625 375 opinionem
1648 348 1707 369 sur-

916 395 976 414 sum
993 388 1120 414 deorsum
1135 391 1236 414 versat.
1257 386 1308 414 Per
1328 386 1400 413 illam
1422 386 1546 420 quidem,
1560 390 1590 413 ut
1607 386 1708 418 credit,

916 434 1035 461 divinam
1057 433 1256 468 providentiam
1284 434 1480 465 corroborans;
1505 439 1552 466 per
1573 432 1653 465 ltanc,
1675 432 1707 459 li-

917 479 1011 506 herum
1030 479 1185 512 arbitrium,
1212 479 1382 514 liberumque
1408 480 1448 506 sui
1476 480 1560 514 ipsius
1579 480 1706 508 domina—

918 530 972 552 tum
994 530 1137 558 astruens;
1164 525 1220 552 fato
1245 529 1319 552 certe
1347 530 1401 551 tam
1426 525 1450 552 ei
1474 530 1552 560 grato
1574 526 1705 553 auxilium

917 572 1006 598 ferens
1029 580 1038 598 :
1063 571 1142 605 idque
1170 578 1223 598 non
1252 571 1378 597 absurdis
1413 575 1518 597 tantum
1544 571 1706 598 comtnentis

917 617 1055 648 incitatus,
1067 617 1115 643 sed
1132 617 1214 643 etiam
1233 624 1265 643 ex
1285 617 1396 644 mittitne
1410 618 1609 646 cohaerentibus
1625 626 1707 652 argn-

917 662 1127 689 mentationibus
1153 670 1227 694 snas,
1250 670 1318 696 quas
1342 667 1427 696 putat,
1446 663 1623 697 probationes
1644 671 1707 697 pro-

916 709 1016 735 dncens
1032 717 1038 734 :
1056 716 1116 735 cttnt
1135 708 1251 739 interim,
1270 716 1318 742 per
1332 716 1392 742 quze
1411 716 1505 735 revera
1528 707 1707 735 Proridentia:

916 753 1013 787 dogma
1038 753 1166 779 constituti
1183 757 1301 787 poterat,
1317 761 1349 779 ne
1368 753 1393 779 itt
1411 757 1527 780 tuentem
1544 753 1652 787 quidem
1668 752 1706 779 illi

916 799 1049 826 venerint.
1067 798 1123 826 luto
1142 806 1218 831 vero,
1239 800 1261 826 si
1286 800 1347 833 quis
1363 799 1424 826 huic
1442 799 1543 826 homini
1562 799 1705 826 veritatem

915 850 1080 880 anteponere
1116 845 1243 877 studeat.
1284 846 1383 880 qttibus
1425 846 1500 873 illam
1539 846 1707 881 argumentis

917 896 1040 918 astruere
1058 891 1164 922 nititur.
1181 892 1225 919 his
1240 892 1307 926 ipsis
1319 892 1442 919 eamdem
1462 892 1575 920 omnino
1596 893 1704 920 evertit.

917 936 985 963 Nam
1014 936 1060 971 qui
1093 937 1229 965 inllrttntnt
1260 944 1450 973 argumentum
1479 938 1564 966 semel
1595 939 1706 966 veritati

916 982 1065 1010 substravit
1086 982 1127 1018 (ut
1146 983 1221 1016 alibi,
1241 991 1302 1011 eum
1321 991 1365 1011 res
1384 984 1420 1010 ita
1440 984 1600 1018 postularet,
1618 985 1706 1018 copio-
1730 983 1735 990 ‘

915 1027 972 1054 sius
986 1027 1177 1063 ostendimus),
1188 1028 1211 1056 is
1220 1029 1245 1055 in
1255 1029 1419 1056 contrariam
1434 1028 1513 1056 facile
1523 1034 1627 1063 partem
1637 1037 1706 1057 con-

915 1074 984 1100 verti
1003 1074 1076 1101 illam
1101 1081 1192 1108 posse,
1210 1074 1275 1109 quin
1298 1079 1326 1102 et
1350 1082 1521 1110 nequaquam
1545 1075 1704 1107 subsistere,

915 1119 998 1147 simul
1019 1120 1227 1148 demonstravit.
1252 1120 1299 1147 illa
1320 1121 1421 1156 quippe
1441 1122 1593 1148 animorum
1614 1121 1706 1157 priore

915 1168 987 1200 vita,
1013 1173 1041 1195 et
1065 1167 1092 1195 in
1117 1175 1231 1203 corpora
1261 1168 1500 1204 transmigratione
1528 1168 1627 1204 (quam
1648 1169 1707 1204 ipse

915 1213 1000 1239 basim
1017 1220 1048 1240 ac
1065 1212 1268 1241 fundamentum
1291 1213 1480 1246 Providentia,
1499 1214 1640 1249 liberoque
1661 1222 1706 1241 ar-

918 1258 1011 1292 bitrio,
1027 1265 1060 1286 ac
1083 1258 1140 1286 l‘ato
1157 1258 1194 1286 illi
1215 1258 1346 1293 subjicit).
1359 1260 1471 1287 omnino
1493 1260 1565 1287 inter
1586 1260 1706 1288 absurda

917 1308 944 1330 et
962 1304 1138 1338 impossibilia
1155 1304 1253 1340 173a
1277 1312 1325 1339 per
1340 1305 1484 1332 veritatem
1509 1305 1643 1340 ablegata,
1661 1305 1706 1332 ni-

918 1351 1017 1378 mirum
1034 1359 1086 1378 una
1106 1359 1168 1379 cum
1190 1352 1245 1382 illo.
1264 1353 1308 1386 qui
1324 1359 1372 1386 per
1387 1353 1438 1379 ista
1452 1353 1510 1380 haec
1525 1353 1637 1380 molitur
1649 1351 1706 1380 elli-

68 1403 143 1428 cere,
167 1395 251 1422 etiam
278 1395 462 1428 Providentia,
479 1400 506 1423 et
532 1396 647 1424 liberum
673 1397 815 1425 arbitrium
833 1402 864 1425 et
877 1396 962 1424 latum
976 1398 1117 1429 evertitur,
1139 1398 1262 1432 atquein
1279 1406 1365 1433 nugas
1378 1406 1493 1434 operosa
1526 1399 1575 1426 illa.
1603 1399 1706 1426 machi-

70 1442 146 1470 natio
160 1443 230 1474 abit.

105 1489 171 1526 [553
187 1489 232 1526 R.]
251 1490 338 1517 Ἑπτὰ
349 1490 377 1517 δι
393 1490 467 1524 λόγοι
490 1490 573 1518 αὑτοῦ
591 1491 798 1527 δπιμιρίζονται
812 1491 865 1524 τὴν

71 1534 203 1569 σπουδήν.
217 1534 275 1561 Καὶ
285 1536 298 1561 ὁ
314 1535 363 1569 μὲν
371 1535 394 1550 ³⁸
409 1534 433 1562 α’
450 1536 490 1567 είς
506 1535 614 1563 ἔκθεσιν
630 1536 805 1564 διατυποῦται
824 1533 865 1564 ὧν

68 1579 153 1612 αὐτὸς
165 1580 208 1614 ἐφ’
219 1580 309 1616 ἐαυτῷ
320 1582 384 1616 περὶ
392 1581 523 1616 Προνοίας
535 1581 583 1608 καὶ
592 1581 669 1617 δίκης
679 1583 727 1609 καὶ
737 1582 789 1617 τῆς
797 1583 867 1609 κατ’
878 1599 901 1630 c

69 1626 151 1660 ἀξίαν
173 1626 230 1652 τῶν
245 1626 336 1662 ἔργων
350 1627 390 1658 είς
404 1627 480 1662 ἡμᾶς
493 1627 644 1663 κατιούσης
665 1627 784 1664 κρίσεως
802 1636 867 1655 συν-

69 1670 246 1706 εγύμνασατό
257 1679 289 1698 τε
298 1671 347 1698 καὶ
359 1671 528 1706 διεσκὲψατο,
545 1671 575 1699 '0
586 1672 607 1708 β’
622 1672 652 1700 δὲ
665 1673 715 1705 τὰς
730 1673 868 1701 Πλατωνι-

71 1716 122 1747 ιιὰς
139 1715 278 1750 συλλέγων
290 1715 382 1749 δόξας,
391 1717 441 1751 τὴν
456 1717 548 1744 πίστιν
561 1717 590 1750 ἐξ
602 1718 693 1746 αὐτῶν
704 1717 741 1753 ὦν
752 1719 867 1747 Πλάτων

70 1761 192 1796 ἓτριψαν
212 1762 378 1798 ἐπιτίθησιν.
402 1762 432 1789 Ὁ
441 1763 503 1798 δὲγδ
522 1763 572 1796 τὰς
593 1764 752 1800 ὐτιοφοράς,
766 1762 812 1798 αἷς
833 1766 867 1793 ἄν

70 1815 114 1837 τις
126 1807 261 1842 χρήσαιτο
274 1807 344 1843 πρὸς
357 1808 516 1836 ἐναντίωσιν
534 1810 590 1837 τῶν
602 1809 666 1847 [Ξ85
682 1811 728 1848 H.]
738 1811 868 1847 δεδογμέο

70 1862 147 1885 νων,
172 1854 338 1889 παρατιθεὶς
358 1855 479 1882 διαλύειν
502 1857 595 1884 αὐτῶν
618 1857 669 1893 τὴν
690 1859 866 1894 ὲπιδουλὴν³⁶

70 1899 309 1934 ¹πραγματεύεται.
335 1899 404 1927 Ὃδὲ
418 1901 441 1928 δ’
454 1902 488 1929 τὰ
502 1903 636 1937 λεγόμενα
649 1904 726 1939 λόγια
740 1906 790 1932 καὶ
803 1906 867 1938 τοὺς

71 1945 229 1981 apsumi;
241 1945 358 1982 θεσμοὺς
368 1948 408 1978 είς
423 1949 584 1983 συμφωνίαν
599 1950 726 1984 συνάγειν
735 1949 776 1982 οἷς
790 1951 865 1979 Πλά-

69 2000 126 2017 των
151 1991 314 2026 ἐδογμάτισε
331 1992 465 2027 βούλεται.
492 1994 521 2021 '0
546 1994 576 2021 δὲ
600 1999 621 2021 ε’
637 1997 677 2028 είς
689 1996 793 2031 Ὀρφέα
819 1997 866 2024 καὶ

71 2037 210 2072 Ὅμηρον,
228 2038 275 2064 καὶ
291 2037 349 2064 ὅσοι
371 2038 446 2065 ἄλλοι
463 2039 516 2075 πρὸ
539 2039 589 2074 τῆς
607 2041 751 2073 Πλάτωνος
766 2042 866 2076 ἐπιφαη

70 2083 145 2114 νείας
167 2083 359 2118 ὲγνωρίζοντο,
375 2083 424 2119 τὴν
437 2084 614 2120 Πλατωνικὴν
631 2086 698 2121 περὶ
720 2086 774 2113 τῶν
798 2095 865 2122 προ-

69 2129 206 2164 κειμένων
231 2128 390 2164 φιλοσοφίαν
412 2130 538 2159 ἀνάπτει.
555 2131 584 2158 Ὀ
606 2131 634 2158 δὲ
657 2135 684 2164 ς’
706 2133 769 2164 τοὺς
796 2134 866 2168 μετὰ

69 2174 205 2201 Πλάτωνα
222 2175 338 2207 πάντας,
352 2175 433 2202 αὑτὸν
449 2176 638 2213 Ἀριστοτέλην
652 2179 800 2213 κορυφαῖον
817 2179 865 2206 λα-

70 2220 140 2251 ὗὼν,
169 2221 268 2256 μέχρις
279 2221 435 2256 Ἀμμωνίου
459 2223 506 2249 τοῦ
520 2223 735 2260 Ἀλεξανδρέως,
756 2222 787 2252 οὗ
809 2227 864 2252 τῶν

952 1490 1038 1518 Porro
1053 1491 1080 1518 'rn
1096 1496 1200 1526 septem
1220 1490 1278 1526 (Ἦ)
1298 1491 1381 1519 libros
1405 1491 1562 1519 ttniversum
1579 1498 1649 1526 opus
1662 1490 1706 1518 di-

917 1536 1019 1564 viditur
1034 1545 1042 1564 :
1056 1544 1171 1572 quorum
1185 1537 1289 1572 primus
1306 1537 1414 1572 quidem
1434 1544 1571 1572 exponere
1586 1537 1706 1565 institui!

916 1590 946 1610 ea
963 1589 1024 1617 quae
1037 1582 1096 1618 ipse
1109 1582 1181 1617 apud
1192 1590 1223 1610 se
1235 1583 1269 1610 de
1283 1582 1472 1616 Providentia,
1489 1584 1523 1611 de
1536 1583 1644 1619 justitia
1655 1605 1662 1617 ,
1678 1588 1706 1611 et

917 1627 950 1655 de
964 1628 1099 1655 sententia
1119 1627 1146 1655 in
1167 1635 1216 1655 nos
1236 1635 1285 1662 pro
1305 1627 1439 1655 factorum
1456 1629 1555 1656 merito
1582 1629 1704 1661 ferenda,

917 1673 1062 1702 meditatus
1070 1679 1155 1702 esset.
1170 1672 1311 1702 Secundus
1325 1674 1398 1707 dein,
1409 1673 1566 1702 Platonicas
1576 1675 1706 1710 colligens

917 1720 1068 1754 opiniones,
1088 1727 1152 1748 suas
1165 1720 1264 1755 cuique
1278 1720 1450 1756 probationes
1459 1728 1491 1748 ex
1503 1720 1569 1755 ipsis
1585 1720 1706 1748 Platonis

916 1767 1046 1802 operibus
1066 1767 1188 1802 apponit.
1209 1765 1329 1799 Tertius,
1347 1767 1516 1801 obiectiones
1539 1774 1704 1802 proponens,

916 1812 1015 1847 quibus
1031 1813 1069 1841 nti
1085 1813 1222 1849 quispiam
1239 1813 1371 1841 adversus
1385 1820 1416 1840 ea
1435 1821 1497 1849 qua:
1512 1813 1612 1841 tradita
1629 1818 1704 1847 sunt,

916 1863 1021 1894 queat,
1054 1859 1204 1887 dissolvere
1231 1860 1327 1887 barum
1358 1859 1548 1887 cavillationes
1579 1864 1705 1887 conatur.

916 1904 1035 1937 Quartus
1054 1905 1175 1936 oracula,
1194 1912 1255 1940 qua
1277 1910 1418 1936 vocantur,
1435 1913 1468 1932 ac
1484 1905 1655 1932 sacerdotum
1667 1904 1706 1932 le-

915 1957 973 1983 ges,
985 1955 1012 1976 et
1026 1949 1149 1977 Platonis
1166 1950 1292 1982 dogmata
1311 1949 1428 1977 invicem
1442 1949 1589 1976 conciliare
1603 1949 1705 1977 studet.

917 1995 1045 2028 Quintus,
1058 1994 1179 2029 Orpheo,
1194 1995 1321 2028 Homero.
1334 2000 1363 2023 et
1379 1989 1485 2023 castoris
1500 1996 1545 2031 qui
1562 2000 1625 2023 ante
1643 1994 1706 2022 Pla-

917 2046 1007 2068 tonem
1031 2042 1259 2074 celebrabantur,
1283 2042 1449 2070 Platonicam
1468 2042 1501 2069 de
1523 2041 1603 2069 modo
1623 2041 1704 2069 dictis

915 2088 1066 2116 doctrinam
1075 2089 1181 2116 tribuit.
1194 2088 1305 2121 Sextus,
1318 2095 1426 2120 omnes,
1438 2088 1484 2123 qui
1495 2093 1555 2123 post
1563 2088 1704 2115 Platonettt

914 2135 1002 2167 fuere,
1027 2135 1086 2169 ipso
1105 2142 1214 2170 qucque
1239 2133 1387 2162 Aristotele
1407 2134 1531 2168 principe
1552 2140 1703 2169 assumpto,

915 2188 1000 2216 usque
1014 2181 1046 2208 ad
1059 2181 1231 2208 Autntonium
1248 2180 1473 2211 Alexandrinum,
1491 2179 1567 2214 cujus
1585 2179 1612 2206 in
1623 2179 1703 2206 fanti-

915 2226 1031 2254 liaribus
1055 2227 1230 2255 celeberrimi
1248 2225 1369 2253 Plotinus
1389 2230 1416 2252 et
1435 2225 1579 2259 Origenes,
1595 2224 1628 2251 ad
1642 2225 1702 2258 bos,

68 2266 218 2301 γνωρίμων
231 2267 256 2293 οἱ
272 2268 482 2301 ἐπιφανέστατοι
501 2269 633 2302 meum;
648 2279 678 2296 τε
695 2271 741 2298 καὶ
756 2271 863 2306 Ὠριγέ-

918 2273 1041 2305 inquam.
1068 2280 1154 2307 usque
1176 2272 1298 2299 Platonis
1311 2276 1445 2306 posteros.
1458 2270 1505 2305 qui
1524 2271 1634 2305 quidem
1651 2271 1703 2298 ali-

68 2320 127 2346 νης,
143 2313 208 2343 τοὺς
229 2310 276 2339 οὖν
300 2313 369 2348 μετὰ
383 2314 512 2341 Πλάτωνα
532 2315 612 2350 μέχρι
628 2316 682 2342 τῶν
707 2317 864 2352 είρημένων

68 2357 186 2392 ἀνδρῶν,
202 2358 275 2389 ὅσοις
297 2359 346 2384 ἐπὶ
363 2359 444 2395 σοφίᾳ
456 2359 568 2394 γέγονεν
582 2361 668 2396 ὄνομα
684 2361 782 2394 λιπεῖν,
801 2363 862 2389 τού-

68 2414 130 2437 τους
152 2406 276 2436 ἅπαντας
298 2406 434 2440 ὁμοδοξεῖν
457 2409 490 2443 τῇ
504 2408 645 2441 Πλάτωνος
661 2411 862 2443 κατασκευάζει

68 2452 178 2486 κρίσει,
196 2452 243 2478 καὶ
256 2453 314 2478 ὅσοι
329 2453 434 2489 διιστᾷν
447 2454 497 2489 τῆς
511 2455 654 2489 ὁμοδοξίας
669 2455 800 2483 Πλάτωνα
816 2457 862 2483 καὶ

74 2497 264 2533 Ἀριστοτέλην
281 2499 461 2534 ἐπεχείρησαν
471 2521 480 2532 ,
493 2499 547 2526 τῶν
559 2501 669 2532 φαύλων
683 2510 712 2528 τε
730 2503 777 2528 καὶ
792 2503 860 2529 dm.

66 2543 208 2578 τροπαίων
220 2543 322 2577 τίθησι,
339 2544 424 2571 πολλά
438 2553 468 2571 τε
478 2545 604 2573 νοθεῦσαι
616 2546 670 2574 τῶν
680 2547 862 2574 Πλατωνικῶν

67 2588 166 2623 λόγων,
175 2589 266 2617 καίτοι
276 2590 406 2618 Πλάτωνα
414 2592 573 2620 διδάσκαλον
582 2594 820 2630 ἐπιγραφομένους
827 2595 861 2629 ³⁷,

913 2320 985 2354 quod
1002 2320 1052 2346 sibi
1064 2327 1162 2346 nomen
1181 2318 1322 2353 sapientize
1338 2321 1512 2352 pepererunt,
1530 2317 1653 2350 ejusdem
1670 2317 1708 2344 ad.

913 2373 996 2392 unum
1013 2373 1110 2392 omnes
1119 2372 1180 2392 cum
1193 2364 1307 2391 Platone
1319 2370 1381 2391 esse
1393 2363 1545 2395 sententiae,
1558 2370 1710 2398 ιιι-ενιπευς

914 2412 949 2439 tis
962 2414 1068 2446 probat.
1092 2411 1170 2445 Quod
1190 2411 1214 2438 si
1238 2411 1285 2445 qui
1308 2402 1512 2438 consentientes
1534 2409 1659 2436 Platonis
1676 2413 1705 2436 et

917 2457 1071 2485 Aristotelis
1090 2457 1232 2492 opiniones
1249 2456 1379 2484 dirintere
1389 2457 1509 2492 aggressi
1523 2455 1636 2488 fuerint,
1654 2463 1709 2484 eos

916 2510 944 2532 et
962 2505 1040 2531 nihili
1061 2504 1196 2537 homines,
1211 2509 1239 2531 et
1255 2503 1397 2537 fugiendos
1411 2503 1516 2530 statuit.
1533 2502 1616 2530 Multa
1632 2502 1704 2529 insu-

916 2557 964 2583 per
977 2549 1178 2576 Platonicorum
1192 2549 1357 2583 scriptorum
1374 2549 1545 2576 adulterasse
1560 2556 1608 2575 eos
1620 2548 1702 2575 etiam

915 2596 961 2630 qui
974 2596 1046 2623 hunc
1061 2595 1113 2622 sibi
1135 2600 1327 2630 praeceptorem
1346 2594 1525 2629 ascriberent,
1550 2601 1579 2621 ut
1602 2599 1629 2622 et
1639 2594 1702 2621 Ari-

712 2661 828 2691 VARIE
849 2663 1053 2691 LECTIONES.

114 2720 359 2758 'fiaeuogdrtvag.
391 2721 569 2758 r'la-thpadd.
588 2721 620 2748 Α.
659 2721 749 2758 ³¹νοὺ8¹
762 2723 799 2749 A:
818 2722 864 2749 ὁδ’
880 2731 912 2756 ς.
946 2723 969 2738 ³³
981 2722 1127 2758 βαλόμενος
1142 2724 1175 2750 Α.

69 2756 100 2781 Α.
129 2756 151 2771 ³⁸
167 2756 300 2791 δπιὸολήν
322 2756 468 2784 Bentleius.
521 2757 542 2772 ³⁷
557 2757 775 2793 ἐπιγραφόμενος
792 2766 824 2790 ς.

1225 2721 1248 2738 ³⁸
1263 2721 1465 2757 ἀπερίτρεπτον
1478 2730 1509 2754 ς.
1543 2721 1566 2738 ³⁸
1583 2719 1633 2756 μὲν
1646 2725 1702 2745 οω-

807 2812 921 2841 ΝΟΤιΕ.

106 2871 163 2906 (il)
183 2870 205 2897 E
220 2877 337 2905 quorum
364 2869 449 2897 tribus
473 2869 567 2904 primis
585 2875 712 2904 excerpta
742 2871 864 2905 quaedam
881 2871 1032 2903 oliernntur
1047 2872 1111 2900 inl'r.
1131 2872 1191 2900 cod.
1207 2871 1272 2900 202.
