1916 3092
35 147 86 178 τω

535 147 717 178 BIBLIOTH
723 147 800 177 ECA.
820 159 854 164 -
867 147 948 178 COD.
961 122 1198 178 CCXV-CCXV.“

1616 146 1669 178 ’110

36 204 75 229 ἑτι
86 202 172 237 ἕτερα
185 201 209 234 ζ’
219 202 316 238 ἀνδρός
328 211 358 229 τε
368 202 414 230 τοῦ
429 203 511 231 αὐτοῦ
525 205 572 231 καὶ
584 206 624 236 είς
639 205 828 241 παραπλήσιον

890 205 987 240 iliaque
1002 211 1132 241 ρταιιεινειι
1144 210 1259 241 septem,
1274 206 1369 234 eadem
1385 213 1454 240 pene
1470 205 1556 233 forma
1572 205 1606 232 ab
1624 213 1669 233 eo-

36 247 267 283 ὲεενηνεγμένα“
280 248 376 276 τύπον.

57 294 243 328 Ὀρειᾶισίου
265 294 407 357 Ἐπιτοιᾶὴ
422 295 476 338 τοᾷ
495 295 639 330 rauim-015
650 296 726 331 πρὸς
737 297 813 324 Ἰου-

395 339 492 357 ιανον.

395 339 492 358 ιανον.

74 375 107 401 Ἠ
135 375 187 410 μὲν
208 375 256 402 οὖν
272 376 369 411 πρώτη
392 377 494 412 σπουδὴ
515 377 554 413 τῷ
577 378 664 413 ἀνδρὶ,
681 377 699 405 ἃ
712 378 832 414 Γαληνὸς

38 421 85 456 μὲν
98 421 222 456 ἔγραψεν
233 423 248 448 ὁ
262 421 364 456 ἰατρὸς,
381 422 534 457 συντέμνει,
544 423 681 459 Ἰουλιανῷ
691 424 719 450 δὲ
731 423 770 460 τῷ
780 423 830 458 τῆς

37 467 177 499 εὖσεὸείας
203 468 347 505 ἀποστάτῃ
369 468 538 505 ἀναγράφει·
561 470 578 506 ἢ
604 472 651 497 καὶ
677 471 831 506 ἁπάρχεται

36 513 134 544 οὕτως⁸

71 568 81 584 ι
99 558 272 586 Κελεύσαντί
285 568 338 593 σοι,
360 560 482 589 θειότατε
505 561 675 598 αὐτοκράτορ
691 562 830 596 Ἰουλιανὲ,

36 605 96 636 τοὺς
109 605 152 640 τῷ
168 606 317 641 Θαυμασίῳ
332 607 443 643 Γαληνῷ
457 608 609 644 χρησίμους
623 609 664 641 εἰς
678 609 727 644 τὴν
743 610 831 644 ἰατρι-

36 652 84 686 κὴν
111 651 214 686 τέχνην
238 651 449 687 γεγραμμένους
476 652 572 687 λόγους
599 653 769 688 συντεμεῖνδε
791 654 831 685 είς

36 697 147 723 ἔλαττον
157 717 166 729 ,
185 697 334 732 προθύμως
349 699 503 734 ὑπήκουσα.
519 699 581 731 Τοῖς
596 708 626 726 τε
639 699 693 734 γὰρ
710 700 832 735 μετιέναι

36 741 81 778 τὴν
93 741 197 778 τέχνην
212 742 315 777 ταύτην
332 743 560 778 προαιρουμένοις
570 763 577 775 ,
591 743 628 775 ὡς
641 744 724 776 αὐτὸς
737 753 831 779 φησιν,

36 788 95 815 οὒτε
109 789 140 815 δὲ
162 789 272 824 ςιύσεως
289 789 449 825 ἐπιτηδείως
459 789 493 822 ⁸⁷,
502 789 559 817 οὗθ’
573 790 681 825 ἡλικίας
695 790 833 826 ἁρμοζού-

38 843 83 869 σης
93 834 276 869 τετυχηκόσι,
290 834 420 866 πολλάκις
432 835 460 861 δὲ
472 835 532 862 οὐδὲ
545 834 599 862 τῶν
613 834 729 870 πρώτων
742 836 832 871 μαθη-

882 251 942 278 dem
961 252 1044 278 edita.

883 295 1001 324 Oribasii
1019 297 1113 324 medici
1142 296 1235 338 Caleni
1259 297 1447 330 Compendium
1470 299 1504 324 ad
1529 296 1670 324 lulianum

1193 338 1387 366 imperatorem.

918 376 1013 406 Priore
1022 385 1087 413 ergo
1102 378 1252 410 volumine,
1269 385 1329 412 quae
1341 378 1459 405 Galenus
1473 377 1594 406 medicus
1605 385 1671 406 con—

882 425 1039 458 scripserat,
1059 431 1090 451 ca
1109 424 1153 451 hic
1178 424 1204 450 in
1223 424 1413 457 compendium
1432 424 1539 459 redigit.
1560 423 1668 451 Juliano

882 475 971 498 autem
984 470 1146 497 Christianae
1159 469 1297 505 religionis
1308 470 1440 497 desertori
1462 470 1534 498 hunc
1547 470 1668 498 laborem

881 515 1031 549 inscripsit.
1042 515 1095 542 hoc
1114 513 1171 541 fere
1183 522 1248 541 ttsus
1265 514 1400 548 principio
1414 523 1421 540 :

920 570 930 586 ι
947 560 1043 589 Jussus
1057 569 1071 587 a
1089 566 1124 592 te,
1139 559 1314 588 diveluliane
1330 560 1489 593 imperator,
1506 559 1599 587 Galeni
1618 559 1669 586 ho-

881 608 962 636 minis
982 607 1132 634 admirandi
1150 606 1280 641 perutiles
1298 605 1395 641 175a
1417 606 1450 633 de
1477 613 1506 633 re
1523 606 1624 633 medica
1643 606 1672 632 li.

882 653 945 681 bros
959 653 993 680 ad
1009 652 1137 688 pauciora
1154 651 1289 686 redigere,
1314 651 1430 679 libenter
1452 658 1520 678 sane
1538 651 1670 678 Voluntati

884 705 936 727 tum
957 707 1017 728 sum
1031 699 1190 727 obsecutus.
1207 698 1242 725 lis
1261 699 1334 726 enim
1357 698 1402 734 qui
1422 699 1454 725 ad
1472 699 1544 725 hanc
1558 706 1618 725 sese
1630 706 1672 724 ar-

883 752 936 775 tem
957 747 1095 782 applicare
1114 747 1216 779 voleut,
1238 747 1279 782 (ut
1297 747 1354 782 ipse
1372 746 1434 782 ait),
1455 751 1484 774 et
1504 751 1598 773 natura
1616 747 1670 772 for-

883 794 952 821 sitan
970 794 1165 826 destituuntur,
1181 801 1269 828 neque
1284 799 1376 827 aptum
1390 798 1452 820 sunt
1466 793 1535 819 nacti
1552 798 1669 823 aetatem,

883 847 916 867 ne
932 839 1068 874 prioribus
1082 839 1190 874 quidem
1204 845 1391 874 saepenumero
1408 838 1560 873 disciplinis
1572 837 1671 864 initiati

38 880 129 915 μάτων
145 880 324 916 ἀρξαμένοις,
342 881 390 907 καὶ
411 881 456 908 διὰ
476 881 567 908 ταῦτα
586 881 725 913 ἀδυνάτως
740 881 831 917 έχουσι

890 884 924 919 ‘_ut
940 884 974 911 ob
989 891 1036 911 eas
1051 891 1148 911 causas
1165 883 1251 910 libros
1272 882 1332 910 illos
1346 882 1463 910 fusiores
1480 882 1603 909 ediscere
1623 889 1671 908 ne-

37 927 96 958 τοὺς
111 927 188 954 κατὰ
200 927 317 960 διέξοδον
340 927 435 961 λόγους
459 927 651 962 ἐκμανθάνειν,
667 927 782 964 ἀρκέσει
798 928 832 955 τὰ

38 973 81 999 νῦν
101 973 306 1008 γραφησόμενα
316 993 323 1004 ,
339 973 435 1009 χρόνου
459 981 488 999 τε
514 973 684 1009 βραχυτέρου
700 974 768 1009 πρὸς
782 974 832 1009 τὴν

38 1018 192 1053 ὲκμάθησιν
203 1017 351 1054 χρῄζοντα,
367 1019 415 1045 καὶ
428 1018 477 1054 τὴν
492 1019 585 1054 νόησιν
600 1020 800 1055 εὐπετεστέραν
809 1020 831 1036 ⁸⁸

38 1065 130 1097 ἕξοντα
145 1065 187 1100 τῷ
197 1065 247 1100 τὴν
260 1066 416 1100 συναιρεσιν
428 1066 469 1097 εἰς
483 1065 666 1101 βραχυλογίαν
679 1066 729 1092 οὐκ
739 1066 831 1102 ἀσαφῆ

38 1110 215 1146 γενήσεσθαι.
228 1111 292 1142 Τοῖς
314 1119 343 1137 τε
352 1111 373 1126 δ’
396 1111 425 1137 ὲν
441 1110 604 1146 προπαιδεία
627 1111 831 1145 γεγενημένοις,

38 1157 83 1183 καὶ
99 1157 171 1192 μήτε
190 1157 243 1182 ὑπὸ
259 1156 368 1190 φύσεως
390 1157 460 1192 μήτε
485 1156 594 1190 ἡλικίας
619 1156 766 1183 κωλυθεῖσι
788 1165 832 1183 τε-

39 1205 122 1236 λείαις
145 1203 301 1239 χρήσεσθαι
326 1204 387 1235 ταῖς
411 1203 607 1235 διδασκαλίαις,
623 1203 738 1238 ἁρμόζοι
759 1203 792 1230 ἂν
814 1204 832 1239 ἠ

39 1250 148 1286 τοιαύτη
165 1249 279 1284 σύνοψις
294 1250 337 1276 ἐπ’
348 1249 437 1276 αὐτῶν
452 1249 505 1275 τῶν
520 1249 609 1284 ἔργων
619 1249 667 1285 τῆς
680 1249 729 1284 μὲν
740 1250 833 1286 χρείας

41 1296 216 1330 ὲτειγούσης,
233 1297 262 1322 ὲν
278 1295 376 1331 βραχεί
387 1295 415 1322 δὲ
429 1295 477 1330 τῆς
490 1295 668 1330 ἀναμνήσεως
681 1294 736 1321 τῶν
750 1296 833 1329 ἀναγ-

40 1343 193 1369 καιοτάτων
203 1342 363 1376 γενομένης.
381 1351 390 1367 ι

71 1389 152 1416 Οὕτω
168 1388 219 1423 μὲν
242 1389 256 1415 ὁ
267 1387 438 1423 Ὀρειὸάσιος
455 1388 483 1413 ἐν
501 1386 588 1422 ταύτῃ
602 1388 635 1422 τῇ
657 1387 835 1423 πραγματείᾳ

38 1435 261 1471 προοιμιάζεται,
275 1434 460 1469 ὑποσχόμενος
473 1434 566 1460 ἐκεῖνα
577 1434 646 1468 μόνα
659 1435 833 1468 συναγαγεῖν,

38 1481 56 1507 ἀ
68 1480 123 1507 τῶν
136 1480 312 1515 ἀρεσκόντων
329 1480 386 1506 ἐστὶ
400 1479 438 1514 τῷ
449 1479 527 1514 ἀνδρὶ
541 1481 588 1505 καὶ
602 1480 669 1514 πρὸς
684 1479 733 1515 τὴν
749 1481 835 1516 ἰατρι-

41 1527 91 1561 κὴν
103 1526 198 1561 ἀφορᾷ
213 1525 314 1560 τέχνην
334 1533 365 1551 τε
388 1525 435 1551 καὶ
449 1525 499 1558 τῆς
515 1525 614 1560 τέχνης
637 1525 833 1560 μεταχείρισιν.

40 1572 196 1607 Πετεόνηται
211 1571 241 1598 δὲ
257 1571 332 1607 αὐτῷ
346 1571 364 1606 ἡ
379 1571 492 1606 τοιαύτη
508 1570 609 1606 σπουδὴ
625 1572 654 1597 έν
668 1570 802 1606 λόγοις..,.

398 1617 470 1643 ΣΙΖ¹.

41 1660 97 1688 Τοῦ
122 1660 220 1688 αὐτοῦ
235 1662 424 1696 Πραγματεία
443 1662 478 1688 ἐν
498 1663 599 1698 λόγοις
617 1662 833 1698 ἑϐδομήκοντα.

79 1707 113 1734 Ἦ
127 1707 158 1734 δὲ
168 1707 286 1743 δευτέρα
302 1708 481 1744 πραγματεία
491 1708 626 1744 Ἰουλιανῷ
641 1709 691 1744 μὲν
706 1710 752 1736 καὶ
766 1709 836 1744 αὑτὴ

40 1754 86 1789 τὴν
103 1753 302 1789 προσφώνησιν
319 1756 446 1787 ποιεῖται,
460 1755 489 1781 ἐν
505 1755 556 1780 ο¹⁸⁰
572 1755 600 1781 δὲ
618 1755 776 1790 περαίνεται
791 1755 835 1781 λό-

41 1809 107 1835 γοις,
122 1801 172 1828 καὶ
186 1800 217 1827 τὸ
229 1801 365 1836 χρήσιμον
377 1801 428 1828 οὒκ
443 1801 565 1834 ἔλαττον,
583 1801 652 1828 ἀλλὰ
671 1802 719 1829 καὶ
735 1802 835 1836 μᾶλλον

41 1849 56 1882 ἦ
70 1849 87 1882 ἡ
101 1847 227 1882 προτέρα
239 1847 286 1873 τοῦ
300 1847 465 1883 πολυστίχου
483 1847 643 1883 παρέχεται.
658 1847 837 1883 Προοιμιάςε-

39 1903 83 1921 ται
107 1895 139 1921 δὲ
163 1895 212 1921 καὶ
230 1893 299 1929 αὕτη
321 1894 414 1921 τοῦτον
439 1894 486 1920 τὸν
508 1895 608 1929 τρόπον
623 1901 632 1910 ⁸

75 1939 138 1975 [557
148 1939 196 1976 11.]
209 1939 279 1971 «Τὰς
287 1939 504 1975 προσταχθείσας
510 1941 640 1975 ὲπιτομὰς
649 1940 779 1976 παράτῆς
788 1941 836 1975 σῆς

41 1986 190 2022 Θειὸτητος,
207 1986 379 2021 αὐτοκράτορ
392 1986 679 2022 Ὶουλιανὲ,πρὸτερον,
692 1987 774 2021 ἡνίκα
784 1988 838 2014 διε-

41 2032 168 2068 τρίδομεν
180 2033 211 2059 ὲν
224 2032 344 2068 Γαλατία
354 2034 388 2068 τῇ
408 2033 476 2069 πρὸς
489 2034 618 2069 ἑσπέραν,
634 2034 674 2065 είς
685 2034 759 2066 τέλος
768 2034 838 2069 ἤγα-

41 2087 87 2112 γον
96 2078 191 2110 ιαθὼς
196 2078 360 2114 ἠϐουλήθης,
369 2079 483 2111 ᾰςτινας
491 2080 524 2106 ὲκ
532 2080 619 2114 μόνων
627 2081 682 2108 τῶν
692 2081 744 2107 ὑπὸ
752 2080 839 2117 Γαλη-

42 2123 86 2150 νοῦ
96 2124 258 2159 γραφέντων
269 2124 452 2160 ἐποιησάμην.
461 2124 572 2160 Ἐπειδὴ
581 2125 609 2151 δὲ
617 2125 764 2157 ἐπαινέσας
774 2125 839 2152 ταύ-

41 2177 89 2201 τας
103 2169 235 2204 δευτέραν
244 2168 380 2202 ἐπέταξας
397 2170 507 2204 πρᾶξιν,
526 2170 634 2196 πάντων
650 2170 704 2197 τῶν
719 2170 838 2205 ἀρίστων

42 2216 144 2250 ἀνδρῶν
168 2215 379 2251 ἀναζητήσαντά.
405 2224 440 2251 με
462 2216 497 2244 τά
519 2217 689 2252 καιριώτατα
719 2225 838 2252 συναγα-

42 2263 125 2294 γεῖν⁵¹
143 2262 193 2289 καὶ
206 2262 296 2289 πάντα
311 2262 362 2288 ὅσα
379 2263 543 2298 χρησιμεύει
557 2263 626 2299 πρὸς
639 2263 670 2290 τὸ
684 2263 750 2290 αὐτὸ
761 2264 838 2296 τέλος

43 2310 90 2342 τῆς
115 2308 256 2343 ἰατρικῆς,
277 2307 419 2335 καὶτοῦτο
434 2309 565 2345 πράττειν
582 2309 620 2341 ὡς
643 2307 700 2341 οἷός
724 2309 754 2336 τέ
778 2311 836 2344 εἰμι

44 2353 192 2388 προθύμως
209 2353 359 2387 διέγνωκα.
376 2353 507 2389 Περιττὸν
526 2354 555 2380 δὲ
577 2355 689 2389 νομίσας
706 2351 776 2380 εἶναι
790 2354 839 2381 καὶ

45 2400 182 2431 παντελῶς
198 2399 298 2434 εὔηθες
314 2399 344 2426 τὸ
356 2399 506 2435 ἐγγράφειν
518 2400 552 2427 τά
566 2400 637 2427 αὐτὰ
649 2400 778 2432 πολλάκις
790 2401 837 2426 καὶ

44 2445 95 2471 τῶν
119 2445 222 2481 ἄριστα
248 2445 464 2480 συγγραψάντων
490 2446 538 2472 καὶ
564 2446 618 2472 τῶν
641 2445 678 2481 μὴ
692 2446 793 2481 ὁμοίως
805 2446 836 2472 τὸ

44 2492 154 2528 ἁκριδὲς
170 2492 441 2528 έξεργασαμένων⁸¹,
468 2491 536 2528 μόνα
554 2492 590 2519 τὰ
605 2493 658 2519 τῶν
673 2492 783 2528 ἄμεινον
798 2493 836 2518 εἰ-

44 2539 147 2565 πόντων
160 2539 282 2571 συνάξω,
298 2538 382 2574 μηδὲν
397 2535 435 2566 ὧν
451 2538 571 2573 Γαληνὸς
584 2536 645 2565 εἷπε
661 2536 835 2573 παραλιπὼν,

45 2585 136 2612 καθότι
160 2585 215 2611 τῶν
239 2585 457 2620 συγγραψάντων
482 2585 612 2612 ἁπάντων
634 2585 674 2616 είς
688 2584 738 2616 τὰς
752 2584 836 2615 αὐτὰς

46 2631 186 2662 ὑποθέσεις
198 2630 281 2662 αὐτὸς
295 2631 402 2666 κρατεῖ,
420 2630 542 2666 μεθόδοις
562 2629 610 2656 καὶ
622 2629 772 2664 διορισμοῖς
782 2630 838 2661 τοίς

883 932 994 965 queant)
1016 929 1152 957 suilicient
1179 937 1239 964 quae
1261 930 1317 964 jam
1345 929 1500 956 scribentur
1527 937 1534 955 :
1556 935 1616 955 eum
1644 933 1672 954 et

884 981 1004 1010 tempore
1018 981 1116 1011 egeant
1129 977 1162 1003 ad
1175 975 1350 1003 ediscendum
1368 974 1502 1006 breviore,
1519 979 1546 1002 et
1561 981 1670 1002 sensum

883 1022 1010 1050 habitura
1028 1024 1084 1050 sint
1109 1022 1281 1055 faciliorem;
1297 1022 1406 1056 quando
1435 1021 1460 1047 in
1486 1027 1571 1054 pauca
1590 1020 1670 1046 verba

884 1069 936 1096 hoc
946 1069 1137 1103 compendiutn
1151 1069 1234 1095 vitata
1248 1068 1356 1094 interim
1369 1066 1551 1098 obscuritate,
1566 1065 1672 1099 redige-

885 1120 937 1142 tur.
956 1114 1003 1141 His
1017 1122 1082 1141 vero
1096 1115 1142 1149 qui
1164 1113 1382 1149 praecedentibus
1401 1112 1564 1140 medicinam
1583 1111 1673 1138 scien—

885 1161 931 1187 liis
943 1159 1056 1191 exculti,
1079 1167 1168 1193 neque
1181 1166 1229 1194 per
1242 1164 1380 1190 naturam,
1399 1164 1488 1192 neque
1505 1163 1553 1191 per
1561 1160 1671 1184 atatem

884 1206 1062 1242 prohibentur
1075 1197 1284 1241 perfectioribus
1298 1206 1342 1232 hic
1352 1203 1436 1232 imbui
1446 1203 1600 1238 praeceptis,
1614 1202 1673 1232 bare

883 1262 992 1289 quoque
1015 1254 1141 1290 synopsis
1155 1253 1299 1280 conveniet
1317 1260 1324 1279 :
1338 1259 1400 1279 cum
1415 1250 1533 1278 maxime
1548 1256 1674 1276 necessa-

885 1301 923 1328 ria
940 1308 1054 1336 quaeque
1079 1300 1197 1327 breviter
1211 1299 1244 1326 iis
1264 1304 1446 1333 suggerentur
1466 1302 1541 1329 tmte,
1563 1295 1673 1332 quando

884 1347 912 1374 iu
926 1347 985 1380 ipso
999 1345 1111 1373 curandi
1131 1353 1212 1380 opere
1226 1344 1333 1379 urgebit
1347 1343 1508 1371 necessitas.
1527 1353 1536 1370 ι

921 1392 968 1420 Sic
985 1392 1068 1428 igitur
1089 1391 1229 1420 Oribasius
1245 1391 1270 1418 in
1293 1392 1344 1418 hoc
1365 1397 1449 1425 opere
1468 1389 1607 1424 przel'atus,
1628 1389 1673 1416 illa

885 1440 972 1467 solum
993 1439 1136 1475 pollicetur
1151 1438 1330 1465 collecturum
1354 1444 1394 1469 se,
1415 1443 1474 1471 qua:
1498 1435 1602 1463 Galeno
1617 1435 1675 1470 pla~

885 1484 1017 1516 coissent,
1035 1490 1150 1518 quaeque
1174 1482 1208 1508 ad
1227 1481 1359 1522 medicam
1376 1485 1476 1512 artem,
1501 1486 1528 1507 et
1542 1480 1601 1514 ejus
1615 1484 1674 1506 tra-

887 1529 1034 1556 ctationem
1058 1527 1189 1554 facerent.
1209 1524 1333 1552 Absolvit
1356 1528 1447 1551 autem
1470 1523 1536 1551 illud
1558 1531 1626 1559 opus
1641 1523 1676 1550 li-

887 1575 965 1602 bris.
983 1595 990 1602 .
1006 1593 1013 1601 .

1212 1618 1340 1646 CCXVII.

898 1664 1028 1700 Ejusdem
1040 1663 1241 1691 Medisinalium
1259 1664 1316 1699 (25)
1330 1665 1504 1692 εοίίεσιοηιιη
1522 1664 1584 1692 libri
1596 1673 1661 1693 ιη.

921 1711 1042 1739 Alterum
1066 1718 1174 1746 quoque
1197 1718 1266 1745 opus
1286 1711 1373 1738 eidem
1388 1711 1497 1739 Juliano
1521 1711 1676 1739 dedicatum

886 1757 1057 1792 septuaginta
1080 1756 1158 1785 libris
1176 1756 1327 1785 absolvitur
1344 1766 1350 1785 :
1368 1758 1453 1785 nihilo
1467 1758 1575 1785 interim
1591 1758 1679 1785 miun-

887 1810 955 1834 retn.
971 1810 1053 1838 quam
1070 1803 1136 1830 illud
1152 1804 1238 1838 prius,
1253 1805 1300 1831 sed
1324 1803 1454 1838 majorem
1471 1805 1561 1838 potius
1574 1805 1679 1832 utilita-

888 1853 942 1876 tem
958 1856 1006 1876 sua
1021 1849 1090 1877 tnole
1102 1849 1231 1878 aﬁ'erens;
1243 1849 1309 1884 Ejus
1320 1855 1410 1878 autem
1423 1850 1596 1885 proloquium
1606 1850 1678 1878 hunc

888 1895 915 1922 in
935 1895 1044 1922 modum
1063 1895 1216 1923 instituitur
1236 1905 1243 1923 :

925 1942 1091 1976 «Epitomas,
1119 1950 1187 1977 quas
1209 1947 1238 1969 tu
1258 1943 1334 1975 olim,
1358 1943 1419 1970 dive
1441 1942 1546 1970 Juliane
1573 1942 1677 1974 Caesar.

888 1988 952 2016 mihi
982 1988 1167 2016 conﬁciendas
1192 1990 1381 2023 mandaveras,
1395 1990 1450 2024 jam
1480 1990 1583 2023 pridem
1601 1991 1677 2024 (cum

888 2034 916 2061 in
943 2033 1061 2062 Occidua
1091 2035 1180 2063 Gallia
1199 2037 1387 2070 versaremur)
1403 2037 1436 2063 ad
1463 2035 1555 2069 ﬂuent,
1583 2043 1679 2070 quem-

889 2080 1033 2108 admodum
1058 2086 1086 2107 tu
1102 2081 1223 2114 voluisti,
1248 2082 1443 2115 perduximus:
1454 2086 1482 2109 et
1504 2089 1551 2108 ess
1568 2082 1678 2116 quidem

889 2131 923 2151 ex
938 2124 971 2152 iis
985 2124 1050 2151 solis
1071 2124 1220 2157 confectas,
1242 2132 1303 2160 qua:
1318 2125 1437 2153 Galenus
1456 2126 1677 2158 conscripsisset.

891 2169 989 2196 Verum
1019 2170 1064 2197 ubi
1093 2174 1119 2196 tu
1152 2170 1185 2197 iis
1216 2170 1332 2198 laudatis
1362 2171 1477 2199 alterum
1508 2172 1573 2198 mihi
1604 2171 1679 2198 labo-

891 2223 947 2243 rem
974 2216 1133 2251 adjunxisti,
1160 2220 1189 2242 ut
1217 2217 1375 2250 perquisitis
1395 2216 1521 2244 omnibus
1545 2225 1605 2252 quae
1623 2225 1680 2244 me-

889 2261 943 2289 dici
959 2261 1176 2296 prmstantissimi
1207 2261 1325 2289 maxime
1351 2267 1504 2297 opportuna
1530 2262 1677 2293 dixissent.

888 2311 915 2334 et
938 2315 1104 2342 quaecunque
1119 2307 1152 2334 ad
1179 2308 1303 2335 eumdem
1332 2307 1404 2335 hunc
1433 2308 1574 2335 medicinae
1597 2307 1678 2335 liuent

887 2354 1065 2388 pertinerent,
1092 2361 1175 2381 unum
1199 2353 1225 2381 in
1238 2353 1363 2381 volumen
1383 2354 1545 2388 redigerem.
1562 2354 1590 2381 ld
1606 2362 1678 2389 quo-

887 2407 940 2434 que
970 2407 1021 2434 ego
1043 2407 1092 2434 pro
1118 2400 1189 2428 virili
1217 2406 1306 2435 parte,
1330 2404 1358 2427 et
1379 2404 1504 2435 prompto
1525 2401 1617 2427 animo
1635 2401 1678 2427 fa-

888 2453 951 2473 cere
975 2446 1092 2473 decrevi.
1126 2445 1364 2481 Supervacaneum
1397 2447 1489 2482 igitur,
1515 2451 1542 2474 et
1566 2447 1678 2474 omnino

891 2492 1010 2526 ineptum
1026 2492 1172 2520 arbitratus
1193 2495 1288 2520 eadem
1316 2499 1388 2527 smpe
1401 2493 1532 2525 scribere,
1547 2493 1604 2520 sive
1618 2500 1678 2527 qua:

889 2537 924 2565 ab
951 2538 1061 2572 optimis
1088 2538 1211 2570 medicis,
1231 2539 1288 2566 sive
1309 2546 1368 2573 qua:
1383 2538 1417 2564 ab
1438 2538 1472 2565 iis
1490 2539 1535 2572 qui
1563 2546 1617 2565 non
1642 2538 1678 2565 ita

890 2584 1032 2618 diligenter
1066 2591 1109 2611 res
1135 2589 1331 2617 tractaverunt,
1361 2585 1462 2619 scripta
1495 2585 1612 2612 fuerint:
1646 2593 1678 2611 ea

892 2630 978 2656 solum
1002 2629 1140 2665 colligam,
1174 2637 1235 2664 qua:
1275 2630 1352 2657 nobis
1387 2631 1555 2665 reliquerunt
1586 2630 1603 2657 ii
1632 2631 1678 2666 qui

685 2685 802 2713 VARle
819 2685 1022 2714 LECTIONES.

78 2750 101 2765 “
110 2749 327 2784 ἐξενηνεγμένην
344 2749 376 2776 Α.
414 2748 437 2763 ⁸⁸
453 2748 590 2784 συντελεῖν
604 2756 634 2779 ς.

672 2747 708 2783 "ﬂ
715 2746 887 2783 ἐπιτηδείως]
901 2748 955 2775 imo
961 2747 1126 2782 ἐπιτηδείας.

1165 2747 1188 2764 ⁸⁸
1201 2747 1426 2784 εὐπρεπεστέραν
1440 2756 1470 2780 ς,
1486 2747 1557 2774 unde
1568 2746 1675 2784 Casa"-

45 2781 368 2820 δοηιιεεύτρεὶνὲστέραν.
406 2784 429 2799 δι’
440 2792 469 2809 τε
480 2785 501 2810 Α
515 2792 522 2810 :
534 2783 562 2809 δέ
577 2792 608 2815 ς.
647 2783 670 2798 ⁸⁴³
677 2781 709 2818 o’]
722 2783 760 2817 οβ’
775 2781 920 2810 5ηἰι1ιιίν.
930 2781 1108 2818 ὐρειὸάσιος.
1142 2783 1163 2800 ⁵¹
1180 2781 1306 2818 συνάγειν
1323 2792 1353 2815 ς.
1374 2781 1380 2784 ’
1391 2784 1414 2799 ⁸³
1433 2782 1628 2818 ἐργασαμένων
1642 2789 1676 2812 ς,

802 2827 919 2856 ΝΟΤᾹΞ.

81 2877 139 2913 (25)
153 2876 194 2905 lt-a
211 2877 257 2905 hic
274 2876 371 2905 titulus
385 2876 412 2904 in
425 2876 507 2904 editis
520 2875 620 2911 legitur
635 2875 721 2903 libris.
