1916 3092
237 144 290 180 'lll

821 140 953 173 PHUI‘II
971 139 1224 171 PATRIARCHIE
1241 140 1296 171 CP.

1815 138 1872 170 712

238 201 345 229 ceteris
362 199 557 235 prastiterunt,
575 197 643 226 nihil
669 205 763 226 eorum
782 197 944 230 omittendo,
963 203 1024 232 quae

1101 196 1293 232 ιριόεστάτοιςι
1317 194 1480 231 χρώμενος,
1501 194 1550 221 ἅτε
1575 194 1634 225 ταῖς
1652 194 1873 230 Ἰπποκρατείοις

238 247 360 275 Galenus
385 246 505 277 dixerit;
529 244 551 272 si
569 244 678 280 quidem
704 243 822 276 caeteris,
851 243 897 278 qui
919 243 1029 271 easdem

239 300 283 320 res
306 295 552 328 perlractaverunt,
577 290 679 325 optima
708 290 776 325 ipse.
800 295 827 317 et
855 289 898 317 via
925 295 958 316 ac
986 295 1031 316 ra-

238 340 320 372 tione,
342 344 369 367 et
388 338 562 365 distinctione
588 337 720 370 adhibita,
738 335 867 363 omnibus
885 333 1031 368 antecellit,

239 392 267 413 ιιι
300 386 346 419 qui
385 384 517 419 principia
559 388 587 411 et
618 382 715 418 1740
745 381 898 410 sententias
934 380 1032 415 Hippo-

237 430 322 457 cratis
342 429 451 456 assidue
482 431 666 455 consectetur.
692 426 750 462 Ego
779 433 845 454 vero
869 425 916 454 hic
935 425 1029 460 hujus-

1078 242 1176 277 ἀρχαῖς
1192 241 1241 268 καὶ
1262 241 1351 274 δεῖξαις
1365 240 1560 274 ἐξακολουθῶν.
1577 240 1723 276 Χρή-σομαι
1745 240 1774 267 δὲ
1801 241 1873 267 κάν-

1078 285 1165 313 ταῦθα
1184 285 1297 322 τοιαύτῃ
1319 285 1404 318 τάξει.
1424 286 1536 321 Πρῶτον
1561 285 1610 320 μὲν
1636 283 1744 316 συνάξω
1760 284 1796 311 τὰ
1821 284 1872 310 τοῦ

1079 331 1172 358 ὑλικοῦ
1186 332 1296 367 μέρους,
1307 330 1367 358 εἶτα
1378 332 1429 358 ὅσα
1442 332 1504 366 περὶ
1516 330 1624 366 φύσεως
1636 331 1684 358 καὶ
1694 331 1874 365 κατασκευῆς

1079 377 1187 413 εἴρηται
1199 377 1355 413 ἀνθρώπου,
1372 377 1434 412 μεθ*
1448 377 1466 405 ἃ
1482 377 1516 404 τὰ
1531 377 1581 412 τῆς
1595 377 1716 412 ὑγιεινῆς
1736 378 1783 404 καὶ
1804 376 1875 403 ἁνα-

1079 425 1217 460 ληπτικῆς
1231 424 1432 460 πραγματείας,
1449 423 1518 459 μετὰ
1530 423 1616 450 ταῦτα
1628 423 1678 450 ὅσα
1691 423 1742 458 τῆς
1755 423 1875 457 διαγνω-

239 476 310 503 modi
344 481 406 502 utar
425 474 530 502 ordine.
555 473 682 509 Inprimis
710 473 836 509 colligam
851 479 884 500 ea
907 479 967 507 quae
994 471 1028 498 ad

1101 471 1178 506 τικῆς
1193 471 1239 498 καὶ
1253 471 1460 505 προγνωστικῆς
1475 469 1569 506 ἔχεται
1582 469 1709 505 θεωρίας,
1725 469 1767 504 ἐφ’
1781 467 1822 501 οἷς
1837 469 1874 496 τὰ

239 527 342 558 partem
363 520 530 548 materialem
549 524 682 555 spectant,
707 520 803 547 deinde
824 526 884 554 quae
914 519 947 545 de
977 518 1028 545 lto-

1101 517 1146 551 τρὶ⁴
1162 517 1323 552 νοσημάτων
1334 517 1381 543 καὶ
1396 516 1608 551 συμπτωμάτων
1621 516 1669 543 καὶ
1678 515 1746 548 ὅλως
1754 515 1806 551 τῆς
1815 515 1875 542 τῶν

238 569 320 596 minis
347 573 445 595 natura
467 571 550 601 atque
584 566 688 594 fabrica
721 566 791 593 dicta
822 571 901 598 sunt;
917 569 972 592 tum
997 563 1030 591 de

1101 563 1158 598 ςαρὰ
1171 562 1252 597 φύσιν
1266 562 1488 599 ἐπανορθώσεως.
1505 571 1516 588 ›
1638 567 1641 569 ‘

238 616 336 643 tuenda
357 615 485 647 sanitate,
502 619 529 641 et
559 613 712 641 reliciendis
745 613 904 647 corporibus
927 615 1038 646 agetur:
1069 610 1167 644 quibus
1197 610 1329 638 confectis
1353 611 1449 637 addam
1481 616 1541 645 qua:
1566 610 1599 637 ad
1625 609 1807 644 dignationem
1846 612 1876 635 et

238 662 432 697 pnenotionem
464 660 615 695 pertinent:
643 660 676 687 ad
699 660 767 693 lucc,
791 667 850 693 qua:
874 659 909 686 de
929 657 1031 684 morbis
1044 657 1130 690 deque
1157 657 1346 692 symptomatis
1369 661 1433 684 sunt
1457 657 1596 690 accedent,
1625 661 1652 684 et
1686 656 1801 691 denique
1840 662 1876 682 ea

238 714 299 742 qua:
329 707 419 734 valent
446 706 479 733 ad
502 706 691 741 corrigendum
713 712 756 736 ea.
773 712 833 739 qua:
856 708 955 740 prmter
978 707 1103 730 naturam
1120 708 1195 734 sunt.
1216 703 1444 731 adhibebuntura

276 753 332 781 Hoc
368 753 449 788 igitur
478 753 650 788 proloquium
679 752 791 780 secundi
819 751 922 786 operis,
951 749 1032 785 cujus

1116 750 1163 782 Ἐς
1177 750 1300 777 τοιοῦτον
1316 750 1365 786 μὲν
1379 751 1465 778 τύπον
1478 751 1526 778 καὶ
1539 751 1556 786 ἡ
1565 750 1681 786 δευτέρα
1698 750 1877 786 προοιμιάζε-

241 799 375 835 (perinde
402 806 434 826 ac
460 798 705 833 pmcedenlis)ab
724 805 757 825 eo
781 801 945 832 argumento
983 797 1030 824 (Ιιιι

1101 806 1125 823 αι
1141 797 1335 833 πραγματεία,
1352 797 1400 823 ἀπ’
1415 797 1524 832 ἐκείνης
1545 797 1685 833 ἀρχομένη
1703 798 1753 831 τῆς
1774 796 1878 824 ὑποθὲ-

240 847 313 873 citur
328 845 445 877 initium,
479 845 551 878 quod
587 845 776 871 alimentorum
794 843 870 871 nobis
891 842 1032 870 facultates

1101 851 1160 875 εως,
1175 843 1301 879 καθάπερ
1314 843 1361 870 καὶ
1377 843 1394 879 ἡ
1411 844 1465 879 πρὸ
1480 844 1575 879 αὐτῆς,
1601 843 1618 879 ἠ
1641 852 1684 876 τις
1699 844 1750 875 τὰς
1767 844 1796 871 ὲν
1809 852 1878 880 τρο-

241 890 362 926 exponit.
383 890 562 926 Septuaginta
583 896 648 917 vero
673 889 729 926 (24)
757 889 843 922 libris,
868 896 927 924 qua
950 895 1028 916 rece-

1102 891 1145 922 αῖς
1167 890 1297 926 δυνάμεις
1319 890 1508 917 ἀναδιδάσκει·
1525 890 1587 927 [287
1603 891 1649 927 H.]
1663 893 1691 918 ὲν
1704 890 1723 918 ο¹
1741 891 1769 918 δὲ
1783 890 1879 926 λόγοις

242 942 333 973 perat,
366 941 527 972 pertractat.
570 937 644 971 Opus
673 936 809 972 equidem,
847 940 876 962 ut
911 940 1032 970 tempore

1101 936 1208 969 ιέξεισιν
1222 936 1240 964 ἃ
1253 937 1464 972 ἐπαγγέλλεται.
1483 938 1538 964 Καὶ
1549 938 1666 972 δευτέρα
1691 938 1741 973 μέν
1765 938 1825 965 ἐστι
1837 936 1880 973 τῷ

243 984 388 1019 posterius,
412 983 448 1010 ita
474 983 590 1010 utilitate
618 983 702 1017 prius.
724 983 816 1017 Neque
843 982 916 1010 enim
939 989 970 1010 ea
986 989 1032 1008 so.

1103 983 1183 1020 ρόνῳ,
1199 983 1359 1020 προτερεύει
1371 984 1400 1011 δὲ
1409 986 1442 1021 τῇ
1458 984 1548 1020 χρείᾳ,
1562 984 1610 1012 ἆτε
1626 984 1663 1019 μὴ
1679 984 1749 1019 μόνα
1763 985 1814 1011 ὃσα
1826 984 1880 1011 Γα-

242 1029 310 1061 lum,
331 1036 391 1064 quae
415 1028 534 1056 Galenus
559 1033 635 1056 recte
669 1029 820 1056 litterarum
848 1027 1033 1056 monumentis

1101 1028 1162 1064 ηνὺς
1177 1028 1265 1064 ὀρθῶς
1280 1028 1384 1064 ἔγραψε
1399 1029 1576 1065 περιέχουσα,
1588 1028 1658 1055 ἀλλὰ
1671 1028 1719 1054 καὶ
1738 1028 1788 1055 ὅσα
1801 1027 1881 1062 αὺτῴ

243 1075 408 1110 prodiderat.
424 1075 553 1107 continet,
576 1075 623 1102 sed
645 1075 727 1102 etiam
755 1081 815 1109 quae
838 1074 872 1101 ab
887 1073 946 1108 ipso
965 1080 1033 1108 prae-

1101 1074 1136 1100 ιὲν
1152 1075 1290 1110 παρεῖται,
1304 1074 1395 1106 ἄλλοις
1405 1074 1434 1101 δὲ
1445 1074 1485 1106 εἰς
1499 1072 1674 1100 διδασκαλίαν
1689 1072 1878 1108 προτέθιιται.

244 1121 367 1148 tertnissa
383 1120 429 1147 alii
451 1120 579 1148 discenda
603 1124 813 1156 proposuerunt.
839 1121 879 1147 Ac
897 1119 961 1146 mihi
973 1119 1033 1154 qui-

1101 1120 1139 1147 ἰαί
1151 1120 1184 1154 γέ
1197 1129 1242 1156 μοι
1256 1120 1328 1147 δοκῶ
1335 1120 1360 1137 ⁸⁸
1373 1119 1551 1156 χρησιμεύειν
1565 1119 1615 1155 τὴν
1628 1119 1746 1154 σπουδὴν
1760 1118 1880 1154 ταύτην,

244 1166 306 1192 dem
338 1172 405 1192 sane
434 1165 508 1192 utilis
539 1165 583 1193 hic
615 1165 692 1193 labor
717 1165 833 1198 videtur,
862 1164 885 1192 si
911 1173 964 1192 nou
984 1171 1033 1192 ca:-

1101 1175 1129 1193 m
1155 1167 1192 1202 μὴ
1216 1166 1304 1200 λέγων
1319 1166 1415 1193 πασῶν
1428 1160 1484 1192 τῶν
1499 1165 1587 1193 ἄλλων
1601 1166 1663 1192 ὅσαι
1686 1166 1726 1196 εἰς
1750 1165 1882 1200 ἰατρικὴν

246 1211 315 1238 teris
333 1211 469 1243 omnibus.
491 1216 624 1246 quotquot
642 1212 668 1238 in
690 1212 801 1239 medica:
819 1211 886 1239 artis
905 1218 983 1239 usum
995 1215 1033 1238 at-

1104 1210 1180 1246 ρεῖαν
1195 1219 1225 1238 τε
1247 1211 1295 1238 καὶ
1309 1211 1426 1245 θεωρίαν
1447 1211 1656 1247 κατεϐλήθησαν
1675 1211 1881 1246 πραγματεῖαι,

244 1263 298 1291 que
327 1257 584 1291 contemplationem
613 1257 745 1285 hactenus
777 1256 866 1285 collati
897 1262 980 1290 sunt;
1006 1262 1033 1285 at

1101 1257 1154 1284 ιλλὰ
1168 1257 1280 1289 πάντως
1294 1264 1326 1291 γι
1338 1256 1393 1283 τῶν
1409 1256 1540 1283 πλειόνων
1555 1255 1594 1292 τῷ
1607 1264 1638 1282 τε
1652 1255 1774 1290 σαφῶς⁸⁸
1785 1256 1882 1289 ἁπηγ-

244 1308 318 1331 certe
340 1310 396 1338 prae.
416 1303 557 1338 plurimis;
582 1303 663 1339 idque
686 1304 727 1331 vel
759 1311 792 1332 eo
822 1303 944 1336 nomine,
964 1304 1033 1338 quod

1101 1304 1180 1332 ’ἐλθαι
1193 1304 1228 1331 τὰ
1242 1303 1440 1339 ἀπηγγελμένα
1450 1323 1459 1336 ,
1474 1303 1522 1331 καὶ
1535 1303 1575 1339 τῷ
1590 1303 1676 1338 μηδὲν
1692 1302 1881 1338 παραλιπεῖν,
1913 1329 1914 1332 η

245 1356 300 1377 non
328 1350 472 1384 perspicue
492 1354 596 1376 tantum
623 1357 672 1377 sua
699 1350 798 1383 tradat,
819 1350 941 1384 nihilque
968 1357 1033 1385 pras-

1101 1351 1134 1377 ιαὶ
1146 1350 1184 1385 τῷ
1202 1350 1304 1384 φωναῖς
1318 1349 1457 1384 διαφόροις
1475 1349 1510 1376 τὰ
1524 1348 1610 1375 πλείω
1623 1347 1679 1375 τῶν
1694 1348 1885 1383 συντεταγμέ-

245 1394 389 1427 termittnt,
411 1394 459 1422 sed
484 1401 578 1422 eorunt
612 1395 694 1423 etiam
719 1403 780 1430 quae
815 1395 953 1430 congessit
979 1395 1033 1429 ple-

1101 1404 1140 1423 πων
1154 1395 1280 1432 ῥηθῆναι,
1296 1396 1325 1428 ἐξ
1338 1391 1376 1422 ὧν
1391 1395 1437 1422 καὶ
1450 1395 1478 1422 εἰ
1489 1403 1515 1421 τι
1529 1394 1632 1429 ἀσαφὲς
1646 1394 1675 1421 ὲν
1688 1393 1795 1426 τούτοις
1814 1402 1885 1420 συν-

247 1446 331 1475 raque
347 1440 430 1467 variis
447 1440 558 1468 vocibus
571 1439 730 1468 efferantur.
747 1440 824 1469 Unde
837 1440 860 1468 si
887 1441 950 1476 quid
966 1440 1033 1467 forte

1102 1442 1137 1478 6η
1161 1442 1217 1468 τινὶ
1238 1442 1364 1478 ῥηθῆναι,
1380 1441 1425 1469 διὰ
1439 1441 1489 1477 τῆς
1503 1441 1590 1469 ἄλλων
1598 1442 1620 1457 ⁸⁸
1635 1440 1813 1473 ἀναπτύξεως
1829 1449 1884 1467 σει-

245 1486 389 1513 obscurius
414 1486 458 1513 hic
485 1491 527 1514 est
555 1488 589 1514 ab
619 1487 711 1522 aliquo
738 1487 883 1522 prolatum,
917 1487 943 1513 id
975 1493 1033 1513 mor

1101 1487 1240 1524 ›ηνίζεται.
1251 1487 1306 1515 Καὶ
1321 1488 1361 1524 τῷ
1373 1496 1406 1522 γε
1423 1487 1548 1523 ἰατρικὴν
1563 1487 1682 1521 μετιόντι
1696 1485 1767 1513 κατὰ
1775 1486 1886 1520 ταύτην

246 1538 295 1567 per
318 1531 433 1558 aliorum
457 1531 666 1566 explicationem
698 1533 861 1561 declaratur.
891 1532 981 1566 Quare
1005 1532 1033 1558 ad

1103 1543 1176 1569 γωγε
1193 1533 1389 1570 παραινέσαιμ’
1400 1534 1434 1560 ἂν
1446 1533 1496 1569 τὴν
1506 1533 1530 1549 ⁸⁸
1548 1533 1739 1568 πραγματείαν
1752 1533 1804 1568 τὴν
1821 1533 1886 1559 δια-

247 1577 388 1605 medicinae
417 1578 534 1605 studium
549 1585 610 1606 sese
638 1578 838 1614 applicantihus
864 1583 961 1605 auctor
988 1583 1033 1611 ego

1101 1581 1187 1617 τριϐὴν
1201 1581 1243 1607 ὅτι
1256 1580 1374 1616 μάλιστα
1388 1579 1533 1606 ποιεῖσθαι.
1544 1579 1624 1606 Ἀλλὰ
1636 1578 1747 1613 τοιαύτη
1765 1578 1817 1613 μὲν
1832 1578 1888 1605 καὶ

246 1623 310 1655 sim,
341 1628 371 1649 ut
400 1622 452 1650 hoc
476 1623 647 1658 petissimum
675 1631 744 1658 opus
774 1623 884 1651 assidue
912 1627 1033 1650 versent.

1101 1627 1230 1664 ιδευτέρα
1243 1626 1406 1663 ὐρεισασίῳ
1414 1626 1437 1642 ⁵⁷
1453 1625 1504 1660 τῆς
1520 1625 1644 1661 ἰατρικῆς
1658 1624 1888 1661 μεταχωρήσειὶκ

245 1667 334 1703 Atque
358 1668 513 1704 hujusmodl
534 1669 644 1704 quidem
670 1668 789 1698 Oribasii
815 1669 901 1696 altera
929 1668 973 1695 illa
996 1672 1033 1695 esl

1101 1680 1119 1699 ἐ
1129 1671 1178 1699 καὶ
1191 1665 1309 1707 θεωρίας
1326 1671 1484 1706 συναγωγή.

247 1713 359 1742 medica
387 1715 558 1744 tractationis
574 1720 601 1743 et
616 1715 855 1751 contemplationis
882 1714 1020 1742 collectio.

577 1761 719 1789 CCXVI".

376 1804 504 1842 Ejusdem
527 1807 680 1842 Compendii
697 1809 732 1834 ad
747 1807 917 1836 Euatathium

527 1843 612 1877 [ilium
633 1842 694 1870 libri
715 1851 742 1870 x.

281 1885 403 1914 Tertium
427 1887 492 1915 item
518 1890 552 1914 ab
581 1889 676 1916 eodem
706 1894 750 1916 est
775 1890 945 1918 elaboratum
956 1898 1037 1926 opus,

246 1938 276 1960 ut
307 1932 422 1968 ipsemet
446 1933 472 1960 in
503 1935 635 1969 prooemio
667 1938 794 1963 testatur.
820 1935 938 1964 Secundi
965 1937 1037 1965 illius

1450 1761 1525 1788 SIH'.

1090 1807 1150 1835 Τοῦ
1162 1806 1256 1834 αὐτοῦ
1268 1806 1418 1842 Evr-topia
1436 1805 1492 1841 τῆς
1513 1805 1654 1841 δευτέρας
1670 1807 1889 1841 Πραγμαηιτάς

1202 1843 1276 1877 πρὸς
1284 1842 1455 1869 Εὑστάθιον
1473 1842 1552 1874 υἱὸν,
1566 1842 1602 1869 ἐν
1616 1842 1719 1876 λόγοις
1729 1842 1766 1869 θ’.

1124 1888 1211 1924 Τρίτη
1223 1888 1252 1915 δὲ
1268 1887 1343 1924 αὐτῷ
1355 1887 1576 1920 διεσπούδασται,
1592 1888 1630 1919 ὡς
1649 1887 1697 1915 καὶ
1712 1887 1795 1919 αὐτὸς
1809 1888 1889 1915 Exli-

1089 1944 1135 1966 νος
1148 1934 1397 1971 προοιμιαζόμενος
1410 1934 1496 1969 λέγει,
1513 1934 1661 1969 συντομίαν
1673 1934 1748 1968 αὐτῷ
1762 1934 1813 1969 τῆς
1824 1934 1890 1960 δευ-

245 1980 452 2014 Compeudium,
487 1979 629 2008 Eustathio
657 1980 714 2009 lilio
742 1982 915 2016 inscriptum,
944 1990 976 2011 ac
1002 1983 1037 2011 li-

247 2024 303 2052 bris
326 2032 422 2052 novem
450 2025 616 2059 distinctum,
637 2027 735 2061 quibus
753 2035 785 2054 ea
806 2028 961 2055 morborum
982 2036 1038 2057 me-

246 2070 397 2097 dicamenta
426 2077 623 2106 proponuntur,
654 2080 715 2107 quae
741 2074 830 2108 parari
861 2073 941 2102 facile
972 2082 1038 2110 pos-

247 2116 313 2148 sint,
347 2116 376 2144 in
403 2122 582 2151 promptuque
611 2119 676 2145 sint.
713 2118 845 2146 Caeterum
885 2120 1032 2156 chirurgiae

248 2162 369 2196 speciem
398 2170 506 2189 onmem
539 2163 613 2190 hisce
638 2163 818 2199 collectaueis:
833 2164 941 2198 penitus
968 2172 1038 2200 pra-

248 2208 373 2235 termisit.
401 2208 493 2243 Itaque
523 2208 589 2235 liber
604 2209 648 2236 hic
671 2209 831 2236 memoriam
845 2211 991 2238 excitando
1009 2211 1037 2239 in

247 2255 281 2281 iis
304 2254 349 2288 qui
380 2255 406 2281 in
422 2254 534 2281 medica:
560 2255 627 2281 artis
653 2255 847 2283 exercitatione
861 2263 894 2284 ac
907 2257 1033 2291 specula-

1087 1982 1170 2017 τέρας
1180 1981 1347 2017 περιέχουσα
1359 1981 1565 2016 πραγματείας.
1580 1979 1722 2015 Εὑσταθίῳ
1732 1979 1761 2006 δὲ
1776 1979 1818 2015 τῷ
1831 1980 1889 2015 νίῷ

1088 2027 1119 2054 τὸ
1133 2026 1235 2063 βιϐλίον
1247 2026 1394 2060 ἁναφωνεί,
1406 2025 1428 2052 θ’
1440 2026 1607 2061 διῃρημένον
1620 2025 1719 2059 λόγοις,
1729 2025 1759 2051 ἐν
1771 2023 1814 2057 οἷς
1824 2026 1889 2052 ἐστι

1087 2072 1142 2099 τῶν
1153 2072 1248 2099 παθῶν
1263 2072 1378 2107 ἰάματα,
1392 2072 1442 2099 ὅσα
1458 2071 1489 2099 τὸ
1502 2071 1663 2106 εὐπόριστον
1675 2071 1723 2097 καὶ
1736 2071 1890 2107 πρόχειρον

1088 2118 1246 2146 ὑποτίθεται
1258 2127 1267 2135 ο
1281 2118 1312 2145 τὸ
1330 2119 1421 2153 μέντοι
1437 2117 1628 2154 χειρουργικδν
1649 2116 1718 2148 εἶδος
1742 2118 1890 2149 παντελῶς

1088 2163 1162 2198 αὐτῷ
1187 2164 1259 2191 κατὰ
1274 2163 1385 2198 *ταύτην
1412 2164 1461 2198 τὴν
1484 2162 1646 2198 συναγωγὴν
1662 2164 1802 2198 παρεῖται.
1820 2162 1892 2198 [51ἰο

1090 2209 1137 2246 IL]
1150 2210 1228 2237 Ἐστι
1252 2209 1281 2236 δὲ
1304 2209 1335 2235 τὸ
1357 2208 1445 2244 παρὸν
1459 2208 1560 2244 βιϐλίον
1575 2209 1644 2244 πρὸς
1663 2209 1714 2243 μὲν
1727 2209 1890 2244 ἀνάμνησιν

1088 2255 1146 2286 τοῖς
1160 2253 1231 2281 κατὰ
1242 2254 1292 2285 τὰς
1309 2255 1434 2289 ἰατρικὰς
1450 2253 1562 2288 πράξεις
1577 2261 1607 2279 τε
1624 2254 1672 2280 καὶ
1688 2253 1806 2288 Θεωρίας
1822 2262 1891 2279 συν-

248 2299 320 2327 tione
339 2300 395 2334 jam
417 2299 516 2326 versati
533 2305 606 2331 sunt,
632 2308 687 2327 non
717 2301 850 2328 modicam
880 2302 961 2329 all'ert
988 2309 1033 2330 aut

1101 2303 1255 2338 ισκημένοις
1269 2302 1300 2328 οὐ
1318 2301 1424 2336 φαύλην
1440 2300 1561 2335 παρέχον
1575 2299 1625 2335 τὴν
1636 2300 1741 2335 χρείαν,
1755 2300 1804 2326 καὶ
1819 2301 1893 2335 pii-

248 2352 344 2379 parum
366 2350 518 2379 promptam
538 2345 691 2373 utilitatem.
704 2345 738 2372 lis
751 2346 825 2379 item,
850 2346 896 2382 qui
920 2349 1038 2382 primum

247 2391 280 2418 ad
297 2392 366 2418 artis
384 2392 463 2426 hujus
486 2392 668 2426 cognitionem
698 2393 749 2420 boc
780 2393 942 2428 compendio
971 2402 1035 2430 per-

247 2437 341 2464 venire
365 2445 394 2464 se
421 2444 501 2472 posse
533 2442 654 2472 sperant,
675 2438 793 2466 dicerem
816 2439 891 2466 brevi
915 2445 1036 2475 tempore

248 2489 302 2509 non
337 2483 474 2510 modicum
507 2483 653 2510 allaturum
689 2484 832 2511 utilitatis:
867 2485 919 2512 nisi
944 2491 978 2512 ex
1003 2492 1035 2512 eo

247 2528 319 2563 quod
349 2530 476 2557 methodo
505 2535 608 2563 careat,
638 2535 666 2557 et
693 2530 759 2557 nihil
787 2530 898 2558 deﬁnite
915 2539 1031 2566 pronun-

249 2574 308 2607 tiet,
345 2576 477 2610 quosdam
519 2583 602 2610 parva
640 2584 730 2603 rerum
757 2577 853 2604 harum
886 2577 1035 2605 instructos

1088 2347 1134 2374 λον
1151 2347 1313 2381 πρόχειρον·
1332 2347 1389 2376 τοῖς
1411 2346 1435 2372 δ’
1450 2347 1483 2371 ἐκ
1506 2345 1622 2379 πρώτων
1638 2346 1678 2376 εἰς
1695 2345 1816 2379 μάθησιν
1835 2346 1891 2380 τῆς

1087 2392 1186 2427 τέχνης
1199 2391 1243 2418 διὰ
1258 2391 1339 2426 τῆσδε
1361 2391 1411 2426 τῆς
1433 2390 1570 2426 συνόψεως
1585 2391 1672 2417 ἐλθεῖν
1687 2391 1835 2426 ἠλπικόσιν
1849 2390 1891 2418 εἷ-

1086 2449 1138 2466 πον
1154 2440 1188 2467 ἂν
1211 2441 1311 2472 ibqu
1326 2440 1417 2474 ὀλίγον
1441 2440 1484 2474 εἰη
1500 2439 1531 2466 τὸ
1548 2439 1685 2471 λυσιτελὲς
1707 2440 1844 2475 παρέχον,
1866 2446 1891 2469 εἰ

1087 2486 1124 2522 μὴ
1139 2487 1168 2513 τὸ
1184 2487 1243 2513 κατ’
1256 2486 1340 2520 αὐτὴν
1362 2486 1494 2521 ἀμέθοδόν
1517 2495 1547 2512 τε
1558 2486 1580 2501 ⁵⁸
1597 2487 1643 2512 καὶ
1658 2486 1891 2521 ὰπροσδιόριστοι

1089 2531 1152 2562 τοὺς
1169 2531 1347 2566 ἀπειρότερον
1361 2531 1425 2566 περὶ
1444 2530 1532 2557 ταῦτα
1544 2531 1736 2565 διακειμένους
1754 2532 1801 2558 καὶ
1816 2531 1892 2558 ἑτοι-

1092 2577 1207 2613 μότερον
1220 2577 1289 2613 πρὸς
1302 2579 1352 2610 τὰς
1365 2576 1513 2612 θεραπείας
1536 2578 1693 2613 χωροῦντας
1713 2579 1754 2610 εἰς
1769 2578 1820 2610 τὰς
1837 2587 1890 2613 με-

909 2646 1025 2674 VARUS
1037 2646 1238 2675 LECTIONES.

282 2691 306 2708 ⁸³
314 2691 406 2728 Ῠδωιῶ]
414 2691 537 2728 d‘ortasse
553 2693 694 2728 legendum
710 2693 792 2720 δοκεῖ.

831 2694 854 2709 ⁵⁸
870 2693 955 2728 σαφές
974 2702 1004 2726 ς.

248 2726 271 2743 ⁸⁷
299 2726 508 2762 ὈριόασίωνΔ.
547 2726 570 2744 ⁸⁸
584 2736 615 2754 τε
648 2729 709 2755 add.
726 2728 759 2755 Α.

1055 2694 1079 2710 "
1097 2693 1197 2730 ἄλλων]
1219 2694 1274 2721 τῶν
1290 2693 1377 2721 ἄλλων
1397 2701 1434 2721 rc.
1453 2693 1486 2721 Α.

1535 2694 1558 2709 ⁵⁸
1574 2693 1624 2729 τὴν
1644 2699 1703 2729 post
1715 2693 1750 2721 ἂν
1773 2695 1838 2722 add.
1854 2695 1890 2722 Α.

1020 2785 1136 2815 ΝΟΤΛΕ.

296 2831 356 2868 (24)
372 2831 491 2865 Quorum
515 2833 595 2861 hodie
615 2834 809 2867 Septemdecim
842 2837 946 2861 tantum
977 2833 1073 2861 Latine
1087 2839 1207 2867 exstant,
1226 2834 1314 2868 primo
1341 2842 1448 2869 quoque
1478 2842 1510 2861 eo
1534 2834 1682 2866 volumine,
1713 2838 1742 2860 ut
1776 2835 1887 2868 opinor,

248 2868 358 2896 amisso.
