1916 3092
35 163 89 196 ’113

568 147 830 189 BIBLIOTHECA.
847 171 880 176 —
891 157 972 188 con.
985 157 1138 188 CCXVIII.

1616 152 1668 186 7H
1696 159 1702 162 '

35 220 136 253 γίστας
150 217 255 252 βλάδας
271 215 328 243 τῶν
342 214 511 250 καμνόντων,
527 212 584 240 ἔσθ’
598 213 642 239 ὅτε
666 212 695 239 δὲ
715 212 763 238 καὶ
776 211 831 238 τῶν

897 211 1061 247 xperienti,
1096 209 1194 245 175a
1223 214 1251 237 et
1279 217 1358 245 etquo
1395 213 1486 236 tamen
1520 211 1670 245 promptius

37 264 228 299 ὑγιαινόντων,
243 263 288 289 ἐπ’
302 261 392 289 αὐτῶν
404 260 458 287 τῶν
473 260 563 295 ἔργων
575 256 647 285 εἶδον
661 257 832 292 συνωθουμέ-

36 317 109 340 vos;
127 307 204 343 Πλὴν
222 306 280 334 ἀλλ’
295 306 325 332 εν
341 314 375 340 γε
393 306 450 336 τοῖς
462 303 620 340 εἰρημένοις
636 302 727 337 λόγοις
744 302 766 328 θ’
778 301 833 328 τῶν

36 359 57 382 ο¹
72 354 186 390 βιϐλίων
203 353 254 388 τὴν
269 351 381 386 σύνοψιν
397 350 575 386 περιγράφει.

75 487 135 514 Καὶ
156 487 185 513 ὲν
207 486 259 522 μὲν
275 485 315 521 τῷ
329 489 354 513 α’
369 484 549 520 διαλαμϐάνει
573 484 640 520 περί
655 491 686 511 τε
701 484 752 519 τῆς
764 483 836 510 κατὰ

40 533 75 560 τὰ
87 532 232 567 γυμνάσια
250 531 430 567 προφυλακῆς
453 532 502 558 καὶ
524 531 613 558 αὐτῶν
627 531 682 557 τῶν
690 530 713 546 ¹¹
729 538 836 564 γυμνα-

42 579 118 610 σίων,
132 577 278 604 κενώσεὼν
296 585 328 604 τε
341 576 457 604 καθόλου
469 576 517 603 καὶ
532 575 581 603 ἐπὶ
609 576 719 611 μέρους,
734 575 788 602 τῶν
805 583 836 601 τε

41 625 72 651 δι’
83 624 210 655 ἐπινοίας
223 623 270 650 καὶ
285 623 357 649 ὅσων
375 622 392 656 ἡ
411 622 492 657 φύσις
505 622 588 658 κυρία
598 630 606 637 ·
621 621 686 656 περι
703 629 734 647 τε
747 621 837 656 ἀέρων

42 669 91 695 καὶ
107 668 242 702 λουτρῶν,
257 666 400 701 αὐτοφυῶν
416 674 446 693 τε
459 667 507 694 καὶ
529 666 585 693 τῶν
608 667 640 693 ἐκ
655 666 752 701 τέχνης
763 674 770 681 ·
790 667 838 693 καὶ

43 715 110 748 περὶ
135 713 268 750 ἱδρώτων,
283 714 328 740 ναὶ
337 713 361 729 “
376 713 408 749 δὴ
425 713 473 740 καὶ
497 713 562 748 περὶ
585 712 837 746 καταπλασμάτων,

43 760 108 796 περί
123 769 154 787 τε
173 760 223 795 τῆς
238 760 279 792 είς
298 759 387 786 ἔλαιον
407 759 454 786 καὶ
466 759 606 794 ὑδρέλαιον
619 759 774 794 ἐμϐάσεως,
790 759 838 785 καὶ

43 806 93 832 ὅσα
116 805 149 831 τὸ
174 805 263 840 δὲρμα
284 804 417 832 δάκνοντα
432 803 449 839 ἢ
464 803 552 835 ἄλλως
578 803 758 838 διαφοροῦντα
784 802 839 829 τῶν

43 851 226 887 χρονιζόντων
253 851 348 878 παθῶν
371 850 429 884 τὴν
451 849 736 885 μετασυγκριτικήν,
750 850 790 882 ὡς
805 850 839 876 ἂν

44 898 188 934 paeana;
196 898 219 914 “
233 897 301 934 φαίη
315 897 396 933 ἀνὴρ,
411 895 597 932 ἀπεργάζεται
613 896 772 931 θεραπείαν.

92 1044 142 1070 Ἐν
163 1043 195 1070 δὲ
212 1042 253 1078 τῷ
280 1042 303 1078 β’
316 1041 382 1078 περί
399 1049 430 1069 τι
448 1041 499 1077 τῆς
521 1041 665 1076 δυνάμεως
677 1041 731 1068 τῶν
747 1040 842 1068 ἁπλῶν

45 1088 230 1125 διαλαμϐάνει
244 1088 411 1123 φαρμάκων,
428 1088 476 1114 καὶ
492 1088 558 1123 περὶ
580 1087 632 1122 τῆς
645 1087 748 1114 τούτων
762 1086 840 1113 ἐκλο-

46 1136 111 1170 γῆς,
132 1135 183 1162 καὶ
197 1135 263 1169 περὶ
277 1133 453 1168 κατασκευῆς
464 1133 520 1160 τῶν
531 1142 562 1160 τι
577 1133 693 1160 ἀκόπων
707 1132 842 1168 καλουμέ-

48 1191 101 1209 νων
111 1179 277 1216 χρισμάτων
290 1180 338 1206 καὶ
353 1179 548 1215 ὲμπλάστρων,
561 1180 608 1206 καὶ
623 1179 689 1214 περὶ
702 1178 841 1214 σταθμῶν,

50 1229 114 1264 περί
130 1236 162 1254 τε
182 1227 238 1254 τῶν
256 1225 366 1254 κοπτῶν
380 1226 557 1261 καλουμένων
569 1225 781 1261 πλατυσμάτων,
795 1224 843 1251 καὶ

50 1274 116 1308 περὶ
137 1273 265 1308 ἑψήσεως
284 1272 340 1299 τῶν
369 1272 581 1307 ὲμσαλλομένων
608 1273 650 1304 εἰς
671 1272 722 1303 τὰς
736 1271 843 1306 ὲμπλά-

52 1327 152 1355 ατρους
169 1313 236 1355 [9.88
248 1317 297 1354 [1.]
309 1318 472 1354 φαρμάκων.

85 1415 125 1441 Τδ
152 1414 184 1442 δὶ
203 1417 230 1448 γ’
247 1413 386 1446 συνθέσεις
409 1413 484 1450 αὑτῷ
497 1415 651 1450 φαρμάκων
666 1414 844 1442 παντοδαπῶν

52 1460 204 1532 π’ῗιξχδῗδ
221 1505 286 1540 περὶ
299 1504 410 1540 τροφῶν
428 1504 503 1532 ἐστὶν
526 1504 602 1540 αὐτῷ
627 1505 843 1540 συντεταγμένον

885 258 920 286 ad
934 257 1090 285 curationes
1104 255 1305 292 aggredientes,
1322 256 1348 282 in
1362 256 1422 290 ipso
1444 256 1574 284 vidissem
1588 263 1671 290 opere

886 303 1010 338 compelli
1037 303 1071 330 ad
1099 302 1231 330 maximas
1259 308 1344 329 noxas
1373 307 1429 328 tum
1445 303 1534 336 aegris,
1553 306 1608 329 tum
1629 303 1672 330 in-

887 350 994 377 terdum
1021 349 1103 376 etiam
1130 348 1205 375 sanis
1243 347 1407 376 inferendas.
1443 347 1543 375 Verum
1575 356 1671 375 novem

889 397 966 424 hisce
994 396 1071 424 libris
1100 395 1206 423 illorum
1229 395 1399 430 septuaginta
1419 395 1609 430 compendium
1632 395 1673 424 lu-

888 442 981 470 cludit.

922 486 1016 514 Primo
1032 487 1088 523 (25)
1099 494 1164 522 ergo
1195 487 1267 515 libro
1300 486 1410 514 disserit
1433 487 1467 514 de
1493 487 1617 514 cautione
1645 487 1673 514 iu

889 534 1010 568 corporis
1037 533 1278 561 exercitationibus
1306 533 1470 565 adhibenda,
1505 538 1532 560 et
1553 533 1586 560 de
1608 533 1674 567 ipsis

889 578 1140 611 exercitationibus,
1159 579 1193 606 de
1210 578 1432 606 evacuatiouibus
1448 585 1508 605 cum
1537 579 1673 610 universe,

890 628 946 650 tum
960 624 1112 659 singulatim
1132 633 1140 651 :
1154 629 1182 651 et
1197 624 1241 657 iis,
1256 623 1298 651 vel
1314 632 1361 659 per
1374 632 1405 651 ea
1419 631 1478 658 quae
1489 623 1599 658 ingenio
1612 630 1675 652 sunt

889 670 1052 704 excogitata,
1077 670 1119 697 vel
1137 677 1186 705 per
1206 676 1238 697 ea
1260 677 1374 705 quorum
1391 670 1498 698 domina
1514 675 1608 698 natura
1623 676 1674 698 est.

890 713 931 741 De
959 722 1024 742 aere
1045 715 1078 742 ad
1107 715 1175 748 haec,
1199 720 1227 742 et
1254 715 1357 744 balneis
1385 720 1440 744 tam
1460 716 1566 750 nativis,
1594 723 1675 752 quam

891 761 1056 789 artiﬁciosis.
1092 760 1158 789 Item
1178 762 1212 789 de
1231 762 1375 790 sudoribus
1393 767 1422 790 et
1453 763 1675 797 cataplasmatis:

891 807 989 835 deolei
1012 808 1091 842 meri,
1117 812 1145 836 et
1169 809 1221 837 olei
1246 817 1315 844 aqua
1340 810 1422 844 diluti
1453 810 1541 838 labro.
1561 810 1625 847 [Dc
1643 811 1678 838 iis

892 854 1099 890 denique]qua:
1113 860 1202 882 cutem
1224 856 1355 888 rodendo,
1383 861 1429 883 aut
1454 857 1549 884 saltem
1579 857 1677 884 dissol-

857 896 992 933 Bvendo,
1019 901 1093 928 illam
1114 901 1303 929 diuturnorum
1328 903 1485 930 morborum
1509 904 1677 930 curationem

890 946 1019 980 efﬁciunt,
1051 955 1131 982 quam
1149 948 1385 984 mtasyncn’n'cam
1406 949 1553 977 methodici
1585 949 1678 985 appel-

891 992 957 1019 lant.

928 1038 1059 1067 Secundo
1088 1039 1159 1068 iibro
1181 1039 1238 1075 (26)
1252 1040 1286 1068 de
1299 1040 1464 1073 simplicium
1497 1041 1679 1069 medicamen-

890 1088 979 1112 torum
1004 1085 1134 1113 facultate
1158 1090 1265 1118 tractat,
1307 1093 1457 1122 eorumque
1491 1087 1617 1115 delectu:
1646 1089 1679 1115 de

891 1135 1033 1166 apparatu,
1059 1139 1119 1159 cum
1135 1132 1248 1159 ἁκόπων
1269 1132 1325 1167 (27)
1341 1140 1402 1167 quae
1430 1134 1606 1161 nominantur
1629 1143 1679 1162 un-

891 1183 1066 1212 guentorum,
1091 1183 1147 1205 tum
1167 1178 1389 1212 emplastrorum.
1406 1179 1469 1207 Post
1485 1180 1542 1207 haec
1560 1181 1592 1208 de
1610 1188 1680 1216 pou-

891 1223 1018 1250 deribus:
1047 1224 1080 1250 de
1104 1223 1165 1250 latis
1190 1224 1356 1258 emplastris,
1387 1233 1448 1260 quae
1485 1226 1576 1253 κοπτὰ
1595 1225 1679 1263 [sive

891 1269 1028 1305 contusa]
1051 1271 1198 1305 appellant,
1229 1271 1317 1306 deque
1347 1273 1470 1299 comicae
1499 1273 1681 1301 medicamen-

893 1319 994 1346 torum,
1014 1322 1076 1350 qute
1103 1315 1136 1342 ad
1160 1316 1299 1351 emplastri
1330 1318 1527 1347 coniectionem
1566 1319 1681 1347 commi-

891 1368 955 1389 scen
959 1366 984 1389 tu
989 1370 1011 1390 I‘.

929 1408 1022 1436 Tertio
1056 1410 1125 1438 libro
1166 1410 1382 1445 compositiones
1419 1409 1679 1438 medicamentorum

894 1456 982 1483 onmis
1006 1457 1114 1490 generis
1142 1457 1324 1492 persequitur.

930 1502 1047 1536 Quartus
1063 1503 1118 1538 (‘28)
1128 1503 1160 1530 de
1174 1503 1362 1530 alimentorum
1375 1503 1512 1536 facultate,
1536 1504 1624 1540 deque
1634 1503 1681 1531 ho~

52 1551 207 1586 δυνάμεως,
218 1551 266 1577 καὶ
290 1551 356 1586 περὶ
372 1551 422 1586 τῆς
435 1551 539 1578 τούτων
557 1552 714 1584 σκευασίας,
732 1551 796 1586 περί
811 1560 841 1578 τε

897 1557 954 1575 rmn
963 1555 1102 1584 apparatu,
1114 1549 1338 1584 consoriptusme
1362 1549 1449 1576 mulso
1470 1549 1545 1580 item,
1564 1549 1684 1576 laeteris-

54 1596 223 1631 μελικράτου
244 1596 293 1623 καὶ
317 1597 448 1631 πομάτων
460 1596 558 1630 ἄλλων,
578 1596 628 1623 ὅσα
648 1597 777 1632 χρήσιμα
788 1597 844 1628 τοῖς

52 1641 240 1677 ἀρρωστοῦσι,
261 1642 326 1678 περί
349 1651 380 1670 τε
400 1642 631 1677 γαλακτοποσίας,
648 1642 697 1670 καὶ
721 1642 761 1669 ἔτι
781 1642 846 1678 περὶ

54 1689 172 1716 ὑδάτων.

89 1734 127 1760 Τὸ
147 1734 178 1760 δὲ
198 1733 283 1760 ε’ὃσα
304 1742 336 1760 τι
344 1733 368 1750 ⁶¹
379 1735 440 1766 ταῖς
459 1734 593 1766 κυούσαις
617 1734 761 1770 ωμὸαίνει
775 1734 847 1762 διδά-

56 1786 128 1809 σκει,
146 1778 253 1805 δίαιτάν
267 1786 297 1804 τε
321 1777 422 1811 αὐτῶν,
445 1779 493 1805 καὶ
517 1780 607 1806 ὸποίαι
624 1780 653 1806 αἰ
668 1779 767 1812 τιτθαὶ,
783 1779 847 1814 περι

55 1832 85 1850 τε
103 1823 222 1858 κομιδῆς
237 1823 356 1855 παιδίου,
381 1824 429 1850 καὶ
447 1824 498 1851 ὅσα
528 1824 608 1850 εῑωθε
625 1824 784 1859 συμβαίνειν
809 1824 848 1860 τῷ

54 1868 143 1895 παιδί.
162 1868 232 1903 Περι
247 1877 277 1896 τε
292 1869 396 1902 κόπων,
414 1869 461 1902 οὓς
474 1871 547 1897 ποιεῖ
554 1870 578 1886 ⁸³
592 1870 626 1896 τὰ
640 1870 788 1906 γυμνάσια,
800 1871 848 1897 καὶ

54 1913 92 1942 ὧν
108 1916 161 1942 οὐκ
188 1915 246 1942 ἐστι
268 1915 362 1942 λαϐεῖν
390 1917 423 1943 ὲκ
450 1916 499 1943 τοῦ
523 1917 686 1952 φαινομένου
702 1917 734 1944 τὸ
750 1918 846 1945 αἴτιον.

55 1961 111 1987 Καὶ
123 1961 191 1997 περὶ
216 1961 392 1996 στιγνώσεως
412 1961 558 1997 δέρματος.
577 1963 715 1997 Γερόντων
728 1972 758 1990 τε
777 1963 848 1990 δίαμ

55 2015 105 2033 ταν
129 2006 264 2042 εὑρήσεις
286 2007 317 2034 ὲν
332 2007 432 2043 τούτῳ,
450 2007 498 2035 καὶ
512 2008 562 2035 ὅσα
575 2007 623 2034 τοῦ
640 2008 764 2044 σώματος
778 2009 849 2036 κατὰ

55 2053 104 2087 τὴν
124 2053 291 2087 ἐπιφάνειαν
311 2053 487 2089 συμπεσόντα
507 2054 591 2089 ἄχαρι
616 2054 664 2090 τὴν
681 2055 742 2090 ὄψιν
766 2056 848 2088 ποιεῖ,

55 2098 162 2125 τούτων
176 2098 341 2134 ἀπαλλαγὴν
353 2099 400 2126 καὶ
413 2099 461 2134 τῆς
485 2101 667 2136 παρατροπῆς
693 2101 849 2136 ἐπανόρθω-

56 2153 108 2176 «tv,
123 2144 242 2171 ὀδόντων
257 2153 288 2171 τε
299 2144 434 2180 φυλακὴν,
450 2146 498 2172 καὶ
514 2145 682 2182 βαρυηκοῒας
695 2147 742 2174 καὶ
749 2147 849 2182 ἀχλύος

56 2191 192 2226 ὀμμάτων
214 2191 371 2226 διόρθωσιν,
385 2192 432 2219 καὶ
462 2192 513 2226 τῆς
536 2193 590 2219 ἀπὸ
615 2193 665 2228 τῆς
689 2193 849 2229 πλησμονῆς

895 1601 947 1629 que
963 1595 1079 1630 potionis
1095 1595 1249 1630 generibus,
1265 1603 1325 1630 qua:
1349 1595 1456 1630 quidem
1489 1595 1685 1630 azgrotantibus

896 1641 972 1668 utilia
989 1641 1054 1668 sint.
1085 1641 1123 1668 De
1148 1641 1226 1668 lactis
1248 1642 1357 1675 insuper
1379 1646 1455 1676 potu,
1470 1649 1502 1668 ac
1519 1641 1636 1676 denique
1649 1640 1683 1668 de

897 1688 987 1722 aquis.

931 1735 1049 1768 Quintus
1071 1734 1140 1762 iiber
1152 1733 1221 1769 (29),
1238 1741 1298 1769 quae
1325 1733 1443 1769 gravidis
1458 1741 1491 1761 ac
1515 1734 1686 1772 prazgnantiﬁ

897 1781 948 1808 bus
969 1781 1106 1812 accidant,
1135 1781 1232 1814 tradit,
1256 1788 1407 1816 earumque
1443 1781 1553 1814 victum,
1570 1785 1597 1808 et
1614 1787 1683 1815 qua-

897 1825 937 1852 les
954 1825 1073 1853 nutrices
1094 1825 1232 1860 eligendm.
1251 1825 1289 1852 De
1307 1825 1417 1852 infantis
1431 1823 1599 1857 educatione,
1614 1831 1684 1858 quac-

897 1878 949 1906 que
963 1871 988 1898 ei
1011 1871 1083 1898 artati
1111 1871 1234 1898 accidere
1264 1871 1362 1898 solent.
1381 1871 1417 1897 De
1437 1870 1595 1897 lassitudine
1621 1878 1684 1897 cum

898 1918 932 1945 ab
949 1918 1145 1945 exercitatione
1167 1922 1241 1949 nata,
1267 1922 1322 1944 tum
1342 1924 1373 1944 ea
1396 1917 1474 1951 cujus
1498 1923 1580 1944 causa
1606 1920 1683 1942 exte-

899 1965 956 1991 rius
989 1963 1100 1991 minime
1116 1969 1241 1999 apparet:
1256 1963 1376 1997 itemque
1383 1962 1418 1990 de
1430 1962 1501 1990 cutis
1514 1962 1682 1990 astrictioue.

899 2009 999 2036 Senum
1031 2015 1139 2043 quoque
1170 2008 1269 2035 victum
1290 2008 1334 2035 hic
1360 2008 1532 2042 reperias,et
1553 2015 1686 2041 quaecun-

899 2062 953 2090 que
983 2055 1090 2090 corpori
1123 2054 1293 2082 extrinsecus
1323 2053 1495 2081 advenientia
1525 2053 1686 2081 deformita-

900 2104 953 2126 tem
983 2099 1140 2130 coaciliant,
1172 2099 1323 2132 iterumque
1351 2097 1537 2132 depulsionem
1563 2102 1591 2124 et
1603 2104 1686 2124 cura-

900 2146 1011 2173 tionem.
1042 2145 1166 2172 Deutium
1195 2150 1324 2179 praeterea
1340 2144 1503 2176 custodiam,
1517 2148 1544 2171 et
1564 2151 1624 2177 quae
1638 2150 1685 2168 at:-

900 2192 990 2220 diendi
1020 2191 1204 2219 diﬂicultatcm
1250 2196 1331 2226 atque
1365 2191 1505 2219 oculorum
1542 2190 1684 2225 caliginem

58 2236 162 2271 βλαῦης
177 2235 340 2271 θεραπείαν,
356 2236 472 2272 ἁσχόλου
487 2245 517 2264 τε
532 2236 591 2272 βίου
603 2237 708 2265 δίαιταν
718 2246 725 2252 ⁸
740 2238 805 2274 περί
816 2247 842 2265 τε

899 2238 1045 2266 restituunt
1065 2238 1177 2265 :damni
1204 2237 1237 2264 ad
1259 2238 1317 2264 haec
1337 2245 1353 2263 a
1382 2237 1524 2263 saturitate
1545 2236 1611 2264 illati
1639 2244 1687 2262 cu—

56 2282 108 2308 τῶν
131 2281 349 2317 διαφθειρόντων
368 2283 403 2309 τὰ
427 2283 510 2310 σιτία.
533 2283 718 2322 ὀδοιποροῦσί
739 2292 770 2310 τε
800 2285 842 2311 καὶ

897 2285 1040 2316 rationem,
1057 2288 1084 2311 et
1110 2283 1256 2318 negotioste
1286 2283 1347 2311 vita:
1368 2283 1479 2310 victum.
1499 2282 1536 2309 De
1551 2283 1583 2309 iis
1603 2281 1686 2309 etiam

57 2328 248 2363 πλοϊζομένοις
271 2329 409 2355 ἐκτίθεται
425 2329 543 2363 δίαιταν,
564 2330 691 2365 καὶπερὶ
716 2330 848 2365 καθαιρέ-

57 2381 124 2405 σεως
139 2374 255 2409 σαρκῶν
276 2373 457 2409 διαλαμϐάνει
479 2375 654 2411 ἀναθρέψεώς
665 2384 707 2408 τε,
720 2376 769 2402 καὶ
793 2375 850 2403 διὰ-

57 2427 157 2454 τνωσιν
173 2419 312 2455 κράσεως,
326 2421 375 2448 καὶ
392 2421 619 2457 παρατραπεισης
629 2421 653 2438 ⁸⁸
668 2421 752 2458 αὑτῆς
767 2423 850 2458 θερα-

57 2465 148 2492 ποίαν.

897 2329 997 2365 quibus
1023 2330 1151 2357 alimenta
1178 2335 1404 2364 corrumpuntur:
1423 2335 1450 2357 et
1468 2330 1520 2357 iter
1545 2330 1686 2364 agentibus

899 2382 931 2402 ac
946 2376 1138 2409 navigantibus
1159 2376 1247 2403 victus
1266 2376 1397 2403 rationem
1416 2375 1577 2410 praescribit.
1595 2375 1685 2402 Disso-

900 2422 937 2449 rit
951 2425 979 2449 et
998 2422 1030 2448 de
1044 2422 1136 2449 carnis
1147 2423 1340 2450 extenuatione
1350 2428 1431 2456 atque
1448 2422 1606 2453 nutritiOue,
1627 2427 1688 2456 past

901 2473 960 2500 qua:
983 2467 1188 2501 temperamenti
1214 2467 1396 2503 cognitionem
1407 2472 1435 2495 et
1449 2467 1506 2501 ejus
1530 2468 1617 2495 eversi
1637 2475 1686 2495 cu-

902 2512 1036 2539 rationem
1061 2513 1152 2541 tradit.

698 2591 816 2619 VARIAS
835 2592 1036 2621 LECTIONES.

91 2634 114 2649 "
132 2633 188 2660 τῶν
198 2634 275 2673 “add.
294 2635 326 2662 Δ.
364 2636 387 2651 ⁶⁰
401 2636 446 2673 ναὶ
462 2635 484 2662 Δ
507 2645 513 2662 :
529 2636 576 2663 καὶ
590 2645 620 2668 ς.
658 2637 680 2652 ⁶¹
690 2637 835 2673 μεθοδικὴν
852 2639 892 2666 A:
907 2639 1058 2673 μεθοδικῶς
1072 2648 1102 2672 ς.
1141 2641 1164 2657 ⁵³
1173 2649 1203 2668 τε
1219 2641 1282 2669 add.
1299 2642 1331 2670 Α.
1369 2642 1393 2658 ⁸³
1406 2643 1480 2669 ποιεῖ
1495 2642 1562 2670 τάΔ
1581 2651 1588 2670 ;
1602 2644 1689 2671 ποιεῖ-

58 2675 101 2694 ται
123 2677 157 2700 ς.
195 2669 220 2684 ⁸⁸
245 2671 463 2706 περιτραπείσης
477 2679 508 2703 ς.

834 2739 950 2770 NOTAE}.

93 2793 151 2831 (ἓξ)
167 2793 203 2831 is.
214 2795 248 2831 _in
261 2794 297 2822 55
308 2795 388 2822 hodie
409 2798 497 2831 capita
514 2798 656 2826 dissectus.

94 2828 155 2865 (ἓξ)
170 2829 255 2865 Hujus
277 2838 360 2857 unum
374 2836 401 2858 et
414 2828 449 2858 60
463 2833 564 2865 capita.

94 2859 154 2899 (Ἦ)
169 2859 300 2897 Quaenam
319 2872 350 2891 ea
365 2866 430 2898 sint,
461 2859 568 2896 docebit
589 2868 716 2896 Gorraaus
739 2869 766 2896 in
789 2869 848 2897 Def.

185 2910 325 2942 ΡΑτιιοι..
345 2911 405 2942 Gtt.
422 2913 503 2944 Clll.

939 2800 996 2838 (ξε)
1010 2802 1106 2838 Capita
1124 2804 1149 2830 ei
1165 2804 1263 2832 tributa
1286 2806 1312 2833 in
1332 2806 1413 2835 editis
1429 2807 1474 2835 41.

937 2836 993 2871 (‘29)
1008 2836 1103 2865 Sectus
1123 2839 1149 2866 in
1165 2840 1253 2875 capita
1274 2841 1319 2869 53.

1469 2918 1509 2951 23
