1916 3092
177 170 187 179 ι
237 156 291 188 ’115

237 261 314 295 signa
328 263 390 286 sunt
404 258 437 284 ad
454 261 526 285 recte
541 261 652 290 tutoque
666 255 700 282 de
715 255 816 282 morbis
835 254 1021 289 indicandum.

238 306 349 334 Curatio
374 304 450 335 item,
463 310 495 330 ac
511 302 641 337 praenotio
665 301 781 328 febrium
802 305 884 335 atque
902 305 1022 336 sympto-

239 354 356 377 matum:
375 348 512 382 adjunctis
525 352 553 374 et
569 346 684 374 febrium
710 345 856 380 generibus
875 352 1024 380 earumque

239 395 376 423 remediis.
406 394 443 421 De
464 394 545 425 tame,
570 393 604 420 de
623 392 705 420 animi
729 391 880 419 defectione
903 399 936 419 ac
959 399 1024 427 syn-

239 447 316 474 copa,
343 444 425 474 atque
439 439 473 466 de
490 438 593 471 dolore,
619 442 647 464 et
669 437 787 472 singultu
809 437 874 472 agit.
899 436 966 464 Item
990 436 1024 464 de

239 486 336 512 canina
365 484 529 520 appetentia,
554 489 582 511 et
605 488 698 511 contra
723 484 757 512 de
784 488 922 519 prostrato
945 491 1026 518 appe~

240 531 300 562 tim,
324 535 352 558 et
376 530 516 557 curatione
547 530 686 557 immean
715 529 806 557 famis.
834 529 967 557 Praeterea
992 529 1026 556 de

239 584 339 604 nausea
355 580 382 604 et
395 576 508 609 vomitu,
522 579 549 602 ct
564 576 597 602 de
610 575 755 607 insomnia,
765 581 884 610 torpore,
896 575 1026 610 colliqua-

239 623 324 654 tione,
342 623 400 654 siti,
420 626 501 656 atque
515 621 665 648 exulcerati
679 621 748 648 ossis
765 622 834 648 sacri
853 621 996 649 medicina.

278 668 398 703 Septimo
415 667 471 703 (3i)
489 674 554 694 vero
582 666 652 694 libro
667 666 702 693 de
719 666 853 694 ulceribus
882 666 1026 698 universis,

240 720 296 742 tam
314 721 374 749 quae
383 713 529 748 simplicia,
546 720 627 747 quam
642 721 702 748 quae
716 720 782 740 cava
807 713 934 740 dicuntur
949 721 956 739 :
973 713 1026 739 imo

239 761 309 788 etde
325 760 356 787 iis
373 760 472 795 quibus
494 760 621 787 cicatrice
635 764 678 787 est
703 767 782 795 opus,
802 764 884 794 atque
898 759 932 786 de
947 766 1029 786 carne

240 809 441 836 abundantibus
456 809 512 843 agit
527 816 534 836 :
549 808 595 836 ubi
609 812 636 835 et
651 808 712 843 igne
732 807 864 835 ambustis
878 807 1027 834 remedium

240 855 328 882 aﬂ‘ert.
346 854 410 882 Item
427 855 460 882 de
471 854 585 889 papulis,
599 854 632 880 de
649 854 767 888 pruritu,
782 853 816 880 de
830 852 956 888 pustulis,
968 859 1029 887 qua:

239 901 400 936 phlyctaenae
418 904 560 931 vocantur,
587 904 614 927 et
634 899 668 926 tle
693 898 828 926 ulceribus
849 897 966 932 diruptis
994 905 1033 926 ac-

239 947 378 982 malignis.
391 946 430 973 Ad
453 945 633 973 carbunculos
654 951 760 980 quoque
773 949 801 972 et
817 951 930 972 cancro:
945 951 1027 971 cura-

243 994 331 1020 tiones
352 993 462 1020 ascribit
478 1001 485 1019 :
501 991 691 1019 convulsorum
710 991 772 1018 item
788 998 820 1017 ac
833 991 987 1018 luxatorum
1001 995 1028 1018 et

240 1045 400 1074 ruptorum:
417 1039 515 1074 quibus
532 1039 564 1066 ad
590 1037 648 1065 haec
676 1038 758 1065 rebus
784 1037 884 1072 cuspis,
913 1037 1029 1070 arundo,

241 1086 329 1120 spina,
344 1089 391 1112 aut
410 1086 490 1112 sudes
513 1085 589 1112 carni
617 1083 699 1111 inﬁxa
714 1083 875 1111 evellantur.
897 1083 936 1110 De
952 1084 1030 1111 retiu-

243 1131 304 1162 viis,
332 1130 508 1157 articulorum
539 1129 687 1161 ulceribus,
717 1129 859 1162 sanguinis
878 1130 1027 1164 eruptione.

242 1177 280 1204 Dc
297 1177 388 1203 nervis
405 1176 564 1207 vulneratis,
578 1180 605 1202 et
622 1174 872 1207 articulisluxatis;
887 1174 1030 1201 deinﬂam-

243 1222 371 1252 motione,
387 1226 414 1248 et
437 1221 470 1247 de
497 1219 651 1252 aﬂ'ectione,
680 1227 740 1254 qua:
768 1227 801 1246 ex
826 1220 1030 1248 deﬁnitionibus

244 1268 270 1294 lit
286 1276 294 1301 ;
310 1267 343 1294 de
355 1273 500 1302 gaugrena,
516 1271 543 1293 et
575 1265 756 1299 sphacelismo
771 1274 779 1298 ;
796 1265 829 1292 de
855 1265 1030 1299 apostematis

242 1321 290 1340 seu
301 1312 472 1340 abscessibus
484 1316 510 1338 et
527 1311 640 1344 Iistulis;
654 1312 687 1338 de
699 1311 860 1346 erysipelate
868 1316 895 1338 et
909 1312 1029 1346 lierpete.

243 1358 309 1386 Item
334 1359 368 1385 de
383 1358 507 1390 scirrhis,
523 1358 675 1388 (edomatis.
693 1357 852 1388 termintbo.
868 1357 1029 1392 epinyctide.

245 1405 282 1432 Ite
297 1404 424 1431 dissectis
438 1402 591 1438 ligamentis
604 1408 632 1429 et
647 1403 753 1438 thymo,
763 1403 821 1430 ﬁcis
836 1407 918 1437 atque
935 1402 1032 1429 furun-

244 1450 322 1478 culis.
340 1449 379 1476 De
397 1449 518 1476 verrucis
548 1453 575 1475 et
591 1449 757 1484 myrmeciis,
782 1453 864 1483 atque
883 1449 1030 1476 similibus.

245 1496 284 1522 At]
305 1495 422 1531 ganglia,
436 1502 495 1528 quae
523 1494 704 1529 appellantur,
718 1495 750 1520 ad
770 1495 924 1528 perniones,
938 1502 969 1522 ac
984 1494 1030 1521 iis-

245 1549 322 1568 snras
336 1541 392 1568 edit
407 1541 602 1568 medicamenta
617 1548 625 1573 ;
642 1545 670 1567 et
694 1540 729 1567 ad
750 1540 871 1568 ulcerata
895 1541 1029 1574 pudenda.

247 1586 368 1613 Delcuce
385 1590 524 1620 prteterea,
546 1585 637 1620 alpho.
657 1585 743 1618 lepra,
758 1585 859 1617 scabie,
872 1585 1029 1620 impetigine

247 1636 355 1664 tractat,
372 1636 400 1658 et
417 1632 450 1657 de
465 1630 650 1658 inﬂationibus
662 1641 668 1658 :
682 1636 765 1665 utque
776 1630 895 1658 theriaca
907 1639 922 1658 e
933 1631 1034 1666 viperis

248 1684 345 1709 magno
355 1675 392 1703 sit
407 1675 603 1710 elephantiacis
622 1675 790 1710 adiumento.
804 1675 838 1702 Et
851 1676 908 1704 [nec
925 1677 1033 1711 quidem

247 1722 362 1757 septimo
378 1722 555 1749 continentur
567 1721 646 1749 libro.

283 1809 438 1844 Insequenti
451 1816 514 1836 vero
524 1809 558 1836 de
572 1809 708 1836 memoria:
718 1809 834 1844 jactura,
844 1809 934 1844 deque
942 1809 974 1836 iis
989 1810 1035 1844 qui

249 1855 330 1882 nimia
347 1855 497 1889 vigilia,vel
514 1855 590 1889 gravi
604 1855 784 1883 somnolentia
799 1860 970 1891 torquentur,
981 1857 1037 1890 agit

249 1901 391 1928 Oribasius
403 1901 459 1936 (52)
477 1909 484 1927 :
506 1905 562 1927 tttm
581 1901 645 1936 quiti
664 1901 797 1935 ephialtes
814 1902 861 1934 sit,
873 1902 1036 1936 morbusque

249 1945 441 1977 comitialis,et
457 1946 572 1980 vertigo,
588 1946 739 1981 apoplexia,
757 1951 816 1973 atra
832 1946 905 1978 bilis,
919 1947 1035 1979 insania,

250 1991 395 2018 vehemens
411 1999 496 2024 amor,
509 1999 541 2017 ac
558 1991 744 2027 lycantbropia
758 2000 765 2018 :
784 1992 935 2026 horumque
950 1999 1037 2019 reme-

249 2037 303 2064 dia.
314 2037 352 2063 De
367 2037 471 2064 cerebri
479 2037 512 2065 ad
521 2037 579 2064 ltmc
592 2037 832 2069 morbis,etrabidi
846 2038 923 2065 canis
934 2045 1035 2064 morsu.

251 2083 288 2110 De
308 2083 437 2119 paralysi,
461 2091 508 2110 seu
532 2091 676 2110 nervorum
704 2083 881 2116 resolutione,
896 2089 924 2111 et
937 2084 1036 2118 rigore,

251 2129 296 2163 qui
309 2129 428 2156 calelieri
455 2134 583 2163 nequeat.
608 2130 645 2156 De
661 2129 883 2156 convulsionibus
896 2136 928 2156 ac
943 2129 1038 2156 distin-

249 2175 350 2205 ctione.
369 2175 457 2209 deque
475 2175 571 2209 capitis
589 2174 738 2202 doloribus.
760 2175 800 2201 Ad
829 2182 972 2207 puerorum
998 2175 1038 2201 in-

821 151 953 182 ΡΗΟΤΙΙ
972 149 1226 181 ΡΑΤΠῙΑΒΟΗΕ
1244 149 1299 180 CP.

274 211 376 248 1756
384 211 411 238 In
420 214 527 238 sertum
535 208 633 237 librum
644 208 702 244 (50)
710 216 740 236 ea
751 213 813 236 sunt
827 209 960 244 conjecta.
970 214 1031 242 qua:
1042 206 1069 236 Α

1813 147 1870 179 716

1123 205 1167 231 Ἐν
1181 204 1209 231 δὲ
1223 203 1263 238 τῷ
1283 206 1309 236 ς’
1327 202 1503 230 συντέτακται
1521 202 1597 238 αὐτῷ
1615 202 1666 229 ὅσα
1679 210 1710 228 τε
1721 202 1745 218 ⁸⁸
1762 203 1803 234 είς
1820 211 1871 237 σης

1080 250 1194 286 μείωσιν
1210 248 1320 284 ἀσφαλῆ
1341 249 1424 275 τείνει
1439 249 1486 275 καὶ
1502 249 1592 284 κρίσιν
1605 247 1698 284 ὀρθὴν,
1718 248 1869 284 θεραπεῖαί

1075 307 1108 325 τε
1124 298 1172 324 καὶ
1189 297 1359 332 προγνώσεις
1371 297 1498 331 πυρετῶν
1520 296 1568 322 καὶ
1585 296 1809 331 συμπτωμάτων.
1827 295 1871 322 Τά

1074 354 1104 372 τε
1124 344 1180 379 εἴδη
1190 343 1245 370 τῶν
1257 342 1384 378 πυρετῶν
1400 342 1509 374 καὶτὰς
1527 341 1624 374 ἰάσεις,
1641 341 1704 376 περί
1719 350 1749 368 τε
1763 341 1870 376 λοιμῶν

1075 388 1252 422 λειποθυμίας
1261 395 1291 414 τε
1302 386 1348 413 καὶ
1361 386 1500 421 ωγκοπῆς
1517 386 1564 412 καὶ
1577 385 1673 419 ὀδύνης
1698 386 1744 412 καὶ
1760 385 1870 420 λυγμοῦ

1075 432 1265 468 διαλαμϐάνει,
1281 430 1417 462 κυνὼδους
1426 439 1457 457 τε
1471 431 1586 466 ὀρέξεως
1601 431 1648 457 καὶ
1660 431 1802 466 ἀνορεξίας
1819 432 1870 457 καὶ

1077 478 1204 514 βουλίμου
1219 477 1378 514 θεραπείας,
1395 476 1454 513 [561
1470 476 1516 512 R.]
1528 476 1568 503 ἔτι
1578 477 1607 503 δὲ
1617 477 1683 511 περὶ
1697 477 1809 508 ναυτίας
1822 478 1872 503 καὶ

1076 523 1182 557 ἐμέτων
1207 522 1362 558 ἀγρυπνίας
1386 530 1416 548 τε
1435 522 1484 548 καὶ
1505 522 1673 556 καταφορᾶς,
1693 521 1739 547 καὶ
1765 522 1871 556 συντή-

1077 570 1145 602 ξεως
1173 568 1219 595 καὶ
1239 568 1342 603 δίψους,
1366 569 1413 595 καὶ
1440 567 1603 599 ἑλκωθέντος
1616 567 1664 593 τοῦ
1694 567 1767 602 ἱεροῦ
1786 567 1871 594 ὀστοῦ

1078 616 1228 652 θεραπείας
1237 616 1270 642 ⁸⁸.

1113 662 1194 689 Κατὰ
1211 662 1239 688 δὲ
1253 661 1284 688 τὺ
1300 660 1323 691 ζ’
1337 660 1424 688 ἑλκῶν
1442 660 1491 696 μὲν
1511 660 1649 689 ἁπάντων,
1674 659 1729 686 τῶν
1747 668 1777 686 τε
1791 660 1873 693 λεγο-

1080 709 1168 743 μένων
1197 707 1292 734 ἁπλῶν
1308 707 1356 733 καὶ
1373 707 1428 733 τῶν
1442 706 1550 738 κοίλων,
1568 706 1616 732 καί
1632 713 1664 740 γε
1688 706 1737 732 καὶ
1751 706 1808 732 τῶν
1823 707 1872 732 οὐ-

1080 753 1130 788 λῆς
1143 753 1278 788 δεομένων
1299 753 1347 779 καὶ
1361 752 1608 786 ὑπερσαρκοῦντων
1623 752 1785 780 ἐκδιδάσκει.
1799 753 1874 787 πρός

1079 808 1107 826 τι
1127 799 1162 826 τὰ
1179 799 1341 834 πυρίκαυτα
1358 798 1507 834 θεραπείας
1518 799 1635 832 εἰσάγει,
1651 798 1699 824 καὶ
1716 799 1780 834 περὶ
1791 799 1875 832 ἐξαν-

1080 845 1210 880 θημάτων
1227 845 1274 872 καὶ
1291 844 1421 880 κνησμῶν
1435 845 1482 871 καὶ
1497 844 1680 880 φλυκταινῶν,
1693 845 1874 881 ἀναρρηγνυ-

1082 891 1169 926 μένων
1184 900 1214 917 τε
1230 890 1318 917 ἑλκῶν
1341 891 1389 917 καὶ
1415 890 1575 925 κακοήθων·
1592 890 1660 926 πρὸς
1681 890 1821 925 ἄνθρακάς
1839 899 1873 917 τε

1081 937 1128 964 καὶ
1153 937 1300 972 καρκίνους
1319 936 1405 970 ἰάσεις
1428 936 1594 971 ἀναγράφει,
1618 935 1754 970 σπασμῶν
1774 944 1803 962 τε
1821 937 1874 962 καὶ

1082 984 1264 1018 στρεμμάτων
1277 983 1324 1009 καὶ
1335 983 1497 1017 θλασμάτων
1507 990 1513 998 ·
1523 981 1590 1013 οἵοις
1601 990 1630 1007 τε
1641 982 1674 1008 ἂν
1682 982 1744 1013 άκὶς
1756 982 1773 1017 ἢ
1784 981 1874 1008 κάλα-

1084 1029 1163 1064 μοςῆ
1184 1029 1288 1055 ἄκανθα
1303 1028 1320 1063 ἢ
1344 1028 1444 1063 σκόλοψ
1466 1027 1626 1063 ὲμπαγέντα
1645 1029 1726 1063 σαρκὶ
1742 1028 1874 1054 ἀποσπα-

1083 1075 1168 1110 σθείη’
1182 1075 1245 1110 περί
1259 1083 1288 1101 τε
1300 1074 1478 1110 παρωνυχιῶν
1492 1075 1540 1101 καὶ
1548 1074 1601 1102 τῶν
1611 1072 1642 1100 ἓν
1652 1074 1762 1110 ἄρθροις
1772 1074 1874 1106 ἑλκῶν,

1083 1121 1265 1156 αἱμορῤαγίας
1277 1121 1306 1147 τε
1320 1121 1367 1148 καὶ
1387 1121 1588 1156 νευροτρὼτων,
1615 1120 1662 1147 καὶ
1677 1120 1742 1156 περὶ
1754 1120 1877 1155 κεχαλα-

1084 1166 1190 1201 σμένων
1205 1166 1324 1201 ἄρθρων,
1340 1165 1402 1200 περί
1419 1175 1448 1192 τε
1465 1166 1620 1201 φλεγμονῆς
1639 1166 1684 1192 καὶ
1701 1166 1877 1200 pauimenti;

1083 1211 1241 1245 διαθέσεως,
1259 1212 1323 1246 περί
1345 1220 1374 1238 τε
1400 1213 1573 1246 γαγγραίνης
1600 1211 1647 1238 καὶ
1673 1211 1879 1246 σφακελισμοῦ,

1083 1259 1130 1285 καὶ
1147 1258 1211 1294 περὶ
1225 1258 1429 1293 ἀποστημάτων
1443 1260 1491 1285 καὶ
1512 1259 1661 1293 συρίγγων,
1678 1258 1878 1294 ὲρυσιπὲλατός

1083 1311 1114 1330 τε
1131 1303 1178 1330 καλ⁵
1199 1303 1330 1338 ἒρπητος,
1347 1302 1396 1329 καὶ
1425 1302 1491 1337 περὶ¹
1506 1302 1629 1337 σκίρρων
1640 1302 1662 1318 ⁸⁷
1685 1302 1734 1328 καὶ
1758 1301 1878 1336 οἰδημά-

1083 1357 1148 1381 των,
1165 1348 1312 1384 τερμίνθου
1328 1357 1358 1374 τε
1373 1348 1420 1375 καλ¹
1437 1348 1616 1380 ὲπινυκτίδος,
1631 1347 1694 1383 περί
1712 1356 1742 1374 τε
1754 1348 1880 1383 διατμηο

1085 1393 1184 1420 θέντων
1201 1393 1368 1428 συνδέσμων,
1384 1392 1432 1419 καὶ
1447 1392 1533 1427 θύμου
1550 1393 1598 1419 καὶ
1615 1393 1706 1418 συκῶν
1722 1392 1769 1418 καὶ
1781 1391 1879 1427 δοθιή-

1085 1449 1149 1472 νων,
1168 1439 1371 1475 άκροχορδόνων
1393 1447 1423 1465 τε
1437 1440 1486 1465 καὶ
1507 1438 1672 1473 μυρμηκιῶν
1690 1439 1737 1464 καὶ
1749 1438 1806 1464 τῶν
1826 1447 1881 1464 συ-

1086 1485 1210 1521 στοίχων.
1240 1485 1312 1520 Πρός
1329 1493 1359 1511 τε
1377 1484 1411 1511 τὰ.
1437 1483 1572 1519 λεγόμενα
1594 1483 1712 1518 γαγγλία
1738 1483 1786 1510 καὶ
1817 1486 1879 1518 χεί-

1087 1532 1172 1568 μεθλα
1183 1532 1204 1548 ³⁸
1218 1532 1265 1559 καὶ
1285 1531 1403 1568 ῥαγάδας
1416 1531 1553 1558 ἐκτίθεται
1574 1531 1670 1562 ίάσεις,
1684 1531 1732 1557 καὶ
1748 1530 1820 1566 πρὸς
1835 1532 1873 1556 τὰ

1085 1580 1231 1614 ἡλκωμένα
1246 1579 1300 1605 τῶν
1320 1579 1438 1605 αίδοίων.
1459 1578 1526 1613 Περί
1539 1586 1568 1603 τε
1585 1577 1685 1612 λεύκης
1712 1577 1759 1603 καὶ
1777 1576 1879 1611 ἀλφῶν

1084 1627 1132 1653 καὶ
1142 1626 1246 1661 λέπρας
1263 1625 1311 1652 καὶ
1326 1625 1421 1660 ψώρας
1441 1624 1489 1650 καὶ
1511 1623 1640 1658 λειχήνων
1649 1623 1670 1639 ⁸³
1683 1621 1880 1656 διαλαμϐάνει,

1083 1673 1132 1698 καὶ
1143 1673 1206 1706 περὶ
1224 1671 1439 1706 ὲμφυσημάτων,
1453 1669 1500 1696 καὶ
1516 1669 1554 1700 ὡς
1572 1669 1589 1704 η
1607 1669 1660 1695 τῶν
1677 1668 1789 1702 ἐχιδνῶν
1807 1667 1881 1694 ἐδω-

1084 1717 1116 1752 δὴ
1128 1717 1237 1752 ἄριστον
1252 1717 1377 1752 βοήθημα
1386 1717 1442 1748 τοῖς
1450 1715 1639 1751 ὲλεφαντιῶσι.
1650 1714 1744 1741 Ταῦτα
1761 1714 1811 1750 μὲν
1829 1715 1882 1741 καὶ

1085 1764 1155 1790 κατὰ
1168 1763 1196 1789 τὸ
1213 1763 1335 1797 ἕϐδομον.

1121 1809 1200 1836 Κατὰ
1215 1809 1243 1835 δὲ
1259 1809 1289 1835 τὺ
1309 1812 1333 1844 η’
1353 1808 1483 1844 περὶτῆς
1509 1807 1580 1834 κατὰ
1603 1806 1654 1842 τὴν
1688 1806 1800 1842 μνήμην
1823 1807 1883 1833 ἀπ-

1085 1855 1183 1886 ωλείας
1200 1855 1246 1881 καὶ
1263 1855 1318 1880 τῶν
1327 1854 1413 1886 ἄλλως
1426 1852 1667 1888 ἀγρυπνητικῶνῆ
1683 1853 1882 1886 καταφορικῶν

1087 1900 1276 1934 διαλαμϐάνει,
1298 1900 1340 1931 τίς
1358 1908 1387 1926 τε
1401 1900 1414 1925 δ
1430 1899 1560 1934 ἐφιάλτης
1585 1898 1633 1924 καὶ
1648 1899 1664 1933 ὴ
1682 1897 1814 1932 ὲπιληψία
1828 1899 1882 1924 καὶ

1087 1946 1117 1972 τὸ
1135 1946 1198 1982 [289
1213 1945 1260 1982 IL]
1273 1946 1477 1980 σκοτωματικέιν
1498 1945 1595 1976 πάθος,
1612 1944 1769 1979 άποπληξῐα
1785 1952 1815 1970 τε
1829 1945 1882 1970 καὶ

1089 1992 1254 2028 μελαγχολία
1271 1993 1317 2019 καὶ
1330 1992 1414 2027 μανία
1427 1992 1474 2018 καὶ
1488 1992 1557 2027 ἔρως
1575 1990 1647 2023 ὀξὺς,
1657 1991 1704 2017 καὶ
1717 1990 1758 2022 τίς
1773 1991 1788 2024 ή
1807 1990 1880 2016 λυκ-

1087 2039 1238 2074 ανορωπίσ,
1265 2039 1312 2065 καὶ
1334 2038 1438 2065 τούτων
1464 2037 1640 2072 ίὰσεις’περί
1666 2044 1697 2062 τε
1721 2035 1777 2062 τῶν
1803 2037 1881 2062 κατὰ

1088 2081 1132 2107 τὸν
1149 2081 1302 2115 ἐγκέφαλον
1325 2081 1430 2114 παθῶν,
1455 2081 1501 2108 καὶ
1522 2081 1586 2115 περὶ
1609 2080 1808 2115 λυσσοδήκτων,
1829 2081 1883 2107 καὶ

1089 2127 1154 2162 περὶ
1173 2127 1352 2162 παραλύσεως
1377 2127 1424 2153 καὶ
1450 2126 1672 2162 ἀνεκθερμάντου
1693 2126 1796 2161 ῥίγους,
1813 2127 1883 2160 περί

1088 2181 1119 2199 τε
1145 2173 1278 2208 σπασμῶν
1306 2173 1354 2199 καὶ
1374 2173 1497 2205 τετάνου,
1510 2173 1558 2200 καὶ
1585 2173 1651 2208 περὶ
1664 2173 1719 2199 τῶν
1737 2173 1808 2199 κατὰ
1826 2173 1882 2207 τὴν

250 2227 331 2254 super
345 2220 512 2252 adustiones,
523 2220 555 2246 ad
570 2219 670 2246 foedum
683 2220 788 2246 narium
804 2220 924 2253 odorem,
934 2220 1030 2255 17θι

1090 2217 1212 2252 κεφαλὴν
1239 2217 1344 2243 παθῶν.
1364 2217 1435 2252 Πρός
1456 2225 1485 2243 τε
1513 2217 1546 2243 τὰ
1575 2217 1752 2252 σειριῶντα⁷⁰
1769 2216 1881 2247 παιδία,

251 2265 284 2291 ad
299 2265 500 2299 suggillationes
515 2263 565 2290 sub
578 2264 682 2296 oculos,
700 2269 726 2290 ct
738 2265 770 2291 ad
781 2264 982 2299 eccbymomata
995 2266 1036 2291 in-

252 2316 372 2338 vctcrata
388 2310 457 2345 (3'5).
468 2309 534 2337 Item
551 2310 583 2336 de
600 2310 735 2336 labiornm
768 2310 885 2337 ﬁssione.
902 2311 941 2336 Ad
955 2311 1038 2344 ephe-

254 2356 332 2382 lidem
351 2362 458 2390 quoque
476 2363 507 2381 ac
523 2354 602 2382 faciei
619 2362 721 2387 nazvos,
738 2354 931 2389 oculorumque
945 2357 1037 2390 nigras

254 2401 384 2434 maculas,
403 2406 430 2428 et
453 2408 542 2432 varos,
573 2408 604 2427 ac
637 2401 734 2428 ίὶωεῖιε
759 2401 841 2427 menti
867 2400 1037 2427 eminentiae.

254 2447 291 2474 De
305 2447 377 2474 {mdo
395 2448 498 2474 alarum
511 2448 595 2473 odore
609 2456 616 2473 :
634 2447 666 2473 de
683 2447 767 2474 variis
782 2446 921 2473 oculorum
933 2445 1039 2473 dolori-

254 2493 313 2523 bus,
326 2491 360 2518 de
377 2491 523 2526 pediculari
540 2492 644 2523 morbo,
663 2491 696 2518 de
725 2491 830 2518 narium
848 2491 1036 2518 obstructione

251 2542 279 2564 et
294 2538 326 2564 de
340 2537 523 2571 strangulatis.
539 2537 626 2571 Atque
642 2536 685 2563 hic
699 2542 812 2563 octavus
825 2536 893 2563 liber
909 2541 961 2563 est.

1089 2263 1157 2297 πρός
1173 2271 1203 2288 τε
1219 2262 1352 2294 δυσωδίας
1366 2263 1449 2298 ῥινὸς,
1462 2263 1508 2289 καὶ
1527 2263 1595 2298 πρὸς
1609 2263 1732 2295 ὑπώπια,
1749 2263 1796 2289 καὶ
1809 2262 1884 2296 πρὸς

1087 2308 1306 2343 ὲκχυμώματα⁷¹
1321 2309 1531 2344 κεχρονισμένα.
1558 2308 1625 2343 Περί
1646 2317 1676 2335 τε
1699 2308 1812 2343 χειλέων
1830 2310 1886 2343 ῥα-

1087 2354 1179 2388 γάδος,
1192 2356 1238 2381 καὶ
1254 2354 1322 2389 πρὸς
1333 2354 1443 2390 ὲφήλεις
1458 2355 1505 2381 καὶ
1519 2355 1630 2385 σπίλους
1641 2355 1689 2382 καὶ
1703 2355 1809 2389 φακοὺς
1831 2357 1885 2382 καὶ

1091 2400 1194 2432 ίῦνθους
1218 2401 1266 2427 καὶ
1284 2401 1334 2432 τὰς
1349 2402 1378 2427 ὲν
1403 2401 1442 2436 τῷ
1456 2401 1554 2436 γενείῳ
1572 2400 1703 2433 συκώδεις
1726 2402 1886 2429 ἐπαναστά-

1091 2454 1147 2477 σεις
1157 2454 1163 2461 ·
1179 2446 1242 2482 περί
1268 2455 1298 2473 τε
1314 2447 1462 2482 μασχαλῶν
1476 2447 1619 2481 δυσωδίας,
1636 2447 1684 2474 καὶ
1699 2449 1764 2483 περὶ
1778 2447 1835 2474 τῶν
1853 2450 1885 2475 ἐν

1092 2493 1149 2523 τοῖς
1173 2492 1324 2528 ὀφθαλμοῖς
1351 2493 1458 2526 παθῶν,
1478 2495 1542 2529 περί
1572 2502 1601 2520 τε
1629 2493 1815 2530 φθειριάσεως
1832 2496 1885 2521 καὶ

1092 2538 1256 2573 ἐμφράξεως
1282 2539 1460 2575 μυξωτήρων,
1481 2540 1528 2567 καὶ
1549 2541 1614 2576 περὶ
1635 2541 1690 2568 τῶν
1714 2542 1883 2576 ἀπαγχομὲ-

1095 2592 1158 2610 νων.
1178 2584 1222 2610 Ἑν
1234 2585 1339 2617 τούτοις
1353 2585 1404 2620 μὲν
1417 2586 1463 2612 καὶ
1475 2587 1489 2613 ὁ
1505 2586 1530 2622 η’
1541 2587 1630 2621 λόγος.

889 2649 1007 2678 ῩΑΒΙᾹΞ
1028 2650 1228 2680 LECTIONES.

253 2740 275 2756 τ..
288 2705 425 2756 1135,3399.-
442 2706 474 2756 ἓ·
513 2706 536 2756 ῖῖ
550 2706 749 2756 ἓξεξξξὲῆῖξε·
763 2707 1019 2756 Haases;
1039 2709 1218 2756 ῖῖιεξξίίίιεξεὲε
1234 2709 1413 2756 suis?“
1423 2711 1446 2738 Α
1457 2719 1465 2738 =
1478 2710 1596 2746 κέμεθλα
1611 2720 1642 2743 ς·
1682 2710 1834 2748 ὀλικὴνων
1849 2713 1874 2740 Α

288 2742 427 2776 σηριῶντα
443 2742 476 2768 Α.
513 2741 535 2756 "
551 2742 741 2776 ὲκχυμώματα
771 2741 998 2778 Rothdmageitsis
1013 2753 1019 2770 :
1042 2743 1102 2771 libri
1121 2741 1219 2779 scripti
1233 2741 1367 2780 ὲχύμαέα.

1010 2789 1123 2818 NOTAE.

289 2831 345 2866 (50)
361 2831 488 2867 Continet
508 2839 578 2859 nunc
597 2833 685 2867 capita
705 2833 751 2860 47.

290 2867 345 2901 ιδι)
362 2866 419 2894 Uno
437 2871 465 2893 et
476 2866 511 2894 50
523 2866 666 2901 capitibus.

1124 2835 1180 2870 (32)
1197 2836 1336 2870 Capitibus
1347 2837 1392 2864 57.

1131 2870 1186 2906 (55)
1205 2870 1307 2899 Vitiosc
1324 2872 1373 2907 lcgi
1391 2873 1433 2899 bic
1448 2871 1571 2908 ἐκύματα
1596 2873 1693 2902 docent
1717 2873 1779 2901 libri
1802 2875 1880 2902 editi.
