1916 3092
56 132 106 166 717

601 131 864 163 BIBLIOTHECA.
877 144 912 149 -
930 132 1012 164 COD.
1027 134 1150 164 CCXIX.

1629 139 1682 172 718

93 191 121 216 '0
145 189 175 217 δὲ
200 189 322 225 οιαῦτῷ,
337 189 388 217 ὅσα
416 188 490 224 πάοη
519 188 583 225 περί
606 197 636 215 τε
666 188 780 225 Θώρακα
796 188 836 216 κατ

931 189 1023 217 Nonus
1057 194 1148 218 autem
1164 193 1191 218 et
1204 189 1328 224 ultimus,
1345 191 1415 228 (54),
1441 191 1506 220 illud
1526 193 1682 223 morborum

56 236 196 271 σπλάγχνα
222 236 381 262 συνίσταται
408 235 456 261 καὶ
469 234 522 266 ἓως
550 234 658 261 αἰδοίων
673 235 773 271 διήκει,
786 235 844 261 δια-

55 280 197 315 λαμῦἀνει,
214 281 249 306 τά
266 288 295 306 τε
308 281 452 313 γυναικεῖα
464 279 611 313 καταλέγει
623 279 708 315 πάθη,
722 280 769 306 καὶ
780 281 844 314 περὶ

56 327 191 361 ποδάγρας
214 326 262 353 καὶ
291 325 445 361 ἀρθρίτιδος
473 326 520 352 καὶ
546 325 665 361 ὶσχιάδος
690 325 841 361 θεραπείας

54 372 214 407 ἀναγράφει.
231 371 350 407 Τοιαύτη
365 372 412 398 καὶ
426 372 443 407 ἡ
453 372 532 407 τρίτη
549 372 588 407 τῷ
609 372 769 407 Ὀρειϐασίῳ
781 381 842 398 συν-

53 417 207 453 τεταγμένη
226 417 414 452 πραγματεία.

425 507 498 533 ΣΙΘ¹.

151 553 210 581 Τοῦ
229 552 325 580 αὐτοῦ
339 552 413 586 πρὸς
432 552 584 580 Εῠνάπιον
596 554 680 588 λόγιοι
698 554 733 580 δ’.

87 598 118 625 'H
134 599 163 625 δὲ
181 599 303 635 τετάρτη
320 599 490 633 Συντομίαν
504 599 553 634 μὲν
565 599 614 626 καὶ
627 599 697 635 αὐτὴ
711 599 837 635 βούλεται

50 645 120 680 αὐτῷ
134 644 192 679 τῆς
206 645 328 679 τέχνης,
344 645 372 670 ἐν
384 644 404 671 δ’
418 644 446 671 δὲ
460 644 642 678 ἀπαρτίζεται
662 645 752 680 λόγοις
766 666 775 679 ,
793 647 840 673 καὶ

50 691 91 716 τδν
105 691 246 717 Εὐνάπιον
267 690 425 722 ὑποϐάλλει,
447 690 477 717 ὃν
502 691 549 718 καὶ
563 690 728 726 λογιώτατον
747 692 837 727 ὑμνεῖ,

51 739 134 764 αἴτιον
149 737 228 773 αὐτῷ
242 737 290 764 τοῦ
308 738 496 773 συντάγματος
517 739 711 775 γεγενημένον.
732 740 772 767 Τὰ
794 741 840 767 εὐ-

49 785 164 819 πόριστα
194 784 223 810 δὲ
250 783 325 819 αὐτῷ
343 784 396 810 τῶν
415 785 539 820 ἰαμάτων
567 786 708 813 κάνταῦθα
726 785 838 822 γνώμην

49 831 214 863 συναγαγεῖν
237 829 354 864 εἰσάγει,
368 826 407 856 ὧν
431 831 479 857 καὶ
492 831 541 866 τὴν
563 831 738 859 διδασκαλίαν
763 833 836 867 τρισὶ

47 875 181 910 διέρχεται
197 874 322 910 τρόποις,
339 875 378 902 ἐνὶ
395 875 444 911 μὲν
455 876 505 907 τάς
519 885 549 902 τε
566 876 682 903 καθόλου
705 877 834 912 δυνάμεις

47 923 89 948 καὶ
113 922 165 953 τὰς
196 921 244 948 ἐπὶ
275 922 375 957 μέρους
399 923 513 957 χρήσεις
539 923 653 950 ἑκάστου
671 923 726 950 τῶν
743 923 837 950 ἁπλῶν

47 968 140 996 ἐπιὼν.
153 967 220 1003 [564
239 967 288 1004 3.]
302 968 423 1004 δευτέρῳ
436 968 466 995 δὲ
482 968 586 1000 πάθους
611 969 727 996 ἑκάστου
748 969 783 996 τὰ
796 971 837 996 ιά-

48 1023 115 1049 ματα
136 1014 312 1040 συντάττων·
344 1015 387 1049 ἐφ’
404 1012 445 1046 οἷς
469 1015 519 1050 τήν
545 1023 575 1041 τε
605 1015 772 1050 κατανόησιν
789 1016 836 1043 τοῦ

47 1059 211 1091 πεπονθότος
226 1059 324 1094 μορίου
344 1060 390 1086 καὶ
403 1060 452 1095 τὴν
467 1060 596 1096 διήγησιν
608 1061 638 1093 ἐξ
652 1057 690 1087 ὧν
705 1061 738 1087 ἂν
754 1061 836 1097 θερα-

46 1107 171 1141 πυθείη.
195 1107 337 1141 Τετάρτην
366 1106 395 1133 δὲ
410 1106 540 1133 ὑπόθεσιν
559 1107 790 1143 μεταχειρίζεται,
804 1109 837 1143 ἣν

46 1153 89 1179 καὶ
103 1152 160 1178 τῶν
177 1152 336 1186 εἰρημένων
352 1152 511 1187 προτάττει,
530 1152 577 1179 τοῦ
593 1153 714 1186 ὑγιεινοῦ
740 1154 838 1188 τυγχά-

46 1206 139 1224 νουσαν
165 1198 278 1233 μέρους.
302 1198 358 1224 Καὶ
384 1198 500 1233 ἄρχεται
522 1198 550 1225 δὲ
575 1199 674 1225 αὐτίκα
691 1199 719 1232 ἐξ
735 1197 774 1226 ὧν
790 1200 837 1226 καὶ

46 1245 59 1278 ἡ
76 1244 169 1278 φύσις,
185 1244 250 1278 περὶ
265 1243 373 1270 παιδίου
395 1243 466 1277 λέγω
482 1245 596 1279 τροφῆς,

73 1289 152 1315 Ἔστι
167 1289 218 1323 μὲν
226 1286 272 1315 οὖν
281 1289 298 1323 ἠ
313 1289 381 1324 πρὸς
393 1289 529 1315 Εὺνάπιον
543 1289 619 1324 αὐτῷ
632 1289 836 1324 συντεταγμένη

45 1334 144 1369 σπουδὴ
154 1334 251 1369 σχεδὸν
265 1335 282 1369 ὴ
301 1334 370 1369 αὐτὴ
377 1335 410 1369 τῇ
423 1334 605 1370 γεγραμμένῃ
620 1335 687 1369 πρὸς
699 1335 744 1361 τὸν
761 1335 818 1361 υἱόν
829 1343 836 1351 ·

43 1381 100 1407 Τῶν
110 1389 140 1407 τε
152 1381 208 1416 γὰρ
217 1381 469 1416 χειρουργουμένων
484 1381 609 1415 οὐδετέρα
620 1381 698 1416 λόγον
712 1382 778 1416 ἔχει,
786 1382 837 1408 κάν

43 1428 95 1458 τοῖς
103 1426 198 1457 ἄλλοις
212 1426 240 1452 δὲ
249 1427 428 1463 συμφέρεται,
443 1426 513 1461 πλὴν
524 1427 573 1453 ὅσα
587 1426 637 1462 τὴν
655 1427 730 1459 τάξιν
743 1428 774 1454 οὐ
788 1428 837 1463 τὴν

44 1473 102 1507 isi-pa
119 1473 169 1499 καὶ
189 1472 290 1507 ὁμοίαν
309 1472 447 1504 διασώζει.
472 1472 533 1498 Ἐπ’
548 1471 630 1503 ἐνίοις
644 1471 672 1498 δὲ
689 1473 787 1507 μικρόν
805 1481 835 1498 τι

42 1520 87 1545 καὶ
99 1520 185 1555 ἑτέρα
202 1519 254 1553 τῆς
273 1519 373 1554 ἐτέρας
388 1519 554 1550 πλεονεκτεῖ,
573 1518 667 1553 ὥσπερ
682 1519 711 1545 ἐν
728 1519 835 1550 πολλοῖς
849 1534 869 1562 C

41 1565 92 1593 τῶν
105 1566 180 1592 κατὰ
194 1566 260 1597 τοὺς
274 1565 376 1597 τόπους
391 1565 488 1592 παθῶν
503 1566 519 1600 ἡ
537 1565 608 1599 πρὸς
625 1565 771 1597 Εὐνάπιον,
787 1565 834 1591 καὶ

42 1615 81 1644 εἰς
95 1613 147 1647 τὴν
168 1612 224 1638 τῶν
248 1611 344 1639 ἁπλῶν
367 1612 522 1647 φαρμάκων
547 1611 711 1644 διάγνωσιν·
726 1611 783 1637 ἔστι
807 1611 835 1638 δὲ

42 1656 70 1686 οὗ
86 1659 134 1685 καὶ
150 1658 167 1693 ἡ
182 1657 252 1692 πρὸς
267 1657 416 1684 Εὐστάθιον
437 1657 494 1693 ἔχει
510 1666 536 1683 τι
564 1657 666 1692 ταύτης
683 1656 763 1683 πλέον
787 1665 834 1683 σε-

44 1704 277 1739 μνολογήσασθαι.
301 1704 382 1731 Ἀλλὰ
395 1713 426 1738 γε
442 1704 528 1739 ξχάρις
541 1703 611 1738 ὑπὲρ
633 1703 766 1738 ἑκατέρας
782 1703 836 1729 τῶν

43 1752 129 1777 πὲνων
154 1750 193 1784 τῷ
216 1749 313 1784 ἅνδρί¹
332 1749 362 1776 τὺ
386 1750 440 1784 γὰρ
455 1748 538 1776 αὑτοῦ
569 1749 652 1784 μέρος
677 1750 706 1775 οὔ
733 1748 835 1783 βλάϐης

42 1796 139 1829 οὐδενὶ,
164 1795 224 1822 ἀλλ’
240 1795 375 1830 ὡφελείας
399 1795 530 1830 ἑκατέρα.
548 1794 642 1830 ὥσπερ
666 1794 698 1829 δὴ
720 1795 767 1820 καὶ
787 1795 835 1825 τὰς

42 1843 94 1875 πρὸ
116 1842 225 1868 τούτων
251 1840 407 1873 συνέταξεν.
422 1841 551 1876 Φράσεως
563 1840 591 1867 δὲ
610 1841 772 1875 χαρακτῆρα
793 1839 837 1865 λέ-

42 1896 99 1919 γειν
124 1887 176 1912 τοῦ
199 1887 280 1921 λόγου
303 1887 362 1920 ἅμα
382 1895 411 1912 τε
436 1887 538 1922 ἄπορον
563 1886 610 1912 καὶ
625 1886 752 1921 περιττὸν
767 1883 836 1912 εἶναι

41 1934 126 1959 527.5?-
147 1934 180 1960 ἐκ
196 1942 225 1959 τε
236 1934 260 1949 τ’
274 1933 328 1968 γὰρ
347 1933 483 1968 διαφόρων
500 1933 547 1959 καὶ
562 1932 742 1958 παντοδαπῶν
756 1930 832 1966 αὐτῷ

41 1981 73 2006 τὰ
100 1980 285 2013 συντάγματα
310 1979 514 2014 συνήθροισται,
532 1981 580 2004 καὶ
607 1978 699 2012 ἰατρὸς
721 1977 789 2013 ἀνὴρ
804 1977 835 2003 οὺ

41 2025 86 2051 τοῦ
102 2026 134 2050 ἐν
151 2025 225 2060 λόγῳ
240 2024 356 2055 κάλλους
369 2024 415 2049 καὶ
428 2023 479 2058 τῆς
494 2023 588 2057 σοφίας
603 2022 717 2053 εὐθύνας
732 2023 764 2048 ἄν
782 2030 836 2048 τινι

41 2071 93 2096 τῶν
118 2069 336 2105 σωφρονούντων
360 2069 507 2103 παράσχοι,
525 2067 584 2094 ἀλλ’
599 2067 625 2093 εῐ
639 2075 665 2093 τι
694 2067 748 2092 τῶν
766 2067 837 2093 κατὰ

42 2118 89 2151 τὴν
106 2115 236 2151 ἰατρικὴν
254 2115 343 2149 ἔργων
358 2114 409 2141 οὐκ
423 2114 511 2149 ὀρθῶς
532 2111 710 2148 διῆλθεν-οὐδ’
730 2112 837 2138 ἐπεδεί-

43 2162 114 2193 ξατο.

76 2291 156 2320 Εἶδον
171 2293 200 2319 δὲ
224 2292 314 2327 ἔγωγε
330 2291 378 2319 τοῦ
401 2292 497 2328 ἀνδρὸς
514 2293 561 2318 καὶ
585 2292 684 2326 ἑτέραν
707 2300 838 2327 πραγμα-

43 2340 115 2366 τείαν
139 2340 170 2365 ὲν
192 2339 215 2364 δ’
237 2338 329 2372 λόγοις
355 2339 579 2373 συντεθειμένην.
603 2338 776 2372 Εὐπόριστα
805 2337 833 2364 δὲ

44 2385 220 2420 ἐπεγράφετο
237 2384 269 2410 τὸ
291 2384 402 2419 βιϐλίον,
426 2385 473 2411 καὶ
489 2385 534 2410 τὸν
556 2384 686 2418 Εὑγένιον
706 2379 836 2410 ὐῖτόθεσιν

43 2432 89 2457 τοῦ
113 2431 311 2464 συντάγματος
339 2431 469 2457 ἐποιεῖτο.
486 2431 658 2464 Λογιώτατον
673 2430 702 2456 δὲ
725 2431 774 2456 καὶ
791 2431 836 2457 τὸν

44 2476 172 2509 Εὑγένιον
197 2476 346 2511 ὀνομάζει·
371 2476 418 2503 καὶ
442 2476 621 2511 χρησιμεύειν
645 2475 710 2511 [(290
725 2475 772 2511 H.]
788 2476 837 2510 τὴν

43 2523 243 2558 πραγματείαν
267 2522 338 2549 κατὰ
363 2530 392 2548 τε
417 2522 519 2557 ἀγροὺς
537 2523 585 2548 καὶ
608 2522 765 2556 ὁδοιπορίας
790 2521 837 2548 καὶ

895 243 981 270 genus
999 236 1199 271 complectitur,
1210 237 1282 272 quod
1296 238 1369 265 circa
1386 238 1524 266 thoracem
1537 247 1569 267 ac
1578 240 1682 268 viscera

894 281 1032 311 consistit.
1048 286 1075 308 ct
1089 282 1122 308 ad
1136 281 1253 309 verenda
1267 290 1353 317 usque
1376 284 1517 320 pertingit.
1537 285 1684 314 Muliebres

893 327 974 354 etiam
992 328 1102 354 morbos
1132 331 1266 360 recenset,
1286 329 1415 356 adversus
1440 331 1600 366 podagram,
1615 331 1682 358 arti-

893 372 1012 398 cnlarem
1031 372 1166 404 morbum,
1178 377 1205 399 et
1217 372 1363 400 iscliiadem
1379 375 1494 401 remedia
1517 377 1679 410 praescrihit.

892 417 969 450 Quod
981 418 1091 452 quidem
1105 419 1214 446 tertium
1230 423 1271 446 est
1286 420 1320 446 ab
1337 420 1464 448 Oribasio
1485 422 1616 456 scriptum
1647 423 1682 450 de

891 470 922 490 re
936 463 1039 490 medica
1052 470 1131 498 opus.

1249 508 1363 536 CCXIX.

1043 554 1170 589 Ejusdem
1183 556 1217 582 ad
1230 554 1381 588 Eunapium
1391 556 1452 584 libri
1469 564 1505 584 Iv.

926 598 1057 632 Quartum
1075 599 1139 626 item
1166 606 1235 634 opus
1249 599 1374 633 ejusdem
1385 607 1445 628 esse
1460 601 1534 628 Artis
1551 601 1682 636 Compen-

891 644 1123 677 dium,0ribasius
1135 645 1330 680 vult,quatuor
1345 646 1410 674 illud
1427 647 1504 675 libris
1518 648 1676 677 absolvens.

889 690 972 724 Cujus
986 691 1098 726 quidem
1108 691 1287 725 componendi
1299 691 1450 727 Eunapium
1466 693 1560 729 (quem
1577 699 1604 722 et
1621 695 1680 722 elo-

889 737 1099 771 quentissimum
1116 737 1256 772 praedicat)
1268 743 1410 766 auctorem
1429 739 1481 767 sibi
1497 740 1581 768 fuisse
1597 749 1679 768 com-

889 789 1035 811 memorat.
1063 783 1194 812 Remedia
1228 792 1305 818 vero,
1334 792 1395 820 quae
1422 785 1504 813 facile
1536 792 1679 821 parantur.

890 830 999 858 tradere
1014 831 1065 858 sibi
1086 831 1254 866 propositum
1277 832 1316 858 ait
1331 840 1338 858 :
1352 839 1434 868 quam
1457 833 1540 860 etiam
1573 834 1678 862 doctri-

890 885 951 903 nam
966 877 1063 912 triplici
1079 877 1135 905 l'ere
1149 878 1228 905 modo
1242 878 1361 905 coniicit.
1388 878 1510 906 Primum
1526 879 1597 906 enim
1613 881 1679 906 sim-

888 921 998 956 plicium
1026 921 1168 949 facultates
1190 923 1328 955 universe,
1346 928 1373 950 et
1406 924 1563 959 singulatim
1599 933 1677 952 usum

888 967 1020 1001 cujusque
1035 972 1170 995 recenset.
1192 967 1295 996 Deinde
1310 969 1397 996 morbi
1410 969 1543 1004 cujusque
1555 973 1674 998 curatio-

888 1019 948 1037 nem
958 1013 1047 1038 docet.
1055 1011 1148 1039 Tertio
1157 1017 1256 1047 praeter
1270 1014 1357 1048 partis
1367 1013 1469 1042 aﬂ‘ecta:
1482 1016 1675 1050 cognitionem.

888 1057 969 1084 etiam
988 1057 1142 1085 medicandi
1158 1058 1293 1086 rationem
1325 1060 1446 1094 exponit.
1476 1060 1580 1094 Quarto
1601 1062 1678 1090 deni-

888 1109 941 1137 que
960 1101 1020 1129 loco
1035 1102 1100 1130 illud
1118 1108 1309 1135 argumentum
1336 1109 1447 1136 tractat.
1461 1107 1533 1139 quod
1549 1107 1582 1133 ad
1604 1108 1678 1135 saui-

889 1153 971 1175 tatem
984 1149 1133 1175 curandam
1149 1153 1269 1183 spectat:
1287 1151 1358 1184 quod
1373 1155 1400 1177 ct
1415 1152 1521 1179 caeteris
1532 1152 1588 1186 jam
1606 1161 1675 1180 enti-

889 1195 1000 1221 meratis
1015 1194 1168 1229 praemittit.
1185 1194 1247 1222 Mox
1261 1204 1326 1229 ergo
1342 1204 1405 1223 cum
1421 1202 1517 1224 natura
1533 1199 1567 1226 ab
1586 1199 1676 1226 infau-

890 1241 924 1266 tis
937 1241 1100 1267 educatione
1124 1241 1289 1274 auspicatur.

924 1285 1058 1312 Cancrum
1077 1285 1122 1313 hic
1153 1287 1186 1312 ad
1208 1286 1360 1321 Eur-apium
1375 1287 1451 1315 labor
1467 1289 1538 1316 idem
1568 1290 1625 1317 fere
1644 1298 1678 1318 ac

888 1331 1014 1365 geminus
1028 1336 1071 1359 est
1081 1339 1143 1358 cum
1163 1340 1196 1359 eo
1216 1339 1309 1367 opere,
1323 1334 1395 1367 quod
1410 1334 1442 1360 ad
1460 1335 1543 1362 lilium
1556 1335 1675 1371 scripsit.

888 1375 1021 1403 Neutrum
1036 1377 1108 1404 enim
1131 1377 1277 1412 chirurgiae
1294 1379 1428 1405 rationem
1444 1380 1518 1406 ducit
1535 1387 1544 1413 ς
1569 1386 1596 1407 et
1614 1389 1676 1410 verc

890 1423 917 1449 iu
930 1423 1038 1450 caeteris
1062 1430 1172 1457 quoque
1202 1424 1374 1458 conspirant,
1393 1425 1445 1451 nisi
1465 1428 1536 1460 quod
1554 1427 1676 1454 ordineu-

890 1469 980 1503 aliqua
994 1470 1117 1496 eumdem
1134 1469 1177 1496 vel
1192 1469 1308 1496 similem
1322 1478 1376 1497 non
1387 1478 1509 1498 servant.
1527 1471 1556 1499 In
1566 1473 1678 1508 quibus-

889 1515 950 1542 dam
983 1515 1046 1542 item
1074 1515 1190 1541 alterum
1206 1515 1292 1543 altero
1317 1516 1439 1544 nonnihil
1456 1523 1575 1552 praestat,
1603 1523 1633 1546 ut
1649 1519 1676 1546 in

887 1561 1026 1595 plerisque
1043 1561 1165 1588 locorum
1184 1561 1298 1594 morbis,
1314 1566 1342 1588 et
1356 1569 1489 1596 quantum
1507 1565 1541 1590 ad
1571 1564 1677 1599 simpli-

886 1607 957 1634 cium
982 1606 1242 1633 medicamentorum
1256 1607 1443 1642 cognitionem
1462 1608 1536 1641 illud,
1546 1610 1619 1644 quod
1640 1611 1676 1638 ad

886 1651 1036 1686 Eni-apium
1059 1651 1199 1684 scribitur,
1229 1660 1306 1687 opus.
1321 1653 1353 1680 Et
1370 1653 1451 1681 habet
1465 1654 1586 1682 vicissim
1612 1655 1677 1683 alibi

886 1698 1024 1732 quidpiam
1042 1697 1074 1723 ad
1088 1697 1260 1725 Eustatltium
1276 1698 1356 1731 liber,
1372 1700 1404 1727 de
1413 1707 1467 1734 quo
1484 1708 1539 1735 pra:
1555 1701 1601 1728 illo
1615 1702 1676 1735 διο-

889 1745 952 1770 riari
967 1744 1063 1777 possit.
1071 1741 1170 1771 Verum
1183 1751 1232 1778 pro
1249 1749 1365 1779 utroque
1378 1752 1506 1781 suscepto
1518 1747 1675 1783 labore(55;

887 1789 1010 1816 habenda
1020 1789 1122 1816 homini
1131 1790 1216 1824 gratia
1224 1795 1275 1817 est.
1284 1790 1359 1824 Quod
1369 1792 1440 1818 enim
1450 1792 1476 1819 in
1486 1792 1677 1826 scriptorcfuit

888 1841 942 1861 non
967 1834 1134 1862 incommodi
1150 1834 1311 1870 cujuspiam,
1331 1837 1379 1863 sed
1395 1838 1571 1865 emolumenti
1585 1839 1676 1873 potius

887 1887 968 1906 causa
984 1880 1040 1914 (56,
1057 1885 1203 1914 utrumque
1217 1880 1258 1915 (ut
1276 1887 1304 1908 et
1333 1890 1394 1917 quae
1415 1888 1493 1910 antea
1517 1885 1675 1920 scripserat)

887 1926 1046 1953 elaboravit.
1058 1925 1135 1959 Quod
1150 1931 1240 1953 autem
1254 1927 1288 1954 ad
1306 1927 1415 1955 dicendi
1426 1929 1615 1957 characterem
1634 1936 1676 1958 at-

889 1973 966 2003 tinet,
1001 1972 1111 1999 dubium
1137 1980 1196 2000 esse
1212 1981 1245 2000 ac
1284 1980 1516 2008 supervacaneum
1540 1975 1675 2009 videatur,

888 2017 1035 2052 quidquam
1051 2017 1184 2051 judicare.
1197 2018 1264 2045 Nam
1280 2027 1320 2046 cae
1346 2021 1429 2047 variis
1448 2025 1530 2056 atque
1553 2023 1678 2057 omnige-

889 2062 931 2088 nis
946 2061 1041 2096 176b
1058 2061 1116 2089 haec
1126 2067 1189 2089 sunt
1202 2063 1236 2090 ab
1248 2070 1281 2090 eo
1292 2063 1406 2091 collecta
1435 2066 1590 2093 volumina:
1603 2067 1678 2094 etvir

890 2108 1011 2135 medicus
1025 2115 1080 2134 non
1096 2109 1232 2136 sermonis
1244 2109 1384 2144 elegantia:
1396 2111 1553 2146 peritiaque
1564 2112 1677 2139 reddere

891 2154 1025 2181 rationem
1044 2155 1223 2187 prudentibus
1237 2155 1326 2189 debet,
1338 2157 1384 2183 sed
1396 2157 1418 2183 si
1434 2164 1514 2190 quam
1534 2156 1604 2184 forte
1619 2165 1677 2185 me-

854 2204 875 2231 ι)
890 2200 1012 2226 dit-arum
1027 2200 1195 2228 l‘unctionum
1217 2201 1308 2233 minus
1334 2207 1408 2230 recte
1427 2208 1474 2229 aut
1488 2203 1616 2237 reddidit,
1631 2207 1678 2230 aut

886 2246 1093 2273 demonstravit.

924 2291 985 2317 Vidi
999 2299 1051 2326 ego
1067 2292 1182 2318 alterum
1200 2292 1320 2326 ejusdem
1337 2293 1459 2319 auctoris
1470 2300 1548 2327 opus,
1563 2293 1676 2320 totidem

886 2337 966 2364 libris
980 2338 1152 2370 distinctum,
1168 2338 1676 2374 inscriptumqueParatu-[nciliu(37).

886 2381 914 2410 Id
928 2384 961 2410 ad
977 2383 1128 2417 Eugenium
1139 2385 1284 2417 quemdam
1297 2390 1489 2418 argumentum
1507 2393 1585 2413 suum
1602 2385 1677 2412 refc-

889 2429 977 2460 rcbat.
991 2437 1070 2463 quem
1087 2434 1114 2456 et
1129 2429 1261 2456 disertum
1293 2430 1429 2457 nominat.
1456 2429 1555 2457 Utilem
1569 2439 1676 2465 quoque

891 2475 1068 2510 scriptionem
1098 2475 1157 2503 fore
1195 2475 1394 2503 rusticantibus
1425 2476 1545 2508 additur.
1575 2477 1678 2511 iterque

889 2522 1044 2554 agentibus,
1061 2526 1088 2549 et
1104 2522 1259 2557 ubicunque
1275 2522 1396 2550 locorum
1415 2523 1512 2551 medici
1530 2523 1606 2557 copia
1624 2531 1677 2551 non

678 2589 695 2615 V
703 2591 720 2616 Α
727 2589 795 2617 [ile
812 2589 1013 2617 LECTIONES.

75 2637 183 2663 ἰτεΔ
204 2644 304 2670 ιγες.

811 2691 926 2721 NOTAE.

76 2774 135 2807 ζει)
150 2772 205 2800 Per
222 2772 310 2806 capita
323 2771 369 2798 62.

148 2803 356 2843 Ειιιοιηίὸρπὲρ
367 2805 499 2841 ἑκατέρας
508 2805 563 2832 τῶν
573 2805 707 2840 σπονδῶν,
717 2812 761 2834 aut
773 2808 838 2834 ἑκα-

45 2845 125 2879 τέρου
136 2844 194 2873 τῶν
211 2843 312 2871 πόνων.

927 2771 982 2809 (ἦρ)
1003 2771 1104 2809 "ﬁunt:
1119 2778 1222 2809 repono
1237 2780 1286 2806 pro
1301 2773 1430 2809 ἑκατέρα.

928 2807 1052 2845 (57)_Qui
1067 2807 1162 2845 titulus
1172 2809 1260 2845 modo
1284 2807 1414 2836 librorum
1438 2809 1471 2836 ad
1486 2809 1638 2845 Ennaptum
1647 2808 1674 2837 in

893 2842 1016 2870 excussis
1030 2841 1242 2876 exemplaribus.
