1916 3092
238 151 292 183 ’119

801 150 931 181 ΡΠΟΤΠ
952 151 1203 181 ΡΑΤΒΙΑΗΟΗιΕ
1225 151 1280 182 CP.

1806 153 1863 185 720

242 209 416 241 suppeteret:
434 208 619 232 verumtamen
650 205 696 232 hic
721 205 790 233 liber
811 206 863 233 etsi
887 206 976 238 titulo,
996 211 1021 233 et

1075 205 1201 241 ἀλλαχοῦ,
1220 206 1274 242 ὅπῃ
1300 206 1436 241 παρουσία
1467 206 1561 242 ἰατροῦ
1587 208 1638 234 οὐκ
1665 207 1860 243 ἐπιχωριάζει.

240 251 364 286 apposita
397 249 559 278 dedicationi
590 257 717 285 persona,
748 251 870 278 nonnihil
897 250 1020 282 differat,

239 302 335 324 caetera
359 301 450 324 tamen
478 296 584 324 nonnisi
615 296 781 330 descriptum
807 304 867 325 esse
885 296 975 331 operis
991 296 1042 323 ad'

239 343 390 377 Eunapium
407 342 473 370 satis
503 342 646 370 manifeste
673 347 796 378 apparet.
819 343 908 376 Quare
925 343 950 369 in
964 349 1024 369 eam

240 388 384 422 cogitando
395 388 559 415 sententiam
574 387 646 421 veni,
659 395 713 414 non
725 394 787 415 esse
805 387 831 414 id
857 394 975 421 unquam
991 386 1024 421 ab

240 433 366 461 Oriba'sio
378 433 480 461 factum
502 442 508 460 :
527 433 574 461 sed
591 433 632 460 vel
648 441 769 460 errorem
784 432 852 467 ejus,
865 433 912 467 qui
927 432 960 459 ab
971 431 1025 459 ini-

241 480 279 507 tio
292 480 405 507 missum
421 480 455 508 ad
466 479 616 514 Eunapium
638 480 736 507 librum
753 479 944 512 describendo,
960 479 1025 505 titu-

240 526 295 553 lum
311 526 420 561 quidem
435 526 462 553 in
474 525 689 560 Parata-facilia
709 525 897 558 commutarit,
911 533 960 560 pro
970 526 1024 552 Eu-

241 574 323 608 napio
337 580 404 601 vero
425 573 574 607 Eugenium
595 572 742 606 subiecerit
757 580 765 599 :
783 572 824 599 vel
848 572 929 598 alium
950 577 1024 599 certe

241 619 396 654 quempiam
412 618 524 653 gloriam
540 618 590 645 sibi
603 624 636 645 ex
660 618 829 645 dedicatione
844 621 1023 652 quaerentem,

240 665 274 691 ad
296 664 349 691 hoc
373 664 528 700 confugisse
552 669 746 697 commentum,
768 669 798 691 ut
826 671 875 699 pro
902 664 1024 697 Eunapio

241 709 404 745 Eugenium,
417 714 445 738 et
458 717 508 746 pro
530 710 634 745 scripto
656 710 693 738 ibi
725 710 804 738 titulo
819 709 1023 745 Parata-facilia

239 756 384 784 scriberet.

580 843 683 872 CCXX.

451 889 563 918 Theonis
577 888 707 917 archiatri
721 890 814 917 Homo.

276 937 340 972 Legi
355 937 475 964 Theonis
487 937 616 964 archiatri
635 936 809 964 Alexandrini
828 935 926 963 librum
938 935 1023 963 medi-

239 991 312 1015 cum,
326 982 468 1016 quiHomo
481 983 650 1014 inscribitur,
664 981 854 1010 etTheoctisto
871 982 1021 1009 dedicatur.

238 1030 400 1057 Curationes
410 1034 499 1057 autem
516 1029 674 1065 auspicatur
684 1029 718 1056 ab
738 1029 856 1056 hominis
874 1028 962 1063 capite
975 1035 1022 1056 us-

239 1083 291 1111 que
310 1075 343 1102 ad
354 1075 614 1109 pedes,affectorum
629 1075 752 1102 omniunt
767 1074 880 1102 humani
896 1073 1019 1109 corporis

239 1123 356 1158 partium
365 1123 466 1150 morbis
480 1122 601 1150 remedia
622 1121 744 1156 quaedam
759 1121 885 1149 all‘erens.
904 1120 960 1148 Non
982 1126 1022 1148 ta-

239 1177 301 1196 men
314 1173 360 1196 aut
374 1168 461 1195 morbi
477 1172 616 1198 naturam,
630 1167 681 1194 nisi
693 1167 719 1194 in
737 1167 831 1201 paucis
844 1168 923 1199 forte,
935 1167 1022 1202 expli-

239 1219 294 1247 cat,
312 1214 435 1240 autsatis
461 1213 588 1240 distincte
602 1213 661 1239 illas
698 1220 740 1239 res
763 1213 846 1239 tradit
870 1213 902 1239 de
922 1212 1020 1247 quibus

239 1260 374 1286 disserere
410 1259 548 1294 proponit.
579 1258 728 1292 Descriptis
754 1265 817 1284 vero
845 1257 900 1292 jam
926 1265 1019 1285 eorum

239 1305 397 1331 maritorum
417 1304 555 1335 remediis,
566 1303 612 1338 qui
629 1303 709 1338 pedes
729 1307 810 1338 atque
835 1303 963 1330 articulos
978 1304 1021 1331 in-

239 1348 339 1376 vadere
357 1348 454 1381 solent,
486 1347 520 1374 de
552 1347 732 1383 purgantibus
772 1346 869 1374 deinde
902 1347 1021 1374 medica—

239 1395 338 1421 mentis
375 1393 543 1428 simplicibus
570 1393 636 1428 agit,
664 1396 832 1427 conaturque
865 1396 892 1420 et
919 1399 1019 1421 causas

239 1440 369 1473 quasdam
395 1439 510 1466 reddere
523 1439 614 1474 idque,
640 1444 669 1465 ut
688 1438 754 1465 mihi
774 1438 881 1474 quidem
903 1439 1018 1471 videtur,

239 1493 292 1512 non
313 1490 396 1517 recte,
423 1491 509 1518 neque
534 1484 675 1511 veritatem
690 1489 811 1516 secutus,
827 1491 875 1511 cur
889 1484 1020 1519 purgandi

239 1530 395 1558 facultatem
411 1530 619 1565 pharmaeorum
644 1534 740 1557 natura
762 1533 866 1556 exerat.
883 1529 951 1556 Hinc
965 1537 1020 1558 me-

240 1578 454 1604 dicamentorum
485 1575 573 1603 omnis
601 1575 707 1610 generis
722 1575 942 1610 compositionem
959 1582 1021 1610 per-

243 1627 353 1653 tractat,
378 1629 438 1656 qua:
451 1620 628 1648 sufﬁcientem
644 1620 677 1647 ad
691 1627 772 1654 supra
790 1619 941 1647 nominatos
953 1627 1022 1646 tuor-

239 1669 299 1699 bos,
312 1673 479 1702 caaterasque
497 1666 608 1694 humani
623 1665 746 1700 corporis
761 1664 922 1693 affectiones
940 1672 1020 1693 usum

239 1716 390 1751 praebeant,
408 1715 524 1750 singulis
555 1714 690 1741 morbosis
715 1711 847 1747 partibus,
862 1719 929 1747 quas
954 1712 1022 1739 0mi-

239 1766 322 1795 serat,
337 1762 456 1789 remedia
473 1760 571 1796 177a
604 1759 756 1787 ascribens.
770 1757 923 1793 Emplastra
941 1757 1021 1785 insu-

238 1815 298 1842 per,
326 1812 354 1834 et
383 1807 515 1834 adversus
541 1804 726 1832 lassitudinem
755 1803 884 1835 remedia,
910 1803 1022 1839 collyria

240 1854 314 1885 item,
334 1859 366 1879 ac
381 1852 471 1879 varias
497 1851 633 1878 antidotus
647 1858 661 1877 a
675 1849 758 1877 variis
774 1849 946 1884 praescriptas
964 1855 1023 1876 me-

239 1898 308 1925 dicis
323 1896 412 1924 aﬂ‘ert.
429 1896 486 1931 Qua
504 1896 530 1923 in
549 1903 618 1930 opus
641 1895 705 1922 illud
734 1894 914 1922 consumitur.
942 1893 1022 1921 Liber

239 1950 328 1970 autem
346 1944 389 1970 hic
403 1942 525 1970 eamdem
540 1942 597 1970 fere
625 1941 780 1975 utilitatem,
797 1948 880 1976 quam
903 1939 1021 1968 Oribasii

238 1990 373 2026 synopsis,
390 1989 495 2017 afferat.

587 2075 705 2105 CCXXI.

347 2124 415 2150 Aetii
431 2122 553 2150 Amideni
571 2122 663 2157 Operi:
677 2122 769 2149 medici
782 2121 844 2148 libri
861 2128 915 2148 xw.

275 2170 402 2205 Legimus
416 2169 486 2196 Aetii
500 2168 623 2196 Amideni
643 2168 681 2195 De
691 2175 719 2195 re
729 2167 830 2194 medica
845 2168 928 2195 libros
944 2167 1022 2195 sede-

236 2218 290 2244 cim
307 2217 374 2252 (58).
391 2215 506 2249 Collegit
519 2219 608 2242 autetu
636 2218 721 2241 totum
737 2214 821 2241 hocce
837 2221 906 2248 opus
924 2221 977 2240 non
987 2221 1021 2241 ex

239 2263 271 2289 iis
294 2268 398 2288 tantum
429 2260 620 2295 scriptoribus,
637 2267 653 2286 e
678 2259 777 2294 quibus
792 2258 936 2286 Oribasius
957 2266 1022 2286 suos

238 2309 296 2335 sive
313 2307 346 2334 ad
360 2305 497 2333 lulianum
515 2305 706 2340 imperatorem
723 2305 780 2333 sive
802 2305 835 2332 ad
850 2304 1020 2332 Eustathium

237 2360 265 2381 et
276 2353 427 2387 Eunapium
444 2351 538 2384 libros,
555 2352 602 2378 sed
633 2358 666 2378 ex
684 2351 877 2385 therapeuticis
892 2356 1023 2385 praeterea

237 2399 331 2426 Caleni
352 2397 439 2430 libris,
457 2402 538 2432 atque
556 2404 588 2424 ex
597 2397 748 2432 Archigene
763 2401 791 2424 et
802 2395 884 2424 Rufo.
899 2397 940 2423 Ad
964 2398 1022 2424 haec

237 2453 252 2472 e
269 2444 434 2477 Dioscoride,
457 2442 604 2476 Herodoto,
628 2442 743 2475 Sorano,
765 2441 914 2477 Philagrio.
929 2436 1021 2469 Philo-

238 2496 326 2521 mene,
342 2488 499 2521 Posidonio,
517 2487 632 2522 aliisque
665 2487 814 2519 nonnullis,
831 2487 876 2521 qui
894 2487 1019 2514 medendi

237 2540 295 2561 arte
312 2542 410 2561 nomen
430 2534 480 2561 sibi
493 2533 660 2569 gloriamque
677 2538 850 2568 pepererunt.
865 2532 888 2559 A
902 2532 1019 2560 faculta-

238 2582 309 2608 tibus
321 2586 411 2608 autent
429 2580 593 2615 simplicium
611 2580 883 2611 medicamentorum,
901 2585 932 2605 ac
945 2579 1019 2606 cibo-

235 2635 294 2654 rum
312 2635 328 2655 e
342 2627 445 2655 Galerio
460 2628 579 2655 breviter
592 2627 650 2653 haec
663 2632 892 2656 commemorans.
910 2625 1017 2652 initium

1081 251 1161 277 Ἀλλὰ
1175 251 1254 277 τοῦτο
1268 251 1298 278 τὸ
1313 251 1414 286 βιίιλίον
1426 251 1496 278 κατὰ
1513 253 1563 287 μὲν
1574 252 1623 289 τὴν
1637 254 1794 289 ἐπιγραφὴν
1809 253 1862 280 mil.

1075 297 1105 324 τὸ
1126 297 1342 333 ὑποϐαλλόμενον
1367 299 1407 330 ε’ίς
1428 299 1478 335 τὴν
1492 299 1685 335 προσφώνησιν
1711 301 1862 335 πρόσωπον

1074 344 1207 379 διαφορὰν
1233 345 1301 380 ἔχει,
1325 344 1359 371 τὰ
1383 345 1404 371 δ’
1417 345 1484 372 ἄλλα
1502 345 1574 380 μάλα
1600 346 1757 380 περιφανῶς
1775 355 1863 380 μετα-

1075 388 1168 423 γραφὴ
1185 388 1252 423 μόνη
1272 388 1331 414 ἐστὶ
1344 388 1395 423 τῆς
1410 388 1478 423 πρὸς
1492 389 1627 416 Εὺνάπιον
1651 390 1860 425 πραγματείας,

1074 432 1144 460 ὥστε
1157 433 1245 467 ἔγωγε
1259 433 1305 460 καὶ
1318 434 1357 465 εἰς
1369 434 1515 468 λογισμοὺς
1529 435 1666 470 ἀφικόμην
1680 435 1718 467 ὡς
1732 435 1785 470 ἄρα
1803 437 1862 470 μή-

1075 487 1142 505 ποτε
1155 479 1205 505 οὐκ
1219 478 1262 512 εἴη
1274 478 1354 504 τοῦτο
1368 478 1527 514 Ὀρειϐασίῳ
1538 479 1787 514 διαπεπραγμένον,
1798 481 1860 506 ἀλλ’

1075 523 1091 559 ἢ
1110 523 1263 559 ἁμάρτημα
1278 524 1325 550 τοῦ
1340 524 1387 550 ἀπ’
1401 524 1488 559 ἀρχῆς
1504 524 1659 560 γράψαντος
1671 526 1700 552 τὸ
1716 526 1784 560 πρὸς
1804 527 1861 552 Εὑ-

1074 569 1170 597 νάπιον
1195 569 1306 604 βιϐλίον,
1323 569 1352 601 ὃς
1365 570 1414 604 τήν
1430 578 1460 596 τε
1479 570 1634 605 ἐπιγραφὴν
1648 571 1688 602 εἰς
1706 570 1741 597 τὰ
1758 571 1861 597 Εὐπό-

1069 624 1161 650 piata
1175 616 1339 652 μετετάξατο
1353 616 1402 643 καὶ
1418 616 1478 643 ἀντὶ¹
1495 617 1630 643 Εὺναπίου
1647 617 1773 651 Εὑγένιον
1803 618 1860 644 ὐπ-

1074 662 1195 695 εϐάλετο,
1213 662 1229 697 ἢ
1247 662 1340 697 ἕτερόν
1349 670 1410 688 τινα
1421 661 1499 695 δόξαν
1516 661 1605 697 ἑαυτῷ
1621 662 1653 689 ἐκ
1666 663 1715 697 τῆς
1730 672 1862 699 προσφω-

1073 709 1177 744 νήσεως
1201 708 1342 743 μνώμενον
1364 708 1404 739 είς
1424 707 1474 743 τὴν
1497 707 1627 743 τοιαύτην
1650 709 1862 744 περιενεχθῆναι

1073 753 1207 786 ἐπίνοιαν,
1225 753 1271 780 καὶ
1287 753 1402 788 ἀμεῖψαι
1417 753 1464 780 τόν
1478 761 1508 779 τε
1524 753 1659 780 Εὐνάπιον
1673 755 1713 785 είς
1729 754 1862 788 Εὑγένιον

1073 799 1120 827 καὶ
1135 799 1184 835 τὴν
1199 799 1327 835 κειμένην
1344 799 1498 834 ἐπιγραφὴν
1509 799 1561 832 Εἰς
1576 800 1742 834 εὐπόριστα
1752 800 1786 838 ’ξ-

1427 844 1501 870 .ΣΚ’.

1197 889 1312 923 Θέωνος
1335 889 1495 924 ἀρχιιιτροῦ
1519 889 1536 916 ὀ
1553 889 1734 923 Ἀνθρωπος.

1116 935 1287 971 ’Δνεγνώσθη
1302 936 1407 967 Θέωνος
1423 935 1572 972 ἀρχιητροῦ
1593 935 1789 971 Ἀλεξανδρέως
1818 936 1864 962 ία-

1073 982 1167 1018 τρικὺν
1184 981 1296 1017 βιϐλίον,
1310 981 1325 1008 ὃ
1350 982 1498 1016 ἐπιγράφει
1512 982 1691 1016 Ἄνθρωπον.
1706 982 1864 1016 Θεοκτῖστῳ

1075 1026 1124 1061 μὲν
1139 1026 1169 1053 τὸ
1185 1026 1327 1062 σύνταγμα
1344 1028 1512 1062 προσφωνεῖ,
1536 1027 1692 1063 ἀπάρχεται
1707 1026 1735 1053 δὲ
1751 1027 1801 1061 τῆς
1816 1027 1866 1053 θε-

1076 1073 1193 1109 ραπείας
1212 1073 1266 1100 ἀπὸ
1283 1072 1404 1109 κεφαλῆς
1417 1073 1464 1099 καὶ
1477 1073 1566 1109 διήκει
1581 1073 1661 1108 μέχρι
1676 1072 1776 1103 ποδῶν,
1791 1072 1865 1099 πάν-

1072 1127 1127 1146 των
1142 1118 1196 1145 τῶν
1215 1118 1390 1145 πεπονθότων
1416 1119 1519 1154 μορίων
1547 1118 1595 1145 τοῦ
1623 1119 1748 1154 σώματος
1775 1118 1863 1154 Θερα-

1073 1165 1154 1197 πείας
1167 1164 1244 1197 τινὰς
1258 1166 1434 1200 ἀναγράφων.
1452 1165 1520 1191 Οὔτε
1535 1165 1564 1191 δὲ
1578 1166 1628 1200 τὴν
1644 1164 1691 1191 τοῦ
1705 1166 1865 1200 νοσήματος

1073 1211 1155 1246 φύσιν
1183 1211 1253 1247 πλὴν
1274 1211 1320 1237 ὲπί
1344 1220 1375 1245 γε
1401 1211 1524 1246 βραχέων
1543 1211 1708 1244 ἐκδιδάσκει⁷
1724 1211 1785 1238 οὕτε
1805 1213 1866 1244 τοῖς

1072 1257 1210 1293 πρέπουσι
1228 1257 1450 1292 προσδιορισμοίς
1459 1257 1492 1290 ⁷⁵,
1509 1257 1574 1292 περὶ
1590 1254 1628 1284 ὧν
1643 1257 1794 1293 προάγεται
1817 1257 1867 1283 λέ-

1073 1312 1142 1338 γειν,
1157 1304 1207 1339 τὴν
1219 1304 1394 1330 διδασκαλίαν
1409 1304 1521 1338 ὑπάγει.
1539 1304 1617 1331 Μετὰ
1631 1303 1659 1330 δέ
1681 1312 1713 1338 γε
1737 1304 1767 1330 τὸ
1794 1303 1867 1338 γρά-

1072 1349 1155 1384 dicit"
1170 1349 1224 1376 τῶν
1241 1349 1413 1385 ποδαγρικῶν
1435 1350 1483 1376 καὶ
1506 1349 1674 1386 ἀρθριτικῶν
1701 1348 1795 1376 παθῶν
1821 1349 1867 1376 ξά-

1074 1404 1156 1430 ματα,
1185 1395 1293 1428 διέξεισι
1315 1396 1365 1431 μὲν
1392 1396 1455 1430 περὶ
1485 1395 1539 1421 τῶν
1566 1395 1660 1422 ἁπλῶν
1686 1394 1867 1430 καθαρτικῶν

1072 1441 1237 1476 φαρμάκων,
1254 1442 1384 1477 πειρᾶται
1396 1441 1424 1468 δὲ
1438 1441 1487 1467 καὶ
1502 1441 1592 1473 αἰτίας
1604 1441 1680 1472 τινὰς
1691 1441 1865 1472 ἀποδιδόναι,

1073 1486 1137 1523 [565
1165 1487 1211 1520 IL]
1228 1488 1278 1515 οὐκ
1299 1488 1393 1522 ἔμοιγε
1421 1487 1517 1515 δοκοῦν
1541 1487 1629 1523 ὀρθῶς
1646 1488 1705 1514 οὐδὲ
1720 1487 1769 1521 τῆς
1791 1487 1866 1522 άλη-

1073 1533 1147 1565 Θείας
1167 1533 1331 1569 ἐξημμένος,
1348 1535 1383 1560 δι’
1398 1533 1432 1565 ἃς
1450 1533 1500 1569 τὴν
1523 1534 1690 1569 meaqu
1713 1533 1830 1567 δύναμιν
1847 1534 1866 1568 ἡ

1072 1579 1126 1606 τῶν
1140 1581 1292 1615 φαρμάκων
1314 1580 1480 1607 ἐπιδείκνυσι
1508 1580 1597 1615 φύσις.
1616 1579 1681 1606 Εἶτα
1706 1580 1771 1615 περὶ
1798 1588 1868 1606 συν-

1073 1624 1172 1657 θέσεως
1191 1625 1367 1652 παντοδαπῶν
1381 1625 1558 1660 διαλαμϐάνει
1574 1626 1738 1661 φαρμάκων,
1767 1625 1819 1651 ὅσα
1832 1634 1868 1652 τε

1073 1670 1148 1706 αὑτῷ
1163 1671 1231 1706 πρὸς
1245 1671 1279 1698 τὰ
1294 1671 1482 1707 προειρημένα
1505 1672 1562 1698 τῶν
1588 1671 1750 1706 νοσημάτων
1765 1671 1868 1707 ἱκανὴν

1072 1716 1223 1751 παρέχεται
1239 1716 1288 1752 τὴν
1302 1717 1408 1753 χρείαν,
1425 1718 1472 1744 καὶ
1484 1717 1551 1753 πρὸς
1563 1717 1598 1744 τὰ
1614 1717 1695 1743 λοιπά
1709 1717 1800 1744 πάντα
1812 1718 1867 1744 τοῦ

1074 1761 1199 1797 σώματος
1222 1762 1308 1798 πάθη,
1328 1763 1346 1790 ἃ
1363 1765 1471 1798 παρῆκε
1494 1764 1544 1798 τὴν
1558 1764 1631 1790 κατὰ
1648 1764 1682 1790 τὰ
1706 1763 1867 1790 πεπονθότα

1074 1807 1155 1842 μόρια
1170 1807 1320 1842 θεραπείαν
1342 1809 1520 1843 ἀναγράφων,
1545 1808 1738 1843 ὲμπλάστρους
1761 1817 1791 1834 τε
1812 1809 1867 1835 καὶ

1072 1852 1163 1880 ἄκοπα
1181 1854 1227 1880 καὶ⁴
1249 1854 1410 1890 κουλλοὺρια
1424 1855 1472 1882 καὶ
1493 1855 1647 1886 ἀντιδὸτους
1664 1855 1812 1890 διαφόρους
1828 1856 1866 1882 ἐκ

1072 1898 1208 1934 διαφόρων
1222 1900 1328 1933 ἀνδρῶν
1340 1902 1598 1936 κατεσκευασμένας
1625 1902 1790 1936 ἀναγράφει.
1804 1902 1866 1928 Καὶ

1072 1945 1101 1970 έν
1113 1944 1219 1976 τούτοις
1244 1945 1318 1980 αὐτῷ
1333 1946 1350 1981 ἡ
1363 1946 1476 1981 τοιαύτη
1490 1946 1707 1981 συμπεραίνεται
1724 1954 1866 1982 πραγμα-

1071 1989 1142 2017 τεία.
1165 1991 1243 2017 Ἔστι
1266 1991 1357 2026 μέντοι
1374 1991 1424 2026 τὴν
1449 1991 1543 2026 χρείαν
1557 1991 1588 2018 τὺ
1611 1991 1713 2026 βιϐλίον
1727 1993 1788 2023 ταῖς
1811 1992 1866 2019 τοῦ

1078 2035 1249 2071 Ὀρειϐασίου
1264 2036 1392 2072 συνόψεσι
1410 2036 1599 2072 παρεχόμενον
1613 2036 1820 2072 παραπλησίαν.

1397 2082 1482 2108 ΣΚΜ.

1165 2126 1277 2153 ’Δετίου
1296 2126 1454 2161 Ἀμιδηνοῦ
1475 2125 1611 2160 Ἰατρικοὶ
1632 2126 1717 2162 λόγοι
1729 2125 1778 2159 ις’.

1113 2171 1285 2207 ’Δνεγνώσθη
1305 2172 1408 2199 ’Δετίου
1424 2171 1568 2207 Ἀμιδηνοῦ
1589 2173 1712 2200 Βιϐλίον
1726 2173 1867 2207 ιατρικὸν

1073 2218 1102 2244 ὲν
1120 2217 1209 2252 λόγοις
1222 2217 1270 2250 ις’.
1287 2218 1366 2245 Ἐστι
1380 2218 1431 2254 μὲν
1445 2218 1492 2245 οὖν
1505 2219 1580 2254 αὐτῷ
1596 2220 1671 2246 πᾶσα
1686 2220 1702 2254 ὴ
1723 2228 1864 2255 πραγμα-

1073 2263 1133 2289 τεία
1144 2264 1345 2299 συντεταγμένη
1363 2264 1395 2290 ἐκ
1408 2273 1438 2290 τε
1449 2261 1487 2291 ὦν
1508 2265 1676 2300 Ὀρειϐάσιος
1693 2265 1763 2301 πρὸς
1795 2265 1867 2292 Ἰου-

1073 2308 1164 2335 λιανὸν
1177 2308 1280 2343 ἔγραψε
1294 2309 1362 2344 πρός
1370 2317 1401 2335 τε
1413 2310 1562 2337 Εὐστὰθιον
1582 2311 1630 2338 καὶ
1650 2311 1797 2343 Εὺνάπιον,
1820 2311 1866 2338 ἔτι

1074 2356 1103 2382 δὲ
1116 2355 1163 2381 καὶ
1175 2355 1207 2381 ὲκ
1223 2355 1277 2381 τῶν
1292 2355 1498 2389 θεραπευτικῶν
1522 2355 1632 2390 βιϐλίων
1654 2356 1788 2392 Γαληνοῦ,
1814 2358 1868 2384 καὶ

1077 2400 1130 2435 μὴν
1143 2400 1189 2426 καὶ
1203 2399 1376 2435 Ἀρχιγένους
1392 2400 1439 2426 καὶ
1460 2399 1585 2434 Ῥούφου,
1605 2400 1645 2426 ἔτι
1658 2399 1685 2426 δὲ
1699 2401 1866 2435 Διοσκουρί-

1072 2445 1117 2472 δου
1131 2466 1138 2478 ,
1156 2446 1203 2473 καὶ¹
1224 2445 1365 2480 Ἡροδότου
1381 2445 1428 2472 καὶ
1445 2444 1583 2481 Σωρανοῦ,
1600 2445 1747 2479 Φιλαγρίου
1764 2453 1795 2471 τε
1813 2447 1866 2472 καὶ

1072 2490 1237 2525 Φιλουμένου
1254 2490 1301 2516 καὶ
1314 2490 1494 2516 Ποσειδωνίου
1510 2490 1557 2516 καὶ
1569 2490 1671 2525 ἑτέρων
1696 2490 1781 2516 τινῶν
1803 2491 1866 2517 τῶν

1072 2536 1119 2561 ἐπὶ
1133 2538 1166 2571 τῇ
1180 2536 1264 2571 τέχνῃ
1282 2537 1332 2571 τῆς
1362 2536 1488 2570 ἰατρικῆς
1516 2535 1601 2570 ὄνομα
1630 2535 1775 2563 λιπόντων.
1803 2537 1867 2563 Καὶ

1072 2581 1227 2617 ἀπάρχεται
1241 2582 1290 2617 μὲν
1316 2581 1371 2608 ἀπὸ
1384 2581 1433 2616 τῆς
1450 2581 1504 2608 τῶν
1529 2581 1622 2608 ἁπλῶν
1646 2582 1804 2618 φαρμάκων
1831 2591 1866 2609 τε

1073 2626 1120 2653 καὶ
1132 2627 1240 2662 τροφῶν
1264 2627 1406 2662 δυνάμεως
1430 2627 1562 2662 Γαληνοῦ,
1579 2628 1609 2654 ὲν
1629 2627 1739 2662 συνόψει
1772 2627 1867 2655 ταῦτα

863 2679 982 2707 VARle
1001 2681 1205 2709 LECTIONES.

268 2730 292 2745 "
326 2734 385 2764 post
396 2729 543 2764 εὐπόριστα
565 2728 596 2764 in
613 2727 635 2753 Δ
656 2728 734 2764 vacui
758 2734 853 2764 versus
867 2726 904 2764 28_
916 2734 978 2764 cum
994 2727 1091 2764 pagina
1112 2728 1224 2755 adversa
1237 2728 1262 2755 in
1273 2727 1294 2756 C
1316 2736 1407 2757 versus
1421 2727 1438 2755 2
1453 2727 1515 2764 4/2.
1552 2728 1575 2744 "
1589 2728 1723 2764 πρέπουσι
1736 2728 1794 2760 τοῖς
1806 2727 1867 2755 διο-

237 2761 341 2799 ρισμοῖς
356 2773 385 2796 ς.
425 2764 448 2780 ⁷⁸
464 2761 492 2790 δέ
506 2771 536 2798 γε
547 2763 578 2790 τὸ
593 2763 696 2798 γράψαι
708 2763 729 2789 Α
744 2771 750 2789 :
768 2762 795 2788 δὲ
810 2761 840 2788 τὸ
854 2761 957 2797 γράψαι
988 2762 1035 2788 καὶ
1051 2771 1080 2793 ς.

990 2818 1107 2846 NOTAE.

271 2869 326 2898 (38)
346 2869 465 2902 Quorum
485 2868 588 2902 priores
605 2866 636 2896 l8
669 2866 762 2894 Gracce
784 2866 886 2901 pridem
917 2865 1037 2893 Venetiis
1053 2865 1155 2893 excusi.
