1916 3092
64 151 118 184 721

533 156 792 189 BIBLIOTHECA.
810 171 844 177 —
862 159 970 191 CODD.
991 161 1098 198 CCXX,
1114 162 1237 192 CCXXI.

1652 144 1707 196 τη

64 206 179 239 διεξιών
193 209 201 216 '
218 207 475 244 συμπεραίνεταιδὲ
491 211 567 247 αὐτῷ
582 213 613 239 τὺ
622 212 684 249 [291
700 212 748 249 H.]
762 213 836 248 βιϐλία

895 215 999 248 tducit,
1017 216 1161 252 ﬁniturque
1174 226 1241 254 opus
1265 217 1335 246 libro
1358 223 1435 246 sexto
1462 218 1577 253 decimo,
1602 222 1647 257 qui
1671 221 1706 250 de

65 254 107 284 εἰς
119 253 170 280 τὸν
193 257 232 287 ις’
247 254 337 289 λόγον,
354 257 418 293 περὶ
433 258 598 291 γυναικείων
614 259 664 294 τὴν
688 260 864 287 διδασκαλίαν

65 300 237 335 ποιούμενον
262 301 370 329 παθῶν.
391 300 439 335 Οἷς
461 303 508 330 καὶ
529 304 612 340 ἕτερά
639 314 700 332 τινα
722 306 864 333 συντάττει

64 346 221 380 κεφάλαια,
242 348 396 384 σμήγματά
408 358 439 376 τε
453 349 540 384 ὄψεως
551 351 717 386 παραδιδοὺς
743 352 791 379 xui
813 352 863 379 τοῦ

63 391 164 417 λοιποῦ
192 391 330 428 σώματος,
359 395 509 427 σκευασίας
533 403 564 422 τε
595 396 786 432 οίνανθαρίων,
813 397 862 425 καὶ

62 436 149 472 ἓτερὰ
163 447 229 465 τινα
245 440 451 476 τοιουτότροπα.

913 262 1055 290 mulierum
1081 264 1182 292 morbis
1198 270 1330 300 praecepta
1343 266 1426 293 tradit
1441 273 1449 292 :
1467 266 1566 302 quibus
1577 275 1637 294 cum
1651 268 1704 296 alia

913 307 1140 344 adnectitcapita,
1156 314 1212 337 tum
1227 311 1362 346 tergenda:
1376 311 1468 346 faciei,
1482 313 1633 348 reliquique
1641 321 1704 342 cor—

910 352 985 387 poris
1000 354 1134 382 rationem
1146 354 1238 390 docet,
1256 357 1492 384 (enantltariorum
1509 358 1620 394 insuper
1633 367 1703 394 pne-

910 398 1065 434 paratione,
1074 404 1101 428 et
1121 401 1147 428 id
1161 408 1246 436 genus
1256 402 1317 430 aliis
1325 403 1486 438 quibusdam
1505 404 1628 437 adjectis.
1644 405 1701 438 Sic,

909 445 948 472 utl
967 445 1106 479 diximus,
1122 455 1192 482 opus
1218 448 1374 476 universum
1408 453 1436 477 et
1458 449 1552 484 incipit
1582 455 1610 478 et
1629 449 1702 479 desi-

63 483 118 509 nit.
141 484 310 520 Singulatim
337 492 453 521 autem;
480 487 588 522 primus
615 487 685 517 liber
705 487 868 524 simplicium
882 488 1076 520 alimentorum
1100 499 1132 521 ac
1155 493 1418 522 medicamentorum
1457 483 1603 524 facultates
1637 497 1701 524 bre-

62 529 140 555 viter
157 531 331 566 perstringit.

104 576 141 602 'H
156 577 207 611 μὲν
222 576 270 606 οὖν
280 579 328 615 ὅλη
342 579 416 616 αὐτῷ
435 582 614 617 πραγματεία
629 582 659 616 ἐξ
671 580 709 610 ὧν
721 591 752 610 τε
775 583 859 620 ἄρχε-

60 628 119 653 ται,
133 621 255 657 εἴρηται,
266 624 313 651 xui
333 625 362 651 ἐν
375 623 416 657 οἷς
432 626 463 652 τὸ
477 627 563 662 πέρας
578 627 768 664 ἀπολαμϐάνει
777 636 784 644 ·
806 637 857 656 καρ

59 666 95 692 τὰ
111 667 200 702 μέρος
217 669 247 695 δὲ
260 670 290 696 τὺ
306 671 357 705 μὲν
371 670 395 698 α’
409 671 484 708 αὐτῴ
496 672 599 708 βιΰλίον
614 673 668 701 τῶν
686 674 780 702 ἁπλῶν
794 683 857 710 τρο-

59 711 122 745 φῶν
147 714 197 740 xui
211 713 267 741 τῶν
288 717 444 752 φαρμάκων
467 719 497 745 έν
522 718 633 754 συνόψει
649 720 700 752 τὰς
724 719 856 755 δυνάμεις

58 757 224 791 καταλέγει,
236 759 250 786 ό
264 761 293 787 δὲ
310 761 334 796 β’
343 761 393 794 τὰς
408 762 465 790 τῶν
480 764 652 798 μεταλλικῶν
664 765 797 801 δυνάμεις
806 764 855 792 xui

943 583 1019 611 Alter
1032 584 1094 612 dein
1109 585 1304 613 metallicorum
1318 584 1474 613 facultatem
1492 591 1520 614 et
1534 593 1623 621 usum,
1636 586 1698 614 ani-

907 629 1098 666 mantiumque
1114 630 1157 658 vel
1169 631 1336 667 integrorum
1349 632 1392 660 vel
1404 633 1521 667 partium
1536 640 1630 660 eorum
1645 632 1699 660 uti-

906 674 1011 703 litatem
1028 677 1126 712 paucis
1143 677 1170 705 in
1195 679 1314 706 medium
1330 678 1430 707 affert:
1451 679 1539 714 possit
1552 685 1641 706 autem
1655 684 1698 706 to-

905 720 960 749 tius
971 721 1004 749 de
1015 722 1185 756 simplicibus
1211 724 1417 753 medicamentis
1443 725 1616 753 tractationis
1633 732 1696 760 pars

907 765 966 794 huic
983 775 1036 795 non
1052 769 1158 796 modica
1179 770 1296 797 censeri.

57 804 244 854 χρήσεις-καί
251 806 300 839 τὰς
316 808 371 835 ἀπὺ
383 808 438 836 τῶν
452 809 530 842 ζώων
540 811 610 839 ὅλων
630 821 659 839 τε
674 813 721 840 καὶ
744 811 847 848 μορίων
861 811 997 846 ὠφελείας
1009 815 1039 841 ὲν
1054 816 1163 851 συνόψει
1186 816 1384 853 παρατίθεται·
1408 818 1451 854 εἴη
1485 817 1516 845 δὲ
1530 817 1579 845 xui
1616 817 1695 846 τοῦτο

57 850 108 896 τῆς
123 850 194 886 περὶ
209 852 264 879 τῶν
273 854 367 881 ἁπλῶν
379 856 533 890 φαρμάκων
554 859 746 893 πραγματείας
769 858 852 895 μέρος
866 858 916 885 οὐκ
929 859 1080 896 ἐλάχιστον.

97 895 131 923 '0
146 897 177 924 δὲ
192 901 217 932 γ’
230 899 306 934 αὑτῷ
315 899 395 935 λόγος
405 902 472 937 περί
484 911 515 929 τε
531 904 692 939 γυμνασίων
715 905 848 933 παντοδα-
863 906 884 934 Β

56 942 118 968 πῶν
137 942 330 988 διαλαμϐάνει,
343 947 391 974 xui
404 947 456 974 ὅσα
466 950 675 984 παρασκευάζει
690 951 722 978 τὸ
746 952 853 988 γυμνά-

55 996 127 1016 σιον.
144 987 215 1017 Εἶτα
239 992 309 1026 μετὰ
335 993 385 1025 τὰς
400 995 563 1031 κενώσειςῆ
597 997 647 1028 τὰς
674 987 851 1034 διαφορήσεις

54 1035 162 1068 ταύτας
173 1037 224 1068 τὰς
240 1038 290 1065 οὐκ
301 1039 447 1076 ὲπιδήλους
458 1041 523 1078 περὶ
536 1041 718 1078 φλεϐοτομίας
740 1043 851 1080 διαλαμ-

54 1081 144 1126 βάνει,
161 1082 283 1117 τρόπους
290 1092 320 1111 τε
329 1085 380 1120 τῆς
392 1088 479 1123 τομῆς
499 1088 671 1124 διευκρινῶν,
693 1091 740 1118 xui
769 1091 850 1126 μεγέ-

53 1125 118 1157 θους
134 1128 184 1154 καὶ
196 1130 346 1164 σχημάτων
356 1132 403 1158 καὶ
417 1133 514 1168 καιροῦ
528 1135 575 1161 καὶ
585 1135 687 1172 μέτρου
705 1125 848 1170 κενώσεως

53 1173 213 1207 ἀναγράφει
227 1182 236 1190 ο
252 1176 317 1210 περί
331 1185 361 1203 τε
373 1178 585 1215 ἀρτηριοτομίας
605 1181 653 1207 xui
675 1182 846 1218 ἁρτηριακοῦ

54 1219 198 1254 inuitae-4,
213 1221 262 1247 xui
274 1222 380 1255 σικύας,
396 1224 444 1251 καὶ
462 1226 645 1262 ὲγχαράξεως,
663 1228 710 1255 xui
726 1228 843 1263 βδελλῶν

52 1265 169 1301 ἐκλογῆς
180 1275 212 1293 τε
221 1268 246 1283 Ἷ
257 1269 305 1295 xui
316 1269 420 1306 διαίτης
434 1272 482 1299 xui
499 1273 636 1308 χρήσεως,
656 1275 719 1310 περί
729 1283 759 1301 τε
774 1276 844 1302 καο-

53 1312 190 1347 αιρόντων
214 1315 379 1349 φαρμάκων,
395 1317 442 1343 xui
469 1318 548 1345 οτνων
562 1320 738 1355 καθαρτικῶν
749 1321 843 1356 διαφό-

51 1367 114 1392 ρους
127 1359 149 1374 ⁷⁷
170 1360 331 1394 σκευασίας,
346 1363 393 1389 καὶ
413 1363 581 1398 οἰνομέλιτος
607 1365 773 1401 καθαρτικοῦ
795 1367 843 1394 καὶ

50 1404 174 1430 κονδὶτου
188 1405 236 1432 xui
248 1405 397 1441 ἀψινθάτου
413 1409 460 1435 καὶ
474 1409 599 1444 ροσάτου,
611 1411 658 1437 καὶ
672 1411 843 1447 ῥοδομέλιτος

51 1450 97 1476 xui
111 1450 286 1486 ὀξυμέλιτος,
304 1453 390 1488 γάρου
406 1462 436 1480 τε
465 1454 632 1491 καθαρτικοῦ
656 1458 704 1484 καὶ
733 1457 842 1493 μέλιτος

49 1496 96 1522 καὶ
111 1497 257 1532 οἰνογάρου
274 1498 296 1514 ⁷⁸
314 1499 361 1526 xui
375 1499 521 1534 ὀξυγάρου,
542 1501 638 1535 ζωμοῦ
660 1511 689 1529 τε
705 1503 841 1538 μαλακτι-

49 1541 99 1567 ιιοῠ
116 1542 166 1568 καὶ
183 1543 320 1577 γάλακτος
332 1545 379 1571 καὶ
391 1545 490 1572 ἐλαιῶν
501 1546 689 1582 καθαρτικῶν,
702 1549 766 1584 περὶ
778 1549 840 1576 τού-

48 1596 100 1613 των
113 1588 248 1615 ἁπάντων
262 1589 313 1624 τὴν
336 1590 511 1619 διδασκαλίαν
527 1593 654 1628 προάγει.
669 1594 730 1621 Ἔτι
751 1594 780 1621 δὲ
793 1595 840 1622 xui

50 1634 113 1667 περὶ
125 1634 266 1661 συνθέτων
277 1635 431 1672 όξυπορίων
456 1637 504 1664 καὶ
529 1637 725 1675 καθαρτηρίων
746 1640 839 1677 διαφό-

50 1687 113 1713 ρων,
130 1680 181 1706 καὶ
198 1681 355 1708 παστίλλων
367 1682 414 1709 καὶ
442 1683 630 1719 βουκελλάτων
650 1685 836 1722 καθαρτικῶν.

48 1725 210 1762 ’Δλοηδάριά
234 1735 264 1754 τε
289 1728 442 1765 καθαρτικὰ
462 1730 635 1766 ἀναγράφει,
666 1733 713 1759 καὶ
752 1733 838 1762 ἆλατα

49 1774 158 1807 ὁμοίως,
175 1775 225 1801 καὶ
241 1775 291 1807 τὰς
315 1776 336 1802 ε’
351 1776 435 1812 ἱερὰς,
459 1777 524 1812 [568
540 1778 586 1815 R.]
614 1779 778 1816 βοηθήματα
806 1790 836 1808 τε

854 1572 878 1604 C

49 1821 103 1851 τοῖς
113 1819 232 1847 λαϐοῦσι
243 1821 274 1848 τὺ
285 1822 470 1859 καθαρτήριον
490 1824 536 1851 καὶ
553 1825 584 1851 οὐ
613 1825 834 1862 καθαιρομένοις,

47 1866 155 1897 καὶτοῖς
171 1866 244 1903 ὑπὲρ
261 1867 363 1904 μέτρον
373 1869 526 1896 κενωθεῖσι.
539 1870 608 1906 Περί
618 1879 647 1898 τε
657 1871 773 1907 ἐμέτων,
790 1873 836 1900 καὶ

47 1910 100 1938 τίσι
116 1911 211 1938 δοτέον
226 1912 272 1939 τὸν
287 1913 440 1949 ἑλλέϐορον,
453 1915 501 1942 καὶ
515 1915 541 1942 τί
557 1916 685 1950 δύναται,
701 1919 748 1944 xui
763 1918 836 1951 τινες

47 1956 112 1991 πρὸς
128 1957 212 1985 αὑτὸν
244 1959 406 1994 ἐπιτήδειοι,
432 1960 594 1996 δοκιμασίας
617 1971 647 1989 τε
678 1963 832 2000 ἐλλεϐόρου,

46 2001 90 2027 xui
106 2004 342 2038 προπαρασκευὰς
352 2005 398 2032 τοῦ
419 2005 563 2041 μέλλοντος
576 2008 658 2035 αὑτὸν
673 2009 773 2043 πίνειν,
784 2010 834 2042 τάς

44 2055 72 2073 τε
93 2047 229 2084 διαφορὰς
254 2049 305 2084 τῆς
325 2050 372 2077 τοῦ
399 2051 542 2087 ὲλλεὸόρου
561 2054 695 2088 χρήσεως,
713 2055 761 2082 xui
783 2056 833 2091 τὴν

46 2094 107 2128 περὶ
120 2095 186 2126 τοὺς
201 2095 315 2127 πιόντας
326 2096 408 2123 αὐτὸν
425 2097 592 2133 ἐπιμέλειαν.
608 2100 676 2135 Περί
698 2109 727 2127 τε
741 2101 833 2128 ἐπιθε-

46 2138 135 2173 utith
163 2140 341 2176 καθαρτικῶν
360 2142 555 2179 διαλαμϐάνει·
579 2145 627 2171 καὶ
660 2146 710 2173 ὅσα
726 2146 780 2174 τῶν
803 2148 833 2174 ὲν

45 2185 108 2219 ἡμῖν
125 2186 233 2221 μορίων
255 2187 315 2213 ἐστὶ
329 2188 493 2224 καθαρτικὰ,
516 2190 663 2226 ὀφθαλμῶν
691 2192 762 2226 λέγω
784 2193 832 2220 xui

45 2229 116 2257 ὢτων
130 2231 179 2279 καὶ
196 2231 252 2259 τῶν
279 2232 396 2268 ἑφεξῆς·
421 2235 485 2270 περί
501 2243 531 2262 τε
549 2236 760 2273 ὑποκαπνισμοῦ
791 2239 831 2271 εἰς
849 2251 871 2279 ι)

45 2276 88 2311 τὴν
102 2276 188 2312 αὖτὴν
200 2277 343 2313 ἐνέργειαν
360 2280 551 2313 συντελοῦντος
565 2289 572 2297 ·
589 2283 636 2309 καὶ
653 2284 719 2318 περὶ
745 2293 832 2312 κενω-

46 2322 133 2352 τικῶν,
149 2323 258 2350 λεπτῶν
272 2333 301 2350 τε
317 2325 436 2361 ἐντέρων
452 2326 501 2353 καὶ
515 2327 568 2354 τῶν
590 2328 680 2364 σιμ-ὦν
691 2329 739 2356 τοῦ
756 2331 831 2366 ἤπα-

45 2375 85 2399 τος
101 2369 149 2395 καὶ
163 2369 217 2396 τῶν
228 2370 439 2406 παραπλησίων,
460 2373 528 2408 Περί
540 2382 570 2400 τε
587 2374 676 2409 ἀέρων
698 2376 745 2403 καὶ
766 2377 830 2404 ἀνέ-

47 2422 98 2447 μων
108 2415 154 2441 xui.
164 2416 369 2451 ἐπισημασιῶν,
391 2418 496 2445 ὑδάτων
517 2428 546 2446 τε
562 2419 609 2447 καὶ
629 2420 759 2456 λουτρῶν,
772 2422 827 2451 τῶν

44 2461 105 2487 nix
115 2460 212 2495 τέχνης
225 2462 275 2489 xui
291 2462 342 2489 ὅσα
356 2463 373 2498 ἡ
388 2464 470 2498 φύσις
492 2465 648 2501 προήγαγε,
675 2466 826 2503 ψυχρολου-

45 2504 98 2536 σίας
109 2514 139 2531 τε
152 2507 200 2533 καὶ
211 2506 264 2542 τῆς
279 2508 321 2539 είς
337 2507 425 2536 ἔλαιον
440 2509 599 2545 ὲμδάσεως⁸
615 2511 663 2538 xui
683 2513 747 2548 περὶ
771 2513 826 2540 τῶν

45 2550 85 2576 τοῦ
110 2551 262 2587 προσώπου
290 2553 466 2589 κλυσμάτων,
494 2556 696 2592 καταιονήσεώς
720 2566 750 2585 τε
775 2559 822 2586 xui

47 2596 242 2633 ἑγκαθίσματος
265 2599 314 2626 xui
337 2600 476 2637 ἐμϐροχῆς
504 2602 551 2629 καὶ
577 2603 744 2639 πυριάσεως.
775 2605 831 2631 Καὶ

47 2643 102 2678 περὶ
114 2643 251 2680 διαφόρων
267 2646 524 2682 ζκαταπλασμάτων,
553 2648 698 2683 δροπάκων
727 2658 757 2676 τε
784 2650 832 2676 xui

46 2688 194 2722 κιττῶσεως
206 2691 255 2717 καὶ
273 2693 436 2728 σιναπισμοῦ
460 2694 507 2720 xui
522 2694 667 2730 φοινιγμοῦ
678 2703 685 2711 ·
712 2696 760 2722 xui
776 2696 822 2722 ἐπὶ

46 2732 94 2759 τίσι
109 2735 243 2770 χρηστέον
259 2735 324 2772 [292
345 2736 391 2772 1L]
416 2739 474 2770 τοῖς
491 2741 747 2775 μετασυγκριτικοῖς
764 2740 827 2776 βοη-

47 2777 151 2813 θήμασι.
179 2780 274 2808 Ταῦτα
291 2781 342 2817 μὲν
355 2783 428 2810 καὶὸ
449 2786 474 2819 γ’
496 2784 570 2820 αὖτῷ
582 2785 723 2812 συντάττει
739 2786 829 2820 λόγος.

934 904 1043 935 Tertius
1060 908 1118 943 ejus
1131 907 1200 936 liber
1213 909 1268 944 agit
1295 909 1328 937 de
1354 910 1443 938 omnis
1457 910 1567 946 generis
1585 911 1693 939 exerci-

905 953 1064 987 tationibus,
1084 962 1199 990 quaeque
1231 955 1458 983 exercitationem
1489 961 1596 990 parent.
1623 956 1692 984 Hinc

900 1004 963 1034 post
973 1001 1177 1033 cvacuationes,
1196 1008 1244 1028 seu
1270 1001 1413 1029 humerum
1443 1003 1600 1031 eductiones
1631 1002 1692 1031 illas

900 1044 1035 1078 occultas,
1051 1045 1084 1072 de
1098 1052 1172 1073 vena:
1184 1046 1305 1074 sectione
1320 1051 1479 1082 pertractat,
1495 1054 1547 1074 non
1561 1047 1691 1074 sectionis

899 1094 1007 1118 tantum
1025 1091 1120 1119 modos
1140 1091 1310 1123 discernens,
1325 1091 1373 1118 sed
1386 1091 1469 1119 etiam
1482 1090 1689 1126 magnitudinis,

900 1135 1062 1169 formarum,
1098 1137 1228 1171 temporis
1246 1136 1403 1171 opportuni,
1429 1141 1512 1172 atque
1539 1136 1689 1164 evacuandi

898 1189 1031 1209 mensurze
1044 1182 1213 1210 describens.
1231 1182 1293 1210 Mox
1306 1183 1339 1210 de
1347 1182 1456 1210 arterias
1467 1183 1601 1216 sectione,
1616 1188 1644 1210 et
1655 1183 1689 1210 de

897 1227 1055 1262 sanguinem
1065 1227 1180 1255 sistettte
1191 1228 1355 1255 arteriarum
1375 1228 1584 1262 medicamento,
1596 1229 1629 1256 de
1639 1237 1687 1256 cu—

897 1272 1016 1304 curbita,
1046 1272 1258 1305 scariﬁcatione,
1274 1276 1302 1300 et
1326 1272 1484 1300 birudinum
1517 1273 1688 1302 delectu.De

895 1317 983 1345 victus
1000 1317 1107 1345 ratione
1119 1321 1147 1344 et
1160 1325 1220 1350 usu,
1238 1317 1272 1345 de
1281 1318 1458 1353 purgantibus
1470 1318 1685 1352 medicamentis,

894 1369 923 1392 et
936 1364 1062 1392 vinorum
1081 1364 1257 1400 purgantium
1282 1365 1358 1392 vario
1386 1369 1530 1400 apparatu.
1562 1364 1601 1392 De
1626 1372 1686 1400 pur-

893 1415 976 1447 gante
1003 1410 1066 1438 vino
1089 1410 1188 1444 mulso,
1229 1411 1350 1444 condito,
1377 1411 1551 1444 absinthiato,
1581 1417 1682 1444 rosato,

892 1456 972 1484 melle
988 1463 1110 1488 rosaceo,
1127 1460 1206 1483 aceto
1232 1456 1332 1488 mulso,
1350 1456 1469 1491 itemque
1488 1457 1522 1485 de
1539 1464 1604 1492 garo
1620 1465 1685 1492 pur-

891 1507 982 1536 gante.
999 1503 1037 1530 De
1053 1502 1142 1535 melle,
1161 1502 1226 1530 vino
1250 1503 1348 1536 mulso,
1363 1508 1501 1537 oxygato,
1527 1511 1557 1530 ac
1575 1503 1684 1538 jusculo

892 1547 1048 1575 molliente:
1064 1547 1098 1574 de
1124 1547 1206 1581 lacte,
1231 1552 1316 1582 atque
1345 1547 1425 1576 olivis
1442 1548 1629 1584 purgantibus.
1645 1549 1684 1578 De

892 1594 991 1629 quibus
1002 1593 1110 1628 quidem
1124 1593 1254 1621 omnibus
1283 1593 1480 1633 praeceptiones
1499 1594 1592 1621 tradit.
1612 1593 1684 1621 Prae-

896 1647 970 1669 terea
985 1646 1014 1669 et
1040 1641 1074 1669 de
1090 1640 1248 1675 compositis
1263 1641 1358 1676 1776
1378 1640 1518 1676 oxyporis,
1544 1648 1577 1668 ac
1597 1641 1682 1670 variis

890 1686 1064 1722 purgatoriis,
1078 1687 1166 1721 deque
1180 1687 1305 1721 pastillis,
1315 1691 1349 1717 ,et
1368 1687 1525 1715 buccellatis
1541 1688 1682 1723 purganti-

889 1732 950 1759 bus.
967 1731 1108 1759 Alocdaria
1123 1739 1230 1767 qucque
1244 1732 1386 1768 purgantia
1403 1732 1544 1766 describit,
1558 1733 1674 1761 similia-

890 1768 942 1813 que
955 1785 971 1805 e
981 1777 1048 1810 sale,
1060 1781 1089 1805 et
1101 1777 1161 1805 illas
1180 1777 1299 1812 quinque
1313 1777 1464 1806 celebratas
1485 1778 1587 1806 hieras.
1600 1778 1681 1806 Auxi-

889 1823 982 1852 liantia
997 1830 1105 1859 quoque
1116 1823 1150 1851 iis
1167 1831 1236 1859 quos
1248 1831 1366 1860 purgans
1384 1824 1610 1853 medicamentum
1624 1833 1680 1854 non

888 1870 1024 1905 purgavit,
1033 1875 1079 1897 aut
1091 1870 1136 1904 qui
1146 1876 1227 1904 supra
1240 1870 1359 1903 modum,
1367 1870 1488 1898 evacuati
1499 1874 1574 1898 sunt.
1586 1870 1623 1898 De
1632 1878 1679 1899 vo-

888 1916 966 1949 mitu,
976 1920 1003 1943 et
1011 1916 1109 1951 quibus
1120 1916 1238 1943 dandum
1254 1915 1289 1943 sit
1300 1920 1447 1950 veratrum,
1457 1916 1523 1953 quid
1533 1916 1598 1945 illud
1613 1924 1678 1952 pos-

886 1960 934 1994 sit,
941 1968 973 1988 ac
983 1961 1028 1996 qui
1039 1960 1070 1987 ad
1080 1961 1238 1988 sumendum
1248 1961 1312 1996 apti.
1321 1961 1359 1989 De
1368 1961 1553 1997 exploratione
1565 1963 1677 1997 veratri,

886 2012 914 2034 et
921 2007 1117 2042 praparatinne
1125 2008 1247 2035 bibituri.
1259 2008 1296 2036 De
1306 2009 1383 2037 vario
1395 2009 1506 2037 ellebori
1518 2017 1564 2037 seu
1575 2010 1676 2039 veratri

886 2060 936 2081 usu
947 2057 1027 2087 atque
1034 2053 1210 2087 exhibitione,
1220 2058 1248 2082 et
1254 2054 1287 2083 de
1296 2062 1360 2083 cura
1367 2062 1461 2083 eorum
1471 2056 1516 2091 qui
1528 2055 1592 2084 illud
1599 2056 1677 2084 bibe-

885 2105 959 2127 runt.
974 2100 1011 2127 De
1037 2099 1213 2134 epithematis
1234 2100 1414 2136 purgantibus
1443 2101 1628 2137 prosequitur,
1649 2106 1676 2130 et

885 2152 1053 2181 quaecunque
1068 2145 1096 2172 in
1111 2145 1189 2173 nobis
1199 2150 1291 2180 partes
1306 2150 1472 2181 purgentur,
1491 2151 1556 2182 puta
1569 2147 1674 2180 oculos,

885 2199 976 2225 aures,
989 2196 1017 2219 et
1025 2191 1155 2226 reliquas.
1170 2191 1209 2219 De
1237 2190 1392 2219 suﬁimento
1406 2192 1440 2219 ad
1467 2192 1594 2220 eumdem
1611 2192 1676 2220 effe-

884 2243 958 2265 ctum
975 2238 1141 2272 pertinente,
1159 2242 1187 2265 et
1216 2238 1251 2265 de
1277 2238 1312 2265 iis
1336 2244 1397 2272 qua;
1419 2237 1510 2266 tenuia
1532 2238 1674 2272 intestina,

884 2291 1028 2318 semasque
1052 2283 1153 2318 iecoris
1172 2289 1277 2319 partes,
1305 2288 1333 2311 et
1348 2284 1390 2312 bis
1407 2284 1507 2312 similia
1529 2289 1673 2312 evacuant.

884 2329 922 2357 De
938 2337 1012 2362 aere,
1029 2330 1117 2358 ventis
1149 2337 1182 2357 ac
1209 2331 1348 2358 stellarum
1365 2331 1617 2365 signiﬁcationibus.
1638 2332 1675 2359 De

882 2375 961 2410 aquis
977 2375 1041 2402 item
1058 2380 1086 2402 et
1097 2375 1212 2408 balneis,
1225 2377 1325 2410 partim
1342 2376 1459 2404 artiﬁcio
1480 2377 1598 2411 paratis,
1612 2385 1675 2411 par-

884 2421 932 2448 tim
948 2426 1047 2448 natura
1063 2421 1214 2456 productis.
1245 2422 1284 2449 De
1317 2422 1416 2457 frigida
1437 2422 1551 2455 lotione,
1585 2422 1674 2458 deque

883 2467 992 2495 insessu
1017 2467 1078 2495 solii
1104 2476 1138 2495 ex
1165 2468 1238 2501 oleo,
1255 2468 1322 2495 etde
1347 2468 1426 2496 faciei
1449 2469 1619 2503 aspersione,
1640 2469 1674 2496 de

879 2513 1045 2549 perlusione,
1068 2514 1275 2546 insessionibus,
1305 2515 1520 2547 lmmectatione,
1543 2520 1571 2542 et
1600 2515 1674 2542 sicco

880 2559 1012 2587 fomento.
1036 2561 1074 2587 De
1094 2561 1178 2587 variis
1200 2560 1425 2594 cataplasmatum
1447 2560 1602 2595 generibus.
1636 2561 1674 2588 De

882 2605 1008 2640 dropace,
1027 2605 1174 2640 picatione,
1203 2606 1366 2640 sinapismo,
1397 2606 1592 2638 rnbricatione,
1605 2606 1672 2634 etin

881 2651 981 2687 quibus
1007 2651 1043 2679 sit
1065 2651 1304 2687 metasyncriticis,
1330 2652 1389 2679 sive
1412 2653 1541 2680 humores
1566 2659 1598 2679 ex
1617 2653 1672 2679 alto

883 2697 1062 2725 evocantibus
1076 2697 1196 2730 auxiliis,
1215 2698 1354 2726 utendum.
1374 2697 1408 2726 Et
1434 2698 1493 2726 haec
1514 2697 1621 2734 quidem
1639 2697 1672 2724 li-

885 2743 934 2770 bro
948 2742 1031 2770 tertio
1044 2743 1230 2770 continentur.

691 2831 807 2859 VARIAS
822 2831 1022 2859 LECTIONES.

76 2871 136 2898 "te
150 2873 214 2901 add.
234 2875 268 2902 It.
303 2874 326 2891 ""
342 2875 471 2912 διαφόρου
501 2885 532 2910 ς.
571 2878 593 2895 ⁷⁸
606 2878 747 2915 οἱνογάρου
763 2880 784 2906 Α
808 2889 813 2907 :
828 2880 990 2915 οἰνομέλιτος
1017 2888 1046 2911 ς’.
