1916 3092
226 154 279 186 ’123

262 210 381 244 Quartus
389 210 468 244 liber,
477 217 537 246 qua:
551 210 586 238 ad
603 211 731 238 tuendam
747 211 931 240 valetudinem
953 219 1014 246 per-
1029 213 1052 240 Α

228 259 326 290 tinent,
347 257 460 291 colligit.
476 258 640 294 Auspicatus
659 266 725 294 ergo
737 258 773 287 ab
789 259 934 287 iniantium
949 259 1018 286 edu-

227 304 345 336 catione,
357 304 453 331 horum
471 311 532 332 cum
548 305 670 338 morbos,
690 310 746 333 tum
761 306 880 333 remedia
894 305 1015 340 exponit.

226 350 291 385 Agit
305 356 332 378 et
346 351 379 377 de
397 351 518 378 omnium
541 356 650 378 aetatum
674 359 706 379 ac
723 352 910 379 conditionum
928 352 1016 379 victus

227 397 342 424 ratione.
355 397 393 424 De
409 397 532 424 carnium
547 396 612 424 item
628 397 820 431 diminutione,
835 402 862 424 et
876 397 1016 432 gracilium

227 442 436 470 instauratione.
452 442 491 470 De
515 443 676 471 lassitudine
701 443 735 471 ab
762 443 1015 474 exercitationibus.

226 489 313 522 deque
327 488 407 523 hujus
423 487 603 522 differentiis;
616 489 649 516 de
662 496 692 515 ea
708 489 850 523 item,un
865 497 898 515 ex
910 488 1018 516 Venere

226 534 326 567 oritur,
340 533 453 568 etcujus
469 542 553 563 causa
575 535 729 570 ignoratur,
743 543 823 569 quam
847 540 1016 569 spontaneum

225 580 379 608 nominant.
407 580 464 614 Qua
487 588 552 608 cura
581 581 614 608 ad
639 582 791 608 coctionem
823 581 951 608 utendum
969 582 1015 612 sit,

226 631 256 653 et
274 627 306 652 de
317 627 437 654 densata;
452 627 523 654 cutis
534 627 689 661 curatione,
702 632 782 662 atque
794 627 827 653 de
838 632 956 655 :estuoso
971 636 1016 655 ar-

232 671 299 698 dore
313 676 340 699 et
357 671 483 699 frictione
500 677 664 706 opportuna.
684 672 721 700 De
747 673 894 705 cruditate,
909 682 941 701 ac
955 681 1017 702 cra-

225 716 299 752 pula,
313 721 340 744 et
358 717 455 752 :equaii
473 722 667 752 temperatura.
689 717 790 752 Optimi
804 724 934 752 praeterea
948 725 1017 746 tem-

227 763 376 797 peramenti
394 763 573 796 dinotionem,
592 768 620 791 et
648 764 728 791 calidi
755 765 937 800 aliorumque,
955 774 1015 793 cutn

226 808 403 843 simplicium,
419 813 475 836 tum
497 811 710 844 compositorum
737 814 1014 844 temperamentorum

227 858 304 881 notas
315 855 407 890 (idque
428 862 482 882 non
501 855 581 882 modo
604 856 726 890 corporis
745 856 839 889 totius,
865 857 912 884 sed
929 861 957 883 et
969 863 1016 883 ca-

226 900 290 935 pitis
302 901 418 934 cerebri,
434 902 547 936 ventris,
572 902 676 934 cordis,
687 903 802 937 jecoris.
822 910 854 930 ac
871 902 1013 930 testiculo-

227 947 300 982 rum)
316 947 411 975 edocet
428 947 600 984 :borumque
617 950 748 982 omnium,
771 950 794 977 si
811 949 883 978 forte
899 958 913 977 a
935 955 1015 978 natu—

229 994 278 1021 rali
297 1000 368 1022 statu
388 994 561 1029 deflexerint,
578 997 698 1024 remedia
716 997 802 1032 ponit.

261 1128 377 1162 Quintus
391 1129 462 1156 Aetii
484 1129 564 1160 liber,
591 1130 623 1156 de
637 1130 750 1162 morbis,
767 1135 794 1157 et
817 1131 843 1157 in
870 1131 964 1165 primis
983 1133 1016 1159 de

227 1174 347 1202 febribus
367 1175 508 1209 disputat,
529 1176 628 1210 178a
655 1184 769 1211 quorum
794 1178 882 1210 signa,
907 1185 1015 1212 praeno-

227 1221 325 1253 tiones,
340 1219 505 1252 dinotiones,
528 1222 684 1248 curationes
703 1221 848 1255 diligenter
872 1230 938 1249 sane
955 1231 1016 1257 per-

227 1271 336 1298 tractat,
350 1271 378 1293 et
391 1273 560 1301 quacunque
584 1272 715 1300 prmterea
733 1268 766 1293 ad
788 1268 857 1294 hanc
884 1269 1014 1295 medicam

225 1311 483 1346 contemplationem
501 1316 626 1347 spectant
647 1313 802 1346 :quorlnam
833 1313 918 1340 morbi
940 1315 1016 1348 prin-

225 1357 324 1391 cipium
339 1358 374 1384 sit
388 1357 576 1392 judicandum,
600 1357 787 1392 trifariamque
800 1358 936 1386 illuddici.
951 1360 1016 1392 Quae

226 1405 289 1431 item
306 1404 426 1431 accessio
451 1403 549 1436 morbi,
568 1411 681 1438 qumque
697 1405 822 1432 remisdo
839 1415 845 1432 :
860 1405 937 1440 vigor
950 1406 1014 1433 item

224 1454 307 1483 atque
321 1448 476 1481 declinatio,
497 1458 558 1476 cum
573 1450 696 1484 partialis
731 1451 817 1478 morbi
847 1452 1011 1480 accessione.

225 1500 280 1522 tum
294 1496 417 1529 corporis
429 1495 561 1523 universi.
579 1497 643 1529 Quae
652 1496 705 1523 sint
721 1498 848 1524 sanitatis
864 1498 952 1531 signa.
972 1498 1013 1525 vel

788 154 919 184 PHO‘I‘II
937 154 1190 184 PATRIARCH/E
1209 154 1264 184 (ΣΡ.

1805 149 1862 183 724

1105 211 1134 237 '0
1149 210 1177 237 δὲ
1193 210 1215 236 δ’
1229 210 1390 244 συναγωγήν
1406 217 1436 235 τε
1447 208 1502 235 τῶν
1516 207 1645 242 ὑγιεινῶν
1659 207 1792 243 περιέχει,
1805 208 1860 243 ἀρα

1069 257 1182 292 χόμενος
1199 256 1253 282 ἀπὸ
1266 255 1316 290 τῆς
1339 254 1387 281 τοῦ
1402 254 1519 291 βρέφους
1537 254 1654 289 διαίτης,
1684 253 1719 280 τά
1747 262 1777 280 τε
1793 254 1862 289 περὶ

1068 302 1099 330 τὺ
1115 302 1215 338 βρέφος
1231 301 1306 337 πάθη
1334 301 1382 328 καὶ
1407 301 1457 332 τὰς
1485 300 1637 336 θεραπείας
1660 299 1781 332 διέξεισι,
1808 300 1862 326 καὶ

1069 351 1132 383 περὶ
1146 349 1252 384 διαίτης
1265 348 1361 376 πασῶν
1372 348 1426 374 τῶν
1439 347 1553 383 ἡλικιῶν
1572 347 1620 374 xui
1645 347 1700 373 τῶν
1719 347 1861 383 διαφόρων

1070 395 1147 429 βίων,
1163 394 1272 430 σαρκῶν
1285 402 1314 420 τε
1329 393 1520 428 καθαιρέσεως
1535 394 1581 419 xui
1609 393 1708 423 ὲνδεῶς
1736 393 1862 428 ἐχουσῶν

1068 440 1229 475 ἀναλήψεως
1242 448 1249 455 ·
1267 439 1332 474 περί
1345 448 1375 465 τε
1387 438 1480 465 κόπων
1493 437 1548 464 τῶν
1563 438 1609 465 ἐπὶ
1623 438 1797 473 γυμνασίοις,
1810 438 1861 464 καὶ

1067 487 1117 522 τῆς
1132 486 1265 520 διαφορᾶς
1278 484 1379 518 αὐτῶν,
1395 484 1502 511 καὶτοῦ
1527 483 1556 516 ἐξ
1571 484 1738 519 ἀφροδισίων
1760 485 1859 514 κόπου,

1067 534 1115 560 xui
1127 532 1181 559 τῶν
1196 531 1293 567 ἄδηλον
1310 531 1426 566 ἐχόντων
1448 530 1497 565 τὴν
1512 530 1602 556 αἰτίαν
1620 531 1724 562 κόπων,
1743 529 1789 561 οὓς
1814 529 1861 555 λέ-

1067 587 1161 614 γουσιν
1179 577 1383 613 αὐτομάτους·
1406 576 1472 603 ποία
1485 584 1515 602 τε
1543 575 1688 611 ἐπιμέλεια
1712 576 1780 610 πρὸς
1806 577 1860 607 τὰς

1067 625 1164 660 πέψεις
1183 623 1319 660 χρησίμη,
1360 623 1407 649 xui
1434 621 1481 648 τοῦ
1506 621 1697 653 πυκνωθέντος
1722 622 1859 656 δέρματος

1068 671 1212 706 θεραπεία,
1227 670 1274 697 xui
1292 669 1358 705 περὶ
1386 669 1556 704 ὲγκαύσεως,
1576 669 1622 695 καὶ
1647 669 1712 703 περὶ
1735 669 1860 704 τρίψεως

1067 716 1338 751 εὐκαίρου,ἁπεψίας
1359 724 1389 742 τε
1411 715 1459 742 καὶ
1479 715 1637 751 κραιπάλης
1660 715 1708 741 xui
1735 714 1858 749 ὁμαλοῦς

1066 762 1234 797 δυσκρασίας
1250 769 1257 776 '
1277 761 1394 796 ἀρίστης
1420 769 1450 787 τε
1477 761 1603 796 κράσεως
1626 760 1779 787 ἐκδιδάσκει
1796 760 1859 792 διά-

1067 817 1180 843 γνωσιν,
1209 808 1257 835 καὶ
1280 807 1386 843 θερμῆς
1409 807 1601 841 γνωρίσματα,
1619 807 1667 833 xui
1690 805 1744 833 τῶν
1767 806 1859 833 ἄλλων

1068 855 1261 890 ἁπλουστέρων
1285 862 1314 880 τε
1331 853 1377 880 xui
1400 853 1535 880 συνθέτων
1552 852 1688 887 κράσεων,
1716 853 1766 887 οὐχ
1792 852 1859 879 δὶου

1070 902 1151 937 μόνον
1170 900 1218 927 τοῦ
1231 900 1254 916 ⁷⁹
1275 899 1412 935 σώματος,
1428 899 1496 925 ἀλλὰ
1515 898 1563 925 xui
1575 898 1697 933 κεφαλῆς
1711 899 1758 925 xui.
1771 899 1857 932 ἐγκε-

1067 947 1153 983 φάλου
1166 947 1214 974 xui
1230 946 1348 981 γαστρὸς
1362 945 1408 972 xui
1424 945 1576 979 πνεύμονος
1591 945 1639 972 xui
1662 944 1776 978 καρδίας
1803 945 1855 971 καὶ

1067 995 1171 1030 ἥπατος
1189 993 1236 1020 xui
1255 992 1370 1028 ὄρχεων,
1395 991 1443 1018 xui
1470 991 1520 1026 τῆς
1533 990 1636 1017 τούτων
1653 991 1780 1017 ἁπάντων
1800 991 1859 1017 ἀπὸ

1065 1041 1116 1076 τῆς
1130 1039 1179 1066 τοῦ
1197 1039 1267 1066 κατὰ
1283 1038 1365 1073 φύσιν
1385 1038 1426 1069 είς
1437 1038 1468 1064 τὸ
1484 1037 1561 1072 παρὰ
1576 1037 1658 1071 φύσιν
1673 1036 1860 1073 παρατροπῆς

1068 1087 1181 1122 ἰάματα.

1108 1133 1138 1159 '0
1148 1132 1176 1159 δὲ
1191 1135 1211 1158 ε’
1225 1131 1298 1167 αὐτῷ
1315 1132 1394 1166 λόγος
1409 1130 1473 1166 περὶ.
1489 1130 1650 1165 νοσημάτων
1663 1128 1859 1163 διαλαμϐάνει,

1066 1180 1115 1206 xui
1132 1179 1185 1214 πρὸ
1203 1179 1257 1205 τῶν
1283 1178 1371 1205 ἄλλων
1394 1177 1458 1212 περὶ
1488 1176 1652 1210 πυρετωδῶν
1679 1175 1859 1210 νοσημάτων,

1066 1226 1115 1257 τάς
1128 1233 1158 1252 τε
1173 1224 1336 1260 σημειώσεις
1351 1223 1442 1250 αὐτῶν
1464 1223 1511 1250 xui.
1527 1221 1696 1258 προγνώσεις
1727 1222 1772 1248 xui
1795 1221 1861 1248 δια-

1066 1271 1182 1304 γνώσεις
1200 1271 1246 1298 xu‘t
1261 1270 1410 1305 θεραπείας
1434 1269 1465 1296 οὑ
1483 1269 1631 1305 παρέργως
1655 1267 1782 1301 ἐπεξιὼν,
1808 1269 1861 1294 καὶ

1066 1317 1115 1344 ὅσα
1129 1317 1197 1346 ἀλλα
1207 1317 1230 1333 ⁸⁸
1245 1317 1314 1352 πρὸς
1329 1318 1378 1352 τὴν
1401 1315 1527 1352 ίατρικὴν
1541 1315 1644 1350 ταύτην
1661 1314 1776 1349 θεωρίαν
1788 1322 1861 1340 συν-

1065 1365 1157 1391 τελεῖ·
1175 1364 1236 1391 τίνα
1250 1372 1279 1390 τε
1295 1363 1336 1390 δεῖ
1349 1363 1395 1390 τοῦ
1407 1363 1559 1398 νοσήματος
1574 1361 1662 1397 ἀρχὴν
1685 1362 1787 1396 λέγειν.
1807 1362 1860 1387 καὶ

1065 1411 1105 1438 ὅτι
1121 1410 1222 1446 τριχῶς
1235 1410 1355 1444 λέγεται.
1374 1409 1430 1436 Καὶ
1444 1409 1486 1441 τίς
1502 1410 1515 1435 ό
1529 1408 1716 1444 παροξυσμὸς,
1734 1408 1782 1434 καὶ
1811 1408 1860 1439 τίς

1064 1459 1080 1493 ἡ
1098 1458 1189 1490 ἄνεσις
1204 1457 1251 1484 xui
1265 1458 1280 1492 ἡ
1295 1457 1372 1492 ἀκμὴ
1391 1456 1463 1492 καὶὴ
1479 1456 1616 1491 παρακμὴ
1624 1455 1671 1481 τοῦ
1690 1463 1719 1481 τε
1739 1455 1860 1489 μερικοῦ

1065 1502 1243 1539 παροξυσμοῦ
1258 1503 1307 1529 xui.
1319 1502 1381 1529 ὅλου
1392 1501 1440 1528 τοῦ
1460 1501 1603 1536 σώματος·
1618 1500 1679 1526 τίνα
1708 1508 1737 1526 τε
1754 1501 1861 1534 σημεῖα

225 1542 320 1567 mortis
336 1541 363 1568 in
377 1545 526 1574 aegrotante
540 1549 547 1568 :
560 1546 586 1568 et
598 1549 721 1575 quamam
732 1541 835 1576 phorum
848 1541 952 1569 tardius
968 1548 1012 1569 aut

1071 1549 1205 1584 σωτηρίας
1216 1548 1262 1575 τοῦ
1274 1548 1425 1580 νοσοῦντος,
1436 1547 1484 1575 xui
1510 1547 1571 1574 τίνα
1587 1546 1709 1582 ὀλέθρια,
1735 1547 1802 1573 ποῖά
1826 1555 1860 1572 τε

224 1586 305 1613 citius
322 1586 364 1614 vel
390 1586 478 1613 medio
495 1587 585 1616 modo.
603 1587 635 1614 ad
656 1587 800 1614 sanitatem
815 1587 856 1614 vel
872 1587 1010 1614 interitum

224 1633 363 1670 pertinere
376 1631 545 1666 judicentur.
566 1633 602 1659 De
621 1633 746 1667 pulsuum
763 1633 850 1668 signis
871 1638 899 1660 et
916 1634 1010 1660 urina-

224 1686 282 1704 rum
301 1678 438 1705 dinotione
454 1687 459 1704 :
474 1686 506 1705 ac
528 1679 593 1712 quid
609 1679 666 1706 haec
685 1679 836 1716 designent.
853 1679 891 1707 De
917 1687 1012 1707 excre-

224 1728 376 1759 tnentorum
396 1724 478 1758 notis,
493 1725 664 1760 vomitusque
682 1725 850 1758 praenotione
875 1733 907 1753 ac
929 1726 1011 1760 signi-

223 1768 358 1803 ficatione.
387 1769 426 1795 De
455 1769 593 1804 sanguinis
622 1778 637 1798 e
666 1771 780 1798 naribus
803 1771 953 1804 eruptione.
983 1777 1011 1798 et

223 1813 348 1842 muliebri
358 1815 528 1850 purgatione.
542 1815 578 1842 De
586 1816 657 1843 notis
668 1816 773 1844 criticis
786 1817 916 1844 sudorum
928 1821 1010 1850 atque

222 1861 397 1889 abscessuum
416 1870 423 1890 :
443 1867 469 1889 et
482 1861 514 1889 de
532 1862 632 1890 indicio
645 1870 660 1890 e
683 1869 773 1897 sputo.
794 1863 925 1891 Medicum
942 1871 1011 1898 prae-

225 1912 297 1934 terea
310 1906 380 1934 bene
397 1907 516 1942 peritum
534 1909 718 1943 cogniturum,
735 1909 880 1936 morbusne
891 1908 1010 1943 perfecte

223 1952 327 1979 solutus
342 1953 388 1985 sit,
405 1961 507 1986 annon,
528 1954 636 1982 etiamsi
655 1954 723 1983 ferte
738 1955 841 1983 solutus
866 1955 1008 1982 videatur:

222 1998 292 2024 diem
301 1998 383 2025 etiam
397 2004 479 2033 atque
495 1998 562 2026 adeo
576 1999 682 2032 horam,
700 2007 751 2033 qua
764 2000 799 2030 sit
817 2005 934 2035 aegrotus
952 2007 1010 2027 mo-

224 2042 335 2070 riturus.
347 2041 386 2070 De
396 2043 574 2080 popularibus
585 2048 612 2070 et
629 2044 819 2071 communibus
833 2052 865 2071 ac
874 2044 1009 2078 pestiferis

223 2088 327 2116 morbis
345 2089 485 2122 tractatio,
503 2095 531 2117 et
546 2090 580 2117 de
594 2090 626 2117 iis
642 2091 689 2124 qui
704 2090 788 2117 variis
802 2098 834 2118 ex
849 2091 938 2119 causis
947 2099 1010 2127 syn-

221 2142 288 2169 cope
303 2135 497 2170 corripiuntur,
509 2135 597 2171 deque
616 2135 698 2162 animi
716 2136 844 2173 deliquio,
866 2138 937 2170 quod
964 2145 1009 2164 va-

221 2180 269 2207 riis
281 2181 345 2208 item
362 2188 395 2208 ex
412 2181 505 2208 causis
521 2181 652 2209 animanti
665 2182 783 2209 obvenit.
798 2183 834 2210 De
849 2183 1008 2211 febricitan-

1065 1594 1156 1621 αὐτῶν
1174 1594 1283 1630 βράδιον
1299 1593 1316 1628 ἤ
1332 1594 1425 1629 τάχιον
1445 1594 1461 1630 ἢ
1480 1593 1523 1620 διὰ
1548 1593 1595 1620 τοῦ
1620 1593 1704 1628 μέσου
1731 1592 1862 1627 κρίνεται

1066 1640 1136 1676 πρὸς
1148 1640 1198 1675 τὴν
1210 1640 1305 1674 ὑγείαν
1333 1639 1350 1674 ἢ
1365 1639 1411 1666 xui
1424 1640 1492 1674 πρὸς
1521 1639 1567 1666 τὸν
1582 1639 1709 1666 θάνατον.
1739 1638 1809 1673 Περί
1825 1647 1860 1664 τε

1066 1686 1202 1722 σφυγμῶν
1218 1685 1395 1721 σημειώσεως
1421 1686 1468 1712 καὶ
1483 1685 1572 1721 οῦρων
1595 1684 1777 1718 διαγνώσεως,
1808 1685 1863 1711 καὶ

1064 1731 1091 1758 τί
1102 1731 1213 1766 δηλοῦσι
1226 1731 1314 1758 ταῦτα
1330 1739 1338 1747 ’
1352 1731 1399 1758 xui
1415 1731 1481 1767 περὶ
1489 1730 1710 1766 διαχωρημάτων
1728 1730 1860 1765 σημειώ-

1065 1786 1134 1808 σεως
1145 1777 1250 1812 ἐμέτων
1263 1785 1293 1803 τε
1308 1776 1499 1813 προγνώσεως.
1514 1777 1561 1804 xui
1574 1777 1625 1811 τῆς
1648 1777 1676 1810 ἐξ
1691 1776 1784 1803 αὐτῶν
1805 1785 1842 1810 ση
1855 1791 1861 1796 ~

1067 1823 1210 1858 μειώσεως
1226 1831 1234 1838 ·
1247 1823 1433 1858 σίμορῤαγίας
1447 1831 1477 1849 τε
1497 1824 1529 1849 ὲκ
1549 1822 1641 1857 ῥινῶν,
1659 1822 1706 1849 xui.
1731 1823 1783 1856 τῆς
1807 1831 1862 1855 γυ-

1064 1870 1187 1901 ναικείας
1211 1869 1391 1904 καθάρσεως·
1425 1868 1489 1904 περί
1514 1876 1544 1894 τε
1563 1867 1617 1894 τῶν
1649 1867 1785 1902 κριτικῶν
1809 1876 1863 1902 ση-

1065 1915 1149 1949 μείων
1159 1914 1215 1941 τῶν
1231 1914 1373 1945 κατὰτοὺς
1390 1913 1505 1949 ἱδρῶτας
1527 1914 1574 1940 xui.
1596 1913 1646 1945 τὰς
1674 1912 1859 1944 ἀποστάσεις,

1063 1960 1112 1987 xui.
1126 1959 1178 1994 τῆς
1191 1959 1246 1994 άπὸ
1264 1959 1320 1986 τῶν
1329 1959 1453 1986 πτυέλων
1469 1958 1682 1994 τεκμηριὼσεως
1693 1967 1700 1973 ·
1718 1958 1769 1985 xui
1786 1959 1829 1985 ὃτι
1846 1960 1862 1985 ύ

1063 2006 1174 2041 ἄριστος
1190 2006 1282 2041 ίατρὸς
1292 2005 1396 2032 εἵσεται
1408 2007 1433 2032 εί
1445 2005 1561 2040 βεϐαίως
1577 2006 1607 2032 τὸ
1621 2006 1729 2041 νόσημα
1742 2005 1860 2032 λέλυται

1063 2052 1109 2079 xui.
1125 2053 1150 2078 εἰ
1167 2051 1204 2087 μὴ
1213 2051 1333 2083 λέλυται,
1346 2051 1399 2078 κᾶν
1419 2051 1484 2086 δοκῇ
1494 2052 1529 2084 ⁸⁸,
1545 2051 1595 2087 τήν
1621 2060 1651 2078 τε
1680 2051 1790 2086 ἡμέραν
1808 2054 1861 2079 καὶ

1062 2097 1137 2134 ὤραν
1148 2098 1177 2124 ὲν
1221 2098 1236 2127 ὁ
1251 2097 1338 2126 νοσῶν
1348 2098 1394 2124 τὸν
1411 2097 1468 2133 βίον
1482 2097 1636 2133 ἀπολείψει.
1653 2097 1718 2133 [569
1730 2097 1779 2133 8.]
1789 2098 1863 2133 Περέ

1062 2152 1092 2170 τε
1106 2143 1255 2178 πανδήμων
1273 2144 1320 2170 xui
1337 2142 1478 2178 ὲπιδήμων
1501 2143 1548 2170 καὶ
1564 2142 1706 2178 λοιμωδῶν
1730 2145 1861 2178 νοσημὰ-

1062 2198 1116 2215 των
1129 2189 1238 2216 ἔκθεσιν
1255 2190 1384 2221 ποιεῖτα,,
1400 2189 1449 2215 xui
1475 2190 1540 2225 περὶ
1556 2189 1611 2216 τῶν
1623 2189 1693 2216 κατὰ
1707 2189 1862 2225 διαφόρους

221 2226 288 2252 tium
316 2227 425 2262 capitis,
449 2227 567 2260 aurium,
606 2232 686 2266 atque
725 2229 867 2256 oculorum
904 2229 1007 2262 dolore,

1071 2235 1152 2267 ιίτίας
1164 2236 1407 2271 συγκοπτομένων,
1423 2235 1471 2262 xui
1486 2235 1551 2272 περὶ
1566 2236 1616 2271 τῆς
1626 2235 1697 2262 κατά
1708 2236 1862 2271 διαφόρους

220 2272 367 2305 insomnia,
389 2273 502 2302 luminis
516 2274 698 2307 ltebetatione,
715 2283 747 2311 ac
763 2277 796 2302 de
813 2283 906 2303 eorum
930 2283 1002 2303 cura

221 2319 294 2346 tione
304 2319 403 2353 quibus
411 2320 570 2354 sanguinem
583 2328 630 2355 per
637 2329 715 2348 nares
732 2321 757 2347 in
770 2320 891 2348 febribus
904 2320 1012 2348 efﬂuere

219 2363 365 2398 contingit,
379 2369 407 2391 et
422 2365 557 2399 quomodo
578 2365 614 2392 sit
642 2366 836 2401 providendum
853 2364 1011 2393 febricitan-

221 2408 303 2436 tibus.
319 2409 358 2437 lie
372 2410 473 2442 vesica,
500 2410 584 2438 urinm
606 2410 772 2442 difﬁcultate,
787 2411 938 2438 lumborum
959 2412 1009 2438 do-

220 2454 335 2488 loribus,
353 2456 386 2483 de
409 2456 530 2483 ulcerato
544 2457 599 2492 jam
624 2464 686 2484 osse
709 2463 799 2488 sacro,
827 2463 859 2484 ac
884 2457 1006 2488 testibus,

220 2503 247 2526 ut
267 2507 328 2526 auo.
347 2500 384 2527 De
413 2501 529 2537 pustulis
547 2509 595 2535 per
614 2506 699 2528 totum
715 2509 814 2536 corpus
829 2501 947 2534 diffusis,
963 2503 1006 2529 vel

221 2548 247 2575 in
260 2548 382 2582 corporis
398 2554 475 2583 parte
489 2549 571 2581 nalis,
581 2557 614 2576 ac
630 2550 663 2576 de
675 2549 848 2583 tremoribus,
862 2554 889 2577 et
901 2551 1008 2577 convul-

219 2593 353 2620 sionibus.
371 2593 475 2627 Quibus
492 2594 557 2622 item
576 2594 668 2622 dulces
691 2595 816 2631 petioues
838 2596 864 2622 in
889 2595 1007 2624 febribus

220 2639 336 2667 maxime
353 2640 435 2668 utiles
451 2640 516 2673 sint,
534 2641 704 2674 prescribit:
726 2640 816 2676 ibique
839 2640 907 2668 liber
930 2642 1008 2676 quiu-

220 2691 262 2712 tus
279 2686 390 2713 desinit.

1061 2282 1151 2313 αἰτίας
1163 2281 1414 2318 ὲπισυμὸαινούσης
1424 2282 1462 2318 τῷ
1473 2281 1535 2317 ζῴῳ
1545 2282 1655 2308 λειποθυ
1661 2281 1737 2313 μίας,
1745 2281 1813 2316 περί
1825 2291 1860 2308 τε

1060 2327 1110 2362 τῆς
1137 2328 1166 2354 ἐν
1181 2328 1309 2363 πυρετοῖς
1332 2328 1517 2363 κεφαλαλγίας
1550 2329 1596 2354 καὶ
1619 2327 1774 2364 ἀγρυπνίας
1807 2331 1860 2353 καὶ

1061 2372 1200 2407 ώταλγίας
1214 2373 1260 2400 xui
1277 2373 1431 2410 ὀφθαλμίας
1444 2374 1490 2400 καὶ
1509 2373 1709 2409 ἀμαυρώσεως,
1734 2373 1782 2399 καὶ
1809 2373 1858 2407 ἐφ’

1061 2415 1099 2445 ὧν
1117 2419 1233 2454 αἵματος
1261 2419 1339 2456 ῥύσις
1356 2421 1385 2447 ὲν
1398 2421 1525 2457 πυρετοῖς
1547 2419 1699 2455 συμϐαίνει,
1719 2420 1768 2454 τῆς
1789 2419 1859 2446 τοὺ-

1060 2471 1114 2489 των
1131 2462 1346 2498 ἀποθεραπείας,
1364 2464 1439 2496 ὅπως
1455 2473 1486 2490 τε
1508 2464 1672 2500 προνοητέον
1695 2464 1768 2490 κατὰ
1788 2465 1860 2496 τοὺς

1061 2509 1196 2544 πυρετοὺς
1208 2509 1330 2541 κύστεώς
1344 2519 1373 2537 τε
1391 2511 1438 2537 xui
1448 2510 1604 2547 δυσουρίας,
1632 2510 1680 2537 καὶ
1699 2509 1754 2536 τῶν
1787 2510 1861 2545 περὶ

1059 2555 1145 2589 ὀσφὺν
1156 2555 1324 2592 ἀλγημάτων
1341 2557 1506 2588 ὲλκωθέντος
1531 2557 1578 2584 τοῦ
1596 2557 1668 2592 ἱεροῦ
1691 2556 1772 2583 ὀστοῦ
1804 2557 1860 2584 xui

1061 2600 1158 2635 όσχέου
1174 2601 1196 2617 ⁵¹
1209 2602 1225 2638 ἤ
1241 2602 1396 2630 δακτυλίου.
1412 2603 1467 2630 Kui.
1484 2604 1548 2638 περὶ
1565 2603 1762 2639 ἐξανθημάτων
1790 2604 1859 2630 καθ’

1061 2645 1122 2673 ὅλον
1137 2647 1168 2674 τὸ
1178 2647 1257 2683 σῶμα
1270 2648 1286 2684 ἢ
1305 2649 1351 2675 xui
1363 2649 1435 2676 κατὰ
1446 2649 1511 2685 [293
1524 2649 1571 2686 1].]
1587 2650 1670 2685 μέρος
1687 2650 1861 2685 συμϐαινόν-

1062 2700 1117 2718 των
1141 2694 1212 2719 κατὰ
1226 2693 1289 2725 τοὺς
1315 2694 1494 2729 πυρετοὺς⁸³,
1522 2695 1650 2730 καὶπερὶ
1674 2696 1785 2730 τρόμων
1805 2696 1860 2722 καὶ

219 2733 373 2767 σπασμῶν·
389 2731 431 2766 οἷς
455 2734 566 2769 πόματα
593 2734 659 2769 ἡδέα
685 2735 755 2761 κατὰ
778 2737 841 2767 τοὺς
868 2738 1002 2771 πυρετοὺς
1027 2739 1145 2772 μάλιστα
1177 2741 1379 2776 χρησιμεύοντα
1406 2744 1558 2776 συντάττει.
1585 2742 1630 2769 Ἐν
1667 2743 1756 2778 τούτῳ
1802 2742 1859 2779 μὲν

219 2777 266 2804 xui
277 2778 291 2804 ὁ
307 2777 326 2804 ε’
338 2778 428 2814 λόγος.

877 2825 995 2854 νΛΙὶΙᾹΞ
1013 2826 1216 2855 LECTIONES.

254 2868 276 2883 ⁷³
290 2868 338 2896 τοῦ
353 2870 414 2899 add.
430 2871 463 2899 Δ.
501 2871 524 2888 ⁸ο
537 2871 604 2899 ἄλλα
623 2873 685 2901 add.
702 2873 734 2901 A.

780 2874 800 2889 ⁸⁸
819 2874 907 2901 δοκεῖν
936 2883 965 2907 ς.
1005 2875 1140 2911 ¹²όσχέων
1154 2884 1183 2907 ς.
1205 2876 1246 2913 K"
1264 2884 1333 2903 κατα
1346 2877 1407 2909 τοὺς
1427 2878 1560 2914 πυρετοὺς
1586 2877 1647 2905 add.
1666 2878 1698 2905 Δ.
