1916 3092
204 156 258 192 ’127

787 155 918 185 ΡΗΟΤΙΙ
936 151 1190 184 PATRIARCH/E
1210 150 1266 180 ΟΡ.

1775 146 1836 178 728

206 213 313 242 nanche
333 213 360 242 In
373 213 497 241 faucibus
511 213 692 241 consistentes
704 211 792 239 morbi
805 218 812 237 :
828 211 882 238 imo
895 214 921 237 et
933 214 993 236 ton-

1056 207 1123 242 ιαὶὴ
1150 206 1275 241 κυνάγχη
1306 205 1354 232 καὶ
1384 205 1518 240 συνάγχη,
1542 205 1609 240 περὶ
1635 202 1682 230 τδν
1703 202 1840 237 φάρυγγα

205 260 325 288 sillarum
341 264 460 287 tumores
476 259 665 294 suprascriptis
676 257 816 286 accedunt.
833 256 916 284 Docet
931 255 994 282 item

204 313 257 340 qus
271 305 374 333 ratione
393 304 490 340 179a
499 304 669 340 strangulati,
685 303 803 331 nondum
818 307 907 329 tamen
922 308 995 327 mor-

206 350 257 381 tui,
272 348 422 377 refocillari
437 349 560 382 possint,
574 353 629 375 tum
647 348 681 375 de
695 348 856 374 arteriarum
871 344 994 372 nﬂ'ectio-

205 395 287 422 nibus
304 402 337 422 ac
349 395 477 422 remediis
490 395 620 429 disputat.
646 393 684 421 De
698 393 828 421 catharro
844 397 952 426 quoque
963 397 995 418 ac

206 441 273 467 tussi
284 448 378 476 agens,
393 441 541 475 pharmaca
555 439 637 468 simul
652 439 737 467 tussis
746 438 866 466 dolorem
878 435 996 464 levantia

204 487 351 520 describit,
367 494 428 514 cum
438 486 617 514 suﬂitionibus
629 484 848 520 etepithematis.
858 482 895 510 De
905 482 998 510 ortho-

204 531 307 565 pnoicis
314 531 443 566 posthaec,
452 532 630 565 etanhelosis,
638 538 761 566 aegreque
774 528 999 564 spiritumducen-

206 576 277 604 tibus
292 576 421 610 disserit,
449 584 482 605 ac
499 577 533 605 de
549 577 768 612 palpitationibus
796 575 867 602 circa
888 581 946 601 cor.
960 573 998 601 De

206 621 351 657 pulmonis,
373 622 491 659 denique
517 629 549 649 ac
576 621 694 657 pectoris
724 619 825 648 morbis
855 622 998 654 postquam

206 666 457 699 tractavit,librum
476 667 583 695 tandem
608 667 735 694 claudunt
758 664 952 700 praeceptiOnes
966 665 999 690 de

207 711 366 745 pleuritide,
379 717 433 739 tam
450 719 511 747 quae
523 719 588 739 vere
610 712 703 743 adest,
723 718 805 745 quam
820 716 881 745 qua:
900 709 999 736 adeSse

207 762 337 791 putatur,
363 758 506 794 utriusque
533 758 627 785 harum
654 756 850 791 descriptione,
885 761 999 790 quaeque

207 802 241 828 ad
251 809 299 830 eas
315 803 449 830 curandas
463 802 573 836 faciunt,
587 802 714 837 adjectis.

1051 253 1234 288 συνιστάμενα
1254 250 1338 287 πάθη.
1353 251 1407 278 Καὶ
1416 252 1443 278 αἱ
1460 250 1584 282 aenidos;
1595 250 1618 267 ⁹⁰
1638 249 1667 276 δὲ
1679 249 1735 281 τοῖς
1757 249 1841 284 εἰρη-

1051 298 1142 333 μένοις
1156 297 1397 332 συμπεριέχονται.
1409 296 1471 327 Πῶς
1484 296 1514 322 τέ
1530 296 1590 323 ἐστι
1605 293 1716 322 δυνατὸν
1729 294 1840 320 ἀνακα-

1049 343 1178 370 λέσασθαι
1206 343 1270 373 τοὺς
1300 341 1528 377 ἀπαγχομένους,
1555 341 1639 377 μήπω
1665 340 1704 375 τῷ
1728 340 1838 374 θανάτιιέ

1050 389 1296 425 παραδεδομένους.
1306 389 1374 424 Περί
1380 397 1409 415 τε
1419 387 1593 423 ἀρτηριακῶν
1603 386 1696 414 παθῶν
1706 385 1754 413 καὶ
1763 393 1839 421 φαρ-

1051 436 1146 471 μάκων
1160 435 1323 470 ἀναγραφὴν
1339 435 1468 466 ποιεῖται,
1484 433 1607 468 καὶπερὶ
1620 432 1761 469 κατάρρου
1786 431 1842 458 καὶ

1050 483 1135 518 βηχός
1145 490 1152 499 ·
1167 483 1215 509 καὶ
1232 482 1354 509 ἀνώδυνα
1370 481 1471 517 βηχικά
1486 481 1620 517 φάρμακα
1635 479 1749 515 γράφει,
1766 479 1842 506 ὑποι-

1050 528 1223 564 καπνισμούς
1242 537 1272 555 τε
1296 529 1344 555 καὶ
1365 528 1529 562 ὲπιθέματα.
1559 526 1629 562 Περὶ
1648 525 1841 561 όρθοπνοῖκῶν

1050 583 1080 602 τε
1094 575 1140 602 καὶ
1151 575 1328 610 ἀσθματικῶν
1336 575 1384 601 καὶ
1395 573 1565 600 δυσπνοῖκῶν
1576 572 1768 607 διαλαμϐάνει,
1782 579 1839 598 πε-

1053 620 1079 654 ρί
1090 629 1120 647 τε
1140 620 1256 655 παλμῶν
1270 619 1324 646 τῶν
1337 620 1409 646 κατά
1422 620 1471 654 τὴν
1483 618 1598 654 καρδίαν
1609 626 1618 635 ν
1642 618 1690 645 καὶ
1705 617 1746 644 έτι
1767 616 1840 653 περί

1052 665 1104 702 [τε]
1119 667 1173 694 τῶν
1185 666 1233 694 τοῦ
1248 665 1398 701 πνεύμονος
1408 665 1456 692 καὶ
1473 665 1598 700 θώρακος
1609 664 1703 692 παθῶν
1725 662 1840 696 διεξιὼν

1053 710 1232 746 συμπεραίνει
1242 711 1288 738 τὸν
1301 710 1380 745 λόγον
1392 711 1432 742 είς
1443 710 1493 746 τὴν
1506 709 1681 737 διδασκαλίαν
1688 709 1738 744 τῆς
1748 708 1842 735 πλευ-

1053 756 1162 791 ρίτιδος,
1179 756 1229 791 τῆς
1239 765 1271 782 τε
1290 755 1373 791 οὔσης
1396 755 1444 782 καὶ
1457 755 1506 790 τῆς
1519 755 1712 791 νομιζομένης,
1736 754 1779 786 τίς
1804 762 1841 780 τε

1053 801 1171 838 ἑκατέρα
1184 801 1297 835 τούτων,
1306 801 1485 837 ὑπογράφων,
1501 801 1549 828 καὶ
1565 801 1616 828 ὅσα
1631 800 1671 832 εις
1686 798 1842 836 θεραπείαν

1052 847 1143 874 αὐτῶν
1163 848 1295 875 συντελεῖ.

243 885 320 915 Nono
332 886 400 915 libro
417 887 511 923 incipit
527 887 561 916 de
574 887 706 916 cardiacis
725 888 842 921 morbis.
858 889 999 924 pergitque

1084 892 1163 920 Κατὰ
1176 892 1205 919 δὲ
1224 893 1270 920 τὸν
1287 892 1310 920 θ’
1325 892 1406 927 λόγον
1434 892 1589 929 ἀπάρχεται
1613 892 1663 927 μὲν
1681 891 1746 927 περὶ
1766 900 1843 928 καρ-

208 938 289 966 porro
316 932 350 960 de
366 932 408 960 his
436 941 533 968 agere,
557 933 655 969 quibus
684 937 742 961 atra
762 934 816 962 bile
843 936 1001 962 stomachus

208 978 402 1012 perturbatur:
427 983 474 1005 aut
497 979 577 1014 siqui
600 984 731 1014 praetcrea
756 980 842 1008 morbi
856 980 1000 1007 ventriculi

208 1030 239 1050 os
271 1023 409 1050 infestant.
436 1024 636 1059 Cataplasmata
662 1025 695 1053 iis
710 1031 792 1061 atque
808 1026 930 1058 auxilia,
954 1027 1000 1060 qui

209 1068 293 1095 variis
306 1069 439 1097 stomachi
468 1070 546 1098 malis
560 1075 720 1105 torquentur
731 1091 741 1105 ,
759 1079 933 1100 enumerans.
948 1071 1000 1099 lbi-

207 1113 268 1141 dem
284 1115 317 1142 de
335 1115 369 1143 iis
379 1122 486 1151 quoque
506 1116 577 1151 agit,
590 1117 663 1152 quia
683 1118 826 1146 stomacho
843 1118 1001 1152 epileptico-

207 1167 266 1187 rum
277 1167 352 1188 more
364 1161 562 1195 convelluntur;
577 1162 695 1197 itemque
710 1163 742 1190 de
758 1163 951 1198 inappeteutia;
968 1163 1001 1191 de

206 1206 304 1233 canino
319 1207 457 1241 appetitu,
487 1208 641 1240 cruditate,
674 1213 702 1236 et
729 1210 824 1236 horutn
848 1209 999 1237 curatione.

213 1251 294 1279 Docet
306 1252 340 1279 ad
352 1253 408 1279 Inec
422 1261 474 1288 qua
491 1253 596 1281 ratione
607 1254 717 1288 crapula
732 1254 918 1282 laborantibus
940 1254 1001 1289 opi-

208 1296 345 1324 tulandum
358 1297 404 1329 sit,
417 1302 444 1325 et
458 1297 509 1325 alvi
518 1299 637 1326 astricta:
648 1306 741 1325 curam
749 1299 923 1334 praescripsit.
938 1299 1001 1334 Agit

207 1342 317 1376 insuper
333 1342 365 1369 de
384 1343 536 1376 inﬂatione,
552 1347 579 1370 et
612 1343 719 1371 volvulo
732 1364 740 1376 ,
768 1351 815 1371 seu
841 1345 994 1380 gracilioris

208 1387 327 1415 intestini
342 1388 525 1416 obstructione
536 1410 543 1423 ,
558 1397 589 1417 ac
603 1389 719 1424 denique
735 1391 767 1418 de
793 1390 919 1418 omnibus
931 1411 940 1424 ,
955 1391 1000 1425 qui

207 1433 301 1461 colicis
319 1434 456 1462 doloribus
475 1435 641 1462 cruciantur.
654 1434 693 1462 De
707 1436 810 1463 ventris
824 1436 950 1470 ﬂuxione,
961 1428 1002 1464 at-

207 1486 259 1514 que
274 1479 306 1506 de
321 1479 443 1512 cmliaca,
458 1487 539 1514 quam
553 1484 669 1512 vocanti,
697 1479 848 1507 ali‘ectione.
871 1480 908 1507 De
926 1481 1002 1507 colli-

207 1525 335 1558 quatioue
351 1533 359 1552 :
389 1525 422 1552 de
437 1525 650 1553 lumbriciscum
679 1525 803 1553 rotundis
814 1546 822 1559 ,
843 1530 899 1552 tum
914 1525 977 1553 latis
992 1536 998 1554 :

208 1571 240 1597 tle
258 1570 291 1598 iis
300 1578 360 1605 quae
370 1571 508 1598 ascarides
516 1572 700 1605 nominantur,
712 1571 798 1606 deque
813 1573 1000 1600 intestinorum

207 1615 494 1649 passionibus.Eorum
516 1624 623 1652 quoque
645 1618 765 1645 remedia
793 1618 932 1651 describit,
956 1619 1003 1653 qui

207 1669 312 1695 aurum,
331 1663 376 1696 qui
388 1670 440 1695 aes,
456 1663 498 1690 vel
519 1663 570 1690 tale
586 1663 649 1696 quid
666 1663 863 1698 deglutiverunt
878 1673 885 1691 :
902 1665 1004 1700 dysen-

208 1707 300 1734 tericis
311 1708 374 1734 item
389 1716 448 1743 qua:
460 1708 502 1736 vel
511 1715 628 1743 superne
645 1709 687 1736 vel
706 1709 811 1737 inferne
825 1710 1004 1742 immittantur

208 1752 325 1780 remedia
336 1759 532 1782 commemorat
541 1761 550 1781 ι
559 1753 689 1788 pastillos,
700 1756 848 1789 supposita,
858 1760 1003 1790 unguenta,

207 1803 372 1836 epithemata
383 1822 390 1834 ,
411 1801 497 1829 donec
512 1801 620 1829 tandem
636 1802 664 1829 in
680 1809 806 1830 sermone
833 1803 1004 1839 lienteria‘li-

206 1848 284 1875 brttm
302 1847 386 1875 ﬁniat.

241 1935 378 1963 Decimum
400 1936 498 1964 librum
514 1936 670 1972 auspicatur
687 1938 720 1965 ab
734 1937 917 1966 imbecillitate
928 1938 1004 1973 jeco-

209 1982 256 2015 ris,
274 1983 386 2016 indeque
399 1983 430 2009 de
442 1983 565 2010 omnibus
591 1983 697 2017 hepatis
714 1984 827 2017 morbis,
842 1988 871 2011 et
889 1992 937 2019 per
945 1992 1006 2019 quae

209 2031 303 2057 horum
324 2028 381 2054 ﬂeri
403 2028 534 2055 medicina
553 2032 643 2062 queat.
657 2028 747 2055 tradit.
766 2028 835 2056 Hinc
852 2030 886 2056 ad
906 2029 1006 2064 splenis

208 2079 294 2109 pergit
307 2073 463 2100 affectiones
473 2092 481 2105 ,
497 2072 611 2107 ejusque
624 2073 923 2108 variamlintemperietn
945 2083 1005 2102 cutn

208 2120 317 2149 curandi
332 2120 418 2147 modis
428 2121 509 2147 refert
524 2118 630 2156 :[tales]
642 2119 800 2151 inﬂationes,
821 2120 1008 2149 inﬂammatio-

208 2166 378 2198 nes,scirrln,
390 2170 508 2192 tumores
515 2169 611 2201 praeter
620 2169 742 2191 naturam
754 2169 834 2199 atque
842 2165 962 2193 durities.
970 2166 1008 2194 De

1048 937 1164 972 διακῶν,
1184 938 1363 973 διαλαμὸάνει
1386 938 1414 965 δὲ
1436 938 1535 974 ἑφεξῆς
1559 937 1624 973 περί
1647 946 1678 964 τε
1703 937 1758 964 τῶν
1782 937 1843 964 ὖπδ

1050 984 1181 1019 μελαίνης
1201 984 1284 1019 χολῆς
1306 983 1509 1019 ἐνοχλουμένων
1522 983 1568 1010 τὸν
1579 983 1601 1000 ⁹¹
1615 983 1764 1018 στόμαχον,
1786 983 1842 1010 καὶ

1050 1029 1143 1062 ἁπλῶς
1157 1030 1208 1057 ὅσα
1230 1030 1304 1065 πάθη
1322 1031 1394 1058 κατά
1413 1030 1444 1057 τὸ
1465 1029 1552 1064 στόμα
1571 1029 1622 1064 τῆς
1643 1027 1747 1060 κοιλίας
1772 1036 1844 1055 συν-

1051 1075 1166 1108 ίσταται,
1177 1075 1396 1111 καταπλάσματά
1411 1083 1441 1102 τε
1458 1075 1506 1102 καὶ
1522 1074 1684 1110 βοηθήματα
1696 1075 1753 1106 τοϊς
1763 1073 1845 1101 κατὰ

1049 1121 1166 1156 διάφορα
1188 1121 1261 1155 πάθη
1282 1121 1328 1148 τδν
1351 1121 1486 1156 στόμαχον
1502 1120 1707 1155 κεκακωμένοις
1724 1127 1846 1154 συναρι-

1050 1167 1137 1202 θμῶν.
1158 1167 1202 1193 Ἐν
1216 1164 1256 1198 οἷς
1271 1167 1318 1194 καὶ
1332 1166 1398 1202 περὶ
1410 1166 1465 1193 τῶν
1478 1166 1532 1194 ἀπὸ
1546 1166 1683 1201 στομάχου
1695 1165 1846 1201 ἐπιληπτι-

1050 1212 1105 1245 κῶς
1121 1213 1272 1247 σπωμένων
1286 1212 1422 1244 διέξεισιν,
1436 1211 1578 1247 ἀνορεξίας
1591 1220 1622 1238 τε
1636 1211 1684 1238 καὶ
1702 1211 1845 1244 κυνὼδους

1049 1257 1166 1293 ὀρέξεως
1180 1257 1227 1284 καὶ
1244 1256 1378 1292 ἀπεψίας,
1402 1257 1451 1284 καὶ
1468 1256 1616 1292 θεραπείας
1630 1256 1742 1283 τούτων.
1757 1256 1845 1282 Διδά-

1052 1311 1111 1329 σκει
1136 1303 1164 1329 δὲ
1192 1302 1240 1330 καὶ
1269 1303 1343 1334 ὅπως
1377 1302 1523 1338 βοηθητέον
1552 1303 1608 1334 τοῖς
1637 1301 1843 1337 κραιπαλῶσιν.

1056 1347 1224 1383 Ἐπεχομένῃ
1236 1356 1266 1374 τε
1282 1348 1380 1383 γαστρὶ
1393 1347 1528 1375 διατάττει
1545 1347 1715 1382 ἐπιμέλειαν,
1732 1347 1798 1383 περί
1809 1355 1845 1373 τε

1051 1393 1307 1428 ἑμπνευματώσεως
1325 1394 1373 1420 καὶ
1397 1393 1486 1425 ἰλεοῦ,
1509 1393 1556 1420 καὶ
1580 1393 1674 1425 ἀπλῶς
1696 1393 1760 1428 περὶ
1782 1392 1846 1420 τῶν

1050 1438 1225 1473 όδυνωμένων
1244 1438 1275 1464 τὸ
1297 1438 1395 1465 κῶλον·
1413 1438 1461 1465 καὶ
1477 1439 1542 1475 περὶ
1557 1438 1661 1470 κοιλίας
1675 1437 1846 1474 ῥευματιζο-

1054 1484 1148 1520 μένης,
1165 1485 1214 1519 τῆς
1237 1493 1267 1510 τε
1291 1484 1432 1520 κοιλιακῆς
1452 1484 1602 1520 λεγομένης
1619 1484 1774 1516 διαθέσεως,
1791 1484 1846 1510 καὶ

1052 1530 1117 1565 περὶ
1133 1529 1295 1565 συντήξεως,
1310 1529 1374 1565 περί
1391 1538 1421 1556 τε
1433 1529 1578 1564 ἑλμίνθων,
1591 1529 1646 1556 τῶν
1660 1538 1689 1555 τε
1706 1528 1848 1564 στρογγύ-

1053 1575 1106 1601 λων
1118 1575 1165 1601 καὶ
1180 1574 1229 1609 τῆς
1244 1574 1376 1607 πλατείας
1384 1574 1496 1601 καὶτῶν
1507 1573 1661 1610 ἀσκαρίδων
1674 1574 1846 1609 λεγομένων.

1053 1620 1120 1656 Περί
1137 1629 1166 1647 τε
1183 1619 1238 1647 τῶν
1260 1621 1331 1647 κατά
1350 1621 1384 1647 τὰ
1401 1621 1498 1656 ἔντερα
1514 1619 1717 1655 συνισταμένων
1732 1619 1847 1653 παθῶν,

1053 1665 1101 1692 καὶ
1120 1666 1192 1697 ὅσοις
1209 1665 1309 1700 χρυσὸς
1328 1665 1345 1701 ἢ
1368 1665 1467 1700 χαλκὸς
1483 1665 1501 1701 ἡ
1522 1674 1550 1692 τι
1569 1665 1691 1693 τοιοῦτον
1705 1665 1727 1681 ⁹¹
1741 1665 1845 1700 ἐπόθη.

1054 1712 1162 1738 Τούτων
1172 1720 1200 1737 τε
1219 1711 1380 1746 βοηθήματα
1395 1711 1559 1747 ἀναγράφει,
1580 1711 1627 1739 καὶ
1643 1710 1848 1746 δυσεντερικοῖς

1054 1757 1088 1783 τὰ
1113 1756 1247 1792 λεγόμενα
1275 1757 1429 1792 ἀνωτερικὰ
1454 1757 1501 1784 καὶ
1522 1757 1695 1792 κατωτερικά
1720 1757 1849 1791 ὲνέματα.

1055 1802 1199 1836 καταλέγει
1213 1801 1245 1835 ⁸³,
1265 1803 1426 1837 τροχίσκους
1438 1810 1468 1828 τε
1482 1802 1530 1829 καὶ
1545 1801 1664 1829 ὑποθετὰ
1677 1802 1726 1829 καὶ
1738 1802 1851 1837 ἐπιχρί-

1056 1856 1147 1883 σματα
1163 1847 1210 1874 καὶ
1221 1847 1386 1882 ὲπιθέματα.
1401 1848 1449 1874 καὶ
1460 1847 1553 1874 λοιπὸν
1565 1848 1604 1879 είς
1614 1847 1660 1874 τὸν
1675 1847 1739 1882 περὶ
1755 1847 1849 1874 λειεν-

1054 1904 1083 1922 τε
1087 1896 1149 1931 ρίας
1164 1895 1313 1931 καταλήγει
1331 1895 1420 1929 λόγον.

1096 1941 1126 1968 'U
1139 1941 1167 1968 δὲ
1179 1945 1192 1967 ι’
1209 1941 1285 1976 αὐτῷ
1299 1941 1323 1958 ’⁸
1336 1941 1413 1975 λόγος
1427 1941 1582 1975 ὰπάρχεται
1595 1940 1645 1975 μὲν
1659 1939 1723 1975 περὶ
1736 1939 1850 1974 ἥπατος

1055 1987 1175 2019 ἀτονίας,
1199 1986 1327 2014 κάκεῖθεν
1349 1986 1413 2021 περὶ
1435 1986 1543 2013 πάντων
1562 1985 1643 2012 αὐτοῦ
1661 1985 1716 2011 τῶν
1736 1984 1848 2018 παθῶν,

1057 2033 1104 2061 καὶ
1116 2033 1149 2060 δι’
1163 2031 1201 2060 ὧν
1216 2033 1249 2060 ἂν
1265 2032 1446 2069 θεραπευθείη
1457 2033 1554 2065 ταῦτα,
1571 2031 1760 2067 διαλαμϐάνει.
1775 2027 1850 2058 Εἶτα

1058 2080 1215 2116 μεταϐαίνει
1228 2079 1295 2114 πρὸς
1306 2078 1355 2111 τὰς
1366 2079 1394 2105 ὲν
1408 2079 1506 2113 σπληνὶ
1518 2078 1663 2110 διαθέσεις,
1674 2077 1850 2112 δυσκρασίας

1056 2134 1087 2152 τε
1110 2126 1192 2153 αὐτοῦ
1218 2126 1265 2152 καὶ
1285 2125 1432 2160 θεραπείας
1454 2124 1571 2158 διεξιὼν,
1599 2123 1858 2159 ἐμπνευματώσεις

1058 2172 1105 2198 καὶ
1131 2171 1284 2206 φλεγμονὰς
1300 2171 1348 2197 καὶ¹
1362 2170 1492 2205 σκίρρους
1502 2170 1525 2186 ’⁵
1535 2169 1583 2196 καὶ
1595 2169 1660 2201 τοὺς
1672 2167 1750 2204 παρᾶ
1761 2168 1851 2203 φύσιν

209 2212 292 2238 ictcro
308 2217 363 2237 tum
385 2211 450 2245 agit,
468 2218 514 2237 seu
532 2211 625 2237 morbo
637 2215 759 2244 arquato,
772 2215 799 2237 et
816 2210 849 2237 de
863 2210 931 2238 mala
944 2219 999 2239 cor-

1057 2218 1153 2252 ὕγκηυς
1169 2218 1216 2245 καὶ
1232 2217 1280 2250 τὰς
1297 2217 1442 2252 σκληρίας·
1459 2216 1524 2252 περί
1543 2224 1573 2243 τε
1593 2215 1699 2251 ἰκτέρου
1715 2216 1762 2242 καὶ
1776 2224 1851 2251 καχ-

208 2258 280 2292 poris
291 2258 447 2286 habitudine
458 2264 466 2284 :
479 2257 594 2291 itemque
608 2257 640 2283 de
651 2256 779 2291 hydrope.
788 2258 845 2285 sive
856 2265 925 2293 aqua
937 2259 1007 2287 inter

207 2309 297 2330 rutem
308 2313 315 2330 :
327 2303 397 2330 unde
407 2302 504 2337 singuli
517 2302 545 2330 hi
559 2302 644 2329 morbi
658 2307 816 2333 nascantur,
825 2306 852 2329 et
871 2305 1006 2337 quomodo

208 2348 298 2376 t-urari
310 2348 415 2383 possint
429 2349 473 2375 via
485 2355 517 2375 ac
531 2348 633 2375 ratione
651 2347 732 2374 tradit
749 2356 757 2374 :
773 2354 828 2383 quo
839 2348 899 2375 libri
907 2348 1006 2376 decimi

209 2396 284 2422 labor
301 2389 478 2421 terminatur:

248 2440 344 2475 17912
368 2439 518 2467 Undecimo
531 2440 600 2466 libro
619 2440 651 2466 de
664 2439 771 2467 diabete
788 2439 849 2472 (hoc
863 2439 911 2473 {est
922 2440 1007 2468 urina:

209 2485 352 2522 proﬂuvio)
367 2489 482 2517 tractat,
499 2490 525 2512 et
541 2485 574 2512 de
594 2493 687 2512 renum
704 2485 887 2512 imbecillitate
908 2490 1008 2512 cruen'

211 2540 263 2558 tam
293 2531 397 2558 urinam
429 2530 640 2559 excernentium.
662 2530 773 2557 iiiucde
786 2530 925 2558 calculosis
941 2532 1010 2557 reni-

211 2580 277 2607 bus.
299 2576 432 2604 calculosa
448 2577 554 2609 vesica,
570 2584 600 2604 ac
618 2577 650 2603 de
674 2584 767 2603 renum
791 2575 1010 2609 inﬂammatione,

211 2622 321 2654 duritia,
337 2623 538 2657 suppuratione.
552 2623 587 2649 De
598 2622 705 2657 dysuria
720 2629 825 2656 quoque
842 2628 865 2648 et
883 2626 1008 2656 strangu-

212 2667 269 2701 ria,
283 2672 363 2703 atque
382 2668 510 2695 ischuria.
530 2668 567 2695 De
591 2667 707 2695 resoluta
725 2667 812 2694 vesica
825 2686 832 2699 ,
844 2667 941 2699 dehis,
961 2669 1006 2701 qui

212 2721 242 2741 se
272 2713 299 2741 in
327 2714 431 2742 somnis
452 2713 647 2749 permingunt:
671 2714 704 2740 dc
732 2712 895 2740 inﬂammata
916 2713 1005 2739 vesica

1057 2263 1142 2296 εξίας,
1162 2263 1210 2290 καὶ
1226 2263 1291 2298 περὶ
1307 2262 1420 2297 ὑδέρων,
1439 2262 1501 2289 ὅθεν
1517 2271 1547 2288 τε
1562 2261 1665 2288 τούτων
1682 2261 1849 2288 συνίσταται

1057 2309 1171 2336 ἕκαστον
1184 2309 1232 2335 καὶ¹
1247 2309 1306 2340 πῶς
1323 2308 1357 2335 ἂν
1370 2308 1563 2343 θεραπευθείη,
1581 2307 1708 2343 μεθόδους
1724 2307 1850 2342 παραδι-

1056 2355 1128 2386 δούς.
1144 2355 1190 2382 Ἐν
1206 2351 1246 2386 οἷς
1260 2354 1336 2390 αὐτῷ
1352 2354 1398 2381 καὶ
1411 2355 1426 2382 ό
1441 2357 1455 2380 t'
1469 2353 1684 2389 συμπεραινεται
1696 2352 1789 2384 πόνος.

1097 2443 1141 2468 Ἐν
1157 2442 1185 2468 δὲ
1201 2442 1241 2478 τῷ
1255 2446 1289 2469 ια’
1303 2443 1369 2478 περί
1390 2452 1420 2470 τε
1439 2443 1567 2478 διαδήτου
1581 2442 1778 2478 διαλαμϐάνει,
1798 2443 1851 2470 καὶ

1058 2489 1166 2520 ἀτονίας
1188 2489 1304 2524 νεφρῶν,
1326 2489 1441 2524 αἶματός
1461 2489 1525 2526 [295
1540 2489 1588 2525 1-1.]
1609 2498 1640 2516 τε
1660 2489 1848 2523 ἐξουρήσεως,

1059 2534 1106 2560 καὶ
1129 2534 1193 2570 περὶ
1205 2533 1353 2561 λιθιώντων
1369 2535 1476 2570 νεφρῶν
1499 2535 1546 2562 καὶ
1563 2534 1694 2570 λιθιώσης
1709 2534 1847 2567 κύστεως,

1060 2579 1214 2614 φλεγμονῆς
1227 2589 1256 2606 τε
1272 2581 1378 2616 νεφρῶν
1393 2581 1439 2607 καὶ
1454 2581 1586 2617 σκληρίας
1599 2580 1647 2608 καὶ
1660 2581 1847 2616 διαπυήσεως,

1057 2624 1199 2660 δυσουρίας
1214 2634 1244 2652 τε
1263 2626 1310 2652 καὶ
1328 2626 1530 2661 στραγγουρίας
1548 2626 1595 2653 καὶ
1613 2624 1763 2660 ἰσχουρίας,
1779 2625 1849 2660 περί

1056 2677 1086 2695 τε
1100 2670 1304 2706 παραλυθείσης
1317 2671 1448 2703 κύστεως,
1459 2671 1571 2698 καὶτῶν
1583 2671 1652 2698 κατὰ
1665 2672 1727 2702 τοὺς
1741 2670 1850 2702 ὕπνους

1056 2715 1087 2741 οὐ
1103 2715 1271 2751 κατεχόντων
1287 2716 1351 2752 [575
1361 2716 1406 2752 R.]
1421 2717 1451 2743 τὸ
1461 2717 1485 2734 ⁸⁸
1495 2716 1585 2752 οὖρον·
1600 2716 1664 2752 περί
1676 2724 1705 2743 τε
1720 2715 1849 2747 κύστεως

825 2777 942 2805 νΑιιιΛ]
963 2778 1162 2808 LECTIONES.

247 2828 270 2844 ‘°
281 2827 385 2858 άντιδες
401 2836 430 2859 ς.
468 2827 489 2842 ⁰¹
510 2826 556 2852 τὸν
575 2825 636 2852 add.
663 2825 695 2851 A.

211 2861 326 2897 λέγεις.
374 2861 396 2878 ³⁸
415 2861 497 2889 αὐτοῦ
511 2869 540 2894 ς.
579 2860 602 2878 ’⁵
622 2861 730 2895 σκίρους
749 2860 779 2886 Λ.
812 2861 834 2876 9'
851 2860 880 2886 τὸ
895 2860 956 2887 add.
971 2863 1003 2887 Α,

743 2825 764 2864 ’ξ
780 2824 909 2864 τοξοῦτρν]
923 2825 1046 2864 τοιοῦτον
1068 2826 1163 2863 ἓτερον
1193 2829 1378 2864 apographum
1402 2828 1543 2864 Stephani.

1595 2829 1618 2846 "
1635 2829 1784 2864 καταλέγει
1798 2831 1818 2858 Δ
1837 2840 1843 2857 :
