1916 3092
24 149 66 181 729

556 149 817 180 BIBLIOTHECA.
825 162 861 168 -
874 151 955 189 COD.
975 151 1099 182 CCXXI.

1589 154 1644 185 730

25 207 227 242 φλεγμαινούσης
238 226 246 240 ,
270 207 317 234 καὶ
334 206 385 242 τῆς
408 206 469 234 κατ’Ι
493 205 578 240 αὐτὴν
593 205 792 242 αἱμοῤῥαγίας,
808 226 813 236 λ

870 207 919 233 :de
929 208 1067 242 sanguinis
1078 215 1127 243 per
1141 216 1200 236 eam
1223 209 1364 243 eruptione
1373 228 1381 241 ,
1396 208 1484 244 dequo
1513 209 1645 237 exsisteu-

24 254 62 279 καὶ
84 253 134 279 τῶν
165 253 368 288 συνισταμένων
392 253 422 279 ὲν
446 252 515 286 αὐτῇ
541 252 668 287 Θρόμϐων
694 260 724 278 τε
748 253 794 278 καὶ

25 299 140 333 σνμάτων
160 300 208 326 καὶ
223 299 310 326 ἑλκῶν
323 307 331 315 ·
347 299 394 325 καὶ
415 298 479 332 περὶ
495 298 728 333 ρευματιζομένης
747 298 796 325 καὶ

23 345 155 379 ᾁωριώσης
172 345 313 376 κύστεως·
330 345 393 379 περί
402 352 432 370 τε
450 344 635 379 σατυριάσεως
654 345 701 370 καὶ
712 352 796 379 πρια-

26 389 113 424 πισμοῦ
142 390 192 416 καὶ
216 388 376 426 γονορροίοις
401 388 450 415 καὶ
483 387 659 422 ὀνειρώξεως.
687 388 797 415 Τούτων

26 436 136 462 ἁπάντων
150 434 206 462 τῶν
229 434 383 470 εἰρημένων
405 432 500 460 παθῶν
516 433 566 464 τάς
584 442 614 459 τε
636 432 740 465 αἰτίας,
758 432 797 464 ὡς

25 480 68 508 ιῖίν
86 481 115 507 τέ
137 481 208 513 ἐστι,
232 479 394 513 καταλέγει,
414 480 463 506 καὶ
482 479 531 511 τὰς
552 479 729 514 προφυλακὰς
749 479 798 506 καὶ

27 526 160 561 θεραπείας
177 525 281 553 αὐτῶν.
299 526 366 552 Κατ’
381 524 448 552 αὐτὸ
462 525 491 552 δὲ
512 524 542 551 τὸ
558 524 634 556 τέλος
652 523 698 550 τοῦ
717 524 797 558 λόγου

844 252 917 280 tibus
931 253 957 279 in
977 261 1008 281 ea
1024 254 1144 288 grumis,
1161 255 1309 282 tuberculis
1320 275 1329 288 ,
1345 255 1499 282 ulceribus:
1526 255 1644 290 itemque

844 298 877 326 de
893 300 987 326 vesicae
1003 300 1119 327 ﬂuxione
1141 307 1174 328 ac
1190 302 1289 328 scabie.
1312 302 1350 328 De
1371 301 1512 336 satyriasi.
1544 301 1645 335 priapi-

844 347 922 375 smo,
939 343 1051 370 seminis
1073 343 1144 371 ﬂuxu
1155 364 1163 377 ,
1178 352 1209 371 ac
1221 344 1247 371 in
1265 345 1366 372 somnis
1389 344 1530 380 proﬂuvio.
1543 344 1644 371 Ilorum

844 387 964 415 omnium
990 388 1146 416 morborum
1162 397 1259 418 causas
1269 409 1278 422 ,
1292 389 1378 424 quoad
1389 389 1448 423 ejus
1463 389 1520 417 fieri
1537 394 1643 424 potest,

851 432 983 467 explicat,
1003 438 1030 461 et
1047 434 1186 463 cautiones
1199 435 1407 470 curationesque
1428 442 1531 462 eorum.
1549 435 1645 461 Extre-

850 485 896 506 mo
904 485 969 506 vero
983 479 1052 507 libro
1067 480 1100 508 iis
1122 487 1241 517 quoque,
1257 481 1302 516 qui
1323 480 1428 509 Venere
1443 481 1482 508 uti
1498 485 1643 515 nequeant,

850 525 980 553 exercitia
993 526 1201 562 curationesque
1218 527 1323 554 statuit.

26 577 62 601 κιὶ
75 577 138 610 περὶ
152 575 208 602 τῶν
227 574 264 610 μὴ
283 573 438 608 δυναμένων
454 572 606 608 Χρὴσασθαι
624 571 801 607 ἀφροδισίοις,
817 573 971 608 γυμνασίας
984 582 1013 600 τε
1030 574 1120 602 αὐτῶν
1135 575 1183 602 καὶ
1197 575 1346 611 θεραπείας
1362 574 1512 602 διατάττει.

57 622 97 647 Ἐν
108 621 137 648 δὲ
147 620 189 655 τῷ
202 619 234 655 ιβ’
246 619 319 654 λόγῳ
330 618 393 654 περὶ
405 617 524 653 ίσχιάδος
535 618 582 644 καὶ
592 618 657 653 περὶ
667 617 805 652 ποδάγρας

27 667 63 692 nt
84 665 241 701 ἁρθρίτιδος
266 663 459 698 διαλαμϐάνει,
487 661 578 694 αἰτίας
602 670 633 688 τε
657 661 804 692 καθολικὰς

26 712 68 738 τῶν
81 711 177 738 παθῶν
188 710 294 737 τούτων
308 708 476 742 καταλέγων,
493 707 541 734 καὶ
555 707 617 734 ὅσαι
630 706 677 733 ἐπὶ
694 707 805 742 μέρους,

27 759 63 785 ul
79 756 257 788 παντοδαπὰς
275 754 422 792 θεραπείας
446 753 537 781 αὐτῶν
560 761 590 779 τε
608 752 655 779 καὶ
675 752 726 779 ὅσα
745 752 806 779 κατ’

28 804 84 830 αὐτὰ
107 801 306 837 ἔπισυμϐαίνει
329 801 470 835 νοσήματα
493 799 592 834 ἕτερα,
622 796 752 828 κενώσεις
775 805 806 823 τε

27 850 103 876 aitth
114 849 277 884 διαφόρους,
295 847 343 874 καὶ
358 846 496 881 πρίσματα
513 845 561 872 καὶ
577 843 745 879 μαλάγματα
760 843 807 870 καὶ

28 894 213 930 σδγχρίσματα
236 893 285 920 καὶ
299 892 389 919 ἄκοπα
403 890 450 917 καὶ
464 889 621 925 ἀλείμματα
641 888 807 920 συντάττων,

28 939 172 975 ιαθαρτικά
184 947 215 965 τε
231 937 388 974 ἁρμόζοντα
400 936 504 966 τούτοις
517 934 565 961 καὶ
579 933 744 966 ἁντιδὸτους,
761 932 808 960 καὶ

28 988 66 1013 ὅσα
80 986 150 1012 ἄλλα
165 984 237 1020 πρὸς
255 984 306 1019 τὴν
324 983 379 1009 τῶν
400 981 553 1017 εἰρημένων
568 980 729 1016 νοσημάτων
746 978 810 1015 βοή-

29 1031 93 1058 θειαν
106 1031 213 1065 ἀφορᾷ.
420 1052 421 1055 η

59 1077 102 1103 Ἐν
124 1076 155 1103 δὲ
177 1075 218 1111 τῷ
240 1074 275 1110 ιγ’
301 1074 374 1110 λόγῳ
398 1075 464 1111 περὶ
486 1073 608 1102 δακετῶν
632 1070 812 1107 διαλαμϐάνει

29 1122 106 1155 ζώων,
121 1121 156 1153 ἃς
173 1120 283 1148 ποιοῦσι
301 1120 435 1153 διαθέσεις
450 1121 497 1148 καὶ
513 1119 587 1154 πάοη
605 1118 669 1154 περὶ
684 1117 748 1148 τοὺς
764 1116 808 1152 δη-

29 1169 153 1203 lem“,
169 1167 219 1194 καὶ
234 1167 285 1198 τὰς
299 1165 403 1193 τούτων
420 1167 506 1198 ἰάσεις
521 1163 742 1200 ἐκδιηγούμενος.
759 1162 814 1188 Καὶ

31 1215 56 1250 δὴ
70 1215 116 1241 καὶ
130 1214 197 1249 περὶ
209 1213 264 1239 τῶν
281 1212 391 1239 ἰοϐόλων
405 1212 507 1248 θηρίων
522 1211 571 1246 τὴν
583 1209 680 1246 ὁμοίαν
694 1209 815 1235 ποιεῖται

31 1259 210 1287 διδασκαλίαν.
227 1259 266 1285 Οὐ
283 1259 362 1294 μόνον
376 1258 415 1291 δὲ,
426 1258 494 1285 ἀλλὰ
506 1257 553 1284 καὶ
567 1257 617 1283 ὅσα
628 1256 682 1282 τῶν
694 1253 784 1289 φυτῶν
797 1253 814 1289 ἢ

33 1306 144 1341 βοτανῶν
165 1305 321 1340 δηλητήρια
341 1303 445 1338 γίνεται
470 1304 525 1334 τοῖς
547 1301 709 1338 χρωμένοις,
729 1299 816 1334 δηλῶ-

34 1360 72 1377 ειι
85 1351 107 1366 ’⁷
127 1350 249 1383 σπουδὴν
276 1344 403 1376 ποιεῖται.
416 1348 472 1375 Καὶ
488 1348 552 1382 περὶ
575 1347 703 1382 μυκήτων
722 1344 750 1371 δὲ
770 1344 817 1370 καλ¹

31 1397 140 1431 αἳματος
162 1394 292 1430 ταυρείου
315 1395 363 1421 καὶ
385 1393 590 1430 θρομϐωθέντος
612 1393 642 1418 ὲν
664 1392 697 1427 τῇ
720 1390 819 1425 γαστρὶ

32 1442 162 1475 γάλακτος
181 1439 384 1475 παραπλησίως
399 1439 422 1455 ⁸⁸
441 1437 638 1472 διαλαμϐάνει·
657 1436 706 1462 ὅσα
720 1444 750 1462 τε
764 1435 818 1461 τῶν

894 618 1058 648 Duodecimo
1082 620 1152 649 libro
1172 621 1205 648 de
1229 621 1351 648 ischiade
1365 625 1393 647 et
1419 621 1537 655 podagra
1565 623 1645 653 atque

858 665 1003 693 artltritide
1029 666 1087 694 sive
1114 666 1256 694 articulari
1287 667 1384 693 morbo
1396 666 1453 701 agit
1469 674 1476 693 :
1493 666 1588 692 horum
1609 665 1646 690 si-

859 711 914 738 mul
927 718 1025 740 causas
1040 719 1101 740 cum
1121 713 1274 748 generales,
1309 717 1365 740 tum
1391 712 1544 747 singulares
1560 721 1646 740 exuu-

859 763 937 790 nens,
953 765 1005 784 una
1020 765 1083 785 cum
1098 758 1183 786 variis
1196 759 1394 790 curationibus,
1408 763 1434 785 et
1445 758 1468 786 si
1485 759 1531 793 qui
1550 758 1583 784 ad
1596 758 1646 786 hos

860 803 990 831 accedere
1014 804 1060 832 alii
1085 805 1173 832 morbi
1202 804 1302 833 solent.
1336 804 1433 832 Varias
1451 805 1516 832 item
1549 805 1644 831 horum

857 849 1060 884 evacuationes,
1080 851 1236 884 unctiones,
1253 851 1426 887 malagmata,
1439 850 1643 884 perunctiones,

858 902 953 929 scopa,
971 900 1109 931 unguenta
1119 896 1271 931 praescrihit
1286 903 1293 923 :
1307 896 1449 931 purgantis
1464 903 1572 930 quoque
1592 895 1645 922 illis

859 941 1061 968 accommodata
1075 946 1104 969 et
1119 942 1267 974 antidotos,
1290 941 1400 976 aliaque
1423 941 1551 977 plurima,
1583 949 1644 976 quae

859 993 939 1022 opem
959 987 1012 1014 illis
1026 988 1129 1016 morbis
1142 987 1242 1016 an‘erre
1261 988 1378 1023 possint.

900 1076 992 1106 Tertio
1003 1077 1108 1105 decimo
1122 1075 1193 1105 libro
1213 1077 1247 1104 de
1274 1083 1366 1104 morsu
1382 1075 1488 1104 infestis
1501 1075 1647 1102 animanti-

862 1126 913 1153 bus
928 1132 1021 1160 agens,
1041 1123 1122 1151 simul
1134 1131 1202 1158 quas
1217 1124 1275 1151 haec
1291 1123 1389 1150 morsis
1410 1122 1451 1149 vel
1477 1121 1646 1152 aﬂ'ectiones.

864 1171 905 1198 vel
920 1171 1029 1197 morbos
1042 1168 1168 1201 aﬂeraut,
1186 1169 1409 1204 singularumque
1432 1167 1550 1195 medelas
1564 1175 1648 1198 expo-

864 1217 916 1244 nit.
933 1216 999 1243 lliuc
1011 1222 1038 1242 et
1051 1216 1084 1242 de
1098 1215 1161 1242 feris
1173 1222 1306 1242 venenum
1318 1213 1515 1248 ejaculantibus
1532 1212 1648 1239 similem

866 1263 1016 1289 doctrinam
1030 1262 1121 1288 tradit.
1136 1260 1204 1294 Quin
1218 1265 1246 1287 et
1256 1260 1360 1294 plantas
1373 1265 1455 1294 atque
1470 1260 1577 1290 herbas,
1591 1266 1651 1293 qua).

866 1316 968 1335 venena
985 1309 1049 1339 sint,
1077 1312 1105 1334 et
1123 1307 1261 1334 utentibus
1289 1307 1380 1338 noxia,
1414 1307 1470 1340 pari
1491 1306 1581 1333 studio
1600 1306 1648 1332 de-

867 1358 1011 1380 monstrat.
1030 1352 1068 1378 De
1094 1351 1184 1383 fungis
1201 1351 1295 1383 etiam,
1315 1359 1346 1377 ac
1368 1351 1499 1386 sanguine
1535 1351 1653 1381 taurino,

869 1398 955 1431 deque
987 1397 1055 1423 lacte
1080 1396 1108 1423 in
1132 1402 1224 1423 ventre
1255 1401 1349 1423 coacto
1373 1396 1510 1430 ingrtlmos
1539 1396 1654 1429 amplius

870 1444 958 1471 docet.
977 1443 1042 1476 Quae
1056 1443 1119 1469 item
1145 1442 1280 1469 metallica
1309 1442 1439 1469 animanti
1467 1442 1546 1468 noxia
1577 1441 1598 1468 si
1628 1441 1654 1467 in

33 1486 200 1522 μεταλλικῶν
215 1486 353 1521 φθαρτικὰ
365 1485 403 1520 τῷ
420 1485 481 1520 ζώῳ
495 1483 600 1518 γίνεται
615 1481 685 1509 κατὰ
698 1481 813 1515 γαστέρα

870 1495 989 1516 ventrem
1008 1489 1161 1520 mittantur,
1184 1493 1211 1515 et
1234 1489 1330 1515 horum
1355 1488 1521 1523 explanatio.
1545 1488 1586 1514 Ad
1600 1488 1658 1514 haec

32 1535 187 1569 ληφθέντα,
209 1533 258 1560 καὶ
284 1532 347 1567 περὶ
372 1531 461 1558 αὐτῶν
483 1529 590 1556 ἔκθεσιν
614 1529 740 1554 ποιεῖται.
766 1527 813 1552 Καῑ

871 1536 903 1564 de
925 1535 1028 1570 frigidae
1058 1535 1098 1562 vel
1114 1535 1167 1561 vini
1189 1540 1264 1569 potu,
1282 1533 1328 1568 qui
1349 1534 1451 1561 homini
1480 1537 1586 1560 noceat.
1619 1532 1658 1559 De

33 1581 93 1615 περὶ
107 1578 300 1615 ψυχροποσίας
315 1578 332 1613 ἢ
353 1576 507 1608 οἰνοποσίας
523 1573 689 1605 ὲπιϐλαϐοὗς
703 1573 742 1608 τῷ
759 1571 813 1608 ζὼς,

872 1581 1055 1617 strangulatis,
1075 1585 1102 1608 et
1115 1581 1160 1615 qui
1176 1581 1200 1607 in
1220 1580 1297 1614 aquis
1314 1587 1329 1606 a
1357 1578 1534 1606 suﬁ‘ocatione
1548 1577 1659 1613 pericli-

34 1627 236 1661 γεγενημένης
255 1625 319 1659 περί
340 1632 369 1650 τε
392 1623 446 1649 τῶν
472 1621 682 1657 ἀπαγχομένων,
699 1619 747 1646 καὶ
766 1619 811 1645 ὂσο

873 1632 974 1659 tantur.
991 1632 1036 1654 attt
1050 1634 1083 1654 ex
1100 1627 1175 1654 edito
1190 1626 1249 1653 loco
1264 1625 1478 1660 praecipitarunt.
1496 1624 1533 1651 De
1545 1631 1659 1658 pratser-

35 1675 61 1699 ὲν
79 1674 159 1700 ὕδασι
181 1671 385 1699 κινδυνεύουσιν
406 1669 608 1704 ἀποπνιγῆναι,
629 1669 676 1694 καὶ
694 1666 749 1694 τῶν
770 1665 813 1694 ἀτιὲ

873 1673 1000 1700 vautibns
1019 1680 1051 1699 ac
1081 1672 1208 1707 praesagis
1228 1671 1421 1702 animantibus,
1443 1669 1594 1704 praesertim
1611 1668 1662 1696 do-

38 1719 176 1755 μετεὼρου
193 1727 269 1750 τινος
285 1717 468 1744 πεπτωκότων
478 1737 485 1749 ,
502 1715 551 1742 καὶ
574 1715 607 1750 δὴ
623 1715 671 1741 καὶ
693 1714 758 1749 περὶ
772 1713 825 1738 τῶν

38 1764 268 1801 προφυλακτικῶν
288 1764 336 1789 καὶ
356 1760 568 1798 προγνωστικῶν
590 1759 668 1792 ζώων
684 1759 739 1786 τῶν
756 1757 828 1785 κατὰ

38 1810 83 1840 τὰς
106 1809 199 1840 οἰκίας
214 1809 238 1825 ν’
255 1807 439 1843 τρεφομένων.
471 1806 533 1832 Ἐπὶ
556 1805 660 1836 τούτοις
689 1804 754 1840 περὶ
779 1805 829 1838 τῆς

38 1856 147 1890 ἐχιδνῶν
162 1854 302 1889 θηριακῆς
324 1852 506 1888 Ἀνδρομάχου
523 1850 716 1886 διαλαμϐάνει,
735 1850 785 1884 τήν
799 1857 830 1875 τε

39 1901 214 1936 κατασκευὴν
230 1900 316 1935 αὐτῆς
329 1900 376 1926 καὶ
390 1899 438 1933 τὴν
454 1898 554 1933 χρῆσιν
571 1898 619 1924 καὶ
634 1896 679 1923 τὸν
693 1895 743 1931 τῆς
760 1895 830 1930 χρή-

40 1958 107 1981 σεως
119 1948 231 1984 χρόνον,
245 1945 406 1980 δοκιμασίας
418 1953 448 1971 τε
464 1944 511 1971 καὶ
525 1944 624 1979 μέτρον
638 1943 647 1959 ¹
664 1942 772 1973 δόσεως.
785 1941 833 1967 καὶ

39 1996 108 2022 τίσιν
124 1993 246 2029 ἁρμόζει
262 1991 316 2019 τῶν
332 1991 504 2026 νοσημάτων,
522 1989 698 2024 ἀναγράφων.
719 1986 787 2022 Περί
802 1995 833 2013 τε

40 2041 127 2067 ἀλλων
150 2037 295 2074 Θηριακῶν
307 2057 314 2068 ,
337 2037 384 2063 καὶ
405 2037 454 2071 τῆς
474 2033 667 2070 Μιθριδατείου
685 2032 834 2064 ἅντιδότου,

42 2085 216 2120 κατασκευῆς
231 2092 262 2110 τε
276 2084 323 2110 καὶ
337 2084 473 2118 χρήσεως,
487 2081 535 2107 καὶ
550 2080 592 2115 ἐφ’
606 2078 644 2107 ὧν
659 2077 834 2114 χρησιμεύει.

876 1719 1006 1746 mesticis.
1028 1718 1096 1746 Hinc
1123 1718 1156 1745 tle
1175 1716 1357 1744 Andromachi
1384 1715 1505 1743 theriaea
1527 1722 1561 1742 ex
1587 1715 1663 1748 vipe-

877 1764 925 1797 ris,
939 1765 1073 1799 quomodo
1104 1767 1259 1797 apparetur,
1276 1762 1375 1797 180a
1387 1761 1447 1797 quis
1467 1768 1542 1792 usos,
1555 1759 1664 1794 quando

879 1811 1019 1842 utendum,
1039 1809 1172 1844 quomodo
1190 1808 1369 1843 exploranda.
1388 1815 1439 1841 qua
1467 1813 1596 1833 mensura
1616 1812 1664 1831 ex-

880 1855 1007 1887 hibenda,
1028 1855 1126 1890 quibus
1143 1854 1260 1888 denique
1273 1853 1375 1881 morbis
1399 1852 1570 1887 potissimum
1598 1858 1666 1878 φοο-

881 1902 983 1934 veniat,
999 1900 1139 1928 describit.
1156 1900 1194 1927 De
1205 1900 1266 1927 aliis
1281 1899 1343 1926 item
1361 1898 1501 1929 theriacis.
1531 1897 1587 1931 agit
1602 1904 1667 1924 vero

882 1945 917 1973 de
949 1945 1073 1972 antidoto
1100 1944 1279 1971 Mitltridatica
1304 1943 1374 1978 (40),
1394 1942 1507 1976 eiusque
1531 1949 1667 1976 praepara-

885 1992 970 2022 tione.
985 1998 1045 2023 usu,
1058 1995 1139 2024 atque
1154 1990 1180 2017 in
1196 1989 1294 2024 quibus
1308 1989 1393 2023 prosit
1406 1997 1414 2016 :
1432 1988 1475 2016 cui
1493 1987 1575 2014 etiam
1597 1987 1666 2014 alias

886 2037 998 2064 antidoti
1014 2037 1117 2071 species
1133 2035 1272 2070 subiungit
1286 2043 1294 2069 ;
1310 2034 1346 2062 de
1371 2034 1477 2062 duobus
1498 2033 1559 2060 inde
1582 2032 1670 2068 Cyplti

886 2082 1030 2117 generibus
1045 2079 1149 2108 scribit.
1164 2079 1233 2107 Hinc
1259 2079 1292 2107 de
1313 2078 1505 2113 elepltantiasi,
1531 2078 1564 2105 de
1580 2078 1671 2112 pruri-

48 2132 162 2167 Ἐτέρας
187 2139 221 2157 τε
245 2129 390 2165 διαφόρους
416 2127 569 2158 άντιδότους
595 2125 752 2160 καταλέγει.
779 2125 813 2152 Κι

888 2127 991 2162 giuosis
1002 2127 1200 2161 eruptionibus,
1217 2127 1251 2154 de
1265 2125 1406 2162 psytlracis
1433 2124 1559 2159 pustulis,
1588 2128 1672 2157 atque

45 2178 107 2213 περὶ
127 2177 184 2204 τῶν
206 2176 254 2203 δύο
273 2174 396 2214 κύφεων,
417 2173 466 2201 καὶ
481 2173 513 2208 δὴ
529 2173 577 2200 καὶ
597 2173 662 2208 περὶ
677 2171 813 2206 ἑλεφαντιέ

870 2171 1015 2201 νεευόοτθ
1038 2172 1158 2200 subortis
1174 2172 1290 2206 papulis,
1319 2171 1354 2198 de
1382 2171 1509 2198 tibiarum
1542 2169 1675 2196 ulcerosis

47 2232 113 2254 σεως
131 2224 183 2250 καὶ
200 2220 368 2258 κνησμωδῶν
381 2221 391 2236 ¹
405 2219 600 2254 ἐξανθημάτων
611 2239 618 2251 ,
638 2219 684 2245 καὶ
704 2217 768 2253 περὶ
785 2216 813 2252 tiu

887 2218 1084 2253 eruptionibus,
1097 2223 1124 2246 et
1139 2219 1172 2245 de
1197 2217 1381 2248 cicatricibus,
1397 2223 1456 2250 quae
1477 2222 1510 2242 ex
1539 2214 1677 2242 ulceribus

46 2271 154 2306 δράκων
169 2269 219 2296 καὶ
237 2267 391 2303 ίδρωτίδων,
405 2266 453 2292 καὶ
464 2265 528 2300 περὶ
540 2264 594 2291 τῶν
607 2265 636 2290 ὲν
647 2265 707 2296 ταῖς
720 2263 813 2298 κνήμα

888 2264 994 2292 relicta:
1007 2272 1107 2300 corpus
1122 2264 1284 2297 denigrant;
1300 2263 1333 2290 de
1345 2263 1451 2290 duobus
1473 2259 1613 2294 vitiliginis
1628 2266 1677 2286 seu

48 2315 175 2343 ἒλκωδῶν
200 2313 410 2349 ὲκϐρασμάτων,
433 2311 482 2338 καὶ
502 2311 567 2346 περ).
585 2309 639 2336 τῶν
656 2309 741 2336 οὐλῶν
762 2309 789 2336 αἶ
807 2310 813 2335 ἑ

888 2309 959 2344 alplti
977 2310 1201 2345 generibus.agit,
1215 2313 1243 2336 et
1256 2309 1289 2336 de
1305 2308 1393 2340 leuce,
1421 2314 1453 2334 ac
1468 2306 1577 2333 tandem
1593 2305 1626 2332 de
1641 2305 1679 2332 le-

48 2361 100 2388 τῶν
125 2359 217 2386 ἑλκῶν
242 2358 397 2393 μιλαίνουσι
412 2356 442 2383 τὸ
463 2355 555 2390 σῶμα.
578 2354 641 2381 Ἐπὶ
656 2354 760 2385 τούτοις
774 2362 813 2388 ιιτιεγ

888 2364 947 2392 pra,
962 2364 1052 2383 earum
1064 2360 1152 2383 ortum
1164 2360 1193 2383 et
1204 2362 1314 2387 causas,
1329 2353 1402 2381 unde
1412 2352 1544 2387 originem
1556 2353 1678 2382 trahant,

48 2407 100 2433 τῶν
116 2406 167 2432 δύο
183 2404 263 2431 εἱδῶν
276 2403 341 2440 [296
358 2402 402 2438 [1.]
418 2401 464 2428 τοῦ
482 2400 567 2436 ἀλφοῦ
583 2399 776 2435 διαλαμϐάνει,
793 2408 813 2426 κη

895 2403 1115 2437 curationemque
1126 2401 1258 2429 referens.
1272 2400 1361 2435 Atque
1375 2400 1432 2427 haec
1446 2399 1567 2427 decimus
1584 2396 1680 2425 tertius

49 2453 114 2486 περὶ
129 2450 235 2485 λεύκης
246 2470 254 2482 ,
272 2449 320 2476 καὶ
333 2448 364 2475 τὺ
376 2448 530 2474 τελευταῖον
547 2445 612 2480 περὶ
627 2445 731 2479 λέπρας
741 2466 748 2478 ,
765 2453 812 2477 γεν

895 2448 963 2476 liber
978 2449 1066 2475 tlocet.

52 2509 107 2531 σεις
121 2507 155 2525 τε
170 2498 263 2525 αὐτῶν
279 2496 327 2524 καὶ
341 2495 429 2527 αἰτίας
443 2494 477 2521 δι’
491 2494 525 2526 ἃς
542 2492 720 2529 συμϐαίνουσι
738 2494 908 2530 καταλέγων,
928 2496 975 2523 καὶ
995 2495 1046 2527 τὰς
1065 2494 1167 2523 τούτων
1199 2492 1359 2530 θεραπείας.
1398 2492 1483 2519 Τοῦτο
1518 2490 1568 2527 μὲν
1593 2489 1641 2518 καὶ
1667 2490 1682 2516 ὁ

53 2548 86 2580 ιγ’
102 2545 198 2579 λόγος.

93 2576 149 2618 Ἐν.
161 2591 192 2617 δὲ
212 2589 253 2625 τῷ
274 2588 305 2616 ιδ’
328 2587 393 2623 περί
410 2596 440 2614 τε
459 2587 514 2613 τῶν
534 2587 563 2613 ὲν
579 2586 647 2622 ἕδρᾳ
668 2585 813 2620 φιλοπονετι

941 2585 1042 2618 Quarto
1059 2584 1164 2612 decimo
1178 2583 1248 2610 libro
1263 2582 1297 2610 de
1313 2581 1387 2609 sedis
1400 2579 1484 2608 variis
1507 2578 1610 2607 morbis
1625 2576 1697 2605 dilim

705 2661 823 2690 VARM‘]
846 2662 1048 2691 LECTIUNES.

91 2717 115 2733 "'
127 2715 252 2752 δηλῶσαι
271 2713 391 2752 σπουδὴν
417 2714 534 2752 ποιεῖται
560 2713 581 2739 Α
601 2711 672 2748 ετὴν
697 2711 758 2747 ἴσην
784 2711 922 2739 δείκνυται
951 2712 1069 2747 σπουδήν
1084 2720 1114 2742 ς.

57 2751 66 2768 ²
80 2752 146 2780 libri
156 2749 276 2786 μέτρου.
314 2749 325 2765 ¹
338 2757 433 2783 κνισμ.
448 2749 480 2775 Α.

1162 2709 1185 2726 ³⁸
1199 2707 1389 2744 παραπλήσιον
1418 2714 1449 2738 ς’.
1495 2705 1518 2721 θ’
1534 2701 1638 2733 οἰκείας
1651 2708 1684 2733 ς.

825 2813 940 2842 NOTAE.

60 2867 123 2901 (40)
141 2866 209 2896 Vide
230 2865 302 2895 Gell.
320 2865 368 2894 lib.
382 2872 449 2896 xvu,
467 2870 526 2898 cap.
545 2862 587 2890 lii.
