1916 3092
236 139 288 172 731

822 136 954 169 ΡΗΟΤΙΙ
974 138 1227 169 PATRIARCH/E
1246 138 1302 167 CP.

1812 132 1874 165 732

236 200 333 231 genter
345 194 463 227 disserit,
478 197 507 222 et
516 193 550 222 de
561 192 664 228 thymis
685 192 712 220 in
733 193 876 227 pudendis.
905 195 938 220 de
956 193 1031 220 rimis

1104 192 1262 219 αντοδαπῶν
1274 190 1379 221 παθῶν,
1396 191 1443 218 καὶ
1460 190 1523 227 περὶ
1537 191 1592 218 τῶν
1607 192 1636 218 ὲν
1651 190 1759 221 αἰδοίοις
1773 190 1875 225 θύμων

238 249 319 277 atque
348 240 572 272 inﬂammatione,
586 240 619 267 de
634 247 714 266 noma
736 245 763 266 et
789 239 972 272 carbunculis,
997 244 1025 266 et

236 289 270 313 de
298 286 433 312 ulceribus
454 285 593 311 urinarum
615 289 734 311 meatum
751 284 959 318 occupantibus.
988 283 1025 310 De

237 333 363 360 θεοὺίοεο
379 339 412 358 ac
428 331 603 365 pruriginoso
627 336 727 360 scroto,
743 329 857 364 ejusque
872 335 899 356 et
915 329 1024 356 testium

238 378 461 409 intlannnatioue,
477 382 559 411 atque
576 378 608 403 de
623 377 637 402 li
648 376 732 403 erniae
746 376 898 410 speciebus.
920 376 957 403 De
970 383 1026 403 em-

240 425 408 459 plastrorum
427 423 609 455 confectione,
625 427 652 449 et
667 429 761 449 eorum
776 422 909 455 coquendi
936 422 1025 454 tundo,

238 479 299 504 qum
316 471 358 496 bis
371 469 540 503 injiciuntur.
559 469 598 495 Ad
614 469 670 496 haec
692 468 726 495 de
749 468 839 495 nervis
856 467 984 495 sanciatis
996 475 1028 495 ac

236 516 359 543 contusis
375 523 381 541 :
397 520 424 542 et
439 516 472 542 de
488 514 619 549 glandulis
631 514 757 549 inguinis,
774 514 859 548 deque
878 513 1028 541 inﬂamma-

240 563 313 588 tione
343 561 504 594 generatim.
533 560 572 587 De
600 561 776 595 apostematis
806 560 881 591 item,
910 564 937 586 et
953 560 1029 586 cavis

240 607 377 634 ulceribus
394 606 480 640 :quid
499 606 689 640 praedictorum
714 613 795 632 unum
827 606 954 640 quodque
980 605 1027 637 sit,

240 651 368 684 subjectis
383 651 547 686 singulorum
580 650 717 682 remediis,
739 653 907 684 exponendo.
930 650 1030 677 Praeter

241 697 299 724 haec
320 704 387 723 vero
402 697 496 727 etiam,
512 697 644 723 adversus
655 704 760 723 vermes
781 697 807 722 in
823 696 960 723 ulceribus
970 704 1031 723 ena-

245 749 297 773 tns,
313 747 340 769 et
356 743 388 769 ad
402 749 496 769 nomas
509 750 539 769 ac
553 742 709 776 putredines
721 742 853 774 ulcerum,
866 742 984 776 itemque
996 743 1029 769 ad

242 788 384 822 sanguinis
399 788 569 822 eruptionem
591 787 710 815 remedia
733 788 854 823 apponit.
880 787 981 815 Scribit
1004 793 1031 815 et

243 832 276 858 de
295 832 410 862 sinibus.
429 832 538 862 ﬁstulis,
557 839 713 866 gangraena,
727 832 866 866 spbacelo,
879 833 1031 859 tumoribus

1078 246 1108 264 τε
1139 237 1186 264 καὶ
1214 237 1339 273 ῥαγάδων
1366 237 1413 263 καὶ
1445 236 1600 272 φλεγμονῆς
1631 235 1678 262 καὶ
1707 235 1792 270 νομῆς
1819 236 1875 262 καὶ

1079 283 1233 319 ἀνθράκων,
1250 284 1297 311 καὶ
1311 284 1364 311 τῶν
1380 283 1451 310 κατὰ
1468 283 1517 318 τὴν
1538 282 1675 318 οὑρήθραν
1690 282 1787 308 ἑλκῶν*
1804 282 1876 317 περί

1079 339 1109 356 τε
1123 330 1281 365 ψωριῶντος
1298 331 1403 365 όσχέου,
1424 330 1471 356 καὶ
1494 328 1649 363 φλεγμονῆς
1670 328 1752 355 αὑτοῦ
1771 337 1800 355 τε
1820 328 1877 354 καὶ

1080 376 1198 412 ὄρχεων·
1213 376 1262 403 καὶ
1283 378 1346 411 περὶ
1365 375 1419 402 τῶν
1443 375 1493 411 τῆς
1521 375 1608 410 κήλης
1633 374 1711 402 εἰδῶν
1724 384 1731 390 -
1751 374 1815 409 περί
1841 383 1878 400 τε

1081 422 1230 454 συνθέσεως
1254 422 1451 458 ὲμπλάστρων,
1474 422 1522 449 καὶ
1543 422 1644 457 τρόπου
1663 421 1717 447 τῶν
1739 421 1877 456 ἐμϐαλλο-

1082 469 1171 503 μένων
1189 468 1321 504 ἑψήσεως.
1341 469 1400 495 Ἔτι
1423 468 1452 495 δὲ
1474 468 1538 503 περὶ
1562 468 1616 494 τῶν
1639 467 1673 494 τὰ
1695 466 1779 502 νεῦρα
1799 476 1877 502 τρω-

1082 515 1181 542 θέντων
1207 515 1224 548 ἥ
1254 514 1440 546 θλασθέντων,
1471 514 1518 541 καὶ
1546 514 1610 549 περὶ
1637 513 1798 548 βουϐώνων,
1823 513 1877 539 καὶ

1082 560 1238 596 φλεγμονῆς
1266 560 1404 591 καθόλου,
1436 559 1500 595 περί
1529 569 1559 586 τε
1590 559 1792 594 ἀποστημάτων
1821 558 1877 584 καὶ

1082 606 1180 633 κοίλων
1199 606 1285 634 ἑλκῶν
1295 628 1302 639 ,
1319 607 1344 633 τί
1360 607 1390 633 τε
1407 607 1480 632 ἐστιν
1497 606 1612 633 ἕκαστον
1628 605 1682 631 τῶν
1698 604 1855 640 εἰρημένων
1868 625 1876 635 ,

1083 652 1130 679 καὶ
1142 652 1289 687 θεραπείας
1305 652 1395 679 αὐτῶν
1412 651 1538 683 ἐκτιθεὶς.
1557 651 1621 687 [576
1637 650 1683 687 Κ]
1702 651 1763 677 Ἔτι
1780 650 1808 676 δὲ
1825 651 1878 676 καὶ

1083 699 1151 734 πρὸς
1165 699 1226 730 τοὺς
1249 700 1278 726 ὲν
1300 698 1391 724 ἕλκεσι
1411 698 1565 732 σκώληκας,
1582 697 1628 723 καὶ
1645 697 1712 732 πρὸς
1726 696 1811 731 νομὰς
1825 696 1879 722 καὶ

1083 745 1117 772 τὰ
1134 743 1306 780 σηπεδονώδη
1323 744 1377 770 τῶν
1394 743 1480 771 ἑλκῶν
1492 763 1500 775 ,
1525 743 1573 770 καὶ
1598 742 1666 778 πρὸς
1688 741 1878 777 αἰμυρῤαγίας

1086 791 1172 822 ἰάσεις
1202 790 1429 824 συγκατατάττει.
1462 789 1645 823 Διαλαμόἀνει
1672 787 1701 814 δὲ
1729 788 1775 814 καὶ
1807 787 1880 822 περὶ

1085 837 1193 864 κόλπων
1208 835 1256 862 καὶ
1270 837 1418 871 συρίγγων,
1432 834 1603 871 γαγγραίνης
1619 842 1649 860 τε
1665 834 1711 860 καὶ
1726 832 1878 867 σφακέλου,

245 877 409 910 t-anreratis,
427 878 610 908 carbunculis,
634 877 807 912 erysipelate,
825 883 926 912 erpete,
939 878 1030 913 epiny-

1104 884 1130 910 αἱ
1156 883 1220 917 περὶ
1247 882 1339 916 ὄγκων
1368 880 1545 918 καρκινωδῶν
1575 880 1622 907 καὶ
1652 879 1794 914 ἀνθράκων
1825 879 1880 904 καὶ

245 924 327 954 «tide.
343 924 499 952 termintlio.
515 929 542 949 et
565 923 670 957 papulis
697 923 754 950 sive
782 924 908 958 pustulis,
935 925 1030 951 horum

245 975 322 996 ortus
343 969 422 996 simul
440 973 467 996 et
491 974 553 1002 apta
579 969 697 995 remedia
718 976 875 997 recensens.
901 970 1032 997 Medelam

246 1015 340 1051 adjicit
356 1016 417 1051 igne
447 1022 494 1043 aut
517 1024 584 1051 aqua
601 1017 798 1051 ambustorum,
830 1018 921 1052 ﬂagris
950 1027 1034 1047 ezeso~

248 1069 318 1094 tum,
334 1061 520 1094 abrasionum,
544 1063 756 1098 intertriginum,
782 1065 872 1092 carnis
900 1070 1031 1097 contusae,

248 1107 289 1133 vel
302 1111 397 1140 ruptae,
417 1108 612 1140 convulsionis,
627 1109 820 1140 contorsionis,
835 1114 862 1136 et
885 1109 918 1137 de
936 1110 1033 1136 luxatis

247 1153 381 1184 articulis,
397 1160 430 1180 ac
445 1154 629 1187 pcrnionibus.
645 1154 710 1181 Item
727 1156 760 1182 de
781 1156 924 1190 digitorum
943 1161 1034 1192 ptery-

249 1199 310 1233 giis,
333 1199 366 1226 de
395 1201 579 1235 paronycbiis,
607 1201 641 1228 de
663 1203 798 1237 unguibus
815 1204 948 1236 contusis,
967 1204 1033 1229 sub-

249 1245 380 1276 eruentis,
397 1253 449 1272 non
477 1247 548 1278 lixis,
576 1247 680 1274 scabris
703 1255 734 1274 ac
766 1247 879 1282 leprosis
903 1258 910 1276 :
938 1250 1035 1284 quibus

249 1291 332 1318 ctiam
346 1292 473 1320 remediis
486 1291 554 1320 edici
567 1293 662 1326 possit,
679 1298 707 1320 ut
722 1301 771 1327 pro
794 1294 910 1329 delapsis
936 1297 1033 1329 ungui-

251 1338 311 1369 bus,
324 1338 368 1364 alii
396 1339 604 1366 subnascantur.
634 1339 670 1366 De
687 1341 795 1366 annulis
811 1348 877 1373 quos
891 1341 1035 1376 aliquando

250 1385 382 1419 contingit
397 1384 488 1419 digitis
499 1385 583 1419 inﬁgi.
602 1385 640 1413 De
665 1385 750 1412 clavis
775 1391 802 1412 et
827 1387 923 1420 pedum
948 1388 1034 1420 rimis,

251 1438 297 1458 seu
308 1431 422 1462 ﬁssuris.
439 1436 467 1458 et
481 1432 513 1458 de
529 1432 675 1460 varicibus.
696 1433 791 1468 180b
813 1433 876 1466 Quzc
894 1439 1034 1469 postquam

252 1477 353 1503 utiliter
367 1477 468 1509 omnia,
483 1482 564 1511 atque
575 1486 607 1504 ex
625 1478 748 1505 medendi
762 1480 828 1506 artis
850 1479 955 1514 legibus
969 1487 1036 1514 prae-

253 1521 335 1555 cepit,
354 1521 379 1548 in
406 1521 480 1548 illam
502 1523 610 1549 tandem
636 1523 746 1550 medicae
774 1523 904 1551 doctrinae
931 1529 1034 1557 partem

254 1567 363 1598 desinit,
385 1575 444 1602 quae
459 1568 491 1595 de
504 1568 677 1595 brachiorum
694 1576 726 1596 ac
738 1577 848 1596 crurmn
862 1569 1034 1597 dracunculis

253 1613 308 1646 agit
325 1621 331 1638 :
350 1617 429 1645 atque
444 1613 480 1639 ibi
497 1613 603 1640 decimo
620 1619 717 1648 quarto
731 1614 800 1642 libro
814 1615 893 1642 linem
908 1615 1029 1650 imponit.

1083 929 1276 964 ὲρυσιπέλατος
1287 949 1295 961 ,
1313 927 1433 964 ἓρπητός
1447 936 1478 954 τε
1496 927 1542 954 καὶ
1557 926 1726 957 ὲπινυκτίδος
1746 925 1793 951 καὶ
1809 933 1880 959 τερ-

1085 975 1178 1010 μίνθου
1205 975 1252 1001 καὶ
1270 973 1453 1009 φλυκταινῶν,
1475 973 1525 1004 τάς
1541 980 1570 999 τε
1585 972 1706 1006 γενέσεις
1724 969 1813 998 αὑτῶν
1833 971 1881 996 δι-

1083 1021 1173 1054 εξιὼν,
1192 1021 1240 1047 καὶ
1257 1021 1318 1048 ὃσαι
1333 1019 1438 1051 τούτοις
1450 1019 1602 1055 ἀρμόζουσι
1616 1017 1626 1033 ³
1644 1017 1798 1051 θεραπεῖαι.
1813 1015 1882 1041 Ἔτι

1083 1068 1111 1094 δὲ
1127 1068 1172 1096 καὶ
1186 1067 1250 1103 περὶ
1264 1067 1275 1082 ’⁵
1291 1066 1346 1093 τῶν
1366 1066 1399 1092 ἐκ
1418 1065 1503 1101 πυρὸς
1518 1065 1534 1100 ἢ
1551 1063 1646 1094 ὓδατος
1668 1061 1881 1092 κατακαέντων,

1085 1114 1133 1140 καὶ
1147 1113 1295 1146 θεραπείας
1310 1112 1364 1139 τῶν
1382 1110 1608 1147 μαστιγωθέντων
1623 1109 1671 1136 καὶ
1684 1107 1738 1134 τῶν
1750 1108 1881 1141 ἀποσυρη

1086 1161 1179 1196 μάτων
1190 1159 1245 1186 τῶν
1256 1168 1285 1187 τε
1294 1158 1529 1195 παρατριμμάτων
1541 1157 1588 1184 καὶ
1602 1155 1701 1191 σαρκὸς
1713 1153 1882 1187 θλασθείσης

1084 1208 1101 1243 ἢ
1124 1206 1270 1242 ῥαγείσης,
1293 1207 1340 1233 καὶ
1361 1205 1521 1240 σπάσματος
1544 1203 1591 1230 καὶ
1616 1201 1808 1238 στρέμματος,
1828 1200 1884 1227 καὶ

1086 1253 1149 1288 περὶ
1161 1252 1372 1287 κεχαλασμένων
1388 1251 1506 1287 ἄρθρων,
1518 1249 1565 1275 καὶ
1576 1247 1712 1284 χιμὲθλων
1722 1244 1884 1280 πτερυγίων

1084 1309 1114 1326 τε
1141 1299 1196 1326 τῶν
1223 1300 1252 1326 ὲν
1279 1297 1421 1329 δακτύλοις
1447 1297 1495 1323 καὶ
1517 1294 1711 1336 παρωνυχίας,
1737 1292 1784 1320 καὶ
1812 1291 1886 1326 περὶ

1085 1345 1273 1380 τεθλασμένων
1294 1344 1399 1379 ὀνύχων
1419 1343 1467 1370 καὶ
1482 1342 1610 1377 ὑφαίμων
1625 1341 1672 1366 καὶ
1689 1338 1886 1372 σαλευομένων

1086 1392 1132 1418 καὶ
1145 1391 1311 1426 ψωριῶντων
1326 1390 1342 1425 ἢ
1360 1389 1544 1423 λεπριώντων,
1559 1387 1605 1414 καὶ
1620 1386 1652 1413 δι’
1666 1383 1703 1412 ὧν
1718 1385 1775 1411 ἔστι
1787 1393 1886 1421 παρα-

1087 1438 1218 1465 σκευάσαι
1231 1438 1290 1464 ἀντὶ
1306 1437 1359 1463 τῶν
1379 1434 1549 1462 ἐκπεσόντων
1564 1433 1667 1469 ὀνύχων
1691 1431 1788 1462 ἄλλους
1809 1431 1885 1460 ἀνα.-

1087 1483 1179 1518 φῦναι’
1196 1483 1260 1518 περί
1279 1491 1309 1509 τε
1326 1482 1379 1509 τῶν
1400 1481 1604 1516 συμϐαινόντων
1627 1478 1804 1514 ὲσφηνῶσθαι
1831 1477 1886 1503 δα.-

1088 1527 1204 1554 κτυλίων
1226 1527 1289 1562 περὶ
1308 1526 1371 1558 τοὺς
1392 1525 1554 1556 δακτύλουςο
1577 1525 1625 1552 καὶ
1651 1523 1715 1558 περὶ
1736 1523 1812 1558 ἥλων
1835 1523 1888 1548 καὶ

1089 1573 1213 1608 ῥαγάδων
1237 1573 1290 1599 τῶν
1313 1571 1384 1599 κατὰ
1407 1572 1471 1602 τοὺς
1489 1571 1588 1604 πόδας,
1609 1570 1658 1597 καὶ
1681 1569 1745 1605 περὶ
1765 1567 1893 1604 κιρσῶν.

1086 1617 1180 1644 Ταῦτα
1209 1617 1298 1644 πάντα
1323 1617 1467 1651 ὠφελίμως
1490 1616 1539 1643 καὶ
1560 1615 1631 1642 κατὰ
1655 1615 1717 1646 τοὺς
1743 1613 1891 1648 ίατρικοίις

253 1659 352 1692 νόμους
363 1658 481 1691 διεξιὼν.
498 1659 612 1694 τελευτᾷ
625 1659 666 1691 εἰς
676 1660 725 1694 τὴν
738 1660 803 1695 περὶ
817 1661 872 1687 τῶν
886 1661 914 1687 ὲν
931 1662 1039 1689 σκέλεσι
1063 1663 1110 1690 καὶ
1123 1662 1247 1698 βραχίοσι
1265 1662 1446 1698 δρακοντείων
1478 1659 1604 1696 ἰατρικὴν
1623 1659 1822 1686 διδασκαλίαν·
1856 1658 1892 1684 ὲν

253 1701 294 1736 οἷς
305 1704 353 1730 κα)⁵
365 1705 379 1730 ὁ
395 1704 424 1730 ιδ’
441 1704 656 1740 συμπεραίνεται
671 1705 760 1739 λόγος.

290 1754 398 1780 Decimo
410 1753 504 1787 quinto
530 1753 598 1780 libro
635 1757 786 1788 pertractat
828 1753 862 1782 de
890 1756 1040 1784 tumoribus

255 1800 334 1827 laxis.
350 1799 388 1827 De
417 1799 612 1831 inﬂationibus,
626 1800 660 1826 de
678 1800 828 1828 tumoribus
852 1802 935 1833 duris,
964 1803 1041 1830 athe-

255 1847 366 1874 romatis
378 1867 385 1879 ,
399 1846 520 1877 strumis,
536 1846 732 1879 broncltocelis,
747 1847 955 1879 meliceridibus,
971 1853 1042 1876 stea-

258 1894 413 1923 tomatibus,
431 1893 555 1927 gangliis,
584 1898 785 1927 aneurysmate,
804 1892 883 1926 favis,
899 1899 924 1921 et
941 1895 1041 1930 hydro-

256 1940 377 1974 cephalis
394 1948 401 1966 :
417 1940 513 1967 Itorum
529 1945 637 1973 quoque
650 1939 781 1973 origines,
807 1947 916 1972 causas,
935 1940 1043 1967 chirur-

258 1987 338 2021 giam.
368 1987 489 2020 aliaque
515 1986 671 2013 curationes
710 1986 882 2020 exponendo,
904 1994 956 2013 una
979 1994 1041 2014 cum

258 2033 402 2059 multorum
420 2032 542 2068 variique
557 2032 665 2068 generis
681 2032 891 2067 emplastrorum
905 2040 1043 2068 praepara-

260 2079 341 2106 tione.

293 2124 375 2151 Liltro
400 2124 506 2152 decimo
524 2128 600 2151 sexto
641 2129 668 2151 et
696 2124 808 2157 ultimo,
831 2124 866 2152 de
885 2125 956 2152 uteri
982 2125 1047 2157 situ,

259 2169 455 2205 magnitudine,
476 2168 560 2196 forma
572 2169 677 2197 Scribit.
691 2169 810 2203 Tempus
832 2169 896 2197 item
915 2177 968 2204 quo
984 2177 1047 2204 pnr-

259 2215 328 2250 gari,
345 2222 377 2241 ac
394 2214 530 2241 seminare
546 2213 647 2241 femina
667 2214 746 2242 solet.
765 2215 802 2242 De
827 2219 976 2249 conceptus
994 2222 1042 2242 ea-

1128 1755 1207 1784 Κατὰ
1222 1754 1251 1782 δὲ
1266 1755 1312 1781 τὸν
1323 1757 1353 1782 ιε’
1366 1753 1543 1788 διαλαμϐάνει
1557 1753 1636 1787 λόγον
1648 1752 1714 1787 περὶ
1727 1751 1893 1786 οἰδημάτων

1093 1811 1123 1829 τε
1150 1802 1198 1829 καὶ
1219 1800 1442 1837 ὲμφυσημάτων,
1469 1800 1572 1834 σκίρων
1598 1807 1629 1826 τε
1659 1799 1706 1826 καὶ
1733 1797 1892 1833 χοιράδων,

1095 1847 1284 1884 βρογχοκηλῶν
1301 1856 1330 1874 τε
1347 1847 1394 1874 καὶ
1409 1846 1605 1881 ἀθερωμάτων,
1628 1845 1676 1872 καὶ
1697 1844 1890 1879 μελικηρίδων

1091 1895 1138 1922 καὶ
1154 1894 1354 1929 στεατωμάτων
1370 1893 1417 1920 καὶ
1433 1893 1583 1928 γαγγλίων,
1600 1890 1810 1927 ἁνευρύσματός
1827 1891 1837 1905 ⁵
1854 1900 1890 1916 τε

1091 1941 1138 1967 καὶ
1159 1941 1262 1976 κηρίων
1289 1940 1336 1967 καὶ
1361 1939 1562 1974 ὑδροκεφάλων,
1590 1938 1713 1969 γένεσεις
1738 1946 1768 1964 τε
1793 1937 1896 1963 αὐτῶν

1096 1986 1268 2021 ἐκτιθέμενος
1281 1986 1328 2017 καὶ
1342 1985 1431 2017 αἰτίας
1444 1985 1494 2020 τῆς
1505 1984 1649 2018 γενέσεως,
1666 1983 1842 2019 χειρουργίας
1861 1992 1896 2009 τε

1097 2033 1144 2059 καὶ
1158 2033 1207 2064 τὰς
1227 2032 1310 2064 ἄλλας
1329 2031 1477 2067 θεραπείας
1490 2031 1538 2057 καὶ
1553 2030 1736 2066 ἑμπλάστρων
1755 2029 1896 2056 ποικίλων

1098 2087 1128 2105 τε
1143 2079 1190 2105 καὶ
1204 2078 1338 2113 διαφόρων
1353 2078 1509 2108 σκευασίας.

1140 2125 1184 2150 Ἐν
1199 2124 1227 2150 δὲ
1241 2123 1280 2159 τῷ
1293 2123 1440 2158 τελευταίῳ
1453 2132 1483 2150 τε
1498 2123 1544 2150 καὶ
1558 2121 1596 2155 ις’
1608 2122 1681 2157 λόγῳ
1697 2122 1762 2157 περὶ
1779 2122 1898 2157 μήτρας

1098 2169 1199 2201 θέσεώς
1219 2178 1248 2196 τε
1264 2170 1311 2196 καὶ
1328 2169 1460 2205 μεγέθους
1483 2169 1529 2196 καὶ
1546 2169 1595 2203 τῆς
1615 2168 1698 2203 ἄλλης
1715 2167 1899 2197 διαπλάσεως

1098 2213 1261 2249 ἀναγράφει,
1279 2213 1326 2240 καὶ
1342 2213 1387 2240 τὸν
1405 2213 1498 2249 καιρὸν
1520 2212 1580 2239 καθ’
1605 2212 1634 2239 ὄν
1653 2221 1682 2239 τε
1705 2212 1898 2247 καθαίρεσθαι

260 2267 319 2287 rum
341 2265 472 2294 tempore,
493 2264 521 2287 et
550 2259 649 2287 indicio
679 2268 740 2288 cum
770 2260 952 2289 fecunditatis.
987 2265 1036 2287 tun

1104 2261 1144 2286 καὶ
1167 2259 1344 2295 σπερμαίνειν
1366 2260 1426 2291 ταῖς
1454 2259 1563 2294 γυναιξὶ
1588 2259 1741 2293 συμϐαίνει.
1766 2257 1838 2292 Περί
1863 2267 1899 2284 τε

261 2313 294 2332 an
326 2305 381 2338 jam
403 2306 598 2340 conceperint,
631 2305 719 2341 deque
756 2306 816 2333 aliis
848 2306 1043 2341 prmgnantium

261 2351 459 2378 aﬂ‘cctionibus.
479 2352 516 2379 De
532 2359 596 2379 cura
609 2351 672 2378 item
689 2360 721 2379 ac
741 2351 924 2379 sollicitudine
947 2351 981 2378 iis
998 2351 1046 2378 ad-

262 2396 391 2430 hibenda,
407 2402 462 2424 tum
482 2404 542 2432 qua:
560 2399 645 2433 magis
664 2398 696 2424 ad
713 2397 872 2432 pariendum
890 2401 969 2432 aptae,
987 2404 1046 2432 quae

262 2443 380 2478 ineptae;
414 2444 447 2470 de
463 2451 535 2479 aegro
562 2450 653 2478 partu,
678 2450 704 2471 et
721 2452 780 2479 quae
795 2450 892 2478 praater
921 2449 1045 2472 natttram

262 2493 430 2521 nascuntur;
458 2490 491 2516 de
517 2489 630 2516 infantis
653 2489 821 2521 exsectione,
835 2494 863 2516 et
879 2490 985 2516 defectu
1004 2497 1047 2517 se-

262 2533 367 2566 cundae,
388 2542 436 2562 seu
451 2536 606 2562 secundarii
625 2535 768 2562 involucri.
789 2534 893 2568 Quibus
924 2536 988 2562 item
1014 2536 1047 2563 de

263 2581 352 2608 causis
364 2581 405 2608 vir
427 2586 473 2608 aut
484 2582 582 2609 femina
598 2581 705 2609 steriles
721 2581 785 2608 sint.
807 2580 907 2608 llorum
926 2581 1046 2609 omnium

263 2626 453 2661 prmdiewrum
470 2627 588 2656 remedia
607 2628 656 2654 ltoc
668 2627 736 2654 libro
749 2632 935 2660 recensentur,
954 2632 983 2654 ut
997 2635 1046 2662 pu-

265 2672 361 2706 tiones,
379 2673 449 2707 pessi
468 2678 495 2700 et
513 2673 617 2701 sul'litns
646 2674 678 2700 ad
693 2673 909 2708 concipiendum.
931 2673 999 2700 Hine
1014 2673 1047 2700 de

265 2719 390 2752 uberum,
408 2726 639 2752 mannuarumqne
667 2717 769 2746 morbis
796 2717 923 2745 onmibus
946 2725 1047 2744 conve-

1097 2306 1245 2342 κυοφορίας
1272 2306 1371 2336 αὐτῶν.
1395 2305 1458 2341 [297
1481 2305 1527 2341 H.]
1553 2306 1599 2331 καὶ
1628 2304 1806 2340 σημειώσεως
1838 2305 1901 2331 τῶν

1095 2352 1256 2387 πεφυκυιῶν
1273 2351 1425 2383 συλλαϐεῖν,
1441 2351 1487 2378 καὶ
1501 2352 1525 2378 εί
1539 2352 1589 2386 ἤδη
1605 2351 1761 2377 συνέλασον·
1780 2351 1830 2377 καὶ
1842 2351 1901 2377 ὅσα

1095 2398 1162 2426 ἄλλα
1179 2400 1237 2430 ταῖς
1254 2397 1453 2434 κυοφορούσαις
1469 2397 1542 2431 πάθη
1558 2397 1726 2431 ἐπιγίνεται·
1743 2396 1760 2431 ἦ
1777 2404 1808 2422 τε
1828 2397 1901 2432 περὶ

1096 2444 1181 2476 αὑτὰς
1200 2444 1358 2479 ἐπιμέλεια,
1374 2443 1423 2470 καὶ
1438 2444 1511 2470 ποῖαι
1529 2443 1630 2478 μᾶλλον
1648 2442 1800 2477 ἐπιτήδειοι
1824 2443 1901 2476 πρὸς

1096 2491 1185 2523 τόκον,
1203 2491 1279 2516 ποῖαι
1303 2490 1331 2516 δὲ
1356 2489 1553 2525 ἀνεπιτήδειοι·
1570 2490 1617 2516 καὶ
1639 2488 1705 2524 περὶ
1733 2487 1901 2519 δυστυχίας,

1096 2535 1145 2562 κα)⁸
1160 2536 1210 2562 ὅσα
1224 2534 1301 2570 παρὰ
1316 2535 1397 2570 φύσιν
1412 2535 1543 2566 τίκτεται,
1561 2534 1626 2569 περί
1640 2542 1670 2560 τε
1685 2533 1901 2568 ὲμϐρυοτομξας

1098 2583 1145 2610 καὶ
1162 2581 1309 2617 ἐκλείψεως
1325 2583 1417 2617 χορίου
1430 2589 1437 2596 ·
1454 2581 1501 2608 καὶ
1517 2581 1588 2607 κατὰ
1603 2581 1691 2612 πόσας
1711 2579 1804 2610 αἰτίας
1822 2579 1901 2613 ἀνὴρ

1100 2629 1146 2655 καὶ
1163 2627 1233 2663 γυνὴ
1255 2628 1304 2662 τῆς
1318 2627 1489 2659 παιδοποιίας
1513 2626 1711 2661 στερίσκονται.
1727 2624 1847 2651 Πάντων
1869 2624 1901 2650 δὲ

1100 2673 1243 2710 θεραπεῖαι
1257 2673 1310 2700 τῶν
1324 2673 1477 2710 εἰρημένων
1492 2674 1522 2699 ἐν
1535 2672 1621 2707 τούτῳ
1635 2671 1674 2707 τῷ
1687 2671 1759 2706 λόγῳ
1775 2669 1901 2697 καταλέ-

1101 2727 1205 2753 γονται,
1230 2719 1276 2746 καὶ
1296 2718 1406 2754 πόματα
1424 2718 1471 2745 καὶ
1492 2717 1587 2744 nesciui.
1606 2717 1654 2744 καὶ
1675 2715 1901 2750 ῠπθνμιάματα

920 2793 1039 2822 νΑῐῖΙέΕ
1058 2793 1261 2823 LECTIONES.

300 2855 310 2872 ³
322 2855 489 2891 ἁρμόζονται
507 2863 536 2887 ς.
575 2855 584 2871 ⁵
600 2855 663 2890 περὶ
674 2854 736 2883 add.
752 2854 785 2881 A.
823 2854 834 2869 ³
847 2853 1032 2888 ἀνευρύματος
1048 2861 1077 2885 ς.
