1916 3092
41 151 91 182 733
588 156 839 188 BIBLIOTHECA

42 207 226 242 συλληπτικά.
249 209 370 237 Ἐκεῖθέν
391 218 421 237 τε
437 211 502 247 περὶ
523 211 578 238 τῶν
599 213 629 240 ὲν
648 214 704 246 τοῖς
727 216 841 249 μαστοῖς

41 255 136 282 παθῶν
165 255 296 283 ἁπάντων
326 257 395 292 μετὰ
421 257 472 293 τῆς
497 258 657 294 πρεπούσης
688 261 721 296 τῇ
752 260 836 298 τέχνῃ

40 302 133 336 σοφίας
149 302 285 337 διηγεῖται
296 322 304 334 ,
322 303 466 335 συστάσεις
482 312 513 331 τε
527 304 629 331 τούτων
649 306 696 332 καὶ
715 306 837 340 γενέσεις

41 348 86 374 καὶ.
109 349 287 383 χειρουργίας
311 350 358 376 καὶ
373 350 422 385 τὴν
435 350 446 366 ⁸
462 350 545 385 ἄλλην
562 352 731 385 συνυφαίνων
752 352 835 388 θερα-

40 395 128 422 πείαν.
157 395 230 421 Μεθ’
252 394 271 422 ἃ
287 395 298 411 ν
316 396 380 430 περὶ
403 396 458 423 τῶν
483 397 556 424 κατὰ
581 397 725 433 διαφόρους
747 398 837 429 αἰτίας

44 441 222 475 ὲκεχομένων
236 443 298 472 ταῖς
308 442 431 475 γυναιξὶν
443 443 574 479 ἐμμήνων
588 443 757 478 καθάρσεων,
772 443 836 479 περί

41 496 67 513 τε
95 487 336 523 ὑπερκαθάρσεως
363 489 410 514 καὶ
441 490 597 523 γυναικείου
631 490 697 524 ῥοῦ,
727 491 774 517 τοῦ
805 499 836 517 τε

40 533 154 566 ἐρυθροῦ
173 533 222 559 καὶ
237 533 284 559 τοῦ
301 533 417 567 λευκοῦ,
435 535 498 570 περί
523 544 552 562 τε
577 536 726 570 ὑστερικῖκ
741 537 837 570 πνιγὺς

41 579 82 605 καὶ
101 580 168 614 περὶ
196 581 357 616 γονορροίας
383 582 580 617 διαλαμϐάνει,
603 583 653 618 τὴν
677 584 780 611 τούτοιν
805 582 836 612 εὖ

43 626 113 659 μάλα
142 626 278 659 διατιθεὶς
292 627 303 643 ⁸
319 628 476 663 θεραπείαν·
505 630 554 656 καὶ
578 631 643 665 περὶ¹
667 631 721 657 τῶν
749 631 836 658 ἄλλων

42 670 89 704 τῆς
106 672 219 706 μήτρας
235 672 414 698 παντοδαπῶν
430 673 536 706 παθῶν,
548 674 750 709 ἀποστημάτων
764 675 836 709 λέγω

42 716 83 742 καὶ
97 716 249 751 οἰδήματος
263 718 309 744 καὶ
323 718 408 752 μύλης
422 719 469 744 καὶ
486 718 611 754 ὕδρωπος
623 721 669 746 καὶ
681 720 777 751 ἕλκους
789 721 837 748 καὶ

41 762 93 788 τῶν
110 763 334 798 παραπλησίων·
349 764 378 790 ὲν
393 761 434 796 οἷς
448 765 512 800 περί
524 774 554 792 τε
568 765 714 801 φιμώσεως
730 767 836 802 μήτρας

41 809 86 834 καὶ
99 809 224 844 ἀτρήτου
240 809 358 844 ὑστέρας
372 811 420 836 καὶ
436 810 489 837 τῶν
505 811 704 846 παραπλησίων
721 812 836 844 ἐπεξιὼν

42 856 140 889 γράφει
159 855 267 882 τούτων
288 855 446 892 θεραπείας.
462 858 531 891 Περί
543 866 573 884 τε
588 859 775 893 νυμφοτομίας
790 860 836 886 καὶ

845 182 851 188 .
871 171 906 177 -
925 159 1006 190 COD.
1024 159 1149 189 CCXXI.

1625 154 1678 187 734

853 220 879 250 Α
892 208 977 243 ηἰοηίί
993 216 1055 243 huic
1068 216 1120 243 arti
1136 215 1249 243 scientia
1271 219 1432 250 pertractat,
1449 220 1598 248 eorumque
1612 220 1678 241 ccn-

887 262 1054 293 stitutiones.
1072 267 1158 294 ortus,
1174 261 1350 296 chirurgiam,
1377 260 1498 294 aliasque
1524 259 1678 287 curationes

887 307 993 334 attexit.
1011 306 1075 333 Mox
1092 307 1125 333 de
1146 307 1230 332 variis
1244 306 1297 340 agit
1311 306 1412 337 causis.
1438 313 1489 332 cur
1519 304 1546 331 itt
1563 304 1675 331 feminis

888 358 1028 380 menstrua
1041 353 1153 380 sistatur
1168 352 1304 387 purgatio.
1324 352 1360 379 De
1375 351 1458 378 nimia
1477 358 1585 385 quoque
1602 358 1678 377 men-

889 399 960 426 sium
993 399 1166 434 purgatione,
1180 403 1207 425 et
1223 397 1347 425 muliebri
1366 397 1438 424 fluxu
1465 397 1564 431 partita
1582 397 1675 430 rubro,

889 445 987 480 partim
1006 444 1067 472 albo
1087 453 1093 471 :
1113 449 1168 471 tum
1185 444 1218 471 de
1238 443 1308 470 uteri
1325 443 1552 478 strangulatione,
1576 441 1610 469 de
1629 449 1676 468 se-

892 489 974 519 minis
991 490 1083 523 ﬂttxu;
1101 490 1245 518 admodum
1261 489 1330 516 bona
1345 489 1387 516 his
1403 493 1503 515 statuta
1521 488 1674 514 curatione.

887 536 927 563 Ad
937 535 1004 563 alias
1019 544 1126 571 quoque
1141 535 1269 562 matricis
1287 535 1376 561 varias
1399 534 1486 569 pergit
1509 533 1676 564 aﬂectioncs,

887 587 952 617 puta
985 586 1174 616 apostemata.
1203 586 1347 611 tumorem.
1377 580 1486 611 molam,
1518 579 1676 614 hydropem,

887 630 990 660 ulcera,
1006 632 1033 655 et
1057 627 1083 654 id
1099 634 1184 661 genus
1204 627 1279 653 alia:
1299 626 1342 652 ubi
1367 626 1400 652 de
1417 630 1494 652 utero
1520 626 1675 666 obstructo,

888 683 940 702 nou
959 675 1108 710 perforato,
1124 673 1238 708 aliisque
1259 673 1393 700 similibus
1418 672 1533 703 locutus,
1566 671 1678 698 medici-

888 728 938 748 nas
968 728 1078 755 quoque
1108 720 1212 753 adiicit.
1243 719 1308 747 Item
1333 719 1367 745 de
1394 718 1518 753 nymphae
1546 718 1676 746 sectione.

888 769 985 800 cauda,
1003 769 1126 795 varicosa
1145 767 1252 800 bernia,
1283 766 1394 801 thymis,
1410 764 1597 798 similibusque
1613 763 1676 797 agit,

887 820 914 840 et
932 815 1025 840 eadem
1043 814 1076 840 iis
1095 814 1220 840 tnelbodo
1236 812 1353 839 remedia
1372 810 1532 846 prta-scribit.
1565 810 1612 836 llis
1638 809 1678 835 fa-

889 861 950 891 ciei,
981 865 1197 893 cteteraruntque
1234 857 1356 893 corporis
1389 858 1504 891 partium
1530 859 1677 888 sntegmata

41 901 103 935 περὶ
119 901 290 937 κερκώσεως
312 903 478 938 κιρσοκήλης
497 912 526 930 τε
541 904 588 931 καὶ
607 903 701 940 θύμων
719 905 764 931 καὶ
782 907 836 932 τῶν

898 905 982 940 ungit,
997 910 1024 932 et
1042 905 1158 932 subitum
1185 903 1406 938 compositiones.
1438 901 1527 935 Atque
1555 901 1598 927 hic
1620 901 1679 926 tnti—

40 947 140 981 ὁμοίων
154 948 228 974 κατὰ
239 948 290 982 τὴν
305 948 365 982 ῐσην
380 948 492 983 μέθοδον
505 949 554 980 τὰς
570 950 655 981 ἰάσεις
668 951 833 986 ἀναγράφει.

41 991 84 1025 οἷς
100 994 262 1028 σμήγματά
276 1002 306 1020 τε
325 993 412 1028 ὅψεως
428 996 474 1021 καὶ
489 995 535 1021 τοῦ
552 995 631 1022 ἄλλου
648 996 772 1031 σώματος
787 998 834 1024 καὶ

890 958 999 977 versum
1034 951 1145 977 medica:
1165 947 1303 976 facultatis
1319 955 1388 982 opus
1406 954 1484 974 suum
1512 945 1606 972 Aetius
1629 945 1676 971 ab-

888 996 978 1024 stIlVil.

41 1040 226 1075 θυμιαμάτων
248 1040 394 1072 σκευασίας
410 1040 475 1076 [577
492 1041 538 1077 R.]
556 1043 705 1075 συντάττει,
723 1043 752 1069 τὸ
773 1043 832 1070 ὅλον
851 1043 969 1069 ἐνταῦθα
980 1042 1030 1078 τῆς
1047 1041 1262 1076 σπουδασθείσης
1297 1039 1371 1075 αὑτῷ
1393 1039 1518 1074 ἰατρικῆς
1546 1047 1676 1076 πραγμα-

41 1087 111 1118 τείας
128 1087 379 1122 συμπεραναμενος
397 1087 509 1123 βιὸλίον.

74 1135 131 1160 Καὶ
145 1135 199 1161 ὅσα
215 1143 248 1168 γε
265 1135 314 1169 ἐμὲ
330 1135 440 1167 εἰδέναι,
457 1137 471 1162 ὁ
486 1136 667 1171 προκείμενος
684 1137 729 1163 τοῦ
745 1137 842 1172 ἀνδρὸς

44 1180 121 1211 πίνος
145 1179 203 1206 τῶν
235 1180 285 1214 μὲν
309 1180 478 1216 Ὀρειὸασίου
501 1181 648 1215 συνύψεων.
667 1183 700 1218 ἦν
722 1191 751 1209 τε
775 1183 843 1217 πρὸς

44 1225 194 1252 Εὖστάθιον
220 1225 267 1252 καὶ
281 1225 316 1260 ἣν
332 1226 399 1261 πρὸς
413 1226 550 1253 Εὺνάπιον
566 1227 680 1262 ἔγραψε,
702 1231 759 1260 τοῖς
774 1230 841 1256 πᾶσι

44 1272 155 1303 κρατεῖ·
172 1271 353 1304 αἰτιολογίαις
367 1280 397 1297 τε
411 1272 466 1306 γὰρ
479 1272 592 1307 προέχει
609 1273 658 1299 καὶ
679 1273 842 1307 διαγνώσεσι

44 1317 87 1342 καὶ
104 1314 281 1349 προγνώσεσι
296 1316 343 1341 καὶ
353 1316 574 1351 προσδιορισμοῖς
588 1317 635 1344 καὶ
647 1317 685 1351 τῷ
697 1318 746 1352 τῆς
763 1318 843 1353 Θερα-

45 1362 120 1398 πτίεις
150 1361 260 1390 πλάτει.
275 1361 313 1389 Οὐ
331 1361 433 1388 τούτων
449 1363 477 1389 δὲ
489 1363 568 1397 μόνον
584 1364 614 1389 ὲν
630 1364 750 1399 ὑπεροχῇ
776 1365 842 1398 ὁρᾶ-

44 1417 94 1439 ται,
129 1407 200 1434 ἀλλὰ
225 1409 273 1434 καὶ
291 1408 374 1443 ἥτις⁹
397 1409 472 1443 αὐτῷ
499 1408 553 1435 τῶν
583 1409 703 1444 Γαληνοῦ
731 1409 841 1444 βιϐλίων

45 1454 155 1488 σύνοψις
180 1453 377 1489 ὲφιλοπονήθη,
408 1454 456 1481 καὶ
481 1453 584 1490 ταύτης
602 1455 748 1490 ἐπικρατεῖ
759 1455 797 1490 τῷ
810 1464 840 1482 τε

44 1502 81 1532 είς
108 1500 242 1527 ἐλάττονα
267 1501 349 1534 ὄγκον
373 1500 477 1537 ταύτην
505 1501 684 1529 συνεστάλθαι
699 1521 706 1532 ,
734 1502 781 1528 κα).
802 1502 841 1537 τῷ

45 1547 215 1582 σαφεστέραν
240 1547 374 1582 παρέχειν
404 1547 454 1583 τὴν
478 1547 664 1580 διδασκαλίαν,
693 1548 741 1575 καὶ
757 1548 778 1564 ¹⁰
800 1548 840 1583 τῷ

44 1593 106 1627 περὶ
131 1592 266 1619 πλειόνων
290 1592 384 1619 παθῶν
413 1592 608 1628 διαλαμὸἅνειν
623 1593 726 1628 ταύτην
740 1592 840 1628 μᾶλλον

44 1638 59 1673 ἢ
75 1639 196 1674 ἐκείνην,
229 1639 287 1673 Τῆς
301 1638 330 1665 δὲ
341 1639 380 1672 τῷ
396 1639 472 1674 αὐτῷ
502 1639 581 1675 ἀνδρὶ
597 1639 637 1671 είς
653 1639 840 1676 ἐϐδομήκοντα

47 1683 136 1716 βιϐλία
164 1683 387 1720 συντεταγμένης
400 1683 450 1719 τὴν
461 1683 544 1718 ἄλλην
565 1684 684 1720 ἅμιλλαν
698 1685 748 1711 οὐκ
760 1685 840 1711 εὐλα-

46 1728 175 1763 θπυμένη,
189 1729 256 1760 ἴσως
270 1728 303 1756 ἂν
320 1729 486 1765 ἐλαττωθείη
498 1727 538 1762 οἷς
552 1738 582 1756 τε
594 1730 630 1757 τὰ
641 1731 690 1766 τῆς
711 1730 840 1765 ἀνατομι-

46 1775 93 1808 κῆς
126 1774 307 1810 ἑγχειρίσεως
321 1775 357 1811 μὴ
375 1776 610 1811 παραδραμούσης
636 1777 745 1812 ἐκείνης
771 1777 841 1812 αὕτη

47 1821 217 1855 παρατρέχει
234 1840 241 1850 .
273 1820 320 1847 καὶ
350 1820 400 1856 τὴν
425 1820 544 1857 θεωρίαν
574 1822 624 1857 τῆς
652 1822 707 1848 τῶν
737 1822 842 1858 μορίων

48 1865 148 1899 χρείας,
177 1866 324 1901 φιλοσόφου
351 1867 450 1902 μᾶλλον
473 1867 557 1895 οὖσαν
584 1867 732 1902 σπουδῆςῆ
758 1868 841 1903 θερα-

48 1912 123 1942 πείας
136 1911 229 1946 ἔργον,
240 1912 374 1944 ὡσαύτως
389 1913 523 1948 παρῆλθε.
539 1914 602 1945 Τοῖς
620 1914 711 1946 αὐτοῖς
729 1913 757 1943 δὲ
776 1914 840 1941 τού-

47 1966 99 1989 τοις
113 1958 161 1984 καὶ
173 1958 224 1992 τῆς
237 1959 441 1994 προειρημένης
457 1959 512 1986 τῶν
525 1960 679 1995 Γαληνείων
706 1960 843 1995 συνόψεως

47 2003 91 2029 τοῦ
119 2005 234 2038 κρατεῖν
263 2004 297 2030 ἂν
337 2004 557 2040 ὑπαναχωροῠσα
585 2005 638 2040 εῐη.
674 2005 755 2032 Ἀλλὰ
789 2006 843 2041 γὰρ

47 2049 131 2083 ἔγωγε
147 2049 234 2084 φαίην
250 2049 284 2076 ἂν
297 2050 335 2082 ὼς
355 2050 425 2077 κατὰ
439 2051 488 2085 τὴν
508 2051 649 2087 παροῦσαν
664 2052 718 2078 τῶν
734 2051 842 2089 ἀνθρὼ-

48 2105 103 2122 πων
135 2095 275 2131 ρᾳθυμίαν
295 2097 343 2123 καὶ
368 2097 416 2132 τὴν
431 2098 495 2132 περὶ
510 2098 544 2124 τὰ
561 2098 628 2131 ἄλλα
643 2098 744 2131 μᾶλλον
755 2098 844 2134 ὁρμὴν

49 2142 62 2175 ἦ
79 2142 143 2176 περὶ
157 2138 197 2168 ὧν
215 2143 231 2177 ἡ
246 2142 377 2177 θεραπεία
402 2144 586 2180 κατορθωθείη
621 2145 678 2176 τοῖς
696 2145 842 2179 κάμνουσι,

49 2187 147 2221 ταύτην
165 2188 199 2213 ὲκ
205 2188 322 2223 μελετᾷν
337 2190 387 2223 τὴν
401 2189 559 2224 συναγωγὴν
571 2189 626 2217 τῶν
640 2190 728 2217 ἄλλων
742 2189 844 2224 μᾶλλον

51 2233 267 2268 τττηυδασμάτων
289 2234 354 2270 χρὴ,
382 2235 499 2270 μάλιστὰ
512 2244 543 2270 γε
562 2236 635 2267 ὅσοις
664 2235 702 2271 μὴ
733 2236 802 2271 πρὸς
814 2235 845 2266 τὸ

50 2278 127 2312 βᾶθος
158 2279 212 2313 τῆς
240 2280 368 2315 ἰατρικῆς
384 2281 501 2316 θεωρίας
524 2281 619 2313 tum
638 2281 685 2308 καὶ
707 2281 757 2317 τὴν
773 2282 844 2308 κατὰ

50 2325 223 2358 Ψεσιολογίαν
253 2326 351 2360 σοφίαν
364 2334 392 2352 τε
409 2327 456 2353 καὶ
481 2327 612 2361 ἀλήθειαν
644 2327 745 2358 σκοπός
769 2327 843 2354 ἐστιν

49 2370 183 2404 ἀνευρεῖν,
204 2370 275 2405 πρὸς
293 2371 378 2405 μόνην
395 2371 423 2397 δὲ
437 2371 486 2406 τὴν
499 2371 552 2398 τῶν
564 2371 627 2407 {298
641 2371 688 2408 IL]
706 2371 843 2406 σωμάτων

50 2415 198 2449 θεραπείαν
213 2416 231 2450 ἡ
245 2415 377 2451 πρόθεσις
408 2417 507 2452 ἀφορᾷ,
535 2417 583 2444 καὶ
617 2417 698 2452 μηδὲν
712 2417 766 2444 τῶν
779 2417 844 2456 περὶ

51 2460 132 2496 αὐτὴν
143 2461 193 2488 ἐπὶ
213 2460 266 2496 τῆς
279 2461 374 2496 χρείας
388 2461 522 2497 ὑστερεῖν.
536 2462 599 2493 Τοῖς
616 2463 670 2498 γὰρ
688 2462 738 2494 τὰς
758 2462 844 2493 ἰάσεις

51 2507 132 2533 νόσων
157 2507 311 2539 ἀπελάσεις
348 2507 486 2542 ἑλομένοις
512 2508 671 2543 ἐμφανίζειν
696 2508 730 2535 δι’
752 2509 842 2544 ἔργων

49 2553 125 2579 τοῦτο
136 2554 168 2579 τὺ
186 2552 294 2588 βιϐλίον
317 2553 456 2588 ἐπιμελῶς
470 2553 708 2589 μεταχειρίζεσθαι
730 2554 780 2586 δεῖ,
796 2554 843 2581 καὶ

50 2599 94 2632 τὴν
105 2599 204 2635 σχολὴν
222 2600 264 2631 εἰς
277 2599 345 2626 αὐτὸ
362 2600 564 2635 συντεταμένην
576 2601 595 2616 ¹¹
622 2599 705 2634 ἔχειν,
724 2600 771 2626 καὶ
784 2601 798 2627 ὃ
811 2609 843 2634 γε

52 2645 166 2676 μεισθεὶς
183 2646 218 2681 τῇ
236 2644 396 2680 παραινέσει
411 2646 441 2672 ἐν
457 2646 526 2681 αὐτῇ
547 2647 580 2681 τῇ
598 2646 680 2681 πείρᾳ
700 2645 730 2672 τὸ
751 2646 846 2682 κέρδος

51 2690 169 2725 εὑρήσει.

924 1137 1023 1171 181a
1048 1135 1098 1169 Qui
1121 1135 1231 1170 quidem
1257 1133 1337 1167 hujus
1367 1133 1419 1160 viri
1434 1133 1510 1159 labor
1532 1132 1676 1168 (quantum

892 1189 942 1215 ego
951 1187 1115 1215 cognoscere
1130 1179 1217 1215 potui)
1229 1179 1351 1213 j0ribasii
1364 1186 1506 1214 synopses,
1519 1178 1576 1205 sive
1597 1185 1676 1212 quain

893 1227 1043 1259 Eustatbio,
1061 1227 1119 1253 sive
1135 1233 1217 1260 quam
1244 1225 1366 1258 Eunapio
1391 1223 1540 1258 inscripsit,
1559 1223 1585 1249 itt
1616 1230 1676 1249 om-

893 1272 971 1299 nibus
981 1275 1100 1305 superal.
1118 1271 1209 1301 Neque
1224 1270 1296 1297 enim
1311 1277 1344 1297 eo
1353 1269 1438 1296 solum
1453 1269 1590 1303 praecedit,
1606 1268 1677 1303 qttod

897 1325 993 1344 causas
1006 1317 1111 1347 reddat,
1126 1317 1251 1351 quodque
1265 1316 1429 1346 dinotiones,
1448 1315 1632 1349 permotiones,
1647 1322 1679 1341 ac

895 1362 1067 1389 definitiones
1085 1361 1178 1389 afferat
1194 1370 1201 1389 :
1219 1369 1313 1388 verum
1330 1368 1362 1387 eo
1391 1361 1484 1393 etiam,
1505 1359 1576 1394 quod
1594 1367 1675 1386 cura-

895 1410 982 1435 tiones
998 1407 1133 1442 copiosius
1159 1407 1257 1434 tratlat.
1275 1406 1366 1441 Neque
1388 1414 1494 1433 rursum
1523 1406 1572 1432 bos
1599 1405 1680 1431 modo

895 1458 1026 1480 tractatus
1036 1453 1203 1487 conspicitur
1213 1460 1352 1487 superare.
1374 1452 1420 1479 sed
1435 1457 1461 1478 et
1481 1459 1648 1486 quzrcnnque
1664 1460 1678 1478 e

895 1499 998 1527 Caleno
1010 1499 1053 1526 ille
1065 1500 1092 1526 in
1108 1499 1242 1532 epitomen
1255 1503 1382 1526 accurate
1393 1497 1498 1531 redegit
1515 1509 1521 1525 ι
1539 1502 1595 1524 tum
1609 1498 1678 1531 quod

855 1531 876 1560 ο
895 1545 997 1580 majore
1022 1553 1083 1572 cum
1102 1544 1298 1579 perspicuitate
1326 1551 1402 1570 suam
1434 1544 1586 1571 doctrinam
1614 1551 1679 1578 pro-

891 1596 982 1626 ponat,
999 1596 1056 1618 tum
1073 1591 1232 1625 etiamquod
1245 1590 1278 1617 de
1292 1590 1413 1625 pluribus
1440 1595 1500 1624 agat
1518 1590 1630 1617 mat-bis.
1645 1591 1678 1616 At

893 1645 955 1665 ctnn
973 1636 1091 1663 Oribasii
1117 1637 1288 1668 colleCtione,
1315 1644 1376 1671 quae
1400 1636 1571 1671 septuaginta
1595 1636 1680 1662 libros

891 1684 1090 1718 complectitur,
1107 1683 1278 1711 cmnutittere
1297 1690 1327 1710 se
1341 1690 1422 1709 ausus
1451 1682 1520 1710 Aetii
1539 1682 1624 1715 labor,
1640 1683 1680 1708 in-

893 1729 978 1757 ferior
1005 1729 1122 1757 fortasse
1135 1729 1292 1763 jttdicetur:
1311 1733 1368 1756 tum
1384 1728 1456 1763 quod
1484 1728 1678 1755 tractationem

894 1776 927 1803 de
944 1776 1082 1803 anatomia
1100 1780 1255 1810 praztcreat,
1268 1783 1350 1810 qttam
1368 1774 1411 1801 illa
1430 1774 1576 1810 explicavit
1591 1782 1598 1800 :
1620 1778 1677 1800 tttm

893 1823 964 1857 quod
976 1822 1222 1850 considerationem
1237 1822 1271 1849 de
1293 1829 1340 1848 usu
1358 1822 1486 1856 partium.
1513 1829 1573 1856 qum
1589 1821 1676 1856 philo-

893 1868 970 1902 sopbi
983 1868 1072 1902 potius
1085 1872 1157 1900 erat,
1170 1876 1250 1902 quatn
1268 1867 1362 1895 medici
1372 1867 1494 1894 curantis
1507 1875 1584 1902 opus,
1601 1866 1679 1893 simi—

895 1913 956 1940 liter
972 1914 1016 1940 hic
1041 1913 1226 1947 praetermisit.
1249 1912 1318 1946 Quin
1334 1918 1362 1939 et
1375 1913 1483 1939 easdem
1509 1913 1622 1940 forsitan:
1641 1912 1677 1940 ob

893 1966 991 1987 causas
1021 1958 1143 1986 nonnihil
1169 1958 1259 1991 cedat,
1283 1963 1313 1985 ut
1339 1959 1427 1985 minus
1455 1958 1527 1986 illam
1543 1966 1558 1985 e
1584 1958 1678 1986 Galeni

893 2006 1003 2040 scriptis
1017 2005 1159 2032 collectam
1170 2004 1316 2039 epitomam
1333 2005 1436 2031 vincat.
1455 2005 1552 2031 Verum
1563 2005 1678 2031 dixerim

894 2052 1018 2084 equidem
1048 2050 1247 2084 (animadversa
1276 2057 1335 2082 qua:
1363 2057 1434 2077 nunc
1471 2055 1513 2077 est
1541 2050 1678 2076 hominum

896 2095 1072 2133 negligentia,
1087 2100 1115 2122 et
1130 2095 1308 2122 inclinatione
1333 2096 1438 2130 majore
1456 2096 1480 2122 in
1504 2095 1555 2122 alia
1574 2095 1676 2125 omnia,

896 2149 977 2175 quatn
993 2143 1018 2168 in
1031 2150 1074 2174 ea,
1091 2141 1191 2176 quibus
1215 2149 1351 2175 mgrorttm
1375 2142 1480 2169 curatio
1508 2140 1676 2176 perficiatur)

897 2188 967 2216 hanc
980 2182 1168 2215 collectionem
1187 2195 1241 2222 pra:
1256 2188 1316 2214 aliis
1327 2188 1437 2222 scriptis
1452 2188 1479 2214 in
1497 2195 1573 2214 usum
1591 2187 1676 2214 dedu-

898 2235 999 2261 cenda:
1013 2235 1046 2261 iis
1063 2235 1228 2268 przesertim,
1250 2233 1349 2268 quibus
1379 2233 1574 2261 abstrttsiorem
1594 2232 1680 2259 medi-

897 2282 987 2309 cittatn
996 2282 1123 2315 scrutari,
1133 2287 1179 2308 aut
1188 2281 1362 2316 physiologia?
1370 2280 1491 2307 subsidio
1499 2279 1680 2313 cognitionem

897 2332 924 2360 et
943 2328 1085 2355 veritatem
1101 2327 1241 2361 consequi.
1256 2326 1423 2360 propositum
1443 2333 1496 2351 non
1513 2330 1565 2357 est,
1582 2324 1630 2351 sed
1647 2325 1680 2350 ad

896 2374 981 2401 solam
1007 2381 1152 2408 corporum
1182 2373 1349 2399 medicinam
1376 2376 1529 2406 respectum
1568 2371 1680 2402 habere.

897 2419 1024 2453 nulloque
1040 2419 1111 2453 qttod
1124 2418 1157 2445 ad
1174 2419 1232 2453 ejus
1248 2426 1325 2444 usum
1345 2418 1479 2452 pertineat
1494 2417 1615 2444 destitui.
1630 2417 1681 2449 Qui

861 2210 883 2238 D

897 2466 968 2493 enim
978 2467 1064 2500 reipsa
1072 2465 1259 2491 demonstrare
1270 2465 1362 2491 volent
1374 2463 1561 2490 curationibus
1575 2463 1683 2489 morbos

897 2511 1004 2546 depelli,
1019 2518 1067 2538 eos
1076 2511 1147 2537 hunc
1163 2511 1262 2538 librum
1274 2510 1399 2536 manibus
1414 2509 1560 2544 diligenter
1583 2513 1681 2540 terere,

896 2557 1037 2590 eidemque
1058 2564 1169 2590 operam
1190 2564 1221 2583 ac
1249 2555 1371 2582 studium
1403 2561 1505 2580 navare
1535 2553 1680 2587 oportebit.

899 2603 948 2630 Cui
967 2602 1146 2629 adtnouitioni
1163 2601 1287 2636 quisquis
1307 2599 1424 2634 parebit,
1444 2607 1484 2626 nn:
1497 2599 1541 2627 ille
1554 2606 1615 2626 mox
1634 2605 1684 2625 ex-

899 2648 1032 2682 periundo
1050 2646 1152 2674 laboris
1167 2646 1208 2674 sui
1228 2645 1344 2673 fructum
1362 2644 1473 2672 referet.

700 2779 816 2807 νΑιιιΑς
838 2778 1040 2807 LECTIONES.

84 2835 95 2848 ‘
108 2835 235 2873 xui-.hv]
248 2834 301 2863 κὰν
311 2835 362 2871 τὴν
375 2836 407 2863 Δ.
446 2837 455 2853 ⁷
471 2835 489 2863 ἂ
503 2836 525 2864 Δ
540 2833 587 2865 at:
605 2845 635 2870 ς.
674 2837 685 2853 ⁵
701 2836 832 2868 διατεθεὶς
848 2845 878 2868 ς.
915 2837 926 2853 ⁹
952 2835 1024 2873 ἥτις]
1040 2836 1107 2868 εἴτις

53 2871 218 2906 τετιγμένην
233 2879 264 2902 ς·-

1133 2844 1204 2864 corr.
1221 2837 1254 2865 Α.
1295 2835 1318 2853 ⁸³
1334 2836 1392 2873 καὶ]
1406 2836 1466 2865 libri
1482 2836 1542 2863 κάν.
1581 2834 1602 2851 "
1620 2843 1682 2861 ςυν-
