1916 3092
253 132 304 162 Ἰ35

593 185 696 215 CXXII.

365 231 437 258 Jobii
453 231 576 258 monac/tt
593 232 785 261 Cammenlarii
802 234 865 261 libri
878 243 917 262 ιι.

288 276 396 304 Lectum
413 275 484 303 Jobli
502 278 627 304 monachi
653 285 722 311 opus
741 278 819 306 libris
833 287 941 313 novem,
960 280 1036 314 eapi-
1076 270 1084 275 Ir

253 322 324 348 tibus
333 329 396 348 vero
411 322 529 356 quinque
546 321 653 356 quidem
673 323 726 350 illis
747 331 827 358 supra
844 324 1034 360 quadraginta,

252 367 300 393 sed
315 367 414 400 quibus
428 367 478 393 alia
488 368 617 395 nonnulla
632 369 832 403 interjiciautur
846 379 853 402 ;
866 370 923 404 ipse
938 375 1036 399 auctor

199 416 203 417 '
253 413 359 438 titulum
380 413 449 440 libro
463 414 557 441 dedit:
578 414 616 441 De
638 413 720 441 Verbo
742 415 884 443 incantato
903 424 1036 444 commen-

252 459 348 485 tarius.
367 458 511 493 Propterea
542 460 681 493 nimirum,
698 460 770 494 quod
801 461 842 497 (ut
856 461 907 498 ait)
935 462 1037 490 multas

253 504 297 531 hic
312 505 344 532 de
367 504 435 531 Filio
452 506 498 532 Dei
514 505 623 533 homine
640 507 805 541 qusestiones
830 512 990 542 pertractet.
1007 508 1036 535 lu

254 551 404 577 tractandis
421 550 503 586 igitur
535 553 731 579 controversiis
755 554 790 587 (si
817 554 970 588 generatim
993 555 1035 582 lo-

251 598 357 630 quaris)
375 605 428 623 non
457 599 629 631 pmuitendus
654 600 762 632 quidem
786 600 830 626 ille
863 604 914 633 est,
930 605 977 628 aut
992 609 1036 629 re-

253 641 371 668 missus:
403 647 428 668 at
453 650 505 669 non
533 642 569 668 ita
596 643 677 670 etiam
709 649 782 671 recte
802 644 828 671 iu
855 645 1038 673 solutionibus

252 687 387 721 procedit.
400 687 467 714 Nam
484 692 513 714 ut
528 688 644 715 maxime
673 689 835 716 solutionem
851 689 878 716 in
900 691 1038 726 plerisque

253 732 388 768 vestigat:
413 732 439 759 in
462 733 623 768 quibusdam
652 735 760 761 interim
785 735 842 763 sola
861 736 911 770 illi,
940 737 1037 772 181b

253 785 313 812 quae
331 783 453 812 apparet,
473 780 578 813 species
603 780 749 813 satisfacit,
767 786 796 808 ut
812 781 878 808 nihil
893 782 975 810 altius
1004 782 1038 810 ad

254 824 399 850 certiorem
418 825 557 852 veritatem
575 830 700 860 penetret
713 835 720 853 :
735 827 799 860 quin
813 827 901 855 ethoc
913 827 1039 855 fortassis

848 132 982 163 PHOTII
1002 131 1257 163 PATRIARCHIE
1276 131 1331 161 (ΞΡ.

1823 126 1885 157 736

1424 185 1509 214 EKB’.

1273 234 1387 262 Ἰωὸιου
1405 231 1540 267 μοναχοῦ
1551 231 1636 266 λόγοι
1649 232 1685 259 θ’.

1129 279 1298 316 ’Δνεγνὼσθη
1324 279 1424 315 βιϐλίον
1460 278 1561 305 Ἰωσίου
1588 275 1705 313 μοναχοῢ
1731 275 1761 304 ἐν
1786 275 1885 310 λόγοις

1091 327 1140 363 μὶν
1157 326 1189 360 θ’,
1215 325 1374 361 κεφαλαίοις
1402 325 1431 351 δὲ
1460 328 1486 360 μ’
1498 324 1545 350 καὶ
1557 326 1588 356 ε’,
1614 320 1655 355 οἷς
1681 321 1886 349 συνυποεάλλει

1090 375 1136 401 καί
1152 382 1214 400 τινα
1230 373 1321 408 ἕτερα.
1335 371 1391 408 Τὴν
1405 371 1435 398 δὲ
1449 370 1496 398 τοῦ
1509 370 1611 406 βιϐλίου
1625 368 1781 404 ἐπιγραφὴν
1791 369 1886 395 οἰκο-

1088 419 1217 455 νομικὴν
1229 418 1386 454 ἐπέγραψεν
1396 417 1411 444 ό
1424 416 1558 449 συντάξας
1568 413 1785 449 Πρατματείαν,
1798 413 1885 445 διότι,

1090 466 1183 501 φησὶν.
1204 466 1233 492 ὲν
1252 464 1326 500 αὐτῷ
1357 462 1443 490 πολλὰ
1468 461 1523 489 τῶν
1552 461 1617 496 περὶ
1641 460 1692 495 τῆς
1720 459 1886 494 οἰκονομίας

1090 512 1246 547 περιέχεται
1277 509 1456 547 ζητημάτων.
1479 509 1524 536 Ἐν
1544 507 1594 542 μὲν
1612 506 1659 534 οὖν
1671 507 1732 538 ταῖς
1749 505 1887 540 ἀπορίαις

1090 559 1204 585 καθόλου
1223 557 1307 592 φάναι
1320 558 1334 584 ό
1346 555 1522 592 συγγραφεὺς
1534 554 1585 581 οὐκ
1598 553 1714 587 ἀγεννής
1728 552 1806 578 ἐστιν
1816 550 1885 578 οὔτε

1090 605 1184 636 ἄτονος
1196 613 1203 620 ·
1218 604 1268 639 οὐχ
1283 603 1383 638 ὁμοίως
1398 602 1428 629 δὲ
1453 601 1499 628 διὰ
1529 599 1583 627 τῶν
1608 598 1713 625 λύσεων
1742 597 1885 632 πρόεισιν,

1090 649 1147 677 ἀλλ’
1162 650 1192 675 ἐν
1205 649 1312 679 πολλοῖς
1329 647 1379 683 μὲν
1391 645 1541 682 ίχνηλατῶν
1554 644 1683 680 τυγχάνει
1701 642 1750 677 τῆς
1762 642 1884 675 λύσεως,

1091 695 1147 722 ἐστι
1157 695 1178 722 δ’
1196 694 1238 728 ἐφ’
1253 690 1290 721 ὧν
1310 694 1366 725 τοῖς
1381 691 1554 727 φαινομένοις
1568 690 1704 725 ἀρκεῖται,
1721 687 1887 722 περαιτέρω

1093 741 1175 777 μηδὲν
1193 739 1260 775 πρὸς
1273 739 1323 775 τὴν
1332 739 1381 773 τῆς
1392 737 1520 772 ἀληθείας
1541 734 1704 771 ἐμϐαθύνων
1720 732 1885 769 ἀκρίϐειαν.

1091 787 1168 821 Τάχα
1186 786 1207 812 δ’
1222 786 1254 813 ἄν
1279 793 1320 816 τις
1345 783 1439 819 ἕτερος
1461 782 1533 809 εἴποι
1563 781 1612 808 καὶ
1638 779 1685 807 τοῦ
1716 779 1888 814 φαινομένου

1092 833 1222 863 πολλάκις
1237 831 1286 866 τὴν
1310 829 1393 858 αὐτοῦ
1412 828 1529 863 σπουδὴν
1541 825 1731 861 καθυφίεσθαι.
1742 824 1800 859 Τῆς
1815 825 1888 859 μέν·

255 868 327 895 alius
354 869 489 905 quispiam
520 870 631 903 dixerit,
650 871 699 906 ipsi
725 873 806 899 etiam
829 880 891 900 sese
914 872 1036 900 offerenti

1104 888 1129 905 οι
1139 887 1171 913 γε
1192 877 1344 909 εὑσεόείας,
1369 876 1419 903 ὅσα
1434 883 1466 909 γε
1484 874 1534 910 ἐμὲ
1547 873 1659 904 ειδέναι.
1672 871 1701 898 έν
1713 880 1743 898 τε
1757 870 1797 904 τῷ
1810 879 1887 906 παρ-

254 914 354 948 speciei
370 921 496 942 conatum
505 915 563 950 ejus
574 918 682 945 cedere.
699 918 756 946 Etsi
772 926 832 946 cum
847 918 873 945 in
883 919 934 946 hoc
944 926 1038 954 opere,

257 965 312 987 tum
332 961 357 988 in
381 969 413 988 eo
428 963 500 996 quod
514 967 611 990 contra
627 963 758 991 Severum
773 965 895 999 scripsit,
911 970 940 993 et
958 971 1040 993 recta)

255 1007 394 1041 religionis
410 1013 453 1035 est
477 1008 559 1044 (quod
574 1011 682 1044 quidem
699 1011 915 1046 observaverim)
932 1019 1037 1045 amans,

256 1052 389 1087 laudcque
403 1054 509 1088 dignus,
533 1059 559 1082 et
576 1056 725 1089 diligentia:
748 1064 803 1084 non
831 1057 1040 1085 contemnenda:

255 1103 337 1133 atque
356 1099 382 1126 in
396 1107 534 1127 sacrarum
549 1106 680 1136 praeterea
693 1100 894 1136 Scripturarum
904 1109 1042 1129 commen-

258 1145 359 1172 tatione
390 1146 532 1181 insigniter
554 1148 731 1175 exercitatus.
764 1147 844 1175 Jussu
873 1152 966 1175 autem
989 1147 1042 1175 viri

254 1191 394 1225 cujusdam
425 1193 526 1220 virtute
547 1193 630 1227 ,‘clari
665 1194 699 1221 ad
727 1194 799 1222 hunc
836 1201 897 1221 sese
923 1194 1043 1222 laborem

255 1244 412 1271 aggressum
429 1238 522 1266 refert.

1089 924 1147 952 όντι
1175 923 1247 958 λόγῳ
1267 923 1314 950 καὶ
1346 923 1374 949 ὲν
1394 922 1428 956 τῇ
1458 919 1529 947 κατὰ
1554 918 1674 954 Σεϐήρου
1703 916 1888 953 πραγματείᾳ

1089 969 1206 1005 ἐραστής
1222 967 1251 994 τέ
1263 969 1337 994 ἐστιν
1351 967 1519 998 άξιέπαινος,
1553 965 1601 991 καὶ
1616 963 1646 990 τδ
1660 963 1806 998 φιλόπονον
1832 962 1888 988 οὒκ

1090 1015 1228 1049 ἀδόκιμος,
1251 1012 1300 1040 καὶ
1314 1013 1363 1047 τῆς
1385 1011 1438 1038 τῶν
1454 1010 1535 1047 ίερῶν
1550 1009 1668 1045 Γραφῶν
1696 1008 1814 1044 μελέτης
1832 1007 1888 1052 οὐκ

1088 1062 1212 1096 ἄπειρος.
1239 1059 1282 1092 Ἐξ
1311 1058 1497 1092 ἐπιτάγματος
1525 1057 1574 1092 μὲν
1597 1053 1645 1083 οὖν
1664 1054 1737 1086 τινος
1759 1053 1816 1080 τῶν
1838 1053 1879 1078 ἐπ

1089 1108 1174 1142 ἀρετῇ
1202 1105 1347 1141 γνωρίμων
1381 1104 1425 1131 τὸν
1449 1103 1629 1139 προκείμενον
1652 1099 1778 1128 ὑπελθεῖν
1798 1098 1887 1125 πόνον

1090 1154 1234 1189 διηγεῖται.

476 1304 534 1332 Lib.
555 1313 564 1332 1
579 1311 606 1332 et
617 1314 647 1332 ιι.
663 1321 700 1327 -
716 1306 771 1334 Cur
780 1306 830 1334 Dei
849 1306 936 1334 Filius
955 1327 962 1341 ,
975 1315 1026 1335 non
1044 1306 1134 1340 Pater,
1147 1311 1193 1333 aut
1209 1305 1322 1340 Spiritus
1334 1308 1440 1331 sanctus
1455 1303 1539 1337 [actus
1558 1302 1655 1329 homo?

290 1363 316 1390 ‘l.
330 1361 447 1388 Primam
473 1362 565 1396 itaque
589 1362 720 1390 librorum
733 1371 844 1390 suorum
859 1364 1037 1399 quaestionem

255 1409 401 1443 proponit:
420 1407 474 1434 Cur
486 1407 534 1434 Dei
548 1407 637 1435 Filius
653 1414 677 1436 et
698 1418 749 1436 non
766 1409 857 1442 Pater,
873 1418 953 1446 neque
979 1411 1039 1445 Spi-

254 1455 320 1481 ritu:
337 1459 443 1481 sanctus
457 1454 600 1481 humanam
614 1454 726 1489 formam
738 1455 875 1482 induerit?
891 1457 967 1491 cujus
977 1464 1039 1484 esse

252 1501 412 1535 qmestionis
447 1501 608 1528 solutionem
634 1501 705 1528 hanc
735 1502 893 1530 arbitratur.
923 1502 1038 1536 Quando

253 1545 338 1573 Filius
351 1545 467 1572 Verbum
481 1550 561 1573 estet
586 1546 668 1574 homo
692 1546 784 1574 Verbo
808 1553 890 1582 atque
919 1548 1037 1582 imagine

1127 1362 1242 1398 Πρώτην
1263 1363 1292 1389 δὲ
1309 1362 1414 1396 τίθησιν
1438 1359 1521 1388 αὑτοῦ
1548 1359 1602 1386 τῶν
1613 1359 1699 1393 λόγων
1718 1360 1739 1375 "
1752 1360 1887 1395 ἀπορίαν,

1090 1409 1142 1436 Διὰ
1170 1409 1198 1435 τί
1214 1410 1230 1436 ό
1245 1408 1311 1441 Υίὸς
1332 1407 1396 1443 [580
1407 1405 1453 1442 IL]
1474 1405 1571 1440 καὶμὴ
1596 1407 1612 1432 d
1631 1405 1732 1439 Πατὴρ
1746 1405 1824 1440 μηδὲ
1849 1407 1887 1433 τὸ

1090 1455 1177 1489 ἅγιον
1191 1454 1311 1488 Πνεῦμα
1325 1453 1382 1486 τὴν
1395 1452 1542 1487 ’ἡμετέραν
1565 1451 1685 1486 μορφὴν
1700 1451 1808 1478 ὑπέδυ.
1826 1452 1889 1478 Καὶ

1090 1500 1185 1527 τούτου
1205 1500 1252 1526 τοῦ
1282 1499 1460 1533 ἀπορήματος
1487 1498 1564 1529 λύσις
1586 1496 1659 1532 αὐτῷ
1671 1496 1823 1531 νομίζεται,
1839 1497 1888 1524 ὃτι

1090 1546 1183 1581 ἐπειδὴ
1195 1546 1279 1578 Λόγος
1295 1547 1309 1572 ὁ
1321 1544 1394 1577 Υίὺς,
1408 1545 1421 1570 ό
1440 1544 1468 1570 δὲ
1484 1543 1626 1579 ἄνθρωπος
1637 1543 1716 1576 Λόγῳ
1730 1543 1776 1568 καὶ
1796 1543 1890 1569 είκόνι

254 1591 299 1618 1ὶεί
314 1591 378 1618 olim
390 1592 591 1625 cohonestatus,
610 1593 683 1620 hisce
699 1598 790 1628 postea
809 1594 911 1622 excidit
927 1603 933 1621 :
956 1594 1036 1621 Com-

1103 1592 1154 1619 ιεοῦ
1169 1592 1292 1627 τιμηθεὶς
1303 1589 1403 1618 τούτων
1417 1599 1446 1616 τε
1460 1590 1633 1617 διαπέπτωκε
1660 1588 1708 1615 καὶ
1732 1595 1891 1622 παρεσυν-

252 1643 412 1671 paratusque
443 1638 622 1673 eatjumenlis
661 1639 855 1673 insipientibus,
887 1646 911 1668 et
941 1642 1038 1668 similis

253 1683 339 1716 [actm
348 1688 385 1710 es!
396 1683 458 1716 ipsis
465 1683 503 1716 ";
519 1688 662 1718 propterea
675 1685 801 1712 nimirum
814 1686 931 1713 Verbmu
947 1687 979 1713 ad
992 1695 1038 1715 eos

252 1729 297 1762 qui
310 1729 336 1755 in
347 1729 613 1756 irrationabilitatem
623 1730 690 1764 lapsi
701 1736 779 1757 erant
788 1732 915 1764 accessit,
929 1733 1036 1760 ruinam

251 1779 372 1801 nostram
400 1782 542 1809 reparans,
561 1783 593 1802 ac
608 1783 656 1802 nos
669 1776 695 1802 in
710 1777 851 1811 pristinam
879 1778 1037 1814 dignitatem

252 1819 419 1853 postliminio
435 1827 566 1848 revocans
582 1829 589 1846 :
628 1820 742 1849 Verbum
763 1824 844 1855 enim,
860 1824 958 1860 inquit,
974 1834 1037 1853 caro

252 1865 350 1899 factum
363 1871 399 1893 eu
416 1866 455 1901 (id
474 1872 527 1900 est,
554 1873 680 1895 naturam
703 1874 828 1897 nostram
845 1870 872 1897 in
891 1872 1038 1900 irrationa-

249 1910 382 1938 bilitatem
399 1912 563 1947 prolapsam,
581 1919 608 1941 et
623 1915 688 1942 nihil
704 1914 760 1948 jam
782 1916 971 1950 intelligentia:
987 1918 1037 1945 ha-

249 1955 370 1990 bentem,
389 1958 435 1985 sed
455 1962 537 1985 lotam
554 1959 587 1986 ad
608 1967 651 1990 ea.
668 1968 728 1994 qme
746 1961 838 1988 carnis
855 1967 930 1995 sunt,
956 1963 1036 1990 incli-

252 2007 353 2034 natam,
371 2004 528 2039 assumpsit)
546 2010 571 2032 ει
595 2005 722 2033 habitavit
737 2007 765 2033 in
778 2008 893 2035 nobis".
922 2009 949 2036 2.
968 2009 1036 2037 Nam

253 2048 324 2074 hanc
342 2048 426 2075 etiam
440 2049 474 2077 ob
491 2057 615 2082 causam,
634 2050 685 2083 ait,
703 2051 839 2086 virgineos
852 2060 947 2081 recens
961 2055 1037 2082 sinus

249 2099 390 2127 egressum
409 2093 527 2122 Verbum
549 2096 658 2130 excepit
686 2097 860 2132 prmsepium,
892 2099 1035 2127 brutornm

251 2145 354 2171 mensa,
381 2139 466 2168 bobus
486 2145 568 2176 atque
599 2142 685 2169 asinis
711 2142 871 2170 alimentum
899 2145 1034 2179 pratbens.

250 2183 340 2211 Bobns
355 2185 476 2219 quidem,
498 2187 570 2221 quod
586 2187 646 2222 puri
674 2195 736 2214 cum
748 2188 812 2221 sint,
824 2189 926 2216 veteris
942 2190 1034 2224 populi

249 2229 357 2257 lsraelis
372 2231 524 2266 symbolum
540 2232 704 2266 praeferant;
724 2234 808 2261 asinls
825 2242 901 2268 vero,
915 2236 986 2270 quod
1001 2237 1036 2264 ob

1088 1638 1197 1672 εὸλήθη
1210 1639 1231 1654 ¹³
1248 1638 1310 1670 τοῖς
1331 1636 1455 1669 κτήνεσι
1474 1636 1535 1669 τοῖς
1555 1634 1704 1668 ἀνοήτοις,
1714 1635 1764 1661 καὶ
1773 1634 1891 1669 ὡμοιώ-

1088 1685 1124 1718 θη
1151 1684 1269 1716 αὐτοῖς’
1295 1683 1342 1709 διὰ
1367 1682 1474 1709 τοῦτοὸ
1500 1682 1586 1715 Λόγος
1609 1681 1666 1712 τοῖς
1701 1681 1741 1713 είς
1770 1680 1892 1714 ἀλογίαν

1088 1730 1217 1758 πεσοῦσιν
1235 1729 1420 1764 ἐπεδήμησεν,
1433 1728 1464 1755 τό
1479 1737 1509 1754 τε
1523 1727 1658 1762 ὀλίσθημα
1669 1727 1748 1762 ήμῶν
1763 1726 1890 1761 ἐξιώμε-

1088 1786 1133 1807 νος
1142 1777 1189 1803 καὶ
1207 1777 1275 1812 πρὸς
1282 1776 1312 1802 τὸ
1324 1776 1437 1811 ἀρχαῖον
1451 1774 1572 1801 ἀνέλκων
1587 1774 1706 1809 ἀξίωμα.
1715 1773 1746 1800 'O
1755 1774 1853 1807 Λόγος
1866 1773 1890 1789 ¹³

1088 1822 1142 1857 γάρ
1153 1830 1231 1856 φησι,
1246 1820 1324 1856 σὰρξ
1338 1820 1468 1856 ἐγένετο,
1494 1820 1618 1846 τουτέστι
1629 1819 1679 1855 τὴν
1713 1819 1753 1850 είς
1770 1818 1891 1853 ἀλογίαν

1087 1867 1295 1895 καταπεσοῦσαν
1313 1866 1395 1902 φύσιν
1413 1864 1504 1902 ἡμῶν,
1528 1865 1576 1892 καὶ
1595 1864 1677 1900 μηδὲν
1692 1865 1760 1900 πρὸς
1773 1864 1804 1891 τὸ
1822 1873 1890 1892 νοε-

1089 1914 1146 1950 ρὸν,
1174 1914 1239 1948 ὃλην
1253 1913 1281 1939 δὲ
1294 1913 1362 1948 πρὸς
1374 1912 1405 1939 τὸ
1423 1911 1554 1947 σαρκικδν
1567 1910 1768 1941 ἀπονεύσασαν,
1785 1910 1889 1937 ἀνελά-

1088 1960 1161 1992 ϐετο,
1176 1960 1224 1986 καὶ
1242 1959 1420 1993 ἐσκήνωσεν
1435 1958 1470 1984 ἐν
1483 1957 1566 1992 ἡμῖν.
1596 1957 1646 1983 Διά
1675 1965 1716 1983 τοι
1739 1955 1794 1990 γάρ
1814 1964 1888 1990 φησι

1087 2005 1166 2032 τοῦτο
1192 2005 1239 2032 καὶ
1253 2004 1307 2032 τῶν
1332 2003 1504 2040 παρθενικῶν
1517 2003 1625 2029 κόλπων
1642 2002 1705 2038 ἄρτι
1716 2000 1889 2037 προελθόντα

1086 2052 1132 2079 τὸν
1150 2051 1236 2084 Λόγον
1249 2051 1337 2085 φάτνη
1352 2049 1550 2084 ὐποδέχεται,ἡ
1568 2048 1623 2074 τῶν
1636 2047 1741 2082 ἀλόγων
1757 2046 1889 2082 τράπεζα

1087 2099 1135 2125 καὶ
1149 2097 1218 2133 βοῶν
1235 2105 1266 2123 τε
1279 2096 1325 2123 καὶ
1341 2095 1409 2122 ὄνων
1419 2095 1530 2131 τροφὸς,
1545 2095 1600 2122 τῶν
1617 2095 1668 2128 μὲν
1682 2093 1730 2120 ἇτε
1745 2093 1778 2127 δὴ
1792 2092 1887 2119 καθα-

1089 2144 1144 2179 ρῶν
1163 2143 1285 2178 σὺμὸολα
1311 2141 1448 2177 φερόντων
1477 2142 1524 2168 τοῦ
1550 2139 1667 2168 παλαιοῦ
1688 2139 1808 2174 Ἰσραήλ,
1828 2139 1888 2165 τῶν

1087 2189 1115 2216 δὲ
1126 2189 1169 2215 διὰ
1179 2189 1209 2215 τὸ
1226 2188 1380 2223 ἀκάθαρτον
1391 2187 1421 2213 τὸ
1431 2187 1463 2213 ὲκ
1476 2186 1532 2213 τῶν
1559 2186 1644 2213 ὲθνῶν
1674 2185 1802 2219 σύστημα
1821 2193 1828 2201 ·
1845 2181 1888 2212 ὧν

1088 2235 1217 2270 ἑκάτερον
1232 2234 1324 2269 ἔργοις
1343 2242 1373 2260 τε
1392 2233 1440 2260 καὶ
1454 2232 1587 2268 δόγμασιν
1617 2233 1656 2263 εἰς
1671 2231 1888 2266 άλογίαν”ἀπεν-

250 2274 436 2310 impuritatem
463 2277 583 2311 gentium
600 2283 699 2305 emtum
727 2283 942 2312 repraesentem:
967 2288 1035 2315 quos

1103 2281 1165 2316 χθὲν
1177 2282 1191 2307 ό
1203 2281 1289 2314 Λόγος
1316 2279 1507 2310 ἀνεκαλέσατο,
1525 2278 1562 2310 ὥς
1582 2287 1634 2304 που
1650 2278 1697 2305 καὶ
1711 2278 1725 2304 ό
1739 2278 1888 2313 προφήτης

251 2325 382 2355 utrosque
394 2321 450 2356 jam
467 2329 549 2357 opere
562 2327 644 2358 atque
661 2323 836 2358 opinionibus
851 2325 877 2351 in
890 2325 1035 2353 irrationa-

249 2365 381 2393 bilitatem
399 2366 521 2400 illapsos,
546 2367 665 2396 Verbum
681 2371 830 2399 revocavit.
847 2372 1032 2404 Quemadmo-

249 2410 312 2436 dum
327 2415 354 2438 et
368 2411 466 2439 alicubi
494 2414 627 2448 propheta
655 2415 739 2443 Isaias
751 2417 892 2450 praedixit:
910 2418 967 2452 (41)
998 2417 1032 2444 1η

248 2455 334 2482 medio
353 2456 465 2484 duorum
480 2459 636 2486 animalium
653 2463 716 2488 dum
734 2461 904 2495 clamaveris,
934 2472 1033 2490 memo-

249 2499 368 2534 ruberis;
400 2510 459 2529 cum
481 2505 718 2540 appropinquarint
743 2509 821 2540 anni,
854 2510 1032 2544 cognosceris.

283 2567 306 2583 ⁸⁸
320 2566 394 2596 Psal.
410 2577 505 2605 xcvttt,
525 2571 570 2600 15.
607 2571 718 2600 "Joan.
732 2573 810 2607 1,14.

1093 2327 1207 2359 Ἠσαίας
1225 2327 1246 2343 ’⁸
1278 2327 1477 2362 προεμήνυσεν,
1495 2325 1545 2352 Ἐν
1554 2324 1639 2359 μέσῳ
1653 2324 1708 2351 δύο
1726 2323 1806 2354 ζώων
1818 2323 1886 2350 δια-

1087 2372 1237 2408 κεκραγὼς
1250 2371 1414 2406 μνησθήσῃ
1427 2380 1433 2386 ·
1449 2371 1485 2397 ἐν
1509 2370 1549 2403 τῷ
1562 2370 1687 2405 ἐγγίζειν
1697 2370 1733 2397 τὰ
1743 2370 1796 2403 ἔτη
1819 2371 1887 2396 ἐπι-

1086 2418 1259 2453 τνωσθήσῃ.
1275 2419 1329 2444 Καὶ
1345 2418 1393 2453 τὴν
1407 2417 1530 2453 σαγήνην
1544 2417 1572 2443 δὲ
1587 2416 1637 2452 τὴν
1653 2417 1682 2442 ὲν
1697 2415 1735 2451 τῷ
1756 2416 1886 2450 Εὐαγγέ-

1084 2465 1166 2500 λίῳ¹⁸
1181 2465 1248 2499 φησὶ
1268 2463 1417 2500 μαρτύριον
1448 2460 1518 2489 εἶναι
1532 2463 1583 2498 τῆς
1611 2462 1728 2497 ἐσχάτης
1756 2461 1886 2494 ἀλογίας,

1085 2511 1126 2542 είς
1139 2511 1172 2546 ἢν
1185 2509 1339 2545 κατηνέχθη
1350 2509 1381 2546 λεδ
1394 2508 1575 2544 ἀνθρώπινον,
1606 2507 1678 2535 ὥστε
1705 2507 1753 2535 καὶ
1782 2506 1887 2542 ἰχθύων

890 2629 1009 2659 ἾΑΕῙΛΕ
1024 2630 1227 2659 LECTIONES.

285 2673 313 2716 ’1
322 2673 477 2716 τῶχλόγων
491 2675 574 2716 αὑτρῢ
590 2686 620 2716 ς.
660 2679 836 2716 ιιπαρεσυν.]
855 2679 925 2707 Psal.
956 2686 1052 2712 XLVIII,
1065 2679 1109 2706 15.
1148 2679 1169 2695 ³⁸
1191 2680 1205 2706 ό
1224 2677 1395 2715 λόγος].ίοιιη.
1411 2685 1431 2711 t,
1447 2677 1492 2705 14.
1531 2677 1552 2695 ’⁸
1570 2671 1697 2714 Ἡσαΐας]
1726 2677 1781 2705 imo
1797 2677 1884 2706 Abac.

249 2708 325 2740 ttt,2.
361 2709 383 2726 ¹⁶
402 2708 511 2747 εὗαγγ.]
526 2708 621 2739 Matth.
637 2721 703 2747 xvn,
717 2708 762 2742 2'7.

1011 2759 1080 2788 NOT
1087 2759 1127 2787 3E.

286 2804 342 2842 (Δρ)
354 2804 415 2842 _Non
432 2805 488 2833 haec
504 2805 584 2842 apud
600 2805 708 2842 Isaiam,
725 2808 772 2835 sed
790 2809 860 2842 apud
872 2808 1018 2840 Habacum,

1073 2813 1137 2836 sunt
1161 2808 1193 2837 ad
1208 2807 1290 2837 Vetus
1306 2808 1510 2837 Testamentum
1531 2806 1619 2836 Grec.
1630 2814 1685 2836 sec.
1697 2805 1782 2840 LXX,
1796 2806 1879 2835 Rom.

254 2847 287 2873 ιι,
307 2839 336 2873 2,
354 2839 490 2875 leguntur,
504 2839 626 2869 nonnihil
642 2842 730 2870 aliter.
748 2839 815 2872 Vide
841 2851 901 2878 quae
925 2839 1018 2872 notata
1073 2843 1138 2872 edit.
