1916 3092
43 137 94 169 737

598 137 859 169 BIBLIOTHECA.
871 150 904 156 —
921 138 1002 169 COD.
1016 138 1156 169 CCXXII.

1632 142 1684 174 738

43 197 98 218 τῶν
110 190 299 226 ἀφωνοτάτων
311 198 341 217 τε
353 190 401 218 καὶ
415 190 596 225 ἀλογωτάτων
613 191 696 227 μηδὲν
723 192 833 227 διενηνοι

896 193 923 220 5.
939 191 1074 228 Sagenam
1102 200 1211 228 quoque
1227 192 1254 220 in
1276 193 1435 229 evangelica
1464 195 1593 230 parabola
1607 199 1683 224 testi-

44 238 137 273 χέναι·
156 236 206 268 οὓς
221 237 239 271 ἠ
253 236 370 271 σαγήνη,
397 236 478 272 δῆλον
490 237 520 263 δὲ
538 237 576 269 ὡς
589 238 667 273 παρὰ
687 238 735 265 τοῦ
759 239 847 272 Λόγου

44 283 188 317 βληθεῖσα,
217 283 324 310 ὲιιεῖθέν
333 291 364 309 τε
375 283 524 318 ἀνήγαγεν,
536 283 584 310 καὶ
596 283 627 309 τὸ
639 284 747 317 λογικὸν
761 284 847 319 δῶρον

42 330 99 359 τοῖς
126 328 325 364 ἐστερημένοις
350 328 616 364 ἁπεκατέστησενίτ.
646 329 701 356 Καὶ
714 329 746 356 τὺ
765 330 847 365 πρόσ-

42 384 139 410 ταγμα
156 375 187 402 δὲ
200 374 249 401 τοῦ
265 375 365 409 Λόγου,
377 375 391 402 δ
405 376 420 402 ό
439 375 542 411 Πέτρος
574 375 664 402 λασὼν
685 376 734 402 καὶ
753 377 784 403 τὸ
798 375 846 403 τοῦ

45 421 136 455 ἰχθύος
150 420 291 452 διανοίξας
306 421 395 455 στόμα
411 417 475 455 εὗρε
493 421 627 456 στατῆρα,
654 420 790 456 σύμϐολον
808 420 848 448 εῐ-

42 477 83 494 ναι
103 466 152 493 τοῦ
181 466 236 493 ὑπὸ
258 466 307 493 τοῦ
322 467 410 501 Λόγου
431 467 481 502 τῆς
493 467 605 502 ἀλογίας
618 467 785 504 ἀπολυθῆναι
800 468 847 495 τὸν

42 513 207 548 ἄνθρωπον·
219 512 267 539 τὸν
284 513 336 547 μὲν
352 513 409 549 γὰρ
424 514 547 549 στατῆρα
563 514 759 549 συμϐάλλεινη
778 519 847 550 φησὶ

43 560 72 585 τὸ
88 558 237 593 βασιλικὸν
255 558 379 594 νόμισμα
404 558 468 596 [299
483 558 531 595 IL]
558 560 619 595 ἦτοι
645 560 681 587 τὰ
695 560 846 587 δεσποτικὰ

43 605 120 638 λόγια
134 603 186 639 (τὰ
207 605 296 639 λόγια
316 604 372 640 γὰρ
400 605 512 640 Κυρίου
522 605 663 640 ἀργύριον
675 605 847 640 πεπυρωμέ-

44 654 122 690 νον),
132 655 166 682 τὸ
179 654 209 681 δὲ
222 655 252 681 ἐν
262 654 301 690 τῷ
318 654 432 689 στόματι
444 651 598 688 κεκρύφθαι
612 652 657 678 τὸν
669 652 789 688 στατῆρα
798 652 846 680 τοῦ

44 700 135 735 ἰχθύος
144 700 180 727 τδ
193 699 383 735 συγκεχῶσθαι
392 699 438 726 καὶ
451 698 658 734 κατορωρύχθαι
673 698 724 734 τὴν
734 698 845 734 λογικὴν

42 747 155 782 ῧᾶναμιν
171 747 221 773 καὶ
237 746 318 782 χάριν
331 746 361 773 ὲν
372 746 428 777 τοῖς
445 744 546 780 ἰχθύων
561 744 640 779 δίκην
665 744 845 778 ἑξαλογωθετ-

41 800 89 818 σιν.
109 788 164 818 Ὧν
183 791 240 818 ὑπὸ
265 790 315 818 τοῦ
339 791 429 825 Λόγου
445 790 561 826 ῥωσθεὶς
574 791 589 816 6
601 789 705 826 Πέτρος
719 789 768 817 καὶ
781 789 844 817 δια-

41 836 129 869 νοίξις
157 836 192 863 τδ
219 836 333 872 στόμα,
358 836 537 872 ἀνακαθαίρει
559 844 589 862 τε
617 835 648 862 τὸ
675 836 762 870 δῶρον
794 835 842 863 καὶ

898 240 1017 266 moniutn
1033 246 1096 266 esse
1109 239 1364 267 aﬂirmatextremaa
1381 240 1635 271 irrationabilitatis.
1655 243 1682 271 itt

897 291 978 319 quam
994 284 1112 311 delatunt
1128 285 1165 311 sit
1177 285 1324 312 humanum
1344 292 1440 320 genus.
1458 291 1487 313 ut
1501 288 1543 314 vel
1567 295 1581 313 ιι
1601 288 1682 321 ρῑει-ἱ-

897 329 948 356 bus
963 329 1081 356 maxime
1095 329 1187 362 mutis,
1197 335 1223 357 et
1238 330 1472 359 irrationabilibus
1486 333 1552 359 nihil
1562 333 1682 368 dill'erat,

896 381 965 408 quos
988 382 1098 408 sagena,
1119 383 1200 410 quam
1218 382 1233 402 a
1260 375 1349 404 Verbo
1360 377 1461 411 jactaut
1479 386 1540 406 esse
1557 385 1679 413 constat,

897 417 959 444 inde
976 418 1079 450 eduxit,
1091 423 1118 445 et
1148 419 1264 447 rationis
1281 420 1379 447 tlomtm
1395 429 1429 448 eo
1448 424 1585 451 destitutis
1599 427 1680 452 resti-

898 463 959 491 tuit.
976 463 1004 490 4.
1018 463 1086 490 Illud
1113 463 1176 491 item
1204 464 1284 492 Verbi
1316 466 1483 499 mandatum,
1502 476 1555 503 quo
1572 476 1680 506 recepto

895 506 1005 540 Petrus,
1023 513 1050 536 et
1077 509 1162 543 piscis
1177 516 1225 536 ore
1251 515 1359 544 aperto,
1379 516 1508 540 statercnt
1529 514 1679 549 invenerit,

896 558 1084 587 argumentum
1101 561 1162 580 esse
1180 553 1289 581 liberati
1305 562 1354 590 per
1375 555 1493 584 Verbum
1508 558 1620 587 humani
1634 566 1682 596 ge-

896 600 970 626 neris
978 598 1011 625 ab
1027 599 1274 628 irrationabilitate.
1291 601 1427 629 Staterem
1455 604 1527 631 enim
1544 605 1680 634 indicasse

895 645 994 672 asserit
1006 645 1095 680 regale
1102 647 1247 679 numisma,
1261 647 1303 675 vel
1313 653 1387 675 certe
1399 648 1536 677 Dominica
1551 653 1678 680 oracula:

895 689 1010 726 Eloquia
1020 693 1091 718 enim
1103 691 1209 719 Domini
1223 698 1361 728 argentum
1387 694 1483 729 182a
1505 696 1564 730 igne
1580 699 1681 724 exami-

895 741 988 763 natum
997 736 1031 764 ⁸⁷.
1047 737 1124 770 Quod
1142 741 1233 765 autem
1251 738 1278 765 in
1295 739 1379 772 piscis
1395 747 1443 767 ore
1468 746 1554 768 stater
1566 743 1679 770 :tbscono

895 782 967 810 ditus
983 783 1074 816 latuit,
1086 784 1228 811 confusam
1242 790 1325 819 atque
1340 785 1476 814 defossam
1497 783 1678 817 ratiocinandi

894 827 949 854 vim
958 833 985 855 et
998 828 1115 863 gratiam
1131 829 1157 856 in
1174 830 1217 863 iis,
1232 831 1279 864 qui
1296 830 1410 865 piscium
1427 832 1514 860 instar
1527 833 1600 862 bruti
1613 842 1679 862 evu-

40 882 198 918 ὲμῳανίζει,
226 882 276 910 καὶ
310 883 351 914 εις
364 882 395 909 τὸ
411 883 493 918 μέσον
516 881 714 918 προιγαγὼνη
729 882 780 918 τὴν
793 884 833 909 οί-

892 879 987 901 serant
1012 873 1223 911 [signiﬁcasse],
1254 883 1369 911 quorutn
1408 877 1504 906 Petrus
1537 880 1677 912 donum,a

40 928 114 955 κείαν
134 928 239 963 χρῆσιν
251 929 292 960 εἰς
306 928 405 963 πρᾶξιν
422 929 601 964 προενεγκεῖν
622 928 832 964 συνιιργάσατο.

40 974 91 1000 Καὶ
102 974 136 1000 τὺ
162 974 213 1000 ἐπὶ
238 973 344 1000 δνον⁵⁹¹
360 973 447 1000 δὲκαὶ
470 973 562 1001 πῶλον
588 973 700 1000 καθίσαι
720 974 768 1001 τὸν
784 982 831 1000 σε-

41 1019 224 1055 σαρκωμὲνον
252 1020 341 1054 Λόγον
367 1019 398 1047 τὸ
415 1019 483 1046 αὐτό
507 1028 591 1055 φησιν
617 1019 833 1047 ὑπαινίττεσθαι.

40 1064 89 1091 Ναὶ
106 1065 142 1101 δὴ
159 1064 212 1092 καὶ
229 1064 277 1092 τὸν
303 1065 372 1100 μετὰ
381 1064 432 1101 τὴν
447 1065 597 1092 ἀνάστασιν
612 1065 659 1092 ἐπὶ
672 1064 723 1100 τῆς
736 1064 835 1100 ἀνθρα-

41 1111 99 1142 ιιᾰς
111 1110 307 1146 όπτώμενον,¹¹
326 1110 444 1146 ῑχθῦν¹¹⁹
454 1119 462 1127 ο
476 1111 507 1137 τὸ
520 1111 574 1146 γὰρ
588 1111 652 1146 πρὶν
667 1110 767 1145 ἄλογον
780 1111 833 1138 ὑπὸ

41 1155 84 1182 τοῦ
113 1156 206 1190 Λόγου
239 1155 410 1192 δωρούμενον
435 1155 486 1191 τῆς
497 1164 526 1182 τε
541 1155 654 1189 ἀλογίας
671 1155 831 1188 ἐξίστασθαι

42 1203 85 1228 καὶ
101 1201 207 1237 βρῶμα
222 1202 316 1238 νοερὸν
337 1201 383 1229 τού
396 1202 484 1237 Λόγου
501 1202 670 1237 καθορᾶσθαι
680 1202 834 1237 γινόμενον.

45 1248 100 1274 Ἔτι
110 1248 142 1275 δὲ
157 1247 210 1274 καὶ
229 1247 284 1274 τῶν
307 1247 439 1282 γλωσσῶν
447 1248 470 1264 ’³
482 1247 533 1282 τὴν
546 1247 627 1283 χάριν
638 1247 696 1279 τοῖς
714 1247 834 1274 ἀποστόε

44 1294 94 1325 let;
119 1294 270 1329 διδομένην
291 1294 341 1329 τῆς
355 1294 537 1328 ἀωστολικῆς
552 1293 643 1321 αὐτῶν
666 1294 836 1329 χειροτονίας

46 1341 157 1374 μηνύειν
173 1340 206 1366 τὸ
218 1339 360 1375 ψήφισμα,
375 1339 413 1371 ὼς
428 1339 461 1366 ἂν
477 1339 575 1375 καὶτῷ
591 1339 710 1375 σχήματι
724 1339 836 1374 μάθοιεν

44 1386 78 1416 ὡς
89 1385 128 1420 τῷ
143 1386 230 1420 Λόγῳ
238 1385 274 1412 τὰ
281 1385 328 1412 τοῦ
339 1385 426 1419 Λόγου
443 1385 661 1421 ὐπηρετήσοντες
675 1382 837 1419 ἀπήλαυσαν

43 1431 87 1457 τοῦ
114 1431 245 1458 τοιούτου
272 1431 450 1466 χαρίσματος.
481 1431 537 1457 Καὶ
559 1431 605 1457 τὸν
616 1429 774 1466 Πρόδρομον
795 1429 836 1462 δὲ,

45 1477 147 1510 φωνὴν
156 1477 183 1492 ’³
199 1475 327 1509 ,βοῶσαν
348 1476 402 1504 τοῦ
415 1477 512 1511 Λόγου
524 1475 601 1511 παρὰ
618 1475 673 1502 τῶν
692 1475 774 1511 ιερῶν
786 1483 837 1509 κη-

45 1523 210 1558 ρυττόμενον
233 1523 419 1557 Γραμμάτων,
442 1521 493 1548 οὑκ
510 1521 573 1548 ἄλλο
588 1530 614 1549 τι
630 1521 705 1557 παρὰ
715 1521 751 1548 τὰ
762 1521 837 1556 είρη-

47 1556 111 1604 μένα
127 1556 246 1604 νδηλοῦν,
258 1556 323 1595 γάλλί
347 1568 389 1594 ὅτι
403 1567 434 1594 τὸ
447 1568 498 1602 τῆς
523 1567 636 1601 ἀλογίας
661 1566 834 1602 ἀρρώστημα
849 1556 871 1588 C

45 1615 58 1640 ὁ
72 1615 158 1650 Λόγος
186 1614 362 1649 ἐπεδήμησεν
387 1612 555 1646 ὲξιάσασθαι,
572 1614 604 1640 ⁸0
617 1612 666 1640 καὶ
681 1613 729 1639 τδν
752 1612 834 1639 Δαὸὶδ

46 1660 131 1693 λέγειν
147 1668 156 1675 -
186 1659 398 1691 Ἐξαπέστσιλε
418 1659 443 1676 ’⁸
461 1659 515 1687 τὸν
538 1660 637 1694 Λόγον
665 1658 769 1692 αὑτοῦ,
783 1659 834 1686 καὶ

47 1705 148 1732 ἰάσατο
164 1705 291 1738 αὐτούς.

81 1838 138 1875 [581
161 1838 209 1875 R.]
237 1837 333 1866 Ταῦτα
359 1837 409 1874 μὲν
429 1836 476 1866 οὖν
497 1839 527 1865 ἐν
549 1840 606 1871 τοῖς
627 1838 687 1866 δυσὶ
713 1837 833 1874 πρώτοις

48 1886 212 1920 διεξέρχεται
227 1905 234 1917 ,
262 1885 351 1919 ἀγῶνι
383 1885 576 1920 προαγωνιστῇ
602 1885 833 1919 νεανιευσάμενος

49 1933 112 1958 κατὰ
132 1932 188 1958 τῶν
218 1931 354 1965 λεγόντων
377 1930 421 1957 διὰ
447 1930 526 1957 τοῦτο
551 1929 599 1956 τὸν
613 1929 678 1956 Υἰδν
689 1929 833 1964 ἄνθρωπον

49 1978 171 2010 γενέσθαι
183 1978 232 2004 καὶ
243 1977 361 2012 Σωτῆρα
384 1975 597 2012 παραγενέσθαι,
612 1975 680 2002 διότι
691 1976 749 2008 τοις
763 1975 832 2010 πρὸς

50 2025 180 2051 υἱοθεσίαν
199 2023 380 2059 καλουμένοις
394 2023 440 2050 τὸν
454 2022 520 2049 Υίδν
534 2022 599 2055 ἔδει,
612 2021 681 2049 ἀλλὰ,
697 2021 735 2057 μὴ
751 2020 831 2048 ἄλλον

49 2070 114 2101 τινὰ,
130 2068 313 2105 καθηγεμόνα
334 2068 383 2095 καὶ
405 2068 601 2104 ἁνακαινιστὴν
617 2069 668 2104 τῆς
691 2067 832 2099 υἱοθεσίας

50 2116 92 2141 ut
106 2114 276 2150 γεγενῆσθαι
291 2113 342 2141 καὶ
351 2113 547 2150 κηρύττεσθαι.

889 919 977 948 Verbo
990 921 1084 956 utique
1098 917 1288 955 coulirtna\us,
1307 929 1404 958 aperto
1419 925 1502 959 piscis
1518 933 1577 958 ore,
1597 927 1677 960 tollit,

886 967 1064 1001 conspicuum
1107 967 1229 1000 exhibet,
1258 974 1285 996 ct
1314 969 1341 996 in
1373 970 1491 998 medium
1517 973 1677 1006 productum

886 1020 985 1040 munus
1000 1017 1029 1039 ιιι
1043 1018 1244 1048 exsequeretur
1259 1021 1337 1041 suttm
1355 1014 1445 1042 ellicit.
1460 1016 1487 1043 5.
1506 1017 1581 1044 ldetu
1599 1022 1626 1045 ct
1643 1025 1677 1045 ex

885 1065 919 1086 eo
934 1058 1083 1093 signiﬁcari
1100 1059 1150 1091 ait,
1174 1059 1246 1094 quod
1261 1058 1378 1088 Verbum
1396 1061 1567 1089 lncarnatum
1591 1064 1676 1091 asina:

886 1111 917 1132 ac
933 1104 1006 1139 pullo
1020 1104 1149 1132 insederit
1165 1105 1198 1132 “.
1228 1105 1254 1133 6.
1272 1106 1400 1140 Quinimo
1412 1111 1440 1134 et
1466 1115 1500 1135 ex
1516 1108 1562 1136 illo
1589 1109 1674 1144 pisce,

885 1152 931 1186 qui
947 1156 1009 1186 post
1036 1151 1264 1179 resurrectionem
1295 1153 1389 1186 prunis
1418 1153 1560 1187 impositus
1588 1160 1676 1182 torre-

885 1197 967 1225 batur
979 1197 1014 1224 ".
1033 1197 1059 1224 ld
1072 1197 1144 1224 enim
1154 1199 1226 1233 quod
1240 1198 1317 1233 prius
1330 1203 1391 1225 erat
1402 1199 1601 1232 irrationabilc,
1610 1201 1674 1228 dum

886 1250 902 1270 ο
911 1243 992 1271 verbo
1003 1243 1075 1270 velut
1083 1243 1118 1270 ab
1129 1243 1189 1278 igne
1199 1249 1328 1276 torretur,
1341 1253 1394 1272 non
1407 1245 1672 1274 irrationabilitatem

886 1288 974 1317 solum
989 1289 1126 1321 amittere,
1143 1290 1191 1318 sed
1213 1291 1366 1325 spiritalem
1381 1291 1462 1318 etiam
1477 1290 1560 1318 Verbi
1581 1293 1670 1320 cibum

887 1334 1032 1362 manifeste
1049 1335 1118 1362 ﬁeri.
1135 1335 1160 1363 7.
1176 1335 1343 1371 Linguarum
1361 1337 1472 1372 insuper
1488 1338 1553 1365 illud
1566 1343 1674 1373 aposto-

886 1380 920 1408 lis
933 1381 1060 1409 donatum
1087 1389 1197 1414 munus,
1222 1382 1289 1409 nihil
1328 1382 1451 1410 iudicare
1477 1383 1562 1416 aliud,
1591 1392 1672 1418 quam

886 1429 1043 1463 apostolico.
1056 1429 1237 1457 ordinationis
1248 1429 1399 1462 decretutn,
1416 1434 1445 1456 ut
1459 1430 1562 1458 scilicet
1578 1431 1619 1458 vel
1638 1439 1673 1458 ex

886 1474 944 1509 ipsa
959 1474 1044 1509 figura
1059 1464 1206 1507 disceren‘t,
1224 1481 1366 1510 propterea
1379 1483 1408 1503 se
1418 1476 1484 1503 illud
1499 1484 1559 1504 esse
1572 1478 1672 1504 donum

887 1524 1058 1551 consecutos,
1089 1527 1144 1554 quo
1166 1520 1258 1548 verbis
1283 1520 1363 1548 Verbi
1391 1523 1518 1548 mundata
1543 1523 1674 1550 submitti-

887 1570 1017 1593 strarent.
1027 1566 1054 1593 8.
1070 1566 1269 1594 Prmcursorem
1283 1567 1364 1594 etiam
1379 1567 1465 1600 illum,
1480 1575 1568 1595 vocem
1579 1570 1672 1603 utique

885 1611 1041 1638 clamantem
1060 1611 1138 1639 Verbi
1154 1613 1174 1644 ι,
1192 1619 1272 1646 quem
1284 1620 1368 1640 sacra:
1387 1612 1496 1640 Litterae
1512 1614 1670 1647 prmdicant,

886 1657 953 1684 nihil
966 1657 1038 1685 aliud
1049 1665 1097 1692 per
1112 1666 1143 1685 ea
1160 1666 1221 1692 qua:
1237 1658 1315 1690 dixit,
1332 1659 1469 1691 indicare,
1495 1667 1574 1694 quam
1600 1661 1671 1694 quod

887 1702 1004 1730 Verbum
1032 1703 1064 1730 ad
1084 1703 1233 1730 curandum
1269 1703 1514 1731 irrationabilitatis
1548 1706 1671 1732 tttorbttttt

886 1749 1042 1776 accesserit.
1063 1748 1120 1775 Hoc
1144 1752 1173 1776 et
1199 1747 1329 1776 Davidem
1350 1749 1438 1783 ipsum
1469 1751 1669 1784 pronuntiare:

886 1792 961 1820 Miait
978 1792 1088 1821 Verbum
1097 1803 1186 1826 suum,
1200 1799 1224 1822 et
1237 1795 1339 1822 sanavit
1355 1803 1399 1822 eos
1413 1796 1436 1823 ³.

920 1838 984 1866 Haec
995 1839 1076 1873 igitur
1085 1840 1190 1867 duobus
1200 1840 1294 1875 primis
1308 1840 1385 1868 libris
1399 1841 1440 1868 sic
1458 1842 1626 1877 exsequitur,
1643 1846 1672 1869 ut

885 1884 972 1912 altero
984 1885 1134 1912 certamine
1146 1885 1305 1919 prtelusorio
1313 1886 1470 1920 iuveniliter
1478 1888 1565 1922 egerit
1577 1893 1672 1915 contra

887 1928 1071 1961 adversarios,
1085 1928 1228 1956 dicentes:
1246 1929 1393 1964 Propterea
1410 1931 1457 1959 Dei
1474 1931 1571 1959 Filiutn
1585 1933 1672 1960 homi-

887 1981 947 2002 nem
965 1974 1078 2006 l'actutn,
1094 1980 1177 2009 atque
1203 1974 1372 2004 Salvatorem
1390 1977 1542 2009 advenisse,
1558 1979 1672 2013 ecquod

886 2018 913 2045 in
929 2018 1100 2053 adoptionem
1114 2019 1229 2051 vocatis.
1247 2028 1300 2048 non
1319 2021 1403 2048 alium
1432 2022 1550 2058 aliquem
1575 2029 1673 2058 praeter

886 2064 974 2099 ipsum
991 2063 1089 2092 Filium
1105 2070 1243 2100 oporteret
1257 2068 1352 2094 ducem
1365 2071 1448 2104 atque
1463 2069 1671 2097 instauratorem

884 2111 1039 2146 adoptionis
1052 2116 1079 2139 et
1088 2119 1160 2145 esse,
1170 2117 1198 2140 et
1213 2112 1356 2148 appellari.

573 2181 632 2210 Lib.
647 2190 689 2210 ιιι.
703 2196 737 2203 ——
747 2181 802 2208 Cur
814 2180 862 2208 Det
882 2179 968 2207 Filiut
982 2181 1016 2208 sit
1030 2181 1107 2208 Itomo
1118 2181 1205 2216 factus
1220 2182 1233 2209 .9

84 2241 128 2268 ἐν
139 2240 171 2267 δὲ
187 2239 228 2275 τῷ
241 2243 267 2274 γ’
278 2238 339 2276 [καὶ
353 2238 387 2276 β’]
397 2239 469 2275 λόγῳ
493 2239 584 2266 αἰτίαν
604 2238 699 2274 ὑπέχει
711 2234 751 2264 At‘
766 2236 807 2272 ἣν
818 2238 833 2264 ό

922 2236 1045 2265 9.Terlio
1057 2245 1120 2265 vero
1132 2238 1319 2266 librocausam
1335 2239 1441 2267 reddit:
1459 2239 1513 2266 Cur
1523 2239 1570 2268 Dei
1584 2240 1672 2268 Filiur

49 2288 107 2320 mc
119 2285 311 2321 σεσάρκωται
320 2306 328 2319 ,
343 2285 389 2313 καί
404 2293 486 2321 φησιν
494 2285 532 2317 ὡς
545 2285 627 2320 ἐχρῆν
641 2284 687 2311 τὸν
697 2284 833 2319 Δημιουρ-

48 2334 90 2367 γὲιν
117 2334 168 2359 καὶ
185 2331 311 2368 πλάστην
327 2331 408 2358 αὐτὸν
423 2328 472 2358 καὶ
485 2330 643 2358 ἀναπλάσαι
654 2330 700 2357 καὶ
713 2329 831 2356 ἀνακαι-

48 2379 114 2406 νίσαι
144 2377 289 2413 συντρισὲν
318 2377 350 2404 τὸ
374 2377 581 2413 δημιούργημα.
610 2377 642 2404 Εἰ
666 2376 720 2411 γὰρ
751 2375 799 2402 καὶ
817 2375 832 2401 ό

48 2422 138 2457 Πατὴρ
172 2421 305 2453 ὡσαύτως
333 2421 503 2457 Δημιουργδς
529 2421 577 2447 καὶ
601 2420 632 2447 τὸ
657 2419 772 2455 Πνεῦμα
801 2419 831 2446 τὸ

47 2468 130 2502 ἅγιον,
147 2468 219 2504 πλὴν
235 2467 305 2495 ἀλλὰ
319 2467 408 2494 πάντα
418 2467 452 2494 δι’
462 2467 527 2494 Υίοῡ
541 2466 703 2501 γεγενῆσθαι
717 2465 748 2493 τὸ
759 2465 831 2502 ἱερὸν

49 2515 164 2549 συνεχῶς
191 2513 411 2549 ὲπιμαρτύρεται
433 2514 562 2549 γράμμα.
578 2513 652 2540 Ἔδει
667 2512 758 2540 τοίνυν
785 2511 830 2538 τὸν

49 2559 243 2594 τλασ-ιουργὺν,
268 2558 441 2594 διαρρυέντος
464 2559 511 2586 τοῦ
531 2559 701 2593 πλάσματος,
717 2557 783 2585 αὑτό
799 2564 830 2585 τε

49 2608 85 2637 εἰς
99 2606 195 2633 ἑαυτὸν
213 2604 361 2633 ἀναλαϐεῖν
375 2606 422 2632 καὶ
438 2605 578 2632 ἀνασῶσαι
592 2605 626 2632 δι’
639 2604 827 2637 ἀναπλάσεως.

80 2673 101 2688 ’⁷
111 2671 183 2699 Psal.
196 2680 229 2706 tt,
249 2672 276 2699 7.
313 2672 336 2688 "
349 2671 443 2700 Matth.
465 2681 520 2704 xxi.
536 2673 564 2700 7.
609 2673 634 2689 "
653 2671 788 2701 Joan.xxt
807 2693 815 2706 ,
828 2673 856 2700 5.

885 2282 963 2309 homo
980 2282 1066 2317 factus
1077 2282 1090 2309 7
1105 2282 1193 2318 Ipsum
1212 2291 1278 2318 ergo
1290 2284 1329 2311 ait
1344 2284 1497 2318 oportuisse
1512 2284 1671 2313 Creatorem

886 2337 919 2356 ac
941 2329 1117 2356 formatorem
1148 2335 1305 2364 corruptam
1334 2335 1488 2357 creaturam
1524 2331 1671 2359 reformare

884 2379 967 2409 atque
988 2375 1127 2402 innovare.
1146 2375 1203 2402 Etsi
1216 2380 1305 2402 autem
1320 2375 1399 2403 Pater
1411 2383 1519 2411 quoque
1540 2377 1596 2409 ipse
1610 2385 1670 2411 per-

884 2420 948 2448 inde
962 2425 1070 2448 creator
1084 2425 1170 2456 est,ut
1183 2425 1210 2447 et
1221 2420 1338 2455 Spiritus
1354 2426 1472 2452 sanctus.
1485 2421 1568 2448 nihilo
1580 2427 1669 2450 tamen

884 2467 974 2494 minus
987 2467 1079 2494 omnia
1094 2475 1143 2502 per
1171 2465 1269 2494 Filium
1285 2467 1356 2494 facta
1370 2475 1431 2494 esse
1460 2475 1543 2494 sacrae
1559 2467 1670 2496 Littera:

884 2518 1014 2547 perpetuo
1048 2513 1156 2542 docent.
1182 2513 1274 2546 Quare
1300 2513 1492 2548 plastnatorem
1525 2513 1670 2550 oportebat

884 2558 988 2593 lapsam
1010 2563 1162 2586 creaturam
1181 2560 1214 2587 ad
1231 2567 1261 2588 se
1280 2560 1412 2595 recipere,
1429 2564 1457 2588 et
1474 2567 1522 2595 per
1537 2560 1668 2587 reforma-

884 2604 985 2632 tionem
1000 2612 1121 2634 servarc.
1138 2605 1207 2640 Quid
1222 2613 1286 2633 vero
1303 2605 1336 2634 de
1357 2606 1402 2634 his
1427 2613 1513 2635 sacra:
1538 2605 1668 2634 Littera?

894 2674 904 2691 ⁸
919 2674 971 2702 lsa.
986 2682 1031 2708 ιιι,
1047 2674 1074 2701 5.
1112 2675 1122 2690 ¹
1136 2673 1207 2702 Psal.
1235 2681 1290 2709 cn,
1302 2673 1347 2701 20.

695 2738 809 2766 VAltl/E
829 2739 1031 2768 LECTlONES.

82 2784 336 2821 πεττεκατέστησεν
345 2784 364 2810 Α
375 2792 382 2810 :
394 2784 613 2821 ἀποκατέστησεν
626 2794 655 2817 ς.
695 2786 716 2802 ⁸⁸
729 2785 878 2821 συμϐαλεῖν
891 2787 922 2813 Α.

52 2818 148 2856 ’ξ’-ἐτι
163 2819 235 2856 om]
261 2818 356 2856 Matth.
372 2828 427 2856 x_xt.
452 2820 488 2856 ‘7.

51 2853 103 2891 γὴν]
133 2854 183 2882 lsa.
202 2853 246 2887 xi,
264 2855 292 2882 3.
330 2854 456 2890 “£51724
478 2855 547 2882 Psal.
560 2863 612 2887 CVI,
628 2853 671 2883 20.

975 2786 998 2802 "
1014 2786 1048 2813 τὰ
1061 2786 1150 2822 λόγια]
1171 2786 1244 2814 Psal.
1260 2794 1302 2822 rxt,
1315 2786 1352 2822 77.!
1397 2786 1420 2802 ’°
1446 2784 1616 2822 παραγαγὼν
1634 2793 1663 2816 ς.

527 2820 708 2857 νάπτόμενον
727 2820 770 2852 ς(
785 2821 831 2849 ,³¹⁹
845 2821 933 2857 ίχθύν]
951 2820 1030 2850 Joan.
1049 2830 1107 2855 xxI,
1129 2820 1155 2850 θ’.
1193 2822 1216 2838 ⁸³
1231 2821 1284 2849 τῶν
1296 2820 1352 2857 γλ.]
1381 2821 1440 2848 Act.
1458 2828 1485 2853 tt,
1507 2821 1534 2848 5.
1571 2821 1594 2837 "
1610 2829 1666 2855 φωι
