1916 3092
235 140 293 172 729

828 137 958 169 ΡΗΟΤῙΙ
977 134 1231 166 PATRIABCHlE
1248 134 1304 164 ΕΡ.

1814 132 1876 164 ’140

237 194 346 226 Omnia,
360 193 461 228 inquit,
485 201 532 228 per
547 194 633 228 ipsum
653 193 725 228 facta
752 197 823 225 sunt,
838 198 862 219 et
884 193 940 219 sine
964 191 1019 225 ipsa

1092 190 1105 215 ἰ
1119 190 1147 216 δὲ
1161 189 1197 216 τὰ
1212 189 1273 224 ιερὰ
1286 188 1373 222 Λόγια
1385 196 1393 221 ;
1405 187 1508 215 Πάντα
1521 187 1543 203 ’⁸
1561 186 1628 222 φησι
1648 186 1686 214 δι’
1700 187 1795 214 αὐτοῦ
1805 187 1875 222 ἐγέ-

234 239 334 276 fuctum
349 244 387 266 est
403 239 468 266 nihil
481 240 503 266 ³.
520 240 552 266 Et
566 249 573 266 :
589 239 631 266 Ea:
644 240 713 274 ipso,
726 239 775 270 ait,
787 247 833 272 per
848 239 936 272 iprum
952 242 976 264 et
992 237 1019 262 in

234 293 291 318 ipso
307 289 367 311 sunt
383 283 500 311 omnia".
521 284 657 318 Itemque:
677 282 728 310 Per
745 291 821 318 quem
843 282 904 316 fecit
925 286 950 308 et
971 289 1020 308 sw-

237 331 299 357 rula
307 331 329 357 ⁸.
346 331 426 357 (ἔνι-ιε
443 331 487 364 qui
509 331 572 357 inde
588 335 669 356 natus
681 335 722 356 est
742 335 847 364 patrutn
864 333 1018 354 ttostrorutn

235 377 346 407 chorus.
366 383 414 410 per
429 376 527 403 Filium
542 375 634 403 omnia
647 374 755 402 Patrem
773 374 873 405 facere,
889 373 1020 400 divinitus

236 423 412 449 tradiderunt.

268 512 315 540 Sic
327 512 372 538 illa
387 512 536 545 quaestione
549 509 700 546 proﬂigata,
714 518 774 537 mox
790 510 823 537 ad
832 510 944 537 alteram
957 509 1020 536 huic

232 559 358 585 adnatant
374 558 487 584 accedit.
509 557 553 584 10.
569 558 681 590 Quaerit,
699 557 885 589 Quamobrem.
900 564 958 582 cum
966 563 1020 582 una

236 610 314 637 atque
327 603 418 630 eadem
430 603 553 638 efﬁcacia,
566 603 663 638 gloria,
675 603 792 634 potentia
808 603 835 628 in
855 606 947 628 sancta
965 600 1020 628 Tri-

233 650 315 676 nit‘nte
329 645 331 649 ⁷
343 649 521 675 consideratur
548 656 580 674 ac
601 648 744 674 celebretur
756 656 765 674 :
795 652 918 682 perpetuo
933 652 1020 673 tamen

234 703 293 721 tum
308 702 384 721 sacra
401 694 552 728 Scriptura,
572 699 627 720 tum
647 693 699 720 SS.
724 692 831 726 Patres,
857 701 903 727 per
920 692 1020 719 Filium

233 741 338 776 quidem
354 740 461 767 Patrem
478 741 566 767 omnia
590 740 683 774 fecisse
699 739 839 774 alﬁrment,
855 747 906 766 non
932 743 1021 764 autem

236 786 340 820 [filium
359 795 405 820 per
421 785 550 813 Patrem?
568 787 642 812 Adeo
665 786 700 812 ibi
732 785 834 812 acriter
858 785 927 811 lianc
941 791 1018 818 quae-

233 834 348 860 stionem
365 832 440 859 texit.
462 832 559 867 18217
589 831 722 859 Caeterum
746 832 804 866 ipsa
828 831 928 858 solutio
946 838 1019 857 com-

1072 242 1152 265 νετο,
1169 234 1218 261 καί
1236 234 1327 268 χωρὶς
1344 233 1437 260 αὐτοῦ
1455 232 1573 268 ἐγένετο
1584 232 1686 264 οὐδὲν,
1702 234 1750 259 καὶ
1761 253 1768 263 ,
1782 233 1837 266 ‘EE
1851 235 1876 250 "

1072 280 1176 312 αὑτοῦ,
1189 281 1267 316 φησὶ,
1286 280 1335 306 καί
1346 279 1383 307 δι’
1397 279 1501 312 αὐτοῦ,
1513 279 1562 306 καὶ
1576 281 1619 313 εις
1635 279 1730 307 αὑτὸν
1741 280 1778 307 τὰ
1792 280 1876 307 πάν-

1073 333 1119 358 τα,
1135 325 1181 351 καὶ
1193 322 1278 353 Διόὗ
1288 325 1311 341 ’⁷
1321 324 1392 358 τοὺς
1405 324 1516 358 αἰῶνας
1529 325 1663 360 ἐποίησε.
1679 326 1734 352 Ναὶ
1746 326 1779 360 δὴ
1795 329 1875 354 καὶοὸ

1073 371 1179 398 ἐκεῖθεν
1192 371 1275 405 φυεὶς,
1287 371 1341 398 τῶν
1357 371 1483 407 πατέρων
1497 371 1575 407 ὴμῶν
1590 372 1668 407 χορὸς
1681 372 1726 399 διὰ
1735 373 1781 399 τοῦ
1798 373 1872 400 Υῐοῦ

1072 417 1107 443 τὰ
1131 416 1220 443 πάντα
1245 417 1292 443 τὸν
1317 416 1428 452 Πατέρα
1444 417 1577 452 πράττειν
1599 417 1759 453 θεοπρεπῶς
1774 419 1870 446 ἀνεδί-

1073 462 1164 495 δαξεν.

1109 508 1187 535 Οὕτω
1204 508 1255 544 τὴν
1274 509 1352 535 λύσιν
1370 509 1421 544 τῆς
1449 509 1635 545 προκειμένης
1661 510 1779 542 ἀποδοὺς
1795 511 1871 538 ἀπο-

1076 554 1147 590 ρίας,
1162 555 1205 589 ἐφ’
1220 555 1318 590 ἑτέραν
1343 554 1482 589 φυομένην
1504 554 1534 587 ἐξ
1545 555 1631 590 αὐτῆς
1646 555 1781 582 διαϐαίνει
1791 575 1799 588 ,
1819 556 1872 582 καὶ

1082 600 1171 635 ζητεῖ,
1190 601 1242 627 Διὰ
1255 600 1283 627 τί
1292 600 1363 635 μιᾶς
1377 601 1426 627 καί
1448 600 1503 635 τῆς
1517 600 1614 635 αὐτῆς
1639 601 1791 636 “my-stac
1818 602 1873 628 καὶ

1073 645 1167 679 δόξης
1194 646 1245 673 καί
1273 646 1380 680 ἰσχύος
1401 646 1452 672 ἐπὶ
1473 646 1528 681 τῆς
1548 647 1636 681 ἁγίας
1661 647 1781 682 Τριάδος
1797 649 1873 675 θεω-

1071 692 1224 726 ρουμένης
1243 692 1293 719 καί
1307 691 1500 727 ὑμνουμένης
1526 692 1665 726 συνεχῶς
1694 692 1742 719 καὶ
1758 693 1796 720 τὰ
1813 694 1873 720 Λό-

1074 745 1124 772 τια
1139 737 1190 764 καὶ
1207 739 1235 765 οἱ
1249 737 1381 772 Πατέρες
1394 737 1444 764 διὰ
1458 737 1517 772 ,μὲν
1529 737 1583 764 τοῦ
1601 739 1669 765 Υιοῠ
1685 739 1739 765 τὸν
1751 738 1875 772 Πατέρα

1074 784 1173 811 πάντα
1198 783 1394 818 πεποιηκέναι
1411 784 1517 819 φασὶν,
1535 785 1571 812 οὐ
1589 784 1654 819 μὴν
1667 785 1722 812 τὸν
1732 786 1801 812 Υὶὸν
1816 785 1871 813 διὰ

1075 826 1129 853 τοῦ
1146 829 1271 862 Πατρός.
1289 828 1345 862 Τὴν
1365 828 1414 863 μὲν
1440 826 1488 855 οὖν
1506 829 1625 863 ἀπορίαν
1650 829 1721 856 οὕτω
1744 829 1871 864 δριμέως

235 879 324 906 munia
338 885 397 905 esse
411 878 486 910 dicit,
501 885 668 912 quaecunque
683 877 741 904 sive
769 877 795 904 in
811 876 900 909 Patre.
918 877 975 903 sive
993 876 1018 903 in

1092 873 1224 906 ιαπλέκει,
1241 875 1258 908 ή
1277 873 1306 900 δὲ
1317 873 1396 906 λύσις
1422 873 1498 910 αὺτῷ
1523 875 1601 902 κοινὰ
1615 875 1665 910 μὲν
1679 873 1749 903 εἶναι
1771 877 1866 911 λέγει,

233 925 302 952 Filio
329 924 445 950 divinam
467 925 564 950 decent
589 924 774 957 maiestatem,
801 928 828 949 el
851 929 916 949 vero
942 922 1016 949 Patri

233 971 316 996 etiam
342 970 651 1004 attribui,quaecunque
667 971 699 996 de
726 969 795 996 Filio
822 969 1014 1003 praedicantur,

234 1016 366 1049 siquidem
396 1016 454 1050 ipse
481 1015 566 1043 Filius
595 1023 648 1042 non
679 1015 784 1049 repellit
802 1014 912 1041 Patrem
935 1014 970 1041 ab
986 1015 1019 1041 iis

233 1062 371 1096 operibus,
389 1069 450 1096 qua:
478 1061 579 1088 dicitur
619 1061 711 1088 facere
734 1061 836 1088 Filius:
866 1061 930 1095 quin
966 1068 1018 1087 ttna

232 1107 324 1141 potius
342 1107 445 1134 inducit
459 1111 539 1141 atque
554 1106 696 1134 collaudat.
715 1106 829 1140 Quando
841 1107 903 1134 item
921 1106 1018 1134 Dexte-

235 1161 264 1180 ra
282 1153 374 1181 Patris
397 1159 439 1180 est
460 1153 557 1184 Filius.
572 1159 599 1180 et.
613 1153 789 1186 Bracltiutn‘,
805 1158 832 1180 et
844 1153 982 1188 Sapientia
995 1153 1017 1186 ⁷,

234 1203 261 1225 et
282 1198 409 1228 Verbum.
430 1204 456 1225 et
470 1197 593 1225 Potentia
604 1199 626 1229 ⁸,
643 1198 735 1231 Pater,
756 1199 823 1225 nihil
848 1198 944 1225 horum
958 1206 1020 1225 esse

234 1243 333 1270 dicitur
349 1243 408 1270 Filii
424 1252 431 1269 :
449 1245 546 1270 merito
561 1252 609 1278 per
625 1243 724 1270 Filium
736 1245 827 1271 omnia
842 1244 930 1271 facere
941 1244 1020 1271 Pater

234 1288 287 1315 dici
305 1289 390 1322 possit
404 1288 475 1323 (l‘lllll
497 1293 524 1314 et
540 1289 566 1314 in
581 1288 660 1314 nobis
675 1289 769 1315 eadem
779 1293 909 1316 cernatur
926 1287 1018 1323 ratio),

235 1343 287 1360 non
305 1342 319 1361 e
336 1335 443 1361 diverso
456 1334 541 1361 Filius
554 1342 600 1369 per
619 1335 739 1361 Patrem.

270 1420 356 1447 AlTert
374 1425 402 1447 et
414 1421 494 1447 aliam
511 1429 621 1448 causam
647 1423 710 1457 (non
722 1421 777 1455 jam
796 1422 885 1450 allata:
903 1427 1020 1450 contro-

236 1467 344 1497 versiae,
360 1468 407 1493 sed
430 1467 553 1501 proxime
575 1468 764 1504 pra-cedentis)
781 1476 834 1495 non
846 1469 912 1496 satis
932 1469 1018 1501 illam,

235 1517 265 1539 ut
295 1513 361 1539 milii
388 1512 505 1546 videtur,
535 1519 757 1542 consentaneum.
788 1516 894 1542 Asserit
922 1516 1017 1543 enim:

235 1558 460 1593 Quandoquidem
476 1561 566 1586 omnia
588 1568 635 1595 per
649 1561 744 1588 Filium
759 1561 829 1588 facta
845 1569 906 1589 esse
922 1562 1018 1589 dicun-

236 1608 292 1635 tnr,
310 1604 361 1631 nisi
382 1604 465 1632 etiam
482 1606 636 1633 iucarnatio
651 1614 700 1640 per
728 1606 804 1634 illttm
831 1609 1019 1642 processisset.

234 1649 360 1676 lulsitatis
372 1650 465 1684 utique
479 1658 668 1686 argumentum
681 1654 750 1680 hanc
765 1654 925 1681 sententiam
936 1654 1020 1683 fuisse

235 1697 370 1724 daturam.
389 1697 423 1723 At
441 1704 492 1723 non
506 1698 552 1732 qui
577 1698 652 1726 dicat
664 1707 714 1734 per
737 1699 835 1727 Filium
865 1700 936 1728 facta
959 1708 1021 1728 esse

234 1741 336 1773 omnia,
364 1741 451 1776 ipsum
482 1750 544 1769 mox
562 1745 682 1771 omnium
705 1750 817 1772 naturas
842 1746 958 1773 subiisse
979 1747 1021 1773 (li-

235 1786 325 1818 xerit;
342 1787 411 1814 absit
428 1787 435 1814 l
454 1786 506 1816 Sed
531 1787 595 1824 [hoc
626 1789 725 1825 solum]
753 1790 837 1825 ipsius
857 1790 914 1818 haec
938 1791 1021 1818 fuisse

234 1837 384 1862 creaturas.

272 1878 416 1913 Sapienter
432 1879 530 1907 deinde
553 1882 681 1908 mundum
699 1882 734 1908 ab
745 1882 840 1910 eodem
856 1889 979 1910 creatum
994 1888 1023 1911 et

236 1929 390 1952 recreatum
415 1928 527 1953 asserit.
559 1928 759 1962 Argumentum
786 1930 859 1956 enitn
885 1929 936 1956 ltoc
960 1937 1022 1957 esse

235 1971 357 2003 evidens,
371 1979 425 2005 quo
451 1973 496 2006 qui
514 1972 629 2000 Hanetis
653 1975 767 2001 insania)
791 1976 958 2008 adhaereant,
980 1984 1022 2002 rc-

233 2016 328 2050 tlargui
348 2017 464 2050 possint.
490 2018 556 2045 Nam
570 2020 592 2045 si
612 2019 694 2054 impia
734 2020 777 2047 illa
804 2019 1016 2048 Manichaeorum

235 2062 324 2094 turba,
340 2070 401 2089 cum
409 2063 443 2091 ab
453 2063 547 2091 eodem
562 2071 708 2100 utrumque
719 2073 795 2092 sacra
810 2065 949 2101 Scriptura
964 2074 1022 2102 per-

234 2106 335 2134 fectum
367 2109 478 2141 clamat,
502 2115 591 2136 tamen
617 2111 735 2138 universi
747 2112 883 2146 opitlciutn
900 2112 960 2139 Filii
979 2114 1024 2138 ad-

233 2155 355 2181 versario
373 2156 466 2183 nescio
475 2157 517 2183 cui
535 2158 678 2185 attribuit:
695 2159 727 2185 ad
754 2167 815 2193 quae
841 2167 894 2186 non
919 2158 1021 2196 [putas]

1071 919 1121 945 ὅσα
1146 919 1298 955 Θεοπρεπῆ,
1316 920 1422 954 Πατρός
1444 928 1474 946 τε
1487 921 1534 946 καὶ
1549 920 1628 954 Υίοῦ,
1650 922 1696 948 ἐπὶ
1711 922 1805 957 μέντοι
1821 923 1872 949 τὶν

1077 964 1187 999 Πατέρα
1202 964 1350 999 ἀνάγεσθαι
1366 966 1415 992 καὶ
1431 965 1481 992 ὅσα
1498 965 1607 1000 λέγεται
1623 967 1688 1002 περὶ
1709 968 1756 994 τοῦ
1788 968 1872 1001 Υίοῦ,

1071 1009 1151 1045 εἴπερ
1180 1010 1226 1036 καὶ
1251 1010 1358 1042 αὺτδςὸ
1373 1011 1455 1043 Υίός’
1471 1011 1570 1039 οὐκοῦν
1589 1013 1639 1039 οὐκ
1661 1013 1783 1048 ἐξίστησι
1811 1015 1873 1041 τῶν

1070 1056 1160 1092 ἔργων
1175 1056 1220 1083 τὸν
1235 1057 1355 1092 Πατέρα,
1370 1057 1389 1084 ἃ.
1405 1057 1514 1092 λέγεται
1539 1059 1671 1094 πράττειν
1687 1061 1701 1086 ὁ
1716 1060 1790 1092 Υἱὸς,
1806 1070 1875 1087 συν-

1070 1102 1174 1136 εισάγει
1201 1102 1261 1128 se"
1278 1103 1379 1137 μᾶλλον
1401 1104 1448 1130 καὶ
1475 1106 1650 1140 συνανυμνεῖ.
1667 1106 1727 1132 Ἔτι
1750 1106 1779 1133 δὲ
1801 1107 1873 1133 ἐπεὶ

1070 1147 1144 1181 δεξιὰ
1156 1148 1201 1174 τοῦ
1212 1149 1317 1184 Πατρδς
1327 1150 1340 1175 ὁ
1349 1149 1422 1182 Υἱὸς,
1437 1151 1484 1176 καὶ
1499 1151 1633 1186 Βραχίων,
1647 1152 1693 1178 καὶ
1706 1153 1800 1187 Σοφία,
1821 1154 1874 1179 καὶ

1069 1194 1165 1228 Λόγος,
1181 1194 1228 1221 καὶ
1242 1194 1362 1229 Δύναμις
1375 1203 1383 1210 ·
1399 1196 1414 1222 ὸ
1427 1195 1456 1222 δὲ
1473 1196 1568 1231 Πατὴρ
1579 1196 1682 1223 τούτων
1695 1197 1771 1224 οὐδὲν
1796 1196 1874 1224 εἶναι

1069 1239 1178 1273 λέγεται
1195 1240 1242 1266 τοῦ
1258 1241 1334 1272 Υίοῦ,
1352 1241 1464 1273 εἰκότως
1483 1242 1528 1268 διὰ
1544 1242 1594 1277 μὲν
1612 1242 1660 1269 τοῦ
1679 1243 1745 1269 Υίοῡ
1773 1243 1871 1270 πάντα

1070 1286 1179 1312 ποιεῖνὸ
1192 1285 1287 1322 Πατὴρ
1303 1286 1398 1322 ῥηθείη
1409 1287 1451 1320 ἂν,
1471 1288 1532 1314 ἐπεὶ
1549 1288 1596 1314 καὶ
1613 1288 1656 1322 ἐφ’
1671 1288 1750 1323 ἡμῶν
1762 1289 1778 1324 ὴ
1789 1290 1866 1325 αὐτὴ

1071 1329 1211 1366 θεωρεῖται
1234 1332 1322 1365 τάξις,
1348 1333 1377 1359 οὑ
1397 1332 1450 1368 μὴν
1471 1333 1606 1360 ἀνάπαλιν
1626 1333 1641 1359 ό
1656 1333 1718 1366 Υἱὸς
1743 1334 1788 1361 διὰ
1813 1336 1868 1362 τοῦ

1071 1377 1128 1403 lla:
1133 1377 1188 1412 ρός.

1113 1423 1227 1457 Ἐπάγει
1240 1423 1269 1450 δὲ
1281 1425 1328 1451 καὶ
1341 1425 1439 1460 ἑτέραν
1454 1425 1554 1457 αἰτίαν,
1571 1425 1603 1451 οὗ
1618 1425 1669 1460 τῆς
1683 1424 1732 1452 νῖν
1746 1426 1872 1461 εἰρημέ-

1071 1477 1120 1504 νης
1135 1470 1262 1504 ἀπορίας,
1276 1471 1326 1505 τῆς
1336 1471 1364 1496 δὲ
1376 1471 1429 1506 πρὸ
1445 1470 1570 1506 βραχέος,
1586 1471 1636 1497 οὐκ
1651 1471 1712 1505 ἐμοὶ
1725 1471 1870 1499 δοκοῦσαν

1071 1516 1101 1542 τὸ
1111 1516 1258 1543 ἀκόλουθον
1284 1517 1391 1549 σώζειν.
1409 1518 1491 1551 Λέγει
1508 1518 1561 1554 γὰρ
1575 1517 1613 1549 ὡς
1631 1518 1692 1544 ἐπεὶ
1707 1519 1798 1546 πάντα
1819 1520 1869 1546 διὰ

1070 1562 1116 1588 τοῦ
1134 1562 1198 1589 Υἱοῦ
1214 1563 1379 1598 γεγενῆσθαι
1393 1563 1512 1597 λέγεται,
1531 1565 1555 1590 εί
1574 1564 1611 1599 μὴ
1630 1564 1705 1599 καὶὴ
1721 1565 1869 1600 σάρκωσις

1068 1609 1102 1635 δι’
1117 1609 1199 1635 αὐτοῦ
1211 1609 1341 1645 προῆλθε,
1358 1609 1471 1644 ψεύδους
1481 1609 1514 1636 ἂν
1528 1611 1543 1636 ὁ
1557 1610 1646 1644 Λόγος
1673 1610 1785 1646 ἔλεγχον
1803 1612 1866 1638 ὲδὶ-

1070 1655 1127 1681 ὅου.
1155 1655 1193 1681 Οὺ
1207 1655 1260 1690 γὰρ
1286 1655 1397 1681 ἐπειδὰν
1411 1654 1477 1691 λέγῃ
1492 1655 1536 1682 διὰ
1548 1655 1596 1682 τοῦ
1611 1655 1676 1682 Υἱοῦ
1699 1656 1874 1691 γεγενῆσθαι

1070 1701 1169 1733 πάντα,
1193 1701 1274 1727 αὐτὸν
1289 1700 1337 1735 τὴν
1350 1700 1462 1728 ἐκείνων
1478 1701 1558 1735 φύσιν
1576 1702 1747 1737 ὑποδραμεῖν
1766 1702 1847 1736 λέγοι
1860 1712 1869 1719 ·

1073 1747 1111 1782 μὴ
1127 1748 1249 1781 γένοιτο·
1274 1746 1331 1773 ἀλλ’
1349 1746 1391 1773 ὅτι
1417 1747 1500 1774 αὐτοῦ
1533 1746 1764 1783 δημιουργήματα
1787 1749 1876 1783 γέγο-

1075 1801 1130 1819 νεν.

1108 1880 1174 1909 Εἶτα
1201 1881 1292 1916 σοφῶς
1305 1882 1334 1909 δὲ
1351 1883 1401 1918 τήν
1423 1891 1453 1909 τε
1466 1882 1651 1918 δημιουργίαν
1671 1883 1719 1909 καὶ
1733 1882 1784 1917 τὴν
1799 1883 1875 1910 ἀνά-

1073 1929 1169 1955 πλασιν
1187 1928 1220 1954 δι’
1234 1928 1317 1955 αὐτοῦ
1343 1928 1412 1964 φησὶ
1425 1928 1568 1963 προελθεῖν
1578 1937 1586 1944 ·
1603 1928 1712 1964 ἔλεγχον
1726 1930 1780 1964 γὰρ
1798 1926 1875 1955 εἶναι

1072 1974 1166 2001 τοῦτον
1176 1975 1198 1991 ¹⁹
1228 1974 1301 2009 σαφῆ
1316 1974 1371 2000 τῶν
1395 1975 1450 2001 ἀπὸ
1473 1974 1525 2009 τῆς
1539 1975 1561 1991 ³⁰
1589 1975 1729 2006 Μανέντος
1754 1975 1872 2009 μανίας.

1073 2021 1103 2046 Εἰ
1114 2019 1168 2055 γὰρ
1199 2020 1246 2046 καὶ
1260 2020 1294 2046 δι’
1310 2019 1393 2047 αὑτοῦ
1411 2019 1542 2054 ἑκάτερον
1568 2019 1620 2055 τῆς
1647 2021 1723 2055 ἱερᾶς
1751 2020 1873 2055 Γραφῆς

1072 2065 1237 2100 γεγενῆσθαι
1266 2065 1373 2100 βοώσης
1395 2065 1470 2102 ὅμως
1483 2067 1533 2102 τὴν
1548 2066 1595 2093 τοῦ
1611 2067 1712 2097 παντὸς
1726 2066 1871 2101 δημιουρ-

1072 2113 1135 2146 γίαν
1160 2113 1200 2144 εἰς
1228 2112 1418 2148 ἀντικείμενόν
1441 2121 1503 2139 τινα
1529 2113 1570 2148 τῷ
1597 2113 1655 2147 Υίῷ
1676 2113 1707 2139 τδ
1734 2113 1873 2144 δυσσεϐὲς

1073 2159 1161 2184 ἐκεῖνο
1191 2159 1285 2192 στῖφος
1299 2158 1478 2194 ἀναφέρουσι,
1501 2157 1570 2194 πρὸς
1581 2158 1643 2185 τίνα
1659 2157 1692 2185 ἂν
1703 2158 1870 2192 δυσφημίαν

234 2199 377 2227 maledicta
393 2201 592 2236 confugissent,
607 2203 630 2230 si
655 2203 690 2230 ab
717 2203 803 2231 altero
819 2204 919 2231 factum
939 2212 1019 2231 mun-

1092 2204 1123 2231 ὑκ
1150 2204 1274 2239 ἤλασαν,
1302 2204 1327 2229 εί
1347 2203 1381 2230 δι’
1415 2203 1511 2239 ἐτέρου
1547 2204 1597 2239 μὲν
1626 2204 1676 2239 τὴν
1699 2203 1799 2229 πλάσιν
1827 2204 1867 2230 δι’

232 2244 307 2276 dum,
335 2246 369 2273 ab
388 2246 476 2274 altero
501 2248 630 2275 refectum
649 2257 733 2277 sacrze
761 2249 870 2277 Litterae
895 2257 1017 2284 pronun—

233 2291 369 2318 tiassent?

266 2337 307 2364 Ad
322 2345 354 2365 ea
377 2346 437 2373 quae
465 2340 544 2367 modo
562 2340 702 2368 retulimus
724 2341 814 2375 capita
843 2341 1016 2368 undecimum

233 2381 297 2408 illml
311 2382 413 2417 adjicit.
432 2383 514 2416 Cum,
533 2385 619 2420 inquit
637 2385 740 2419 Jobius,
760 2386 902 2420 Scriptura
920 2386 1019 2414 Filium

233 2436 281 2462 per
289 2429 476 2457 excellentiam
485 2431 628 2465 quamdam
639 2432 798 2460 Creatorem
812 2439 911 2460 vocare
924 2432 1019 2464 soleat,

230 2475 305 2506 jusla
323 2475 402 2502 simul
425 2477 625 2510 distributione,
643 2483 670 2505 et
696 2486 729 2505 ex
757 2478 934 2512 consequenti
960 2485 1022 2505 cum

230 2520 384 2560 iudicandi,
405 2528 460 2549 tum
486 2522 559 2557 leges
588 2524 689 2551 ferendi
709 2529 872 2558 potestatem
896 2523 1024 2558 privatittt

231 2564 284 2600 ’psi
297 2568 430 2600 decernit,
448 2576 480 2596 ac
497 2569 580 2596 tnulto
608 2570 690 2596 etiam
717 2570 802 2605 magis
829 2569 950 2604 (quando
966 2570 1024 2596 haec

232 2611 383 2639 deformata
404 2613 475 2649 erat)
493 2620 628 2642 creatum
656 2615 822 2642 renovandae
849 2614 1018 2643 facultatem.

268 2691 367 2720 'Joan.
378 2700 398 2727 ι,
409 2693 436 2721 3.
475 2694 486 2710 ⁵
503 2695 581 2723 Rom.
597 2703 628 2728 tt,
645 2694 691 2722 36.

233 2733 322 2760 χχιιι,
335 2728 362 2755 8.

1071 2251 1166 2284 ἐτέρου
1177 2249 1264 2285 δὲτὴν
1286 2249 1441 2277 ἀνάπλασιν
1454 2249 1489 2277 τὰ
1504 2250 1565 2286 ιερὰ
1597 2250 1664 2285 ἡμῖν
1691 2248 1870 2285 ἐχρησμῴδει

1070 2298 1171 2331 Λόγια;

1112 2343 1175 2369 Ἐπὶ
1189 2342 1218 2369 δὲ
1239 2343 1295 2374 τοῖς
1311 2343 1470 2378 εἰρημένοις
1494 2342 1653 2378 κεφαλαίοις
1684 2343 1804 2369 ποιεῖται
1818 2342 1867 2377 ια’,

1072 2390 1110 2422 ὡς
1123 2390 1185 2426 [584
1193 2389 1240 2425 8.]
1249 2389 1394 2424 συνήθωςὴ
1408 2390 1502 2425 Γραφὴ
1512 2390 1571 2416 κατ’
1578 2390 1717 2425 ἐξαίρετον
1726 2391 1869 2424 Δημιουρ-

1075 2436 1123 2470 γδν
1140 2435 1261 2462 καλοῦσα
1273 2434 1321 2461 τὸν
1349 2434 1413 2461 Υἱὸν
1440 2435 1619 2469 οἰκονομικῶς
1645 2435 1720 2470 αἰνῷ
1746 2435 1819 2461 κατὰ
1836 2436 1870 2461 τὸ

1074 2479 1221 2507 ἀκόλουθον
1231 2479 1279 2506 καὶ
1286 2479 1335 2514 τὴν
1349 2479 1439 2515 κρίσιν
1452 2480 1498 2506 καὶ
1510 2481 1559 2513 τὴν
1569 2479 1730 2514 νομοθεσίαν
1747 2479 1868 2514 ἐξαιρεῖ,

1077 2525 1166 2560 πολλῷ
1189 2525 1218 2551 δὲ
1240 2525 1341 2560 μᾶλλον
1366 2525 1414 2551 καὶ
1438 2524 1488 2559 τὴν
1525 2525 1597 2559 (ἐπεὶ
1628 2525 1788 2560 συνετρίϐη)
1815 2526 1869 2551 τοῦ

1078 2571 1237 2606 πλάσματος
1263 2571 1424 2598 ἀνανέωσιν,
1439 2569 1613 2605 Δημιουργοῦ
1626 2570 1677 2605 μὲν
1692 2571 1746 2606 γὰρ
1762 2570 1869 2597 εἰδέναι

1075 2617 1123 2652 τὴν
1135 2615 1227 2650 φύσιν.
1243 2615 1332 2642 εδδὸτα
1341 2614 1368 2641 δὲ
1385 2614 1456 2641 κατὰ
1471 2614 1550 2648 λόγον
1566 2615 1621 2641 τῶν
1633 2614 1788 2650 δεχομένων
1799 2614 1869 2646 τοὺς

730 2696 741 2712 ⁵
756 2694 840 2723 llebr.
857 2704 878 2728 ι,
891 2695 920 2722 2.
958 2695 968 2711 ‘
982 2695 1019 2723 Ps:

1094 2703 1153 2726 Ltu.
1169 2695 1197 2722 5.
1234 2694 1243 2710 ⁷
1257 2693 1265 2720 l
1278 2693 1342 2721 Cor.
1362 2693 1438 2725 μοι.
1475 2692 1576 2722 'Joau.
1595 2702 1616 2726 ι,
1644 2694 1657 2720 1
1687 2701 1776 2729 seqq.;
1789 2693 1865 2721 Psal.

879 2773 995 2802 VARl/E
1016 2774 1220 2802 LECTIONES.

267 2830 400 2867 ’ᾖπάνταῖ
427 2830 504 2858 loan.
522 2839 540 2863 t,
558 2831 584 2858 5.

624 2831 647 2847 ἀ
666 2830 706 2867 ἐξ]
725 2830 803 2859 Rom.
822 2838 858 2864 at,
875 2830 920 2858 56.

235 2865 259 2881 ³⁸
271 2866 321 2901 τῆς
334 2865 437 2893 οιιιίΛ.

968 2831 990 2847 ¹⁷
1007 2827 1094 2866 διὀὒ]
1127 2830 1208 2857 ΙΙνὺΓ.
1234 2837 1252 2863 I,
1267 2829 1295 2856 ἓ.

1349 2830 1370 2846 ’³
1385 2830 1413 2857 δὲ
1434 2830 1453 2857 Α
1472 2840 1480 2857 :
1499 2829 1527 2857 δὲ
1549 2830 1597 2858 καὶ
1621 2839 1651 2863 ς.
1703 2831 1725 2847 "
1735 2831 1816 2858 τοῦτο
1830 2831 1863 2859 Δ.
