  <div class='ocr_page' id='page_1' title='image "/cluster/home/n/w/nwhite01/storage/ocr_20150623/103/njp.32101010943882/485.png"; bbox 0 0 1916 3092; ppageno 0'>
   <div class='ocr_carea' id='block_1_1' title="bbox 253 135 304 168">
    <p class='ocr_par' dir='ltr' id='par_1_1' title="bbox 253 135 304 168">
     <span class='ocr_line' id='line_1_1' title="bbox 253 135 304 168; baseline -0.039 0"><span class='ocrx_word' id='word_1_1' title='bbox 253 135 304 168; x_wconf 66' lang='grc'><strong>743</strong></span> 
     </span>
    </p>
   </div>
   <div class='ocr_carea' id='block_1_2' title="bbox 827 125 1304 160">
    <p class='ocr_par' dir='ltr' id='par_1_2' title="bbox 827 125 1304 160">
     <span class='ocr_line' id='line_1_2' title="bbox 827 125 1304 160; baseline -0.004 -1"><span class='ocrx_word' id='word_1_2' title='bbox 827 128 959 160; x_wconf 75' lang='grc' dir='ltr'>ΡΗΟΤιι</span> <span class='ocrx_word' id='word_1_3' title='bbox 977 125 1232 157; x_wconf 79' lang='lat' dir='ltr'><strong>PATRIARCH/E</strong></span> <span class='ocrx_word' id='word_1_4' title='bbox 1249 127 1304 158; x_wconf 71' lang='grc' dir='ltr'><strong>(ΣΡ.</strong></span> 
     </span>
    </p>
   </div>
   <div class='ocr_carea' id='block_1_3' title="bbox 1773 95 1897 155">
    <p class='ocr_par' dir='ltr' id='par_1_3' title="bbox 1773 95 1897 155">
     <span class='ocr_line' id='line_1_3' title="bbox 1773 95 1897 155; baseline -0.016 0"><span class='ocrx_word' id='word_1_5' title='bbox 1773 95 1778 101; x_wconf 28' lang='grc' dir='ltr'><em>Ι</em></span> <span class='ocrx_word' id='word_1_6' title='bbox 1836 122 1897 155; x_wconf 68' lang='grc'><strong>’744</strong></span> 
     </span>
    </p>
   </div>
   <div class='ocr_carea' id='block_1_4' title="bbox 250 180 1043 222">
    <p class='ocr_par' dir='ltr' id='par_1_4' title="bbox 250 183 1035 222">
     <span class='ocr_line' id='line_1_4' title="bbox 250 183 1035 222; baseline -0.01 -4"><span class='ocrx_word' id='word_1_7' title='bbox 250 196 391 222; x_wconf 77' lang='lat' dir='ltr'><strong>naturam,</strong></span> <span class='ocrx_word' id='word_1_8' title='bbox 404 187 445 216; x_wconf 83' lang='lat' dir='ltr'><strong>sui</strong></span> <span class='ocrx_word' id='word_1_9' title='bbox 465 187 672 216; x_wconf 90' lang='lat' dir='ltr'><strong>continuatione</strong></span> <span class='ocrx_word' id='word_1_10' title='bbox 686 183 969 217; x_wconf 84' lang='lat' dir='ltr'><strong>servata,subserviat</strong></span> <span class='ocrx_word' id='word_1_11' title='bbox 982 183 1035 211; x_wconf 91' lang='lat' dir='ltr'><strong>Do-</strong></span> 
     </span>
    </p>
   </div>
   <div class='ocr_carea' id='block_1_5' title="bbox 1132 180 1897 222">
    <p class='ocr_par' dir='ltr' id='par_1_5' title="bbox 1132 180 1897 218">
     <span class='ocr_line' id='line_1_5' title="bbox 1132 180 1897 218; baseline 0 -9"><span class='ocrx_word' id='word_1_12' title='bbox 1132 183 1231 218; x_wconf 78' lang='grc' dir='ltr'>νέχειαν</span> <span class='ocrx_word' id='word_1_13' title='bbox 1249 183 1428 218; x_wconf 85' lang='grc' dir='ltr'>ὑπηρετεῖται</span> <span class='ocrx_word' id='word_1_14' title='bbox 1438 181 1618 217; x_wconf 82' lang='grc' dir='ltr'><strong>τῷΔεσπὸτῃ.</strong></span> <span class='ocrx_word' id='word_1_15' title='bbox 1630 181 1699 217; x_wconf 59' lang='grc' dir='ltr'>προς</span> <span class='ocrx_word' id='word_1_16' title='bbox 1713 180 1744 208; x_wconf 75' lang='grc' dir='ltr'>τὸ</span> <span class='ocrx_word' id='word_1_17' title='bbox 1763 183 1897 216; x_wconf 81' lang='grc' dir='ltr'>κρεῖττον</span> 
     </span>
    </p>
   </div>
   <div class='ocr_carea' id='block_1_6' title="bbox 242 231 1041 278">
    <p class='ocr_par' dir='ltr' id='par_1_6' title="bbox 242 231 1041 278">
     <span class='ocr_line' id='line_1_6' title="bbox 242 231 1041 278; baseline -0.008 -15"><span class='ocrx_word' id='word_1_18' title='bbox 242 237 338 278; x_wconf 58' lang='lat' dir='ltr'><strong>.mino,</strong></span> <span class='ocrx_word' id='word_1_19' title='bbox 356 235 447 268; x_wconf 85' lang='lat' dir='ltr'><strong>seipso</strong></span> <span class='ocrx_word' id='word_1_20' title='bbox 464 233 581 260; x_wconf 87' lang='lat' dir='ltr'><strong>validius</strong></span> <span class='ocrx_word' id='word_1_21' title='bbox 594 231 733 260; x_wconf 72' lang='lat' dir='ltr'><strong>eifectum.</strong></span> <span class='ocrx_word' id='word_1_22' title='bbox 749 231 835 266; x_wconf 75' lang='lat' dir='ltr'><strong>Igitur</strong></span> <span class='ocrx_word' id='word_1_23' title='bbox 852 238 927 258; x_wconf 84' lang='lat' dir='ltr'><strong>mare</strong></span> <span class='ocrx_word' id='word_1_24' title='bbox 952 231 1041 258; x_wconf 83' lang='lat' dir='ltr'><strong>imbe-</strong></span> 
     </span>
    </p>
   </div>
   <div class='ocr_carea' id='block_1_7' title="bbox 253 276 1042 312">
    <p class='ocr_par' dir='ltr' id='par_1_7' title="bbox 253 276 1042 312">
     <span class='ocr_line' id='line_1_7' title="bbox 253 276 1042 312; baseline -0.008 -4"><span class='ocrx_word' id='word_1_25' title='bbox 253 281 376 309; x_wconf 85' lang='lat' dir='ltr'><strong>cillitatis</strong></span> <span class='ocrx_word' id='word_1_26' title='bbox 399 287 454 307; x_wconf 71' lang='lat' dir='ltr'><strong>sum</strong></span> <span class='ocrx_word' id='word_1_27' title='bbox 473 279 600 311; x_wconf 80' lang='lat' dir='ltr'><strong>oblitum,</strong></span> <span class='ocrx_word' id='word_1_28' title='bbox 619 283 743 305; x_wconf 87' lang='lat' dir='ltr'><strong>naturam</strong></span> <span class='ocrx_word' id='word_1_29' title='bbox 776 278 885 312; x_wconf 85' lang='lat' dir='ltr'><strong>quidem</strong></span> <span class='ocrx_word' id='word_1_30' title='bbox 914 284 969 303; x_wconf 88' lang='lat' dir='ltr'><strong>non</strong></span> <span class='ocrx_word' id='word_1_31' title='bbox 993 276 1042 303; x_wconf 86' lang='lat' dir='ltr'><strong>ab-</strong></span> 
     </span>
    </p>
   </div>
   <div class='ocr_carea' id='block_1_8' title="bbox 254 321 1042 360">
    <p class='ocr_par' dir='ltr' id='par_1_8' title="bbox 254 321 1042 360">
     <span class='ocr_line' id='line_1_8' title="bbox 254 321 1042 360; baseline -0.006 -7"><span class='ocrx_word' id='word_1_32' title='bbox 254 330 349 360; x_wconf 81' lang='lat' dir='ltr'><strong>negat;</strong></span> <span class='ocrx_word' id='word_1_33' title='bbox 366 333 460 352; x_wconf 83' lang='lat' dir='ltr'><strong>verum</strong></span> <span class='ocrx_word' id='word_1_34' title='bbox 478 324 609 351; x_wconf 89' lang='lat' dir='ltr'><strong>miraculo</strong></span> <span class='ocrx_word' id='word_1_35' title='bbox 626 328 738 350; x_wconf 67' lang='lat' dir='ltr'><strong>retentae</strong></span> <span class='ocrx_word' id='word_1_36' title='bbox 758 322 974 350; x_wconf 84' lang='lat' dir='ltr'><strong>continuationis</strong></span> <span class='ocrx_word' id='word_1_37' title='bbox 986 321 1042 349; x_wconf 91' lang='lat' dir='ltr'><strong>Do-</strong></span> 
     </span>
    </p>
   </div>
   <div class='ocr_carea' id='block_1_9' title="bbox 254 368 1041 406">
    <p class='ocr_par' dir='ltr' id='par_1_9' title="bbox 254 368 1041 406">
     <span class='ocr_line' id='line_1_9' title="bbox 254 368 1041 406; baseline -0.005 -8"><span class='ocrx_word' id='word_1_38' title='bbox 254 372 331 404; x_wconf 86' lang='lat' dir='ltr'><strong>mini,</strong></span> <span class='ocrx_word' id='word_1_39' title='bbox 344 378 392 406; x_wconf 85' lang='lat' dir='ltr'><strong>per</strong></span> <span class='ocrx_word' id='word_1_40' title='bbox 411 370 476 398; x_wconf 93' lang='lat' dir='ltr'><strong>illttd</strong></span> <span class='ocrx_word' id='word_1_41' title='bbox 497 370 710 396; x_wconf 80' lang='lat' dir='ltr'><strong>ambulationem</strong></span> <span class='ocrx_word' id='word_1_42' title='bbox 725 368 800 396; x_wconf 88' lang='lat' dir='ltr'><strong>clare</strong></span> <span class='ocrx_word' id='word_1_43' title='bbox 816 369 883 396; x_wconf 79' lang='lat' dir='ltr'><strong>satis</strong></span> <span class='ocrx_word' id='word_1_44' title='bbox 903 368 1041 402; x_wconf 62' lang='lat' dir='ltr'><strong>praedicat.</strong></span> 
     </span>
    </p>
   </div>
   <div class='ocr_carea' id='block_1_10' title="bbox 253 415 1044 451">
    <p class='ocr_par' dir='ltr' id='par_1_10' title="bbox 253 415 1044 451">
     <span class='ocr_line' id='line_1_10' title="bbox 253 415 1044 451; baseline -0.001 -8"><span class='ocrx_word' id='word_1_45' title='bbox 253 418 342 451; x_wconf 84' lang='lat' dir='ltr'><strong>Quare</strong></span> <span class='ocrx_word' id='word_1_46' title='bbox 370 425 423 444; x_wconf 92' lang='lat' dir='ltr'><strong>non</strong></span> <span class='ocrx_word' id='word_1_47' title='bbox 444 417 570 447; x_wconf 83' lang='lat' dir='ltr'><strong>absurde,</strong></span> <span class='ocrx_word' id='word_1_48' title='bbox 592 416 640 447; x_wconf 81' lang='lat' dir='ltr'><strong>ait,</strong></span> <span class='ocrx_word' id='word_1_49' title='bbox 663 415 792 449; x_wconf 83' lang='lat' dir='ltr'><strong>conjiciat</strong></span> <span class='ocrx_word' id='word_1_50' title='bbox 816 415 916 449; x_wconf 77' lang='lat' dir='ltr'><strong>aliquis</strong></span> <span class='ocrx_word' id='word_1_51' title='bbox 947 415 1044 442; x_wconf 85' lang='lat' dir='ltr'><strong>indivi-</strong></span> 
     </span>
    </p>
   </div>
   <div class='ocr_carea' id='block_1_11' title="bbox 254 461 1043 496">
    <p class='ocr_par' dir='ltr' id='par_1_11' title="bbox 254 461 1043 496">
     <span class='ocr_line' id='line_1_11' title="bbox 254 461 1043 496; baseline -0.004 -6"><span class='ocrx_word' id='word_1_52' title='bbox 254 463 411 490; x_wconf 88' lang='lat' dir='ltr'><strong>sibilitatetn</strong></span> <span class='ocrx_word' id='word_1_53' title='bbox 423 462 495 489; x_wconf 89' lang='lat' dir='ltr'><strong>illam</strong></span> <span class='ocrx_word' id='word_1_54' title='bbox 512 463 537 489; x_wconf 91' lang='lat' dir='ltr'><strong>in</strong></span> <span class='ocrx_word' id='word_1_55' title='bbox 550 461 656 489; x_wconf 89' lang='lat' dir='ltr'><strong>Domini</strong></span> <span class='ocrx_word' id='word_1_56' title='bbox 674 469 723 496; x_wconf 89' lang='lat' dir='ltr'><strong>per</strong></span> <span class='ocrx_word' id='word_1_57' title='bbox 734 469 831 495; x_wconf 88' lang='lat' dir='ltr'><strong>aquam</strong></span> <span class='ocrx_word' id='word_1_58' title='bbox 847 461 1043 493; x_wconf 74' lang='lat' dir='ltr'><strong>ambulatione,</strong></span> 
     </span>
    </p>
   </div>
   <div class='ocr_carea' id='block_1_12' title="bbox 255 507 1045 541">
    <p class='ocr_par' dir='ltr' id='par_1_12' title="bbox 255 507 1045 541">
     <span class='ocr_line' id='line_1_12' title="bbox 255 507 1045 541; baseline -0.003 -5"><span class='ocrx_word' id='word_1_59' title='bbox 255 509 368 536; x_wconf 78' lang='lat' dir='ltr'><strong>Deitatis</strong></span> <span class='ocrx_word' id='word_1_60' title='bbox 410 508 674 541; x_wconf 88' lang='lat' dir='ltr'><strong>indivisibilitatem,</strong></span> <span class='ocrx_word' id='word_1_61' title='bbox 702 507 860 534; x_wconf 69' lang='lat' dir='ltr'><strong>divisionem</strong></span> <span class='ocrx_word' id='word_1_62' title='bbox 890 514 963 539; x_wconf 78' lang='lat' dir='ltr'><strong>vero,</strong></span> <span class='ocrx_word' id='word_1_63' title='bbox 985 514 1045 541; x_wconf 72' lang='lat' dir='ltr'><strong>quae</strong></span> 
     </span>
    </p>
   </div>
   <div class='ocr_carea' id='block_1_13' title="bbox 254 551 1043 588">
    <p class='ocr_par' dir='ltr' id='par_1_13' title="bbox 254 551 1043 588">
     <span class='ocr_line' id='line_1_13' title="bbox 254 551 1043 588; baseline -0.005 -7"><span class='ocrx_word' id='word_1_64' title='bbox 254 554 348 585; x_wconf 79' lang='lat' dir='ltr'><strong>Musis,</strong></span> <span class='ocrx_word' id='word_1_65' title='bbox 363 558 390 581; x_wconf 91' lang='lat' dir='ltr'><strong>et</strong></span> <span class='ocrx_word' id='word_1_66' title='bbox 419 553 534 580; x_wconf 85' lang='lat' dir='ltr'><strong>aliorum</strong></span> <span class='ocrx_word' id='word_1_67' title='bbox 559 553 727 588; x_wconf 83' lang='lat' dir='ltr'><strong>temporibus</strong></span> <span class='ocrx_word' id='word_1_68' title='bbox 754 552 863 583; x_wconf 87' lang='lat' dir='ltr'><strong>accidit,</strong></span> <span class='ocrx_word' id='word_1_69' title='bbox 899 551 1043 578; x_wconf 84' lang='lat' dir='ltr'><strong>humanam</strong></span> 
     </span>
    </p>
   </div>
   <div class='ocr_carea' id='block_1_14' title="bbox 256 596 1044 633">
    <p class='ocr_par' dir='ltr' id='par_1_14' title="bbox 256 596 1044 633">
     <span class='ocr_line' id='line_1_14' title="bbox 256 596 1044 633; baseline -0.004 -6"><span class='ocrx_word' id='word_1_70' title='bbox 256 598 467 627; x_wconf 80' lang='lat' dir='ltr'><strong>crassitudinem</strong></span> <span class='ocrx_word' id='word_1_71' title='bbox 496 599 653 633; x_wconf 78' lang='lat' dir='ltr'><strong>signiﬁcare</strong></span> <span class='ocrx_word' id='word_1_72' title='bbox 685 598 811 633; x_wconf 86' lang='lat' dir='ltr'><strong>quodque</strong></span> <span class='ocrx_word' id='word_1_73' title='bbox 833 604 913 625; x_wconf 91' lang='lat' dir='ltr'><strong>nosc</strong></span> <span class='ocrx_word' id='word_1_74' title='bbox 940 596 1044 624; x_wconf 89' lang='lat' dir='ltr'><strong>duobus</strong></span> 
     </span>
    </p>
   </div>
   <div class='ocr_carea' id='block_1_15' title="bbox 256 642 1045 680">
    <p class='ocr_par' dir='ltr' id='par_1_15' title="bbox 256 642 1045 680">
     <span class='ocr_line' id='line_1_15' title="bbox 256 642 1045 680; baseline -0.003 -8"><span class='ocrx_word' id='word_1_75' title='bbox 256 645 342 672; x_wconf 88' lang='lat' dir='ltr'><strong>siunts</strong></span> <span class='ocrx_word' id='word_1_76' title='bbox 363 644 518 680; x_wconf 82' lang='lat' dir='ltr'><strong>compositi,</strong></span> <span class='ocrx_word' id='word_1_77' title='bbox 537 644 651 671; x_wconf 90' lang='lat' dir='ltr'><strong>ntateria</strong></span> <span class='ocrx_word' id='word_1_78' title='bbox 676 648 705 671; x_wconf 90' lang='lat' dir='ltr'><strong>et</strong></span> <span class='ocrx_word' id='word_1_79' title='bbox 722 644 820 676; x_wconf 82' lang='lat' dir='ltr'><strong>forma,</strong></span> <span class='ocrx_word' id='word_1_80' title='bbox 845 650 861 670; x_wconf 89' lang='lat' dir='ltr'><strong>e</strong></span> <span class='ocrx_word' id='word_1_81' title='bbox 887 642 985 677; x_wconf 85' lang='lat' dir='ltr'><strong>quibus</strong></span> <span class='ocrx_word' id='word_1_82' title='bbox 1017 646 1045 670; x_wconf 81' lang='lat' dir='ltr'><strong>et</strong></span> 
     </span>
    </p>
   </div>
   <div class='ocr_carea' id='block_1_16' title="bbox 255 691 634 724">
    <p class='ocr_par' dir='ltr' id='par_1_16' title="bbox 255 691 634 724">
     <span class='ocr_line' id='line_1_16' title="bbox 255 691 634 724; baseline -0.005 -6"><span class='ocrx_word' id='word_1_83' title='bbox 255 691 346 719; x_wconf 88' lang='lat' dir='ltr'><strong>omnia</strong></span> <span class='ocrx_word' id='word_1_84' title='bbox 359 695 486 718; x_wconf 86' lang='lat' dir='ltr'><strong>constant</strong></span> <span class='ocrx_word' id='word_1_85' title='bbox 508 697 634 724; x_wconf 85' lang='lat' dir='ltr'><strong>corpora.</strong></span> 
     </span>
    </p>
   </div>
   <div class='ocr_carea' id='block_1_17' title="bbox 292 734 1044 769">
    <p class='ocr_par' dir='ltr' id='par_1_17' title="bbox 292 734 1044 769">
     <span class='ocr_line' id='line_1_17' title="bbox 292 734 1044 769; baseline -0.007 -4"><span class='ocrx_word' id='word_1_86' title='bbox 292 736 496 769; x_wconf 70' lang='lat' dir='ltr'><strong>15.11isdictis,</strong></span> <span class='ocrx_word' id='word_1_87' title='bbox 511 736 544 763; x_wconf 89' lang='lat' dir='ltr'><strong>ad</strong></span> <span class='ocrx_word' id='word_1_88' title='bbox 561 736 669 763; x_wconf 88' lang='lat' dir='ltr'><strong>tertium</strong></span> <span class='ocrx_word' id='word_1_89' title='bbox 685 735 820 763; x_wconf 86' lang='lat' dir='ltr'><strong>decimum</strong></span> <span class='ocrx_word' id='word_1_90' title='bbox 846 734 943 762; x_wconf 89' lang='lat' dir='ltr'><strong>transit</strong></span> <span class='ocrx_word' id='word_1_91' title='bbox 953 738 1044 768; x_wconf 87' lang='lat' dir='ltr'><strong>caput,</strong></span> 
     </span>
    </p>
   </div>
   <div class='ocr_carea' id='block_1_18' title="bbox 256 780 1046 818">
    <p class='ocr_par' dir='ltr' id='par_1_18' title="bbox 256 780 1046 818">
     <span class='ocr_line' id='line_1_18' title="bbox 256 780 1046 818; baseline -0.005 -8"><span class='ocrx_word' id='word_1_92' title='bbox 256 791 310 818; x_wconf 82' lang='lat' dir='ltr'><strong>quo</strong></span> <span class='ocrx_word' id='word_1_93' title='bbox 321 783 418 816; x_wconf 65' lang='lat' dir='ltr'><strong>quaerit</strong></span> <span class='ocrx_word' id='word_1_94' title='bbox 434 790 441 809; x_wconf 87' lang='lat'><strong>:</strong></span> <span class='ocrx_word' id='word_1_95' title='bbox 459 781 515 810; x_wconf 81' lang='lat' dir='ltr'><strong>Cur</strong></span> <span class='ocrx_word' id='word_1_96' title='bbox 529 781 663 808; x_wconf 83' lang='lat' dir='ltr'><strong>hominum</strong></span> <span class='ocrx_word' id='word_1_97' title='bbox 678 789 759 816; x_wconf 73' lang='lat' dir='ltr'><strong>genus</strong></span> <span class='ocrx_word' id='word_1_98' title='bbox 773 782 870 807; x_wconf 84' lang='lat' dir='ltr'><strong>nudam</strong></span> <span class='ocrx_word' id='word_1_99' title='bbox 887 787 933 814; x_wconf 80' lang='lat' dir='ltr'><strong>per</strong></span> <span class='ocrx_word' id='word_1_100' title='bbox 949 780 1046 806; x_wconf 79' lang='lat' dir='ltr'><strong>divini-</strong></span> 
     </span>
    </p>
   </div>
   <div class='ocr_carea' id='block_1_19' title="bbox 255 825 1043 861">
    <p class='ocr_par' dir='ltr' id='par_1_19' title="bbox 255 825 1043 861">
     <span class='ocr_line' id='line_1_19' title="bbox 255 825 1043 861; baseline -0.005 -5"><span class='ocrx_word' id='word_1_101' title='bbox 255 835 335 856; x_wconf 78' lang='lat' dir='ltr'><strong>latent</strong></span> <span class='ocrx_word' id='word_1_102' title='bbox 355 828 469 856; x_wconf 71' lang='lat' dir='ltr'><strong>Verbum</strong></span> <span class='ocrx_word' id='word_1_103' title='bbox 488 835 539 854; x_wconf 82' lang='lat' dir='ltr'><strong>non</strong></span> <span class='ocrx_word' id='word_1_104' title='bbox 561 827 708 854; x_wconf 66' lang='lat' dir='ltr'><strong>radenterit.</strong></span> <span class='ocrx_word' id='word_1_105' title='bbox 729 826 768 854; x_wconf 80' lang='lat' dir='ltr'><strong>Ac</strong></span> <span class='ocrx_word' id='word_1_106' title='bbox 791 826 906 860; x_wconf 91' lang='lat' dir='ltr'><strong>primutn</strong></span> <span class='ocrx_word' id='word_1_107' title='bbox 934 825 1043 861; x_wconf 89' lang='lat' dir='ltr'><strong>quidem</strong></span> 
     </span>
    </p>
   </div>
   <div class='ocr_carea' id='block_1_20' title="bbox 257 871 1044 904">
    <p class='ocr_par' dir='ltr' id='par_1_20' title="bbox 257 871 1044 904">
     <span class='ocr_line' id='line_1_20' title="bbox 257 871 1044 904; baseline -0.005 -2"><span class='ocrx_word' id='word_1_108' title='bbox 257 875 344 903; x_wconf 85' lang='lat' dir='ltr'><strong>dicit:</strong></span> <span class='ocrx_word' id='word_1_109' title='bbox 363 873 477 903; x_wconf 87' lang='lat' dir='ltr'><strong>Etiamsi</strong></span> <span class='ocrx_word' id='word_1_110' title='bbox 494 874 613 900; x_wconf 76' lang='lat' dir='ltr'><strong>maxime</strong></span> <span class='ocrx_word' id='word_1_111' title='bbox 628 873 679 900; x_wconf 86' lang='lat' dir='ltr'><strong>hoc</strong></span> <span class='ocrx_word' id='word_1_112' title='bbox 692 873 727 899; x_wconf 93' lang='lat' dir='ltr'><strong>ita</strong></span> <span class='ocrx_word' id='word_1_113' title='bbox 743 872 844 899; x_wconf 76' lang='lat' dir='ltr'><strong>factum</strong></span> <span class='ocrx_word' id='word_1_114' title='bbox 858 871 963 904; x_wconf 82' lang='lat' dir='ltr'><strong>fuisset,</strong></span> <span class='ocrx_word' id='word_1_115' title='bbox 977 871 1044 898; x_wconf 84' lang='lat' dir='ltr'><strong>nihil</strong></span> 
     </span>
    </p>
   </div>
   <div class='ocr_carea' id='block_1_21' title="bbox 256 917 1044 955">
    <p class='ocr_par' dir='ltr' id='par_1_21' title="bbox 256 917 1044 955">
     <span class='ocr_line' id='line_1_21' title="bbox 256 917 1044 955; baseline -0.004 -7"><span class='ocrx_word' id='word_1_116' title='bbox 256 927 346 949; x_wconf 86' lang='lat' dir='ltr'><strong>tamen</strong></span> <span class='ocrx_word' id='word_1_117' title='bbox 378 920 531 955; x_wconf 86' lang='lat' dir='ltr'><strong>impediret,</strong></span> <span class='ocrx_word' id='word_1_118' title='bbox 560 919 704 954; x_wconf 86' lang='lat' dir='ltr'><strong>quominus</strong></span> <span class='ocrx_word' id='word_1_119' title='bbox 727 918 887 952; x_wconf 82' lang='lat' dir='ltr'><strong>stttltiloqui,</strong></span> <span class='ocrx_word' id='word_1_120' title='bbox 904 923 932 945; x_wconf 91' lang='lat' dir='ltr'><strong>et</strong></span> <span class='ocrx_word' id='word_1_121' title='bbox 953 917 1044 945; x_wconf 87' lang='lat' dir='ltr'><strong>omnia</strong></span> 
     </span>
    </p>
   </div>
   <div class='ocr_carea' id='block_1_22' title="bbox 257 964 1046 1003">
    <p class='ocr_par' dir='ltr' id='par_1_22' title="bbox 257 964 1046 1003">
     <span class='ocr_line' id='line_1_22' title="bbox 257 964 1046 1003; baseline -0.006 -7"><span class='ocrx_word' id='word_1_122' title='bbox 257 969 388 996; x_wconf 83' lang='lat' dir='ltr'><strong>audentes</strong></span> <span class='ocrx_word' id='word_1_123' title='bbox 405 967 414 1003; x_wconf 93' lang='lat'><strong>(</strong></span> <span class='ocrx_word' id='word_1_124' title='bbox 429 967 562 1002; x_wconf 82' lang='lat' dir='ltr'><strong>siquidem</strong></span> <span class='ocrx_word' id='word_1_125' title='bbox 585 973 619 992; x_wconf 78' lang='lat' dir='ltr'><strong>ex</strong></span> <span class='ocrx_word' id='word_1_126' title='bbox 643 973 673 993; x_wconf 80' lang='lat' dir='ltr'><strong>re</strong></span> <span class='ocrx_word' id='word_1_127' title='bbox 694 965 813 1000; x_wconf 88' lang='lat' dir='ltr'><strong>qualibet</strong></span> <span class='ocrx_word' id='word_1_128' title='bbox 837 964 930 992; x_wconf 82' lang='lat' dir='ltr'><strong>vesani</strong></span> <span class='ocrx_word' id='word_1_129' title='bbox 944 964 981 991; x_wconf 93' lang='lat' dir='ltr'><strong>illi</strong></span> <span class='ocrx_word' id='word_1_130' title='bbox 996 964 1046 991; x_wconf 83' lang='lat' dir='ltr'><strong>lto-</strong></span> 
     </span>
    </p>
   </div>
   <div class='ocr_carea' id='block_1_23' title="bbox 257 1010 1044 1046">
    <p class='ocr_par' dir='ltr' id='par_1_23' title="bbox 257 1010 1044 1046">
     <span class='ocr_line' id='line_1_23' title="bbox 257 1010 1044 1046; baseline -0.006 -5"><span class='ocrx_word' id='word_1_131' title='bbox 257 1014 344 1042; x_wconf 89' lang='lat' dir='ltr'><strong>mines</strong></span> <span class='ocrx_word' id='word_1_132' title='bbox 353 1013 487 1041; x_wconf 87' lang='lat' dir='ltr'><strong>rationem</strong></span> <span class='ocrx_word' id='word_1_133' title='bbox 502 1020 517 1039; x_wconf 86' lang='lat' dir='ltr'><strong>a</strong></span> <span class='ocrx_word' id='word_1_134' title='bbox 530 1012 585 1039; x_wconf 91' lang='lat' dir='ltr'><strong>Deo</strong></span> <span class='ocrx_word' id='word_1_135' title='bbox 601 1019 743 1046; x_wconf 84' lang='lat' dir='ltr'><strong>reposcere</strong></span> <span class='ocrx_word' id='word_1_136' title='bbox 755 1010 903 1038; x_wconf 88' lang='lat' dir='ltr'><strong>insolenter</strong></span> <span class='ocrx_word' id='word_1_137' title='bbox 917 1010 1044 1044; x_wconf 91' lang='lat' dir='ltr'><strong>audeant)</strong></span> 
     </span>
    </p>
   </div>
   <div class='ocr_carea' id='block_1_24' title="bbox 255 1056 1044 1092">
    <p class='ocr_par' dir='ltr' id='par_1_24' title="bbox 255 1056 1044 1092">
     <span class='ocr_line' id='line_1_24' title="bbox 255 1056 1044 1092; baseline -0.005 -5"><span class='ocrx_word' id='word_1_138' title='bbox 255 1061 337 1088; x_wconf 84' lang='lat' dir='ltr'><strong>alium</strong></span> <span class='ocrx_word' id='word_1_139' title='bbox 371 1067 467 1087; x_wconf 79' lang='lat' dir='ltr'><strong>rursus</strong></span> <span class='ocrx_word' id='word_1_140' title='bbox 499 1059 609 1086; x_wconf 93' lang='lat' dir='ltr'><strong>modum</strong></span> <span class='ocrx_word' id='word_1_141' title='bbox 638 1058 734 1086; x_wconf 87' lang='lat' dir='ltr'><strong>salutis</strong></span> <span class='ocrx_word' id='word_1_142' title='bbox 758 1058 910 1092; x_wconf 87' lang='lat' dir='ltr'><strong>requirant,</strong></span> <span class='ocrx_word' id='word_1_143' title='bbox 940 1063 972 1084; x_wconf 90' lang='lat' dir='ltr'><strong>eo</strong></span> <span class='ocrx_word' id='word_1_144' title='bbox 999 1056 1044 1091; x_wconf 89' lang='lat' dir='ltr'><strong>qui</strong></span> 
     </span>
    </p>
   </div>
   <div class='ocr_carea' id='block_1_25' title="bbox 255 1103 1043 1138">
    <p class='ocr_par' dir='ltr' id='par_1_25' title="bbox 255 1103 1043 1138">
     <span class='ocr_line' id='line_1_25' title="bbox 255 1103 1043 1138; baseline -0.006 -5"><span class='ocrx_word' id='word_1_145' title='bbox 255 1106 356 1134; x_wconf 77' lang='lat' dir='ltr'><strong>fuisset</strong></span> <span class='ocrx_word' id='word_1_146' title='bbox 374 1113 429 1132; x_wconf 93' lang='lat' dir='ltr'><strong>non</strong></span> <span class='ocrx_word' id='word_1_147' title='bbox 446 1104 578 1137; x_wconf 85' lang='lat' dir='ltr'><strong>contenti,</strong></span> <span class='ocrx_word' id='word_1_148' title='bbox 597 1111 762 1138; x_wconf 89' lang='lat' dir='ltr'><strong>rursumque</strong></span> <span class='ocrx_word' id='word_1_149' title='bbox 777 1103 832 1130; x_wconf 86' lang='lat' dir='ltr'><strong>alio</strong></span> <span class='ocrx_word' id='word_1_150' title='bbox 848 1103 924 1134; x_wconf 88' lang='lat' dir='ltr'><strong>dato,</strong></span> <span class='ocrx_word' id='word_1_151' title='bbox 942 1107 969 1129; x_wconf 92' lang='lat' dir='ltr'><strong>et</strong></span> <span class='ocrx_word' id='word_1_152' title='bbox 982 1109 1043 1130; x_wconf 93' lang='lat' dir='ltr'><strong>eum</strong></span> 
     </span>
    </p>
   </div>
   <div class='ocr_carea' id='block_1_26' title="bbox 256 1149 1044 1187">
    <p class='ocr_par' dir='ltr' id='par_1_26' title="bbox 256 1149 1044 1187">
     <span class='ocr_line' id='line_1_26' title="bbox 256 1149 1044 1187; baseline -0.006 -8"><span class='ocrx_word' id='word_1_153' title='bbox 256 1151 480 1187; x_wconf 82' lang='lat' dir='ltr'><strong>reprehendant,</strong></span> <span class='ocrx_word' id='word_1_154' title='bbox 512 1154 539 1177; x_wconf 85' lang='lat' dir='ltr'><strong>et</strong></span> <span class='ocrx_word' id='word_1_155' title='bbox 565 1149 647 1177; x_wconf 90' lang='lat' dir='ltr'><strong>alium</strong></span> <span class='ocrx_word' id='word_1_156' title='bbox 675 1150 864 1177; x_wconf 83' lang='lat' dir='ltr'><strong>inconcessum</strong></span> <span class='ocrx_word' id='word_1_157' title='bbox 893 1149 1044 1183; x_wconf 87' lang='lat' dir='ltr'><strong>inquirant.</strong></span> 
     </span>
    </p>
   </div>
   <div class='ocr_carea' id='block_1_27' title="bbox 256 1194 1044 1231">
    <p class='ocr_par' dir='ltr' id='par_1_27' title="bbox 256 1194 1044 1231">
     <span class='ocr_line' id='line_1_27' title="bbox 256 1194 1044 1231; baseline -0.005 -7"><span class='ocrx_word' id='word_1_158' title='bbox 256 1197 368 1230; x_wconf 83' lang='lat' dir='ltr'><strong>Deinde,</strong></span> <span class='ocrx_word' id='word_1_159' title='bbox 385 1203 445 1231; x_wconf 66' lang='lat' dir='ltr'><strong>quae</strong></span> <span class='ocrx_word' id='word_1_160' title='bbox 459 1196 509 1223; x_wconf 85' lang='lat' dir='ltr'><strong>bac</strong></span> <span class='ocrx_word' id='word_1_161' title='bbox 524 1195 611 1230; x_wconf 85' lang='lat' dir='ltr'><strong>major</strong></span> <span class='ocrx_word' id='word_1_162' title='bbox 622 1202 683 1221; x_wconf 86' lang='lat' dir='ltr'><strong>esse</strong></span> <span class='ocrx_word' id='word_1_163' title='bbox 705 1194 841 1222; x_wconf 87' lang='lat' dir='ltr'><strong>dementia</strong></span> <span class='ocrx_word' id='word_1_164' title='bbox 856 1194 951 1228; x_wconf 87' lang='lat' dir='ltr'><strong>possit,</strong></span> <span class='ocrx_word' id='word_1_165' title='bbox 965 1201 1044 1227; x_wconf 88' lang='lat' dir='ltr'><strong>quam</strong></span> 
     </span>
    </p>
   </div>
   <div class='ocr_carea' id='block_1_28' title="bbox 255 1238 1045 1275">
    <p class='ocr_par' dir='ltr' id='par_1_28' title="bbox 255 1238 1045 1275">
     <span class='ocr_line' id='line_1_28' title="bbox 255 1238 1045 1275; baseline -0.005 -5"><span class='ocrx_word' id='word_1_166' title='bbox 255 1243 283 1270; x_wconf 89' lang='lat' dir='ltr'><strong>id</strong></span> <span class='ocrx_word' id='word_1_167' title='bbox 295 1243 466 1275; x_wconf 73' lang='lat' dir='ltr'><strong>existimare,</strong></span> <span class='ocrx_word' id='word_1_168' title='bbox 485 1248 515 1268; x_wconf 90' lang='lat' dir='ltr'><strong>se</strong></span> <span class='ocrx_word' id='word_1_169' title='bbox 526 1242 597 1275; x_wconf 90' lang='lat' dir='ltr'><strong>quod</strong></span> <span class='ocrx_word' id='word_1_170' title='bbox 610 1241 742 1272; x_wconf 78' lang='lat' dir='ltr'><strong>conferat,</strong></span> <span class='ocrx_word' id='word_1_171' title='bbox 761 1247 841 1266; x_wconf 85' lang='lat' dir='ltr'><strong>nosse</strong></span> <span class='ocrx_word' id='word_1_172' title='bbox 855 1247 909 1274; x_wconf 74' lang='lat' dir='ltr'><strong>prae</strong></span> <span class='ocrx_word' id='word_1_173' title='bbox 922 1238 987 1271; x_wconf 86' lang='lat' dir='ltr'><strong>Deo,</strong></span> <span class='ocrx_word' id='word_1_174' title='bbox 1000 1239 1045 1272; x_wconf 89' lang='lat' dir='ltr'><strong>qui</strong></span> 
     </span>
    </p>
   </div>
   <div class='ocr_carea' id='block_1_29' title="bbox 256 1285 1047 1322">
    <p class='ocr_par' dir='ltr' id='par_1_29' title="bbox 256 1285 1047 1322">
     <span class='ocr_line' id='line_1_29' title="bbox 256 1285 1047 1322; baseline -0.006 -5"><span class='ocrx_word' id='word_1_175' title='bbox 256 1295 286 1316; x_wconf 85' lang='lat' dir='ltr'><strong>ut</strong></span> <span class='ocrx_word' id='word_1_176' title='bbox 301 1289 427 1317; x_wconf 87' lang='lat' dir='ltr'><strong>universa</strong></span> <span class='ocrx_word' id='word_1_177' title='bbox 441 1287 470 1316; x_wconf 89' lang='lat' dir='ltr'><strong>in</strong></span> <span class='ocrx_word' id='word_1_178' title='bbox 485 1286 620 1322; x_wconf 80' lang='lat' dir='ltr'><strong>sapientia</strong></span> <span class='ocrx_word' id='word_1_179' title='bbox 635 1285 773 1321; x_wconf 80' lang='lat' dir='ltr'><strong>produxit,</strong></span> <span class='ocrx_word' id='word_1_180' title='bbox 790 1285 828 1313; x_wconf 84' lang='lat' dir='ltr'><strong>ita</strong></span> <span class='ocrx_word' id='word_1_181' title='bbox 841 1285 923 1313; x_wconf 87' lang='lat' dir='ltr'><strong>etiam</strong></span> <span class='ocrx_word' id='word_1_182' title='bbox 935 1292 1047 1313; x_wconf 85' lang='lat' dir='ltr'><strong>conser-</strong></span> 
     </span>
    </p>
   </div>
   <div class='ocr_carea' id='block_1_30' title="bbox 255 1334 327 1362">
    <p class='ocr_par' dir='ltr' id='par_1_30' title="bbox 255 1334 327 1362">
     <span class='ocr_line' id='line_1_30' title="bbox 255 1334 327 1362; baseline 0.028 -2"><span class='ocrx_word' id='word_1_183' title='bbox 255 1340 300 1361; x_wconf 92' lang='lat' dir='ltr'><strong>vat</strong></span> <span class='ocrx_word' id='word_1_184' title='bbox 315 1334 327 1362; x_wconf 75' lang='grc' dir='ltr'>τ</span> 
     </span>
    </p>
   </div>
   <div class='ocr_carea' id='block_1_31' title="bbox 292 1375 1046 1410">
    <p class='ocr_par' dir='ltr' id='par_1_31' title="bbox 292 1375 1046 1410">
     <span class='ocr_line' id='line_1_31' title="bbox 292 1375 1046 1410; baseline -0.004 -4"><span class='ocrx_word' id='word_1_185' title='bbox 292 1379 412 1407; x_wconf 85' lang='lat' dir='ltr'><strong>Solvitur</strong></span> <span class='ocrx_word' id='word_1_186' title='bbox 433 1386 498 1406; x_wconf 88' lang='lat' dir='ltr'><strong>vero</strong></span> <span class='ocrx_word' id='word_1_187' title='bbox 515 1378 596 1406; x_wconf 91' lang='lat' dir='ltr'><strong>etiam</strong></span> <span class='ocrx_word' id='word_1_188' title='bbox 616 1377 680 1405; x_wconf 92' lang='lat' dir='ltr'><strong>illud</strong></span> <span class='ocrx_word' id='word_1_189' title='bbox 706 1376 774 1404; x_wconf 80' lang='lat' dir='ltr'><strong>hic:</strong></span> <span class='ocrx_word' id='word_1_190' title='bbox 799 1376 939 1410; x_wconf 86' lang='lat' dir='ltr'><strong>Quomodo</strong></span> <span class='ocrx_word' id='word_1_191' title='bbox 961 1375 1046 1403; x_wconf 89' lang='lat' dir='ltr'><strong>Deum</strong></span> 
     </span>
    </p>
   </div>
   <div class='ocr_carea' id='block_1_32' title="bbox 256 1422 1046 1457">
    <p class='ocr_par' dir='ltr' id='par_1_32' title="bbox 256 1422 1046 1457">
     <span class='ocr_line' id='line_1_32' title="bbox 256 1422 1046 1457; baseline -0.005 -4"><span class='ocrx_word' id='word_1_192' title='bbox 256 1432 311 1453; x_wconf 88' lang='lat' dir='ltr'><strong>tum</strong></span> <span class='ocrx_word' id='word_1_193' title='bbox 327 1425 479 1453; x_wconf 86' lang='lat' dir='ltr'><strong>communis</strong></span> <span class='ocrx_word' id='word_1_194' title='bbox 493 1431 602 1455; x_wconf 81' lang='lat' dir='ltr'><strong>sensus,</strong></span> <span class='ocrx_word' id='word_1_195' title='bbox 615 1428 671 1451; x_wconf 90' lang='lat' dir='ltr'><strong>tum</strong></span> <span class='ocrx_word' id='word_1_196' title='bbox 685 1423 775 1450; x_wconf 86' lang='lat' dir='ltr'><strong>divina</strong></span> <span class='ocrx_word' id='word_1_197' title='bbox 793 1422 933 1457; x_wconf 87' lang='lat' dir='ltr'><strong>Scriptura</strong></span> <span class='ocrx_word' id='word_1_198' title='bbox 954 1422 1046 1449; x_wconf 86' lang='lat' dir='ltr'><strong>omni-</strong></span> 
     </span>
    </p>
   </div>
   <div class='ocr_carea' id='block_1_33' title="bbox 254 1468 1043 1508">
    <p class='ocr_par' dir='ltr' id='par_1_33' title="bbox 254 1468 1043 1508">
     <span class='ocr_line' id='line_1_33' title="bbox 254 1468 1043 1508; baseline -0.005 -9"><span class='ocrx_word' id='word_1_199' title='bbox 254 1476 390 1508; x_wconf 84' lang='lat' dir='ltr'><strong>potentem</strong></span> <span class='ocrx_word' id='word_1_200' title='bbox 417 1470 558 1503; x_wconf 84' lang='lat' dir='ltr'><strong>celebret;</strong></span> <span class='ocrx_word' id='word_1_201' title='bbox 583 1469 690 1497; x_wconf 78' lang='lat' dir='ltr'><strong>divinus</strong></span> <span class='ocrx_word' id='word_1_202' title='bbox 718 1476 784 1496; x_wconf 90' lang='lat' dir='ltr'><strong>vero</strong></span> <span class='ocrx_word' id='word_1_203' title='bbox 815 1468 915 1496; x_wconf 82' lang='lat' dir='ltr'><strong>Paulus</strong></span> <span class='ocrx_word' id='word_1_204' title='bbox 947 1468 1043 1495; x_wconf 84' lang='lat' dir='ltr'><strong>dicat:</strong></span> 
     </span>
    </p>
   </div>
   <div class='ocr_carea' id='block_1_34' title="bbox 1093 227 1898 264">
    <p class='ocr_par' dir='ltr' id='par_1_34' title="bbox 1093 227 1898 264">
     <span class='ocr_line' id='line_1_34' title="bbox 1093 227 1898 264; baseline -0.002 -8"><span class='ocrx_word' id='word_1_205' title='bbox 1093 229 1195 264; x_wconf 82' lang='grc' dir='ltr'><strong>ἑαυτῆς</strong></span> <span class='ocrx_word' id='word_1_206' title='bbox 1222 228 1453 264; x_wconf 83' lang='grc' dir='ltr'>διακρατουμένη.</span> <span class='ocrx_word' id='word_1_207' title='bbox 1482 228 1528 254; x_wconf 79' lang='grc' dir='ltr'>Διὸ</span> <span class='ocrx_word' id='word_1_208' title='bbox 1555 228 1604 254; x_wconf 73' lang='grc' dir='ltr'>καὶ</span> <span class='ocrx_word' id='word_1_209' title='bbox 1632 227 1664 254; x_wconf 75' lang='grc' dir='ltr'><strong>τὸ</strong></span> <span class='ocrx_word' id='word_1_210' title='bbox 1700 227 1772 254; x_wconf 85' lang='grc' dir='ltr'><strong>κατά</strong></span> <span class='ocrx_word' id='word_1_211' title='bbox 1803 228 1898 262; x_wconf 78' lang='grc' dir='ltr'>φύσιν</span> 
     </span>
    </p>
   </div>
   <div class='ocr_carea' id='block_1_35' title="bbox 1093 272 1895 310">
    <p class='ocr_par' dir='ltr' id='par_1_35' title="bbox 1093 272 1895 310">
     <span class='ocr_line' id='line_1_35' title="bbox 1093 272 1895 310; baseline -0.004 -8"><span class='ocrx_word' id='word_1_212' title='bbox 1093 275 1230 310; x_wconf 79' lang='grc' dir='ltr'><strong>ἀγνοοῦσα</strong></span> <span class='ocrx_word' id='word_1_213' title='bbox 1238 276 1324 307; x_wconf 77' lang='grc' dir='ltr'>πάθος</span> <span class='ocrx_word' id='word_1_214' title='bbox 1336 274 1386 310; x_wconf 82' lang='grc' dir='ltr'>τὴν</span> <span class='ocrx_word' id='word_1_215' title='bbox 1397 275 1480 309; x_wconf 79' lang='grc' dir='ltr'>φύσιν</span> <span class='ocrx_word' id='word_1_216' title='bbox 1495 274 1542 309; x_wconf 77' lang='grc' dir='ltr'>μὲν</span> <span class='ocrx_word' id='word_1_217' title='bbox 1551 274 1601 300; x_wconf 77' lang='grc' dir='ltr'><strong>οὐκ</strong></span> <span class='ocrx_word' id='word_1_218' title='bbox 1610 274 1744 308; x_wconf 80' lang='grc' dir='ltr'><strong>ἀρνεῖται,</strong></span> <span class='ocrx_word' id='word_1_219' title='bbox 1764 272 1832 309; x_wconf 78' lang='grc'><strong>[585</strong></span> <span class='ocrx_word' id='word_1_220' title='bbox 1841 273 1895 310; x_wconf 84' lang='lat' dir='ltr'><strong>R.]</strong></span> 
     </span>
    </p>
   </div>
   <div class='ocr_carea' id='block_1_36' title="bbox 1093 318 1897 356">
    <p class='ocr_par' dir='ltr' id='par_1_36' title="bbox 1093 318 1897 356">
     <span class='ocr_line' id='line_1_36' title="bbox 1093 318 1897 356; baseline -0.002 -9"><span class='ocrx_word' id='word_1_221' title='bbox 1093 321 1170 356; x_wconf 80' lang='grc' dir='ltr'><strong>’τῷ-δ’</strong></span> <span class='ocrx_word' id='word_1_222' title='bbox 1188 321 1323 356; x_wconf 79' lang='grc' dir='ltr'><strong>ὑπερφυεῖ</strong></span> <span class='ocrx_word' id='word_1_223' title='bbox 1335 321 1385 355; x_wconf 81' lang='grc' dir='ltr'><strong>τῆς</strong></span> <span class='ocrx_word' id='word_1_224' title='bbox 1403 320 1543 354; x_wconf 79' lang='grc' dir='ltr'><strong>συνεχείας</strong></span> <span class='ocrx_word' id='word_1_225' title='bbox 1564 320 1614 353; x_wconf 75' lang='grc' dir='ltr'>τὴν</span> <span class='ocrx_word' id='word_1_226' title='bbox 1635 319 1805 354; x_wconf 82' lang='grc' dir='ltr'>Δεσποτικὴν</span> <span class='ocrx_word' id='word_1_227' title='bbox 1824 318 1897 345; x_wconf 74' lang='grc' dir='ltr'>σαλ-</span> 
     </span>
    </p>
   </div>
   <div class='ocr_carea' id='block_1_37' title="bbox 1094 365 1896 403">
    <p class='ocr_par' dir='ltr' id='par_1_37' title="bbox 1094 365 1896 403">
     <span class='ocr_line' id='line_1_37' title="bbox 1094 365 1896 403; baseline -0.005 -8"><span class='ocrx_word' id='word_1_228' title='bbox 1094 368 1168 400; x_wconf 77' lang='grc' dir='ltr'>πίζει</span> <span class='ocrx_word' id='word_1_229' title='bbox 1189 368 1314 403; x_wconf 78' lang='grc' dir='ltr'>πορείαν.</span> <span class='ocrx_word' id='word_1_230' title='bbox 1343 366 1482 400; x_wconf 81' lang='grc' dir='ltr'>Συμὸἀλοι</span> <span class='ocrx_word' id='word_1_231' title='bbox 1498 365 1521 392; x_wconf 82' lang='grc' dir='ltr'>δ’</span> <span class='ocrx_word' id='word_1_232' title='bbox 1542 366 1574 393; x_wconf 82' lang='grc' dir='ltr'>ἄν</span> <span class='ocrx_word' id='word_1_233' title='bbox 1591 374 1635 397; x_wconf 81' lang='grc' dir='ltr'><strong>τις</strong></span> <span class='ocrx_word' id='word_1_234' title='bbox 1656 365 1690 398; x_wconf 71' lang='grc' dir='ltr'><strong>δι,</strong></span> <span class='ocrx_word' id='word_1_235' title='bbox 1717 365 1814 400; x_wconf 82' lang='grc' dir='ltr'>φησὶν,</span> <span class='ocrx_word' id='word_1_236' title='bbox 1839 366 1896 392; x_wconf 78' lang='grc' dir='ltr'><strong>οὐκ</strong></span> 
     </span>
    </p>
   </div>
   <div class='ocr_carea' id='block_1_38' title="bbox 1093 411 1895 448">
    <p class='ocr_par' dir='ltr' id='par_1_38' title="bbox 1093 411 1895 448">
     <span class='ocr_line' id='line_1_38' title="bbox 1093 411 1895 448; baseline -0.004 -7"><span class='ocrx_word' id='word_1_237' title='bbox 1093 413 1247 446; x_wconf 83' lang='grc' dir='ltr'><strong>ἀπεικότως</strong></span> <span class='ocrx_word' id='word_1_238' title='bbox 1261 413 1292 441; x_wconf 78' lang='grc' dir='ltr'>τὸ</span> <span class='ocrx_word' id='word_1_239' title='bbox 1306 413 1354 448; x_wconf 79' lang='grc' dir='ltr'>μὲν</span> <span class='ocrx_word' id='word_1_240' title='bbox 1369 413 1489 447; x_wconf 76' lang='grc' dir='ltr'><strong>ἄτμητον</strong></span> <span class='ocrx_word' id='word_1_241' title='bbox 1505 412 1554 446; x_wconf 81' lang='grc' dir='ltr'><strong>τῆς</strong></span> <span class='ocrx_word' id='word_1_242' title='bbox 1569 411 1737 445; x_wconf 75' lang='grc' dir='ltr'>Δεσποτικῆς</span> <span class='ocrx_word' id='word_1_243' title='bbox 1752 411 1828 438; x_wconf 80' lang='grc' dir='ltr'>κατὰ</span> <span class='ocrx_word' id='word_1_244' title='bbox 1841 412 1895 438; x_wconf 76' lang='grc' dir='ltr'><strong>τοῦ</strong></span> 
     </span>
    </p>
   </div>
   <div class='ocr_carea' id='block_1_39' title="bbox 1095 457 1896 495">
    <p class='ocr_par' dir='ltr' id='par_1_39' title="bbox 1095 457 1896 495">
     <span class='ocr_line' id='line_1_39' title="bbox 1095 457 1896 495; baseline -0.002 -9"><span class='ocrx_word' id='word_1_245' title='bbox 1095 459 1180 495; x_wconf 80' lang='grc' dir='ltr'><strong>ὑγροῦ</strong></span> <span class='ocrx_word' id='word_1_246' title='bbox 1205 459 1388 494; x_wconf 75' lang='grc' dir='ltr'>πεζοπορείας</span> <span class='ocrx_word' id='word_1_247' title='bbox 1407 459 1438 485; x_wconf 79' lang='grc' dir='ltr'>τὸ</span> <span class='ocrx_word' id='word_1_248' title='bbox 1458 460 1508 494; x_wconf 80' lang='grc' dir='ltr'><strong>τῆς</strong></span> <span class='ocrx_word' id='word_1_249' title='bbox 1523 458 1654 493; x_wconf 84' lang='grc' dir='ltr'>Θεότητος</span> <span class='ocrx_word' id='word_1_250' title='bbox 1676 458 1844 493; x_wconf 80' lang='grc' dir='ltr'>ἀδιαίρετον,</span> <span class='ocrx_word' id='word_1_251' title='bbox 1861 457 1896 484; x_wconf 69' lang='grc' dir='ltr'>τὸ</span> 
     </span>
    </p>
   </div>
   <div class='ocr_carea' id='block_1_40' title="bbox 1094 503 1896 540">
    <p class='ocr_par' dir='ltr' id='par_1_40' title="bbox 1094 503 1896 540">
     <span class='ocr_line' id='line_1_40' title="bbox 1094 503 1896 540; baseline -0.001 -9"><span class='ocrx_word' id='word_1_252' title='bbox 1094 504 1123 532; x_wconf 78' lang='grc' dir='ltr'>δὲ</span> <span class='ocrx_word' id='word_1_253' title='bbox 1139 505 1284 540; x_wconf 76' lang='grc' dir='ltr'>διαιρεθὲν,</span> <span class='ocrx_word' id='word_1_254' title='bbox 1301 505 1340 536; x_wconf 81' lang='grc' dir='ltr'><strong>ὠς</strong></span> <span class='ocrx_word' id='word_1_255' title='bbox 1365 505 1411 531; x_wconf 71' lang='grc' dir='ltr'><strong>ἐπὶ</strong></span> <span class='ocrx_word' id='word_1_256' title='bbox 1426 504 1550 535; x_wconf 79' lang='grc' dir='ltr'><strong>Μωσέως</strong></span> <span class='ocrx_word' id='word_1_257' title='bbox 1571 505 1619 531; x_wconf 76' lang='grc' dir='ltr'>καὶ</span> <span class='ocrx_word' id='word_1_258' title='bbox 1640 503 1696 530; x_wconf 90' lang='grc' dir='ltr'><strong>τῶν</strong></span> <span class='ocrx_word' id='word_1_259' title='bbox 1713 504 1816 535; x_wconf 77' lang='grc' dir='ltr'>ἄλλων,</span> <span class='ocrx_word' id='word_1_260' title='bbox 1838 504 1896 538; x_wconf 81' lang='grc' dir='ltr'>τὴν</span> 
     </span>
    </p>
   </div>
   <div class='ocr_carea' id='block_1_41' title="bbox 1095 549 1896 587">
    <p class='ocr_par' dir='ltr' id='par_1_41' title="bbox 1095 549 1896 587">
     <span class='ocr_line' id='line_1_41' title="bbox 1095 549 1896 587; baseline -0.002 -9"><span class='ocrx_word' id='word_1_261' title='bbox 1095 551 1273 587; x_wconf 81' lang='grc' dir='ltr'>ἀνθρωπίνην</span> <span class='ocrx_word' id='word_1_262' title='bbox 1288 551 1434 586; x_wconf 85' lang='grc' dir='ltr'>παχύτητα</span> <span class='ocrx_word' id='word_1_263' title='bbox 1450 551 1498 577; x_wconf 67' lang='grc' dir='ltr'><strong>καὶ</strong></span> <span class='ocrx_word' id='word_1_264' title='bbox 1514 551 1555 577; x_wconf 80' lang='grc' dir='ltr'>ὅτι</span> <span class='ocrx_word' id='word_1_265' title='bbox 1579 549 1657 585; x_wconf 82' lang='grc' dir='ltr'>ὴμῶν</span> <span class='ocrx_word' id='word_1_266' title='bbox 1672 551 1704 577; x_wconf 81' lang='grc' dir='ltr'>ἐκ</span> <span class='ocrx_word' id='word_1_267' title='bbox 1719 549 1767 576; x_wconf 78' lang='grc' dir='ltr'>δύο</span> <span class='ocrx_word' id='word_1_268' title='bbox 1786 551 1805 585; x_wconf 77' lang='grc' dir='ltr'>ἡ</span> <span class='ocrx_word' id='word_1_269' title='bbox 1824 550 1896 576; x_wconf 81' lang='grc' dir='ltr'>σύν-</span> 
     </span>
    </p>
   </div>
   <div class='ocr_carea' id='block_1_42' title="bbox 1096 594 1897 633">
    <p class='ocr_par' dir='ltr' id='par_1_42' title="bbox 1096 594 1897 633">
     <span class='ocr_line' id='line_1_42' title="bbox 1096 594 1897 633; baseline 0 -10"><span class='ocrx_word' id='word_1_270' title='bbox 1096 596 1181 630; x_wconf 83' lang='grc' dir='ltr'>θεσις,</span> <span class='ocrx_word' id='word_1_271' title='bbox 1207 596 1273 633; x_wconf 76' lang='grc' dir='ltr'><strong>ὕλης</strong></span> <span class='ocrx_word' id='word_1_272' title='bbox 1289 605 1320 624; x_wconf 87' lang='grc' dir='ltr'><strong>τε</strong></span> <span class='ocrx_word' id='word_1_273' title='bbox 1336 597 1383 624; x_wconf 68' lang='grc' dir='ltr'>καὶ</span> <span class='ocrx_word' id='word_1_274' title='bbox 1405 597 1503 629; x_wconf 74' lang='grc' dir='ltr'>εἴδους,</span> <span class='ocrx_word' id='word_1_275' title='bbox 1519 596 1549 629; x_wconf 78' lang='grc' dir='ltr'>ἐξ</span> <span class='ocrx_word' id='word_1_276' title='bbox 1574 594 1611 624; x_wconf 85' lang='grc' dir='ltr'>ὦν</span> <span class='ocrx_word' id='word_1_277' title='bbox 1625 597 1672 623; x_wconf 84' lang='grc' dir='ltr'>καὶ</span> <span class='ocrx_word' id='word_1_278' title='bbox 1692 597 1726 624; x_wconf 85' lang='grc' dir='ltr'><strong>τὰ</strong></span> <span class='ocrx_word' id='word_1_279' title='bbox 1750 597 1820 624; x_wconf 79' lang='grc' dir='ltr'>ἀλλα</span> <span class='ocrx_word' id='word_1_280' title='bbox 1837 596 1897 623; x_wconf 79' lang='grc' dir='ltr'><strong>σώ-</strong></span> 
     </span>
    </p>
   </div>
   <div class='ocr_carea' id='block_1_43' title="bbox 1096 651 1181 678">
    <p class='ocr_par' dir='ltr' id='par_1_43' title="bbox 1096 651 1181 678">
     <span class='ocr_line' id='line_1_43' title="bbox 1096 651 1181 678; baseline 0.012 -9"><span class='ocrx_word' id='word_1_281' title='bbox 1096 651 1181 678; x_wconf 83' lang='grc' dir='ltr'><strong>ματα.</strong></span> 
     </span>
    </p>
   </div>
   <div class='ocr_carea' id='block_1_44' title="bbox 1131 732 1896 769">
    <p class='ocr_par' dir='ltr' id='par_1_44' title="bbox 1131 732 1896 769">
     <span class='ocr_line' id='line_1_44' title="bbox 1131 732 1896 769; baseline 0.003 -10"><span class='ocrx_word' id='word_1_282' title='bbox 1131 732 1226 760; x_wconf 80' lang='grc' dir='ltr'>Ταῢτα</span> <span class='ocrx_word' id='word_1_283' title='bbox 1239 732 1324 760; x_wconf 87' lang='grc' dir='ltr'>εἰπὼν</span> <span class='ocrx_word' id='word_1_284' title='bbox 1345 733 1392 759; x_wconf 75' lang='grc' dir='ltr'><strong>ἐπὶ</strong></span> <span class='ocrx_word' id='word_1_285' title='bbox 1405 733 1435 760; x_wconf 86' lang='grc' dir='ltr'><strong>τδ</strong></span> <span class='ocrx_word' id='word_1_286' title='bbox 1452 736 1486 768; x_wconf 88' lang='grc' dir='ltr'><strong>ιγ’</strong></span> <span class='ocrx_word' id='word_1_287' title='bbox 1508 734 1657 768; x_wconf 72' lang='grc' dir='ltr'>κεφάλαιον</span> <span class='ocrx_word' id='word_1_288' title='bbox 1672 734 1804 769; x_wconf 79' lang='grc' dir='ltr'><strong>μέτεισιν,</strong></span> <span class='ocrx_word' id='word_1_289' title='bbox 1821 737 1854 761; x_wconf 75' lang='grc' dir='ltr'>ἐν</span> <span class='ocrx_word' id='word_1_290' title='bbox 1872 733 1896 769; x_wconf 80' lang='grc' dir='ltr'>ᾧ</span> 
     </span>
    </p>
   </div>
   <div class='ocr_carea' id='block_1_45' title="bbox 1097 778 1896 815">
    <p class='ocr_par' dir='ltr' id='par_1_45' title="bbox 1097 778 1896 815">
     <span class='ocr_line' id='line_1_45' title="bbox 1097 778 1896 815; baseline 0.004 -10"><span class='ocrx_word' id='word_1_291' title='bbox 1097 778 1176 813; x_wconf 80' lang='grc' dir='ltr'>ζητεῖ</span> <span class='ocrx_word' id='word_1_292' title='bbox 1200 779 1252 806; x_wconf 90' lang='grc' dir='ltr'><strong>Διὰ</strong></span> <span class='ocrx_word' id='word_1_293' title='bbox 1271 779 1300 806; x_wconf 80' lang='grc' dir='ltr'><strong>τί</strong></span> <span class='ocrx_word' id='word_1_294' title='bbox 1323 779 1366 814; x_wconf 81' lang='grc' dir='ltr'>μὴ</span> <span class='ocrx_word' id='word_1_295' title='bbox 1389 779 1488 814; x_wconf 76' lang='grc' dir='ltr'>γυμνῇ</span> <span class='ocrx_word' id='word_1_296' title='bbox 1505 779 1542 815; x_wconf 75' lang='grc' dir='ltr'>τῇ</span> <span class='ocrx_word' id='word_1_297' title='bbox 1570 781 1689 814; x_wconf 70' lang='grc' dir='ltr'>θειότητι</span> <span class='ocrx_word' id='word_1_298' title='bbox 1704 783 1721 808; x_wconf 82' lang='grc' dir='ltr'>ό</span> <span class='ocrx_word' id='word_1_299' title='bbox 1735 783 1834 814; x_wconf 73' lang='grc' dir='ltr'><strong>Λόγος</strong></span> <span class='ocrx_word' id='word_1_300' title='bbox 1858 783 1896 809; x_wconf 84' lang='grc' dir='ltr'>τὸ</span> 
     </span>
    </p>
   </div>
   <div class='ocr_carea' id='block_1_46' title="bbox 1097 825 1896 862">
    <p class='ocr_par' dir='ltr' id='par_1_46' title="bbox 1097 825 1896 862">
     <span class='ocr_line' id='line_1_46' title="bbox 1097 825 1896 862; baseline 0.003 -9"><span class='ocrx_word' id='word_1_301' title='bbox 1097 825 1286 860; x_wconf 79' lang='grc' dir='ltr'>ἀνθρώπινον</span> <span class='ocrx_word' id='word_1_302' title='bbox 1299 826 1428 853; x_wconf 73' lang='grc' dir='ltr'>ἔσωσεν·</span> <span class='ocrx_word' id='word_1_303' title='bbox 1446 826 1502 853; x_wconf 80' lang='grc' dir='ltr'><strong>Καὶ</strong></span> <span class='ocrx_word' id='word_1_304' title='bbox 1517 827 1624 862; x_wconf 74' lang='grc' dir='ltr'>πρῶτον</span> <span class='ocrx_word' id='word_1_305' title='bbox 1642 827 1691 862; x_wconf 85' lang='grc' dir='ltr'><strong>μέν</strong></span> <span class='ocrx_word' id='word_1_306' title='bbox 1705 836 1787 862; x_wconf 83' lang='grc' dir='ltr'>φησιν</span> <span class='ocrx_word' id='word_1_307' title='bbox 1808 827 1850 859; x_wconf 88' lang='grc' dir='ltr'>ὼς</span> <span class='ocrx_word' id='word_1_308' title='bbox 1868 829 1896 855; x_wconf 81' lang='grc' dir='ltr'>ει</span> 
     </span>
    </p>
   </div>
   <div class='ocr_carea' id='block_1_47' title="bbox 1097 871 1895 908">
    <p class='ocr_par' dir='ltr' id='par_1_47' title="bbox 1097 871 1895 908">
     <span class='ocr_line' id='line_1_47' title="bbox 1097 871 1895 908; baseline 0.001 -10"><span class='ocrx_word' id='word_1_309' title='bbox 1097 871 1144 898; x_wconf 82' lang='grc' dir='ltr'>καὶ</span> <span class='ocrx_word' id='word_1_310' title='bbox 1164 871 1244 898; x_wconf 82' lang='grc' dir='ltr'>τοῦτο</span> <span class='ocrx_word' id='word_1_311' title='bbox 1259 872 1398 908; x_wconf 83' lang='grc' dir='ltr'><strong>διήνυστο,</strong></span> <span class='ocrx_word' id='word_1_312' title='bbox 1416 871 1492 899; x_wconf 81' lang='grc' dir='ltr'>οὐδὲν</span> <span class='ocrx_word' id='word_1_313' title='bbox 1510 871 1543 899; x_wconf 78' lang='grc' dir='ltr'>ἂν</span> <span class='ocrx_word' id='word_1_314' title='bbox 1558 871 1678 899; x_wconf 75' lang='grc' dir='ltr'>ἐκώλυσε</span> <span class='ocrx_word' id='word_1_315' title='bbox 1690 873 1753 904; x_wconf 75' lang='grc' dir='ltr'>τοὺς</span> <span class='ocrx_word' id='word_1_316' title='bbox 1769 881 1895 908; x_wconf 85' lang='grc' dir='ltr'>ματαιο-</span> 
     </span>
    </p>
   </div>
   <div class='ocr_carea' id='block_1_48' title="bbox 1095 916 1896 954">
    <p class='ocr_par' dir='ltr' id='par_1_48' title="bbox 1095 916 1896 954">
     <span class='ocr_line' id='line_1_48' title="bbox 1095 916 1896 954; baseline 0.001 -10"><span class='ocrx_word' id='word_1_317' title='bbox 1095 916 1193 952; x_wconf 83' lang='grc' dir='ltr'>λόγους</span> <span class='ocrx_word' id='word_1_318' title='bbox 1216 917 1263 945; x_wconf 78' lang='grc' dir='ltr'><strong>καὶ</strong></span> <span class='ocrx_word' id='word_1_319' title='bbox 1287 919 1377 945; x_wconf 78' lang='grc' dir='ltr'>πάντα</span> <span class='ocrx_word' id='word_1_320' title='bbox 1395 918 1564 953; x_wconf 78' lang='grc' dir='ltr'><strong>τολμῶντας,</strong></span> <span class='ocrx_word' id='word_1_321' title='bbox 1579 919 1658 954; x_wconf 83' lang='grc' dir='ltr'>εἴπερ</span> <span class='ocrx_word' id='word_1_322' title='bbox 1681 918 1714 945; x_wconf 74' lang='grc' dir='ltr'>ἐκ</span> <span class='ocrx_word' id='word_1_323' title='bbox 1735 919 1840 950; x_wconf 73' lang='grc' dir='ltr'>παντὸς</span> <span class='ocrx_word' id='word_1_324' title='bbox 1861 919 1896 945; x_wconf 72' lang='grc' dir='ltr'>τὸ</span> 
     </span>
    </p>
   </div>
   <div class='ocr_carea' id='block_1_49' title="bbox 1096 963 1896 1000">
    <p class='ocr_par' dir='ltr' id='par_1_49' title="bbox 1096 963 1896 1000">
     <span class='ocr_line' id='line_1_49' title="bbox 1096 963 1896 1000; baseline 0.001 -11"><span class='ocrx_word' id='word_1_325' title='bbox 1096 963 1173 990; x_wconf 85' lang='grc' dir='ltr'>Θεϊον</span> <span class='ocrx_word' id='word_1_326' title='bbox 1189 963 1214 989; x_wconf 78' lang='lat' dir='ltr'><strong>oi</strong></span> <span class='ocrx_word' id='word_1_327' title='bbox 1232 963 1415 999; x_wconf 70' lang='grc' dir='ltr'><strong>παραπλῆγες</strong></span> <span class='ocrx_word' id='word_1_328' title='bbox 1431 963 1584 998; x_wconf 72' lang='grc' dir='ltr'>λογοθετείν</span> <span class='ocrx_word' id='word_1_329' title='bbox 1594 964 1787 1000; x_wconf 73' lang='grc' dir='ltr'>ἑφρυάττοντο,</span> <span class='ocrx_word' id='word_1_330' title='bbox 1806 964 1896 990; x_wconf 76' lang='grc' dir='ltr'>πάλιν</span> 
     </span>
    </p>
   </div>
   <div class='ocr_carea' id='block_1_50' title="bbox 1095 1010 1896 1045">
    <p class='ocr_par' dir='ltr' id='par_1_50' title="bbox 1095 1010 1896 1045">
     <span class='ocr_line' id='line_1_50' title="bbox 1095 1010 1896 1045; baseline 0 -9"><span class='ocrx_word' id='word_1_331' title='bbox 1095 1010 1176 1037; x_wconf 78' lang='grc' dir='ltr'>ἄλλον</span> <span class='ocrx_word' id='word_1_332' title='bbox 1197 1010 1300 1045; x_wconf 81' lang='grc' dir='ltr'>τρόπον</span> <span class='ocrx_word' id='word_1_333' title='bbox 1323 1010 1463 1044; x_wconf 76' lang='grc' dir='ltr'>ἐπιζητεῖν</span> <span class='ocrx_word' id='word_1_334' title='bbox 1482 1010 1635 1045; x_wconf 78' lang='grc' dir='ltr'>σωτηρίας,</span> <span class='ocrx_word' id='word_1_335' title='bbox 1656 1010 1687 1036; x_wconf 86' lang='grc' dir='ltr'><strong>τδ</strong></span> <span class='ocrx_word' id='word_1_336' title='bbox 1702 1011 1896 1045; x_wconf 81' lang='grc' dir='ltr'><strong>γεγενημένον</strong></span> 
     </span>
    </p>
   </div>
   <div class='ocr_carea' id='block_1_51' title="bbox 1096 1056 1896 1092">
    <p class='ocr_par' dir='ltr' id='par_1_51' title="bbox 1096 1056 1896 1092">
     <span class='ocr_line' id='line_1_51' title="bbox 1096 1056 1896 1092; baseline 0 -9"><span class='ocrx_word' id='word_1_337' title='bbox 1096 1057 1126 1083; x_wconf 89' lang='grc' dir='ltr'><strong>οὑ</strong></span> <span class='ocrx_word' id='word_1_338' title='bbox 1158 1056 1333 1091; x_wconf 85' lang='grc' dir='ltr'>στέργοντας,</span> <span class='ocrx_word' id='word_1_339' title='bbox 1356 1056 1403 1083; x_wconf 75' lang='grc' dir='ltr'><strong>καὶ</strong></span> <span class='ocrx_word' id='word_1_340' title='bbox 1431 1056 1513 1083; x_wconf 82' lang='grc' dir='ltr'>πάλιν</span> <span class='ocrx_word' id='word_1_341' title='bbox 1537 1056 1616 1083; x_wconf 80' lang='grc' dir='ltr'><strong>ἄλλου</strong></span> <span class='ocrx_word' id='word_1_342' title='bbox 1636 1056 1760 1088; x_wconf 79' lang='grc' dir='ltr'>δοθέντος</span> <span class='ocrx_word' id='word_1_343' title='bbox 1786 1057 1822 1083; x_wconf 80' lang='grc' dir='ltr'>τὸ</span> <span class='ocrx_word' id='word_1_344' title='bbox 1841 1058 1896 1092; x_wconf 80' lang='grc' dir='ltr'>μὲν</span> 
     </span>
    </p>
   </div>
   <div class='ocr_carea' id='block_1_52' title="bbox 1098 1102 1897 1138">
    <p class='ocr_par' dir='ltr' id='par_1_52' title="bbox 1098 1102 1897 1138">
     <span class='ocr_line' id='line_1_52' title="bbox 1098 1102 1897 1138; baseline 0.001 -9"><span class='ocrx_word' id='word_1_345' title='bbox 1098 1102 1264 1137; x_wconf 87' lang='grc' dir='ltr'>μωμεῖσθαι,</span> <span class='ocrx_word' id='word_1_346' title='bbox 1277 1102 1368 1138; x_wconf 75' lang='grc' dir='ltr'>ζητεῖν</span> <span class='ocrx_word' id='word_1_347' title='bbox 1385 1103 1413 1129; x_wconf 83' lang='grc' dir='ltr'>δὲ</span> <span class='ocrx_word' id='word_1_348' title='bbox 1428 1103 1497 1137; x_wconf 84' lang='grc' dir='ltr'>ὅπερ</span> <span class='ocrx_word' id='word_1_349' title='bbox 1511 1103 1548 1138; x_wconf 87' lang='grc' dir='ltr'>μὴ</span> <span class='ocrx_word' id='word_1_350' title='bbox 1563 1103 1677 1130; x_wconf 79' lang='grc' dir='ltr'>δέδοται.</span> <span class='ocrx_word' id='word_1_351' title='bbox 1693 1103 1811 1130; x_wconf 82' lang='grc' dir='ltr'>Ἔπειτα</span> <span class='ocrx_word' id='word_1_352' title='bbox 1827 1105 1897 1130; x_wconf 83' lang='grc' dir='ltr'>τίνα</span> 
     </span>
    </p>
   </div>
   <div class='ocr_carea' id='block_1_53' title="bbox 1095 1149 1897 1186">
    <p class='ocr_par' dir='ltr' id='par_1_53' title="bbox 1095 1149 1897 1186">
     <span class='ocr_line' id='line_1_53' title="bbox 1095 1149 1897 1186; baseline 0.004 -11"><span class='ocrx_word' id='word_1_353' title='bbox 1095 1149 1185 1176; x_wconf 83' lang='grc' dir='ltr'>λείπει</span> <span class='ocrx_word' id='word_1_354' title='bbox 1205 1150 1302 1185; x_wconf 81' lang='grc' dir='ltr'>μανίας</span> <span class='ocrx_word' id='word_1_355' title='bbox 1319 1150 1486 1186; x_wconf 77' lang='grc' dir='ltr'>ὑπερϐολὴν,</span> <span class='ocrx_word' id='word_1_356' title='bbox 1503 1151 1616 1183; x_wconf 82' lang='grc' dir='ltr'>ἑαυτοὺς</span> <span class='ocrx_word' id='word_1_357' title='bbox 1632 1151 1754 1186; x_wconf 84' lang='grc' dir='ltr'>νομίζειν</span> <span class='ocrx_word' id='word_1_358' title='bbox 1772 1151 1805 1177; x_wconf 83' lang='grc' dir='ltr'><strong>τὺ</strong></span> <span class='ocrx_word' id='word_1_359' title='bbox 1820 1160 1897 1186; x_wconf 86' lang='grc' dir='ltr'>συμ-</span> 
     </span>
    </p>
   </div>
   <div class='ocr_carea' id='block_1_54' title="bbox 1096 1195 1893 1233">
    <p class='ocr_par' dir='ltr' id='par_1_54' title="bbox 1096 1195 1893 1233">
     <span class='ocr_line' id='line_1_54' title="bbox 1096 1195 1893 1233; baseline 0.004 -11"><span class='ocrx_word' id='word_1_360' title='bbox 1096 1195 1179 1232; x_wconf 84' lang='grc' dir='ltr'>φέρον</span> <span class='ocrx_word' id='word_1_361' title='bbox 1195 1196 1295 1223; x_wconf 83' lang='grc' dir='ltr'>εἰδέναι</span> <span class='ocrx_word' id='word_1_362' title='bbox 1319 1197 1420 1232; x_wconf 77' lang='grc' dir='ltr'>μᾶλλον</span> <span class='ocrx_word' id='word_1_363' title='bbox 1437 1197 1484 1224; x_wconf 81' lang='grc' dir='ltr'><strong>τοῦ</strong></span> <span class='ocrx_word' id='word_1_364' title='bbox 1504 1198 1593 1225; x_wconf 83' lang='grc' dir='ltr'>πάντα</span> <span class='ocrx_word' id='word_1_365' title='bbox 1611 1199 1640 1224; x_wconf 81' lang='grc' dir='ltr'>ὲν</span> <span class='ocrx_word' id='word_1_366' title='bbox 1659 1197 1740 1233; x_wconf 74' lang='grc' dir='ltr'>σοφίᾳ</span> <span class='ocrx_word' id='word_1_367' title='bbox 1757 1199 1805 1224; x_wconf 83' lang='grc' dir='ltr'><strong>καί</strong></span> <span class='ocrx_word' id='word_1_368' title='bbox 1821 1207 1893 1229; x_wconf 74' lang='grc' dir='ltr'>προ-</span> 
     </span>
    </p>
   </div>
   <div class='ocr_carea' id='block_1_55' title="bbox 1095 1241 1538 1278">
    <p class='ocr_par' dir='ltr' id='par_1_55' title="bbox 1095 1241 1538 1278">
     <span class='ocr_line' id='line_1_55' title="bbox 1095 1241 1538 1278; baseline -0.002 -7"><span class='ocrx_word' id='word_1_369' title='bbox 1095 1242 1248 1278; x_wconf 82' lang='grc' dir='ltr'>αγαγόντος</span> <span class='ocrx_word' id='word_1_370' title='bbox 1258 1241 1283 1259; x_wconf 77' lang='lat'>&quot;</span> <span class='ocrx_word' id='word_1_371' title='bbox 1299 1244 1346 1270; x_wconf 75' lang='grc' dir='ltr'><strong>καὶ</strong></span> <span class='ocrx_word' id='word_1_372' title='bbox 1363 1244 1538 1278; x_wconf 84' lang='grc' dir='ltr'>συνέχοντος;</span> 
     </span>
    </p>
   </div>
   <div class='ocr_carea' id='block_1_56' title="bbox 1137 1378 1897 1414">
    <p class='ocr_par' dir='ltr' id='par_1_56' title="bbox 1137 1378 1897 1414">
     <span class='ocr_line' id='line_1_56' title="bbox 1137 1378 1897 1414; baseline -0.001 -8"><span class='ocrx_word' id='word_1_373' title='bbox 1137 1379 1294 1406; x_wconf 82' lang='grc' dir='ltr'>Ἐπιλύεται</span> <span class='ocrx_word' id='word_1_374' title='bbox 1309 1378 1337 1406; x_wconf 79' lang='grc' dir='ltr'>δὲ</span> <span class='ocrx_word' id='word_1_375' title='bbox 1359 1379 1407 1406; x_wconf 74' lang='grc' dir='ltr'>καὶ</span> <span class='ocrx_word' id='word_1_376' title='bbox 1427 1379 1485 1411; x_wconf 83' lang='grc' dir='ltr'>πῶς</span> <span class='ocrx_word' id='word_1_377' title='bbox 1502 1378 1551 1414; x_wconf 79' lang='grc' dir='ltr'>μὲν</span> <span class='ocrx_word' id='word_1_378' title='bbox 1575 1379 1605 1406; x_wconf 75' lang='lat' dir='ltr'><strong>at</strong></span> <span class='ocrx_word' id='word_1_379' title='bbox 1625 1387 1655 1406; x_wconf 84' lang='grc' dir='ltr'><strong>τε</strong></span> <span class='ocrx_word' id='word_1_380' title='bbox 1671 1379 1760 1406; x_wconf 80' lang='grc' dir='ltr'>κοιναὶ</span> <span class='ocrx_word' id='word_1_381' title='bbox 1784 1388 1897 1406; x_wconf 84' lang='grc' dir='ltr'>εννοιαι</span> 
     </span>
    </p>
   </div>
   <div class='ocr_carea' id='block_1_57' title="bbox 1096 1425 1897 1461">
    <p class='ocr_par' dir='ltr' id='par_1_57' title="bbox 1096 1425 1897 1461">
     <span class='ocr_line' id='line_1_57' title="bbox 1096 1425 1897 1461; baseline -0.001 -9"><span class='ocrx_word' id='word_1_382' title='bbox 1096 1425 1144 1452; x_wconf 67' lang='grc' dir='ltr'>καὶ</span> <span class='ocrx_word' id='word_1_383' title='bbox 1159 1425 1190 1452; x_wconf 81' lang='grc' dir='ltr'>τὸ</span> <span class='ocrx_word' id='word_1_384' title='bbox 1214 1425 1286 1452; x_wconf 84' lang='grc' dir='ltr'><strong>Θεῖον</strong></span> <span class='ocrx_word' id='word_1_385' title='bbox 1301 1426 1420 1461; x_wconf 83' lang='grc' dir='ltr'>γράμμα</span> <span class='ocrx_word' id='word_1_386' title='bbox 1437 1425 1643 1460; x_wconf 80' lang='grc' dir='ltr'>παντοδύναμον</span> <span class='ocrx_word' id='word_1_387' title='bbox 1665 1425 1781 1460; x_wconf 81' lang='grc' dir='ltr'>ὑμνοῦσι</span> <span class='ocrx_word' id='word_1_388' title='bbox 1797 1425 1821 1442; x_wconf 70' lang='grc'>⁸³</span> <span class='ocrx_word' id='word_1_389' title='bbox 1843 1427 1897 1452; x_wconf 75' lang='grc' dir='ltr'><strong>τὺν</strong></span> 
     </span>
    </p>
   </div>
   <div class='ocr_carea' id='block_1_58' title="bbox 1097 1470 1898 1506">
    <p class='ocr_par' dir='ltr' id='par_1_58' title="bbox 1097 1470 1898 1506">
     <span class='ocr_line' id='line_1_58' title="bbox 1097 1470 1898 1506; baseline -0.001 -8"><span class='ocrx_word' id='word_1_390' title='bbox 1097 1471 1174 1504; x_wconf 83' lang='grc' dir='ltr'>Θεὸν,</span> <span class='ocrx_word' id='word_1_391' title='bbox 1188 1473 1202 1498; x_wconf 85' lang='grc' dir='ltr'>ὁ</span> <span class='ocrx_word' id='word_1_392' title='bbox 1216 1472 1246 1498; x_wconf 79' lang='grc' dir='ltr'>δὲ</span> <span class='ocrx_word' id='word_1_393' title='bbox 1271 1471 1414 1503; x_wconf 79' lang='grc' dir='ltr'>θεσπέσιος</span> <span class='ocrx_word' id='word_1_394' title='bbox 1429 1471 1534 1502; x_wconf 77' lang='grc' dir='ltr'><strong>Παῦλός</strong></span> <span class='ocrx_word' id='word_1_395' title='bbox 1552 1479 1634 1506; x_wconf 86' lang='grc' dir='ltr'>φησιν</span> <span class='ocrx_word' id='word_1_396' title='bbox 1648 1471 1714 1497; x_wconf 73' lang='grc' dir='ltr'>Ὀτι</span> <span class='ocrx_word' id='word_1_397' title='bbox 1733 1470 1757 1486; x_wconf 72' lang='grc'><strong>⁸⁸</strong></span> <span class='ocrx_word' id='word_1_398' title='bbox 1777 1472 1794 1498; x_wconf 83' lang='grc' dir='ltr'><em>ό</em></span> <span class='ocrx_word' id='word_1_399' title='bbox 1815 1472 1898 1504; x_wconf 76' lang='grc' dir='ltr'><strong>Θεὸς</strong></span> 
     </span>
    </p>
   </div>
   <div class='ocr_carea' id='block_1_59' title="bbox 254 1514 1043 1552">
    <p class='ocr_par' dir='ltr' id='par_1_59' title="bbox 254 1514 1042 1552">
     <span class='ocr_line' id='line_1_59' title="bbox 254 1514 1042 1552; baseline -0.005 -7"><span class='ocrx_word' id='word_1_400' title='bbox 254 1518 327 1545; x_wconf 79' lang='lat' dir='ltr'><strong>Deus</strong></span> <span class='ocrx_word' id='word_1_401' title='bbox 344 1516 458 1551; x_wconf 68' lang='lat' dir='ltr'><strong>“ipsum</strong></span> <span class='ocrx_word' id='word_1_402' title='bbox 481 1523 575 1552; x_wconf 79' lang='lat' dir='ltr'><strong>negare</strong></span> <span class='ocrx_word' id='word_1_403' title='bbox 595 1523 647 1542; x_wconf 80' lang='lat' dir='ltr'><strong>non</strong></span> <span class='ocrx_word' id='word_1_404' title='bbox 666 1520 748 1549; x_wconf 69' lang='lat' dir='ltr'><strong>potest</strong></span> <span class='ocrx_word' id='word_1_405' title='bbox 762 1515 829 1550; x_wconf 67' lang='lat'><strong>(4‘2).</strong></span> <span class='ocrx_word' id='word_1_406' title='bbox 846 1515 914 1549; x_wconf 87' lang='lat' dir='ltr'><strong>Quin</strong></span> <span class='ocrx_word' id='word_1_407' title='bbox 932 1514 984 1542; x_wconf 87' lang='lat' dir='ltr'><strong>alia</strong></span> <span class='ocrx_word' id='word_1_408' title='bbox 1000 1514 1042 1541; x_wconf 91' lang='lat' dir='ltr'><strong>in-</strong></span> 
     </span>
    </p>
   </div>
   <div class='ocr_carea' id='block_1_60' title="bbox 1132 1514 1898 1552">
    <p class='ocr_par' dir='ltr' id='par_1_60' title="bbox 1132 1516 1898 1551">
     <span class='ocr_line' id='line_1_60' title="bbox 1132 1516 1898 1551; baseline -0.001 -7"><span class='ocrx_word' id='word_1_409' title='bbox 1132 1517 1285 1551; x_wconf 80' lang='grc' dir='ltr'>νήσασθαι</span> <span class='ocrx_word' id='word_1_410' title='bbox 1304 1517 1327 1533; x_wconf 77' lang='grc'><strong>⁸³</strong></span> <span class='ocrx_word' id='word_1_411' title='bbox 1357 1517 1467 1544; x_wconf 70' lang='grc' dir='ltr'>ἑαυτὸν·</span> <span class='ocrx_word' id='word_1_412' title='bbox 1496 1517 1532 1543; x_wconf 84' lang='grc' dir='ltr'>οὐ</span> <span class='ocrx_word' id='word_1_413' title='bbox 1559 1516 1696 1544; x_wconf 80' lang='grc' dir='ltr'>δύναται.</span> <span class='ocrx_word' id='word_1_414' title='bbox 1730 1516 1812 1543; x_wconf 78' lang='grc' dir='ltr'>Ἀλλά</span> <span class='ocrx_word' id='word_1_415' title='bbox 1841 1519 1898 1543; x_wconf 72' lang='grc' dir='ltr'><strong>καὶ</strong></span> 
     </span>
    </p>
   </div>
   <div class='ocr_carea' id='block_1_61' title="bbox 255 1560 1046 1597">
    <p class='ocr_par' dir='ltr' id='par_1_61' title="bbox 255 1560 1046 1597">
     <span class='ocr_line' id='line_1_61' title="bbox 255 1560 1046 1597; baseline -0.001 -8"><span class='ocrx_word' id='word_1_416' title='bbox 255 1569 337 1597; x_wconf 86' lang='lat' dir='ltr'><strong>super</strong></span> <span class='ocrx_word' id='word_1_417' title='bbox 366 1565 496 1588; x_wconf 79' lang='lat' dir='ltr'><strong>sexcenta</strong></span> <span class='ocrx_word' id='word_1_418' title='bbox 522 1566 677 1596; x_wconf 85' lang='lat' dir='ltr'><strong>suppetere,</strong></span> <span class='ocrx_word' id='word_1_419' title='bbox 690 1568 750 1596; x_wconf 65' lang='lat' dir='ltr'><strong>qua:</strong></span> <span class='ocrx_word' id='word_1_420' title='bbox 777 1560 862 1587; x_wconf 89' lang='lat' dir='ltr'><strong>Deutn</strong></span> <span class='ocrx_word' id='word_1_421' title='bbox 888 1568 941 1587; x_wconf 92' lang='lat' dir='ltr'><strong>non</strong></span> <span class='ocrx_word' id='word_1_422' title='bbox 966 1567 1046 1595; x_wconf 86' lang='lat' dir='ltr'><strong>posse</strong></span> 
     </span>
    </p>
   </div>
   <div class='ocr_carea' id='block_1_62' title="bbox 254 1606 1045 1642">
    <p class='ocr_par' dir='ltr' id='par_1_62' title="bbox 254 1606 1045 1642">
     <span class='ocr_line' id='line_1_62' title="bbox 254 1606 1045 1642; baseline -0.001 -7"><span class='ocrx_word' id='word_1_423' title='bbox 254 1615 362 1642; x_wconf 82' lang='lat' dir='ltr'><strong>aequum</strong></span> <span class='ocrx_word' id='word_1_424' title='bbox 378 1606 414 1635; x_wconf 89' lang='lat' dir='ltr'><strong>sit</strong></span> <span class='ocrx_word' id='word_1_425' title='bbox 428 1607 518 1634; x_wconf 88' lang='lat' dir='ltr'><strong>dicere</strong></span> <span class='ocrx_word' id='word_1_426' title='bbox 535 1615 542 1633; x_wconf 96' lang='lat'><strong>:</strong></span> <span class='ocrx_word' id='word_1_427' title='bbox 567 1611 609 1639; x_wconf 84' lang='lat' dir='ltr'><strong>ut,</strong></span> <span class='ocrx_word' id='word_1_428' title='bbox 631 1614 683 1634; x_wconf 91' lang='lat' dir='ltr'><strong>non</strong></span> <span class='ocrx_word' id='word_1_429' title='bbox 699 1614 777 1641; x_wconf 78' lang='lat' dir='ltr'><strong>posse</strong></span> <span class='ocrx_word' id='word_1_430' title='bbox 794 1607 939 1634; x_wconf 85' lang='lat' dir='ltr'><strong>bonitatem</strong></span> <span class='ocrx_word' id='word_1_431' title='bbox 964 1607 1045 1634; x_wconf 86' lang='lat' dir='ltr'><strong>amit—</strong></span> 
     </span>
    </p>
   </div>
   <div class='ocr_carea' id='block_1_63' title="bbox 256 1651 1046 1687">
    <p class='ocr_par' dir='ltr' id='par_1_63' title="bbox 256 1651 1046 1687">
     <span class='ocr_line' id='line_1_63' title="bbox 256 1651 1046 1687; baseline 0 -7"><span class='ocrx_word' id='word_1_432' title='bbox 256 1658 323 1685; x_wconf 87' lang='lat' dir='ltr'><strong>tere,</strong></span> <span class='ocrx_word' id='word_1_433' title='bbox 349 1659 437 1687; x_wconf 86' lang='lat' dir='ltr'><strong>neque</strong></span> <span class='ocrx_word' id='word_1_434' title='bbox 454 1652 598 1679; x_wconf 88' lang='lat' dir='ltr'><strong>mutationi</strong></span> <span class='ocrx_word' id='word_1_435' title='bbox 613 1651 636 1668; x_wconf 82' lang='grc'><strong>³⁸</strong></span> <span class='ocrx_word' id='word_1_436' title='bbox 659 1651 806 1679; x_wconf 78' lang='lat' dir='ltr'><strong>obnoxium</strong></span> <span class='ocrx_word' id='word_1_437' title='bbox 822 1659 896 1684; x_wconf 87' lang='lat' dir='ltr'><strong>esse,</strong></span> <span class='ocrx_word' id='word_1_438' title='bbox 908 1656 936 1680; x_wconf 86' lang='lat' dir='ltr'><strong>et</strong></span> <span class='ocrx_word' id='word_1_439' title='bbox 949 1651 1001 1679; x_wconf 91' lang='lat' dir='ltr'><strong>alia</strong></span> <span class='ocrx_word' id='word_1_440' title='bbox 1018 1652 1046 1680; x_wconf 91' lang='lat' dir='ltr'><strong>id</strong></span> 
     </span>
    </p>
   </div>
   <div class='ocr_carea' id='block_1_64' title="bbox 255 1697 1046 1734">
    <p class='ocr_par' dir='ltr' id='par_1_64' title="bbox 255 1697 1046 1734">
     <span class='ocr_line' id='line_1_64' title="bbox 255 1697 1046 1734; baseline 0.001 -9"><span class='ocrx_word' id='word_1_441' title='bbox 255 1706 351 1734; x_wconf 71' lang='lat' dir='ltr'><strong>genus.</strong></span> <span class='ocrx_word' id='word_1_442' title='bbox 373 1698 423 1726; x_wconf 89' lang='lat' dir='ltr'><strong>Cui</strong></span> <span class='ocrx_word' id='word_1_443' title='bbox 449 1697 557 1733; x_wconf 87' lang='lat' dir='ltr'><strong>quidem</strong></span> <span class='ocrx_word' id='word_1_444' title='bbox 589 1698 750 1725; x_wconf 88' lang='lat' dir='ltr'><strong>dubitatioui</strong></span> <span class='ocrx_word' id='word_1_445' title='bbox 777 1697 875 1725; x_wconf 86' lang='lat' dir='ltr'><strong>solutio</strong></span> <span class='ocrx_word' id='word_1_446' title='bbox 900 1706 962 1725; x_wconf 84' lang='lat' dir='ltr'><strong>mox</strong></span> <span class='ocrx_word' id='word_1_447' title='bbox 993 1698 1046 1726; x_wconf 86' lang='lat' dir='ltr'><strong>ista</strong></span> 
     </span>
    </p>
   </div>
   <div class='ocr_carea' id='block_1_65' title="bbox 255 1743 1047 1779">
    <p class='ocr_par' dir='ltr' id='par_1_65' title="bbox 255 1743 1047 1779">
     <span class='ocr_line' id='line_1_65' title="bbox 255 1743 1047 1779; baseline 0 -7"><span class='ocrx_word' id='word_1_448' title='bbox 255 1744 398 1779; x_wconf 87' lang='lat' dir='ltr'><strong>subjicitur</strong></span> <span class='ocrx_word' id='word_1_449' title='bbox 410 1753 418 1772; x_wconf 93' lang='lat'><strong>:</strong></span> <span class='ocrx_word' id='word_1_450' title='bbox 436 1744 502 1778; x_wconf 80' lang='lat' dir='ltr'><strong>Qua:</strong></span> <span class='ocrx_word' id='word_1_451' title='bbox 514 1743 596 1771; x_wconf 91' lang='lat' dir='ltr'><strong>Deum</strong></span> <span class='ocrx_word' id='word_1_452' title='bbox 611 1751 663 1771; x_wconf 91' lang='lat' dir='ltr'><strong>non</strong></span> <span class='ocrx_word' id='word_1_453' title='bbox 674 1751 756 1779; x_wconf 85' lang='lat' dir='ltr'><strong>posse</strong></span> <span class='ocrx_word' id='word_1_454' title='bbox 769 1744 895 1777; x_wconf 83' lang='lat' dir='ltr'><strong>dicimus,</strong></span> <span class='ocrx_word' id='word_1_455' title='bbox 909 1751 940 1771; x_wconf 89' lang='lat' dir='ltr'><strong>ea</strong></span> <span class='ocrx_word' id='word_1_456' title='bbox 959 1752 1047 1779; x_wconf 88' lang='lat' dir='ltr'><strong>neqtte</strong></span> 
     </span>
    </p>
   </div>
   <div class='ocr_carea' id='block_1_66' title="bbox 255 1790 1047 1826">
    <p class='ocr_par' dir='ltr' id='par_1_66' title="bbox 255 1790 1047 1826">
     <span class='ocr_line' id='line_1_66' title="bbox 255 1790 1047 1826; baseline 0.001 -9"><span class='ocrx_word' id='word_1_457' title='bbox 255 1795 329 1823; x_wconf 87' lang='lat' dir='ltr'><strong>sunt,</strong></span> <span class='ocrx_word' id='word_1_458' title='bbox 343 1798 430 1825; x_wconf 88' lang='lat' dir='ltr'><strong>neque</strong></span> <span class='ocrx_word' id='word_1_459' title='bbox 447 1790 474 1817; x_wconf 93' lang='lat' dir='ltr'><strong>in</strong></span> <span class='ocrx_word' id='word_1_460' title='bbox 489 1797 579 1817; x_wconf 90' lang='lat' dir='ltr'><strong>rerum</strong></span> <span class='ocrx_word' id='word_1_461' title='bbox 595 1793 718 1817; x_wconf 85' lang='lat' dir='ltr'><strong>naturam</strong></span> <span class='ocrx_word' id='word_1_462' title='bbox 741 1790 840 1817; x_wconf 83' lang='lat' dir='ltr'><strong>cadere</strong></span> <span class='ocrx_word' id='word_1_463' title='bbox 862 1790 973 1818; x_wconf 93' lang='lat' dir='ltr'><strong>omnino</strong></span> <span class='ocrx_word' id='word_1_464' title='bbox 984 1798 1047 1826; x_wconf 85' lang='lat' dir='ltr'><strong>pos-</strong></span> 
     </span>
    </p>
   </div>
   <div class='ocr_carea' id='block_1_67' title="bbox 255 1834 1046 1871">
    <p class='ocr_par' dir='ltr' id='par_1_67' title="bbox 255 1834 1046 1871">
     <span class='ocr_line' id='line_1_67' title="bbox 255 1834 1046 1871; baseline 0.003 -9"><span class='ocrx_word' id='word_1_465' title='bbox 255 1841 330 1863; x_wconf 81' lang='lat' dir='ltr'><strong>sunt.</strong></span> <span class='ocrx_word' id='word_1_466' title='bbox 347 1835 397 1863; x_wconf 85' lang='lat' dir='ltr'><strong>Ubi</strong></span> <span class='ocrx_word' id='word_1_467' title='bbox 422 1836 495 1863; x_wconf 90' lang='lat' dir='ltr'><strong>enim</strong></span> <span class='ocrx_word' id='word_1_468' title='bbox 513 1834 652 1871; x_wconf 89' lang='lat' dir='ltr'><strong>proditum</strong></span> <span class='ocrx_word' id='word_1_469' title='bbox 667 1839 707 1863; x_wconf 90' lang='lat' dir='ltr'><strong>est</strong></span> <span class='ocrx_word' id='word_1_470' title='bbox 722 1843 851 1871; x_wconf 87' lang='lat' dir='ltr'><strong>unquam,</strong></span> <span class='ocrx_word' id='word_1_471' title='bbox 873 1841 902 1862; x_wconf 93' lang='lat' dir='ltr'><strong>ut</strong></span> <span class='ocrx_word' id='word_1_472' title='bbox 915 1836 987 1864; x_wconf 86' lang='lat' dir='ltr'><strong>Deus</strong></span> <span class='ocrx_word' id='word_1_473' title='bbox 1003 1836 1046 1864; x_wconf 91' lang='lat' dir='ltr'><strong>vel</strong></span> 
     </span>
    </p>
   </div>
   <div class='ocr_carea' id='block_1_68' title="bbox 255 1881 1045 1916">
    <p class='ocr_par' dir='ltr' id='par_1_68' title="bbox 255 1881 1045 1916">
     <span class='ocr_line' id='line_1_68' title="bbox 255 1881 1045 1916; baseline 0.001 -7"><span class='ocrx_word' id='word_1_474' title='bbox 255 1887 369 1916; x_wconf 76' lang='lat' dir='ltr'><strong>negaret</strong></span> <span class='ocrx_word' id='word_1_475' title='bbox 382 1881 513 1916; x_wconf 83' lang='lat' dir='ltr'><strong>seipsum.</strong></span> <span class='ocrx_word' id='word_1_476' title='bbox 528 1881 573 1909; x_wconf 90' lang='lat' dir='ltr'><strong>vel</strong></span> <span class='ocrx_word' id='word_1_477' title='bbox 597 1885 760 1913; x_wconf 84' lang='lat' dir='ltr'><strong>mutaretur,</strong></span> <span class='ocrx_word' id='word_1_478' title='bbox 773 1881 814 1908; x_wconf 89' lang='lat' dir='ltr'><strong>vel</strong></span> <span class='ocrx_word' id='word_1_479' title='bbox 836 1881 955 1909; x_wconf 88' lang='lat' dir='ltr'><strong>bonitate</strong></span> <span class='ocrx_word' id='word_1_480' title='bbox 969 1882 1045 1910; x_wconf 84' lang='lat' dir='ltr'><strong>exci-</strong></span> 
     </span>
    </p>
   </div>
   <div class='ocr_carea' id='block_1_69' title="bbox 254 1925 1046 1961">
    <p class='ocr_par' dir='ltr' id='par_1_69' title="bbox 254 1925 1046 1961">
     <span class='ocr_line' id='line_1_69' title="bbox 254 1925 1046 1961; baseline 0.001 -7"><span class='ocrx_word' id='word_1_481' title='bbox 254 1926 354 1959; x_wconf 81' lang='lat' dir='ltr'><strong>deret;</strong></span> <span class='ocrx_word' id='word_1_482' title='bbox 378 1926 509 1961; x_wconf 88' lang='lat' dir='ltr'><strong>autquod</strong></span> <span class='ocrx_word' id='word_1_483' title='bbox 525 1933 618 1954; x_wconf 87' lang='lat' dir='ltr'><strong>verum</strong></span> <span class='ocrx_word' id='word_1_484' title='bbox 635 1931 707 1959; x_wconf 87' lang='lat' dir='ltr'><strong>erat,</strong></span> <span class='ocrx_word' id='word_1_485' title='bbox 723 1925 821 1954; x_wconf 79' lang='lat' dir='ltr'><strong>falsum</strong></span> <span class='ocrx_word' id='word_1_486' title='bbox 835 1927 913 1955; x_wconf 85' lang='lat' dir='ltr'><strong>ﬂeret</strong></span> <span class='ocrx_word' id='word_1_487' title='bbox 927 1927 1046 1955; x_wconf 85' lang='lat' dir='ltr'><strong>?Omni-</strong></span> 
     </span>
    </p>
   </div>
   <div class='ocr_carea' id='block_1_70' title="bbox 258 1972 1045 2009">
    <p class='ocr_par' dir='ltr' id='par_1_70' title="bbox 258 1972 1045 2009">
     <span class='ocr_line' id='line_1_70' title="bbox 258 1972 1045 2009; baseline 0.005 -11"><span class='ocrx_word' id='word_1_488' title='bbox 258 1978 354 2009; x_wconf 86' lang='lat' dir='ltr'><strong>potens</strong></span> <span class='ocrx_word' id='word_1_489' title='bbox 376 1979 441 2000; x_wconf 91' lang='lat' dir='ltr'><strong>vero</strong></span> <span class='ocrx_word' id='word_1_490' title='bbox 452 1976 480 2000; x_wconf 87' lang='lat' dir='ltr'><strong>et</strong></span> <span class='ocrx_word' id='word_1_491' title='bbox 502 1972 612 2006; x_wconf 87' lang='lat' dir='ltr'><strong>dicitur,</strong></span> <span class='ocrx_word' id='word_1_492' title='bbox 633 1976 663 2000; x_wconf 89' lang='lat' dir='ltr'><strong>et</strong></span> <span class='ocrx_word' id='word_1_493' title='bbox 685 1973 858 2007; x_wconf 65' lang='lat' dir='ltr'><strong>praedicatur,</strong></span> <span class='ocrx_word' id='word_1_494' title='bbox 882 1974 953 2008; x_wconf 87' lang='lat' dir='ltr'><strong>quod</strong></span> <span class='ocrx_word' id='word_1_495' title='bbox 984 1981 1045 2009; x_wconf 72' lang='lat' dir='ltr'><strong>qua:</strong></span> 
     </span>
    </p>
   </div>
   <div class='ocr_carea' id='block_1_71' title="bbox 258 2017 1044 2054">
    <p class='ocr_par' dir='ltr' id='par_1_71' title="bbox 258 2017 1044 2054">
     <span class='ocr_line' id='line_1_71' title="bbox 258 2017 1044 2054; baseline 0.003 -9"><span class='ocrx_word' id='word_1_496' title='bbox 258 2019 345 2054; x_wconf 78' lang='lat' dir='ltr'><strong>ipsum</strong></span> <span class='ocrx_word' id='word_1_497' title='bbox 360 2018 468 2051; x_wconf 87' lang='lat' dir='ltr'><strong>decent,</strong></span> <span class='ocrx_word' id='word_1_498' title='bbox 492 2022 520 2046; x_wconf 91' lang='lat' dir='ltr'><strong>et</strong></span> <span class='ocrx_word' id='word_1_499' title='bbox 534 2017 664 2045; x_wconf 82' lang='lat' dir='ltr'><strong>salutaria</strong></span> <span class='ocrx_word' id='word_1_500' title='bbox 686 2023 751 2045; x_wconf 84' lang='lat' dir='ltr'><strong>sunt</strong></span> <span class='ocrx_word' id='word_1_501' title='bbox 776 2019 856 2046; x_wconf 89' lang='lat' dir='ltr'><strong>rebus</strong></span> <span class='ocrx_word' id='word_1_502' title='bbox 879 2019 990 2052; x_wconf 83' lang='lat' dir='ltr'><strong>creatis,</strong></span> <span class='ocrx_word' id='word_1_503' title='bbox 1011 2024 1044 2047; x_wconf 84' lang='lat' dir='ltr'><strong>ea</strong></span> 
     </span>
    </p>
   </div>
   <div class='ocr_carea' id='block_1_72' title="bbox 257 2063 1043 2100">
    <p class='ocr_par' dir='ltr' id='par_1_72' title="bbox 257 2063 1043 2100">
     <span class='ocr_line' id='line_1_72' title="bbox 257 2063 1043 2100; baseline 0.001 -8"><span class='ocrx_word' id='word_1_504' title='bbox 257 2064 348 2092; x_wconf 82' lang='lat' dir='ltr'><strong>facere</strong></span> <span class='ocrx_word' id='word_1_505' title='bbox 364 2064 451 2100; x_wconf 88' lang='lat' dir='ltr'><strong>possit</strong></span> <span class='ocrx_word' id='word_1_506' title='bbox 461 2063 564 2097; x_wconf 89' lang='lat' dir='ltr'><strong>omnia,</strong></span> <span class='ocrx_word' id='word_1_507' title='bbox 582 2071 643 2091; x_wconf 89' lang='lat' dir='ltr'><strong>cutn</strong></span> <span class='ocrx_word' id='word_1_508' title='bbox 663 2063 732 2091; x_wconf 84' lang='lat' dir='ltr'><strong>vult.</strong></span> <span class='ocrx_word' id='word_1_509' title='bbox 747 2063 873 2099; x_wconf 81' lang='lat' dir='ltr'><strong>Alioquin</strong></span> <span class='ocrx_word' id='word_1_510' title='bbox 890 2065 940 2093; x_wconf 92' lang='lat' dir='ltr'><strong>hoc</strong></span> <span class='ocrx_word' id='word_1_511' title='bbox 956 2065 1043 2100; x_wconf 84' lang='lat' dir='ltr'><strong>ipsum</strong></span> 
     </span>
    </p>
   </div>
   <div class='ocr_carea' id='block_1_73' title="bbox 253 2108 1043 2147">
    <p class='ocr_par' dir='ltr' id='par_1_73' title="bbox 253 2108 1043 2147">
     <span class='ocr_line' id='line_1_73' title="bbox 253 2108 1043 2147; baseline 0.001 -9"><span class='ocrx_word' id='word_1_512' title='bbox 253 2110 344 2138; x_wconf 89' lang='lat' dir='ltr'><strong>dicere</strong></span> <span class='ocrx_word' id='word_1_513' title='bbox 362 2119 369 2138; x_wconf 90' lang='lat'>:</span> <span class='ocrx_word' id='word_1_514' title='bbox 397 2108 456 2138; x_wconf 83' lang='lat' dir='ltr'><strong>Non</strong></span> <span class='ocrx_word' id='word_1_515' title='bbox 471 2116 552 2145; x_wconf 84' lang='lat' dir='ltr'><strong>posse</strong></span> <span class='ocrx_word' id='word_1_516' title='bbox 566 2109 663 2141; x_wconf 84' lang='lat' dir='ltr'><strong>Deum.</strong></span> <span class='ocrx_word' id='word_1_517' title='bbox 679 2117 739 2144; x_wconf 77' lang='lat' dir='ltr'><strong>quae</strong></span> <span class='ocrx_word' id='word_1_518' title='bbox 753 2117 805 2137; x_wconf 91' lang='lat' dir='ltr'><strong>non</strong></span> <span class='ocrx_word' id='word_1_519' title='bbox 826 2111 921 2139; x_wconf 88' lang='lat' dir='ltr'><strong>decent</strong></span> <span class='ocrx_word' id='word_1_520' title='bbox 944 2112 1043 2147; x_wconf 86' lang='lat' dir='ltr'><strong>ipsum,</strong></span> 
     </span>
    </p>
   </div>
   <div class='ocr_carea' id='block_1_74' title="bbox 252 2155 1041 2192">
    <p class='ocr_par' dir='ltr' id='par_1_74' title="bbox 252 2155 1041 2192">
     <span class='ocr_line' id='line_1_74' title="bbox 252 2155 1041 2192; baseline 0.001 -8"><span class='ocrx_word' id='word_1_521' title='bbox 252 2157 286 2184; x_wconf 87' lang='lat' dir='ltr'><strong>ad</strong></span> <span class='ocrx_word' id='word_1_522' title='bbox 309 2156 456 2192; x_wconf 84' lang='lat' dir='ltr'><strong>potentiam</strong></span> <span class='ocrx_word' id='word_1_523' title='bbox 475 2155 596 2191; x_wconf 86' lang='lat' dir='ltr'><strong>pertinet</strong></span> <span class='ocrx_word' id='word_1_524' title='bbox 618 2163 722 2184; x_wconf 87' lang='lat' dir='ltr'><strong>revera.</strong></span> <span class='ocrx_word' id='word_1_525' title='bbox 740 2155 769 2184; x_wconf 85' lang='lat' dir='ltr'><strong>Si</strong></span> <span class='ocrx_word' id='word_1_526' title='bbox 781 2157 853 2184; x_wconf 87' lang='lat' dir='ltr'><strong>enim</strong></span> <span class='ocrx_word' id='word_1_527' title='bbox 873 2158 932 2185; x_wconf 67' lang='lat' dir='ltr'><strong>haec</strong></span> <span class='ocrx_word' id='word_1_528' title='bbox 949 2158 1041 2185; x_wconf 90' lang='lat' dir='ltr'><strong>omnia</strong></span> 
     </span>
    </p>
   </div>
   <div class='ocr_carea' id='block_1_75' title="bbox 252 2201 1040 2239">
    <p class='ocr_par' dir='ltr' id='par_1_75' title="bbox 252 2201 1040 2239">
     <span class='ocr_line' id='line_1_75' title="bbox 252 2201 1040 2239; baseline 0.004 -10"><span class='ocrx_word' id='word_1_529' title='bbox 252 2203 368 2238; x_wconf 85' lang='lat' dir='ltr'><strong>privatio</strong></span> <span class='ocrx_word' id='word_1_530' title='bbox 394 2207 476 2237; x_wconf 83' lang='lat' dir='ltr'><strong>atque</strong></span> <span class='ocrx_word' id='word_1_531' title='bbox 492 2201 650 2238; x_wconf 88' lang='lat' dir='ltr'><strong>impotentia</strong></span> <span class='ocrx_word' id='word_1_532' title='bbox 675 2203 798 2238; x_wconf 62' lang='lat' dir='ltr'><strong>quaedam</strong></span> <span class='ocrx_word' id='word_1_533' title='bbox 816 2207 890 2236; x_wconf 86' lang='lat' dir='ltr'><strong>sunt,</strong></span> <span class='ocrx_word' id='word_1_534' title='bbox 905 2205 1040 2239; x_wconf 86' lang='lat' dir='ltr'><strong>quomodo</strong></span> 
     </span>
    </p>
   </div>
   <div class='ocr_carea' id='block_1_76' title="bbox 251 2248 1039 2282">
    <p class='ocr_par' dir='ltr' id='par_1_76' title="bbox 251 2248 1039 2282">
     <span class='ocr_line' id='line_1_76' title="bbox 251 2248 1039 2282; baseline 0.001 -6"><span class='ocrx_word' id='word_1_535' title='bbox 251 2256 304 2276; x_wconf 89' lang='lat' dir='ltr'><strong>non</strong></span> <span class='ocrx_word' id='word_1_536' title='bbox 331 2255 446 2277; x_wconf 79' lang='lat' dir='ltr'><strong>summte</strong></span> <span class='ocrx_word' id='word_1_537' title='bbox 460 2248 514 2276; x_wconf 86' lang='lat' dir='ltr'><strong>hoc</strong></span> <span class='ocrx_word' id='word_1_538' title='bbox 539 2248 592 2275; x_wconf 91' lang='lat' dir='ltr'><strong>erit</strong></span> <span class='ocrx_word' id='word_1_539' title='bbox 607 2249 734 2282; x_wconf 63' lang='lat' dir='ltr'><strong>potentia:</strong></span> <span class='ocrx_word' id='word_1_540' title='bbox 748 2256 780 2276; x_wconf 87' lang='lat' dir='ltr'><strong>ac</strong></span> <span class='ocrx_word' id='word_1_541' title='bbox 796 2248 975 2282; x_wconf 87' lang='lat' dir='ltr'><strong>fortitudinis,</strong></span> <span class='ocrx_word' id='word_1_542' title='bbox 996 2250 1039 2278; x_wconf 92' lang='lat' dir='ltr'><strong>in-</strong></span> 
     </span>
    </p>
   </div>
   <div class='ocr_carea' id='block_1_77' title="bbox 252 2293 1039 2329">
    <p class='ocr_par' dir='ltr' id='par_1_77' title="bbox 252 2293 1039 2329">
     <span class='ocr_line' id='line_1_77' title="bbox 252 2293 1039 2329; baseline 0.001 -7"><span class='ocrx_word' id='word_1_543' title='bbox 252 2294 328 2322; x_wconf 89' lang='lat' dir='ltr'><strong>tinito</strong></span> <span class='ocrx_word' id='word_1_544' title='bbox 349 2293 465 2329; x_wconf 84' lang='lat' dir='ltr'><strong>quodam</strong></span> <span class='ocrx_word' id='word_1_545' title='bbox 481 2294 569 2329; x_wconf 85' lang='lat' dir='ltr'><strong>spatio</strong></span> <span class='ocrx_word' id='word_1_546' title='bbox 592 2301 675 2329; x_wconf 85' lang='lat' dir='ltr'><strong>supra</strong></span> <span class='ocrx_word' id='word_1_547' title='bbox 694 2294 752 2322; x_wconf 63' lang='grc' dir='ltr'><strong>ιιωο</strong></span> <span class='ocrx_word' id='word_1_548' title='bbox 773 2294 864 2322; x_wconf 86' lang='lat' dir='ltr'><strong>omnia</strong></span> <span class='ocrx_word' id='word_1_549' title='bbox 879 2294 1039 2324; x_wconf 86' lang='lat' dir='ltr'><strong>collocatum</strong></span> 
     </span>
    </p>
   </div>
   <div class='ocr_carea' id='block_1_78' title="bbox 250 2340 337 2367">
    <p class='ocr_par' dir='ltr' id='par_1_78' title="bbox 250 2340 337 2367">
     <span class='ocr_line' id='line_1_78' title="bbox 250 2340 337 2367; baseline -0.011 0"><span class='ocrx_word' id='word_1_550' title='bbox 250 2347 311 2367; x_wconf 86' lang='lat' dir='ltr'><strong>esse</strong></span> <span class='ocrx_word' id='word_1_551' title='bbox 325 2340 337 2366; x_wconf 79' lang='lat' dir='ltr'><strong>‘i</strong></span> 
     </span>
    </p>
   </div>
   <div class='ocr_carea' id='block_1_79' title="bbox 288 2385 1038 2422">
    <p class='ocr_par' dir='ltr' id='par_1_79' title="bbox 288 2385 1038 2422">
     <span class='ocr_line' id='line_1_79' title="bbox 288 2385 1038 2422; baseline 0.004 -10"><span class='ocrx_word' id='word_1_552' title='bbox 288 2385 386 2422; x_wconf 61' lang='lat' dir='ltr'><strong>184a</strong></span> <span class='ocrx_word' id='word_1_553' title='bbox 392 2385 552 2421; x_wconf 87' lang='lat' dir='ltr'><strong>Quanquam</strong></span> <span class='ocrx_word' id='word_1_554' title='bbox 563 2393 615 2414; x_wconf 86' lang='lat' dir='ltr'><strong>nec</strong></span> <span class='ocrx_word' id='word_1_555' title='bbox 623 2385 668 2414; x_wconf 90' lang='lat' dir='ltr'><strong>ille</strong></span> <span class='ocrx_word' id='word_1_556' title='bbox 678 2385 790 2414; x_wconf 81' lang='lat' dir='ltr'><strong>forsitan</strong></span> <span class='ocrx_word' id='word_1_557' title='bbox 801 2393 816 2412; x_wconf 92' lang='lat' dir='ltr'><strong>a</strong></span> <span class='ocrx_word' id='word_1_558' title='bbox 823 2390 898 2413; x_wconf 90' lang='lat' dir='ltr'><strong>recto</strong></span> <span class='ocrx_word' id='word_1_559' title='bbox 907 2386 1038 2421; x_wconf 83' lang='lat' dir='ltr'><strong>discedat,</strong></span> 
     </span>
    </p>
   </div>
   <div class='ocr_carea' id='block_1_80' title="bbox 250 2432 1041 2470">
    <p class='ocr_par' dir='ltr' id='par_1_80' title="bbox 250 2432 1041 2470">
     <span class='ocr_line' id='line_1_80' title="bbox 250 2432 1041 2470; baseline 0.005 -12"><span class='ocrx_word' id='word_1_560' title='bbox 250 2433 297 2466; x_wconf 92' lang='lat' dir='ltr'><strong>qui</strong></span> <span class='ocrx_word' id='word_1_561' title='bbox 318 2433 389 2460; x_wconf 81' lang='lat' dir='ltr'><strong>istud</strong></span> <span class='ocrx_word' id='word_1_562' title='bbox 401 2440 509 2468; x_wconf 84' lang='lat' dir='ltr'><strong>quoque</strong></span> <span class='ocrx_word' id='word_1_563' title='bbox 521 2433 554 2462; x_wconf 87' lang='lat' dir='ltr'><strong>iis</strong></span> <span class='ocrx_word' id='word_1_564' title='bbox 565 2441 625 2469; x_wconf 75' lang='lat' dir='ltr'><strong>quas</strong></span> <span class='ocrx_word' id='word_1_565' title='bbox 642 2433 698 2468; x_wconf 86' lang='lat' dir='ltr'><strong>jam</strong></span> <span class='ocrx_word' id='word_1_566' title='bbox 708 2433 791 2465; x_wconf 86' lang='lat' dir='ltr'><strong>dicta,</strong></span> <span class='ocrx_word' id='word_1_567' title='bbox 802 2432 912 2467; x_wconf 82' lang='lat' dir='ltr'><strong>adjiciat</strong></span> <span class='ocrx_word' id='word_1_568' title='bbox 924 2453 933 2468; x_wconf 87' lang='lat'><strong>,</strong></span> <span class='ocrx_word' id='word_1_569' title='bbox 944 2441 1041 2470; x_wconf 82' lang='lat' dir='ltr'><strong>nempe</strong></span> 
     </span>
    </p>
   </div>
   <div class='ocr_carea' id='block_1_81' title="bbox 252 2478 1038 2509">
    <p class='ocr_par' dir='ltr' id='par_1_81' title="bbox 252 2478 1038 2509">
     <span class='ocr_line' id='line_1_81' title="bbox 252 2478 1038 2509; baseline 0.005 -4"><span class='ocrx_word' id='word_1_570' title='bbox 252 2478 489 2507; x_wconf 85' lang='lat' dir='ltr'><strong>ratiocinationem</strong></span> <span class='ocrx_word' id='word_1_571' title='bbox 515 2479 585 2507; x_wconf 85' lang='lat' dir='ltr'><strong>hanc</strong></span> <span class='ocrx_word' id='word_1_572' title='bbox 604 2486 657 2507; x_wconf 92' lang='lat' dir='ltr'><strong>non</strong></span> <span class='ocrx_word' id='word_1_573' title='bbox 686 2478 806 2506; x_wconf 85' lang='lat' dir='ltr'><strong>divinum</strong></span> <span class='ocrx_word' id='word_1_574' title='bbox 827 2479 913 2508; x_wconf 87' lang='lat' dir='ltr'><strong>solum</strong></span> <span class='ocrx_word' id='word_1_575' title='bbox 937 2488 1038 2509; x_wconf 87' lang='lat' dir='ltr'><strong>numen</strong></span> 
     </span>
    </p>
   </div>
   <div class='ocr_carea' id='block_1_82' title="bbox 287 2545 744 2582">
    <p class='ocr_par' dir='ltr' id='par_1_82' title="bbox 287 2545 744 2582">
     <span class='ocr_line' id='line_1_82' title="bbox 287 2545 744 2582; baseline 0 -8"><span class='ocrx_word' id='word_1_576' title='bbox 287 2547 312 2564; x_wconf 79' lang='lat'><strong>&quot;</strong></span> <span class='ocrx_word' id='word_1_577' title='bbox 329 2546 446 2575; x_wconf 81' lang='lat' dir='ltr'><strong>Malacb.</strong></span> <span class='ocrx_word' id='word_1_578' title='bbox 461 2554 503 2582; x_wconf 88' lang='lat' dir='ltr'><strong>ttt,</strong></span> <span class='ocrx_word' id='word_1_579' title='bbox 521 2547 558 2581; x_wconf 86' lang='lat'><strong>6;</strong></span> <span class='ocrx_word' id='word_1_580' title='bbox 583 2545 643 2576; x_wconf 85' lang='lat' dir='ltr'><strong>Jac.</strong></span> <span class='ocrx_word' id='word_1_581' title='bbox 660 2554 702 2579; x_wconf 87' lang='grc' dir='ltr'>ιιι,</span> <span class='ocrx_word' id='word_1_582' title='bbox 715 2545 744 2574; x_wconf 88' lang='lat'><strong>6.</strong></span> 
     </span>
    </p>
   </div>
   <div class='ocr_carea' id='block_1_83' title="bbox 1097 1559 1898 1598">
    <p class='ocr_par' dir='ltr' id='par_1_83' title="bbox 1097 1559 1898 1598">
     <span class='ocr_line' id='line_1_83' title="bbox 1097 1559 1898 1598; baseline -0.004 -8"><span class='ocrx_word' id='word_1_583' title='bbox 1097 1562 1165 1591; x_wconf 86' lang='grc' dir='ltr'>ἄλλα</span> <span class='ocrx_word' id='word_1_584' title='bbox 1182 1559 1252 1589; x_wconf 80' lang='grc' dir='ltr'>εἴναι</span> <span class='ocrx_word' id='word_1_585' title='bbox 1281 1562 1376 1598; x_wconf 86' lang='grc' dir='ltr'>μυρία,</span> <span class='ocrx_word' id='word_1_586' title='bbox 1401 1561 1420 1589; x_wconf 78' lang='grc' dir='ltr'>ἃ</span> <span class='ocrx_word' id='word_1_587' title='bbox 1443 1561 1481 1598; x_wconf 85' lang='grc' dir='ltr'><strong>μὴ</strong></span> <span class='ocrx_word' id='word_1_588' title='bbox 1505 1561 1636 1588; x_wconf 78' lang='grc' dir='ltr'>δύνασθαι</span> <span class='ocrx_word' id='word_1_589' title='bbox 1668 1561 1758 1596; x_wconf 81' lang='grc' dir='ltr'>λέγειν</span> <span class='ocrx_word' id='word_1_590' title='bbox 1780 1562 1898 1596; x_wconf 75' lang='grc' dir='ltr'>πρέπον</span> 
     </span>
    </p>
   </div>
   <div class='ocr_carea' id='block_1_84' title="bbox 1096 1606 1898 1643">
    <p class='ocr_par' dir='ltr' id='par_1_84' title="bbox 1096 1606 1898 1643">
     <span class='ocr_line' id='line_1_84' title="bbox 1096 1606 1898 1643; baseline -0.002 -7"><span class='ocrx_word' id='word_1_591' title='bbox 1096 1609 1155 1636; x_wconf 75' lang='grc' dir='ltr'>ἐστὶ</span> <span class='ocrx_word' id='word_1_592' title='bbox 1170 1608 1217 1635; x_wconf 73' lang='grc' dir='ltr'><strong>τὸν</strong></span> <span class='ocrx_word' id='word_1_593' title='bbox 1243 1608 1320 1640; x_wconf 76' lang='grc' dir='ltr'>Θεὸν,</span> <span class='ocrx_word' id='word_1_594' title='bbox 1337 1608 1374 1640; x_wconf 75' lang='grc' dir='ltr'><strong>ὡς</strong></span> <span class='ocrx_word' id='word_1_595' title='bbox 1397 1608 1427 1634; x_wconf 78' lang='grc' dir='ltr'>τὸ</span> <span class='ocrx_word' id='word_1_596' title='bbox 1441 1607 1479 1643; x_wconf 83' lang='grc' dir='ltr'>μὴ</span> <span class='ocrx_word' id='word_1_597' title='bbox 1505 1606 1634 1634; x_wconf 65' lang='grc' dir='ltr'>δύνασθαι</span> <span class='ocrx_word' id='word_1_598' title='bbox 1648 1607 1697 1642; x_wconf 85' lang='grc' dir='ltr'>τῆς</span> <span class='ocrx_word' id='word_1_599' title='bbox 1715 1607 1898 1642; x_wconf 77' lang='grc' dir='ltr'>ἀγαθὸτητος</span> 
     </span>
    </p>
   </div>
   <div class='ocr_carea' id='block_1_85' title="bbox 1098 1653 1898 1690">
    <p class='ocr_par' dir='ltr' id='par_1_85' title="bbox 1098 1653 1898 1690">
     <span class='ocr_line' id='line_1_85' title="bbox 1098 1653 1898 1690; baseline -0.003 -9"><span class='ocrx_word' id='word_1_600' title='bbox 1098 1655 1227 1682; x_wconf 77' lang='grc' dir='ltr'>ἐκπεσεῖν</span> <span class='ocrx_word' id='word_1_601' title='bbox 1254 1654 1323 1690; x_wconf 80' lang='grc' dir='ltr'>μηδὲ</span> <span class='ocrx_word' id='word_1_602' title='bbox 1344 1653 1449 1689; x_wconf 79' lang='grc' dir='ltr'>τροπὴν</span> <span class='ocrx_word' id='word_1_603' title='bbox 1474 1653 1641 1688; x_wconf 81' lang='grc' dir='ltr'>ὑποστῆναι,</span> <span class='ocrx_word' id='word_1_604' title='bbox 1659 1653 1707 1680; x_wconf 78' lang='grc' dir='ltr'>καὶ</span> <span class='ocrx_word' id='word_1_605' title='bbox 1721 1653 1772 1679; x_wconf 87' lang='grc' dir='ltr'>ὃσα</span> <span class='ocrx_word' id='word_1_606' title='bbox 1793 1661 1898 1689; x_wconf 75' lang='grc' dir='ltr'>παρα-</span> 
     </span>
    </p>
   </div>
   <div class='ocr_carea' id='block_1_86' title="bbox 1097 1699 1901 1737">
    <p class='ocr_par' dir='ltr' id='par_1_86' title="bbox 1097 1699 1901 1737">
     <span class='ocr_line' id='line_1_86' title="bbox 1097 1699 1901 1737; baseline -0.002 -9"><span class='ocrx_word' id='word_1_607' title='bbox 1097 1701 1210 1737; x_wconf 87' lang='grc' dir='ltr'>πλήσια.</span> <span class='ocrx_word' id='word_1_608' title='bbox 1227 1700 1290 1737; x_wconf 70' lang='grc'><strong>[502</strong></span> <span class='ocrx_word' id='word_1_609' title='bbox 1304 1700 1352 1737; x_wconf 64' lang='grc' dir='ltr'>ιι]</span> <span class='ocrx_word' id='word_1_610' title='bbox 1370 1699 1441 1727; x_wconf 78' lang='grc' dir='ltr'><strong>Ἀλλ’</strong></span> <span class='ocrx_word' id='word_1_611' title='bbox 1455 1700 1554 1735; x_wconf 85' lang='grc' dir='ltr'>ἀπορεῖ</span> <span class='ocrx_word' id='word_1_612' title='bbox 1568 1699 1618 1734; x_wconf 78' lang='grc' dir='ltr'>μὲν</span> <span class='ocrx_word' id='word_1_613' title='bbox 1628 1699 1726 1733; x_wconf 79' lang='grc' dir='ltr'>οὕτως,</span> <span class='ocrx_word' id='word_1_614' title='bbox 1745 1699 1901 1727; x_wconf 76' lang='grc' dir='ltr'>ὲπιλύετατ</span> 
     </span>
    </p>
   </div>
   <div class='ocr_carea' id='block_1_87' title="bbox 1096 1744 1897 1782">
    <p class='ocr_par' dir='ltr' id='par_1_87' title="bbox 1096 1744 1897 1782">
     <span class='ocr_line' id='line_1_87' title="bbox 1096 1744 1897 1782; baseline -0.002 -8"><span class='ocrx_word' id='word_1_615' title='bbox 1096 1747 1135 1780; x_wconf 79' lang='grc' dir='ltr'>δὲ,</span> <span class='ocrx_word' id='word_1_616' title='bbox 1151 1747 1189 1779; x_wconf 84' lang='grc' dir='ltr'><strong>ὡς</strong></span> <span class='ocrx_word' id='word_1_617' title='bbox 1207 1747 1226 1774; x_wconf 80' lang='grc' dir='ltr'><strong>ἆ</strong></span> <span class='ocrx_word' id='word_1_618' title='bbox 1241 1755 1331 1782; x_wconf 72' lang='grc' dir='ltr'>φαμεν</span> <span class='ocrx_word' id='word_1_619' title='bbox 1350 1746 1388 1782; x_wconf 84' lang='grc' dir='ltr'>μὴ</span> <span class='ocrx_word' id='word_1_620' title='bbox 1412 1745 1542 1774; x_wconf 80' lang='grc' dir='ltr'>δύνασθαι</span> <span class='ocrx_word' id='word_1_621' title='bbox 1560 1745 1591 1772; x_wconf 84' lang='grc' dir='ltr'>τὸ</span> <span class='ocrx_word' id='word_1_622' title='bbox 1610 1745 1700 1778; x_wconf 81' lang='grc' dir='ltr'>Θεῖον,</span> <span class='ocrx_word' id='word_1_623' title='bbox 1721 1744 1809 1772; x_wconf 83' lang='grc' dir='ltr'>ταῦτα</span> <span class='ocrx_word' id='word_1_624' title='bbox 1832 1747 1897 1772; x_wconf 81' lang='grc' dir='ltr'>τῶν</span> 
     </span>
    </p>
   </div>
   <div class='ocr_carea' id='block_1_88' title="bbox 1098 1790 1898 1828">
    <p class='ocr_par' dir='ltr' id='par_1_88' title="bbox 1098 1790 1898 1828">
     <span class='ocr_line' id='line_1_88' title="bbox 1098 1790 1898 1828; baseline -0.001 -9"><span class='ocrx_word' id='word_1_625' title='bbox 1098 1793 1168 1828; x_wconf 82' lang='grc' dir='ltr'>μήτε</span> <span class='ocrx_word' id='word_1_626' title='bbox 1188 1792 1274 1819; x_wconf 70' lang='grc' dir='ltr'>ὅντων</span> <span class='ocrx_word' id='word_1_627' title='bbox 1298 1792 1358 1818; x_wconf 75' lang='grc' dir='ltr'>ἐστὶ</span> <span class='ocrx_word' id='word_1_628' title='bbox 1369 1791 1438 1826; x_wconf 77' lang='grc' dir='ltr'>μήτε</span> <span class='ocrx_word' id='word_1_629' title='bbox 1455 1790 1576 1818; x_wconf 86' lang='grc' dir='ltr'>δυνατῶν</span> <span class='ocrx_word' id='word_1_630' title='bbox 1597 1790 1666 1822; x_wconf 83' lang='grc' dir='ltr'>ὅλως</span> <span class='ocrx_word' id='word_1_631' title='bbox 1691 1791 1833 1825; x_wconf 75' lang='grc' dir='ltr'>ὑφέστηκε</span> <span class='ocrx_word' id='word_1_632' title='bbox 1863 1792 1898 1818; x_wconf 79' lang='grc' dir='ltr'><strong>τδ</strong></span> 
     </span>
    </p>
   </div>
   <div class='ocr_carea' id='block_1_89' title="bbox 1096 1835 1898 1874">
    <p class='ocr_par' dir='ltr' id='par_1_89' title="bbox 1096 1835 1898 1874">
     <span class='ocr_line' id='line_1_89' title="bbox 1096 1835 1898 1874; baseline -0.005 -9"><span class='ocrx_word' id='word_1_633' title='bbox 1096 1837 1268 1874; x_wconf 78' lang='grc' dir='ltr'>ἀρνήσασθαι</span> <span class='ocrx_word' id='word_1_634' title='bbox 1288 1837 1335 1864; x_wconf 75' lang='grc' dir='ltr'><strong>τὸν</strong></span> <span class='ocrx_word' id='word_1_635' title='bbox 1360 1836 1428 1863; x_wconf 78' lang='grc' dir='ltr'>Θεὸν</span> <span class='ocrx_word' id='word_1_636' title='bbox 1452 1836 1560 1868; x_wconf 74' lang='grc' dir='ltr'>ἑαυτὸν,</span> <span class='ocrx_word' id='word_1_637' title='bbox 1575 1836 1592 1871; x_wconf 80' lang='grc' dir='ltr'>ἢ</span> <span class='ocrx_word' id='word_1_638' title='bbox 1609 1837 1627 1871; x_wconf 84' lang='grc' dir='ltr'>ὴ</span> <span class='ocrx_word' id='word_1_639' title='bbox 1644 1835 1743 1872; x_wconf 79' lang='grc' dir='ltr'>τροπὴ,</span> <span class='ocrx_word' id='word_1_640' title='bbox 1763 1836 1779 1869; x_wconf 83' lang='grc' dir='ltr'>ἦ</span> <span class='ocrx_word' id='word_1_641' title='bbox 1796 1837 1814 1871; x_wconf 82' lang='grc' dir='ltr'>ἡ</span> <span class='ocrx_word' id='word_1_642' title='bbox 1836 1837 1898 1872; x_wconf 75' lang='grc' dir='ltr'><strong>τῆς</strong></span> 
     </span>
    </p>
   </div>
   <div class='ocr_carea' id='block_1_90' title="bbox 1095 1880 1896 1920">
    <p class='ocr_par' dir='ltr' id='par_1_90' title="bbox 1095 1880 1896 1920">
     <span class='ocr_line' id='line_1_90' title="bbox 1095 1880 1896 1920; baseline -0.007 -9"><span class='ocrx_word' id='word_1_643' title='bbox 1095 1884 1264 1920; x_wconf 79' lang='grc' dir='ltr'>ἀγαθότητος</span> <span class='ocrx_word' id='word_1_644' title='bbox 1278 1883 1426 1914; x_wconf 76' lang='grc' dir='ltr'>ἔκπτωσις,</span> <span class='ocrx_word' id='word_1_645' title='bbox 1444 1882 1461 1918; x_wconf 76' lang='grc' dir='ltr'><strong>ἢ</strong></span> <span class='ocrx_word' id='word_1_646' title='bbox 1477 1882 1527 1917; x_wconf 84' lang='grc' dir='ltr'><strong>τὴν</strong></span> <span class='ocrx_word' id='word_1_647' title='bbox 1542 1881 1673 1917; x_wconf 83' lang='grc' dir='ltr'>ἀλήθειαν</span> <span class='ocrx_word' id='word_1_648' title='bbox 1692 1880 1790 1916; x_wconf 74' lang='grc' dir='ltr'>ψεῦδος</span> <span class='ocrx_word' id='word_1_649' title='bbox 1805 1883 1896 1915; x_wconf 80' lang='grc' dir='ltr'>γενέ-</span> 
     </span>
    </p>
   </div>
   <div class='ocr_carea' id='block_1_91' title="bbox 1096 1927 1898 1966">
    <p class='ocr_par' dir='ltr' id='par_1_91' title="bbox 1096 1927 1898 1966">
     <span class='ocr_line' id='line_1_91' title="bbox 1096 1927 1898 1966; baseline -0.001 -9"><span class='ocrx_word' id='word_1_650' title='bbox 1096 1931 1175 1964; x_wconf 85' lang='grc' dir='ltr'>σθαι;</span> <span class='ocrx_word' id='word_1_651' title='bbox 1196 1930 1404 1966; x_wconf 83' lang='grc' dir='ltr'>Παντοδύναμος</span> <span class='ocrx_word' id='word_1_652' title='bbox 1415 1929 1444 1956; x_wconf 81' lang='grc' dir='ltr'>δὲ</span> <span class='ocrx_word' id='word_1_653' title='bbox 1464 1929 1588 1964; x_wconf 80' lang='grc' dir='ltr'>ὑμνεῖται</span> <span class='ocrx_word' id='word_1_654' title='bbox 1603 1928 1651 1955; x_wconf 79' lang='grc' dir='ltr'>καὶ</span> <span class='ocrx_word' id='word_1_655' title='bbox 1669 1927 1779 1962; x_wconf 77' lang='grc' dir='ltr'>λέγεται</span> <span class='ocrx_word' id='word_1_656' title='bbox 1799 1927 1841 1959; x_wconf 77' lang='grc' dir='ltr'>ὡς</span> <span class='ocrx_word' id='word_1_657' title='bbox 1858 1930 1898 1956; x_wconf 77' lang='grc' dir='ltr'>τά</span> 
     </span>
    </p>
   </div>
   <div class='ocr_carea' id='block_1_92' title="bbox 1094 1973 1898 2012">
    <p class='ocr_par' dir='ltr' id='par_1_92' title="bbox 1094 1973 1898 2012">
     <span class='ocr_line' id='line_1_92' title="bbox 1094 1973 1898 2012; baseline -0.001 -8"><span class='ocrx_word' id='word_1_658' title='bbox 1094 1985 1125 2004; x_wconf 82' lang='grc' dir='ltr'><strong>τε</strong></span> <span class='ocrx_word' id='word_1_659' title='bbox 1140 1976 1281 2012; x_wconf 74' lang='grc' dir='ltr'>πρέποντα</span> <span class='ocrx_word' id='word_1_660' title='bbox 1298 1975 1373 2011; x_wconf 80' lang='grc' dir='ltr'><strong>αὐτῷ</strong></span> <span class='ocrx_word' id='word_1_661' title='bbox 1387 1976 1434 2003; x_wconf 81' lang='grc' dir='ltr'>καὶ</span> <span class='ocrx_word' id='word_1_662' title='bbox 1455 1975 1578 2011; x_wconf 81' lang='grc' dir='ltr'>σωτήρια</span> <span class='ocrx_word' id='word_1_663' title='bbox 1600 1973 1655 2002; x_wconf 85' lang='grc' dir='ltr'><strong>τῶν</strong></span> <span class='ocrx_word' id='word_1_664' title='bbox 1674 1974 1898 2010; x_wconf 83' lang='grc' dir='ltr'>δημιουργημά-</span> 
     </span>
    </p>
   </div>
   <div class='ocr_carea' id='block_1_93' title="bbox 1094 2019 1897 2058">
    <p class='ocr_par' dir='ltr' id='par_1_93' title="bbox 1094 2019 1897 2058">
     <span class='ocr_line' id='line_1_93' title="bbox 1094 2019 1897 2058; baseline -0.001 -9"><span class='ocrx_word' id='word_1_665' title='bbox 1094 2031 1148 2050; x_wconf 83' lang='grc' dir='ltr'>των</span> <span class='ocrx_word' id='word_1_666' title='bbox 1166 2023 1255 2050; x_wconf 82' lang='grc' dir='ltr'>πάντα</span> <span class='ocrx_word' id='word_1_667' title='bbox 1269 2023 1428 2058; x_wconf 82' lang='grc' dir='ltr'>δυνάμενος,</span> <span class='ocrx_word' id='word_1_668' title='bbox 1437 2021 1482 2048; x_wconf 80' lang='grc' dir='ltr'>ὅτε</span> <span class='ocrx_word' id='word_1_669' title='bbox 1500 2020 1635 2056; x_wconf 76' lang='grc' dir='ltr'>βούλεται.</span> <span class='ocrx_word' id='word_1_670' title='bbox 1646 2019 1784 2046; x_wconf 78' lang='grc' dir='ltr'>Ἀλλωστε</span> <span class='ocrx_word' id='word_1_671' title='bbox 1797 2020 1826 2047; x_wconf 83' lang='grc' dir='ltr'>δὲ</span> <span class='ocrx_word' id='word_1_672' title='bbox 1842 2023 1897 2048; x_wconf 79' lang='grc' dir='ltr'>καὶ</span> 
     </span>
    </p>
   </div>
   <div class='ocr_carea' id='block_1_94' title="bbox 1093 2065 1896 2104">
    <p class='ocr_par' dir='ltr' id='par_1_94' title="bbox 1093 2065 1896 2104">
     <span class='ocr_line' id='line_1_94' title="bbox 1093 2065 1896 2104; baseline -0.005 -8"><span class='ocrx_word' id='word_1_673' title='bbox 1093 2068 1125 2096; x_wconf 77' lang='grc' dir='ltr'>τὸ</span> <span class='ocrx_word' id='word_1_674' title='bbox 1151 2068 1242 2103; x_wconf 80' lang='grc' dir='ltr'>λέγειν</span> <span class='ocrx_word' id='word_1_675' title='bbox 1261 2068 1300 2104; x_wconf 82' lang='grc' dir='ltr'>μὴ</span> <span class='ocrx_word' id='word_1_676' title='bbox 1319 2067 1449 2095; x_wconf 83' lang='grc' dir='ltr'>δύνασθαι</span> <span class='ocrx_word' id='word_1_677' title='bbox 1472 2067 1490 2095; x_wconf 74' lang='grc' dir='ltr'>ἃ</span> <span class='ocrx_word' id='word_1_678' title='bbox 1507 2067 1545 2103; x_wconf 85' lang='grc' dir='ltr'>μὴ</span> <span class='ocrx_word' id='word_1_679' title='bbox 1571 2067 1677 2102; x_wconf 81' lang='grc' dir='ltr'>πρέπον</span> <span class='ocrx_word' id='word_1_680' title='bbox 1699 2065 1784 2101; x_wconf 83' lang='grc' dir='ltr'>αὐτῷ,</span> <span class='ocrx_word' id='word_1_681' title='bbox 1803 2066 1896 2095; x_wconf 76' lang='grc' dir='ltr'>δυνά-</span> 
     </span>
    </p>
   </div>
   <div class='ocr_carea' id='block_1_95' title="bbox 1095 2112 1896 2151">
    <p class='ocr_par' dir='ltr' id='par_1_95' title="bbox 1095 2112 1896 2151">
     <span class='ocr_line' id='line_1_95' title="bbox 1095 2112 1896 2151; baseline -0.004 -9"><span class='ocrx_word' id='word_1_682' title='bbox 1095 2115 1169 2151; x_wconf 85' lang='grc' dir='ltr'>μεώς</span> <span class='ocrx_word' id='word_1_683' title='bbox 1185 2116 1259 2142; x_wconf 76' lang='grc' dir='ltr'>ἑστιν</span> <span class='ocrx_word' id='word_1_684' title='bbox 1275 2114 1313 2146; x_wconf 82' lang='grc' dir='ltr'>ὥς</span> <span class='ocrx_word' id='word_1_685' title='bbox 1326 2113 1446 2150; x_wconf 81' lang='grc' dir='ltr'>ἀληθῶς.</span> <span class='ocrx_word' id='word_1_686' title='bbox 1466 2113 1498 2140; x_wconf 83' lang='grc' dir='ltr'>Ει</span> <span class='ocrx_word' id='word_1_687' title='bbox 1510 2113 1566 2148; x_wconf 80' lang='grc' dir='ltr'>γὰρ</span> <span class='ocrx_word' id='word_1_688' title='bbox 1579 2113 1674 2140; x_wconf 71' lang='grc' dir='ltr'>ἐκεῖνα</span> <span class='ocrx_word' id='word_1_689' title='bbox 1683 2112 1773 2140; x_wconf 77' lang='grc' dir='ltr'>πάντα</span> <span class='ocrx_word' id='word_1_690' title='bbox 1786 2113 1896 2149; x_wconf 83' lang='grc' dir='ltr'>στέρη-</span> 
     </span>
    </p>
   </div>
   <div class='ocr_carea' id='block_1_96' title="bbox 1095 2158 1895 2195">
    <p class='ocr_par' dir='ltr' id='par_1_96' title="bbox 1095 2158 1895 2195">
     <span class='ocr_line' id='line_1_96' title="bbox 1095 2158 1895 2195; baseline -0.005 -6"><span class='ocrx_word' id='word_1_691' title='bbox 1095 2169 1138 2193; x_wconf 86' lang='grc' dir='ltr'>σις</span> <span class='ocrx_word' id='word_1_692' title='bbox 1151 2160 1200 2189; x_wconf 80' lang='grc' dir='ltr'>καὶ</span> <span class='ocrx_word' id='word_1_693' title='bbox 1213 2160 1352 2192; x_wconf 83' lang='grc' dir='ltr'>ἀσθένεια,</span> <span class='ocrx_word' id='word_1_694' title='bbox 1364 2159 1395 2186; x_wconf 85' lang='grc' dir='ltr'><strong>τδ</strong></span> <span class='ocrx_word' id='word_1_695' title='bbox 1408 2158 1512 2186; x_wconf 88' lang='grc' dir='ltr'>τούτων</span> <span class='ocrx_word' id='word_1_696' title='bbox 1529 2159 1657 2186; x_wconf 81' lang='grc' dir='ltr'>ἁπάντων</span> <span class='ocrx_word' id='word_1_697' title='bbox 1666 2158 1773 2193; x_wconf 82' lang='grc' dir='ltr'>ἀπείρῳ</span> <span class='ocrx_word' id='word_1_698' title='bbox 1791 2159 1895 2195; x_wconf 79' lang='grc' dir='ltr'>μέτρῳ</span> 
     </span>
    </p>
   </div>
   <div class='ocr_carea' id='block_1_97' title="bbox 1094 2204 1894 2242">
    <p class='ocr_par' dir='ltr' id='par_1_97' title="bbox 1094 2204 1894 2242">
     <span class='ocr_line' id='line_1_97' title="bbox 1094 2204 1894 2242; baseline -0.003 -8"><span class='ocrx_word' id='word_1_699' title='bbox 1094 2205 1291 2242; x_wconf 85' lang='grc' dir='ltr'>ὑπεριδρῦσθαι</span> <span class='ocrx_word' id='word_1_700' title='bbox 1308 2205 1366 2236; x_wconf 84' lang='grc' dir='ltr'>πῶς</span> <span class='ocrx_word' id='word_1_701' title='bbox 1378 2205 1410 2232; x_wconf 85' lang='grc' dir='ltr'><strong>οὑ</strong></span> <span class='ocrx_word' id='word_1_702' title='bbox 1423 2205 1474 2237; x_wconf 83' lang='grc' dir='ltr'><strong>τῆς</strong></span> <span class='ocrx_word' id='word_1_703' title='bbox 1491 2204 1648 2240; x_wconf 78' lang='grc' dir='ltr'>ἀκροτάτης</span> <span class='ocrx_word' id='word_1_704' title='bbox 1666 2204 1714 2232; x_wconf 77' lang='grc' dir='ltr'>καὶ</span> <span class='ocrx_word' id='word_1_705' title='bbox 1731 2204 1894 2232; x_wconf 79' lang='grc' dir='ltr'>πανσθενε-</span> 
     </span>
    </p>
   </div>
   <div class='ocr_carea' id='block_1_98' title="bbox 1095 2252 1368 2287">
    <p class='ocr_par' dir='ltr' id='par_1_98' title="bbox 1095 2252 1368 2287">
     <span class='ocr_line' id='line_1_98' title="bbox 1095 2252 1368 2287; baseline 0.007 -7"><span class='ocrx_word' id='word_1_706' title='bbox 1095 2252 1196 2286; x_wconf 81' lang='grc' dir='ltr'>στάτης</span> <span class='ocrx_word' id='word_1_707' title='bbox 1208 2252 1350 2287; x_wconf 79' lang='grc' dir='ltr'>δυνάμεως</span> <span class='ocrx_word' id='word_1_708' title='bbox 1360 2259 1368 2284; x_wconf 87' lang='grc'><strong>;</strong></span> 
     </span>
    </p>
   </div>
   <div class='ocr_carea' id='block_1_99' title="bbox 1129 2383 1893 2424">
    <p class='ocr_par' dir='ltr' id='par_1_99' title="bbox 1129 2383 1893 2424">
     <span class='ocr_line' id='line_1_99' title="bbox 1129 2383 1893 2424; baseline -0.005 -8"><span class='ocrx_word' id='word_1_709' title='bbox 1129 2389 1208 2424; x_wconf 82' lang='grc' dir='ltr'>Τάχα</span> <span class='ocrx_word' id='word_1_710' title='bbox 1228 2388 1250 2415; x_wconf 80' lang='grc' dir='ltr'>δ’</span> <span class='ocrx_word' id='word_1_711' title='bbox 1265 2387 1298 2415; x_wconf 82' lang='grc' dir='ltr'><strong>ἀν</strong></span> <span class='ocrx_word' id='word_1_712' title='bbox 1311 2395 1353 2419; x_wconf 82' lang='grc' dir='ltr'>τις</span> <span class='ocrx_word' id='word_1_713' title='bbox 1372 2386 1424 2413; x_wconf 84' lang='grc' dir='ltr'>οὐκ</span> <span class='ocrx_word' id='word_1_714' title='bbox 1446 2386 1499 2420; x_wconf 76' lang='grc' dir='ltr'>ἔξω</span> <span class='ocrx_word' id='word_1_715' title='bbox 1521 2384 1571 2422; x_wconf 79' lang='grc' dir='ltr'>τῆς</span> <span class='ocrx_word' id='word_1_716' title='bbox 1586 2383 1732 2422; x_wconf 78' lang='grc' dir='ltr'>ὀρθότητος</span> <span class='ocrx_word' id='word_1_717' title='bbox 1748 2387 1893 2421; x_wconf 74' lang='grc' dir='ltr'>προσθείη</span> 
     </span>
    </p>
   </div>
   <div class='ocr_carea' id='block_1_100' title="bbox 1093 2430 1892 2470">
    <p class='ocr_par' dir='ltr' id='par_1_100' title="bbox 1093 2430 1892 2470">
     <span class='ocr_line' id='line_1_100' title="bbox 1093 2430 1892 2470; baseline -0.006 -7"><span class='ocrx_word' id='word_1_718' title='bbox 1093 2436 1149 2467; x_wconf 78' lang='grc' dir='ltr'>τοῖς</span> <span class='ocrx_word' id='word_1_719' title='bbox 1175 2433 1344 2470; x_wconf 75' lang='grc' dir='ltr'>εἰρημένοις,</span> <span class='ocrx_word' id='word_1_720' title='bbox 1362 2432 1401 2464; x_wconf 87' lang='grc' dir='ltr'><strong>ὡς</strong></span> <span class='ocrx_word' id='word_1_721' title='bbox 1421 2432 1452 2459; x_wconf 84' lang='grc' dir='ltr'><strong>τδ</strong></span> <span class='ocrx_word' id='word_1_722' title='bbox 1469 2432 1548 2466; x_wconf 85' lang='grc' dir='ltr'>λόγος</span> <span class='ocrx_word' id='word_1_723' title='bbox 1561 2430 1637 2464; x_wconf 71' lang='grc' dir='ltr'>οὗτος</span> <span class='ocrx_word' id='word_1_724' title='bbox 1656 2432 1716 2466; x_wconf 80' lang='grc' dir='ltr'>οὐχὶ</span> <span class='ocrx_word' id='word_1_725' title='bbox 1741 2432 1815 2459; x_wconf 82' lang='grc' dir='ltr'><strong>κατά</strong></span> <span class='ocrx_word' id='word_1_726' title='bbox 1837 2432 1892 2458; x_wconf 68' lang='grc' dir='ltr'><strong>τοῦ</strong></span> 
     </span>
    </p>
   </div>
   <div class='ocr_carea' id='block_1_101' title="bbox 1094 2478 1890 2516">
    <p class='ocr_par' dir='ltr' id='par_1_101' title="bbox 1094 2478 1890 2516">
     <span class='ocr_line' id='line_1_101' title="bbox 1094 2478 1890 2516; baseline -0.006 -8"><span class='ocrx_word' id='word_1_727' title='bbox 1094 2480 1168 2508; x_wconf 85' lang='grc' dir='ltr'>θείου</span> <span class='ocrx_word' id='word_1_728' title='bbox 1186 2480 1266 2516; x_wconf 79' lang='grc' dir='ltr'>μόνον</span> <span class='ocrx_word' id='word_1_729' title='bbox 1281 2479 1312 2506; x_wconf 80' lang='grc' dir='ltr'><strong>τὸ</strong></span> <span class='ocrx_word' id='word_1_730' title='bbox 1327 2478 1533 2512; x_wconf 82' lang='grc' dir='ltr'>παντοδὺναμον</span> <span class='ocrx_word' id='word_1_731' title='bbox 1549 2478 1727 2513; x_wconf 84' lang='grc' dir='ltr'>περιτρέπειν</span> <span class='ocrx_word' id='word_1_732' title='bbox 1739 2478 1890 2514; x_wconf 73' lang='grc' dir='ltr'>πειρᾶται,</span> 
     </span>
    </p>
   </div>
   <div class='ocr_carea' id='block_1_102' title="bbox 889 2603 1239 2633">
    <p class='ocr_par' dir='ltr' id='par_1_102' title="bbox 889 2603 1239 2633">
     <span class='ocr_line' id='line_1_102' title="bbox 889 2603 1239 2633; baseline -0.003 -2"><span class='ocrx_word' id='word_1_733' title='bbox 889 2603 1007 2632; x_wconf 64' lang='grc' dir='ltr'>νΑιιιιΕ</span> <span class='ocrx_word' id='word_1_734' title='bbox 1034 2603 1239 2633; x_wconf 77' lang='lat' dir='ltr'><strong>LECTIONES.</strong></span> 
     </span>
    </p>
   </div>
   <div class='ocr_carea' id='block_1_103' title="bbox 285 2661 1043 2700">
    <p class='ocr_par' dir='ltr' id='par_1_103' title="bbox 285 2661 1042 2700">
     <span class='ocr_line' id='line_1_103' title="bbox 285 2661 1042 2700; baseline 0.003 -10"><span class='ocrx_word' id='word_1_735' title='bbox 285 2662 308 2679; x_wconf 79' lang='lat'>&quot;</span> <span class='ocrx_word' id='word_1_736' title='bbox 320 2671 366 2700; x_wconf 60' lang='grc' dir='ltr'>τις</span> <span class='ocrx_word' id='word_1_737' title='bbox 385 2663 492 2700; x_wconf 81' lang='lat' dir='ltr'><strong>abesset</strong></span> <span class='ocrx_word' id='word_1_738' title='bbox 517 2661 635 2700; x_wconf 79' lang='lat' dir='ltr'><strong>melius:</strong></span> <span class='ocrx_word' id='word_1_739' title='bbox 654 2670 726 2700; x_wconf 12' lang='lat' dir='ltr'><strong>nam;</strong></span> <span class='ocrx_word' id='word_1_740' title='bbox 741 2662 905 2700; x_wconf 74' lang='grc' dir='ltr'>συμϐάλλειν</span> <span class='ocrx_word' id='word_1_741' title='bbox 923 2674 939 2692; x_wconf 92' lang='grc' dir='ltr'><strong>τ</strong></span> <span class='ocrx_word' id='word_1_742' title='bbox 967 2669 1010 2692; x_wconf 86' lang='lat' dir='ltr'><strong>est</strong></span> <span class='ocrx_word' id='word_1_743' title='bbox 1026 2673 1042 2691; x_wconf 92' lang='grc' dir='ltr'><strong>σ</strong></span> 
     </span>
    </p>
   </div>
   <div class='ocr_carea' id='block_1_104' title="bbox 1132 2661 1886 2700">
    <p class='ocr_par' dir='ltr' id='par_1_104' title="bbox 1132 2661 1886 2700">
     <span class='ocr_line' id='line_1_104' title="bbox 1132 2661 1886 2700; baseline 0.001 -9"><span class='ocrx_word' id='word_1_744' title='bbox 1132 2673 1148 2691; x_wconf 90' lang='grc' dir='ltr'><strong>α</strong></span> <span class='ocrx_word' id='word_1_745' title='bbox 1165 2663 1260 2699; x_wconf 84' lang='grc' dir='ltr'>φέρειν</span> <span class='ocrx_word' id='word_1_746' title='bbox 1276 2661 1348 2700; x_wconf 75' lang='grc' dir='ltr'>τινός</span> <span class='ocrx_word' id='word_1_747' title='bbox 1367 2662 1670 2700; x_wconf 43' lang='grc' dir='ltr'>εἱνρ--αίνίττεσοαί-τι.</span> <span class='ocrx_word' id='word_1_748' title='bbox 1685 2663 1722 2692; x_wconf 75' lang='lat' dir='ltr'><strong>cf.</strong></span> <span class='ocrx_word' id='word_1_749' title='bbox 1739 2672 1767 2700; x_wconf 86' lang='lat' dir='ltr'><strong>p.</strong></span> <span class='ocrx_word' id='word_1_750' title='bbox 1787 2664 1834 2692; x_wconf 77' lang='grc'><strong>181</strong></span> <span class='ocrx_word' id='word_1_751' title='bbox 1857 2666 1886 2692; x_wconf 71' lang='grc' dir='ltr'><strong>ἁ.</strong></span> 
     </span>
    </p>
   </div>
   <div class='ocr_carea' id='block_1_105' title="bbox 250 2697 378 2726">
    <p class='ocr_par' dir='ltr' id='par_1_105' title="bbox 250 2697 378 2726">
     <span class='ocr_line' id='line_1_105' title="bbox 250 2697 378 2726; baseline 0.008 -1"><span class='ocrx_word' id='word_1_752' title='bbox 250 2697 287 2725; x_wconf 70' lang='grc'><strong>40</strong></span> <span class='ocrx_word' id='word_1_753' title='bbox 294 2703 321 2726; x_wconf 85' lang='lat' dir='ltr'><strong>et</strong></span> <span class='ocrx_word' id='word_1_754' title='bbox 332 2698 378 2726; x_wconf 75' lang='grc'><strong>25.</strong></span> 
     </span>
    </p>
   </div>
   <div class='ocr_carea' id='block_1_106' title="bbox 417 2697 1642 2734">
    <p class='ocr_par' dir='ltr' id='par_1_106' title="bbox 417 2697 1642 2734">
     <span class='ocr_line' id='line_1_106' title="bbox 417 2697 1642 2734; baseline 0.002 -11"><span class='ocrx_word' id='word_1_755' title='bbox 417 2699 439 2714; x_wconf 67' lang='grc' dir='ltr'>δ’</span> <span class='ocrx_word' id='word_1_756' title='bbox 455 2697 621 2732; x_wconf 62' lang='grc' dir='ltr'>προαγόντκ</span> <span class='ocrx_word' id='word_1_757' title='bbox 639 2706 669 2731; x_wconf 86' lang='grc' dir='ltr'><strong>ς.</strong></span> <span class='ocrx_word' id='word_1_758' title='bbox 705 2697 729 2715; x_wconf 75' lang='grc'>⁸³</span> <span class='ocrx_word' id='word_1_759' title='bbox 737 2697 888 2734; x_wconf 77' lang='grc' dir='ltr'>ἀνυμνοῦσι</span> <span class='ocrx_word' id='word_1_760' title='bbox 905 2709 936 2732; x_wconf 77' lang='grc' dir='ltr'><strong>ς’.</strong></span> <span class='ocrx_word' id='word_1_761' title='bbox 974 2699 997 2716; x_wconf 77' lang='grc'>⁸⁸</span> <span class='ocrx_word' id='word_1_762' title='bbox 1010 2697 1082 2727; x_wconf 70' lang='grc' dir='ltr'>ὅτιλ</span> <span class='ocrx_word' id='word_1_763' title='bbox 1095 2709 1102 2727; x_wconf 89' lang='lat'>:</span> <span class='ocrx_word' id='word_1_764' title='bbox 1116 2697 1185 2727; x_wconf 83' lang='grc' dir='ltr'>διότί</span> <span class='ocrx_word' id='word_1_765' title='bbox 1200 2697 1231 2731; x_wconf 67' lang='grc' dir='ltr'><strong>ς.</strong></span> <span class='ocrx_word' id='word_1_766' title='bbox 1269 2699 1291 2716; x_wconf 76' lang='grc'><strong>⁸³</strong></span> <span class='ocrx_word' id='word_1_767' title='bbox 1307 2697 1417 2734; x_wconf 81' lang='grc' dir='ltr'>ἀρνήσ.]</span> <span class='ocrx_word' id='word_1_768' title='bbox 1431 2697 1451 2724; x_wconf 96' lang='lat' dir='ltr'><strong>ll</strong></span> <span class='ocrx_word' id='word_1_769' title='bbox 1467 2698 1536 2725; x_wconf 90' lang='lat' dir='ltr'><strong>Tim.</strong></span> <span class='ocrx_word' id='word_1_770' title='bbox 1555 2706 1586 2732; x_wconf 92' lang='grc' dir='ltr'><strong>ιι,</strong></span> <span class='ocrx_word' id='word_1_771' title='bbox 1600 2698 1642 2726; x_wconf 81' lang='grc'><strong>15.</strong></span> 
     </span>
    </p>
   </div>
   <div class='ocr_carea' id='block_1_107' title="bbox 984 2783 1100 2811">
    <p class='ocr_par' dir='ltr' id='par_1_107' title="bbox 984 2783 1100 2811">
     <span class='ocr_line' id='line_1_107' title="bbox 984 2783 1100 2811; baseline -0.009 0"><span class='ocrx_word' id='word_1_772' title='bbox 984 2783 1100 2811; x_wconf 62' lang='lat' dir='ltr'><strong>NOTAE.</strong></span> 
     </span>
    </p>
   </div>
   <div class='ocr_carea' id='block_1_108' title="bbox 287 2846 1501 2889">
    <p class='ocr_par' dir='ltr' id='par_1_108' title="bbox 287 2846 1501 2889">
     <span class='ocr_line' id='line_1_108' title="bbox 287 2846 1501 2889; baseline 0.004 -15"><span class='ocrx_word' id='word_1_773' title='bbox 287 2846 344 2882; x_wconf 73' lang='grc'><strong>(42)</strong></span> <span class='ocrx_word' id='word_1_774' title='bbox 359 2846 379 2874; x_wconf 89' lang='lat' dir='ltr'><strong>ll</strong></span> <span class='ocrx_word' id='word_1_775' title='bbox 395 2846 466 2875; x_wconf 84' lang='lat' dir='ltr'><strong>Tim.</strong></span> <span class='ocrx_word' id='word_1_776' title='bbox 482 2856 510 2881; x_wconf 89' lang='lat' dir='ltr'><strong>tt,</strong></span> <span class='ocrx_word' id='word_1_777' title='bbox 530 2849 571 2876; x_wconf 79' lang='lat' dir='ltr'><strong>l5.</strong></span> <span class='ocrx_word' id='word_1_778' title='bbox 594 2849 663 2886; x_wconf 75' lang='lat' dir='ltr'><strong>chc</strong></span> <span class='ocrx_word' id='word_1_779' title='bbox 685 2858 743 2885; x_wconf 70' lang='lat' dir='ltr'><strong>qua!</strong></span> <span class='ocrx_word' id='word_1_780' title='bbox 759 2853 792 2879; x_wconf 82' lang='lat' dir='ltr'><strong>dc</strong></span> <span class='ocrx_word' id='word_1_781' title='bbox 807 2852 856 2879; x_wconf 77' lang='lat' dir='ltr'><strong>hac</strong></span> <span class='ocrx_word' id='word_1_782' title='bbox 873 2855 1022 2887; x_wconf 46' lang='lat' dir='ltr'><strong>quaestione</strong></span> <span class='ocrx_word' id='word_1_783' title='bbox 1038 2855 1155 2889; x_wconf 73' lang='lat' dir='ltr'><strong>disputat</strong></span> <span class='ocrx_word' id='word_1_784' title='bbox 1173 2852 1204 2880; x_wconf 88' lang='lat' dir='ltr'><strong>D.</strong></span> <span class='ocrx_word' id='word_1_785' title='bbox 1222 2853 1346 2881; x_wconf 82' lang='lat' dir='ltr'><strong>Ambros.</strong></span> <span class='ocrx_word' id='word_1_786' title='bbox 1363 2853 1441 2887; x_wconf 68' lang='lat' dir='ltr'><strong>epist.</strong></span> <span class='ocrx_word' id='word_1_787' title='bbox 1461 2853 1501 2879; x_wconf 77' lang='lat'><strong>57.</strong></span> 
     </span>
    </p>
   </div>
  </div>
