1916 3092
228 146 279 179 74⁵1

818 151 949 181 ΡΗΟΤΙΙ
970 150 1232 181 ΡΑΤΙὶΙΑΙὶΟΙΙβΕν
1246 149 1302 180 CP.

1802 150 1859 182 748

230 205 352 235 actiones
373 211 401 234 et
419 214 511 242 opera.
535 214 594 234 eam
614 207 784 235 instituendas
802 209 864 236 vitae
885 210 1018 236 rationem

1076 209 1118 235 ὕπ’
1133 207 1215 235 αὐτοῦ
1234 208 1442 244 κηρυττομένην
1465 204 1617 239 πολιτείαν,
1643 208 1676 235 δι’
1694 205 1728 244 ἦς
1747 208 1816 244 ἡμῖν
1843 210 1861 244 ὴ

232 257 448 287 praemonstrare,
465 260 544 287 quam
570 253 615 280 ille
630 254 798 287 praedicaret,
814 263 846 282 ac
863 263 912 290 per
936 263 1017 289 quam

229 299 306 326 nobis
325 299 398 326 salus
422 299 566 334 qumrcnda
583 304 655 326 esset
670 307 677 331 ;
700 299 740 327 vel
757 307 805 328 nos
820 300 854 327 ad
874 301 1018 328 educatum

229 344 368 372 nobiscum
384 352 436 371 una
446 344 595 379 disciplina:
607 345 748 379 exemplar
757 353 921 381 componere
937 350 1019 380 atque

228 389 373 416 moderari.
405 389 494 423 Atque
518 390 570 416 hoc
594 387 660 417 illud
689 391 775 425 ipsum
793 398 854 418 esse
875 391 923 424 ait,
947 390 1018 425 quod

228 435 330 461 relictis
347 435 445 462 ovibus
464 435 608 469 nonaginta
637 443 733 463 novem
749 438 782 469 “,
799 437 832 463 ad
847 445 925 464 unam
945 437 1018 465 illam

226 484 362 507 errantem
378 482 536 513 accesserit,
549 489 629 516 quam
641 487 668 510 et
683 483 708 510 in
725 483 852 511 humeros
870 484 1019 512 sustulerit.

227 525 320 560 Neque
346 526 417 553 enim
442 529 579 554 communi
603 528 646 555 illa
664 533 691 555 et
713 529 811 556 usitata
828 530 944 562 ratione,
966 538 1019 565 qua

228 572 385 599 universum
400 573 512 607 creavit,
527 575 612 602 verbo
627 581 734 610 quoque
752 581 879 603 naturam
897 581 1018 604 nostram

230 619 387 648 reformavit
406 630 413 648 :
439 622 486 649 sed
506 623 578 656 quod
595 630 644 657 pro
667 630 696 649 re
708 622 780 650 nulla
796 623 847 650 alia
867 624 998 651 sustinuit
1011 643 1019 655 ,

228 674 282 694 non
308 674 357 701 pro
383 668 511 702 angelis,
533 676 585 696 non
611 676 660 703 pro
687 668 738 696 ulla
756 669 808 696 alia
834 674 941 702 natura,
970 669 1022 698 hoc

229 712 263 739 ad
283 713 422 740 hominum
443 713 568 741 toleravit
590 714 717 746 salutem.
733 721 829 742 servus
843 723 891 750 pro
910 715 1022 743 domino

230 759 428 787 hctus.Merilu
438 760 609 796 lgitur,quod
619 762 699 788 modo
707 761 868 795 referebam,
879 761 1022 797 reliquisse

228 813 289 833 eum
310 813 374 833 oves
398 807 544 842 nonaginta
565 808 618 835 dici
633 816 641 841 ;
658 808 786 843 parabola
812 808 939 836 nimirum
957 808 1023 836 aeui-

229 852 343 886 gmatice
358 852 502 885 indicante.
512 862 563 880 non
578 858 680 880 tantum
699 854 732 881 ad
750 854 916 888 inopinatum
934 854 1021 889 magis

228 904 296 931 opus
305 898 442 933 magisque
451 899 608 927 admirabile
614 908 695 936 quam
704 901 739 928 sit
748 901 925 934 creatio,eum
934 908 1022 928 reces-

229 943 297 970 sisse
303 948 385 978 atque
394 945 610 978 transivisse,sed
619 945 702 980 ipsam
709 946 791 973 etiam
799 946 1020 974 consuetudinem

230 989 383 1022 innovasse,
393 997 454 1017 cum
469 998 522 1018 non
538 999 572 1019 eo
589 991 678 1026 modo,
693 999 746 1026 qtto
759 992 835 1020 initio
851 992 902 1020 hoc
915 992 1024 1020 univer-

229 1043 290 1064 sum
300 1037 432 1071 condidit,
444 1038 491 1066 sed
499 1045 568 1066 novo
586 1041 714 1074 quodam,
724 1039 824 1075 quique
836 1039 906 1066 nulla
920 1039 1022 1068 oratio-

231 1090 265 1110 ne
276 1083 392 1118 exprimi
407 1085 502 1118 possil,
513 1086 838 1113 renovationemnostram
853 1085 1009 1121 perfecerit.

264 1128 310 1156 l5.
326 1129 410 1156 Addit
425 1131 545 1164 insuper,
564 1131 637 1166 justa
654 1138 716 1158 cum
732 1132 836 1159 ratione
849 1139 882 1159 ac
898 1139 1024 1159 necessa-

230 1175 272 1203 rio
291 1175 407 1204 Verbum
435 1177 513 1205 nobis
527 1185 575 1212 per
592 1185 700 1205 carnem
722 1178 837 1206 salutem
851 1186 912 1206 esse
925 1186 1023 1213 opera-

231 1228 298 1250 tum.
320 1222 434 1256 Quando
449 1224 521 1250 enim
540 1223 596 1258 jam
619 1230 698 1252 antea
718 1225 791 1252 omni
808 1225 860 1252 alia
876 1226 919 1253 via
935 1232 967 1253 ac
980 1232 1025 1252 ra-

230 1268 302 1295 tione
313 1268 412 1296 frustra
423 1268 543 1296 adhibita
570 1269 682 1304 (etenim
699 1275 726 1298 et
738 1272 887 1306 prophetae,
898 1272 1025 1307 etpopuli

229 1314 322 1348 σιυιεε,
336 1319 363 1341 et
380 1315 495 1342 miriﬁca
510 1315 644 1351 prodigia,
665 1321 693 1344 et
712 1312 856 1350 beneficia,
875 1317 1023 1353 urinaeque,

231 1367 263 1388 ac
277 1367 374 1394 poenae,
387 1361 429 1388 vel
442 1368 474 1388 ex
488 1366 564 1397 parte
575 1361 617 1389 vel
633 1362 714 1389 etiam
729 1363 756 1390 in
773 1363 929 1391 universum
943 1363 1026 1399 [prae-

230 1405 399 1443 cesserant])
417 1408 563 1434 humanum
580 1412 670 1436 tamen
690 1416 776 1443 genus
786 1409 811 1436 in
826 1409 925 1436 melius
939 1414 1028 1436 mnta-

231 1451 332 1479 tionem
367 1453 466 1480 nullam
501 1453 633 1486 admisit,
675 1454 839 1489 morbusque
869 1454 1028 1483 insanabilis

231 1499 320 1534 potius
336 1497 425 1526 factus
441 1504 482 1526 est
499 1509 505 1527 :
521 1507 554 1527 ex
568 1500 730 1528 necessitate
742 1501 846 1528 scilicet
861 1506 930 1533 tum,
947 1507 1029 1537 atque

1072 253 1207 287 σωτηρία,
1237 252 1511 288 ὗποδειχθῆναι,καὶ
1538 253 1607 289 πρὸς
1639 253 1757 288 μάθησιν
1786 254 1862 289 ἡμᾶς

1073 299 1245 334 καταστῆναι
1261 299 1421 334 σύντροφον.
1436 299 1492 326 Καί
1512 299 1544 333 γέ
1562 307 1628 334 φησι
1643 298 1723 325 τοῦτο
1746 297 1818 326 εῖναι
1831 300 1863 326 τὸ

1071 344 1275 379 καταλείψαντα
1293 344 1316 360 ⁵³
1333 345 1367 371 τὰ
1391 343 1434 378 se’
1450 344 1576 380 πρὸὃατα
1595 343 1637 379 ἐφ’
1661 344 1690 370 ἓν
1713 344 1802 371 ἐλθεῖν
1831 346 1863 370 τὶ

1071 389 1262 425 πλανώμενον,
1277 389 1292 415 ὃ
1304 389 1352 416 καὶ
1364 389 1411 416 ἐπὶ
1424 389 1479 415 τῶν
1495 389 1578 424 ὤμων
1591 387 1654 424 ἦρε.
1671 388 1728 416 Καὶ
1751 390 1807 425 γὰρ
1830 391 1863 415 οὐ

1071 436 1143 462 κατὰ
1159 435 1209 472 τὴν
1227 437 1321 471 κοινὴν
1346 435 1394 462 καὶ
1410 434 1512 471 συνήθη
1527 435 1581 462 τῶν
1596 434 1666 462 ὅλων
1680 435 1864 470 δημιουργίαν

1071 482 1144 518 λόγῳ
1167 482 1215 509 καὶ
1239 482 1289 516 τὴν
1313 482 1451 516 ἡμετέραν
1486 480 1568 515 φύσιν
1598 481 1769 508 ἀνέπλασεν·
1802 481 1863 508 ἀλλ’

1071 529 1141 564 ὅπερ
1153 529 1177 545 ⁸⁸
1191 527 1234 555 ἐπ’
1252 528 1359 559 οὐδενὸς
1373 527 1428 554 ¹ιῶν
1444 526 1530 554 ἄλλων
1541 527 1680 563 ἠνέσχετο,
1693 528 1743 554 οὐκ
1758 527 1802 554 ἐπ’
1813 528 1865 561 ἀγ-

1071 574 1168 609 γέλων,
1192 575 1243 601 οὐκ
1267 574 1311 601 ἐπ’
1327 573 1410 609 ἄλλης
1433 573 1506 605 τινδς
1528 573 1646 608 φύσεως,
1664 572 1743 600 τοῦτο
1761 573 1808 600 ἐπὶ
1828 575 1864 608 τῇ

1071 621 1126 648 τῶν
1152 619 1305 657 ἀνθρώπων
1329 619 1432 655 ὑπέστη
1460 619 1600 655 σωτηρίᾳ,
1631 619 1693 646 ἀντὶ
1722 619 1864 646 Δεσπότου

1071 666 1165 698 δοῦλος
1181 665 1365 703 χρηματίσας.
1382 664 1503 697 Είκότως
1527 662 1574 691 οὖν
1591 665 1614 681 ⁵³
1627 664 1675 692 καὶ
1689 665 1864 696 καταλιπεῖν,

1071 713 1110 745 ὡς
1129 713 1209 747 ἔφην,
1224 712 1259 739 τὰ
1285 712 1326 746 1,0'
1341 711 1466 747 πρόϐατα
1488 709 1634 745 λέγεσθαι,
1661 710 1710 747 τὴν
1730 711 1770 742 είς
1798 711 1866 738 ἄλλο

1073 758 1292 795 παραδοξότερον
1305 759 1353 785 καὶ
1369 756 1594 793 θαυμασιώτερον
1615 756 1665 792 τῆς
1678 756 1866 792 δημιουργίας

1073 804 1250 841 ἀναχώρησίν
1269 813 1299 831 τε
1327 804 1374 831 καὶ
1399 804 1566 839 μετάστασιν
1589 803 1636 830 καὶ
1656 803 1706 839 τὴν
1729 803 1779 838 τῆς
1802 811 1867 829 συν-

1073 851 1170 888 ηθείας
1182 850 1360 886 καινοτομίαν
1373 851 1422 885 τῆς
1433 849 1591 885 παραϐολῆς
1605 849 1864 885 αίνιγματιζοὺσης,

1074 898 1121 925 καὶ
1136 898 1174 930 ὡς
1186 898 1217 924 οὑ
1232 897 1294 924 καθ’
1308 897 1339 924 ὃν
1353 896 1454 932 τρόπον
1467 896 1497 923 τὺ
1512 897 1566 922 πᾶν
1580 895 1610 928 ἐξ
1628 896 1716 932 ἀρχῆς
1732 897 1866 931 συνεστή-

1074 953 1150 975 σατο,
1175 943 1244 971 ἀλλὰ
1259 943 1432 978 καινοπρεπῆ
1455 951 1486 969 τε
1511 942 1559 969 καὶ
1575 942 1645 977 ὑπὲρ
1669 942 1758 969 πάντα
1782 942 1867 977 λόγον

1074 991 1120 1018 τὸν
1134 990 1268 1026 ήμέτεοον
1285 989 1481 1024 ἀνακαινισμὺν
1496 989 1683 1024 ἐξειργάσατο.

1110 1124 1152 1148 ιε’.
1172 1118 1240 1149 Εἶτά
1253 1129 1335 1157 φησιν
1351 1120 1470 1155 εὐλόγως
1482 1129 1512 1147 τε
1523 1121 1570 1148 καὶ
1585 1120 1742 1156 ἀναγκαίως
1756 1120 1806 1156 τὴν
1820 1120 1868 1148 διὰ

1075 1167 1177 1203 σαρκὸς
1190 1167 1328 1204 σωτηρίαν
1344 1167 1390 1194 τὸν
1397 1167 1484 1202 Λόγον
1497 1168 1565 1203 ἡμῖν
1582 1167 1866 1203 πραγματεύσασθαι.

1075 1213 1170 1248 Πάσης
1183 1213 1239 1249 γὰρ
1253 1213 1337 1249 ἄλλης
1353 1212 1465 1249 μεθόδου
1478 1213 1749 1249 προκαταὸληθείσης
1763 1213 1786 1228 ¹⁶
1805 1214 1870 1249 (καὶ

1074 1259 1128 1295 γὰρ
1155 1260 1203 1286 καὶ
1228 1260 1368 1295 προφῆται
1392 1259 1439 1286 καὶ
1471 1259 1633 1294 δημαγωγοὶ
1660 1259 1708 1285 καὶ
1735 1259 1869 1294 ὑπερφυῆ

1075 1304 1177 1340 τέρατα
1207 1305 1364 1341 εὐεργεσίαι
1395 1314 1425 1332 τε
1447 1306 1495 1332 καὶ
1516 1304 1627 1332 ἀπειλαὶ
1655 1305 1704 1331 καὶ
1732 1305 1870 1340 τιμωρίαι

1077 1349 1141 1386 [589
1152 1349 1199 1387 R.]
1213 1351 1291 1378 τοῦτο
1303 1352 1352 1387 μὲν
1370 1352 1417 1378 ἐπὶ
1433 1352 1544 1387 μέρους,
1562 1351 1641 1378 τοῦτο
1653 1351 1681 1377 δὲ
1700 1351 1748 1377 καὶ
1760 1351 1871 1385 παγκόο

1077 1398 1163 1432 σμιοι)
1190 1397 1252 1423 ἐπεὶ
1270 1397 1301 1424 τὺ
1328 1397 1501 1433 ἀνθρώπινον
1521 1398 1571 1433 τὴν
1593 1397 1660 1433 πρὸς
1687 1397 1721 1424 τὰ
1746 1398 1872 1432 κρείττω

1079 1443 1232 1478 μεταϐολὴν
1256 1444 1306 1470 οὐκ
1328 1443 1483 1478 ἠσπάσατο,
1506 1444 1537 1470 τὸ
1557 1443 1586 1470 δὲ
1611 1443 1717 1479 νόσημα
1745 1444 1816 1479 πρὸς
1837 1445 1872 1471 τὸ

1077 1489 1186 1516 ἀνίατον
1197 1490 1296 1524 μᾶλλον
1308 1490 1418 1524 ἐχώρει,
1430 1490 1501 1517 κατὰ
1515 1490 1546 1516 τὸ
1560 1491 1726 1524 ἀναγακατον
1741 1491 1788 1516 καὶ
1799 1491 1871 1517 ἀκό-

231 1545 437 1580 consequentia,
454 1545 495 1572 vel
507 1546 596 1581 potius
608 1553 640 1573 ex
656 1545 781 1574 ineffabili
793 1547 922 1575 bonitatis
937 1548 1019 1576 abun-

1079 1534 1182 1567 λουθον,
1207 1534 1307 1570 μᾶλλον
1326 1535 1354 1561 δὲ
1377 1535 1489 1571 ἀρρήτῳ
1513 1535 1720 1571 φιλανθρωπίας
1743 1535 1871 1570 πλούτῳ,

231 1590 333 1622 dantis.
361 1590 479 1618 Verbum
508 1593 660 1626 (assumpta
689 1592 782 1627 carne)
811 1592 909 1620 ducem
935 1601 965 1621 se
991 1601 1024 1621 ac

231 1641 436 1672 praeceptorem.
451 1641 532 1672 atqtte
546 1637 754 1665 instauratorem
770 1639 840 1666 bona
858 1647 919 1667 cum
935 1639 1024 1668 Patris

232 1684 380 1716 voluntate,
393 1688 487 1711 sancto
498 1683 579 1711 etiam
593 1683 695 1718 Spiritu
708 1689 883 1719 cooperante,
897 1685 1021 1720 praebuit.

232 1731 318 1764 Quam
343 1730 426 1757 etiam
441 1737 502 1757 esse
517 1737 627 1756 causam
646 1730 885 1765 contemplationis
901 1735 1023 1758 amantes

231 1778 387 1809 observant,
402 1782 453 1803 cur
469 1776 624 1803 novissimis
645 1776 755 1803 demum
774 1777 949 1810 temporibus,
967 1785 1020 1804 tton

232 1823 267 1850 ah
281 1823 368 1854 ittitio,
387 1822 420 1849 ad
435 1829 545 1850 carnem
565 1829 651 1856 usque
667 1821 784 1849 Verbum
801 1822 882 1849 fuerit
898 1823 1022 1850 exinani-

233 1875 300 1898 tum.
327 1869 394 1896 Cum
409 1868 482 1897 enim
496 1869 694 1903 praecedentem
709 1877 816 1897 onmem
832 1878 924 1897 curam
939 1875 1021 1906 atque

231 1915 429 1951 providentiam
446 1923 499 1943 non
515 1915 692 1952 admitterent
707 1916 724 1942 ii
738 1916 836 1950 quibus
847 1916 904 1944 hate
916 1917 1020 1952 impen-

231 1961 356 1994 debatur,
379 1965 435 1988 tum
462 1960 579 1995 denique
607 1961 762 1989 novissimis
785 1962 952 1997 temporibus
971 1969 1020 1997 per

230 2007 349 2040 SCipSllm
363 2011 484 2033 ηοειηηῐι
501 2013 645 2041 reparasse
660 2011 796 2033 naturam.

268 2051 366 2086 185a
380 2050 427 2078 His
437 2051 518 2078 aliam
527 2050 671 2085 quamdam
683 2050 802 2078 adnectit
820 2051 996 2086 quaestionem
1008 2072 1017 2085 ,

230 2105 291 2133 quas
319 2100 413 2124 contra
428 2095 509 2131 objici
533 2101 613 2130 posse
626 2095 760 2122 videatur.
785 2094 839 2123 Sed
862 2097 1016 2131 oportebat,

230 2145 316 2175 aiunt,
340 2142 477 2170 hominem
501 2141 535 2168 ab
552 2141 668 2175 ipsomet
693 2140 825 2176 principio
851 2141 964 2176 probum
984 2149 1016 2170 ac

231 2190 330 2217 bonum
350 2187 479 2215 constitui
496 2195 505 2219 ;
532 2194 586 2222 quo
600 2193 687 2221 neque
709 2186 893 2214 molestiarum
911 2191 1014 2214 tantum
1033 2180 1053 2208 Ι)

230 2233 386 2264 facesseret,
406 2239 466 2259 cum
480 2231 513 2257 ad
523 2230 657 2258 deteriora
675 2230 844 2258 continenter
863 2230 1016 2261 deﬂuendo,

231 2277 388 2307 multiformi
413 2277 481 2304 adeo
496 2283 528 2303 ac
548 2276 621 2303 varia
634 2275 811 2310 gubernantis
830 2275 877 2304 Dei
902 2284 967 2304 cura
982 2277 1016 2304 ad

229 2326 345 2353 salutem
367 2323 577 2358 recuperandam
597 2322 749 2358 indigeret:
771 2330 859 2357 neque
875 2331 923 2358 per
945 2323 1017 2357 inju-

230 2372 299 2400 riam
316 2369 461 2404 aliquando
474 2368 631 2400 violaretur,
647 2369 718 2403 quod
733 2368 817 2396 semel
837 2368 869 2395 ad
885 2368 931 2396 Dei
945 2368 1017 2396 ima-

229 2417 320 2453 ginem
339 2416 478 2443 conditum
499 2415 604 2442 fuisset.
633 2413 719 2448 Objici
735 2415 793 2442 haec
816 2414 924 2449 quidem
941 2414 979 2441 ait
1007 2422 1016 2442 :

229 2471 324 2492 verum
340 2463 436 2490 audire
452 2460 605 2496 huiusmodi
618 2459 742 2488 homines
754 2460 789 2488 ab
803 2459 859 2494 ipsa
871 2459 991 2488 Veritate
1007 2469 1016 2489 :

230 2509 334 2542 Petilia,
357 2514 381 2537 et
404 2502 455 2535 non
480 2508 609 2542 accipitis,
636 2514 665 2534 eo
679 2506 749 2541 quod
774 2505 844 2532 male
867 2507 960 2540 petatis
982 2507 1017 2534 “.

228 2557 299 2590 Quin
324 2561 352 2583 et
375 2555 439 2582 illud
459 2555 569 2589 insuper
580 2561 613 2581 ex
637 2553 678 2580 his
703 2552 851 2580 absurdum
877 2554 1018 2587 consequi,

229 2603 301 2638 quod
327 2602 376 2632 Dei
405 2609 492 2636 neque
520 2600 700 2635 providentia,
731 2606 819 2634 neque
840 2599 943 2633 judicio
963 2600 1018 2627 ullo

228 2649 308 2675 inodo
334 2649 465 2678 contenti.
494 2648 580 2682 ipsum
600 2646 768 2673 conditorem
798 2646 877 2672 velint
908 2653 939 2672 ex
967 2655 1018 2674 suo

263 2728 286 2743 ’³
301 2727 365 2754 an.
388 2735 431 2758 xv,
458 2727 484 2753 4.
524 2725 617 2752 "Jac.
644 2733 680 2755 tv.
698 2726 723 2751 5.

1076 1581 1177 1608 ἑαυτὸν
1191 1582 1205 1607 ό
1220 1581 1317 1615 Λόγος,
1333 1581 1424 1617 σάρκα
1442 1581 1615 1617 προσλαὸὼν,
1637 1582 1798 1617 καθηγητὴν
1818 1586 1872 1610 καὶ

1074 1627 1235 1654 διδάσκαλον
1260 1628 1306 1654 καὶ
1328 1627 1535 1663 ἀνακαινιστὴν,
1560 1628 1669 1664 εὐδοκία
1689 1628 1798 1664 Πατρὸς
1819 1631 1874 1656 καὶ.

1075 1675 1206 1711 συνεργίᾳ
1221 1674 1267 1701 τοῦ
1286 1673 1364 1709 ἁγίου
1386 1673 1558 1709 Πνεύματος,
1576 1675 1753 1710 εἰσηγήσατο.
1771 1675 1804 1701 Ὃ
1817 1678 1873 1702 καὶ

1074 1722 1159 1749 αἴτιον
1173 1723 1229 1752 τοῖς
1261 1720 1456 1756 φιλοθεάμοσιν
1478 1722 1575 1757 ὁρᾶται
1598 1720 1646 1747 τοῦ
1669 1721 1713 1747 ἐπ’
1740 1721 1874 1756 ὲσχάτων

1073 1767 1128 1794 τῶν
1144 1767 1267 1803 ἡμερῶν,
1279 1766 1327 1793 καὶ
1347 1767 1386 1802 μὴ
1399 1767 1430 1799 ἐξ
1445 1767 1544 1802 ἀρχῆς,
1556 1767 1597 1798 είς
1615 1767 1704 1802 σάρκα
1716 1767 1762 1794 τὸν
1777 1768 1874 1802 Λόγον

1073 1813 1236 1849 κενωθῆναι,
1254 1813 1322 1840 ἀλλὰ
1338 1813 1428 1848 πάσης
1445 1812 1564 1847 σπουδῆς
1583 1813 1632 1839 καὶ
1649 1813 1780 1847 προνοίας
1793 1814 1873 1850 ἡγη-

1072 1861 1206 1896 σαμένης,
1225 1858 1285 1887 εῐτα
1301 1859 1405 1894 ταύτην
1426 1858 1457 1885 οὐ
1480 1858 1703 1894 προσδεχομένων
1718 1859 1774 1886 τῶν
1795 1868 1873 1895 προ-

1070 1905 1237 1941 νοουμένων,
1259 1904 1331 1931 οὓτω
1358 1904 1451 1930 λοιπὸν
1469 1905 1574 1939 καιροῖς
1589 1904 1716 1939 ἐσχάτοις
1731 1905 1766 1932 δι’
1779 1905 1872 1933 αὑτοῦ

1069 1953 1119 1988 τὴν
1135 1951 1213 1987 ἡμῶν
1225 1951 1319 1978 οὐσίαν
1329 1949 1534 1977 ἀνασώσασθαι.

1104 2052 1216 2084 Τούτοις
1240 2051 1357 2086 ἀπορίαν
1389 2050 1521 2077 συνάπτει
1548 2050 1586 2082 ὼς
1616 2049 1647 2083 ἐξ
1669 2050 1872 2087 ἀνθυποφορᾶς

1067 2098 1290 2134 προτεινομένην.
1308 2097 1377 2124 Ἀλλ’
1394 2097 1459 2130 ἔδει,
1473 2098 1552 2132 φασὶ,
1574 2098 1620 2124 τὸν
1640 2098 1786 2134 ἄνθρωπον
1814 2101 1873 2128 ἀπ’

1066 2145 1155 2181 ἀρχῆς
1168 2145 1249 2172 καλόν
1261 2153 1290 2171 τε
1301 2144 1348 2171 καὶ
1360 2143 1461 2178 ἀγαθδν
1471 2143 1629 2178 ὑφεστάναι,
1640 2145 1684 2172 ἴνα
1703 2145 1773 2181 μήτε
1792 2148 1873 2182 πρά,-

1069 2200 1163 2227 γματα
1178 2190 1295 2218 τοσαῦτα
1312 2191 1437 2226 παρεῖχε,
1463 2190 1533 2226 ῥέων
1546 2198 1577 2217 τε
1596 2191 1716 2226 συνεχῶς
1730 2191 1801 2227 πρὸς
1831 2196 1872 2221 τὶ

1069 2237 1153 2274 χείρω
1174 2237 1221 2264 καὶ
1246 2237 1290 2263 διὰ
1305 2236 1384 2263 τοῦτο
1408 2236 1578 2272 πολυτρόπου
1608 2235 1676 2273 [504
1690 2237 1792 2273 H.113
1816 2243 1873 2266 καὶ

1071 2283 1197 2318 ποικίλης
1221 2282 1376 2318 οίκονομίας
1395 2283 1435 2313 είς
1456 2281 1487 2308 τὸ
1516 2282 1691 2318 ἀνασωθῆναι
1720 2283 1870 2319 δεόμενος,

1072 2329 1141 2365 μήτε
1155 2329 1186 2356 τὸ
1205 2329 1279 2361 ἅπαξ
1304 2329 1364 2355 κατ’
1391 2327 1485 2354 είκόνα
1505 2327 1573 2354 Θεοῦ
1587 2329 1792 2365 δημιουργηθὲν
1819 2332 1873 2359 ὲν-

1069 2374 1216 2411 υσρίζοιτο.
1241 2374 1311 2401 Ἀλλ’
1327 2374 1344 2409 ἡ
1359 2374 1409 2409 μὲν
1424 2372 1559 2406 ἀντίθεσις
1585 2374 1696 2411 τοιαύτη
1709 2382 1716 2390 ·
1744 2375 1873 2405 exotica-

1070 2419 1117 2447 σθε
1134 2421 1157 2436 ⁸⁷
1172 2420 1200 2447 δὲ
1217 2419 1282 2455 ἄρα,
1301 2420 1378 2454 φησὶ,
1393 2421 1456 2452 τοὺς
1472 2420 1609 2451 τοιούτους
1621 2421 1698 2456 παρὰ
1713 2421 1763 2456 τῆς
1785 2421 1875 2457 Ἄλλη-

1071 2466 1155 2500 θείας,
1169 2466 1206 2498 ὡς
1213 2465 1322 2493 Αἰτεῖτε
1330 2465 1352 2481 ⁵⁸
1362 2466 1411 2492 καὶ
1422 2467 1458 2493 οὐ
1465 2466 1641 2501 λαμϐάνετε,
1649 2467 1723 2494 διότι
1734 2468 1875 2502 κακῶς.⁸⁹

1070 2513 1210 2540 αἰτεῖσθε.
1227 2512 1307 2539 Ἀλλὰ
1321 2511 1368 2538 καὶ
1382 2511 1475 2547 ἕτερον
1486 2513 1578 2544 αὐτοῖς
1593 2513 1693 2540 ἄτοπον
1704 2513 1727 2529 ⁸ο
1735 2513 1872 2547 ἕπεσθαι,

1071 2558 1101 2585 τὸ
1113 2558 1150 2594 μὴ
1158 2558 1207 2594 τὴν
1218 2558 1345 2593 πρόνοιαν
1355 2558 1402 2585 καὶ
1416 2558 1466 2592 τὴν
1478 2558 1566 2592 κρίσιν
1578 2557 1628 2594 τὴν
1637 2558 1713 2585 θείαν
1722 2559 1872 2594 στέργειν,

1072 2604 1170 2635 αὐτοὺς
1182 2605 1205 2630 δ’
1214 2604 1341 2630 ἀπαιτεῖν
1356 2604 1401 2630 τὸν
1417 2603 1540 2638 πλάστην
1549 2604 1610 2634 ταῖς
1624 2603 1736 2630 ἐκείνων
1751 2603 1875 2638 βουλαῖς

1070 2657 1099 2675 τε
1111 2649 1157 2675 καὶ
1170 2648 1294 2683 γνώμαις
1307 2648 1458 2675 τυποῦσθαι
1469 2656 1498 2674 τε
1515 2648 1562 2674 καὶ
1572 2647 1808 2684 μεθαρμόξεσθαι,
1819 2653 1874 2678 καὶ

873 2792 991 2820 νΑιυΑῑ
1012 2791 1214 2820 LECTIONES.

263 2844 285 2858 ’⁵³
297 2843 325 2869 τὸ
344 2843 451 2877 καταληι
465 2842 529 2868 Luc.
545 2850 588 2872 xv,
605 2842 630 2868 4.
669 2841 692 2856 ⁵⁸
705 2841 773 2874 ὅπερ
787 2840 808 2867 Λ
828 2849 835 2866 :
852 2841 947 2877 ὅτιπερ
961 2848 992 2877 gr
1006 2874 1016 2877 _
1030 2839 1053 2855 "
1070 2837 1247 2877 m'av_add._-A.
1285 2839 1310 2855 "
1324 2840 1579 2876 προχαταλυθείσης
1593 2850 1623 2874 ς.
1657 2842 1680 2857 ⁸⁷
1708 2842 1833 2870 ἀκούεσθ
1842 2851 1871 2868 ιι

226 2878 300 2905 libri.
337 2878 360 2893 "
372 2876 594 2912 αἰτεῖτεμιιυοὺ.
617 2885 653 2909 tv,
687 2877 714 2903 5.
757 2876 779 2891 ⁵³
811 2876 883 2901 κακά
901 2883 930 2906 τ.

968 2875 990 2890 ⁵ο
1002 2874 1102 2901 ἄτοπον
1117 2874 1136 2901 Λ
1155 2883 1162 2901 :
1176 2874 1259 2900 τόπον
1275 2883 1304 2907 ς.
