1916 3092
82 142 130 175 ’157

610 143 871 173 BIBLlOTIIECA.
886 154 923 160 -·-
937 141 1021 172 COD.
1038 143 1178 173 CCXX”.

1647 142 1700 172 758

80 206 167 234 ματος
190 197 245 224 τοῦ
266 197 402 232 Χριστοῦ
415 198 518 230 eatur;
545 195 628 225 Εἶτα·
649 193 704 226 Τὸῖρ
716 199 808 234 ἄρτον
829 197 865 225 ὃν

921 199 1015 226 Christi
1025 204 1061 225 est
1072 200 1085 226 7
1098 203 1123 226 et
1138 199 1214 232 panis
1224 205 1299 234 quem
1312 198 1460 233 frangimus
1472 197 1495 214 “
1504 218 1511 230 ,
1530 196 1627 234 [nonne
1641 205 1702 229 par-

78 244 212 279 κλῶμενη
232 243 280 270 καὶ
301 243 398 270 πάλινο
423 244 464 270 οὐ
489 241 623 271 δύνασθε
646 244 789 278 ποτήριον
807 245 866 271 Κυ-

77 291 142 324 ρίου
154 290 256 316 πίνειν
267 289 317 316 καὶ
328 288 472 324 ποτήριον
489 288 651 324 δαιμονίων
661 297 668 304 ·
685 290 743 321 καὶ,
756 291 797 317 οὺ
815 289 868 317 δύ-

81 337 172 363 νασθε
186 334 333 368 τραπέζης
345 335 456 369 Κυρίου
468 335 616 370 μετέχειν.
625 335 755 371 Ἀλλαχοῦ
771 335 800 362 δέ
813 345 866 371 φη-

80 390 116 408 σι·
147 379 187 413 Τῇ
201 380 225 395 “
238 380 328 408 νυκτὶ
347 377 367 416 ᾗ
381 381 568 415 παρεδίδοτο,
587 382 651 417 περὶ
665 381 712 408 τοῦ
729 381 866 409 Δεσπότου

78 427 172 460 L5wa,
186 427 278 454 ἔλασε
291 427 346 453 τὸν
359 426 460 461 ἄρτον,
472 424 530 454 εἶτα
539 427 602 462 ἑξῆς
619 427 666 454 καὶ
679 428 743 464 περὶ
757 427 804 454 τοῦ
815 436 866 454 πο-

81 473 174 507 τηρίου
201 472 392 508 διαλαμόάνει.

112 518 176 555 [597
204 517 249 554 R.]
266 518 335 554 Περὶ
355 518 446 545 τοίνυν
467 517 569 545 τούτων
588 518 723 546 διαλαὸὼν
737 519 866 555 πειρᾶται

78 564 167 590 αἰτίαν
177 563 543 599 ἀποδιδόναιτῆςεῐρημένης
551 564 680 600 διαφόρου
692 564 794 597 τάξεως
802 573 809 580 ·
819 565 867 592 καί

78 618 168 644 enen,
177 610 216 642 ὡς
225 609 334 646 Ἐπειδὴ
343 611 373 637 ἐν
385 612 451 645 ἡμῖν
460 610 568 646 πρῶτον
578 610 609 637 τὸ
619 608 689 646 αἷμα
697 611 866 644 συνίσταται,

78 653 134 681 εἶτα
144 655 346 690 μεταϐάλλεται
355 657 395 687 εἰς
403 656 502 691 σάρκα,
522 656 644 690 φυσικῶς
661 657 677 692 ὴ
693 657 788 692 Γραφὴ
799 666 867 684 κινο-

79 700 163 734 υμένη
171 700 222 735 τὴν
237 700 314 732 τάξιν
328 700 391 736 [508
407 699 452 736 H.]
467 700 569 736 ταύτην
579 700 626 727 καὶ
652 702 723 728 κατὰ
741 701 790 736 τὴν
814 701 868 728 τῶν

78 745 236 780 μυστηρίων
253 744 379 780 διήγησιν
390 744 531 780 ἐφύλαξεν.
552 745 585 772 Ἦ
599 745 627 772 δὲ
645 746 779 773 ἀνάπαλιν
792 747 869 780 τάξις

77 790 123 823 τῆς
135 790 230 824 κοινῆς
239 790 379 826 τραπέζης
393 791 517 826 μιμεῖται
528 790 578 826 τὴν
589 791 675 824 τάξιν·
694 793 801 829 πρῶτον
814 793 868 829 γὰρ

77 835 212 870 ὲττ⁹αὒτῆς
219 836 233 862 6
243 835 326 872 ἄρτος
341 837 508 872 προτίθεται,
525 835 584 865 εἶτα
594 839 609 865 6
619 837 688 871 οἶνος
696 840 867 875 ἐπιφέρεται.

77 878 131 915 Τὴν
144 881 175 908 δὲ
189 882 283 918 κοινὴν
295 882 396 918 ταύτην
409 883 550 918 τράπεζαν
565 885 708 921 μιμεῖσθαι
724 887 806 914 πάλιν
819 887 868 923 τὴν

77 926 174 954 πλάσιν
183 927 265 962 ἡμῶν
274 936 281 942 ·
289 928 384 964 ἐπειδὴ
394 929 458 965 γὰρ,
472 929 510 961 ὥς
520 930 595 957 δοκεῖ
601 931 640 966 τῷ
658 931 716 958 Ἰὼὸ
729 933 763 965 ³⁷,
774 933 806 959 ἐκ
814 942 869 970 πη-

77 972 120 998 λοῦ
130 973 346 1009 διεπλάσθημεν,
362 976 376 1002 6
390 975 418 1002 δὲ
433 976 518 1011 πηλὸς
529 977 561 1004 ἐκ
572 978 622 1012 γῆς
631 979 689 1005 ἐστι
699 979 747 1006 καὶ
763 979 867 1013 ὕδατος,

77 1018 173 1050 πλάσις
183 1019 212 1045 δέ
228 1020 288 1046 ἐστι
303 1020 402 1056 τρόπον
413 1021 474 1048 τινὰ
484 1024 530 1049 καὶ
538 1023 555 1058 ἡ
563 1024 661 1059 τροφὴ,
672 1025 868 1060 ἀναπληροῦσα

78 1064 122 1090 καὶ
131 1065 378 1093 ἀναπλάττουσατὺ
388 1067 534 1103 ἀπορρέον,
549 1069 593 1097 διὰ
601 1070 680 1097 τοῦτο
690 1070 784 1107 ὥσπερ
799 1074 826 1099 ὲν
834 1074 867 1108 τῇ

77 1110 151 1145 παρὰ
164 1110 234 1137 Θεοῦ
252 1112 350 1139 πλάσει
365 1112 395 1139 τὺ
409 1113 492 1150 ξηρὸν
514 1115 694 1151 προείληπται
709 1117 757 1144 τοῦ
772 1118 867 1154 ὑγροῦ,

78 1155 147 1183 οὓτω
169 1157 218 1184 καὶ
240 1158 270 1184 ὲν
292 1160 326 1194 τῇ
343 1162 458 1196 μιμήσει
479 1161 530 1196 τῆς
548 1163 613 1198 παρ’
630 1164 697 1198 ἡμῖν
712 1163 839 1197 πλάσεως
854 1166 868 1192 6

79 1202 157 1236 ἄρτος
173 1203 221 1229 τοῦ
234 1204 307 1231 οἴνου
324 1205 554 1240 προλαμϐάνεται.
569 1209 624 1235 Καὶ
641 1210 723 1241 αὐτὸς
744 1211 793 1246 μὲν
815 1220 869 1238 τοι-

79 1247 148 1274 αὗτά
167 1257 230 1275 τινα
247 1250 313 1284 περὶ
326 1251 377 1285 τῆς
392 1251 494 1284 τάξεως
511 1254 677 1289 φυσιολογεῖ,
695 1257 719 1282 εὶ
733 1257 781 1282 καὶ
797 1256 868 1284 θειο-

78 1294 158 1329 τέρας
174 1295 292 1330 Θεωρίας
305 1298 505 1333 ταπεινότερον.

112 1340 149 1366 Τὸ
164 1341 258 1375 μέντοι
274 1341 482 1379 λαμπροφορετν
493 1365 501 1378 ,
516 1346 585 1381 φησὶ
595 1366 603 1378 ,
621 1347 684 1380 τοὺς
707 1347 870 1385 βαπτιζομέ-

79 1394 150 1418 νους,
167 1387 217 1422 τῆς
232 1388 287 1414 τῶν
301 1388 426 1423 ἀγγέλων
438 1391 498 1417 ἐστὶ
522 1391 655 1427 σύμσολον
667 1393 868 1430 λαμπρότητος,

79 1432 107 1458 τὸ
123 1433 244 1469 καθαρὸν
257 1435 377 1468 ἐκείνοις
400 1436 447 1464 τοῦ
466 1437 512 1464 νοῦ
535 1439 583 1465 καὶ
608 1440 709 1475 ἀμιγὲς
731 1442 782 1476 τῆς
803 1441 870 1478 ὕλης

79 1479 125 1505 καὶ
137 1479 192 1506 τῶν
206 1480 302 1507 παθῶν
317 1481 499 1519 διατυπούσης
510 1492 516 1499 ·
541 1483 579 1512 ὧν
595 1487 648 1521 χρὴ
664 1487 711 1514 καὶ
725 1487 771 1514 τὸν
784 1496 869 1522 φωτι-

917 245 1034 278 ίὶι-ἰραιίο
1046 244 1163 278 corporis
1181 243 1285 271 Domini
1300 243 1366 280 est]?
1379 243 1412 271 Et
1437 251 1563 271 rursum:
1579 242 1640 270 Non
1655 251 1704 277 po-

917 289 990 316 testis
1002 289 1112 316 calicem
1122 289 1228 316 Domini
1239 290 1334 322 bibere,
1346 295 1369 317 et
1384 289 1490 316 calicem
1500 290 1701 317 diemoniorum.

917 335 951 362 Et
968 343 974 362 :
991 333 1052 362 Non
1063 334 1168 369 potestis
1178 343 1275 373 mensa;
1294 334 1397 362 Domini
1406 335 1544 370 participes
1558 343 1614 362 esse
1627 336 1651 351 "
1667 335 1702 371 [ιιι

917 388 1013 408 meum
1024 380 1238 417 daemoniorum].
1252 381 1325 408 Alibi
1336 388 1400 409 vero
1411 381 1478 409 dicit
1492 391 1499 409 :
1512 381 1546 408 In
1558 391 1610 416 qua
1630 387 1704 408 necte

917 425 1074 453 tradebatur
1086 426 1131 461 (de
1158 427 1273 454 Domino
1289 426 1424 461 loquens),
1449 427 1651 462 accepitpauem
1668 425 1702 460 “,

917 480 949 499 ac
966 472 1027 499 dein
1051 473 1084 500 de
1096 473 1179 500 calice
1197 473 1315 500 disserit.

953 518 1016 547 Hec
1028 519 1108 554 igitur
1123 519 1167 546 ubi
1184 519 1287 551 retulit,
1303 526 1413 547 causam
1434 519 1514 553 hujus
1532 519 1601 547 varii
1625 520 1702 547 ordi-

919 565 961 592 nis
982 565 1096 593 reddere
1116 570 1240 597 conatur,
1264 564 1328 592 dum
1356 565 1393 592 ait
1406 558 1419 592 ἶ
1428 565 1650 600 Quandoquidem
1674 565 1701 592 in

919 611 998 639 nobis
1012 612 1116 646 primus
1130 611 1241 646 sanguis
1256 612 1442 646 constituitur,
1455 612 1499 646 qui
1516 611 1579 639 hinc
1598 611 1676 647 187
1688 611 1702 637 ιι

918 657 945 684 in
963 665 1074 684 carnem
1089 658 1269 689 convertitur,
1285 658 1404 684 naturali
1420 657 1462 684 via
1479 657 1622 691 Scriptura
1638 665 1703 692 pro-

919 703 1028 736 cedens,
1042 704 1112 731 hunc
1123 704 1206 731 etiam
1222 704 1346 731 ordinem
1357 704 1383 731 in
1402 703 1593 740 mysteriorum
1610 711 1706 731 narra-

919 749 993 777 tione
1011 751 1133 778 retinuit.
1155 750 1239 778 Porro
1264 751 1418 777 contrarius
1447 750 1510 777 huic
1529 751 1607 784 ordo,
1627 757 1704 777 com—

919 795 1010 824 munis
1026 804 1126 824 mensze
1149 797 1230 824 ritum
1247 797 1381 824 imitatur.
1396 796 1487 823 Primo
1509 796 1581 824 enim
1597 791 1625 823 in
1647 796 1704 830 ipsa

920 843 1001 879 panis
1015 844 1171 878 apponitur.
1189 851 1220 871 ac
1240 847 1296 870 tum
1317 843 1407 870 vinum
1428 842 1552 871 infertur.
1575 842 1705 870 Commu-

920 897 982 917 nem
996 894 1086 917 autem
1105 889 1177 916 illam
1193 896 1328 921 mensam,
1343 896 1450 915 rursum
1468 887 1631 922 respondere
1658 895 1706 914 no-

919 939 983 961 str-.e
1010 933 1164 962 formationi
1193 933 1302 970 [addit].
1318 933 1466 968 Postquam
1492 933 1563 960 enim
1588 933 1628 968 (ut
1649 932 1707 959 vult

919 977 968 1006 Job
983 978 1016 1013 “)
1047 980 1080 1006 de
1095 978 1152 1011 luto
1178 977 1285 1005 formati
1310 985 1404 1005 smmis
1432 978 1528 1012 (quod
1545 985 1561 1005 e
1583 982 1656 1004 terra
1679 981 1707 1004 et

919 1030 989 1056 aqua
1013 1021 1202 1057 temperatur),
1229 1022 1343 1049 nutritio
1369 1026 1458 1048 autem
1476 1021 1598 1055 quaedam
1628 1020 1705 1055 quasi

920 1068 1046 1095 formatio
1056 1073 1108 1100 est,
1123 1068 1231 1103 replens
1246 1076 1278 1095 ac
1292 1068 1427 1100 reﬁciens,
1440 1067 1512 1102 quod
1533 1066 1681 1094 deﬂuxerat
1697 1074 1704 1093 :

919 1113 1020 1140 idcirco
1034 1114 1262 1148 quemadmodum
1283 1114 1310 1140 in
1328 1120 1358 1140 ea
1374 1121 1455 1148 quam
1473 1113 1544 1139 Deus
1563 1112 1628 1139 fecit
1650 1111 1706 1138 for-

919 1160 1048 1194 matione,
1065 1161 1171 1187 aridum
1192 1164 1256 1186 ante
1280 1159 1419 1186 humidum
1441 1164 1579 1191 sumptum
1596 1162 1649 1189 est,
1665 1157 1707 1184 sic

918 1211 944 1233 et
959 1207 985 1232 in
1000 1213 1042 1239 ea,
1056 1213 1136 1240 quam
1161 1213 1211 1233 nos
1234 1204 1314 1239 huius
1334 1204 1489 1232 imitatione
1510 1203 1627 1230 facimus
1648 1201 1706 1229 for-

919 1253 1047 1286 matione,
1065 1252 1142 1288 panis
1156 1258 1219 1280 ante
1234 1252 1326 1279 Vinum
1341 1251 1469 1278 sumitur.
1487 1249 1645 1284 llujusmodi
1661 1247 1706 1276 ille

920 1296 975 1324 fere
989 1298 1022 1325 de
1035 1297 1131 1324 ordine
1147 1305 1179 1324 ex
1193 1303 1290 1324 natura
1301 1295 1524 1331 philosophatur:
1539 1294 1591 1322 etsi
1614 1293 1639 1321 id
1652 1300 1705 1320 non

919 1342 985 1370 satis
1000 1351 1049 1378 pro
1060 1343 1194 1378 dignitate
1211 1342 1363 1378 tlteologite.

960 1390 1035 1424 Quod
1055 1396 1144 1417 autem
1159 1389 1315 1421 candidam,
1329 1388 1375 1424 qui
1396 1388 1582 1423 baptizantur,
1603 1391 1706 1414 vestem

920 1443 1025 1473 gerant,
1042 1437 1141 1472 inquit,
1157 1437 1266 1470 signum
1280 1435 1344 1462 illud
1357 1440 1400 1462 est
1411 1434 1525 1467 angelici
1540 1433 1705 1469 splendoris,

921 1485 964 1519 qui
984 1483 1129 1520 puritatem
1140 1482 1240 1509 mentis
1252 1481 1315 1514 illis,
1329 1480 1388 1507 sine
1400 1479 1528 1506 mistioue
1543 1480 1664 1506 materiae
1675 1486 1708 1505 ac

79 1525 175 1573 σθέντα
182 1526 220 1573 γὲν
233 1527 341 1562 μεθέξει
351 1529 399 1564 τῆς
409 1530 520 1565 χάριτος
530 1532 670 1566 γεγονότα,
680 1533 709 1560 ὲν
720 1535 776 1566 τοῖς
788 1535 837 1573 τῆς
845 1535 867 1551 ’⁸

922 1533 1089 1567 passionum,
1114 1529 1238 1561 exhibet;
1256 1535 1373 1561 quorum
1392 1527 1501 1562 quidem
1529 1525 1624 1560 gratiae
1646 1532 1707 1552 curn

77 1571 268 1607 λαμπρότητος
290 1575 441 1610 χαρίσμασι
467 1579 609 1613 συντηρεῖν
635 1571 828 1607 ἐαυτόνΠΛλλί
839 1583 868 1610 έν

76 1617 182 1665 «idem;
206 1619 258 1654 μὲν
284 1620 359 1656 αὑτῷ
383 1622 475 1650 καὶτὸ
498 1627 533 1659 ιη’
549 1625 696 1660 κεφάλαιον
712 1628 753 1660 είς
780 1629 868 1665 πέρας

75 1664 155 1700 ἤχθη·

110 1710 370 1740 Ἐννεακαιδέκατον
397 1714 426 1742 δὲ
457 1716 606 1751 κεφάλαιον
641 1721 868 1754 πραγματεύεται

74 1757 164 1788 αἰτίας
197 1757 382 1793 διερχόμενον·
410 1760 450 1787 Δι’
467 1760 504 1794 ἅς
526 1762 582 1796 τῆς
610 1765 826 1799 κοσμογενείας
852 1768 869 1793 ό

74 1802 188 1837 Μωσῆς
209 1805 266 1831 οὐκ
289 1805 326 1837 ἐξ
347 1805 483 1840 ἀγγέλων
501 1806 624 1841 ἤρξατο.
644 1810 698 1836 Καί
722 1820 804 1846 φησιν
827 1813 869 1839 ὅτι

74 1849 181 1883 Μωσῆς
205 1850 363 1885 νομοθετεῖν
377 1851 481 1886 μέλλων
503 1853 658 1888 ἀνθρώποις
670 1875 677 1888 ,
695 1855 742 1882 καὶ
758 1857 869 1891 ἀγαθῶν

76 1894 125 1927 μὲν
144 1894 318 1928 ἐπαγγελίαν
333 1897 387 1927 τοῖς
403 1897 582 1932 κατορθοῦσιν
595 1899 711 1932 ἀπειλὰς
723 1901 751 1928 δὲ
769 1902 816 1928 καὶ
828 1910 869 1929 τι-

75 1940 184 1974 μωρίαν
200 1940 278 1976 παρὰ
289 1941 356 1968 Θεοῦ
366 1943 420 1974 τοῖς
429 1943 647 1979 ἐξαμαρτάνουσι
659 1946 870 1983 ἐπανατεινόμε-

73 1994 129 2017 νος,
145 1986 282 2019 εἰκότως,
302 1987 340 2019 ὡς
365 1988 394 2014 ὲν
416 1988 536 2025 ίστορίας
558 1991 663 2026 τρόπῳ,
680 1992 728 2018 καὶ
751 1992 800 2028 τὴν
823 1993 869 2028 δη-

74 2031 223 2065 μιουργίαν
240 2032 352 2058 ἐκείνων
365 2032 474 2059 πάντων
489 2034 605 2069 εἰσάγει,
621 2033 658 2062 ὦν
672 2037 689 2070 ἠ
705 2037 784 2072 χρεία
801 2038 869 2073 πρός

73 2084 102 2101 τε
116 2076 282 2111 εὐεργεσίαν
292 2077 339 2104 καὶ
350 2078 465 2114 ἀπειλὴν
477 2080 532 2106 τῶν
542 2081 760 2117 νουθετουμένων
768 2084 790 2100 ’⁸
805 2092 868 2111 συν-

74 2121 160 2148 τελεῖ·
170 2123 277 2149 Ἔσται
286 2123 294 2138 ¹
306 2124 370 2159 γὰρ,
381 2126 475 2159 φησὶν,
489 2128 505 2153 ὀ
513 2127 641 2161 οὐρανὸς
651 2129 785 2163 χαλκοῦς
793 2131 803 2146 ³
818 2130 867 2158 καὶ

919 1577 1086 1607 illuminatus
1107 1575 1143 1602 sit
1158 1574 1295 1609 particeps
1309 1573 1431 1605 eﬂcctus,
1453 1573 1479 1599 in
1496 1571 1593 1599 nitoris
1604 1572 1707 1605 accepti

918 1624 995 1651 donis
1013 1623 1132 1657 seipsum
1153 1627 1317 1648 conservare
1334 1619 1424 1646 debet.
1439 1618 1528 1651 Atque
1552 1617 1578 1644 in
1604 1616 1647 1644 bis
1662 1617 1709 1643 de-

918 1671 989 1698 cimo
1005 1675 1103 1696 octavo
1119 1667 1200 1700 capiti
1212 1666 1246 1693 ab
1259 1674 1292 1693 eo
1309 1665 1370 1692 linis
1387 1664 1547 1698 imponitur.

955 1716 998 1743 i9.
1009 1715 1104 1749 Capite
1120 1714 1224 1741 decinto
1241 1719 1312 1739 nono
1328 1718 1426 1738 causas
1448 1714 1588 1737 recenset:
1602 1709 1657 1736 Cur
1680 1709 1709 1735 iu

919 1761 1009 1788 mundi
1018 1759 1118 1795 fabrica
1126 1758 1273 1793 referenda,
1282 1756 1368 1784 Moses
1379 1757 1411 1782 ab
1421 1754 1573 1790 angelorum
1579 1755 1708 1780 creatione

919 1808 1024 1835 initium
1034 1814 1086 1833 non
1097 1805 1213 1832 duxerit.
1231 1804 1324 1832 Mosen
1335 1810 1401 1837 ergo
1414 1803 1488 1837 leges
1505 1801 1657 1829 hominibus
1669 1800 1708 1827 la-

921 1859 1089 1885 turum,cum
1099 1856 1171 1879 recte
1180 1850 1287 1884 quidem
1298 1850 1439 1885 agentibus
1446 1849 1578 1876 bonorum
1591 1847 1708 1882 promis-

919 1898 1127 1930 sionem,minas
1142 1903 1205 1923 vero
1215 1904 1229 1922 a
1241 1896 1295 1922 Deo
1309 1900 1336 1923 et
1347 1902 1454 1930 pmnam
1464 1894 1607 1922 sceleratis
1617 1894 1709 1921 inten—

920 1946 1005 1976 deret,
1015 1944 1111 1971 merito
1129 1943 1167 1970 ait
1183 1950 1230 1976 pro
1241 1942 1416 1969 historiarum
1426 1941 1615 1968 moreillorum
1625 1941 1707 1967 etiam

918 1991 1039 2017 omnium
1055 1989 1220 2016 creationem
1236 1987 1380 2017 adducere.
1397 1994 1512 2021 quorum
1530 1993 1595 2012 usus
1612 1985 1654 2012 vel
1674 1985 1708 2011 ad

919 2034 1125 2063 beneﬁcentiam
1139 2054 1147 2066 ,
1161 2033 1206 2068 qui
1223 2033 1351 2060 admoniti
1368 2031 1455 2065 fuere,
1471 2031 1512 2058 vel
1528 2030 1561 2058 ad
1575 2036 1707 2058 terrorem

920 2079 1103 2110 incutiendum
1131 2077 1244 2105 valeret.
1273 2076 1333 2103 Erit
1361 2076 1452 2107 enim,
1478 2075 1583 2109 inquit,
1615 2074 1708 2101 cadum

920 2132 1032 2156 wneum,
1043 2129 1067 2151 et
1078 2129 1148 2150 terra
1160 2123 1247 2157 ferrea
1258 2121 1291 2150 “.
1306 2121 1339 2148 Et
1352 2128 1523 2157 quaecunque
1537 2119 1597 2147 alia;
1613 2120 1708 2154 hujus-

73 2168 91 2199 ἡ
106 2167 147 2202 τῆ
164 2168 289 2202 σιδηρᾶ.
304 2170 424 2208 Καὶτὸσα
438 2172 506 2199 ἄλλα
516 2173 560 2200 διὰ
574 2173 628 2200 τῶν
642 2175 799 2210 κτισμάτων
811 2185 867 2203 τοι-

922 2171 993 2198 tnodi
1008 2175 1142 2198 creatura:
1156 2177 1248 2196 eorttm
1264 2168 1305 2196 vel
1318 2168 1351 2196 ad
1367 2175 1446 2194 usum
1465 2171 1537 2194 recte
1557 2165 1709 2201 agentium,

71 2212 144 2240 αὖτα
168 2214 187 2248 ἢ
214 2215 284 2249 πρὸς
308 2216 455 2243 ἀπόλαυσιν
479 2219 533 2245 τῶν
547 2220 752 2256 κατορθούντων
769 2222 784 2257 ἢ
802 2223 870 2258 πρὸς

73 2259 188 2286 κόλασιν
201 2260 256 2287 τῶν
273 2260 486 2296 ἁμαρτανόντων
504 2264 722 2300 ἀναγέγραπται.
732 2267 808 2294 Ἐπεὶ
822 2267 870 2295 οὖν

73 2305 177 2336 σκοπὸς
201 2303 237 2341 ἦν
260 2306 300 2341 τῷ
326 2307 458 2344 νομοθέτῃ
481 2309 540 2344 καὶ,
550 2309 591 2345 τῷ
607 2310 770 2348 ἀνθρωπίνῳ
795 2313 869 2347 γένει

74 2350 260 2386 σωτηριώδεις
283 2352 385 2387 νόμους
407 2354 574 2389 εἰσαγαγεῖν,
591 2356 708 2389 καὶ,τῶν
721 2357 868 2394 νομοθετηο

74 2396 177 2423 θέντων
191 2398 345 2431 ἀσφάλειαν
359 2399 403 2426 διά
425 2408 456 2426 τε
477 2400 527 2435 τῆς
540 2401 595 2427 τῶν
610 2402 736 2436 χαλεπῶν
752 2404 868 2439 ἀπειλῆς

74 2441 122 2466 καὶ
138 2442 191 2476 τῆς
204 2442 261 2468 τῶν
276 2442 420 2477 βελτιόνων
440 2445 612 2480 ὑποσχέσεως
628 2448 867 2484 περιποιήσασθαι,

75 2488 208 2523 ἑκάτερον
221 2488 250 2515 δὲ
264 2489 368 2516 τούτων
383 2490 415 2517 ἐκ
428 2491 483 2518 τῶν
504 2492 664 2527 κτισμάτων
686 2495 869 2531 παραλαμϐά-

76 2541 141 2564 νειν,
157 2533 204 2559 διὰ
228 2533 310 2560 τοῦτο
333 2534 384 2560 ὅσα
401 2535 451 2570 μὲν
469 2537 607 2563 συνετέλει
625 2538 693 2573 πρὸς
707 2539 753 2565 τὸν
767 2540 849 2567 αὑτοῦ
860 2540 870 2556 ³

921 2217 962 2244 vel
985 2216 1019 2244 ad
1042 2215 1242 2250 correptionem
1268 2214 1438 2249 peccantium
1463 2212 1607 2247 descripta;
1632 2215 1706 2239 sunt.

920 2262 988 2289 Cum
1010 2262 1091 2297 igitur
1112 2260 1260 2295 legislatori
1288 2259 1454 2294 propositum
1478 2258 1569 2290 fuerit,
1587 2262 1619 2285 et.
1637 2265 1710 2284 moc-

922 2308 968 2335 tali
993 2306 1084 2341 generi
1102 2306 1176 2341 leges
1200 2305 1272 2333 terre
1297 2305 1442 2336 salutares,
1467 2309 1495 2330 et
1520 2303 1588 2338 ipsis
1605 2302 1710 2338 legibus

921 2355 983 2382 latis
996 2353 1165 2389 prazsidium,
1176 2352 1369 2387 suppliciorum
1385 2351 1475 2384 tninis,
1488 2358 1520 2377 ac
1535 2350 1709 2385 praemiorum

921 2402 1112 2437 promissione,
1135 2407 1268 2435 quaerere,
1285 2404 1430 2433 utrumque
1452 2398 1549 2424 horum
1573 2404 1606 2424 ex
1630 2404 1708 2424 crea-

922 2449 990 2476 turis
1015 2447 1183 2475 desumendo
1200 2455 1207 2473 :
1226 2449 1369 2480 propterea
1393 2451 1562 2479 quaecunque
1582 2443 1614 2470 ad
1637 2443 1710 2470 hunc

922 2502 1034 2529 scopum
1060 2492 1242 2524 conducunt,
1266 2492 1364 2519 horum
1389 2490 1471 2517 etiam
1493 2489 1639 2517 crcationis
1668 2489 1710 2516 hi-

920 2541 1033 2568 slul‘ialll
1052 2539 1199 2575 pertexuit,
1216 2537 1249 2565 iis
1264 2545 1323 2572 qua:
1338 2544 1371 2564 eo
1391 2543 1445 2564 non
1468 2536 1643 2571 pertinebant
1663 2543 1708 2563 re-

77 2578 193 2609 σκοπὸν,
209 2578 315 2605 τούτων
339 2578 387 2605 καὶ
409 2580 530 2615 ἱστορίαν
546 2581 596 2617 τῆς
620 2582 755 2616 γενέσεως
771 2584 869 2611 ἀνετά-
916 2587 1007 2622 jectis.

78 2623 151 2658 ξατο,
168 2625 220 2651 ὅσα
233 2624 262 2651 δὲ
275 2625 344 2658 τέως
357 2625 388 2652 οὗ
405 2626 584 2661 κατήπειγεν,
602 2628 788 2664 ὑπερτίθεται.

111 2704 156 2731 “I
174 2704 239 2732 Cor.
252 2714 279 2738 ι,
296 2706 339 2733 16.
371 2707 395 2724 ³⁵
411 2708 476 2735 ibid.
488 2708 590 2741 20,21.
624 2710 647 2726 “
665 2710 673 2738 l
690 2711 754 2739 Cor.
770 2721 807 2746 ΣΙ,
827 2714 871 2742 94.

917 2715 939 2731 ⁸⁷
954 2714 1005 2742 Job
1026 2720 1126 2746 xxxtu,
1142 2713 1168 2739 ὕ.
1202 2712 1229 2728 ⁸⁸
1245 2711 1322 2740 Deut.
1350 2720 1447 2745 xxvm,
1467 2713 1513 2740 23‘.

721 2770 837 2799 VARI/£2
855 2771 1058 2800 LEGTIONES.

113 2823 138 2837 υ
146 2825 176 2837 -z

150 2824 191 2866 τῇ]
225 2825 232 2850 Ι
249 2825 313 2866 ρον.
341 2833 379 2858 tu,
395 2826 446 2866 _25.
482 2828 507 2866 ’ἶ
533 2828 605 2865 Ίὼὃ]
632 2830 676 2862 ‘53,
690 2830 720 2866 6.7
755 2831 778 2847 νο
795 2831 909 2858 alterum
924 2832 974 2866 τῆς
999 2831 1059 2859 add.
1076 2831 1107 2859 Α.
1145 2831 1167 2847 "
1179 2830 1397 2865 νουθετουμένων
1412 2831 1432 2858 Λ
1450 2839 1457 2857 :
1473 2828 1707 2866 νενουθετημένων

79 2865 110 2889 ς-
130 2861 176 2887 sed
202 2861 296 2888 malint
326 2862 572 2898 νομοθετουμένων.
597 2861 619 2880 ’¹
635 2865 721 2892 ἔσταιῖ
753 2866 829 2893 Deut.
859 2861 1014 2899 xxvmf‘lii.

1055 2867 1064 2882 ³
1076 2866 1176 2901 χαλκὸς
1195 2868 1227 2894 Α.
1267 2865 1276 2881 ³
1289 2866 1372 2892 αὐτοῦ
1384 2866 1403 2892 Α
1420 2875 1428 2893 :
1445 2865 1525 2892 αὐτὸν
1541 2873 1570 2897 ς.
