1916 3092
204 139 257 171 759

241 194 340 230 188a
365 194 466 222 Deinde
491 201 539 229 per
568 193 722 221 sensibilem
750 194 891 225 mundum,
931 197 991 219 tan-
1008 193 1028 220 Α

206 249 286 276 quam
305 248 353 275 per
377 240 536 274 imaginem,
551 239 637 266 voluit
652 238 740 267 Moses
766 239 898 266 artiﬁcem
923 237 992 272 ejus,

207 293 234 313 et
248 286 417 318 Creatorem,
436 286 468 312 iis
482 286 582 319 quibus
606 286 691 320 legem
708 285 810 313 ferebat
833 286 963 313 exhibere
984 293 991 311 :

207 332 251 365 qui
265 339 324 358 cum
343 335 407 358 tunc
418 332 508 358 adhuc
521 331 672 359 crassiores
685 337 787 364 essent,
801 337 827 359 et
839 333 884 359 vix
901 339 916 360 e
929 339 993 359 sen-

207 377 301 405 silibus
326 383 407 412 atque
422 377 545 411 cognatis
568 377 661 410 rebus,
679 385 772 405 eorum
793 385 854 412 quae
869 378 994 404 videntur

206 424 362 450 Creatorem
383 429 493 459 possent
507 431 692 458 cognoscere;
714 429 788 450 recte
806 423 869 450 Illud
894 422 991 449 conﬁci

207 477 259 495 non
278 469 374 504 potuit.
390 474 477 503 empta
489 469 523 496 ab
540 468 644 504 angelis
660 469 826 495 narratione.
839 467 876 494 Ex
894 468 994 502 ignotis

207 515 290 547 enim,
308 523 359 541 non
382 519 471 541 autem
487 523 520 542 ex
541 514 736 549 apparentibus
762 513 886 540 notitiam
910 512 993 547 ignoti

208 568 302 595 parare
327 561 405 592 velle,
429 561 533 588 inutilis
557 568 623 588 sane
644 565 757 587 conatus
779 564 837 591 est,
862 559 994 593 valdeque

207 606 344 635 inﬁrmus.
361 607 468 641 Alioqui
483 607 567 634 Deum
581 608 604 634 si
621 614 674 634 non
691 612 775 640 recte,
793 611 820 634 at
836 606 926 641 aliquo
941 606 995 633 sal-

209 657 262 679 tem
280 654 358 680 modo
379 653 491 682 Judaica
517 661 593 689 gens,
609 654 690 681 etiam
708 657 770 680 ante
796 653 880 686 legem
902 652 993 686 latam,

208 698 369 732 gloriﬁcavit
388 709 395 726 :
415 708 476 726 cum
493 699 651 735 angelorum
668 707 700 727 ne
715 698 919 734 appellationem
934 698 996 734 qui-

209 745 268 771 dem
293 745 413 772 novisset
427 753 479 772 uno
495 745 607 772 forsitan
632 751 660 773 et
685 745 748 773 item
765 744 850 772 altero
870 749 994 778 excepto,

208 790 307 824 quibus
335 791 360 817 id
383 792 470 818 sancti
487 791 604 826 Spiritus
637 792 722 826 gratia
759 791 901 819 revelarat.
924 789 996 818 Con-

209 836 299 862 ﬁrmat
313 844 371 870 quae
385 836 500 865 dicimus
513 836 564 864 hoc
578 837 611 869 δ’,
635 837 705 872 qttod
721 836 868 864 etiamnum
891 835 995 863 Saddn-

209 880 256 907 cmi
283 881 365 908 Deum
391 882 500 915 quidem
516 882 659 914 exsistere,
679 887 706 909 et
729 882 909 909 arcltiteCIum
934 889 996 910 esse

209 926 302 952 tnundi
322 927 450 960 fatentur,
466 935 527 954 cum
540 932 628 955 tamen
646 928 757 963 angelos
774 929 842 956 ullos
858 936 917 957 esse
934 936 996 964 per--

210 971 333 998 tinaciter
373 979 478 1008 negent.
505 973 667 1008 Angelornm
697 981 761 1001 vero
789 979 883 1001 natura
915 978 997 1010 atque

209 1017 352 1051 appellatio
363 1025 377 1044 a
392 1019 525 1053 principio
543 1019 645 1054 ignota,
656 1019 718 1046 inde
734 1020 849 1054 primum
868 1020 894 1047 in
907 1021 997 1048 notio—

210 1071 270 1090 nem
286 1064 371 1097 venit,
383 1072 414 1091 ex
429 1072 483 1099 quo
495 1065 611 1092 Abrahae
627 1066 653 1092 in
672 1064 754 1092 Deum
770 1067 857 1100 pietas
869 1067 995 1100 cognosci

208 1107 291 1142 «(epit
315 1117 322 1134 :
350 1109 421 1135 unde
443 1114 521 1135 aucta
545 1115 627 1143 atque
650 1109 830 1144 ampliﬁcata,
854 1109 880 1136 in
901 1118 996 1137 omnes

207 1153 304 1180 deinde
330 1154 388 1188 pios
416 1154 539 1181 derivata
568 1160 620 1182 est.
642 1156 802 1190 Quanquam
835 1156 885 1183 hos
912 1156 994 1183 etiam

207 1197 295 1225 Mosos
311 1198 337 1226 in
354 1198 405 1226 ﬁne
423 1207 478 1226 Suae
492 1199 617 1227 Historia).
633 1208 692 1227 cum
711 1201 763 1227 alia
788 1206 912 1228 creatura
928 1209 995 1229 con-

205 1245 322 1280 jtmgene
341 1254 347 1272 :
368 1245 518 1278 memim',
543 1247 641 1281 inquit,
667 1246 734 1279 caeli,
750 1252 774 1274 et
799 1248 908 1275 adorent
936 1256 995 1275 eum

207 1298 295 1316 omnes
311 1291 399 1326 angeli
414 1291 471 1326 ejus
487 1292 521 1319 ".

242 1337 363 1364 Tertium
381 1338 444 1364 illud
460 1340 533 1364 addit
545 1337 641 1367 Jobins
652 1348 658 1365 :
671 1340 693 1367 si
710 1340 826 1367 visibilia
839 1333 916 1368 nobis
928 1341 994 1368 vici-

208 1383 296 1414 niora,
315 1389 395 1417 atque
409 1385 442 1409 ad
456 1385 672 1418 cognoscendum
688 1387 805 1420 aptiora,
821 1395 902 1421 quatn
927 1387 996 1414 invi-

208 1429 295 1455 sibilia
311 1434 383 1462 sunt,
399 1436 471 1457 recte
486 1431 655 1459 sensibilium
668 1435 780 1461 tradens
793 1439 882 1461 orttnn
895 1434 993 1467 Moses,

209 1474 312 1507 majora
341 1476 475 1511 tantisper
501 1478 612 1505 rudibus
638 1479 746 1507 tradere
768 1480 803 1508 ob
828 1482 993 1508 inaccessam

207 1521 401 1554 diﬂicnltatem,
424 1527 452 1549 et
472 1531 532 1558 qua
554 1526 637 1552 multa
660 1527 794 1562 indigeret
816 1528 1031 1565 lnstrnctioneC

207 1566 319 1593 omittit.
335 1565 375 1593 Tu
396 1575 477 1600 porro
495 1569 537 1596 liic
553 1578 604 1597 una
620 1579 726 1598 mecum
744 1573 900 1606 considera,
913 1582 994 1602 unum

208 1617 269 1637 esse
282 1613 425 1640 admodum
438 1614 472 1641 de
482 1615 657 1644 sensibilibus
672 1618 824 1645 docendum
839 1619 913 1651 illud,
924 1621 995 1654 quod

209 1664 222 1681 a
241 1655 295 1683 Deo
317 1659 447 1692 producta
473 1662 528 1687 sint
545 1673 551 1689 :
570 1669 631 1689 cum
657 1663 690 1690 de
707 1664 922 1699 intelligibilibus
944 1666 998 1693 duo

209 1701 266 1728 haec
286 1701 406 1730 docenda
425 1706 544 1738 veniant,
562 1711 589 1733 et
605 1708 676 1742 quod
696 1709 761 1741 sint,
778 1715 805 1736 et
828 1710 899 1744 quod
920 1719 996 1739 snam

208 1754 241 1774 ex
255 1746 309 1774 Deo
324 1749 528 1777 subsistentiam
545 1754 710 1788 acceperint.
729 1753 876 1790 Propterea
890 1765 998 1793 quoque

209 1791 367 1826 angelormn
395 1802 447 1821 non
463 1796 587 1823 meminit
609 1797 711 1830 Moses,
724 1799 788 1826 dum
811 1801 904 1828 mundi
920 1791 998 1830 crea-

210 1839 310 1865 tionem
323 1847 435 1866 narrare
450 1841 566 1875 primum
581 1843 677 1878 incipit
690 1854 697 1878 ;
717 1853 750 1872 ne
765 1847 809 1881 qui
833 1846 903 1875 forte
918 1849 996 1876 ﬁdem

209 1883 291 1911 latins
319 1886 467 1914 extendere
495 1888 617 1923 cupiunt,
643 1897 724 1925 atque
752 1891 896 1920 instabiles
923 1899 997 1927 sunt,

210 1931 296 1965 ipsum
309 1939 415 1968 quoque
439 1934 594 1961 universum
611 1935 645 1962 ab
660 1937 763 1971 angelis
785 1939 922 1966 conditum
939 1949 998 1968 esse

209 1978 395 2011 opinarentur.
412 1981 440 2008 Si
463 1981 534 2008 enim
551 1989 613 2008 cum
638 1982 737 2009 nullam
755 1983 869 2018 hujusce
888 1993 997 2014 causam

209 2023 295 2052 Muses
317 2026 461 2054 scribendo
485 2027 599 2059 dederit,
623 2027 798 2055 Hebraeorum
827 2035 916 2058 tamen
945 2040 997 2059 non

209 2071 299 2103 pauci.
318 2077 345 2098 et
363 2073 461 2106 quibus
487 2073 583 2100 horum
602 2072 689 2107 placet
713 2081 802 2107 error,
821 2077 949 2103 mundum
964 2077 998 2104 ab

150 2148 158 2152 ’
209 2117 323 2151 angelis,
344 2125 457 2152 quaeque
482 2118 583 2145 mundo
607 2120 791 2152 continentur,
818 2126 910 2148 creata
936 2129 998 2150 esse

210 2169 356 2198 nugantur,
369 2169 470 2198 quanto
492 2165 584 2199 utique
605 2165 712 2192 auctior
725 2170 784 2193 erat
800 2165 908 2195 futurus
925 2175 997 2196 mor-

209 2210 268 2242 bus.
284 2210 307 2238 si
324 2211 388 2245 quid
402 2211 455 2237 tale
472 2212 505 2238 ab
527 2211 585 2245 ipso
601 2211 756 2246 legislatore
773 2212 847 2240 ldose
864 2215 994 2250 scriptum
1009 2205 1037 2236 Ῑ)

209 2256 316 2284 fuisset.
335 2257 410 2284 Nunc
431 2257 491 2284 vide
512 2258 575 2284 milii
593 2259 811 2286 ratiocinationis
826 2260 904 2295 lmjns
916 2269 997 2289 accu-

207 2303 351 2331 rationem.
368 2303 409 2330 Ab
428 2304 523 2330 Adami
548 2305 770 2339 prtevaricatione
787 2307 820 2333 ad
843 2316 927 2343 usque
941 2308 997 2336 Noe

207 2349 424 2381 generationem,
456 2351 614 2384 angelorum
653 2357 748 2379 natura
788 2353 815 2380 in
855 2354 996 2383 hominum

209 2395 306 2430 188i;
322 2396 504 2430 cognitionem
519 2397 631 2425 minime
653 2399 735 2427 venit.
754 2398 819 2432 Quae
836 2404 921 2435 prima
938 2410 997 2429 om-

207 2443 280 2468 llillnl
299 2446 365 2468 aetas
381 2441 472 2469 fuerit.
490 2443 529 2470 Ac
548 2452 580 2470 ne
595 2444 621 2470 in
641 2445 758 2471 secunda
777 2447 884 2480 quidem
906 2453 995 2481 :ctate,

207 2494 268 2520 qua:
286 2486 311 2513 in
327 2487 456 2513 audacem
471 2487 541 2514 illam
559 2489 643 2515 turris
659 2489 868 2516 aediﬁcationem
882 2491 993 2520 (ICalllil.

209 2532 262 2559 Sed
275 2540 325 2560 nee
343 2535 423 2560 tertia
438 2541 466 2561 se
476 2540 564 2569 potest
579 2539 645 2562 a-tas
660 2536 817 2571 angelorum
841 2539 996 2572 cognitione

204 2579 322 2613 jactare,
335 2588 394 2614 quae
405 2589 491 2615 usque
505 2580 568 2608 duiu
580 2581 717 2609 Abraham
733 2582 817 2609 Deum
830 2591 996 2618 cognoscere

206 2627 300 2661 coepit,
318 2631 346 2653 ut
361 2627 532 2655 manilestum
548 2634 600 2661 est,
615 2629 781 2655 extenditur.
797 2629 831 2655 At
853 2635 994 2663 postquam

207 2673 323 2699 Abrahae
336 2673 530 2707 promissiones
545 2673 607 2704 illae,
628 2681 689 2708 quae
710 2674 880 2700 Dominicam
900 2675 989 2702 incar-

256 2741 279 2758 ⁸³
296 2741 358 2769 Aet.
371 2749 449 2774 xxiii,
474 2741 503 2769 8.

779 136 913 168 PHOTII
931 133 1186 166 PATRIABCH/E
1201 135 1254 164 (ΣΡ.

1781 127 1834 161 760

1079 191 1211 225 Δεύτερον
1233 189 1278 215 διὰ
1291 187 1337 214 τοῦ
1352 187 1482 221 αἰσθητοῦ
1505 186 1608 221 κόσμου
1624 185 1662 217 ὡς
1677 184 1711 211 δι’
1728 185 1836 216 εἰκόνος

1043 237 1057 262 ὁ
1071 235 1174 269 Μωσῆς
1191 234 1237 261 τὸν
1253 233 1376 268 τεχνίτην
1393 230 1476 259 αὐτοῦ
1501 232 1548 257 καὶ
1573 229 1740 266 δημιουργὸν
1756 229 1837 256 E606-

1043 283 1104 309 λετο
1119 284 1175 313 τοῖς
1190 280 1432 316 νομοθετουμένοις
1446 277 1647 309 ὑποδεικνύναι,
1665 278 1712 304 ἆτε
1724 277 1756 312 δὴ
1769 277 1834 313 [509

1043 328 1090 364 ιι]
1106 327 1269 362 παχυτέροις
1284 326 1344 353 οὖσι
1359 324 1509 360 τηνικαῦτα
1523 323 1571 350 καὶ
1588 323 1663 357 μόλις
1681 323 1713 349 ἐκ
1727 321 1782 348 τῶν
1795 322 1836 348 αἱ-

1044 374 1151 410 σθητῶν
1168 374 1215 400 καὶ
1233 373 1390 408 συντρόφων
1414 372 1504 402 αὐτοῖς
1518 369 1675 406 δυναμένοις
1691 370 1836 396 κατανοεῖν

1042 421 1088 448 τὸν
1103 419 1273 454 Δημιουργδν
1288 419 1335 444 καὶ
1349 417 1473 452 τεχνίτην
1494 415 1549 443 τῶν
1567 415 1725 450 ὁρωμένων.
1747 414 1836 440 Τοῦτο

1043 467 1071 494 δὲ
1087 466 1140 493 ἀπὸ
1157 466 1206 500 τῆς
1223 465 1287 499 περὶ
1305 464 1436 498 ἀγγέλους
1458 462 1612 497 διηγήσεως
1626 461 1676 486 οὐκ
1690 460 1753 495 ἐνῆν
1769 468 1837 486 κατ-

1044 512 1155 548 ορθοῦν·
1173 513 1202 545 ἐξ
1218 511 1323 546 ἀδήλων
1338 510 1392 545 γὰρ
1407 509 1454 536 καὶ
1471 509 1521 536 οὐκ
1535 510 1567 534 ὲκ
1579 508 1649 534 τῶν⁴
1664 507 1838 541 φαινομένων

1044 559 1091 587 τοῦ
1109 558 1206 594 ἀδήλου
1229 558 1278 592 τὴν
1297 557 1398 591 γνῶσιν
1414 557 1544 591 παρέχειν
1567 554 1726 589 ἀσύμφορόν
1741 562 1770 580 τε
1788 554 1838 580 καὶ

1044 606 1106 632 λίαν
1121 603 1352 635 ἀσθενές.’Ᾱλλως
1367 611 1396 629 τε
1408 602 1436 629 δὲ
1458 603 1507 628 καὶ
1529 602 1596 628 Θεὸν
1621 601 1681 635 μὲν,
1697 601 1722 627 εί
1736 599 1782 626 καὶ
1798 600 1838 634 μὴ

1046 653 1145 688 ὀρθῶς,
1154 651 1211 678 ἀλλ’
1220 648 1266 678 οὖν
1275 651 1286 666 ⁵
1299 650 1431 685 ἀμηγέπη
1444 649 1474 675 τὸ
1491 648 1625 675 Ἰουδαίων
1638 647 1713 679 ἔθνος
1724 648 1771 674 καὶ
1783 647 1840 681 πρὸ

1046 699 1096 733 τῆς
1112 697 1272 733 νομοθεσίας
1289 696 1423 728 ἐδόξαζεν,
1441 695 1504 727 [600
1519 694 1565 730 IL]
1591 692 1713 728 ἀγγέλων
1730 693 1758 719 δὲ
1775 693 1839 720 οὐδὲ

1047 742 1233 778 προσηγορίαν
1254 740 1388 777 ¹Ινιτιίστατο
1414 739 1497 775 χωρὶς
1515 739 1573 771 ὲνδς
1590 739 1605 774 ἢ
1628 740 1674 765 καὶ
1696 738 1839 774 δευτέρου,

1046 786 1087 820 οἷς
1104 790 1120 824 ἡ
1136 788 1183 815 τοῦ
1201 787 1361 822 Πνεύματος
1376 785 1534 820 ἁπεκάλυψε
1549 785 1639 821 χάρις.
1656 785 1801 820 Μαρτυρεῖ
1809 784 1841 810 δὲ

1047 834 1078 860 τὸ
1093 834 1253 870 λεγόμενον,
1267 834 1307 861 δτι
1325 833 1372 860 καὶ
1398 832 1478 868 μέχρι
1502 832 1549 858 νῦν
1573 831 1604 858 τὸ
1627 831 1813 858 Σαδδουκαίων
1828 830 1842 846 ⁸

1048 882 1125 913 ἔθνος
1139 881 1206 908 Θεὸν
1222 881 1271 916 μὲν
1285 878 1354 907 εἶναι
1378 880 1425 906 καὶ
1447 878 1616 914 Δημιουργὺν
1635 878 1769 913 ὁμολογεῖ,
1786 879 1841 912 ἀγ-

1048 929 1143 964 γέλους
1165 928 1194 955 δὲ
1223 927 1355 963 μηδαμῶς
1380 926 1514 960 ὑπάρχειν
1530 923 1795 956 ὰπαυθαδὶζεται.Ἠ
1810 923 1841 950 δὲ

1047 976 1101 1003 τῶν
1124 973 1248 1009 ἀγγέλων
1271 972 1351 1007 φύσις
1374 972 1420 998 καὶ
1438 971 1532 1005 κλῆσις
1549 969 1609 997 κατ’
1624 970 1709 1004 ἀρχὰς
1725 969 1842 1002 ἀγνοου-

1049 1023 1117 1058 μένη
1134 1021 1239 1048 ἐκεῖθεν
1254 1021 1295 1051 εἰς
1307 1018 1408 1053 γνῶσιν
1424 1012 1655 1052 autumare?)
1668 1015 1697 1042 τὺ
1712 1014 1841 1045 θεοσεῦὲς

1046 1067 1094 1094 τοῦ
1113 1067 1238 1102 Ἀϐραὰμ
1263 1064 1433 1101 ἐγνωρίσθη·
1459 1063 1584 1091 ἐντεῦθεν
1605 1062 1742 1098 αὐξομένη
1767 1061 1842 1088 κατὰ

1047 1113 1189 1150 προκοπὴν
1204 1114 1244 1144 εἰς
1268 1111 1321 1138 πᾶν
1343 1111 1374 1137 τὸ
1400 1111 1454 1137 τῶν
1476 1109 1594 1136 εὐσεϐῶν
1617 1108 1723 1143 διεδόθη
1740 1108 1840 1143 γένος·

1047 1161 1117 1196 πλήν
1130 1169 1161 1194 γε
1176 1161 1223 1186 καὶ
1236 1160 1250 1185 ὁ
1259 1159 1362 1192 Μωσῆς
1372 1159 1381 1173 ⁷
1398 1155 1446 1185 ἐπὶ
1460 1157 1588 1192 τέλειτῆς
1599 1155 1660 1183 καθ’
1670 1154 1751 1182 αὑτὸν
1766 1155 1839 1181 ἱστο-

1049 1207 1119 1241 ρίας.
1133 1206 1245 1236 τούτους
1274 1206 1306 1240 τῇ
1332 1202 1400 1239 ἄλλῃ
1426 1203 1641 1237 συνταττόμενος
1665 1200 1765 1232 κτίσει,
1781 1201 1843 1227 Εὑ-

1046 1252 1207 1287 φρὰνθητε.
1230 1251 1361 1284 οὐρανοὶ,
1377 1250 1453 1284 φησὶ,
1471 1249 1521 1275 καί
1534 1246 1842 1282 προσκυνησάτωσαν

1047 1297 1160 1324 auter“
1176 1296 1287 1328 πάντες
1305 1295 1426 1330 ἄγγελοι
1444 1295 1528 1323 Θεοῦ.

1083 1341 1180 1377 Τρίτον
1206 1341 1292 1367 ἐκεῖνό
1317 1348 1410 1375 φησιν.
1428 1340 1459 1366 El
1473 1340 1528 1366 τῶν
1548 1339 1673 1374 ἀοράτων
1697 1338 1731 1365 τὰ
1753 1338 1845 1373 ὁρατὰ

1047 1387 1188 1421 ἐγγυτέρω
1204 1395 1232 1412 τε
1249 1385 1343 1421 ὴμῶν⁰
1361 1385 1409 1412 καὶ
1426 1385 1493 1420 πρδς
1508 1384 1607 1418 γνῶσιν
1625 1383 1842 1418 ἐπιτηδειότερα,

1047 1433 1165 1466 εὐλόγως
1189 1431 1243 1459 τῶν
1269 1431 1407 1466 αἰσθητῶν
1432 1430 1597 1466 παραδιδοὺς
1620 1430 1669 1463 τὴν
1691 1429 1800 1463 γένεσιν
1827 1430 1846 1456 6

1046 1479 1149 1513 Μωσῆς
1165 1478 1200 1504 τὰ
1220 1478 1306 1512 μείζω
1321 1478 1390 1509 τέως
1405 1478 1461 1508 τοῖς
1477 1476 1664 1511 εἰσαγομένοις
1677 1475 1722 1502 διὰ
1735 1475 1765 1502 τὸ
1779 1475 1848 1502 δυσ-

1047 1525 1157 1558 έφικτον
1171 1524 1219 1550 καὶ
1235 1524 1334 1558 πολλῆς
1351 1523 1542 1557 παιδαγωγίας
1557 1522 1683 1556 δεόμενον
1701 1521 1847 1556 παρατρέ-

1048 1579 1101 1606 χει.
1117 1570 1235 1597 Κάκεῖνο
1250 1569 1279 1596 δέ
1299 1577 1343 1604 μοι
1359 1567 1569 1604 συνεπιθεώρει·
1586 1567 1659 1599 Μιᾶς
1672 1566 1777 1593 ἔονται
1791 1567 1847 1602 τῆς

1048 1617 1223 1647 δδασκαλίας
1247 1616 1283 1642 τὰ
1306 1615 1433 1650 αἰσθητὰ,
1459 1615 1500 1641 ὅτι
1516 1613 1696 1650 προήχθησαν
1710 1615 1743 1640 ἐκ
1757 1613 1845 1644 Θεοῦ.

1047 1664 1082 1690 τὰ
1093 1663 1120 1688 δὲ
1133 1662 1215 1697 νοητὰ
1228 1661 1320 1696 διττὴν
1333 1661 1454 1692 ἀπαιτεῖ,
1471 1661 1511 1687 ὅτι
1526 1660 1555 1687 τέ
1568 1661 1621 1686 εἱσι
1637 1661 1684 1686 καὶ
1698 1659 1735 1691 ὡς
1748 1660 1764 1695 ἠ
1779 1659 1847 1685 τοὺ-

1048 1717 1103 1735 των
1116 1708 1243 1738 οὐσίωσις
1258 1707 1290 1733 ἐκ
1304 1706 1449 1733 Θεοῦ.”Ετι
1463 1706 1490 1732 δὲ
1506 1705 1630 1741 ἀγγέλων
1646 1705 1696 1732 οὐκ
1716 1704 1848 1741 ἐμνήσθη

1048 1753 1098 1788 τῆς
1113 1751 1340 1787 κοσμογενείας²⁰
1356 1751 1557 1786 ἀπαρχόμενος,
1572 1751 1617 1777 ἵνα
1642 1750 1678 1786 μή
1700 1758 1773 1782 τινες
1788 1750 1848 1777 τῶν

1048 1799 1214 1834 εὑριπίστων
1228 1807 1258 1824 τε
1272 1797 1319 1824 καὶ
1336 1797 1527 1832 εὐμεταδόλων
1541 1798 1575 1824 δι’
1591 1797 1715 1831 ἀγγέλων
1735 1798 1765 1823 τὸ
1786 1798 1849 1824 πᾶν

1049 1844 1199 1879 ὑποστῆναι
1215 1853 1244 1870 τε
1260 1844 1308 1870 καὶ
1318 1843 1555 1879 δημιουργηθῆναι
1568 1842 1726 1875 δοξάσωσιν.
1744 1842 1776 1869 Ei
1787 1843 1848 1879 γὰρ

1049 1892 1096 1917 καὶ
1114 1890 1251 1926 μηδεμίαν
1268 1890 1395 1926 ἀφορμὴν
1411 1890 1536 1921 Μωσέως
1559 1889 1630 1916 κατὰ.
1647 1889 1696 1924 τὴν
1719 1897 1850 1924 συγγρα-

1049 1936 1103 1970 φὴν
1115 1936 1302 1970 παρασχόντος
1313 1937 1333 1951 ¹¹
1347 1935 1421 1969 ὅμως
1440 1935 1573 1971 Ἐϐραίων
1585 1943 1613 1961 τε
1625 1935 1675 1961 οὐκ
1686 1935 1782 1969 ὀλίγοι,
1795 1936 1850 1963 χαὶ

1049 1979 1089 2012 οἷς
1103 1981 1180 2015 φίλον
1203 1982 1220 2016 ὴ
1243 1981 1355 2007 ἐκείνων
1370 1982 1473 2016 ἀπάτη,
1492 1981 1524 2007 δι’
1538 1980 1662 2015 ἀγγέλων
1676 1980 1721 2007 τὸν
1738 1981 1850 2015 κόσμον

1048 2027 1095 2052 καὶ
1109 2026 1143 2053 τὰ
1157 2027 1186 2052 ὲν
1201 2026 1240 2060 τῷ
1257 2027 1352 2062 κόσμῳ
1371 2027 1609 2062 δημιουργηθῆναι
1623 2027 1848 2062 παραληροῦσιν,

1049 2073 1095 2099 ἐπὶ
1109 2073 1242 2099 πόσονᾶν
1263 2073 1312 2098 οὐκ
1328 2073 1486 2107 ἐπενεμήθη
1503 2073 1532 2098 τὸ
1547 2073 1664 2108 νόσημα,
1679 2074 1741 2099 εἴτι
1756 2074 1850 2100 τοιοῦα

1048 2127 1094 2144 τον
1108 2118 1147 2153 τῷ
1159 2118 1292 2153 νομοθέτῃ
1307 2118 1511 2153 ἀνεγέγραπτο;
1530 2120 1577 2145 καὶ
1591 2119 1642 2154 ὅρα
1659 2129 1704 2154 μοι
1720 2119 1770 2154 τὴν
1796 2121 1849 2147 τοῦ

1048 2166 1129 2200 λόγου
1142 2166 1371 2200 ἀκρίσειαν.’Λπὸ
1388 2167 1478 2193 τοίνυν
1495 2167 1545 2201 τῆς
1567 2167 1747 2202 παραϐάσεως
1757 2167 1850 2202 Ἀδὰμ.

1052 2213 1135 2248 μέχρι
1150 2213 1199 2248 τῆς
1217 2212 1279 2238 Νῶε
1292 2213 1389 2246 γενεᾶς
1403 2213 1527 2246 ἀγγέλων
1541 2212 1621 2248 φύσις
1635 2213 1674 2244 εἰς
1690 2213 1849 2249 ἀνθρώπων

1050 2259 1152 2293 γνῶσιν
1175 2258 1226 2285 οὐκ
1249 2259 1377 2293 ἀφίκετο·
1397 2259 1522 2294 περίοδος
1542 2259 1557 2286 ζ
1582 2259 1613 2285 ἣν
1637 2260 1679 2295 εἴη
1704 2260 1775 2296 αὕτη
1797 2261 1849 2288 τοῦ

1051 2306 1145 2341 χρόνου
1160 2306 1267 2341 πρώτη.
1283 2306 1320 2332 Οὐ
1338 2307 1391 2341 μὴν
1402 2306 1463 2332 οὐδὲ.
1477 2307 1547 2333 κατὰ
1562 2306 1610 2342 τὴν
1624 2306 1754 2342 δευτέραν
1766 2308 1850 2343 περί-

1050 2353 1126 2385 οδον,
1141 2353 1204 2387 ἧτις
1228 2353 1267 2384 είς
1291 2353 1339 2387 τὴν
1364 2353 1545 2388 πυργοποιίας
1568 2353 1702 2388 ἀπολήγει
1729 2353 1847 2387 τόλμαν.

1056 2399 1126 2426 Ἀλλ’
1141 2399 1224 2434 οὺδ’ή
1248 2398 1327 2434 τρίτη
1350 2399 1397 2425 τοῦ
1415 2399 1511 2434 χρόνου
1528 2399 1651 2434 περίοδος
1670 2399 1702 2434 τῇ
1724 2399 1779 2425 τῶν
1794 2399 1849 2433 ἀγ-

1050 2446 1136 2480 γέλων
1152 2445 1207 2480 ἔχει
1224 2444 1322 2479 γνώσει
1345 2444 1534 2480 σεμνύνεσθαι,
1552 2445 1612 2480 ἣτις
1628 2445 1709 2480 μέχρι
1724 2444 1776 2479 τῆς
1796 2445 1850 2472 τοῦ

1056 2491 1183 2527 Ἀϐραὰμ
1199 2490 1374 2525 θεογνωσίας,
1389 2490 1427 2522 ὠς
1439 2490 1530 2525 δῆλον,
1548 2490 1754 2525 παρατείνεται.
1765 2490 1850 2518 Ἑπεὶ

1050 2537 1078 2564 δὲ
1094 2537 1142 2572 ίτῷ
1162 2536 1287 2572 Ἀϐραὰμ
1310 2537 1338 2562 αί
1353 2536 1485 2571 συνθῆκαι
1501 2536 1551 2572 τὴν
1565 2535 1733 2572 Δεσποτικὴν
1748 2537 1849 2572 ἐπιδη-

1051 2582 1116 2617 μίαν
1136 2581 1218 2608 οίονεὶ
1241 2580 1414 2616 ϐεμελιοῦσαί
1429 2589 1459 2607 τε
1476 2580 1522 2607 καὶ
1539 2580 1811 2616 προδιοικονομοῦσαι
1824 2581 1849 2596 ¹¹

1050 2628 1189 2662 γεγόνασι,
1205 2628 1252 2654 καὶ
1265 2627 1368 2663 ἤρξατο
1382 2627 1482 2662 μᾶλλον
1495 2626 1525 2652 τὸ
1536 2626 1706 2661 ἀνθρώπινον
1720 2625 1760 2661 τῷ
1772 2628 1848 2660 φωτὶ

1045 2676 1095 2711 τῆς
1109 2674 1238 2710 ἀληθείας
1251 2674 1314 2706 τοὺς
1336 2674 1387 2708 τῆς
1402 2673 1520 2705 διανοίας
1539 2672 1603 2709 [510
1618 2671 1667 2709 Η.]
1682 2672 1846 2708 ὀφθαλμοὺς

556 2743 581 2758 ⁵⁸
596 2742 676 2770 Deut.
704 2750 792 2775 xxxn,
821 2743 857 2770 [ἡ
886 2751 943 2772 sec.
974 2743 1057 2770 LXX.

848 2790 963 2819 VARle
977 2789 1183 2818 LECTIONES.

243 2835 255 2850 ⁸
267 2835 397 2877 itaadd.
413 2835 446 2863 A.
476 2837 495 2877 "
512 2835 644 2877 o§v1__|ibri
659 2837 718 2877 οὐχ.
758 2838 768 2853 ⁸
781 2840 811 2864 τὸ
841 2839 919 2877 Σαδδ.
959 2840 1021 2877 Αειἶ
1037 2846 1114 2870 nm.
1131 2838 1159 2865 8.
1182 2838 1207 2877 _'
1231 2837 1246 2863 ὁ
1262 2836 1380 2877 Μωσῆς]
1393 2836 1472 2877 ρειιι.
1509 2844 1595 2877 χχιιι,
1610 2836 1657 2864 ﬂ.
1692 2836 1792 2873 ἀὐτῷ
1807 2848 1843 2873 ς,

208 2870 261 2899 ’τι
274 2871 353 2906 ἡμῶν
375 2872 396 2898 Λ
411 2881 418 2900 :
436 2872 502 2907 πρὸς
530 2870 603 2907 ἡμᾶς
618 2882 648 2906 ς.
687 2873 709 2888 ¹⁰
723 2875 904 2909 κοσμογονίας
931 2884 962 2908 ς.

1003 2874 1022 2890 ¹¹
1048 2873 1251 2909 παρατυχόντος
1280 2881 1310 2906 ς.

1361 2872 1382 2889 ³³
1399 2872 1605 2908 διοικονομοῠσα
1625 2880 1657 2906 ς.
