1916 3092
224 112 279 144 763

225 175 284 194 nem
307 166 466 194 retulerunt.
482 166 561 194 Unde
575 174 628 194 non
653 167 680 195 in
704 168 904 197 multitudinem
922 169 1009 197 solum
1025 171 1048 199 Α

224 214 335 241 deorum
354 212 462 248 quidam
477 220 538 240 sese
550 213 710 245 edederunt.
725 213 773 241 sed
785 219 813 242 et
825 215 896 241 bono
911 215 1011 240 malum

225 262 401 292 opponentes,
428 257 546 285 universi
571 258 793 292 gubernationem
819 259 1012 287 indivisibiletn

225 304 252 330 in
284 305 434 330 contrarias
461 304 644 338 providentias
669 305 867 332 distraxerunt.
897 305 1012 338 Quidam

227 355 332 376 rursum
348 348 493 376 individua
510 355 537 376 et
559 357 605 384 per
622 350 713 377 omnia
729 351 843 386 aequalis
858 351 1013 379 Divinitatis

225 397 358 424 divisores
382 405 492 425 amaros
514 402 595 432 atque
613 397 726 431 iujttstos
750 406 780 426 se
802 398 1012 431 constituentes,

226 446 279 469 tota
309 442 354 469 Dei
374 442 515 476 majestate
536 441 608 469 Patri
625 443 767 475 attributa,
784 442 883 470 Filium
900 450 932 470 ac
949 442 1011 477 Spi-

225 489 306 514 ritum
324 493 446 515 sanctnm
466 488 499 514 ab
523 487 642 521 ejusdem
671 493 772 516 natura
799 488 1014 524 participatiOne

226 533 383 568 repulerunt
398 541 405 559 :
422 535 473 561 hoc
492 541 542 568 pro
569 541 617 561 sua
635 534 772 562 dementia
789 538 919 568 prmlexlu
937 541 1014 565 arre-

227 584 282 615 pto,
295 580 366 614 quod
380 584 407 607 et
419 579 501 606 Deum
520 588 603 606 unum
617 580 707 615 (quem
723 581 804 608 etiam
823 580 930 607 Patrem
947 587 1015 615 pra:-

227 626 299 652 tlicat
313 630 391 652 vetns
409 624 476 660 Lex)
493 626 674 656 τοιοῦτοι-(ειη,
689 621 716 653 et
741 633 838 653 noxam
855 626 1016 653 adducentis

226 672 345 698 audaciae
353 676 435 704 esset,
444 671 541 698 Filium
548 672 589 699 vel
603 673 732 706 Spiritum
744 672 828 699 Deum
836 671 1014 700 conliteri.Ex

228 718 270 744 his
284 725 350 744 vero
365 718 465 744 fuerint
479 723 532 744 tum
550 719 595 752 qui
606 718 764 754 ignorantia
778 718 839 745 Filii
855 723 883 745 et
898 718 1016 753 Spiritus

227 764 397 796 laborarunt;
407 768 538 798 quotquot
546 764 673 791 nimirum
687 763 840 791 Judxeorum
854 769 938 799 atqtte
949 771 1017 799 gen-

227 809 316 836 tilium
333 809 458 837 tahel‘eeit
470 817 566 842 error;
578 814 633 837 tum
647 810 691 845 qui
704 810 816 837 scientia
833 810 954 845 quidem,
968 810 1015 837 sed

228 855 317 882 fallaci
334 856 437 889 praediti
454 856 495 892 (ut
516 856 597 884 Arius
616 861 698 891 atque
714 855 911 891 llacedoniani)
926 856 1015 891 ipsum

227 901 381 929 Creatorem
392 901 474 935 impie
482 902 562 928 rebus
573 902 674 928 creatis
684 901 1019 935 annttnteraveruut.lVide

228 949 320 984 igitur,
344 948 453 983 quando
470 948 513 975 hic
525 956 604 975 error
618 948 694 982 longe
707 947 774 974 adeo
788 947 896 982 lateque
914 946 1018 974 invale-

1034 840 1055 868 Β

228 1002 307 1022 scere
331 994 436 1029 potuit;
453 994 474 1020 si
491 993 573 1021 etiam
587 993 735 1020 creatiouis
752 993 872 1020 universi
901 993 1018 1027 dignitas

228 1037 339 1065 deﬁnite
348 1037 419 1064 Patri
429 1037 644 1067 essetattributa
654 1057 662 1069 ,
673 1041 858 1070 praetereaque
868 1036 1020 1070 redemptio

228 1091 309 1118 atque
322 1083 466 1118 judicium,
487 1083 549 1117 quis
566 1090 619 1109 non
634 1082 723 1116 impiis
741 1081 883 1109 dementia:
896 1081 972 1108 color
984 1089 1016 1109 ac

230 1135 378 1164 prietextus
403 1129 619 1163 contingeretur.
637 1136 692 1162 quo
714 1127 812 1155 Filium
837 1134 869 1154 ac
889 1127 1019 1161 Spiritum

230 1182 366 1207 sanctum,
378 1175 418 1202 vel
434 1174 509 1201 nullo
519 1173 599 1201 modo
608 1173 761 1201 subsistere
773 1173 814 1200 vel
825 1170 1019 1200 subsistentem

231 1222 256 1249 in
272 1226 458 1249 creaturarum
474 1219 599 1247 ordinem
631 1219 754 1254 redigere
785 1218 935 1245 auderent?
957 1217 1023 1245 Pro-

229 1273 323 1304 pterea
339 1268 422 1301 igitur
437 1266 518 1294 Pater
539 1265 606 1292 Filio
615 1265 686 1300 justa
700 1265 734 1292 de
756 1271 838 1291 causa
860 1263 941 1296 cedit,
959 1271 1020 1291 cum

229 1313 378 1340 t-reationis
403 1312 534 1346 dignitate
559 1312 591 1338 ab
616 1310 705 1342 initio,
728 1314 784 1336 tum
806 1309 1018 1343 reformationis,

229 1363 286 1386 tum
311 1359 392 1385 etiam
414 1357 520 1392 judicii.
543 1356 638 1392 189i:
671 1356 864 1383 Verumtamen
880 1364 933 1383 non
955 1356 978 1383 si
994 1356 1020 1384 in

229 1413 323 1432 eorum
339 1404 442 1438 aliquo,
461 1411 520 1437 qua:
536 1403 615 1429 modo
632 1402 761 1434 diximus,
784 1401 852 1428 Filio
874 1402 955 1429 cessit
969 1401 1022 1428 Pa-

231 1455 283 1481 ter.
300 1457 361 1476 mox
376 1449 458 1476 etiam
477 1448 503 1475 iu
518 1447 644 1475 omnibus
662 1449 756 1474 cessit.
772 1445 864 1482 Neque
882 1447 955 1474 enim
970 1446 1022 1474 hoc

231 1496 400 1531 disponentis
423 1494 513 1522 omnia
540 1495 677 1528 sapienter
703 1492 886 1520 Providentiae
919 1491 1021 1525 fuerit,
1037 1506 1058 1535 ο

230 1541 450 1577 quandoquidem
468 1540 512 1567 tali
539 1539 611 1566 nulla
636 1539 744 1574 penitus
767 1542 915 1573 apparente
939 1545 1021 1566 occa-

231 1589 317 1620 sione,
342 1587 419 1614 multi
433 1586 577 1621 impiorum
595 1585 646 1612 duo
671 1584 846 1612 Testamenta
870 1584 1018 1611 contrariis

234 1632 434 1668 legislatoribus
449 1631 636 1665 assignarunt.
652 1630 742 1664 Quare
756 1629 928 1657 convenienti
945 1637 1023 1664 pror-

231 1687 297 1711 sus,
321 1686 435 1714 quaeque
457 1677 539 1704 Deum
566 1677 660 1704 deceat
688 1676 812 1708 ratione,
831 1680 859 1703 et
883 1676 1023 1710 sapientiae

233 1725 311 1760 plena
323 1723 537 1759 dispensatione,
549 1722 619 1750 Filio
633 1730 685 1749 non
702 1722 829 1750 formatio
843 1723 929 1750 solum
941 1728 1022 1758 atque

233 1771 406 1804 reformatio,
424 1770 470 1798 sed
494 1770 627 1805 judicium
646 1776 752 1804 quoque
770 1768 831 1804 (etsi
857 1769 942 1796 tribus
963 1777 1023 1804 per-

233 1817 310 1845 sonis
331 1817 486 1844 communia
504 1816 561 1844 haec
583 1815 649 1850 sint)
669 1823 717 1849 per
732 1815 922 1842 excellentiam
945 1817 1023 1843 attri-

233 1864 362 1891 buuntur.
376 1861 421 1890 Sic
433 1863 514 1897 igitur
524 1861 660 1896 objectatn
674 1861 852 1896 qmestionem
866 1861 913 1888 Dei
927 1869 1023 1889 amans

233 1909 351 1945 scriptor
376 1909 421 1936 hic
444 1908 590 1936 dissolvit:
609 1907 652 1934 cui
679 1911 707 1934 et
727 1906 779 1934 alia
801 1906 945 1940 accedunt,
963 1915 1023 1942 quae

234 1962 326 1990 parem
357 1961 526 1989 nequaquam
555 1961 617 1981 cum
651 1952 845 1988 suprascriptis
877 1952 1021 1981 utilitatem

236 2000 346 2028 habent.

801 115 934 146 PHOTII
954 114 1206 145 PATRIARClI/E
1221 115 1276 145 ΕΡ.

1801 112 1865 144 76l-

1062 168 1125 203 γίαν
1140 169 1261 203 αἱρέσεις
1282 167 1455 204 προσέκοψαν
1466 168 1502 201 ⁸⁸,
1520 167 1567 194 καὶ
1579 167 1671 203 οἱμὲν
1683 168 1728 195 τὸν
1742 168 1792 195 ἕνα
1809 170 1867 197 καὶ

1065 216 1104 247 ὡς
1120 215 1229 251 ἀληθῶς
1249 215 1421 251 Δημιουργὸν
1445 216 1627 250 ἀγνοήσαντες
1654 215 1718 251 [512
1743 216 1793 253 Η.]
1819 217 1869 249 εἰς

1065 262 1166 293 πολλάς
1184 263 1273 294 αἰτίας
1287 262 1337 297 τὴν
1361 261 1416 288 τῶν
1443 260 1528 288 ὄντων
1557 261 1662 296 ἀνῆψαν
1691 262 1866 296 ὑπόστασιν,

1038 341 1041 344 ν
1066 305 1131 333 ινιοι
1146 307 1167 333 δ’
1183 307 1229 333 οὖν
1239 307 1290 333 οὐκ
1312 308 1351 337 είς
1368 306 1470 341 πλῆθος
1486 306 1566 342 μόνον
1582 306 1650 334 θεῶν
1673 307 1865 343 ἐξεχύθησαν,

1050 393 1052 395 Ι
1064 352 1134 379 ἀλλὰ
1148 353 1195 379 καὶ
1208 352 1247 387 τῷ
1264 352 1358 387 ἀγαθῷ
1378 352 1495 388 πονηρὸν
1508 352 1723 385 άντανιστῶντες
1738 354 1789 390 τὴν
1802 355 1867 381 τῶν

1056 398 1133 426 ,ὅλων
1143 399 1290 434 ἀμέριστον
1299 398 1460 426 ἐπιστασίαν
1467 398 1507 430 εἰς
1518 399 1711 434 ἀντικειμένας
1723 401 1868 436 προνοίας

1064 443 1212 478 διέσχισαν.
1226 444 1303 476 Τινὲς
1318 444 1347 470 δὲ
1362 443 1409 470 καὶ
1423 444 1472 479 τῆς
1490 444 1612 479 ἀμεροῦς
1626 444 1673 471 καὶ
1685 445 1730 471 διὰ
1744 445 1866 472 πάντων

1065 489 1097 516 τὸ
1124 490 1181 516 ῐσον
1204 489 1320 524 ἐχούσης
1352 489 1479 524 θεότητος
1506 489 1636 525 μεριστάς
1664 491 1782 526 πικροὺς
1810 493 1868 519 καὶ

1067 534 1177 566 ἀδίκους
1200 536 1270 569 σφᾶς
1296 535 1393 567 αὐτοὺς
1418 535 1644 570 προκαθίσαντες,
1669 537 1730 563 ὅλον
1746 537 1779 564 τδ
1796 537 1867 564 Θεο-

1066 580 1170 614 πρετιὲς
1189 579 1228 614 τῷ
1243 579 1330 615 Πατρί
1345 579 1581 614 περικλείσαντες,
1601 580 1647 607 τὸν
1674 581 1741 608 Υἰδν
1759 582 1814 608 καὶ
1831 583 1867 608 τὸ

1066 625 1178 660 Πνεῦμα
1199 626 1250 660 τῆς
1272 625 1411 660 συμφυΐας
1437 625 1593 659 ἀπώσαντο,
1618 627 1784 662 προφάσεως
1811 627 1867 663 (ὡς

1067 670 1191 706 ενόμιζεν
1206 671 1295 698 αὐτῶν
1308 670 1339 697 τὸ
1351 670 1492 706 ἀσύνετον)
1505 671 1749 707 περιδρασσόμενοι
1768 673 1814 700 ὅτι
1830 673 1867 707 δή

1068 726 1120 744 που
1135 717 1200 744 Θεὸν
1215 717 1274 750 ἕνα,
1287 717 1317 743 ὃν
1331 717 1379 744 καὶ
1399 717 1507 753 Πατέρα
1521 718 1610 753 ὑμνεῖ,
1627 718 1662 745 τὰ
1677 719 1787 745 Παλαιά
1808 719 1870 746 N6-

1070 771 1143 799 μιμα
1155 762 1385 798 ἀνακηρύττουσι,
1399 763 1446 789 καὶ
1469 763 1573 798 τόλμης
1588 764 1664 789 ἐστὶν
1679 763 1803 800 ἀγούσης
1824 766 1870 796 είς

1069 809 1243 844 παρανομίαν
1265 808 1330 835 Θεὺν
1348 810 1393 836 τὸν
1411 808 1473 835 Υἰὺν
1490 808 1507 844 ἢ
1527 809 1559 835 τὸ
1581 808 1693 844 Πνεῦμα
1714 810 1867 845 συνομολο-

1069 855 1139 889 γεῖν.
1155 854 1263 882 Τούτων
1270 854 1294 881 δ’
1305 854 1338 881 ἂν
1348 852 1403 880 εἷεν
1413 855 1526 888 ἄγνοιαν
1542 854 1591 890 μὲν
1607 855 1654 882 τοῦ
1669 855 1734 882 Υίσιῦ
1752 857 1802 882 καὶ
1815 856 1869 882 τοῦ

1071 900 1228 936 Πνεύματος
1255 901 1462 936 ὲκνοσήσαντες,
1483 900 1556 932 ὅσοις
1574 901 1596 917 ¹¹
1617 901 1649 927 τὸ
1662 901 1812 929 Ἰουδαϊκόν
1835 911 1869 929 τε

1070 947 1117 973 καὶ
1139 945 1292 981 Ἑλληνικὸν
1309 945 1424 981 ὲνετάκη
1442 946 1580 981 φρόνημα,
1596 947 1621 973 οἱ
1638 947 1667 974 δὲ
1683 947 1788 982 γνῶσιν
1810 948 1870 983 μὲν

1070 992 1207 1027 ἐπισφαλῆ
1221 991 1250 1018 δὲ
1263 991 1441 1026 κτησάμενοι,
1455 991 1549 1027 ὥσπερ
1563 993 1597 1019 ’Δ
1604 1001 1676 1028 ρειος
1691 993 1739 1019 καὶ
1749 994 1774 1019 οἱ
1790 995 1871 1020 κατά

1070 1036 1246 1066 Μακεδόνων.
1268 1036 1293 1063 οἳ
1323 1036 1509 1072 συνηρίθμουν
1529 1037 1619 1069 ἀθέως
1647 1039 1680 1073 τῇ
1703 1038 1794 1065 κτίσει
1816 1039 1871 1065 τὸν

1071 1081 1218 1108 Κτὶσαντα.
1242 1082 1314 1117 Ὀρα
1341 1081 1399 1114 οὖν,
1425 1082 1476 1116 τῆς
1499 1083 1627 1118 τοιαύτης
1650 1083 1755 1119 πλάνης
1774 1083 1872 1115 οὕτως

1071 1127 1246 1160 ἐπιπολάζειν
1274 1120 1489 1166 κατισχυούσης,
1510 1129 1534 1155 εί
1551 1128 1600 1155 καὶ
1617 1129 1648 1156 τὸ
1663 1128 1714 1164 τῆς
1727 1129 1872 1164 δημιουρ-

1071 1173 1133 1207 γίας
1149 1173 1204 1200 τῶν
1226 1173 1295 1200 ὅλων
1312 1174 1422 1209 ἀξίωμα
1447 1174 1649 1210 ἀφωρισμένως
1672 1176 1871 1212 προσανετέθη

1071 1220 1110 1256 τῷ
1122 1221 1220 1256 Πατρὶ,
1233 1219 1292 1248 εἶτα
1314 1222 1362 1248 καὶ
1381 1222 1399 1256 ὴ
1420 1221 1573 1254 ἀνάπλασις
1591 1222 1637 1248 καὶ
1652 1223 1668 1257 ὴ
1681 1223 1784 1258 κρίσις,
1798 1223 1873 1250 ποια

1073 1266 1171 1301 μανίας
1194 1267 1246 1293 οὐκ
1265 1267 1298 1294 ἂν
1319 1267 1495 1294 διεπλάττετο
1515 1269 1572 1300 τοῖς
1595 1268 1706 1295 ἀσεϐέσι
1723 1268 1873 1304 πρόφασις

1073 1311 1137 1347 [6οι
1159 1311 1206 1348 IL]
1235 1313 1275 1344 εἰς
1296 1312 1327 1340 τὸ
1342 1312 1387 1339 τὸν
1404 1313 1454 1348 μὲν
1468 1313 1533 1339 Υίδν
1547 1313 1635 1339 καὶτὸ
1647 1313 1760 1348 Πνεῦμα
1774 1314 1873 1350 fin-136'

1072 1358 1139 1389 ὅλως
1162 1358 1321 1392 ὑφεστάναι,
1339 1359 1355 1394 ἢ
1375 1359 1422 1385 καὶ
1441 1358 1584 1393 ὑφεστῶτα
1601 1359 1642 1390 εἰς
1666 1359 1715 1395 τὴν
1729 1359 1785 1386 τῶν
1803 1368 1875 1386 κτι-

1073 1404 1185 1438 σμάτων
1208 1405 1300 1439 χώραν
1323 1404 1486 1432 ἀπελαύνειν
1515 1405 1788 1440 καταθρασύνεσθαι;
1822 1405 1876 1433 διὰ

1073 1449 1151 1476 τοῦτο
1165 1449 1213 1476 οὖν
1224 1450 1238 1475 ὁ
1253 1450 1348 1485 Πατὴρ
1357 1449 1396 1485 τῷ
1412 1449 1469 1485 Υἱῷ
1483 1449 1666 1485 οἰκονομικῶς
1680 1449 1875 1483 ὑπεξίσταται

1074 1496 1124 1530 τῆς
1138 1504 1168 1522 τε
1184 1495 1244 1522 κατ’
1256 1495 1342 1530 ἀρχὰς
1353 1495 1535 1531 δημιουργίας
1549 1496 1597 1522 καί
1613 1495 1661 1529 τῆς
1672 1496 1875 1529 ἀναπλάσεως,

1075 1538 1135 1568 εἶτα
1149 1542 1197 1569 καὶ
1210 1541 1261 1576 τῆς
1277 1541 1403 1576 κρίσεως.
1422 1541 1459 1567 Οὐ
1475 1541 1528 1576 μὴν
1541 1541 1599 1567 ἀλλ’
1615 1541 1670 1568 οὐδ’
1686 1542 1710 1567 εἰ
1720 1542 1775 1568 τῶν
1791 1542 1877 1576 εἰρη-

1075 1587 1165 1623 μένων
1189 1587 1239 1623 μέν
1254 1596 1329 1619 τινος
1352 1588 1367 1613 ὁ
1391 1586 1486 1623 Πατὴρ
1506 1586 1642 1623 ὑπεξέστη
1670 1587 1709 1623 τῷ
1728 1587 1803 1622 Υἰῷ,
1833 1588 1878 1624 μὴ

1075 1634 1186 1661 πάντων
1205 1634 1233 1660 δὲ
1255 1633 1310 1661 τῶν
1325 1634 1488 1669 εἰρημένων,
1516 1634 1577 1660 οὐδὲ
1602 1634 1681 1661 τοῦτο
1697 1634 1731 1660 ἂν
1759 1631 1795 1669 ἦν
1819 1637 1878 1668 τῆς

1074 1680 1164 1706 πάντα
1180 1678 1269 1713 σοφῶς
1286 1678 1482 1714 οίκονομούσης
1502 1678 1643 1714 Προνοίας,
1661 1679 1728 1705 ὅπου
1741 1687 1774 1713 γε
1799 1680 1877 1714 μηδὲ

1075 1726 1205 1760 τοιαύτης
1224 1725 1247 1741 ¹²
1277 1725 1347 1756 ὅλως
1375 1724 1598 1760 ὑποφαινομένης
1621 1725 1749 1760 ἀφορμῆς
1774 1725 1877 1751 πολλοὶ

1075 1771 1130 1798 τῶν
1146 1770 1254 1798 ἀσεϐῶν
1270 1771 1321 1802 τὰς
1343 1770 1390 1797 δύο
1407 1770 1540 1804 διαθήκας
1560 1770 1693 1802 ἐναντίοις
1707 1770 1878 1805 νομοθέταις

1075 1817 1255 1852 διενείμαντο.
1303 1817 1385 1842 Ὥστε
1422 1816 1581 1851 ὲναρμόστῳ
1604 1823 1634 1842 τε
1654 1817 1702 1842 καὶ
1722 1816 1880 1851 θεοπρεπεί

1074 1862 1146 1897 λόγῳ
1177 1863 1225 1888 καὶ
1250 1861 1390 1896 οἰκονομίᾳ
1405 1860 1609 1895 πεπληρωμένη
1635 1862 1732 1894 σοφίας
1754 1859 1795 1894 τῷ
1813 1860 1878 1894 Υἱῷ

1076 1909 1124 1934 καὶ
1141 1908 1157 1942 ἡ
1172 1908 1271 1939 πλάσις
1288 1906 1336 1934 καὶ
1357 1907 1374 1941 ή
1388 1905 1542 1937 ἀνάπλασις
1565 1906 1611 1932 καὶ
1637 1906 1655 1940 ἡ
1673 1905 1764 1940 κρίσις
1785 1905 1844 1931 κᾶν
1852 1905 1879 1922 ’³

1076 1952 1131 1979 τῶν
1143 1952 1228 1988 τριῶν
1241 1951 1418 1978 ὑποστάσεων
1438 1950 1481 1986 εἴη
1504 1950 1593 1977 ταῦτα
1608 1950 1695 1982 κοινὰ,
1714 1949 1777 1976 κατ’
1795 1949 1878 1982 ἐξαί-

1078 2007 1155 2034 ρετον
1181 1998 1358 2033 ἀναφέρεται.
1375 1996 1453 2023 Οὕτω
1474 1997 1524 2032 μὲν
1536 1995 1586 2023 οὗν
1609 1996 1659 2031 τὴν
1683 1996 1880 2032 προκειμένην

236 2047 352 2083 ἀπορίαν
366 2045 516 2081 ὀφιλόθεος
532 2045 707 2080 συγγραφεὺς
725 2043 877 2076 ὲπιλύεται,
904 2044 1113 2072 ωνυποόάλλων
1126 2045 1148 2060 ⁸⁵
1170 2045 1217 2071 καὶ
1232 2044 1316 2080 ἕτερά
1339 2052 1401 2071 τινα
1425 2043 1475 2078 οὺχ
1503 2043 1605 2078 ὁμοίως
1631 2044 1686 2074 τοῖς
1710 2043 1876 2078 εἰρημένοις

235 2092 265 2119 τὸ
282 2092 417 2128 χρήσιμον
430 2090 616 2125 παρεχόμενα.

271 2138 382 2166 Interim
399 2136 526 2172 praesenti
555 2134 718 2162 dubitationi
744 2134 816 2161 aliud
835 2134 962 2168 quiddam
980 2135 1025 2162 in-
1041 2138 1064 2166 Ι)

236 2184 414 2216 vestigatione
438 2183 548 2216 dignum
573 2181 717 2209 admiscet.
733 2180 837 2213 Quatrit
861 2180 932 2207 enim
948 2189 955 2207 :
971 2180 1026 2208 Cur

237 2220 310 2257 Filid
333 2229 414 2256 Pater
430 2231 612 2262 pra-ponatur,
628 2234 659 2252 ac
682 2225 775 2252 dehinc
799 2225 890 2252 tertius
910 2225 1026 2260 Spiritus

236 2280 345 2304 sanctus
368 2273 568 2302 constituatur?
599 2271 810 2306 Respondetque
836 2277 939 2298 certqu
965 2279 1027 2299 esse

238 2322 357 2348 divinam
388 2325 514 2347 naturain
533 2318 605 2352 (cum
632 2324 682 2344 nec
707 2317 798 2344 verbis
821 2317 949 2352 exprimi,
978 2324 1028 2344 nec

239 2372 330 2395 mente
354 2364 546 2400 comprehendi
575 2364 669 2399 queat)
689 2370 777 2398 neque
802 2363 917 2396 ratione,
941 2371 1029 2399 neque

239 2414 374 2445 oratione,
389 2412 440 2439 hoc
454 2412 542 2446 ipsum
553 2411 625 2446 quod
640 2415 693 2442 est,
705 2409 826 2444 evulgari
836 2409 878 2437 vel
893 2410 1029 2437 nominari

241 2467 321 2494 posse
335 2467 342 2486 :
358 2458 455 2493 quibus
473 2464 537 2484 vero
551 2464 598 2492 per
620 2455 781 2483 ineffabilem
796 2455 1029 2489 dispensationem

239 2505 426 2541 cognoscenda
454 2503 593 2538 objicitur,
619 2508 674 2529 non
700 2501 779 2528 sicuti
805 2505 858 2532 est,
880 2502 926 2528 sed
943 2506 971 2527 ut
989 2501 1030 2528 ias

242 2558 323 2586 atque
339 2550 405 2578 utile
418 2555 460 2578 est
474 2550 508 2577 iis
522 2549 620 2584 quibus
633 2551 756 2582 apparet,
768 2547 808 2574 sic
821 2545 1031 2581 pulchritudinis

242 2606 298 2626 sua:
314 2597 485 2632 splendorem
502 2595 650 2622 immittere
668 2593 777 2620 inﬁxius
793 2592 819 2618 in
835 2599 865 2618 se
883 2591 1031 2625 intuentes,

244 2650 271 2671 et
288 2649 424 2678 utcunque
448 2642 592 2670 fruendam
617 2640 704 2666 dare:
724 2643 890 2673 quapropter
911 2641 942 2664 ut
967 2645 1032 2672 pro-

245 2690 366 2723 fundius,
383 2695 410 2718 et
431 2689 517 2724 magis
541 2686 692 2721 theologice
719 2685 876 2719 loquamur,
890 2683 947 2711 sive
973 2682 1034 2710 Tri-

1113 2134 1223 2168 Μεταξί)
1236 2134 1265 2161 δὲ
1279 2133 1326 2160 τοῦ
1345 2132 1527 2169 προκειμένου
1545 2131 1703 2167 ζητήματος
1716 2131 1765 2157 καὶ
1777 2131 1878 2166 ἔτερόν

1077 2191 1108 2209 τε
1117 2181 1192 2216 αὐτῷ
1207 2181 1282 2214 ἀξιον
1294 2179 1444 2212 ἐξετάσεως
1462 2177 1697 2204 συνδιαπλὲκεται.
1718 2177 1804 2211 Ζητεῖ
1817 2177 1878 2210 γάρ

1078 2228 1123 2255 διὰ
1150 2227 1176 2254 τί
1205 2225 1389 2262 προτέτακται
1411 2225 1426 2251 ὁ
1453 2223 1549 2259 Πατὴρ
1572 2223 1620 2250 τοῦ
1652 2222 1727 2255 Υίοῦ,
1754 2221 1816 2249 εἶτα
1845 2224 1878 2250 τὺ

1079 2273 1193 2308 Πνεῦμα
1219 2273 1311 2308 τρίτον
1337 2272 1526 2298 συντάττεται.
1543 2270 1599 2297 Καί
1623 2278 1706 2305 φησιν
1730 2269 1799 2305 ὠςή
1815 2269 1880 2296 θεία

1080 2319 1162 2354 φύσις
1174 2319 1294 2354 ᾶῤῥητος
1313 2315 1382 2344 οὖσα
1399 2317 1447 2343 καὶ
1461 2316 1655 2351 άκατάληπτος
1666 2315 1747 2350 δῆλον
1759 2315 1798 2347 ὡς
1812 2315 1880 2341 οὒτε

1080 2362 1202 2398 λογισμῷ
1216 2371 1270 2388 τινι
1282 2361 1345 2388 οὗτε
1361 2361 1465 2397 ῥήματι
1478 2361 1544 2388 αὐτὸ
1560 2361 1639 2388 τοῦτο
1653 2361 1723 2395 ὅπερ
1736 2360 1813 2386 ἐστὶν
1826 2360 1879 2386 ὲκ-

1081 2407 1250 2435 καλύπτεται
1269 2407 1286 2441 ἢ
1302 2405 1478 2440 ὀνομάζεται,
1501 2402 1542 2435 οἷς
1555 2404 1578 2431 δ’
1591 2404 1624 2430 ἂν
1638 2403 1684 2430 καὶ
1701 2402 1772 2438 πρὸς
1786 2402 1881 2437 ἐμφά-

1082 2461 1157 2480 νειαν
1181 2453 1216 2479 δι’
1229 2450 1386 2486 οἰκονομίαν
1400 2450 1505 2485 ἄφατον
1527 2449 1652 2484 καταστῇ
1667 2448 1717 2483 οὺχ
1735 2447 1775 2480 ὼς
1789 2447 1880 2478 ἔστιν,

1083 2499 1141 2526 ἀλλ’
1153 2499 1191 2530 ὡς
1206 2499 1314 2532 ἑκάστῳ
1333 2497 1388 2524 τῶν
1402 2494 1630 2530 ὲμφανιζομένων
1641 2493 1756 2521 δυνατόν
1780 2501 1812 2520 τε
1829 2494 1880 2520 καὶ

1083 2545 1232 2581 συμφέρον,
1240 2544 1327 2576 οὕτως
1338 2543 1423 2577 αὐτῆς
1437 2542 1485 2568 τοῦ
1502 2541 1616 2572 κάλλους
1629 2540 1679 2572 τὰς
1689 2539 1881 2575 μαρμαρυγὰς

1084 2591 1172 2627 ἐνίησί
1196 2599 1227 2617 τε
1242 2590 1299 2621 τοῖς
1325 2590 1365 2621 εἰς
1391 2588 1477 2623 αὐτὴν
1504 2587 1527 2603 ³⁸
1548 2586 1702 2618 ἀτενίζουσι
1727 2585 1776 2612 καὶ
1807 2593 1881 2620 παρ-

1087 2636 1234 2664 απολαύειν
1248 2635 1408 2671 παρέχεται.
1422 2633 1467 2660 Διὸ
1483 2631 1633 2668 βαθύτερον
1643 2639 1673 2658 τε
1688 2631 1736 2658 καὶ
1755 2629 1881 2663 θεολογι-

1088 2682 1208 2718 κώτερον
1226 2682 1319 2717 φάναι,
1335 2680 1387 2707 κᾶν
1402 2678 1517 2714 Τριάδα,
1540 2677 1606 2714 [5η
1622 2676 1670 2713 IL]
1684 2676 1737 2703 xiv
1762 2676 1879 2712 μονάδα,

899 2752 1015 2781 VARIE
1033 2751 1234 2780 LECTlONES.

285 2808 309 2823 "
325 2804 479 2840 προέκοψαν
490 2803 522 2830 Δ.
561 2803 581 2816 “
598 2802 670 2840 ὅσοις
685 2800 705 2826 Α
724 2809 730 2827 :
747 2800 811 2832 ὅσας
825 2808 856 2831 ς.
895 2800 916 2815 ²²
935 2798 1001 2835 μηδὲ
1013 2799 1062 2834 τῆς
1075 2797 1202 2832 τοιαύτης
1217 2805 1246 2829 ς.
1287 2796 1310 2812 ²³
1321 2794 1374 2822 κᾶν
1388 2795 1409 2822 Δ
1427 2802 1434 2821 :
1451 2793 1498 2821 καὶ
1513 2802 1543 2826 ς.
1581 2792 1604 2809 ³⁵
1622 2789 1876 2819 συνιιποσάλλωνΔί

252 2835 528 2871 συνυπὸεὰλλὲταις.
565 2837 587 2853 ’⁵
608 2835 709 2870 ταύτην
737 2843 767 2868 ς.
