1916 3092
248 137 299 168 767

825 141 957 172 PHOTII
974 142 1227 174 PATRIARCIIIE
1243 143 1297 174 CP-

1821 145 1883 175 768

249 194 349 221 asserit
360 201 373 221 a
383 194 483 230 duplici
501 195 545 223 illa
558 195 703 230 Trinitate,
716 197 776 232 qua:
794 197 820 224 in
836 198 886 225 alis
895 197 1032 233 Seraphim

1088 198 1138 233 τὴν
1154 200 1176 215 "
1196 200 1225 226 ὲν
1249 200 1310 231 ταῖς
1327 198 1438 235 πτέρυξι
1460 199 1513 226 τῶν
1534 199 1660 235 Σεραῖδὶμ
1680 199 1883 236 θεωρουμένην

250 241 439 267 consideratur
450 241 483 268 ⁵³.
522 241 555 269 Ει
574 243 690 269 medium
707 243 814 277 quidem
830 243 901 271 Patri
921 251 1033 279 respon-

249 285 324 317 dere,
339 290 463 314 ext-remo
486 294 550 314 vero
565 287 642 322 Filio,
665 297 697 316 ac
710 289 824 323 Spiritui
840 295 946 318 sancto.
976 290 1037 318 Tri-

251 330 344 364 plirem
361 339 470 366 quoque
496 333 568 360 illam
595 339 623 362 et
649 337 760 362 omnino
783 336 943 363 invariatam
967 337 992 364 in
1008 344 1037 364 se

249 377 322 404 vocis
345 377 459 406 Sanctus
489 380 726 414 exclamationem,
755 382 836 409 trium
859 389 1035 416 personarum

251 422 510 458 imnmtabililatem,
533 427 621 460 quoad
649 427 810 460 essentiam,
835 429 980 463 potentiam
1010 434 1037 456 et

252 467 407 495 facultatem
420 469 604 499 subindicare.
625 471 695 505 Quin
711 476 738 499 et
755 472 862 500 illorum
879 475 959 500 trium
972 482 1036 502 con-

250 512 508 542 substantialitatcm
522 522 604 551 atque
629 518 762 545 unitatem
786 519 860 546 velut
882 520 970 554 sigillo
984 522 1033 547 ob-

250 560 349 593 signari
376 567 408 588 ac
433 562 565 596 coaplari,
591 563 653 590 dum
684 572 766 591 unum
789 563 920 592 duntaxat
944 572 1036 600 postea

252 603 319 639 [per
335 606 447 642 vocem]
467 606 597 635 Dominus
615 609 755 637 inducitur
777 615 805 638 et
825 611 949 638 infertur.
973 613 1036 640 Ala-

252 657 310 677 rum
334 650 399 678 item
422 653 645 686 geminationem,
672 656 829 690 signiﬁcare
854 658 1034 692 cognitionem

252 694 325 722 illam
347 703 466 730 omnem,
482 706 542 732 qua:
570 707 617 734 per
643 700 692 728 hos
719 702 746 729 in
764 703 886 731 homines
899 704 1036 731 derivatur

253 740 315 775 (etsi
332 748 380 775 per
395 742 587 771 immateriales
604 746 715 780 spiritus
732 749 973 784 subministretur),
983 758 1034 777 non

252 787 412 821 simplicem,
455 790 502 816 sed
529 792 699 819 materiatam
729 794 827 821 deferri
849 803 856 822 :
879 803 912 822 ex
936 796 1036 823 nostris

252 832 379 860 nimirum
396 833 488 869 ﬁguris
507 843 540 863 ac
557 835 664 870 formis,
676 838 935 874 velutcompositum
951 842 1035 874 quod-

1086 244 1184 280 διπλῆν
1199 245 1315 281 Τριάδα,
1331 247 1378 272 καὶ
1391 245 1422 272 τὸ
1439 245 1489 280 μὲν
1506 246 1589 280 μέσον
1602 245 1743 280 ἀναλογεῖν
1759 246 1800 282 τῷ
1814 247 1883 274 Πα-

1085 289 1141 325 τρὶ,
1157 290 1191 316 τὰ
1205 290 1229 316 δ’
1240 291 1313 326 ἄκρα
1335 291 1374 327 τῷ
1396 291 1452 326 Υἱῷ
1473 292 1518 318 καὶ
1533 291 1571 326 τῷ
1584 291 1742 326 Πνεύματι·
1759 293 1809 320 καὶ
1826 292 1884 328 τὴν

1084 337 1227 372 τριαδικὴν
1241 336 1289 372 τῆς
1314 337 1457 373 ἁγιότητος
1480 337 1636 373 ἐκφώνησιν
1659 338 1884 373 ἀπαράλλακτον

1085 381 1167 407 οὖσαν
1188 382 1276 416 πάντη
1294 382 1363 418 πρὸς
1387 383 1485 417 ἑαυτὴν
1514 383 1544 410 τὸ
1573 383 1782 419 ἀπαράλλακτον
1812 387 1882 412 κατ’

1085 427 1178 453 οὐσίαν
1192 428 1238 454 καὶ
1250 427 1364 463 δύναμιν
1381 430 1428 455 καὶ
1441 429 1564 462 ἐξουσίαν
1579 429 1632 455 τῶν
1643 430 1727 465 τριῶν
1740 432 1883 466 αἰνιγμα-

1084 472 1169 504 τίζειν
1187 472 1250 508 [515
1265 473 1310 508 ιι]
1326 474 1511 500 ὑποστάσεων.
1536 475 1591 502 Καὶ
1614 476 1830 510 ἐπισφραγίζειν
1850 476 1883 503 δὲ

1084 519 1133 544 καὶ
1160 518 1354 545 ἐπισυνάπτειν
1378 519 1409 546 τὸ
1436 519 1580 554 όμοούσιον
1613 521 1660 547 καὶ
1693 522 1795 548 ὲνιαῖον
1818 522 1881 549 τῶν

1084 564 1167 599 τριῶν
1180 564 1229 599 τὴν
1244 565 1391 601 ἐπαγωγὴν
1405 565 1452 592 καὶ
1474 566 1610 602 ἐπιφορὰν
1618 567 1665 594 τοῦ
1679 567 1739 599 ἑνὸς
1754 568 1878 603 Κύριος.

1084 608 1186 644 Δηλοῦν
1208 609 1236 635 δὲ
1261 609 1308 636 καὶ
1323 610 1377 636 τῶν
1401 610 1510 645 πτερῶν
1523 610 1571 646 τὴν
1586 611 1699 646 διπλόην
1711 612 1804 638 πᾶσαν
1823 613 1881 646 τὴν

1084 654 1124 685 εἰς
1149 655 1223 689 ἡμᾶς
1240 654 1274 680 δι’
1292 654 1382 681 αὐτῶν
1409 654 1558 682 κατιοῦσαν
1572 655 1684 690 γνῶσιν,
1707 657 1730 683 εί
1754 657 1804 683 καὶ
1831 657 1881 683 διὰ

1084 699 1138 726 τῶν
1153 700 1243 727 ἁΰλων
1258 701 1422 728 διακονεῖται
1444 702 1618 736 πνευμάτων,
1635 702 1684 736 οὐχ
1706 701 1798 737 ἁπλῆν
1814 703 1879 728 ἀλλ’

1086 746 1180 781 ὺλικὴν
1204 747 1336 780 κατιέναι,
1359 748 1391 774 ὲκ
1415 748 1470 775 τῶν
1486 748 1548 775 καθ’
1567 748 1640 783 ἡμᾶς
1659 748 1753 774 τύπων
1771 757 1804 774 τε
1827 749 1882 774 καὶ

1086 791 1232 826 σχημάτων
1257 793 1313 823 τοῖς
1337 792 1476 825 συνθέτοις
1506 792 1632 819 σύνθετον
1651 792 1852 828 ἁρμοζομένην
1872 801 1878 807 ·

1086 835 1195 863 διπλοῦν
1215 837 1242 863 δὲ
1265 837 1294 864 τὺ
1321 838 1414 865 ὑλικδν
1432 838 1517 871 ἅπαν,
1543 838 1573 872 ἐξ
1596 839 1664 874 ὕλης
1689 841 1882 875 συγκείμενον

251 878 322 911 dam,
337 881 495 914 compositis
510 882 675 917 adaptatam.
703 891 765 912 cum
786 871 884 921 duplex
899 887 936 913 sit
949 892 1032 913 mate-

1087 882 1133 908 καὶ
1156 882 1251 915 εἴδους.
1281 883 1342 910 Ἔτι
1369 883 1398 910 at
1423 885 1471 912 καὶ
1491 885 1541 916 τὰς
1565 871 1663 920 νοεράς
1683 871 1817 920 δυναμεις
1847 885 1883 917 ἐξ

252 924 350 952 riatum
362 933 451 959 omne,
465 935 496 953 ex
509 929 621 955 materia
630 929 775 957 conﬂatum
785 936 811 958 et
825 931 922 959 forma.
939 931 1031 964 Quan-

249 977 329 1003 quam
345 974 372 997 et
391 970 485 1006 190b
504 973 689 1008 iutelligibiles
713 980 869 1010 potestates,
890 983 923 1003 ex
935 977 1034 1004 sancti-

250 1014 375 1042 ﬁcatione
388 1021 416 1043 et
430 1018 593 1050 substantia,
617 1021 688 1051 quod
705 1021 856 1054 duplicibus
866 1022 916 1049 alis
930 1022 1034 1057 signiﬁ-

250 1061 353 1093 licetur,
379 1062 490 1090 conﬂari
512 1064 615 1092 volunt.
640 1065 752 1093 Certum
772 1075 836 1094 vero
852 1068 924 1102 quod
938 1068 1032 1096 horum

249 1105 379 1140 cognitio,
401 1107 598 1140 perfectissima
615 1109 672 1142 illa,
698 1115 724 1137 et
740 1119 800 1145 qua:
816 1120 923 1140 omnem
940 1114 1033 1148 cogni-

251 1151 332 1179 tionis
346 1153 547 1188 simplicilatem
572 1162 692 1191 superat,
721 1164 749 1184 ut
762 1166 824 1193 qua:
843 1159 891 1187 soli
907 1161 1031 1187 creatrici

248 1196 375 1225 Trinitali
408 1200 570 1232 ascribatur,
607 1203 720 1230 inferior
742 1209 824 1239 atque
848 1206 1033 1239 imperfectior

247 1244 393 1276 exsislens.
425 1253 478 1272 non
503 1247 537 1273 ab
554 1248 627 1274 omni
658 1248 694 1275 sit
717 1251 912 1285 compositione
937 1251 1031 1279 libera.

247 1289 288 1314 Ad
303 1288 360 1316 haec
383 1297 474 1318 vocem
493 1290 611 1320 Sanctus
634 1294 694 1321 sine
721 1295 774 1321 ulla
799 1297 1033 1330 coagmentatione

248 1333 392 1368 prolatam,
407 1341 435 1362 et
452 1336 525 1364 nullo
539 1339 651 1365 omnino
665 1339 719 1367 alio
735 1340 920 1370 intercedente
935 1349 1033 1374 provo-

248 1379 357 1413 cabulo,
381 1381 503 1409 indicare
525 1383 688 1417 simplicem,
711 1385 823 1413 minime
840 1388 1030 1420 compositum,

248 1425 426 1453 excellentem
441 1435 473 1454 ac
487 1435 692 1457 sacrosanctum
702 1432 799 1459 divina
811 1436 1030 1468 naturaestatum,

250 1475 311 1494 cum
337 1470 409 1496 onmi
438 1471 489 1497 alia
507 1478 603 1500 natura
622 1479 650 1501 et
666 1475 841 1504 subsistentia
857 1484 1029 1513 comparatae.

250 1512 316 1541 lllud
330 1522 395 1542 vero
412 1515 528 1545 Sanctus
541 1525 712 1554 sanctorum,
728 1521 859 1556 ejusmodi
877 1512 997 1559 signiﬁca
1004 1534 1031 1553 re
1046 1539 1069 1568 ρ

250 1561 469 1595 sanctimoniam,
501 1572 560 1598 quat
574 1566 611 1593 sit
629 1574 710 1602 supra
727 1575 835 1596 onmem
858 1571 950 1603 aliam,
973 1579 1033 1606 qua:

250 1608 385 1635 nominari
416 1611 513 1643 possit,
537 1611 669 1639 collocata
685 1621 693 1640 ι
710 1613 876 1650 minimeque
900 1623 961 1643 cum
988 1618 1032 1645 illa

250 1655 446 1686 componenda.
469 1655 607 1691 Quotquot
631 1658 703 1685 enim
720 1660 755 1687 ob
772 1659 894 1688 divinam
916 1664 1032 1697 gratiam

249 1699 337 1725 sancti
360 1699 497 1733 dicuntur,
521 1703 626 1736 profani
648 1704 749 1739 alioqui
766 1711 848 1740 atque
863 1707 961 1742 impuri
978 1717 1034 1737 me-

251 1744 304 1771 rito
318 1745 436 1778 judicari
452 1753 563 1781 queant,
579 1749 602 1776 si
618 1757 680 1776 cum
696 1750 751 1778 Deo
767 1759 976 1787 componantur.
999 1756 1034 1784 Ut

249 1794 277 1816 et
287 1798 382 1818 omnes
398 1800 485 1827 reges,
510 1794 594 1826 servi,
615 1800 642 1822 et
654 1795 822 1830 exsisteutia,
834 1806 885 1825 non
897 1800 1033 1828 exsislen-

251 1836 298 1868 tia,
312 1838 345 1864 ad
360 1845 422 1865 eum
435 1840 480 1873 qui
497 1847 592 1868 revera
604 1841 830 1870 exsistitcollata.
841 1844 1032 1874 Escellentiam

249 1882 342 1915 igitur,
367 1887 397 1910 ut
416 1885 517 1912 dictum
537 1891 588 1919 est,
611 1894 642 1915 ac
657 1888 797 1923 singulare
810 1890 888 1924 quid,
907 1897 933 1918 et
951 1900 1032 1926 supra

250 1927 359 1962 reliquae
373 1934 505 1957 creatura:
514 1932 644 1960 terminos
668 1933 702 1960 de
717 1934 772 1960 Deo
798 1935 903 1962 nuntiat
922 1937 1032 1965 verbum

249 1972 313 1999 illud
323 1973 448 2002 Sanctus.
462 1976 592 2004 Sanctum
601 1978 674 2005 enim
689 1979 732 2006 hic
747 1979 834 2014 dicas,
851 1988 903 2008 non
914 1983 984 2016 quod
998 1983 1033 2010 ab

247 2019 319 2046 omni
333 2021 421 2053 sorde,
439 2029 499 2056 quae
511 2030 608 2058 corpus
628 2030 675 2052 aut
689 2026 807 2053 animam
825 2028 958 2062 inquinat,
983 2037 1033 2064 pu-

248 2073 308 2092 rum
323 2071 384 2100 est;
402 2074 584 2102 nequaquam.
604 2070 733 2102 Quaenam
750 2073 821 2099 enim
841 2073 885 2100 illa
898 2074 945 2102 Dei
962 2076 1031 2109 laus,

247 2116 294 2138 aut
307 2113 396 2147 potius
415 2116 552 2149 quomodo
572 2124 625 2143 non
642 2121 764 2145 extrema
786 2119 845 2154 ejus
868 2121 1031 2156 vituperatio

247 2157 293 2190 sit,
311 2158 333 2185 si
351 2159 377 2186 id
393 2160 559 2188 laudationis
571 2161 630 2189 loco
651 2170 808 2199 usurpetur,
826 2167 897 2201 quod
909 2167 980 2195 Deus
997 2170 1030 2196 ab

246 2203 435 2232 alfectionibus
452 2207 554 2234 nostris
569 2207 637 2235 liber
650 2209 787 2238 exsistat?
810 2212 863 2239 Sed
877 2213 1030 2240 distinctam

247 2248 252 2283 ι
268 2249 313 2276 Dei
323 2255 446 2277 naturam
462 2258 514 2278 vos
530 2251 593 2288 iila]
608 2259 636 2280 et
647 2255 753 2281 caeteris
762 2256 889 2284 omnibus
908 2259 1031 2285 antecel-

187 2319 199 2325 ,
247 2298 359 2325 lentem.
383 2301 465 2330 atque
493 2298 526 2324 ab
543 2298 577 2325 iis
597 2299 749 2334 sejunctam
767 2303 905 2335 praedicat.
938 2303 1032 2339 Neque

248 2345 312 2366 vero
326 2340 434 2368 insolita
447 2342 533 2369 sacris
541 2343 650 2371 Litteris
661 2345 794 2380 ejusmodi
815 2347 894 2382 hujus
906 2350 1031 2378 vocabuli

247 2386 420 2420 signiﬁcatio,
445 2391 475 2414 ut
500 2389 535 2416 ibi
554 2397 561 2416 :
580 2390 662 2418 Omne
685 2393 861 2420 masculinum
876 2397 1030 2430 ndapert'em

247 2430 358 2464 vulvam,
377 2438 496 2461 sanctum
506 2434 619 2463 Domino
630 2437 805 2474 vocabiturl“,
828 2440 879 2467 hoc
890 2446 942 2475 est,
961 2443 1031 2470 sele-

245 2480 330 2502 ctum.
350 2476 384 2504 Et
397 2485 503 2506 rursum
517 2479 641 2510 Judicum
663 2483 734 2510 libro
748 2493 755 2511 :
771 2483 865 2512 Paris:
883 2486 980 2521 ﬁlium,
1007 2493 1031 2515 et

1083 927 1220 961 ἀγιασμοῦ
1237 927 1283 953 καὶ
1310 928 1420 962 οὐσίας,
1444 929 1459 955 ὃ
1477 929 1507 955 τὸ
1530 929 1617 956 διττὸν
1638 930 1787 956 αἰνίττεται
1817 931 1881 956 τῶν

1084 973 1239 1009 πτερύγων,
1266 974 1425 1008 συγκεῖσθαί
1452 984 1534 1010 φασιν
1553 975 1633 1011 δῆλον
1655 977 1683 1003 δὲ
1711 976 1747 1009 ὡς
1775 979 1829 1004 xa‘t
1862 978 1881 1012 ὴ

1082 1018 1185 1046 τούτων
1205 1019 1377 1055 γνῶσιςὲτῆς
1399 1021 1539 1053 όλοτελοῦς
1561 1022 1607 1048 καὶ
1635 1023 1704 1057 ὑπὲρ
1728 1022 1880 1057 ἁπλότητα

1085 1065 1221 1098 γνώσεως,
1250 1065 1311 1100 ἣτις
1331 1065 1399 1102 μόνῃ
1428 1068 1461 1101 τῇ
1477 1067 1660 1103 δημιουργικῇ
1686 1068 1782 1103 Τριάδι
1818 1069 1880 1103 ἀφ-

1083 1111 1215 1146 ώρισται,
1230 1111 1412 1147 ἐλαττουμένη
1434 1116 1482 1139 καὶ
1498 1113 1529 1139 τὸ
1540 1113 1634 1145 ἀτελὲς
1644 1114 1743 1149 ἔχουσα
1757 1114 1809 1141 οὐκ
1831 1116 1880 1150 εἴη

1084 1157 1173 1191 πάσης
1187 1156 1298 1191 διπλόης
1313 1158 1343 1183 τὸ
1360 1158 1504 1193 ἐλεύθερον
1527 1159 1635 1194 ἔχουσα.
1653 1159 1833 1195 Παραδηλοῦν
1848 1159 1881 1187 δὲ

1083 1202 1129 1228 καὶ
1157 1202 1241 1237 αὐτὴν
1257 1203 1280 1218 ³ο
1304 1203 1353 1239 τὴν
1381 1203 1464 1238 ἅγιος
1489 1205 1601 1240 φωνὴν,
1641 1205 1705 1232 ἄνευ
1731 1205 1880 1241 συνθήκης

1083 1248 1278 1284 προαγομένην
1287 1250 1333 1276 καὶ
1343 1250 1410 1285 μηδὲ
1424 1250 1637 1285 μεσολαὸοὖντος
1647 1252 1740 1287 ἐτέρου
1750 1254 1883 1288 προσρή-

1084 1301 1180 1328 ματος,
1193 1293 1224 1319 τὸ
1237 1293 1339 1321 ἁπλοῦν
1352 1295 1399 1322 καὶ
1415 1295 1563 1323 ἀσύνθετον
1579 1297 1625 1324 καὶ
1638 1296 1807 1332 ἐξῃρημένον
1825 1299 1882 1324 καὶ

1082 1338 1215 1374 ἀϐέϐηλον
1245 1341 1299 1375 τῆς
1332 1340 1408 1372 θείας
1435 1341 1542 1376 φύσεως
1568 1343 1636 1378 πρὸς
1663 1343 1753 1370 πᾶσαν
1784 1343 1881 1379 ἄλλην

1083 1385 1164 1418 φύσιν
1189 1393 1218 1411 τε
1245 1386 1294 1412 καὶ
1320 1387 1478 1413 ὑπόστασιν·
1499 1387 1578 1414 τοῦτο
1601 1388 1630 1415 δὲ
1652 1388 1682 1414 τὺ
1696 1388 1792 1423 ἅγιος,
1815 1389 1881 1416 τῶν

1083 1430 1168 1464 ἁγίων
1190 1431 1356 1458 αἰνίττεσθαι
1370 1433 1400 1458 τὸ
1417 1433 1630 1469 ὑπεριδρυμένον
1642 1435 1690 1461 καὶ
1704 1434 1881 1470 ἀσύγκριτον

1083 1478 1151 1511 πρὸς
1164 1477 1254 1504 πᾶσαν
1268 1478 1352 1512 ἄλλην
1364 1478 1567 1515 ὀνομαζομένην
1579 1481 1710 1516 ἁγιότητι-ι
1726 1489 1733 1496 ·
1749 1483 1796 1508 καὶ
1814 1482 1880 1517 γὰρ

1084 1523 1130 1548 καὶ
1146 1523 1202 1548 ὅσοι
1215 1523 1258 1549 διὰ
1273 1523 1304 1549 τὸ
1316 1525 1395 1550 Θεῖον
1410 1525 1483 1558 ἅγιοι
1498 1525 1632 1559 λέγονται,
1659 1526 1767 1561 βέϐηλοί
1781 1535 1812 1553 τε
1840 1529 1878 1554 ἂν

1084 1570 1243 1606 κριθεὶησαν
1268 1572 1316 1598 καὶ
1342 1570 1491 1606 ἀκάθαρτοι
1521 1571 1757 1607 παραῦα).λόμενοι
1785 1572 1854 1608 Θεῷ
1870 1593 1879 1604 ,

1083 1616 1178 1652 ὥσπερ
1194 1618 1241 1644 καὶ
1255 1618 1356 1649 πάντες
1372 1618 1396 1644 ol
1415 1617 1533 1649 βασιλεῖς
1554 1617 1655 1651 δοῦλοι,
1681 1618 1728 1644 καὶ
1747 1618 1785 1653 μὴ
1803 1619 1879 1646 ὂντα

1083 1662 1116 1688 τὰ
1133 1663 1198 1689 ὄντα
1212 1662 1279 1698 πρὸς
1293 1663 1339 1689 τὸν
1349 1663 1433 1695 ὅντως
1449 1663 1514 1690 ὄντα
1530 1663 1720 1698 ἐξεταζόμενα.
1738 1664 1775 1690 Τὸ
1792 1664 1877 1696 ἐξαί-

1085 1714 1162 1742 ρετον
1184 1708 1283 1740 τοίνυν,
1312 1708 1351 1739 ὡς
1375 1709 1493 1743 εἴρηται,
1525 1709 1571 1735 καὶ
1602 1709 1794 1744 μεμονωμένον
1824 1712 1880 1736 καὶ

1084 1753 1174 1787 πάσης
1182 1753 1264 1787 ἄλλης
1275 1753 1419 1788 ὑπερόριον
1431 1754 1538 1788 φύσεως
1551 1755 1598 1781 ἐπὶ
1611 1755 1679 1782 θεοῦ
1688 1755 1882 1790 καταγγέλλει

1082 1798 1114 1824 τὸ
1141 1797 1235 1832 ἅγιος.
1268 1798 1331 1834 [608
1355 1799 1402 1835 3.]
1421 1799 1515 1833 ’Ἅγιον
1542 1800 1597 1835 γὰρ
1622 1801 1739 1828 ἐνταῦθα
1763 1802 1829 1840 ονςιχὶ
1847 1802 1883 1829 τὺ

1085 1843 1170 1878 ῥύπου
1199 1843 1271 1875 τινὸς
1297 1845 1418 1880 καθαρὸν
1443 1844 1513 1873 εἶναι
1529 1847 1574 1873 διὰ
1597 1846 1721 1882 σώματος
1743 1847 1760 1883 ἢ
1782 1848 1882 1883 ψυχῆς

1083 1888 1266 1922 διαϐαίνοντος
1275 1899 1281 1905 ·
1291 1891 1393 1925 ἄπαγε·
1410 1891 1462 1918 ποῦ
1471 1893 1525 1928 γὰρ
1533 1892 1669 1926 ἐγκώμιον
1677 1893 1758 1925 Θεοῦ,
1769 1894 1882 1928 μᾶλλον

1083 1934 1112 1960 δὲ
1125 1934 1183 1966 πῶς
1201 1935 1251 1962 οὐκ
1267 1936 1380 1971 ἔσχατος
1394 1937 1477 1972 ψόγος
1488 1939 1528 1970 είς
1545 1939 1628 1974 ὕμνον
1642 1939 1883 1974 παραλαμϐάνειν

1082 1980 1113 2007 τὸ
1138 1981 1232 2007 παθῶν
1255 1982 1428 2017 ἀπηλλάχθαι
1451 1984 1482 2010 τὸ
1502 1984 1580 2011 Θείον
1592 1985 1683 2019 λέγειν
1697 1985 1752 2012 τῶν
1767 1986 1879 2021 ἡμετέ-

1084 2035 1154 2063 ρωνς
1173 2027 1242 2054 ἀλλὰ
1255 2029 1285 2054 τὺ
1302 2030 1494 2065 ἀφωρισμένον
1508 2031 1554 2057 καὶ
1577 2031 1796 2066 ὑπεριδρυμένον
1817 2034 1880 2059 τῶν

1083 2074 1171 2105 ἄλλων
1183 2076 1311 2102 ἁπάντων
1326 2077 1373 2102 καὶ
1383 2077 1597 2112 ἀνακεχωρηκὸς
1610 2079 1736 2113 ἁνυμνεί.
1751 2079 1881 2115 Σύνηθες

1083 2119 1112 2146 δὲ
1123 2122 1157 2156 τῇ
1177 2120 1237 2156 θείᾳ
1249 2121 1344 2157 Γραφῇ
1366 2123 1397 2149 τὸ
1419 2123 1538 2149 τοιοῦτον
1556 2126 1605 2159 τῆς
1620 2124 1720 2157 λέξεως
1736 2127 1880 2159 σημαινό-

1084 2174 1173 2200 μενον,
1200 2166 1238 2198 ὼς
1263 2167 1313 2199 τὸ,
1339 2167 1404 2196 Πᾶν
1420 2169 1442 2184 ³¹
1469 2168 1565 2203 ἄρσεν
1582 2170 1735 2205 διανοῖγον
1749 2171 1880 2206 μήτραν

1084 2212 1171 2246 ἅγιον
1189 2211 1229 2245 τῷ
1237 2215 1335 2248 Κυρίῳ
1352 2215 1548 2248 κληθήσεται,
1560 2217 1700 2243 τουτέστιν
1712 2218 1880 2253 ἀφωρισμέ-

1085 2266 1141 2285 νον.
1158 2259 1212 2286 Καὶ
1231 2259 1312 2285 πάλιν
1330 2261 1359 2286 ὲν
1375 2262 1431 2292 τοῖς
1447 2261 1561 2296 Κριταῖς
1576 2262 1610 2278 ³⁸·
1634 2262 1708 2297 Τέξῃ
1727 2264 1808 2295 υἱὸν,
1823 2265 1879 2291 καὶ

1084 2305 1141 2330 οὐκ
1159 2303 1342 2336 ἀναϐήσεται
1358 2307 1483 2340 σίδηρος
1506 2308 1555 2334 ἐπὶ
1575 2308 1633 2342 τὴν
1656 2309 1799 2343 κεφαλὴν
1824 2312 1880 2337 αὺ-

1082 2349 1147 2382 τοῦ,
1161 2350 1205 2376 ὅτι
1215 2351 1403 2386 ἡγιασμένον
1416 2353 1482 2379 ἐστὶ
1493 2354 1525 2380 τὸ
1541 2354 1709 2388 παιδάριον,
1720 2356 1769 2381 καὶ
1787 2357 1880 2390 μυρία

1083 2395 1161 2422 ἄλλα.
1180 2395 1257 2422 Οὕτω
1286 2397 1318 2432 δὴ
1341 2398 1389 2424 καὶ
1415 2399 1577 2432 ἁγιάζεσθαι
1600 2400 1646 2426 τὸν
1669 2401 1753 2426 τόπον
1775 2401 1793 2436 ἢ
1826 2402 1881 2429 τὸν

1084 2441 1166 2476 ἄρτον
1183 2442 1199 2477 ἢ
1218 2442 1264 2469 τὸν
1288 2441 1368 2476 οἶνον,
1394 2444 1412 2471 ἃ
1427 2445 1467 2480 τῷ
1485 2445 1546 2480 Θεῷ
1568 2455 1658 2482 φαμεν
1690 2447 1880 2483 ἀφορίζεσθαι

1085 2486 1134 2514 καὶ
1145 2487 1212 2522 πρὸς
1226 2487 1363 2523 μηδεμίαν
1378 2491 1471 2525 κοινὴν
1483 2491 1670 2527 ὑποφέρεσθαι
1688 2493 1799 2528 χρῆσιν.

247 2529 299 2548 non
319 2523 438 2550 ascendet
452 2525 551 2560 ferrum
564 2535 643 2562 super
655 2535 733 2564 caput
746 2531 813 2564 ejus,
832 2532 894 2566 quia
913 2534 1096 2568 sanctiﬁcata:
1116 2533 1185 2567 (47⁸)
1208 2539 1246 2560 est
1263 2543 1336 2570 pater.
1357 2523 1470 2574 Aliaque
1484 2544 1622 2566 sexcenta.
1643 2538 1690 2567 Sic
1712 2547 1782 2568 sane
1809 2548 1880 2570 san-

281 2611 306 2628 ⁸⁵
323 2611 374 2639 lsa.
394 2620 431 2644 vn.
448 2613 466 2639 2
483 2621 562 2648 seqq.

600 2613 622 2629 ³⁸
652 2613 732 2640 Num.
747 2622 806 2646 vin,
825 2615 876 2649 lb’;
901 2615 966 2643 Luc.
984 2624 1014 2650 ιι,
1035 2617 1080 2650 25.

880 2671 997 2700 VARl/E
1015 2673 1216 2702 LECTlONES.

281 2715 303 2731 ”
316 2715 367 2750 τὴν
383 2715 423 2751 ὲν]
447 2715 500 2743 lsa.
533 2724 572 2748 νι,
590 2716 617 2743 '2.
656 2716 678 2732 ³⁰
691 2716 777 2753 αὐτὴν
803 2718 863 2745 add.
877 2718 909 2744 A.
946 2719 967 2734 ³¹
981 2719 1047 2756 πᾶν]
1075 2719 1139 2747 Luc.
1156 2729 1186 2752 ιι,
1201 2721 1246 2749 25.
1286 2722 1309 2738 ³⁵
1325 2722 1451 2759 Κριταῖς]
1484 2723 1566 2756 15,5.

1002 2764 1118 2793 ΝΟΤᾸΕ.

284 2809 351 2852 (41‘)
369 2808 457 2836 Judic.
474 2817 534 2852 xm,
660 2809 738 2844 Vulg.
755 2809 868 2852 ct_l_tXX
883 2811 1033 2840 .Vazarwus
1048 2813 1165 2849 legitur:
1183 2823 1244 2851 quae
1264 2824 1314 2845 vos
1330 2816 1451 2845 llcbrmis
1472 2823 1601 2850 sanctum,
1619 2818 1660 2846 vel
1671 2817 1872 2852 sanctiﬁcatum

249 2845 394 2880 signiﬁcat,
409 2851 438 2872 ut
463 2847 532 2880 apud
549 2845 578 2872 Β.
596 2845 751 2880 llieronym.
770 2846 871 2873 videas.
