1916 3092
36 133 92 163 τιι9

567 135 832 167 BIBLIOTHECA.
853 149 888 156 -
905 137 987 168 COD.
1004 137 1146 168 CCXXII.

1629 143 1683 176 770

37 191 143 218 tilicari
163 190 266 224 locum,
283 193 324 218 ve’
340 199 446 226 panem,
475 193 516 219 vel
533 193 623 220 vinum
637 194 764 226 dicimus,
781 203 840 229 qua:
855 196 908 223 Deo
924 201 1114 229 secernuntur,
1127 200 1153 222 et
1167 196 1200 222 ad
1214 195 1317 224 nullum
1346 203 1518 226 communem
1545 207 1623 228 usum
1641 209 1684 229 ιρι

38 238 182 265 feruntur.

76 285 125 313 El;
159 283 255 309 πίστιν
283 283 313 309 δὲ
340 283 475 318 παράγειν
499 284 659 320 ἐπιχειρεῖ,
686 286 783 321 ὅτιπερ
816 295 832 312 α

932 285 1024 312 Fidem
1045 292 1110 311 vero
1122 289 1150 311 nt
1168 284 1249 312 faciat
1260 285 1303 312 his
1323 286 1406 321 (quod
1424 287 1545 314 materiae
1558 293 1683 322 expertes

38 330 120 356 ἆῦλοι
154 329 290 364 δυνάμεις
318 329 416 360 ὑλικῶς
447 331 504 361 τοῖς
538 330 643 364 ἠλικοῖς
670 331 705 356 τὰ
737 331 840 358 ἄνωθεν

38 373 296 409 διαπορθμεὺουσι,
318 375 367 409 τὴν
393 374 488 400 λαϐίδα
502 374 535 405 ³³,
551 374 584 409 ἢν
599 374 628 402 ἓν
641 375 697 401 τῶν
715 375 841 410 Σεραφὶμ

40 421 111 456 πρὸς
127 420 176 446 τὸν
201 421 347 455 προφήτην
370 420 601 455 ἀποστελλόμενον
621 420 701 456 ἔφερε
712 442 719 453 ,
737 421 781 447 τὸν
798 421 841 448 ἇν-

40 468 136 502 Optata.
151 467 306 502 φέρουσαν.
317 467 400 502 Δῆλον
413 467 468 502 γὰρ
484 467 521 498 ὡς
540 468 569 493 ἐν
593 469 758 502 σωματικοῖς
770 477 841 503 συμ-

40 513 134 545 ϐόλοις
145 514 307 547 ἀσωμάτων
320 513 402 539 τινῶν
415 514 462 540 καὶ
479 513 582 548 νοητῶν
598 515 614 549 ἡ
625 515 772 549 ἀσώματος
788 513 834 540 δύ-

38 568 124 594 ναμις
143 558 285 593 ὑπεδήλου
298 558 337 593 τῷ
355 560 482 594 προφήτῃ
493 560 641 594 μυστήρια,
661 560 841 595 διδασκούσης

40 606 115 640 ἡμᾶς
135 605 189 639 τῆς
207 605 285 639 ἱερᾶς
299 604 410 639 Γραφῆς
427 604 478 636 ὅτι,
494 604 620 639 καθάπερ
631 604 682 630 οὐκ
694 604 766 630 ἐστιν
775 604 839 630 ἄνευ

42 651 198 686 μεσότητος
222 649 286 676 οὔτε
323 649 390 685 ὕλης
418 649 577 685 παχυτέρας
602 649 649 676 τοῦ
678 650 764 686 πυρὸς
789 650 839 676 λα-

41 697 149 728 ϐέσθαι,
169 695 246 722 οὕτω
265 697 313 722 καὶ
329 695 382 722 τῶν
402 695 483 722 θείων
498 695 574 722 οὐδὲν
589 695 647 722 ἔστι
663 695 753 722 λαὸεϊν
773 696 837 723 ἄνευ

43 743 192 777 συμῧόλων
207 742 311 768 ὑλικῶν
324 742 371 768 καὶ
383 742 406 757 ³⁸
420 741 583 776 προσφόρων
600 743 655 773 τοῖς
672 742 837 776 δεχομένοις.

44 789 122 814 Ἐστι
135 788 167 814 δὲ
183 788 234 814 καὶ
247 788 265 822 ἡ
279 786 356 817 λαὸὶς
375 786 439 822 [5M
451 785 498 821 HJ
509 785 632 812 τυποῦσα
644 786 691 821 τὴν
703 786 768 821 ’ύλην
784 786 838 813 ὥσ-

43 842 93 868 περ
100 834 116 860 ὀ
125 834 236 868 ἄνθραξ
246 833 277 859 τὺ
285 832 356 859 θεῖον
366 840 372 847 ·
386 833 418 858 '0
432 832 487 866 γὰρ
493 832 515 848 ³⁵
526 833 598 866 Θεὸς
605 831 690 866 ἡμῶν
701 832 761 866 πῦρ
769 840 838 858 κατ-

42 880 229 906 αναλίσκον
242 878 290 906 καὶ
306 898 313 909 ,
333 878 369 905 Τὰ
380 879 467 912 λόγια
478 878 499 893 ³⁸
508 878 619 913 Κυρίου
629 878 836 912 πεπυρωμένα.

43 927 97 953 Καὶ
116 925 193 960 αὐτὴ
218 925 249 951 δὲ
265 926 282 960 ἡ
300 924 375 959 φωνὴ
398 924 449 958 τῆς
469 924 578 956 λαόίδος
592 925 642 960 τὴν
661 924 733 960 ἁφὴν
745 924 837 958 ἀπαγ-

895 332 1007 366 spiritus
1022 331 1202 358 materialiter
1223 331 1300 359 nobis
1322 333 1472 360 materiatis
1488 341 1532 361 res
1555 335 1682 363 caelestes

893 377 1031 411 atl‘erant),
1044 377 1172 413 forcipem
1189 378 1261 405 illam
1281 378 1416 406 adducere
1431 380 1519 414 pergit
1533 381 1566 411 ⁵⁷,
1595 389 1678 414 quam

894 430 964 449 unus
978 430 993 449 e
1006 422 1148 457 Seraphim
1165 423 1198 449 ad
1216 423 1373 457 prophetam
1391 423 1490 451 missus
1500 424 1601 457 attulit,
1616 433 1679 452 car-

893 467 990 493 bonem
1005 467 1185 501 complexam.
1201 467 1292 494 Palam
1310 468 1382 495 enim
1397 473 1438 495 est
1454 470 1638 503 corporalibus
1652 471 1679 498 in

893 511 1024 546 symbolis
1046 512 1231 546 incorpoream
1256 513 1328 540 illam
1364 519 1526 548 potestatem
1551 516 1679 550 incorpo-

894 565 1002 585 reorutn
1016 559 1197 592 quorumdam
1228 563 1309 593 atque
1329 559 1536 594 intelligibilium
1550 563 1679 595 mysteria

892 603 1046 638 signiﬁcare
1070 604 1139 635 apud
1160 604 1319 639 prophetam
1343 605 1473 637 voluisse,
1496 607 1610 635 docente
1629 615 1680 634 nos

892 655 970 676 sacra
1004 648 1146 684 Scriptura
1164 659 1171 677 ε
1187 651 1415 685 quemadmodum
1437 653 1496 679 sine
1519 653 1680 680 intermedio

891 695 994 730 aliquo,
1016 701 1043 722 et
1065 697 1168 730 absque
1183 697 1317 723 crassiore
1336 697 1449 724 materia
1465 697 1533 732 ignis
1553 698 1612 733 capi
1626 706 1678 725 non

892 746 1002 776 potest:
1020 742 1059 768 sic
1089 750 1137 769 nec
1163 750 1253 769 rerum
1275 742 1427 769 divinarum
1452 743 1597 777 quidquam
1619 751 1682 778 per-

892 787 944 822 cipi
961 795 1039 822 posse
1055 787 1114 814 sine
1139 787 1325 815 materialibus
1349 788 1489 823 symbolis,
1519 789 1678 823 exterisque

892 833 982 866 rebus,
995 833 1028 860 iis
1043 833 1088 867 qui
1104 834 1272 868 susciperent
1283 834 1503 862 accommodatis.
1524 835 1572 861 Est
1588 840 1678 863 autem

891 877 998 913 forceps
1010 879 1152 906 materiam
1169 879 1324 914 designans,
1341 879 1440 915 191“
1452 881 1678 915 quemadmodum

891 928 917 951 et
928 924 1011 952 carbo
1031 925 1152 953 divinum
1169 934 1267 953 numen
1281 927 1402 953 denotat.
1428 927 1496 954 Deus
1509 928 1578 954 enim
1591 933 1679 954 noster

44 971 145 1005 γέλλει,
157 971 223 1006 ἣτις
249 970 369 1006 δηλονότι
385 970 432 997 ἐπὶ
452 970 542 1004 μόνων
559 970 657 1005 ὁρᾶται
669 970 723 997 τῶν
738 970 834 1005 αἰσθη-

889 970 958 1004 ignis
983 977 1137 997 consumens
1164 975 1202 997 est
1218 970 1252 998 ⁸³.
1284 971 1338 998 Et:
1358 971 1471 1006 Eloquia
1495 971 1599 999 Domini
1619 973 1679 1007 igne

42 1017 105 1045 τῶν.
123 1018 210 1048 Ἴσως
227 1016 256 1043 δὲ
277 1016 324 1042 καὶ
344 1015 392 1051 τὴν
410 1016 481 1050 ὑπὲρ
508 1015 588 1051 ἡμῶν
611 1016 768 1050 οἰκονομίαν
791 1015 838 1042 τοῦ

42 1064 129 1098 Λόγου
145 1063 391 1098 αἱνιγματίζεσθαι
403 1063 448 1089 διὰ
461 1062 516 1089 τῶν
526 1063 681 1098 εἰρημένων
696 1063 838 1098 συμϐόλων

44 1111 126 1143 φάναι
144 1109 227 1136 οὐδὲν
249 1109 381 1140 ἀπεικός·
405 1108 435 1135 τὸ
456 1108 510 1144 γὰρ
534 1108 604 1135 θεῖον
625 1108 682 1143 πῦρ
704 1108 839 1143 παχύτητι

43 1155 91 1190 τῆς
105 1155 173 1181 καθ’
185 1155 263 1189 ἡμᾶς
281 1155 382 1189 σαρκὸς
398 1154 609 1189 προσωμίλησεν
627 1154 704 1189 ἡμῖν.
722 1153 838 1180 Δυνατὸν

44 1201 70 1227 δέ
93 1209 165 1236 φησι
183 1201 233 1226 καὶΙ
245 1200 295 1235 τὴν
310 1200 358 1235 μὲν
382 1199 479 1226 λαὸίόα
495 1199 544 1234 τὴν
563 1200 678 1234 νομικὴν
697 1199 838 1231 ιῐκονίζειν

46 1247 134 1276 σκιὰν,
145 1247 196 1272 τὸν
207 1245 330 1281 ἄνθρακα
342 1245 369 1272 δὲ
378 1245 428 1280 τὴν
435 1245 508 1272 Νέαν
516 1245 663 1281 Διαθήκην·
677 1247 723 1271 καὶ
733 1245 838 1280 γὰρδιὰ

43 1292 95 1318 τῶν
108 1291 260 1326 συμϐόλων
284 1291 338 1318 τῶν
353 1291 472 1326 νομικῶν
488 1292 521 1317 τὰ
540 1293 589 1326 τῆς
612 1291 684 1323 Νέας
701 1291 838 1326 μυστήρια

45 1337 275 1373 παραδηλοῦσθαί
298 1345 327 1363 τε
351 1338 400 1364 καὶ
428 1339 486 1369 τοῖς
507 1336 662 1371 εὐγνώμοσι
686 1337 838 1372 παραδίδο-

45 1384 118 1411 σθαι.
145 1384 231 1417 Λέγει
252 1383 281 1409 δὲ
294 1383 341 1409 καὶ¹
355 1383 401 1409 τοῦ
418 1383 559 1418 Κυριακοῦ
585 1382 710 1418 σώματος
729 1384 775 1409 ἐπὶ
789 1383 838 1418 τῆς

44 1429 120 1465 ἱερᾶς
150 1428 297 1465 τραπέζης
322 1429 500 1463 προτεθέντος
522 1429 566 1456 διὰ
588 1429 666 1456 τοῦτο
684 1429 748 1460 τοὺς
772 1429 836 1464 παρ’

43 1476 166 1510 ἑκάτερα
179 1475 235 1501 τῶν
245 1475 280 1502 τὰ
296 1475 358 1510 ἱερὰ
368 1475 598 1510 ὑπηρετουμένων
606 1475 713 1511 ῥιπίδας
728 1476 837 1510 πτερῶν

43 1520 240 1556 πεποιημένας
254 1522 313 1552 τοῖς
333 1521 526 1556 προκειμένοις
549 1523 673 1555 φρικτοῖς
694 1522 836 1552 ὲπικινεῖν.

43 1567 96 1593 τῶν
107 1566 313 1603 ἐξαπτερύγων
329 1567 462 1602 φέροντας
478 1566 611 1602 σύμσολα,
626 1566 663 1598 ὡς
681 1566 713 1593 ἂν
723 1567 760 1602 μὴ
772 1567 837 1594 iam

43 1613 104 1643 τοίις
122 1611 306 1646 τελουμένους
319 1613 376 1643 τοῖς
390 1612 541 1646 ὁρωμένοις
558 1612 747 1647 ἑναπομένειν,
769 1613 838 1639 ἀλλὰ

46 1659 146 1690 παντὸς
189 1657 327 1690 προσύλου
367 1657 495 1692 ὑπεράνω
531 1657 693 1692 γενομένους
731 1659 837 1692 νοιροῖς

46 1704 198 1738 ὀφθαλμοῖς
211 1703 256 1730 διὰ
275 1703 331 1730 τῶν
351 1705 499 1740 ὁρωμένων
513 1704 561 1730 ἐπὶ
579 1704 630 1739 τὴν
643 1705 759 1739 ἀόρατον
774 1704 839 1731 θέαν

47 1750 88 1776 καὶ
101 1751 134 1776 τὸ
160 1751 305 1785 ἀμήχανον
321 1750 409 1776 ἐκεῖνο
423 1749 446 1766 ⁸⁷
464 1749 561 1782 κάλλος
583 1750 837 1785 παρασκευάζουσιν

48 1795 228 1831 ἀναδραμεῖν.
249 1796 306 1822 Καὶ
328 1796 382 1831 γὰρ
405 1797 455 1822 καὶ⁹
469 1795 633 1830 σωματικῶς
655 1796 695 1831 τῷ
715 1796 837 1831 Δεσπότῃ

48 1841 167 1875 παρόντι
188 1839 267 1874 φόϐῳ
281 1839 328 1866 καὶ
339 1839 434 1875 τρόμῳ
448 1840 483 1866 τὰ
496 1839 622 1875 Σεραφὶμ
634 1840 764 1875 ὑπηρέτει
781 1849 789 1856 ·
806 1838 837 1868 οὗ

46 1885 115 1917 τίνος
128 1885 219 1919 φόὸου
236 1885 282 1911 καὶ
297 1884 400 1920 τρόμου
415 1885 530 1920 αἴνιγμα
544 1882 614 1912 εἶναι
634 1885 679 1912 καὶ
694 1885 744 1920 τὴν
759 1893 838 1918 γενο-

49 1931 129 1966 μένην
149 1930 197 1957 διὰ
212 1931 268 1956 τῶν
285 1931 395 1966 πτερῶν
409 1930 526 1965 κίνησιν,
546 1930 580 1966 ἣν
605 1931 635 1957 τὸ
652 1931 838 1967 ὕπηρετούμε-

47 1977 220 2011 νονὲνεργεῖ.
238 1977 270 2002 Εἰ
286 1976 315 2002 δὲ
327 1976 362 2002 τὰ
376 1976 502 2011 Σεραφὶμ
523 1975 710 2011 ὑπηρετοῦντα
725 1976 836 2010 δηλοῦν-

45 2029 89 2048 ται
104 2021 129 2038 ⁸³
149 2021 201 2048 καὶ
219 2020 388 2055 σαρκωθέντι
403 2021 442 2056 τῷ
459 2020 548 2056 Λόγῳ,
575 2021 622 2048 καὶ
634 2021 710 2047 οὐδὲν
732 2021 775 2047 διὰ
789 2020 837 2056 τὴν

48 2068 120 2095 κάτω
139 2066 191 2094 τοῦ
207 2067 296 2101 Λόγου
318 2067 456 2103 διαγωγὴν
471 2068 521 2102 τῆς
541 2067 597 2094 ἀνω
614 2067 762 2103 καθυφίησι
779 2067 838 2093 δου-

48 2113 129 2146 λείας,
145 2113 272 2148 δηλονότι
286 2113 332 2144 καὶ
347 2114 364 2149 ἠ
377 2113 445 2149 άλλη
459 2114 514 2140 τῶν
525 2113 678 2148 ἀσωμάτων
686 2113 837 2148 διακόσμη-

50 2167 87 2191 σις
105 2160 177 2186 νόων
203 2160 250 2186 τὸν
270 2159 340 2194 μετὰ
368 2159 469 2194 σαρκὸς
495 2158 700 2194 παραγιγονότα
723 2157 838 2193 λατρεύ-

49 2214 111 2232 ουσα
134 2204 312 2241 προσεκύνει.
330 2204 392 2240 [609
404 2203 452 2240 1L]
473 2204 505 2231 Ἦ
520 2205 574 2239 γὰρ
597 2205 625 2230 ὲν
639 2203 744 2234 τούτοις
763 2211 839 2238 πρω-

50 2249 164 2276 τεύουσα
177 2249 267 2281 τάξις,
293 2248 341 2283 τὴν
361 2248 484 2275 δουλείαν
500 2250 530 2275 οὐ
556 2248 766 2283 καινοτομοῦσα,
791 2247 838 2274 καὶ

50 2295 99 2321 τῶν
123 2295 185 2331 μετ’
209 2295 296 2330 αὐτὴν
317 2295 368 2330 τὴν
397 2295 460 2329 ἴσην
486 2294 637 2329 ὑπηρεσίαν
669 2293 835 2328 βεϐαιοῦται.

53 2340 205 2376 Γέγραπται
232 2340 257 2356 ³⁹
278 2341 334 2375 γὰρ
358 2340 396 2371 ὡς
423 2340 472 2366 καὶ
496 2339 606 2374 ἄγγελοι
640 2339 835 2375 προσελθόντες

53 2386 188 2421 διηκόνουν
206 2386 298 2421 αὐτῷ·
319 2386 349 2412 τὺ
371 2385 399 2412 δὲ
418 2385 470 2412 τοῦ
486 2385 617 2419 ἀγγέλου
634 2384 730 2419 ὗνομα,
755 2385 792 2416 ὼς
809 2384 835 2410 οι

53 2430 83 2458 τὰ
108 2432 170 2458 θεῖα
199 2432 274 2458 feast
299 2433 387 2466 σοφοὶ,
415 2432 503 2458 κοινόν
528 2432 587 2457 ἐστι
615 2429 753 2461 πάσαιςδθ
776 2431 836 2462 ταις

54 2479 156 2512 νοεραίς
176 2477 326 2512 δυνάμεσιν
353 2477 448 2512 ονομα.
462 2477 516 2503 Καὶ
535 2477 616 2504 πάλιν
638 2476 702 2511 περὶ
726 2475 774 2502 τοῦ
797 2477 837 2507 εις

55 2524 97 2558 τὴν
114 2524 282 2559 οἰκουμένην
305 2523 484 2559 εἰσαγομένου
508 2523 686 2559 πρωτοτόκου
710 2521 741 2548 τὸ
765 2522 836 2557 ἱερὸν

86 2603 107 2618 ’⁷
125 2602 178 2630 lsa.
191 2610 231 2636 Vl,
249 2602 276 2630 6.

891 1015 1042 1041 exanimata
1057 1015 1092 1042 ".
1113 1015 1178 1050 |lpsa
1208 1023 1316 1050 quoque
1347 1024 1398 1044 vox
1431 1017 1543 1050 forcipis
1573 1022 1676 1044 tactum

890 1060 1036 1095 signillcat,
1057 1061 1102 1096 qui
1120 1061 1228 1088 scilicet
1240 1061 1266 1088 in
1285 1062 1351 1089 solis
1368 1067 1479 1096 apparet
1492 1063 1676 1090 sensibilibus.

889 1105 1016 1133 Fortasse
1028 1114 1091 1133 vero
1115 1111 1142 1132 et
1155 1106 1237 1133 Verbi
1250 1107 1474 1139 incarnationem,
1495 1108 1580 1134 nostri
1595 1115 1676 1135 causa

889 1151 999 1182 factam,
1016 1152 1132 1178 obscure
1157 1152 1292 1186 designari
1310 1153 1446 1186 praedictis
1470 1153 1600 1188 symbolis
1612 1161 1676 1188 pro.

889 1197 1017 1224 bal-iliter
1029 1197 1145 1224 dicatur.
1165 1198 1238 1232 Ignis
1255 1198 1327 1224 enim
1340 1199 1458 1231 divinus,
1476 1200 1568 1227 carnis
1578 1204 1677 1227 nostr-te

889 1244 1014 1270 crassitie
1039 1243 1216 1279 [interiecta]
1244 1244 1384 1272 uobiscum
1419 1250 1595 1273 conversatus
1621 1252 1675 1273 est.

889 1289 960 1316 Fieri
980 1289 1061 1316 etiam
1077 1293 1175 1323 potest,
1192 1290 1240 1321 ait,
1262 1294 1290 1315 ut
1308 1290 1416 1324 forceps
1428 1291 1539 1324 legalem
1551 1292 1674 1318 umbram

889 1333 1020 1368 designet,
1037 1335 1120 1360 carbo
1133 1341 1197 1360 vero
1209 1334 1312 1360 Novum
1328 1334 1541 1368 Testamentum,
1556 1344 1616 1362 eum
1629 1343 1678 1370 per

888 1379 983 1413 legalia
996 1379 1115 1414 symbol-.1
1126 1379 1192 1406 Novi
1208 1379 1336 1414 mysteria
1353 1379 1518 1407 Testamenti
1533 1383 1663 1409 ostendan

890 1429 943 1457 tur,
962 1431 995 1452 ac
1007 1424 1074 1451 bene
1088 1425 1270 1452 sentientibus
1287 1425 1437 1452 tradantur.
1454 1426 1537 1454 Addit
1548 1427 1675 1462 insuper:

887 1470 953 1497 Cum
971 1477 1070 1505 corpus
1083 1470 1251 1497 Dominicum
1269 1471 1295 1497 in
1307 1478 1383 1497 sacra
1397 1478 1490 1498 mensa
1508 1473 1675 1506 propositum

887 1521 939 1549 est,
961 1515 1022 1544 ideo
1040 1516 1085 1550 qui
1107 1516 1141 1543 ab
1157 1520 1272 1550 utroque
1295 1516 1378 1543 latere
1391 1517 1477 1544 sacris
1499 1519 1677 1552 operantibus

887 1560 1014 1597 [astant]
1034 1562 1060 1587 in
1073 1568 1166 1588 eorum
1181 1569 1242 1595 quas
1254 1568 1299 1588 sex
1317 1562 1374 1589 alas
1389 1568 1496 1597 gestant
1509 1564 1674 1598 symbolum,

889 1607 1011 1634 conlecta
1041 1615 1074 1633 ex
1096 1607 1146 1634 alis
1165 1606 1269 1634 ﬂabella
1285 1607 1341 1642 (48)
1355 1615 1435 1642 supra
1452 1608 1542 1635 oblata
1556 1609 1592 1636 ibi
1611 1609 1675 1636 bor-

890 1651 973 1678 renda
990 1652 1119 1686 mysteria
1131 1653 1245 1686 agitare,
1256 1656 1285 1678 ut
1308 1659 1342 1679 ne
1355 1653 1447 1678 sinant
1464 1652 1585 1680 initiatos
1596 1653 1677 1680 rebus

887 1697 955 1724 visis
973 1697 1117 1730 inita-rere,
1135 1698 1181 1725 sed
1205 1705 1252 1724 eos
1275 1697 1373 1724 mentis
1389 1697 1476 1724 oculis
1497 1705 1578 1732 supra
1595 1705 1677 1726 omne

887 1744 926 1775 id,
941 1745 1011 1778 quod
1031 1751 1093 1771 eum
1107 1744 1220 1770 materia
1235 1743 1410 1777 coniunctum
1424 1748 1476 1776 est,
1491 1743 1624 1776 sublatos,
1637 1743 1677 1771 l'a-

887 1789 962 1816 ciant
980 1797 1028 1824 per
1045 1796 1076 1816 ea
1095 1796 1155 1824 qua
1168 1789 1306 1821 videntur,
1331 1789 1364 1815 ad
1384 1789 1545 1816 invisibilem
1555 1794 1678 1817 contem-

886 1835 1046 1870 plationem,
1070 1839 1098 1862 et
1117 1834 1337 1868 inexplicabilem
1357 1835 1430 1861 illam
1447 1835 1675 1869 pulchritudinem

888 1881 1044 1908 ascendere.
1064 1879 1132 1907 Nam
1149 1885 1206 1908 tum
1233 1881 1315 1907 etiam
1344 1888 1406 1907 cum
1430 1880 1608 1914 corporaliter
1623 1880 1678 1908 Do-

888 1927 978 1954 minus
996 1933 1116 1960 praeeris
1129 1931 1213 1957 esset,
1232 1933 1294 1953 cum
1306 1926 1404 1952 timore
1417 1933 1450 1953 ac
1464 1932 1581 1954 tremore
1593 1925 1677 1954 Sera-

887 1972 962 2006 pbim
980 1972 1005 1998 ei
1020 1971 1204 1998 inserviebam
1223 1980 1231 1998 :
1250 1971 1382 2005 huiusque
1395 1972 1500 1999 timoris
1509 1977 1537 1999 et
1551 1972 1677 2000 tremoris

887 2018 1026 2053 specimen
1039 2018 1184 2044 obscurum
1201 2024 1272 2049 esse,
1288 2017 1390 2044 alarum
1408 2017 1479 2044 illam
1492 2018 1676 2052 agitationem,

887 2070 970 2098 quam
995 2063 1183 2090 ministrantes
1212 2063 1353 2090 adhibent.
1387 2062 1416 2090 Si
1445 2070 1510 2091 vero
1533 2063 1676 2098 Seraphim

887 2110 970 2136 etiam
987 2109 1130 2136 incarnato
1141 2109 1198 2144 jam
1216 2108 1306 2136 Verbo
1318 2109 1476 2136 ministrare
1485 2109 1676 2142 declarantur,

888 2160 918 2182 ut
930 2155 998 2182 nihil
1017 2155 1052 2183 ob
1065 2155 1126 2190 ejus
1138 2155 1164 2182 ln
1183 2161 1284 2183 terram
1299 2155 1461 2182 descensum
1477 2155 1512 2183 de
1531 2155 1674 2185 servitute.

888 2208 948 2236 qua:
961 2201 988 2228 in
1004 2201 1074 2228 coelo
1088 2205 1156 2233 erat,
1168 2200 1322 2228 diminuant
1338 2210 1345 2228 :
1362 2201 1466 2228 clarum
1478 2201 1550 2236 quod
1564 2206 1592 2228 et
1606 2201 1678 2228 alter

891 2247 1113 2281 incorporeorum
1143 2247 1286 2280 spirituum
1312 2247 1379 2274 ordo
1404 2246 1573 2274 lncsrnatum
1602 2247 1677 2275 culttt

890 2293 976 2320 latrite
991 2293 1131 2320 adorabat.
1150 2292 1219 2320 Cum
1245 2292 1316 2319 enim
1332 2293 1377 2326 qui
1392 2292 1418 2319 in
1435 2293 1476 2320 his
1490 2293 1607 2328 primum
1629 2301 1677 2321 or—

890 2337 978 2363 dinem
997 2341 1099 2368 tenent,
1128 2336 1228 2363 cultum
1253 2343 1305 2362 non
1323 2335 1477 2368 immutant,
1503 2345 1566 2364 mox
1592 2337 1676 2365 etiam

887 2389 938 2417 par
949 2389 965 2408 a
982 2382 1210 2417 subsequentibus
1226 2381 1406 2408 ministerium
1432 2382 1554 2410 exhiberi
1574 2384 1677 2412 conlit-

889 2432 973 2454 mant.
995 2427 1131 2462 Scriptum
1151 2432 1194 2455 est
1205 2427 1288 2459 enim,
1312 2428 1386 2462 quod
1397 2428 1480 2455 etiam
1495 2428 1583 2464 angeli
1599 2437 1678 2458 acco-

889 2476 983 2502 (lentes
1007 2473 1198 2501 ministrabant
1212 2473 1237 2501 ei
1252 2473 1286 2500 ‘°.
1311 2473 1406 2508 Angelt'
1431 2482 1497 2502 vero
1515 2475 1677 2510 appellatio,

890 2526 920 2548 ut
945 2527 1034 2548 rerum
1063 2519 1214 2548 divinarum
1232 2520 1436 2554 perltinorunt,
1467 2528 1611 2557 commune
1638 2526 1680 2549 est

324 2602 347 2618 ⁸⁸
368 2603 445 2630 Deut.
462 2610 497 2635 Iv,
515 2603 562 2630 2i.
607 2602 630 2618 "
652 2602 724 2629 Psat.
741 2609 806 2633 xm,
821 2601 868 2628 57.
905 2601 927 2616 ⁶⁰
945 2599 1029 2627 Math.
1047 2608 1084 2633 tv,
1103 2600 1147 2627 ll.

676 2657 793 2685 VARIAE
822 2656 1024 2684 LECTIONES.

85 2704 106 2719 “
122 2704 170 2739 τὴν
183 2703 261 2740 λα6.]
277 2704 350 2740 ηΙειι.
365 2739 369 2740 ν
383 2712 420 2736 νι,
439 2705 465 2732 6.
503 2704 525 2720 ³⁵
538 2704 584 2740 καί
596 2704 617 2730 Α
633 2712 640 2730 ι
655 2712 685 2730 τε
700 2704 748 2740 καὶΖ
759 2712 797 2740 ῖς.
831 2703 859 2740 *³⁵
874 2703 888 2728 6
904 2702 971 2740 γᾲρι
997 2702 1080 2740 Deut,
1094 2711 1129 2735 iv,
1145 2703 1190 2730 2i.
1231 2703 1253 2719 ³⁸
1268 2703 1301 2730 τὰ
1318 2703 1408 2739 λόγια]
1433 2703 1503 2731 Psal.
1535 2711 1601 2736 xv",
1627 2702 1676 2730 57.

57 2739 76 2755 ³¹
88 2737 186 2765 ἐκεῖνον
202 2741 234 2766 Δ.
252 2737 261 2740 ”
273 2739 297 2755 ³⁸
318 2739 457 2766 δουλοῦται
469 2740 500 2766 Α.
541 2739 563 2755 ³⁹
583 2737 858 2774 γέγραπται]Μ;ιιιῑι.
876 2745 912 2770 tv,
928 2737 971 2764 ll;
1009 2737 1032 2753 ⁸ο
1049 2739 1116 2765 πᾶσι
1132 2740 1164 2765 Α.

813 2795 927 2822 NOTAE.

90 2845 141 2880 (ιθ)
163 2844 206 2878 Qu
231 2851 292 2872 mos
305 2844 333 2871 in
351 2843 479 2880 Hispania
495 2843 628 2878 hodieque
643 2849 792 2878 spectatur,
808 2843 841 2869 ad
859 2848 952 2869 arstum
969 2842 1082 2869 ardente
1097 2843 1218 2870 canicula
1235 2843 1431 2877 depellendum.
