1916 3092
253 137 305 170 7'11

829 136 961 167 ΡΗΟΤΙΙ
974 134 1226 167 ΡΑΤΒῙΑΒΟΗᾸΕ
1252 137 1305 167 CI'.

1829 143 1891 175 772

255 191 463 227 iutelligibilium
478 190 621 226 spirituum
635 198 744 218 nomen.
773 190 804 218 Et
828 191 924 218 iterum
945 191 978 218 de
992 191 1041 225 pri-

1096 190 1217 226 Γράμμα
1238 191 1320 225 φησιν
1336 200 1343 207 ·
1359 191 1413 219 Καὶ
1434 194 1742 227 προσκυνησάτωσαν
1755 195 1778 212 ⁸⁸
1800 196 1888 228 αὐτῷ

257 239 392 273 m‘ogenito
410 237 435 264 in
458 237 550 264 orbem
571 241 651 264 teme
668 237 821 264 introducto
841 236 983 271 Scriptura
1005 237 1044 263 Io-

255 283 404 318 quitur:Et
416 283 525 310 adorent
541 290 599 309 eum
617 291 705 309 omnes
718 284 805 318 angeli
822 282 870 309 Dei
884 283 954 309 ⁶¹’⁶¹.
973 282 1038 310 Pro-

255 337 346 364 pterea
361 330 442 357 etiam
458 328 538 356 simul
551 334 634 362 atque
644 329 678 355 ad
695 328 782 355 altare
797 328 952 355 sacerdotes
966 335 1043 355 acce-

255 375 332 405 dunt,
353 379 447 401 cantor
469 381 547 400 sacer
572 375 605 400 de
618 374 759 407 superiore
785 373 844 400 loco
859 372 898 400 sic
919 372 1040 399 clamat:

255 419 368 447 Sanctus
391 420 475 451 Deus,
501 424 609 446 sanctus
631 419 718 454 (ortis,
745 425 849 446 sanatus
872 419 1041 446 immortalis.

254 464 340 498 Quem
357 466 484 500 hymnum
511 473 546 492 es
570 466 723 492 veneranda
747 473 780 493 ac
805 465 942 492 tremenda
963 464 1043 492 Sera-

255 512 400 547 phinorum
417 511 585 545 professione
600 511 778 546 compositum
790 511 897 539 asserit.
926 510 983 537 Non
1001 515 1042 537 ta-

257 558 364 583 tuende
375 565 425 583 suo
451 557 552 584 habere
579 557 631 584 hoc
665 557 814 590 inventum,
842 557 935 593 191b
959 557 1005 584 sed
1026 563 1043 584 e

255 602 407 630 Judzeornm
424 608 504 638 gente
517 605 663 638 quemdam
677 603 799 630 veritatis
815 603 936 631 doctrina
956 603 1042 630 imhu-

258 655 326 679 tum,
340 648 384 682 qui
404 648 471 674 alios
485 655 593 682 quoque
605 648 719 676 docendi
734 647 924 674 auctoritatem
941 646 975 672 ab
989 645 1041 672 Ec-

255 694 338 721 clesia
356 693 515 727 accepisset,
533 693 619 719 virum
635 697 732 720 canora
753 693 916 727 sapientem,
932 691 1042 725 viIaQue

257 738 400 770 illustrem,
435 737 512 770 hujus
529 738 659 764 doctrime
686 737 763 764 Jobio
780 742 916 764 auctorem
946 736 1040 767 luisse,

259 791 321 811 cum
336 785 408 810 unde
428 783 594 817 compositus
609 788 681 810 esset
697 790 774 810 sacer
788 782 833 808 ille
854 782 978 817 hymnus,
994 787 1042 807 ex-

257 835 379 865 poneret.
398 829 499 856 Docere
512 836 576 855 vrro
588 829 675 863 ipsum
689 836 722 855 ex
748 827 965 855 Cherubinorum
983 826 1039 860 (49)

258 877 367 912 hymno,
400 881 427 902 et
441 875 544 909 pSnlmo
565 882 608 901 xu
633 881 770 901 sacrorum
792 878 932 900 cantorum
954 873 1042 900 cauti-

256 930 319 948 cum
343 921 406 948 illud
434 920 578 947 conﬂatum
596 928 667 947 esse.
698 919 836 947 Celebrari
852 919 923 946 enim
946 920 972 945 in
991 918 1042 946 hoc

257 967 364 994 Psalmo
388 965 472 992 Deum
489 966 582 1000 fortem
603 966 687 992 vivum
705 973 715 993 :
730 973 762 992 ac
780 970 909 992 mutatam
930 965 1040 1000 quidem

255 1019 317 1038 esse
333 1018 425 1037 mecm
437 1011 523 1037 viuum
536 1010 562 1036 in
573 1009 747 1044 a‘qiiipollens
763 1009 921 1036 vocabulum
933 1010 1042 1035 immor-

255 1057 328 1088 talis,
346 1057 401 1091 ipsa
417 1064 482 1084 voce
499 1056 578 1091 (ortis
594 1061 713 1082 retenta:
728 1056 762 1082 ita
777 1063 883 1082 sacrum
898 1055 962 1081 illud
977 1062 1044 1082 can-

258 1104 340 1130 ticum
360 1107 514 1129 contextum
538 1109 607 1128 esse.
643 1101 725 1128 Porio
743 1100 856 1135 exprimi
877 1107 957 1127 voces
972 1099 1042 1126 Deus

257 1154 286 1175 et
298 1148 424 1180 Sanctus,
455 1152 484 1174 ut
502 1147 640 1174 distinctio
661 1148 707 1174 liat
721 1148 754 1174 ab
775 1146 906 1174 idolorum
932 1146 1043 1173 simula-

256 1194 323 1226 cris,
356 1201 415 1228 quae
445 1194 582 1220 terrestria
610 1199 683 1227 sunt,
708 1194 887 1220 lmmanarnm
916 1199 1042 1218 manuum

255 1248 334 1275 opus,
353 1244 380 1267 et
396 1247 467 1266 vera
482 1239 710 1266 abominationes.
729 1238 820 1266 Fortis
836 1247 899 1266 vero
913 1239 1044 1265 adversus

256 1291 342 1317 nulla,
369 1283 516 1312 immobilia
543 1289 570 1311 et
601 1283 732 1311 imbecilla
771 1284 853 1312 idola.
880 1283 1044 1310 Immortalia

256 1330 384 1364 denique,
400 1329 471 1364 quod
484 1328 553 1356 idola
568 1335 618 1356 nec
630 1329 744 1363 spirent,
755 1336 805 1355 nec
821 1328 1044 1356 ullamelIicieudi

257 1376 310 1403 vim
336 1376 453 1403 habeant
468 1384 475 1403 :
491 1375 539 1402 sed
567 1382 619 1402 nec
637 1374 769 1402 tantillum
788 1375 895 1410 quidem
910 1375 971 1402 vita:
984 1381 1045 1409 par-

258 1427 312 1450 tem
335 1422 502 1456 acceperint.
525 1420 624 1448 Narrat
639 1421 689 1448 hoc
712 1422 806 1454 etiam,
830 1421 954 1448 eumdem
969 1420 1044 1447 illum

256 1477 364 1497 sacrum
391 1470 477 1496 virum
503 1476 563 1496 sese
588 1469 733 1502 docuisse,
759 1468 985 1503 quemadmodum
1011 1465 1045 1493 ab

1093 236 1206 269 πάντες
1232 236 1354 272 ἄγγελοι
1374 238 1460 265 Θεοῦ.
1480 239 1529 266 Διά
1544 248 1584 266 τοι
1600 239 1681 267 τοῦτο
1696 242 1743 268 καὶ
1767 242 1828 277 ἅμα
1844 244 1888 279 τῷ

1093 282 1163 318 πρὸς
1175 282 1206 309 τὸ
1221 282 1417 318 θυσιαστήριον
1424 284 1538 311 εἰσιέναι
1554 285 1617 317 τοὺς
1629 286 1712 321 ἱερεῖς
1723 288 1736 313 ό
1752 287 1891 323 ἱεροψάλ-

1093 337 1143 363 της
1155 328 1257 355 ἀνωθεν
1273 328 1374 364 ἀναϐοᾷ
1386 329 1426 362 τὸ,
1439 330 1540 364 ’Ἄγιος
1557 332 1574 357 d
1590 331 1672 364 Θεὸς,
1688 331 1773 366 ἅγιος
1792 335 1890 368 ισχυ-

1089 372 1163 405 ρὸς,
1187 373 1270 407 ἅγιος
1297 373 1455 407 ἀθάνατος.
1483 375 1596 402 ’Ἡντινα
1624 377 1787 412 ὑμνολογίαν
1817 387 1891 413 συγ-

1093 417 1204 443 κεῖσθαί
1218 426 1300 452 φησιν
1317 419 1350 445 ὲκ
1366 419 1416 453 τῆς
1430 420 1484 446 τῶν
1500 421 1626 457 Σεραφὶμ
1641 423 1762 457 φρικτῆς
1783 425 1890 458 ὁμολο-

1093 463 1166 497 γίας.
1180 464 1250 499 Φησὶ
1261 464 1289 490 δὲ
1303 464 1340 496 ὡς
1358 465 1412 492 οὐδ’
1430 465 1538 493 οἴκοθεν
1552 467 1619 503 πρὸς
1630 468 1730 504 ταύτην
1749 467 1818 505 ἦλθε
1832 471 1888 505 τὴν

1095 509 1209 543 ἔννοιαν,
1235 510 1293 537 ἀλλ’
1319 511 1350 544 ἐξ
1366 511 1502 539 Ἰουδαίων
1525 522 1567 546 τις
1591 514 1637 540 τὸν
1658 515 1708 550 τῆς
1736 516 1885 551 ἀληθείας.

1093 555 1172 590 λόγον
1196 558 1363 594 κατηχηθεὶς
1384 560 1432 586 καὶ
1455 560 1551 592 ἄλλους
1576 562 1710 596 καηχεῖν
1732 563 1811 598 παρὰ
1831 564 1886 598 τῆς

1100 601 1263 637 Ἐκκλησίας
1279 603 1389 638 ἀξίωμα
1416 604 1515 636 λαϐὼν,
1536 606 1618 639 σοφός
1638 615 1667 633 τε
1687 607 1721 633 τὰ
1746 607 1816 634 ἄλλα
1834 610 1886 635 καὶ

1094 647 1144 682 βίῳ
1159 647 1297 684 λαμπρὸς,
1319 649 1422 681 ἐκεῖνος
1436 650 1510 685 αὐτῷ
1522 652 1570 686 τῆς
1587 653 1771 688 προκειμένης
1789 654 1886 690 μαθή-

1094 702 1164 725 σεως
1174 693 1358 729 καθηγήσατο,
1375 695 1403 727 ἐξ
1416 692 1453 722 ὧν
1467 697 1483 730 ἡ
1497 697 1637 733 ίερολογία
1650 699 1793 734 συνετέθη,
1811 701 1885 727 ἁνα-

1092 739 1278 774 διδαξάμενος,
1305 740 1447 767 Διδάσκειν
1461 741 1508 768 οὖν
1524 743 1605 769 αὐτόν
1620 752 1702 778 φησιν
1727 744 1760 771 ἐκ
1775 754 1806 772 τε
1832 747 1886 781 τῆς

1093 785 1264 820 Χερουῦικῆς
1287 786 1450 822 ὑμνολογίας
1475 788 1522 814 καὶ
1547 788 1594 815 τοῦ
1619 793 1665 824 μα’
1691 790 1800 825 ψαλμοῦ
1825 792 1885 818 τῶν

1095 830 1261 867 ἱεροψαλτῶν
1279 841 1356 859 συντε
1362 832 1466 860 Belo-8m.
1479 834 1511 861 τὸ
1524 834 1671 871 μελῲδημα
1681 845 1687 852 ι
1703 837 1816 872 ᾄδεσθαι
1829 839 1886 872 μὲν

1094 877 1148 912 γὰρ
1159 879 1189 904 ἐν
1196 877 1236 913 τῷ
1249 877 1348 914 ψαλμῷ
1361 878 1413 906 τὸν
1424 880 1497 906 Θεὸν
1506 881 1559 907 τὸν
1574 881 1700 915 ἰσχυρὸν
1710 883 1764 909 τὸν
1773 882 1885 916 ζῶντα,

1094 924 1301 959 μεταληφθῆναι
1327 925 1355 952 δὲ
1377 926 1408 952 τὸ
1421 927 1444 946 δ’
1460 928 1510 961 μὲν
1522 926 1615 958 ζῶντα
1637 930 1677 960 είς
1691 930 1887 965 ὶσοὸύναμον

1093 967 1157 1004 [515
1180 968 1226 1005 IL}
1247 969 1281 996 τὸ
1295 969 1455 1003 ἀθάνατον,
1472 972 1609 1006 αὑτολεξεὶ
1628 973 1656 1000 δὲ
1677 973 1886 1010 διατηρηθῆναι

1093 1014 1148 1041 τὸν
1161 1016 1298 1050 ἰσχυρὸν,
1321 1017 1368 1043 καὶ
1379 1017 1451 1044 οὕτω
1467 1019 1669 1053 συνυφανθῆναι
1684 1029 1710 1046 τι
1727 1021 1887 1057 μελῴδημα.

1093 1062 1124 1088 τὺ
1135 1062 1216 1097 ίερόν.
1232 1063 1420 1091 ’Δποδεδόσῦαι
1436 1065 1528 1100 μέντοι
1541 1073 1572 1100 γε
1588 1066 1619 1093 τὸ
1639 1066 1689 1101 μὲν
1702 1067 1775 1101 Θεὸς
1785 1069 1835 1095 καὶ
1849 1070 1886 1096 τὸ

1092 1106 1177 1141 ἅγιος
1192 1108 1260 1143 πρὸς
1272 1110 1482 1146 ἁντιδιαστολὴν
1505 1111 1560 1138 τῶν
1574 1112 1720 1138 είδωλικῶν
1739 1113 1888 1149 σεϐασμά-

1093 1162 1159 1185 των,
1174 1155 1192 1181 ἆ
1207 1154 1295 1190 γεώδη
1314 1155 1343 1182 τέ
1359 1156 1417 1182 ἐστι
1434 1156 1482 1182 καὶ
1495 1157 1595 1192 χειρῶν
1610 1158 1633 1174 ⁸³
1647 1158 1798 1193 ἀνθρώπων
1810 1160 1887 1196 ἔργα

1093 1200 1140 1226 καὶ
1160 1198 1331 1235 βδελύγματα
1350 1200 1388 1232 ὡς
1400 1201 1521 1236 ἀληθῶς·
1537 1203 1568 1229 τὺ
1586 1202 1615 1229 δὲ
1629 1204 1754 1238 ἰσχυρὸς
1767 1205 1839 1240 πρὸς
1853 1207 1888 1232 τὸ

1094 1246 1208 1272 ἐκείνων
1235 1246 1343 1280 ἄφωνον
1364 1248 1412 1273 καὶ
1435 1247 1565 1284 ἀκίνητον
1589 1249 1636 1276 καὶ
1658 1250 1779 1283 ἀσθενὲς,
1804 1251 1837 1278 τδ
1855 1252 1887 1278 δὲ

1093 1290 1241 1324 ἀθάνατος
1265 1293 1333 1327 πρὸς
1349 1292 1379 1319 τὸ
1391 1293 1492 1320 ἄπνουν
1508 1295 1619 1321 ἐκείνων
1629 1295 1678 1321 καὶ
1699 1296 1889 1331 ἀνενέργητον

1093 1337 1141 1363 καὶ
1165 1336 1219 1363 οὐδ’
1236 1337 1359 1364 ὁποιαοῦν
1375 1337 1447 1373 ζωῆς
1463 1340 1605 1374 μετασχόν.
1626 1341 1707 1374 Λέγει
1722 1341 1750 1367 δὲ
1771 1341 1818 1368 τὸν
1830 1344 1889 1369 αὑ-

1094 1381 1139 1408 τὸν
1155 1382 1228 1417 ίερὺν
1238 1383 1321 1418 ἄνδρα
1342 1385 1391 1411 καὶ
1404 1384 1483 1411 τοῦτο
1496 1385 1577 1412 αὐτὸν
1591 1386 1794 1419 ὲκδιδάξασθαι,
1808 1389 1889 1415 καθὰ

1093 1429 1141 1455 καὶ
1159 1429 1264 1464 ἑτέροις
1288 1429 1472 1466 ὲξιστόρηται,
1497 1432 1535 1464 ὡς
1561 1432 1600 1468 τῷ
1620 1433 1747 1468 μακαρίῳ
1765 1434 1889 1470 Πρόκλῳ

1094 1474 1422 1510 (Κωνσταντινουπόλεως
1438 1478 1466 1504 δὲ
1491 1478 1622 1514 πρόεδρος
1642 1477 1686 1514 ἦν)
1704 1480 1720 1515 ἠ
1737 1480 1784 1507 τοῦ
1803 1481 1889 1516 εἰρη-

257 1516 320 1543 aiiis
333 1523 439 1550 quoque
463 1515 643 1550 scriptoribus
672 1515 799 1547 refertur,
828 1519 854 1540 ut
879 1514 974 1541 beatus
987 1513 1041 1547 (60)

1097 1519 1179 1556 μένου
1208 1522 1404 1557 μελῳδήματος
1425 1523 1458 1550 δι’
1480 1513 1682 1559 ἀποκαλύψεωςγ
1708 1513 1889 1564 [ἐμυήθη-ιλ]

256 1561 370 1588 Proeliis
396 1560 655 1596 (Constantinopolis
668 1560 690 1587 is
707 1559 805 1594 praesul
823 1559 892 1593 erat)
921 1558 1043 1594 praedicti

258 1606 352 1641 hymni
368 1605 612 1638 constructionem,
642 1612 689 1638 per
712 1603 901 1632 revelationem
934 1603 1045 1630 edoctus

257 1652 303 1683 sit,
319 1659 379 1679 cum
394 1651 497 1686 angelis
519 1658 626 1678 sacrum
642 1651 714 1677 hunc
729 1651 856 1685 hymnum
874 1649 1042 1680 canentibus,

257 1697 361 1732 primus
377 1697 421 1723 ille
434 1696 556 1723 eamdem
572 1696 669 1722 deinde
686 1695 839 1722 doctrinam
858 1693 960 1721 hausit.
984 1692 1043 1720 Tali

257 1742 444 1777 disputatione
465 1742 623 1769 vicesimum
650 1746 777 1776 quartum
792 1746 820 1768 et
832 1741 955 1776 quintum
970 1739 1044 1767 clau-

256 1788 330 1816 ditur
343 1793 435 1822 caput.
593 1783 597 1786 ’

292 1834 337 1862 26.
346 1834 442 1869 Capite
451 1834 579 1862 vicesimo
590 1839 668 1861 sexto
680 1833 806 1866 refertur,
820 1841 867 1861 sex
877 1833 981 1861 dierum
993 1841 1043 1860 nu-

257 1888 360 1908 merum
374 1881 398 1906 in
411 1880 544 1915 principio
556 1884 647 1916 typum
657 1887 716 1907 esse
734 1880 909 1915 agnoscenda:
921 1879 1042 1907 Trinita-

256 1927 301 1956 tis.
311 1925 429 1959 illudque
438 1933 498 1952 cum
508 1933 540 1953 ex
555 1925 616 1952 aliis
624 1925 794 1953 manifestum
803 1926 927 1959 evadere,
941 1931 995 1953 tum
1007 1934 1042 1953 ex

255 1972 316 2000 illo:
326 1971 387 1999 Dies
396 1971 449 1998 diei
457 1976 557 1998 eructat
566 1972 681 2005 verbum,
691 1976 716 1998 et
724 1979 775 1999 nox
781 1972 851 1999 nocti
858 1972 1044 2000 indicandam

255 2018 320 2045 tiam
339 2018 371 2044 ⁸³.
409 2017 478 2050 Quin
504 2022 531 2045 et
552 2024 586 2044 ex
603 2017 648 2044 illo
663 2025 671 2044 :
690 2017 723 2044 In
739 2017 825 2051 capite
839 2017 901 2044 libri
917 2019 1042 2053 scriptum

254 2069 292 2091 es:
310 2064 341 2091 de
355 2071 395 2090 me
410 2063 450 2090 ’δι
472 2063 570 2098 quibus
585 2062 716 2098 [saltem]
735 2063 892 2097 contigisset
905 2064 1043 2098 percipere

253 2116 302 2136 sex
328 2109 380 2136 illis
398 2108 552 2135 iuitialibus
570 2108 665 2135 diebus
682 2108 749 2134 nihil
764 2115 825 2135 esse
837 2109 1040 2144 intelligendum

254 2162 360 2187 eorum,
375 2163 435 2190 qua:
453 2158 624 2188 apparerent.
645 2152 731 2187 Caput
747 2154 819 2181 enim
832 2159 860 2182 et
876 2154 1039 2189 principium

255 2201 328 2232 libri.
354 2201 411 2228 sive
436 2200 525 2228 omnis
546 2207 560 2226 a
577 2200 632 2227 Deo
659 2200 797 2234 inspirata:
810 2200 967 2236 Scriptura,
997 2205 1040 2228 est

253 2255 321 2283 opus
333 2255 379 2275 sex
392 2248 508 2280 dierum,
521 2246 619 2281 quibus
633 2247 723 2274 mundi
740 2247 841 2275 creatio
851 2247 968 2281 perfecta
981 2252 1038 2276 est:

253 2293 331 2328 cujus
346 2299 377 2319 ex
396 2291 579 2327 magnitudine
593 2299 626 2320 ac
637 2292 838 2328 pulchritudine
855 2292 968 2320 Creator
982 2293 1040 2326 ipse

253 2339 361 2374 agnitus
376 2339 493 2366 canitur.
516 2337 662 2373 Imaginem
676 2345 740 2365 vero
759 2338 862 2365 referre
877 2337 1037 2366 Trinitatis:

252 2389 280 2411 et
294 2386 328 2412 ad
346 2385 468 2420 mysterii
483 2385 666 2419 cognitionem
681 2385 834 2412 conducere
848 2385 957 2412 eosdem
978 2385 1038 2412 illos

252 2438 301 2457 sex
315 2430 372 2457 dies
385 2430 494 2463 asserit,
512 2438 565 2458 non
582 2431 671 2458 minus
688 2439 768 2464 quam
785 2430 818 2457 de
832 2437 881 2458 sex
897 2430 949 2458 alis
965 2430 1037 2458 Che-

253 2475 333 2502 rubin
348 2476 496 2511 symbolica
520 2481 548 2503 et
565 2484 642 2504 sacra
657 2477 755 2503 oratio.
787 2476 853 2509 Qua:
865 2480 940 2504 certe
956 2477 1036 2504 doce-

1097 1566 1232 1599 σύνθεσις,
1247 1569 1372 1602 ἀγγέλων
1391 1569 1440 1604 μὲν
1454 1569 1503 1605 τὴν
1518 1571 1669 1605 ἱερολογίαν
1688 1571 1792 1608 ταύτην
1816 1575 1890 1600 ἀνα-

1097 1613 1265 1648 μελπόντων,
1290 1615 1396 1642 ἐκείνου
1412 1615 1440 1642 δι
1458 1616 1506 1652 τὴν
1528 1616 1629 1652 μύησιν
1648 1618 1756 1652 πρώτου
1774 1619 1890 1646 ἐκεῖθεν

1095 1659 1290 1694 ἐκδεξαμένου.
1317 1661 1445 1688 Τοιοῦτον
1459 1663 1509 1696 μὲν
1529 1662 1621 1696 ἀγῶνα
1636 1665 1683 1690 καὶ
1701 1664 1732 1691 τὸ
1755 1664 1779 1691 δ’
1792 1666 1842 1692 καὶ
1862 1667 1889 1693 κ’

1094 1703 1154 1738 ἅμα
1164 1704 1211 1731 τοῦ
1224 1705 1322 1741 ἑφεξῆς
1335 1709 1356 1732 ε’
1371 1707 1518 1741 κεφαλαίου
1529 1709 1685 1736 ὑποδύεται.

1135 1837 1179 1864 Ἑν
1196 1838 1225 1865 δὲ
1235 1838 1275 1874 τῷ
1294 1842 1340 1872 κς¹
1355 1840 1495 1875 κεφαλαίῳ
1507 1841 1581 1875 λέγει
1597 1841 1643 1867 τὸν
1656 1842 1678 1857 δ’
1691 1842 1720 1868 ὲν
1729 1843 1762 1878 τῇ
1779 1851 1890 1879 κοσμο-

1093 1884 1186 1920 γενείᾳ
1201 1885 1262 1912 κατ’
1275 1886 1364 1920 ἀρχὰς
1378 1886 1432 1912 τῶν
1445 1889 1471 1918 ς’
1483 1886 1594 1922 ἡμερῶν
1607 1887 1723 1922 ἀριθμὸν
1739 1888 1828 1916 τύπον
1843 1888 1890 1916 εἷ-

1094 1939 1138 1956 ναι
1150 1931 1199 1966 τῆς
1210 1932 1350 1967 τριαδικῆς
1367 1932 1543 1966 ϐεογνωσίας,
1567 1934 1702 1961 καὶτοῦτο
1717 1934 1816 1969 δηλοῦν
1831 1937 1890 1964 σὺν

1093 1977 1140 2004 καί
1153 1985 1223 2004 τισιν
1236 1978 1341 2013 ἑτέροις
1355 1978 1403 2005 καὶ
1419 1978 1460 2011 τὺ,
1485 1979 1595 2014 Ἡμέρα
1609 1980 1631 1996 ⁸⁸
1641 1979 1681 2014 τῇ
1689 1980 1783 2015 ἡμέρᾳ
1797 1981 1889 2016 ἐρεύ-

1093 2031 1175 2056 γεται
1186 2023 1280 2057 ῥῆμα,
1298 2023 1346 2050 καὶ
1361 2023 1419 2056 νὺξ
1442 2025 1530 2052 νυκτὶ
1550 2025 1728 2060 ἀναγγέλλει
1752 2027 1888 2061 γνῶσιν.

1099 2069 1179 2095 Ἀλλὰ
1192 2069 1239 2095 καὶ
1254 2069 1294 2101 τὸ,
1313 2069 1362 2096 Ἐν
1385 2070 1524 2104 κεφαλίδι
1542 2071 1563 2086 ⁸⁷
1576 2071 1699 2103 ,βιϐλίου
1718 2072 1889 2107 γέγραπται

1093 2113 1160 2148 περὶ
1174 2114 1258 2148 ἐμοῦ,
1269 2115 1342 2146 ὅσοις
1356 2115 1466 2149 γέγονεν
1484 2117 1524 2148 είς
1538 2117 1587 2148 τὰς
1599 2117 1716 2153 ἀρχικὰς
1729 2119 1839 2150 ὲκείνας
1854 2121 1888 2152 ἓξ

1097 2159 1204 2194 ἡμέρας
1214 2159 1352 2192 ἐκλαὸεἰν,
1368 2161 1443 2187 οὐδὲν
1453 2161 1508 2187 τῶν
1529 2162 1757 2197 ἀπεμφαινόντων
1771 2164 1887 2200 διανοη-

1094 2205 1182 2240 θῆναι.
1200 2206 1313 2241 Κεφαλὴ
1328 2207 1382 2242 γὰρ
1405 2209 1452 2234 καὶ
1465 2209 1536 2244 ἀρχὴ
1552 2209 1667 2243 βιϐλίου,
1682 2210 1807 2237 τουτέστι
1827 2213 1887 2239 πά-

1095 2260 1144 2286 σης
1162 2252 1211 2287 τῆς
1232 2252 1413 2280 θεοπνεύστου
1428 2254 1580 2290 Γραφῆς,ὴ
1604 2256 1765 2292 ὲξαήμερος,
1787 2259 1818 2284 ὲν
1835 2256 1887 2290 αἷς

1092 2297 1109 2332 ἡ
1125 2297 1215 2329 κτίσις
1230 2299 1408 2336 συνετελέσθη
1420 2308 1426 2314 ·
1442 2297 1479 2326 ὧν
1490 2301 1522 2327 ἐκ
1537 2301 1668 2336 μεγέθους
1683 2303 1729 2328 καὶ
1745 2303 1885 2338 καλλονῆς

1092 2345 1107 2371 ό
1125 2344 1293 2380 δημιουργὸς
1313 2345 1587 2381 καταλαμσανόμενος
1601 2347 1770 2382 ἁνυμνεῖται.
1801 2350 1881 2376 Εἰκο-

1091 2389 1177 2421 νίζειν
1188 2390 1217 2416 δὲ
1228 2390 1277 2425 τὴν
1288 2391 1390 2426 Τριάδα
1405 2392 1453 2418 καὶ
1477 2392 1545 2427 πρὸς
1568 2392 1742 2420 διδασκαλίαν
1763 2394 1812 2421 τοῦ
1830 2405 1881 2430 μυ-

1092 2435 1356 2470 στηρίου,συντελείν
1363 2436 1413 2466 τὰς
1422 2437 1506 2470 αὐτὰς
1518 2437 1548 2471 ἐξ
1558 2439 1672 2473 ἡμέρας,
1681 2440 1774 2474 φησὶν.
1783 2440 1886 2477 ὥσπερ

1090 2481 1138 2507 καὶ
1153 2481 1208 2508 τῶν
1220 2481 1249 2514 ἒξ
1269 2483 1444 2518 Χερουῦικῶν
1463 2485 1609 2519 πτερύγων
1634 2487 1684 2521 τὴν
1710 2487 1886 2523 συμϐολικὴν

289 2531 347 2576 Ἥοξ
366 2532 445 2576 Deut.
459 2540 545 2576 in",
560 2532 594 2560 ιε
609 2540 666 2561 sec.
684 2531 771 2565 LXX;
805 2531 877 2560 Psal.
892 2540 964 2565 xcvt,
980 2533 1010 2567 7;
1029 2535 1109 2563 llebr.
1128 2545 1147 2569 i,
1164 2538 1191 2564 ti.
1237 2538 1260 2554 “
1281 2538 1351 2566 Pnal.
1369 2548 1446 2573 rvm,
1469 2542 1494 2568 5.
1535 2542 1559 2557 ⁸⁸
1577 2542 1649 2570 Psai.
1667 2550 1761 2576 xulx,
1774 2545 1791 2572 8

253 2571 281 2594 et
301 2566 381 2595 Hebr.
406 2575 433 2601 ι,
459 2567 488 2595 'i.

885 2613 996 2642 VARIAE
1013 2616 1216 2646 LECTIONES.

324 2657 369 2703 καὶ
381 2657 499 2703 Δπροῄει]
522 2659 603 2703 Ι1)(ξιιι.
619 2666 723 2703 sxxii”:
745 2658 791 2703 τίει
806 2659 852 2703 ῥ’
866 2660 897 2686 τὸ
955 2669 965 2701 ί
1049 2670 1078 2703 ς..
1090 2698 1097 2703 _
1111 2663 1143 2703 _”
1163 2664 1262 2703 χειρῷν
1276 2665 1330 2703 τῷν
1350 2665 1417 2700 άνθρ
1440 2675 1471 2698 ς.
1510 2667 1532 2682 ⁸⁵
1545 2668 1651 2703 ἐμυήθη
1673 2676 1729 2695 οιη.
1746 2676 1789 2703 pr.
1803 2670 1824 2696 Α
1839 2679 1846 2696 :
1863 2671 1885 2698 (ἶ

253 2694 495 2739 iureiii-“reflatur:I
520 2694 645 2739 [ιιι-ιιιιιιιξ
673 2694 755 2721 habet
785 2701 878 2722 versus
901 2695 1014 2724 dimidii.
1052 2698 1075 2713 “
1090 2694 1225 2733 λέγει”τὸν
1237 2701 1257 2726 Δ
1275 2709 1281 2726 :
1298 2694 1408 2734 λέγεταί
1421 2694 1453 2734 gr
1488 2702 1511 2717 “
1527 2694 1628 2739 ἠμῖέρῶ
1642 2694 1726 2731 ἱέὲιιζ
1746 2694 1885 2738 Inviti-5‘:

253 2727 275 2743 "
290 2729 319 2753 ὲν
345 2727 420 2764 κεφ.]
437 2728 507 2755 l’sal.
520 2736 612 2761 xulx,
629 2729 656 2756 8.

1004 2779 1108 2808 NOTAE

287 2820 343 2855 (i9)
366 2820 436 2858 ldum
458 2823 534 2848 docet
555 2822 663 2856 NlCt’pll.
690 2823 830 2850 Cahasilns
855 2826 969 2858 exposit.
997 2825 1038 2852 Li-

251 2861 321 2889 ειη-ᾳ.
340 2864 398 2891 cap.
415 2857 458 2882 '20.

1130 2826 1186 2862 (50)
1216 2826 1348 2862 Georgius
1395 2828 1552 2862 Cedrenns,

1595 2829 1697 2857 Ilialar.
1733 2829 1883 2867 Compend.

1094 2870 1165 2888 anno
1182 2862 1215 2888 30
1233 2861 1389 2890 Theodosii.
