1916 3092
45 166 92 196 773

551 161 585 190 BI
594 160 813 190 BLIOTHECA.
829 173 861 180 -
876 160 957 190 COD.
968 159 1108 189 CCXXII.

1614 155 1665 186 77ἑ

45 218 205 255 ἱερολογῐαν.
229 218 262 244 Ἡ
275 217 302 244 δὲ
320 217 374 252 ἄρα
392 217 584 252 ὲμυσταγὼγει
598 217 648 250 τῆς
662 214 828 250 δημιουργοῦ

887 217 929 242 bat
953 214 1095 241 Trinitatis
1121 212 1262 241 creatricis
1278 211 1402 239 notitiam
1429 219 1477 247 per
1496 211 1664 239 materialem

43 265 154 300 Τριάδος
163 264 214 300 τὴν
223 264 324 298 γνῶσιν
336 263 369 289 δι’
380 263 476 297 ὑλικῆς
494 262 694 297 παραγίνεσθαι
707 261 754 288 κα)¹
768 269 829 286 συν-

43 313 129 337 θέτου.
145 311 201 336 Καὶ
217 310 271 345 μὴν
283 309 331 336 καὶ
346 309 430 343 αὐτῆς
448 309 498 344 τῆς
511 308 599 343 ἁπλῆς
621 307 668 334 καὶ
683 306 829 333 ἀσυνθέτου

42 358 133 387 οὐσίας
148 356 195 383 διὰ
206 357 256 391 τῆς
271 355 365 382 ὲνύλου
378 355 427 382 καὶ
440 354 651 389 συντεθειμένης
660 353 709 388 τὴν
726 352 830 388 τριαδι-

42 404 91 439 κήν
118 402 328 429 ὕπαινῑττεσθαι
343 402 503 437 κυριότητα.
530 400 595 436 [512
616 399 664 436 3.]
681 399 762 426 Ὅθεν
784 398 832 425 καὶ

42 450 83 475 διὰ
93 448 314 484 διπλῆςτριάδος
326 448 376 483 τῆς
384 447 453 483 ὑπὲρ
463 448 553 474 πᾶσαν
567 447 706 481 ἁπλότητα
717 445 832 482 Τριάδος

43 494 89 528 τὴν
104 494 210 528 γνῶσιν
236 492 487 519 ἀνακαλύπτεσθαι.
508 491 603 518 Πίστιν
617 491 647 518 δὲ
665 492 720 522 τοῖς
733 490 832 517 τεθεω-

45 539 174 574 ρημένοις
205 538 357 570 ἐπιτιθεὶς,
375 538 425 573 τὴν
451 538 474 569 ζ’
498 537 565 572 φησὶ
587 536 672 564 τύπον
691 534 761 563 εἶναι
783 535 831 562 τοῦ

44 585 139 620 καιροῦ
151 584 270 617 ἐκείνου,
283 585 312 610 ἑν
329 580 352 619 ᾦ
365 584 420 611 τῶν
431 584 590 619 παχυτέρων
607 584 654 610 καὶ
669 583 833 618 σωματικῶν

44 631 107 665 ἡμῖν
125 630 218 666 ἔργων
245 630 428 662 κατάπαυσις,
453 629 491 660 ὦς
514 638 566 656 που
584 629 607 645 ⁵⁸
623 629 670 655 καὶ
689 629 703 655 ό
725 629 833 660 Παῦλὸς

45 686 135 712 φησιν,
151 677 190 709 ὡς
210 678 411 705 Ἂπολείπεται
425 677 629 712 σαϐϐατισμὸς
642 677 682 710 τῷ
698 677 762 710 λαῷ
779 677 832 704 τοῦ

46 723 133 750 Θεοῦ-
152 724 169 750 ό
183 723 240 758 γὰρ
257 723 354 750 ἐλθὼν
369 724 413 756 εις
431 722 490 756 τὴν
512 722 706 750 κατάπαυσιν
726 723 831 757 αὐτοῦ,

45 768 89 794 καὶ
108 767 203 801 αὐτὸς
230 768 423 794 κατέπαυσεν
450 767 509 794 ἀπὸ
533 767 592 794 τῶν
612 767 707 802 ἔργων
728 767 832 800 αὑτοῦ,

44 814 145 848 ὥσπερ
159 814 221 841 ἀπὸ
234 813 295 840 τῶν
307 813 389 841 tam
408 814 424 840 ὸ
440 814 523 846 Θεός.
537 814 568 840 Ei
582 814 610 840 δὲ
620 813 704 845 τύπος
716 814 731 848 ἠ
750 813 772 845 ζ’
785 813 833 848 τῆς

45 859 245 891 καταπαύσεως
261 859 316 886 τῶν
331 859 396 895 παρ’
409 860 476 895 ἡμῖν
492 859 579 895 ἔργων
594 859 649 887 τῶν
666 859 832 892 ὑλικῶν,ὃτε

44 907 113 933 κατὰ
129 907 177 934 τὸν
191 906 272 936 αὐτὸν
293 906 439 933 θεσπέσιον
462 904 569 932 Παῦλον
580 904 602 921 δ’
615 905 662 931 καὶ
676 904 706 931 τὸ
729 904 830 931 τέλειον

45 954 92 989 τῆς
103 953 236 988 γνώσεως
246 954 296 989 τῆς
307 954 354 979 ἐπὶ
364 953 463 988 μέρους
476 954 571 987 σοφξας
579 949 829 985 ἀνταλλασσόμεθα,

46 1000 165 1034 εὐλόγως
178 1001 226 1027 καὶ
238 1001 288 1034 τὴν
303 999 458 1035 ὲξαήμερον
474 999 507 1026 ἂν
522 998 607 1025 τύπον
622 995 692 1024 εἶναι
711 997 761 1032 τῆς
775 996 834 1023 ὑλι-

45 1045 96 1079 κῆς
110 1044 330 1080 τεθεωρήκαμεν
343 1044 481 1078 γνώσεως,
496 1043 557 1070 καθ’
573 1044 606 1079 ἣν
625 1043 657 1069 ὲκ
671 1042 770 1078 μέρους
786 1041 834 1068 καὶ⁵

45 1090 72 1115 ἐν
85 1090 249 1124 αἰνίγμασιν
264 1090 282 1124 ὴ
301 1089 367 1125 περὶ
382 1089 412 1115 τδ
427 1088 504 1115 Θεῖον
523 1089 590 1123 ἡμῖν
606 1088 741 1122 ὑπόληψις
757 1096 834 1122 περι-

44 1136 151 1170 γέγονε.
166 1135 280 1168 Τούτοις
298 1135 395 1169 ἐπάγει
404 1135 451 1162 καὶ
465 1135 515 1170 τὴν
526 1134 572 1161 τοῦ
583 1134 713 1168 Θεολόγου
730 1133 832 1169 φωνὴν,

45 1182 103 1216 ἣτις
120 1180 207 1217 μέχρι
221 1181 307 1216 τριῶν
320 1182 385 1216 ἡμῖν
405 1181 581 1207 ὑποστάσεων
595 1180 625 1206 τὺ
638 1179 687 1215 τῆς
706 1179 835 1215 θεότητος

44 1227 200 1262 μυστήριον
213 1227 438 1262 ἁνακαλυφθῆναι
452 1227 539 1261 λέγει,
555 1225 694 1257 Μονάδος
713 1226 772 1260 μὲν
788 1235 833 1252 κι-

45 1275 203 1308 νηθείσης,
219 1275 297 1308 φησι,
308 1273 357 1300 διὰ
370 1273 403 1300 τὸ
416 1274 578 1304 πλούσιον,
595 1272 706 1305 δυάδος
717 1271 833 1308 [5|6H.]

45 1319 76 1346 δὲ
90 1319 316 1353 ὑπερὸαθεισης
332 1319 381 1346 διὰ
401 1319 459 1353 τὴν
476 1319 557 1353 ὕλην
570 1318 620 1346 καὶ
640 1317 673 1345 τὸ
690 1317 780 1351 εἶδος,
800 1317 835 1350 ἐξ

44 1364 86 1393 ὧν
106 1367 145 1393 τὰ
174 1366 308 1401 σώματα,
337 1366 458 1400 τριάδος
485 1365 519 1393 δὲ
541 1366 714 1399 ὁρισθείσης
735 1365 783 1391 διὰ
801 1364 836 1391 τὸ

45 1413 174 1440 τέλειον.
187 1412 286 1449 Πρώτη
303 1413 356 1448 γὰρ
370 1413 386 1448 ὴ
397 1413 482 1448 Τριὰς
495 1412 589 1443 δυάδος
604 1411 762 1447 ὑπερϐαίνει
774 1411 837 1437 σύν-

46 1459 132 1492 θεσιν⁷
152 1459 199 1486 ἴνα
217 1459 285 1494 μήτε
299 1458 380 1494 στενὴ
396 1459 471 1494 μένοι
484 1459 579 1494 θεότης
599 1459 668 1493 μήτε
695 1459 734 1489 εἰς
759 1457 837 1484 ἄπει-

47 1513 91 1539 ρον
105 1503 216 1539 κέηται,
233 1503 368 1530 Συνάπτει
384 1503 411 1530 δὲ
424 1504 458 1539 τῇ
475 1504 551 1539 αἰτίᾳ
563 1502 650 1538 ταύτῃ
672 1504 720 1529 καὶ
740 1501 836 1537 ἑτέραν

45 1551 95 1585 τῆς
112 1551 197 1585 μέχρι
214 1549 329 1585 Τριάδος
351 1549 445 1584 θεῖκῆς
469 1549 595 1585 προόδου,
616 1549 663 1576 καί
680 1556 748 1583 φησι
770 1547 836 1573 διότι
849 1564 871 1592 c

46 1597 92 1624 καὶ
108 1596 193 1632 μόνος
212 1595 339 1631 ἀριθμῶν
355 1596 370 1621 ό
382 1596 457 1630 τρεῖς
470 1594 554 1629 ζυγοῦ
572 1594 658 1626 τύπος
676 1593 734 1620 ἐστὶ
754 1593 837 1627 σαφέ-

48 1649 157 1673 ctu-tog,
182 1642 197 1668 ό
215 1641 243 1668 δὲ
258 1640 340 1674 ζυγὸς
357 1640 479 1675 ἰσότητος
499 1639 579 1675 Εργον
601 1639 659 1674 ἅμα
674 1638 721 1665 καὶ
737 1637 839 1673 σύμϐο-

46 1687 92 1714 λον
105 1696 112 1702 ·
129 1687 194 1714 ὅθεν
210 1687 257 1714 καὶ
273 1686 302 1713 ὲν
323 1686 450 1722 ἀριθμοῖς
465 1686 480 1712 ό
506 1684 644 1722 τριαδικδς
660 1683 739 1720 μόνος
753 1683 838 1710 ἁπάν-

50 1741 103 1760 των
115 1733 197 1768 φέρει
213 1732 244 1759 τὸ
261 1731 345 1767 μέσον
361 1731 428 1767 πρὸς
443 1732 476 1758 τὰ
492 1730 663 1766 ἑκατέρωθεν
682 1729 756 1764 ἄκρα
781 1729 840 1755 ῐσον

50 1788 78 1805 τε
102 1780 152 1805 καὶ
167 1777 389 1812 ἀπαράλλακτον,
406 1777 533 1813 οὐδεμιᾶς
557 1777 614 1808 τοῖς
635 1775 724 1811 τρισὶν
740 1775 841 1810 ὲνορω-

53 1826 137 1861 μένης
161 1825 230 1855 ὅλως
250 1824 412 1855 συνθέσεως.
439 1823 484 1850 Ἐν
510 1820 551 1854 οἷς
564 1822 611 1849 καὶ
632 1823 647 1849 ό
671 1825 699 1854 ς’
713 1821 751 1856 τῷ
764 1821 841 1856 φιλο·-

52 1871 166 1905 essum
181 1869 260 1904 ἀνδρὶ
276 1868 493 1904 συμπεραίνεται
506 1868 596 1902 λόγος.

881 265 961 293 alque
973 258 1149 293 compositam
1163 257 1344 291 cognitionem
1367 256 1494 283 advenire
1504 276 1512 288 ,
1541 256 1666 290 quinimo

881 306 1012 342 simplicis
1027 305 1112 340 ipsius
1133 309 1160 332 et
1179 304 1365 338 incomposita:
1392 303 1489 338 192a
1506 303 1664 330 substantiae

882 353 980 380 trinam
993 352 1199 387 proprietatem,
1222 357 1270 385 per
1292 349 1458 377 materialcm
1479 356 1511 376 ac
1530 349 1667 382 composi-

882 405 936 427 tam
959 398 1128 433 aauigmatice
1153 397 1294 430 denotari;
1317 401 1398 430 atque
1425 396 1489 422 hinc
1517 395 1599 422 etiam
1619 401 1669 428 per

881 446 1017 481 duplicem
1044 443 1204 471 Trinitatem
1228 442 1311 474 illius,
1337 448 1444 467 onmem
1467 440 1667 474 simplicitatem

882 490 1038 518 excedentis
1059 488 1201 516 Trinitatis
1224 486 1404 521 cognitionem
1431 484 1554 512 revelari.
1574 483 1668 510 Fidem

882 543 947 564 vero
959 541 1084 563 astruens
1096 534 1176 561 rebus
1189 534 1263 565 visis,
1287 532 1432 566 septimum
1457 530 1529 558 dietn
1549 530 1587 556 ait
1606 536 1669 556 es.~e

883 583 998 617 ﬁguram
1015 581 1087 608 illius
1119 579 1258 614 temporis,
1290 578 1315 605 in
1329 584 1382 612 quo
1400 576 1478 604 nobis
1500 576 1605 610 requies
1617 575 1669 602 erit

883 637 897 655 a
912 628 1051 663 corporeis
1063 631 1089 653 et
1105 625 1275 661 gravioribus
1292 623 1440 656 laboribus,
1457 627 1488 649 ut
1507 621 1570 649 alibi
1585 622 1668 648 etiam

883 673 984 701 Paulus
1006 671 1166 702 allirmat".
1200 670 1318 704 relinqui
1346 668 1541 696 sabbatismum
1571 667 1669 702 populo

884 719 941 746 ῡυί.
959 718 1009 751 Qui
1021 718 1093 744 enim
1108 716 1246 751 ingressus
1260 719 1302 742 est
1317 714 1472 748 iurequietn
1488 711 1668 743 suam,etiam

884 766 941 800 ipse
955 763 1087 799 requievit
1107 763 1140 790 ab
1165 761 1292 796 operibus
1315 760 1383 791 suis,
1406 760 1474 786 sicut
1488 766 1503 784 a
1520 757 1575 785 suis
1587 757 1667 784 Deus.

885 811 912 839 Si
934 818 998 838 vero
1010 809 1094 844 ﬁgura
1108 812 1150 836 est
1164 808 1294 842 septimus
1309 806 1366 833 dies
1382 804 1513 839 requietis
1538 811 1553 830 a
1570 803 1670 831 nostris

886 851 1224 886 materialibusoperibus.
1251 850 1359 886 quando
1373 849 1520 876 secundum
1544 848 1668 875 eumdem

885 899 1005 926 divinum
1021 898 1133 925 Paulum
1146 898 1169 913 ⁸⁸
1182 905 1243 924 cmn
1268 895 1430 931 perfectiora
1452 894 1607 930 cognitione
1620 894 1671 920 im-

885 945 1075 980 perfectiorem
1089 943 1327 974 commutabimus,
1348 941 1446 968 merito
1460 946 1486 968 et
1496 948 1544 968 sex
1563 941 1669 967 dierum

883 998 950 1026 opus
966 990 1079 1025 ﬁgurata
1094 997 1155 1017 esse
1173 989 1320 1016 materialis
1337 988 1501 1022 cognitionis
1514 987 1670 1014 meditando

884 1036 1081 1071 perspeximus,
1096 1035 1244 1062 secundum
1262 1042 1341 1068 quam
1354 1041 1386 1060 ex
1403 1038 1478 1067 parte
1503 1037 1530 1059 et
1550 1032 1577 1058 in
1601 1031 1668 1058 teni-

883 1088 972 1116 gmate
990 1082 1059 1109 Deus
1071 1089 1084 1108 a
1101 1081 1178 1108 nobis
1191 1080 1371 1115 cognoscitur.
1401 1078 1448 1106 His
1462 1078 1535 1106 addit
1546 1077 1668 1111 Gregorii

883 1127 1013 1163 Theologi
1032 1127 1089 1163 (5i)
1106 1127 1283 1158 sententiam,
1309 1133 1361 1159 qua
1384 1132 1469 1159 usque
1486 1124 1519 1151 ad
1536 1128 1590 1151 tres
1606 1130 1670 1157 per-

884 1182 967 1202 sonas
998 1173 1149 1201 divinitatis
1174 1172 1332 1207 mysterium
1366 1171 1445 1198 nobis
1468 1169 1668 1196 manifestatum

885 1221 950 1248 dicit
966 1229 973 1247 :
990 1219 1097 1247 Unitate
1114 1223 1195 1250 mota,
1220 1217 1269 1248 ait,
1294 1217 1326 1242 ob
1341 1216 1459 1248 divitias,
1481 1215 1583 1241 binario
1611 1221 1669 1240 vero

884 1270 1008 1299 superato
1022 1268 1127 1298 propter
1140 1261 1279 1288 materiam
1290 1266 1314 1287 et
1330 1260 1453 1295 formam.
1463 1267 1496 1287 ex
1507 1260 1600 1294 quibus
1612 1266 1671 1284 cor-

885 1319 949 1345 pora
968 1320 975 1337 :
991 1309 1121 1336 Trinitate
1135 1317 1194 1335 vero
1206 1312 1313 1342 propter
1330 1307 1467 1341 deﬁnitam
1485 1306 1670 1341 perfectionem

886 1358 983 1392 (prima
998 1355 1068 1382 enim
1088 1354 1258 1391 [innumeris
1271 1353 1281 1389 j
1300 1353 1364 1379 tritu
1375 1352 1471 1379 binarii
1485 1351 1584 1378 excedit
1599 1359 1671 1377 com-

886 1401 1062 1438 positionem)
1084 1405 1113 1428 ut
1141 1408 1221 1436 neque
1247 1399 1367 1434 angustis
1396 1399 1514 1426 terminis
1545 1397 1671 1424 divinitas

886 1448 1061 1476 contineatur.
1070 1454 1150 1480 neque
1156 1445 1183 1471 in
1191 1445 1322 1480 inﬁnitum
1333 1443 1509 1480 diffundatur.
1522 1443 1603 1470 Addit
1611 1443 1674 1469 huic

886 1499 912 1520 et
926 1493 1006 1520 aliam
1018 1499 1126 1520 causam
1149 1499 1199 1518 cur
1228 1492 1260 1518 ad
1272 1491 1431 1518 Trinitatem
1448 1497 1533 1524 usque
1544 1489 1673 1516 divinitas

888 1546 1030 1575 progressa
1044 1538 1090 1571 sit,
1105 1543 1132 1564 et
1144 1538 1183 1564 ait
1203 1546 1210 1564 :
1228 1537 1294 1571 Quia
1306 1537 1379 1564 solus
1390 1543 1567 1563 numerorum
1581 1540 1673 1562 terna-

892 1586 950 1613 rius
975 1585 1050 1612 librae
1080 1584 1163 1619 ﬁgura
1176 1588 1218 1611 est
1242 1582 1474 1610 tttanil'eslissima.
1505 1581 1585 1609 Libra
1609 1588 1674 1609 vero

890 1631 1070 1667 aequalitatem
1082 1629 1171 1662 eiiicit,
1185 1629 1264 1657 simul
1278 1636 1310 1656 ac
1339 1629 1484 1664 signiﬁcat.
1510 1628 1589 1656 Unde
1603 1629 1674 1656 etin

891 1677 1012 1705 numeris
1037 1675 1110 1702 solus
1122 1674 1256 1702 ternarius
1271 1674 1386 1701 tnediuttt
1403 1678 1518 1706 occupat
1531 1673 1619 1700 locum
1633 1674 1658 1700 iu

892 1729 934 1751 ter
953 1729 1068 1757 utraque
1082 1725 1204 1749 extreme
1216 1727 1307 1756 parem
1321 1725 1402 1754 atque
1417 1719 1673 1750 incommutabilem.

894 1771 934 1797 sic
948 1774 978 1796 ut
1002 1768 1074 1796 nulla
1087 1767 1200 1795 omnino
1214 1767 1241 1793 In
1256 1766 1344 1793 tribus
1355 1763 1585 1792 animadvertatur
1599 1771 1676 1791 eom-

894 1816 1004 1852 positio.
1024 1815 1050 1841 in
1065 1813 1169 1848 {quibus
1186 1817 1280 1840 sextus
1300 1803 1465 1847 speculativo
1487 1810 1549 1837 huic
1573 1809 1675 1838 homini

895 1863 963 1890 liber
977 1861 1137 1889 absolvitur.

814 1913 892 1940 Liber
905 1919 951 1939 vn.

91 1963 138 1991 Ἑν
153 1962 183 1989 δὲ
193 1963 232 1997 τῷ
255 1962 277 1993 ξ’
295 1962 390 1998 βιϐλίῳ
417 1961 596 1997 διαλαμὸάνει
611 1961 652 1987 ὅτι
669 1961 742 1996 τρεῖς
758 1967 842 1994 μετα-

51 2009 140 2040 θέσεις
149 2008 297 2035 πολιτειῶν
308 2007 339 2034 τδ
353 2007 423 2044 ἱερὸν
434 2007 588 2043 ἀναγράφει
600 2006 730 2042 Γράμμα,
745 2004 778 2036 ἃς
794 2003 842 2031 καὶ

926 1955 1008 1982 Libro
1017 1952 1133 1988 septimo
1143 1951 1214 1988 [cap.
1223 1950 1270 1987 27]
1282 1951 1381 1978 asserit
1393 1955 1448 1978 tres
1457 1950 1610 1985 politiarum
1619 1958 1676 1977 mu-

891 2001 1006 2027 tationes
1031 2007 1045 2025 a
1068 2006 1144 2025 sacra
1168 1997 1357 2032 repraesentari
1380 1996 1540 2031 Scriptura,
1567 2004 1633 2031 quas
1650 2001 1677 2024 et

51 2055 202 2090 σεισμοὺς
223 2054 364 2090 ὀνομάζει,
380 2042 495 2089 πρώτην
507 2042 555 2088 μὲν
569 2052 618 2087 τὴν
629 2052 683 2079 ἀπὸ
700 2051 750 2086 τῆς
767 2050 835 2077 εἰδω-

892 2046 1066 2074 Terraemotus
1082 2044 1213 2071 nominat.
1232 2043 1351 2070 Primam
1366 2043 1474 2078 quidem
1490 2044 1524 2069 ab
1538 2042 1674 2070 idolorum

51 2089 212 2137 λολιτρεῑας
225 2089 278 2127 ἐπὶν
290 2101 340 2136 τὴν
354 2100 469 2135 νομικὴν
484 2098 622 2126 πολιτείαν
635 2096 798 2131 μετάθεσιν,
812 2096 835 2122 ἐι.

891 2094 964 2121 cultu
974 2093 1000 2119 in
1009 2091 1119 2127 legalem
1127 2090 1282 2125 reipublicae
1288 2089 1498 2122 ordinationem,
1507 2090 1533 2116 in
1544 2097 1596 2124 qna
1604 2089 1677 2117 solus

53 2145 69 2184 ᾖ
86 2135 169 2182 μόνος
184 2147 235 2181 μὲν
249 2147 263 2172 ό
278 2144 374 2180 Πατὴρ
385 2144 576 2180 ἐμφανέστατα
595 2142 771 2178 κηρύττεται,
788 2142 801 2167 ὁ
813 2140 835 2167 δὲ

891 2138 974 2166 Pater
1006 2137 1226 2165 manifestissime
1244 2137 1415 2172 praedicatur.
1434 2135 1520 2164 Filius
1542 2141 1631 2164 autem
1650 2142 1678 2163 et

53 2182 115 2225 Ῠζὸς
128 2193 179 2219 καὶ
194 2193 224 2218 τὸ
238 2191 351 2226 Πνεῦμα
367 2192 395 2217 ὲν
409 2189 552 2225 ωμὸόλοις
569 2188 669 2224 μᾶλλον
681 2187 704 2203 ⁵ο
718 2185 835 2222 παραδη·

895 2185 1012 2220 Spiritus
1027 2183 1156 2219 symbolis
1169 2184 1300 2210 duntaxat
1310 2187 1337 2210 et
1348 2182 1498 2217 tenigmatis
1514 2182 1676 2209 indicantur.

52 2239 145 2267 λοῦται
161 2238 211 2265 καὶ
232 2237 376 2272 αἰνίγμασι
386 2244 394 2252 '
409 2237 539 2271 δευτέραν
552 2235 581 2262 δὲ
603 2234 652 2270 τὴν
670 2233 725 2261 ἀπὺ
740 2232 835 2264 ταύτης

895 2231 1013 2259 Alteram
1037 2236 1101 2256 vero
1116 2236 1149 2256 ex
1166 2229 1217 2255 bac
1230 2228 1256 2254 in
1272 2227 1444 2263 Evangelium
1455 2233 1507 2261 qua
1522 2227 1606 2261 magis
1621 2234 1677 2261 per-

54 2286 120 2320 πρὸς
135 2285 168 2311 τδ
187 2271 366 2318 Εὑαγγέλιον,
380 2283 409 2309 ὲν
423 2280 441 2318 ᾖ
459 2281 619 2318 τρανότερον
640 2282 655 2307 ὁ
677 2279 742 2310 Υἱὸς
754 2278 800 2304 καὶ
814 2277 835 2303 τί

896 2276 989 2311 spicue
997 2274 1082 2302 Filius
1091 2278 1119 2301 et
1127 2273 1243 2309 Spiritus
1256 2278 1367 2301 sanctus
1382 2273 1600 2300 manifestantur.
1610 2271 1678 2299 Ter-

54 2312 166 2366 ῐινεῦμα
179 2312 403 2357 ἀποκαλύπτεται
412 2312 583 2363 ’.καίτρίτην
598 2326 691 2353 λοιπὸν
702 2325 751 2359 τὴν
764 2324 835 2350 sum

895 2321 959 2348 tiam
967 2321 1083 2355 denique
1091 2320 1162 2346 illam
1170 2319 1289 2346 materiae
1296 2318 1381 2352 magis
1386 2322 1523 2352 expertem
1530 2321 1558 2343 et
1564 2316 1679 2344 divinio-

54 2362 133 2414 τέραν
146 2386 177 2404 τε
191 2377 240 2403 καὶ
255 2376 395 2411 θειοτέραν
411 2362 544 2409 λῆξινίὲν
591 2371 760 2407 διαπρυσίως
774 2370 835 2396 πᾶσι

895 2375 953 2395 rem
961 2372 1072 2398 sortem,
1079 2366 1106 2393 in
1112 2373 1164 2400 qua
1171 2363 1377 2400 peuitusl92b
1386 2362 1459 2390 'l'l'ini
1464 2362 1527 2390 tatis
1535 2362 1678 2390 uniformi-
1705 2395 1711 2398 _

54 2407 270 2458 1b.:ﬁngtd50;
286 2407 401 2452 ἑνοειδὲς
423 2407 470 2446 καὶ
500 2407 646 2454 ἀμέριστον
676 2416 722 2443 καὶ
746 2423 835 2442 παντο

895 2417 947 2445 tas,
956 2409 1199 2441 etindivisibilitas,
1213 2413 1241 2436 et
1247 2407 1588 2443 omnipotentia,quantum
1599 2412 1678 2434 natu-

896 2466 925 2485 ra
932 2461 1022 2485 creata
1028 2455 1135 2490 assequi
1143 2459 1241 2491 potest,
1248 2454 1274 2481 in
1282 2453 1420 2481 hominum
1426 2452 1605 2480 indubitatam
1618 2460 1680 2487 per-

896 2504 971 2531 venit
980 2502 1169 2536 cognitionem.
1179 2500 1299 2528 Primum
1309 2504 1398 2526 autem
1408 2503 1487 2527 terra)
1503 2504 1602 2527 motum
1613 2507 1680 2533 pra:-

897 2549 1082 2577 dicatdivinus
1089 2547 1135 2574 ille
1142 2547 1237 2578 David,
1246 2546 1384 2574 hisverbis
1391 2554 1400 2573 :
1408 2546 1428 2573 Α
1435 2546 1504 2580 [acie
1512 2546 1617 2572 Domini
1625 2553 1681 2571 mo-

899 2600 926 2622 ta
934 2600 971 2623 est
978 2600 1059 2628 terra,
1065 2602 1080 2620 ιι
1089 2594 1157 2628 {acie
1163 2592 1208 2620 Dei
1215 2591 1298 2619 Iacob
1304 2592 1338 2619 ".
1346 2593 1427 2620 Addit
1436 2593 1508 2620 enim
1517 2601 1523 2618 :
1532 2591 1681 2619 Simulacra

56 2468 232 2504 κρατορικδν,
252 2467 289 2498 ὡς
305 2467 422 2502 γεννητῇ
443 2465 522 2501 φύσει
537 2463 660 2495 δυνατὸν,
682 2463 721 2493 εἰς
736 2460 843 2496 ἀνθρώ-

56 2522 111 2541 πων
128 2513 295 2541 ἀδίστακτον
312 2512 412 2546 γνῶσιν
429 2511 595 2546 ἀφικνεῖται.
616 2507 797 2542 ’Δπαγγέλλει
814 2506 844 2533 δὲ

56 2560 99 2585 τὸν
115 2559 167 2593 μὲν
181 2557 294 2593 πρῶτον
309 2557 420 2592 σεισμὸν
442 2557 456 2583 ό
472 2555 616 2586 θεσπέσιος
637 2553 720 2580 casta
731 2552 776 2579 διὰ
790 2551 844 2578 τῶν

59 2605 188 2640 ῥημάτων
213 2603 319 2630 τούτων
334 2611 341 2617 ·
360 2602 432 2630 Ἀπὸ
449 2601 613 2636 προσώπου
636 2599 748 2633 Κυρίου
773 2598 845 2624 ἐσα-

58 2636 147 2683 λεύθη
159 2650 183 2665 ⁵¹
199 2649 220 2683 ἠ
238 2647 287 2684 τῆ,
302 2648 363 2675 ἀπὸ
378 2647 541 2681 προσώπου
559 2645 613 2673 τοῦ
632 2643 708 2672 Θεοῦ
723 2642 827 2670 Ἰακώϐ

898 2642 1013 2677 gentium
1020 2644 1155 2675 argentum
1161 2645 1505 2674 etaurum,operamanuum
1511 2636 1679 2665 hominum".

93 2695 115 2711 "
130 2695 216 2723 Hebr.
246 2701 284 2726 tv,
308 2693 337 2721 9.
391 2694 414 2710 “
433 2693 521 2721 lCor.
544 2699 604 2724 xtn,
631 2691 657 2718 9.
711 2690 732 2706 ⁵⁷
759 2688 831 2716 Psul.
851 2695 928 2719 cxtn,
946 2687 974 2714 7.
1025 2687 1047 2702 “
1067 2686 1132 2714 ibid.
1147 2687 1192 2714 i3.

693 2734 810 2762 VARIIE
831 2732 1032 2760 LECTIONES.

93 2789 115 2806 ⁸³
128 2788 193 2825 που]
218 2787 302 2823 Hebr.
328 2795 366 2820 tv,
379 2786 406 2814 9.
447 2786 470 2803 "
484 2784 602 2821 Παῦλον]
625 2784 691 2812 Cor.
706 2791 764 2814 xtu.
782 2784 808 2810 9.
847 2782 871 2798 '°
910 2781 1010 2816 μᾶλλον
1027 2781 1048 2808 Δ
1064 2789 1071 2807 :
1092 2780 1172 2816 μόνον
1189 2788 1219 2811 ς.
1257 2779 1278 2794 ⁸¹
1297 2777 1370 2805 ὲσαλ.
1386 2775 1459 2804 Psal.
1476 2783 1554 2808 cx-ttt,
1571 2776 1599 2802 Ἰ.

821 2826 934 2853 NOTAE.

97 2881 150 2916 (Si)
167 2879 246 2907 Orat.
265 2887 296 2910 tt.
317 2877 355 2904 De
369 2876 448 2908 Part,
466 2884 538 2903 uum.
556 2876 598 2903 17.
