1916 3092
215 159 268 191 ’179

217 215 298 243 an‘ert
311 219 452 250 personas,
469 210 517 239 sed
537 209 668 237 unitatem
685 215 811 243 peraeque
826 208 928 235 retinet
941 213 1004 242 per-
1019 208 1040 235 A

215 269 292 292 sane
302 281 310 294 ,
326 260 366 288 sic
383 263 411 287 et
427 257 543 293 Spiritus
557 256 618 289 Dei,
636 256 700 283 dum
716 256 750 283 ab
763 255 880 290 antiquis
895 254 1005 281 audire-

217 312 263 335 tur
280 305 424 341 pinguiora
446 303 536 336 modo.
552 307 579 330 et
600 301 634 329 ad
655 309 719 328 eum
739 307 794 336 quo
813 300 840 327 in
856 299 935 327 nobis
953 303 1006 330 est,

219 351 319 379 nullius
335 351 386 378 hoc
401 348 560 377 idololatriae
577 346 737 375 scandalum
754 345 845 373 dabat.
861 345 1007 379 Propterea

220 397 312 432 itaque
330 395 447 430 Spiritus
467 394 547 430 plane
563 394 590 421 in
607 391 699 420 Veteri
717 391 894 419 Testamento
910 388 1008 425 praedi-

219 446 307 468 catur.
322 439 407 467 Filius
425 448 476 466 non
493 439 570 471 item,
587 438 633 465 sed
650 445 699 472 per
715 435 868 471 hujusmodi
885 435 1006 466 nomina,

219 495 279 522 quae
299 491 326 514 et
350 487 407 521 ipsa
432 489 568 520 nequeant
592 485 724 511 unitatem
742 483 919 519 hypostaseos
939 480 1009 508 divi-

221 534 296 566 dere,
320 536 351 559 ut
373 532 437 559 illud
453 540 460 558 :
476 531 524 558 Dei
550 538 655 562 manus,
677 529 833 557 Brachium.
860 526 1008 563 Sapientia,

222 577 359 610 Potentia,
379 576 503 609 Dextera,
536 575 658 608 Verbum,
683 579 711 602 et
734 581 794 610 quae
817 577 881 601 sunt
904 572 1010 607 generis

223 623 358 657 ejusdem.
392 623 446 650 lsla
476 622 576 649 etenim
602 629 653 649 nec
683 620 711 648 in
734 619 887 647 mortalium
912 623 1011 645 natura

224 670 310 704 ipsam
337 669 469 695 unitatem
499 669 525 694 in
550 668 603 694 duo
627 667 770 699 dividunt,
795 670 841 692 aut
868 671 1010 699 personam

224 714 403 748 distinguunt.
415 712 507 740 Sicubi
521 720 586 740 vero
598 713 679 739 etiam
688 711 747 739 Filii
761 709 919 738 vocabulum
936 707 1014 735 alier-

226 765 270 787 tur
289 769 297 786 :
315 759 423 794 quando
447 767 508 786 mox
527 763 556 785 ut
570 758 670 785 dicitur
688 756 788 790 Filius,
804 755 955 783 diﬁ‘erentia
974 754 1012 782 si-

225 806 370 839 gniﬁcatur
385 811 581 840 personarum;
601 808 630 830 ut
654 805 682 830 in
708 803 773 829 illo:
792 801 880 828 Filius
898 808 970 827 mena
986 807 1013 827 es

227 858 255 878 tu
288 853 318 881 lt:
344 851 532 877 adumbratum
559 850 610 877 hoc
640 853 668 876 et
695 849 829 876 obtectum
858 847 1011 874 adducitur.

226 895 387 930 Adjungitur
406 896 478 923 enim
498 905 504 923 :
521 895 608 922 Hodie
625 895 703 929 genui
725 899 768 926 te;
790 893 822 920 Et
840 902 847 920 :
862 891 972 919 Postula
996 900 1012 918 a
1025 882 1049 912 Β

227 950 267 968 me
295 943 315 968 ι.
340 941 406 973 Quae
432 942 548 968 humana
572 948 632 968 cum
659 940 725 972 sint,
748 944 775 966 et
799 938 897 966 divinae
921 938 1012 964 minus

227 993 289 1023 apta
311 992 425 1020 naturae,
459 987 517 1014 Filii
543 986 748 1021 appellationem
765 989 858 1020 tegunt
874 988 902 1012 et
918 985 1014 1012 adum-

228 1035 319 1061 brant.
337 1035 424 1067 Atque
441 1033 468 1060 in
483 1033 617 1060 similibus
634 1033 667 1059 ad
683 1031 807 1058 eumdem
824 1029 943 1057 modum.

263 1081 308 1112 At,
329 1087 378 1106 cur
397 1079 503 1105 tandem
521 1078 601 1105 etiam
615 1077 716 1104 Dextra
733 1081 760 1103 et
779 1075 901 1108 Verbum,
917 1079 943 1102 et
961 1073 1016 1101 Ρο-

228 1130 308 1151 testas
326 1123 428 1156 Patris,
445 1128 473 1149 et
499 1122 597 1149 similia
621 1121 721 1148 dicitur
737 1120 830 1153 Filius,
848 1127 900 1146 non
920 1123 1014 1146 contra

229 1170 309 1197 Pater
326 1169 408 1197 Filii?
423 1169 464 1195 An
489 1168 552 1203 quia
575 1167 658 1194 Pater
675 1174 727 1194 non
741 1174 756 1194 e
770 1165 850 1197 Filio,
866 1166 912 1192 sed
931 1164 1016 1191 Filius

230 1225 245 1244 e
259 1215 360 1243 Patre?
377 1215 417 1242 Ad
432 1215 500 1245 haec,
514 1221 612 1241 manus
634 1213 754 1248 quidem,
771 1212 964 1243 brachiumque
985 1217 1016 1236 ac

230 1260 373 1295 sapientia,
390 1264 417 1286 et
440 1259 562 1291 verbum,
578 1257 694 1285 homittis
713 1263 775 1284 esse
798 1256 934 1288 dicuntur,
955 1262 1015 1281 cum

230 1306 313 1333 homo
327 1306 456 1337 dextera,
473 1304 515 1331 vel
541 1303 692 1338 sapientiae,
716 1302 758 1329 vel
784 1301 913 1329 similium
937 1307 1017 1328 nemo

232 1351 349 1384 dixerit;
378 1348 604 1384 quemadmodum
629 1355 682 1375 non
708 1347 777 1374 rami
804 1347 947 1379 arborem,
970 1345 1017 1372 sed

232 1402 335 1422 ramum
359 1394 464 1421 arboris
484 1400 544 1421 esse
563 1393 690 1420 dicimus.
705 1391 802 1428 194a
817 1390 935 1426 Spiritus
953 1391 1017 1418 item

232 1445 343 1467 sanctus
366 1439 414 1466 Dei
436 1439 537 1474 digitus
562 1438 711 1472 appellatur
738 1443 768 1464 αι.
793 1436 906 1470 Quando
929 1441 1018 1463 autem

232 1486 333 1520 digitus
358 1492 453 1511 manus
476 1491 537 1511 esse
562 1483 670 1516 dicitur,
691 1483 886 1510 convenienter
905 1489 958 1509 non
974 1489 1018 1509 so-

233 1530 287 1557 lum
305 1529 403 1562 Patris,
425 1529 471 1556 sed
491 1533 519 1556 et
542 1528 612 1560 Filii,
632 1535 692 1561 qua:
705 1532 819 1562 paterna
834 1532 876 1554 est
892 1527 1012 1558 dextera,

233 1583 293 1603 esse
308 1576 416 1603 dicitur.
443 1573 540 1601 Verum
559 1581 612 1601 non
630 1573 670 1601 sic
686 1573 806 1600 vicissim
829 1571 913 1599 Filius
929 1572 1017 1599 sancti

234 1620 360 1655 Spiritus.
379 1619 472 1654 Neque
494 1619 566 1646 enim
590 1626 685 1645 manus
707 1618 785 1653 digiti
806 1622 880 1645 recte
902 1617 1019 1644 dicatur.

234 1665 329 1700 Neque
348 1671 413 1692 vero
436 1664 477 1691 vel
492 1664 526 1691 ob
542 1663 600 1690 haec
618 1663 704 1690 solum
722 1663 756 1690 ab
772 1663 849 1690 initio
863 1662 1022 1696 expediebat

234 1718 284 1746 pro
297 1710 378 1738 Patre
394 1709 505 1741 Filium,
527 1714 574 1736 aut
586 1708 717 1742 Spiritum
735 1713 858 1736 sanctum
872 1708 1020 1735 enuntiari.

234 1757 340 1784 Etenim
361 1757 500 1784 hominum
516 1755 596 1782 Pater
614 1755 697 1787 Deus,
718 1759 747 1782 ut
763 1755 842 1782 modo
859 1754 1020 1784 referebam.

235 1804 323 1832 dictus
337 1807 379 1830 est
400 1802 520 1830 :Filium
537 1809 602 1830 vero
620 1806 739 1829 nostrum
756 1806 802 1828 aut
819 1800 949 1835 Spiritum
968 1800 1022 1827 dici

235 1850 332 1884 Deum,
354 1849 500 1877 absurdum
528 1855 595 1875 sane
617 1855 649 1874 ac
676 1847 786 1874 minime
810 1850 1021 1873 consentaneum

232 1893 383 1929 iudicatum
408 1894 514 1922 fuisset.
540 1893 720 1927 Quamobrem
746 1893 826 1919 etiam
852 1891 932 1919 Pater
958 1896 1022 1919 tunc

236 1941 414 1976 praedicatus,
440 1941 476 1968 ob
504 1940 666 1967 [amiliarem
694 1939 798 1967 scilicet
823 1939 897 1967 vocis
925 1946 1020 1971 usum,

236 1995 316 2014 unam
350 1987 429 2022 vulgo
455 1988 602 2019 innuebat,
629 1986 844 2020 ostendebatque
867 1992 1021 2020 personam.

237 2033 308 2069 [Quo
321 2032 452 2069 tempore]
474 2033 496 2060 si
517 2032 602 2060 Filius
614 2036 660 2059 aut
673 2031 789 2066 Spiritus
803 2035 913 2058 sanctus
926 2031 1023 2065 praedi-

236 2084 314 2105 catus
338 2078 445 2109 fuisset,
468 2078 578 2104 omnino
602 2083 777 2111 personarum
802 2075 918 2102 dualitas
942 2074 1023 2102 simul

237 2124 411 2157 probabatur.
436 2122 487 2156 Qui
509 2122 582 2150 enim
606 2121 705 2149 Filium
729 2121 857 2153 audisset,
872 2120 964 2147 statim
988 2120 1022 2147 ad

224 2169 344 2201 -Patrem
367 2169 514 2202 retulisset,
531 2173 559 2195 et
583 2167 712 2202 Spiritum
736 2172 860 2193 sanctum
886 2165 1021 2199 similiter;

237 2216 314 2250 cujus
339 2216 410 2243 enim
432 2219 506 2242 esset
530 2215 659 2249 Spiritus,
684 2218 818 2249 quaereret
844 2220 921 2240 mens
940 2221 947 2239 :
965 2211 1021 2249 [ac]
1037 2229 1060 2257 υ

236 2268 306 2295 quos
333 2260 479 2288 multorum
506 2259 616 2287 deorum
645 2259 755 2286 morbus
780 2263 894 2290 teneret,
911 2258 1021 2285 incura—

238 2305 306 2334 biles
325 2312 358 2333 ex
380 2306 436 2339 ipsa
457 2304 568 2332 salutari
590 2304 723 2339 theologia
745 2303 930 2332 redderentur.
947 2303 1022 2331 Adde

234 2352 291 2386 jam
311 2351 403 2383 dictis,
424 2351 481 2378 ﬁeri
508 2358 561 2378 non
586 2351 719 2385 potuisse.
744 2355 774 2377 ut
793 2350 1021 2384 quemadmodum

237 2397 311 2429 Filii,
329 2404 362 2424 ac
382 2395 499 2430 Spiritus
523 2396 619 2429 sancti,
634 2397 673 2424 sic
698 2396 780 2423 etiam
796 2395 886 2423 Patris
910 2402 1022 2429 persona

238 2443 364 2477 prudenti
387 2442 476 2477 aliqua
500 2443 604 2470 ratione
626 2442 846 2470 absconderetur.
862 2441 928 2468 Nam
951 2441 1022 2475 quod

239 2488 356 2522 Spiritus
372 2487 418 2515 Dei
435 2487 523 2515 dictus
538 2487 574 2515 sit
591 2487 699 2520 Dextra,
720 2486 868 2522 Sapientia.
888 2485 1021 2517 Potestas,

241 2535 267 2561 id
286 2533 524 2569 multiplicaIOrum
538 2534 649 2561 deorum
674 2533 808 2561 insaniam
824 2532 890 2567 [non
907 2530 1022 2558 difﬁcul-

241 2579 294 2616 ter]
307 2579 423 2615 effugere
443 2580 540 2615 potuit.
558 2579 616 2606 Non
636 2579 707 2607 enitn
733 2578 848 2614 percipit
864 2578 908 2605 hic
930 2577 1024 2611 vulgus

241 2633 417 2661 personarum
436 2626 515 2654 simul
537 2625 716 2653 diﬂ‘erentiam
738 2624 810 2652 duci.
826 2623 893 2652 Cum
907 2623 929 2651 si
943 2621 1024 2650 Pater

793 149 927 182 PHOTII
943 146 1195 181 PATRIARCH/E
1215 146 1266 176 ΕΡ.

1789 132 1848 164 780

1053 211 1117 231 ωπα
1131 223 1140 236 ,
1157 202 1213 229 ἁλλ’
1234 201 1310 228 οὐδὲν
1325 196 1406 236 ἦττον
1429 196 1459 223 τὸ
1475 195 1577 223 ἐνιαῖον
1600 191 1775 236 διαφυλάττει
1793 190 1849 223 τῆς

1058 249 1244 280 ὑποστάσεως,
1259 235 1395 273 οὕτωκαὶ
1411 242 1535 277 Πνεῦμα
1547 239 1622 268 Θεοῦ
1647 239 1703 269 τοῖς
1717 235 1849 266 παλαιοῖς

1058 294 1235 330 παχυτέρως,
1249 293 1296 319 καὶ
1313 292 1351 323 ὡς
1374 289 1416 324 ἐφ’
1430 288 1510 324 ἡμῶν
1534 285 1698 330 ἀκουόμενον
1713 281 1851 330 οὐδεμιᾶς

1057 326 1206 370 πολυθείας
1219 336 1346 364 ’ἐνεδίδου
1368 333 1525 361 σκάνδαλον.
1541 330 1592 357 Διὰ
1612 329 1691 357 τοῦτο
1711 327 1802 354 τοίνυν
1817 326 1852 352 τὸ

1062 385 1112 420 μὲν
1127 384 1240 419 Πνεῦμα
1254 382 1343 418 ῥητῶς
1361 380 1437 416 παρὰ
1449 381 1483 415 τῇ
1491 377 1597 412 Παλαιᾷ
1605 375 1727 410 Διαθήκῃ
1741 372 1851 420 κηρύτ-

1059 419 1136 458 τεται
1146 449 1154 463 ,
1166 430 1181 456 6
1195 428 1303 460 δὲ’Υίδς
1320 427 1411 454 οὐκέτι
1422 447 1430 459 ,
1440 425 1509 452 ἀλλὰ
1519 424 1552 450 δι’
1564 422 1704 457 ὀνομάτων
1716 419 1853 446 τοιούτων

1060 475 1079 503 ἃ.
1091 475 1139 502 καὶ
1151 474 1222 501 αὐτὰ
1235 473 1347 500 δύναται
1363 471 1394 498 τὸ
1404 471 1502 497 ἐνιαῖον
1518 468 1582 504 pii“
1594 466 1709 501 διαιρεῖν
1719 464 1769 498 τῆς
1782 463 1855 489 ὑπο-

1062 521 1200 552 στάσεως,
1224 518 1262 550 ὡς
1279 518 1329 550 τὸ,
1345 517 1414 551 Χεὶρ
1439 514 1534 547 Θεοῦ,
1559 512 1607 539 καὶ
1631 510 1784 545 Βραχίων,
1801 508 1855 534 καὶ

1062 566 1158 601 Σοφία
1170 585 1178 596 ,
1192 565 1242 592 καὶ
1258 564 1388 597 Δύναμις
1399 581 1407 594 ,
1426 561 1475 588 καὶ
1487 558 1573 591 Δεξιὰ
1584 577 1592 591 ,
1606 556 1654 584 καί
1671 556 1767 590 Λόγος
1778 573 1786 586 ,
1801 553 1856 601 καὶ

1062 598 1113 639 ac;
1126 610 1241 638 τοιαῦτα
1251 617 1258 624 ε
1275 609 1325 636 καὶ
1339 608 1394 643 γὰρ
1404 607 1452 634 καὶ
1465 606 1512 632 ἐπὶ
1523 605 1573 639 τῆς
1599 601 1774 638 ἀνθρωπίνης
1796 598 1854 633 φύ-

1064 665 1133 688 σεως
1146 655 1233 683 ταῦτα
1245 654 1276 681 τὸ
1293 655 1390 681 ἐνιαῖον
1401 652 1450 679 οὐκ
1463 652 1502 682 είς
1517 649 1563 676 δύο
1575 647 1694 679 διαλύει,
1706 645 1769 672 οὐδὲ
1779 644 1856 670 διαι-

1065 703 1109 738 ρεῖ
1121 701 1170 738 τὴν
1184 701 1345 728 ὑπόστασιν.
1358 699 1388 725 El
1399 698 1427 724 δέ
1436 705 1487 724 που
1496 695 1544 722 καὶ
1552 694 1603 728 τῆς
1613 692 1665 720 τοῦ
1674 691 1741 719 ιἰοῦ
1755 689 1857 738 φωνῆς

1064 737 1186 784 ἐμνήσθη
1198 767 1206 780 ,
1223 745 1318 781 ἐπειδὴ
1332 745 1414 776 εὐθὺς
1430 743 1444 769 ὁ
1463 742 1529 774 Υἱὸς
1544 740 1635 776 ῥηθεὶς
1651 737 1858 784 διαιρορὰνέμη-

1044 799 1046 803 ‘
1065 782 1188 821 vdeat:th
1199 791 1374 818 ὑποστάσεων
1385 810 1393 822 ,
1414 790 1451 820 ὡς
1465 788 1496 814 τὺ
1504 807 1513 820 ,
1531 787 1598 819 Υιός
1605 793 1665 820 μου
1676 782 1706 810 ετ
1716 782 1756 810 σὺ
1767 802 1775 814 ,
1791 782 1858 808 ἐπιο

1067 839 1245 874 σκιαζόμενον
1261 836 1308 864 καὶ
1323 834 1594 871 περικαλυπτόμενω
1617 829 1694 857 τοῦτο
1713 828 1837 863 προάγει
1848 833 1857 841 ⁸

1063 884 1160 918 ἐπάγει
1169 883 1225 918 γὰρ
1234 902 1242 915 ,
1253 881 1388 916 Σήμερον
1403 876 1570 915 γεγέννηκά
1584 885 1621 903 σε
1629 896 1637 909 ,
1649 875 1695 902 καί
1705 883 1712 890 ’
1723 874 1859 907 Almana

1066 930 1136 964 παρ’
1153 929 1236 964 ἐμοῦ,
1250 928 1301 955 ἆπε
1306 935 1321 962 ρ
1333 926 1492 961 ἀνθρώπινα
1506 924 1571 950 ὅντα
1585 923 1633 948 καὶ
1646 922 1680 956 τῇ
1696 919 1756 955 θεία
1774 919 1815 954 μὴ
1834 919 1859 934 ⁷·

1064 975 1253 1011 ἐφαρμόζοντα
1262 973 1342 1008 φύσει
1349 973 1399 1008 τὴν
1406 971 1454 998 τοῦ
1463 969 1529 997 Υἱοῦ
1536 967 1721 1004 προσηγορίαν
1729 965 1863 1001 παρεκά-

1064 1022 1148 1048 λυπτέ
1155 1029 1185 1048 τε
1194 1014 1240 1048 καὶ
1247 1019 1416 1052 συνεσκίαζε.
1423 1018 1478 1045 Kal
1487 1017 1535 1044 ἐπὶ
1542 1015 1614 1042 τῶνό
1619 1014 1703 1049 μοίων
1710 1012 1861 1043 ὡσαύτως.

1100 1067 1132 1094 Τί
1145 1067 1177 1103 δή
1190 1075 1256 1094 ποτε
1268 1066 1297 1093 δὲ
1311 1065 1398 1098 Δεξιὰ
1411 1064 1458 1092 καὶ
1469 1063 1565 1097 Λόγος
1579 1062 1627 1089 καὶ
1639 1061 1769 1094 Δύναμις
1781 1078 1789 1090 ,
1807 1058 1863 1084 καὶ

1064 1113 1114 1140 ὅσα
1125 1112 1193 1140 ἄλλα
1204 1131 1212 1144 ,
1227 1111 1274 1138 τοῦ
1289 1111 1396 1145 Πατρδς
1413 1109 1461 1145 μὲν
1476 1110 1490 1136 ό
1508 1107 1572 1139 Υἱὸς
1584 1107 1710 1141 λέγεται,
1727 1104 1785 1131 ἀλλ’
1803 1104 1864 1131 οὐκ

1066 1158 1183 1194 ἔμπαλιν
1196 1159 1210 1184 ὁ
1223 1157 1317 1192 Πατὴρ
1331 1156 1378 1182 τοῦ
1395 1154 1477 1188 Υίοῦ;
1496 1154 1512 1190 ἢ
1530 1154 1598 1181 διότι
1612 1154 1626 1180 ὁ
1638 1153 1733 1188 Πατὴρ
1744 1151 1796 1187 μὲν
1806 1152 1865 1178 οὐκ

1066 1205 1098 1231 ἐκ
1113 1203 1158 1231 τοῦ
1172 1202 1237 1230 Υίοῦ
1248 1222 1256 1234 ,
1267 1202 1326 1229 ἀλλ’
1341 1202 1355 1228 ό
1368 1201 1432 1231 Υἱὸς
1441 1201 1474 1227 ἐκ
1485 1199 1532 1226 τοῦ
1548 1199 1664 1234 Πατρός.
1676 1199 1737 1224 Ἔτι
1753 1197 1783 1224 δὲ
1795 1197 1865 1232 χεὶρ

1069 1250 1130 1286 μὲν,
1145 1249 1193 1276 καὶ
1206 1248 1337 1284 βραχίων,
1348 1248 1394 1274 καὶ
1409 1246 1501 1281 σοφία,
1512 1245 1559 1272 καὶ
1574 1245 1653 1279 λόγος
1664 1243 1741 1270 τοῦδε
1748 1243 1797 1270 τοῦ
1811 1244 1866 1270 ἀν-

1068 1295 1176 1332 θρώπου
1192 1296 1301 1330 λέγεται
1315 1314 1323 1327 ,
1340 1294 1397 1321 ἀλλ’
1414 1294 1429 1320 ὁ
1440 1293 1583 1328 ἅνθρωπος
1601 1292 1652 1326 τῆς
1670 1290 1760 1323 δεξιᾶς
1772 1290 1790 1325 ἢ
1806 1290 1866 1325 τῆς

1068 1341 1163 1377 σοφίας
1178 1341 1194 1377 ἢ
1210 1340 1264 1367 τῶν
1278 1341 1379 1376 ὁμοίων
1400 1340 1450 1366 οὐκ
1463 1339 1495 1366 ἂν
1513 1338 1611 1375 ῥηθείη
1622 1338 1661 1371 ⁷³,
1677 1337 1771 1373 ὥσπερ
1797 1337 1867 1363 οὐδὲ

1068 1387 1118 1414 τοῦ
1134 1387 1232 1414 κλάδου
1250 1386 1340 1422 φαμὲν
1357 1386 1388 1412 τὸ
1402 1385 1508 1420 δένδρον
1520 1405 1528 1417 ,
1547 1384 1615 1411 ἀλλὰ
1637 1384 1683 1411 τδν
1698 1382 1796 1410 κλάδον
1812 1382 1867 1408 τοῦ

1068 1434 1190 1469 δένδρου.
1215 1433 1270 1460 Kal
1285 1433 1315 1459 τὺ
1335 1432 1447 1467 Πνεῦμα
1463 1432 1491 1458 δὲ
1510 1430 1641 1462 δάκτυλος
1651 1430 1675 1446 ’⁷⁸
1695 1428 1869 1463 ὀνομάζεται

1069 1479 1136 1506 Θεοῦ
1148 1501 1156 1513 ,
1172 1479 1236 1516 [617
1251 1478 1296 1515 R.]
1312 1479 1358 1505 καὶ
1375 1478 1436 1504 ἐπεὶ
1452 1478 1465 1504 ό
1478 1476 1609 1507 δάκτυλος
1621 1476 1672 1511 τῆς
1684 1475 1775 1510 χειρὸς
1786 1494 1794 1506 ,
1811 1475 1865 1500 εὑ-

1070 1527 1154 1561 λόγως
1166 1527 1196 1553 οὗ
1213 1527 1294 1561 μόνον
1305 1524 1351 1551 τοῦ
1375 1524 1480 1559 Πατρὸς
1492 1544 1499 1556 ,
1516 1523 1581 1558 [519
1597 1521 1645 1557 H.|
1660 1521 1728 1548 ἀλλὰ
1744 1521 1796 1547 καὶ
1812 1521 1868 1548 τοῦ

1071 1573 1137 1599 Υἰοῦ
1149 1593 1155 1603 ,
1170 1572 1230 1607 ἣτις
1243 1572 1316 1598 ἐστὶν
1331 1571 1347 1605 ή
1359 1570 1480 1605 πατρικὴ
1495 1569 1570 1601 δεξιά
1581 1589 1589 1601 ,
1603 1568 1725 1603 λέγεται.
1743 1567 1819 1594 Ἀλλ’
1834 1569 1868 1594 οὐ

1069 1619 1101 1646 τὸ
1113 1618 1247 1645 ἀνάπαλιν
1264 1617 1278 1643 ὁ
1289 1617 1354 1648 Υἰὺς
1364 1616 1412 1643 τοῦ
1428 1616 1586 1650 Πνεύματος
1598 1624 1606 1631 ·
1621 1615 1680 1641 οὐδὲ
1692 1616 1747 1648 γὰρ
1763 1615 1781 1648 ὴ
1799 1616 1869 1649 χεὶρ

1070 1664 1165 1700 ῥηθείη
1191 1664 1224 1691 ἂν
1249 1663 1296 1690 τοῦ
1312 1662 1459 1690 δακτύλου.
1475 1662 1532 1688 Οὐκ
1551 1659 1585 1697 ἦν
1608 1661 1636 1688 δὲ
1652 1661 1706 1695 άρα
1730 1660 1792 1687 οὐδὲ
1820 1661 1873 1687 διὰ

1069 1710 1155 1736 ταῦτα
1170 1709 1230 1736 άντὶ
1244 1708 1293 1735 τοῦ
1311 1708 1419 1743 Πατρὺς
1435 1707 1482 1734 τὸν
1497 1707 1561 1734 Υἱὸν
1585 1707 1601 1742 ἢ
1615 1707 1645 1733 τὸ
1670 1706 1784 1739 Πνεῦμα
1801 1707 1872 1733 κατ’

1069 1755 1158 1790 ἀρχὰς
1174 1754 1315 1790 συμφέρον
1331 1753 1579 1788 καταγγέλλεσθαι.
1612 1753 1668 1779 Καὶ
1680 1751 1734 1787 γὰρ
1749 1752 1798 1778 καὶ
1817 1752 1873 1778 ἁν-

1071 1801 1187 1837 θρώπων
1204 1799 1298 1835 Πατὴρ
1313 1799 1327 1826 ό
1343 1799 1425 1831 Θεὸς,
1442 1799 1479 1831 ὡς
1496 1799 1658 1834 προέφημεν
1670 1799 1693 1814 ’⁵
1703 1817 1710 1830 ,
1729 1798 1849 1832 ἐλέγετο
1862 1807 1871 1814 ο

1075 1846 1142 1880 Υἱὸς
1155 1846 1183 1872 δέ
1200 1845 1216 1881 ἢ
1229 1842 1352 1879 Πνεῦμα
1371 1844 1456 1880 ἡμῶν
1469 1846 1483 1872 ό
1497 1844 1578 1877 Θεὸς,
1593 1844 1648 1871 τῶν
1663 1844 1818 1879 ἀμηχάνων
1838 1854 1872 1872 τε

1071 1893 1118 1920 καὶ
1131 1891 1320 1919 ἀνακολούθων
1330 1891 1453 1926 ἐκρίνετο
1465 1890 1603 1925 λέγεσθαι.
1619 1890 1664 1917 Διδ
1677 1891 1725 1916 καὶ
1738 1891 1752 1916 ὁ
1767 1891 1794 1906 ⁷⁸
1809 1892 1876 1918 Il:-

1071 1937 1124 1973 τὴρ
1140 1937 1190 1972 μὲν
1201 1937 1403 1973 κηρυττόμενος
1415 1935 1460 1962 διὰ
1472 1936 1521 1972 τὴν
1538 1936 1567 1962 ἐν
1581 1936 1615 1971 τῇ
1630 1936 1759 1971 συνηθείᾳ
1775 1938 1875 1964 κατά-

1072 1991 1171 2019 χρησιν
1179 1983 1208 2009 ἒν
1219 1982 1371 2018 παρεδήλου
1382 1981 1442 2008 τότε
1452 1983 1508 2013 τοῖς
1523 1981 1632 2013 πολλοῖς
1644 1982 1691 2008 καὶ
1702 1981 1874 2009 ὑπεδείκνυε

1073 2029 1236 2065 πρόσωπον·
1252 2028 1277 2054 εἰ
1298 2027 1326 2054 δὲ
1338 2028 1353 2054 ό
1376 2026 1439 2058 Υἱὸς
1457 2026 1473 2061 ἢ
1488 2026 1518 2053 τὺ
1537 2025 1649 2061 Πνεῦμα
1674 2027 1873 2061 κατήγγελτο,

1073 2076 1182 2106 πάντως
1195 2073 1229 2101 ἂν
1243 2075 1274 2100 τὸ
1288 2073 1413 2100 δυαδικδν
1436 2072 1650 2107 συνωμολογεῖτο
1670 2072 1724 2100 τῶν
1741 2072 1873 2101 ὑποπά-

1075 2129 1143 2148 σεων
1154 2129 1160 2136 ·
1176 2121 1189 2147 ὁ
1205 2120 1259 2155 γὰρ
1277 2119 1383 2146 ἀκούων
1398 2119 1462 2145 Υἱὸν
1474 2139 1481 2152 ,
1497 2119 1578 2150 εὐθὺς
1603 2118 1672 2154 πρὸς
1692 2118 1738 2145 τὸν
1752 2119 1875 2156 Πατέρα

1073 2167 1198 2202 ἀνήγετο.
1215 2166 1271 2193 Καὶ
1281 2165 1311 2192 τὺ
1329 2166 1442 2200 Πνεῦμα
1455 2165 1557 2200 ὁμοίως
1568 2173 1575 2180 ⁸
1585 2162 1615 2192 οὗ
1626 2165 1680 2201 γὰρ
1689 2162 1723 2200 ἦν
1737 2165 1873 2202 Πνεῦμα,

1074 2212 1202 2245 ἐπεζήτει
1215 2213 1232 2248 ἡ
1246 2211 1367 2245 διάνοια,
1381 2209 1422 2243 οἷς
1436 2212 1453 2247 ἡ
1464 2211 1541 2242 νόσος
1556 2210 1587 2237 τὸ
1603 2210 1732 2238 πολύθεον
1745 2211 1802 2238 ἀπὸ
1817 2213 1875 2248 τῆς

1075 2258 1216 2293 σωζούσης
1238 2257 1376 2291 θεολογίας
1394 2256 1530 2292 ἐλάμϐανε
1543 2256 1575 2283 τὸ
1591 2256 1710 2284 ἀνίατον.
1727 2257 1826 2292 Χωρὶς
1843 2259 1876 2286 δὲ

1074 2303 1129 2330 τῶν
1143 2303 1297 2338 εἰρημένων
1314 2302 1375 2329 οὑδέ
1388 2302 1498 2329 δυνατὸν
1518 2299 1553 2338 ἦν
1565 2321 1573 2335 ,
1589 2301 1715 2337 καθάπερ
1728 2301 1777 2329 τοῦ
1801 2303 1874 2331 Υἱοῦ

1074 2349 1122 2376 καὶ
1139 2349 1186 2376 τοῦ
1202 2348 1362 2384 Πνεύματος
1371 2369 1379 2382 ,
1393 2348 1465 2375 οὕτω
1479 2348 1527 2375 καὶ
1539 2348 1569 2375 τὸ
1580 2348 1628 2375 τοῦ
1643 2347 1751 2384 Πατρδς
1769 2351 1878 2384 σοφαῖς

1078 2395 1199 2432 pactam;
1207 2395 1456 2431 περικαλύπτεσθαι
1467 2395 1624 2432 πρόσωπον.
1632 2395 1746 2431 Πνεῦμα
1754 2396 1807 2430 μὲν
1815 2399 1877 2433 γὰρ

1073 2442 1144 2469 θεοῦ
1156 2442 1237 2479 ῥηθὲν
1245 2443 1293 2469 καὶ
1307 2442 1405 2475 Δεξιὰ,
1413 2442 1463 2469 καὶ
1473 2442 1580 2477 Σοφία,
1592 2443 1642 2469 καὶ
1653 2442 1786 2477 Δύναμις
1798 2441 1879 2471 οἶδεν

1076 2489 1220 2524 ἐκφεύγειν
1227 2488 1258 2515 τὸ
1264 2488 1314 2523 τῆς
1320 2488 1465 2520 πολυθεῖας
1474 2488 1663 2524 παλίμφημονο
1670 2487 1802 2515 λανθάνει
1814 2490 1879 2525 γὰρ

1075 2535 1140 2566 τοὺς
1146 2534 1261 2566 πολλοὺς
1270 2534 1402 2570 διαφορὰν
1411 2534 1566 2570 προσώπων
1575 2535 1880 2569 συνεπαγόμενον.Πα-

1080 2579 1138 2614 τὴρ
1150 2579 1178 2607 δέ
1190 2579 1264 2607 Θεοῦ
1280 2579 1427 2615 κηρυχθείς
1436 2600 1443 2612 ,
1458 2579 1510 2607 κᾶν
1525 2580 1572 2606 τὸν
1584 2579 1749 2615 γεννηθέντα
1762 2579 1879 2615 λάὸοις,

1077 2625 1129 2652 κᾶν
1145 2624 1177 2651 τὸ
1190 2625 1356 2662 ἐκωρευθέν
1367 2645 1375 2657 ,
1397 2624 1491 2652 οὐκέτι
1512 2625 1562 2661 μὲν
1576 2625 1668 2652 λαθεῖν
1685 2624 1742 2661 ἔχοι
1764 2626 1796 2653 τὸ
1812 2626 1879 2655 διά-

276 2694 289 2715 ὶ
310 2695 382 2723 Psal.
402 2703 431 2728 Il,
450 2694 476 2721 7.
521 2693 530 2714 1
547 2693 619 2722 Psal.
633 2702 670 2726 lx,
685 2693 729 2721 10.
767 2699 788 2714 ω
801 2692 888 2721 Exod.
903 2699 962 2725 vur,
978 2691 1011 2719 19

1065 2699 1114 2720 .uc.
1131 2699 1171 2724 xu,
1185 2691 1232 2719 ΞΟ.

866 2759 982 2789 νΑΠΙᾹΞ
1007 2758 1211 2788 LECTIONES.

276 2819 353 2856 vim,
368 2827 422 2856 οιη,
435 2827 477 2855 pr,
492 2820 526 2847 Α.
563 2820 588 2856 τε
601 2819 638 2855 μὴ
649 2824 746 2856 etmox
757 2828 804 2847 του
820 2820 917 2848 add.A.
943 2819 968 2837 ⁷⁸
979 2819 1012 2848 ἂν
1025 2819 1062 2854 μὴ
1075 2818 1170 2855 ῥηθείη
1189 2827 1220 2851 ς.
1257 2819 1279 2835 τι
1289 2816 1432 2853 δάκτυλος]
1448 2817 1531 2848 Exod.
1546 2827 1605 2852 vui,
1621 2819 1669 2853 19;
1683 2818 1750 2848 Luc.
1767 2829 1808 2856 ιι,
1825 2823 1877 2851 20.

244 2855 271 2873 ⁷⁵
289 2854 385 2891 ὥσπερ
396 2854 502 2891 εφημεν
514 2857 545 2883 Δ.
584 2855 608 2872 ⁷⁸
624 2854 638 2881 ὁ
649 2863 703 2882 om.
720 2855 752 2882 Α.
