1916 3092
67 159 111 192 781

608 149 874 181 BIBIJOTHECA.
883 161 917 166 —
927 150 1010 181 COD.
1028 150 1170 182 CCXXII.

1643 155 1696 187 782

67 224 143 254 φορον
159 214 282 248 είσᾶτων
294 213 349 240 τῶν
364 211 538 240 ὕποστάσεων
548 231 555 242 ,
572 210 627 236 οὐδ’
640 210 733 244 ὅμοιον
750 210 806 254 τοῖς
824 208 855 235 τὸ

910 207 956 235 Dei
972 209 1143 235 enuntiatum
1161 208 1206 239 sit.
1222 207 1280 236 sive
1300 208 1420 243 genitum
1446 209 1623 243 intellexeris.
1640 214 1698 242 sive

67 251 192 291 πολύθεον
203 260 314 288 νοσοῦσι
323 257 490 294 προσφέρειν
502 256 532 283 τὸ
541 255 620 291 ἴαμα.
632 255 668 281 Οὺ
684 255 733 289 μὲν
742 251 788 281 οὖν
799 253 856 280 ἀλλ’

66 310 116 337 οὐδ’
135 308 217 343 εῖπερ
235 308 250 334 6
267 306 364 340 Πατὴρ
378 305 450 331 κατὰ
461 304 492 330 τὸ
507 302 624 338 ἔμπαλιν
635 301 700 336 χεὶρ
713 300 766 328 τοῦ
788 301 857 327 Υὶοῦ

67 357 82 391 ἦ
97 355 148 382 τοῦ
174 353 351 387 Πνεύματος
364 349 523 385 ὠνομάζετο
534 369 541 380 ,
560 347 747 383 ὑποκρύπτειν
762 346 858 374 ἑαυτὸν

72 402 116 428 καὶ
129 401 161 426 τὸ
174 398 302 426 δυαδικδν
312 396 529 433 περικαλύπτειν
547 393 603 421 τῶν
621 393 774 430 προσώπων
793 392 859 428 ἡδύ-

66 455 143 474 νατο·
159 446 205 473 ἵνα
225 445 264 481 μὴ
287 444 362 477 λέγω
384 443 421 474 ὡς
438 442 499 469 οὐδὲ
521 441 638 477 ῥηθῆναι
654 440 797 471 παντελῶς
822 439 858 466 τὰ

70 491 212 527 εἰρημένα,
236 490 298 516 οὔτε
318 488 381 515 νοῦν
394 487 456 515 οὔτε
466 486 548 522 φύσιν
558 486 631 522 ἔχειν
646 486 732 517 οὐδεὶς
742 485 775 512 ἂν
792 484 857 511 ὑπό-

66 538 144 564 οοιτο.
160 537 211 563 Διὰ
223 535 250 562 τί
259 535 282 562 δ’
293 534 341 561 οὖν
352 534 414 561 κατ’
429 532 518 568 ἀρχὰς
535 533 551 568 ἡ
564 532 649 568 Τριὰς
659 531 709 566 οὐχ
721 531 780 566 ἅμα
791 539 857 557 κατ-

64 583 201 618 ήΠελτος
218 582 260 609 ὅτι
279 581 406 615 καθάπερ
419 581 476 611 τοῖς
491 578 664 614 ὸφθαλμιῶσι
684 577 714 605 τὸ
730 577 856 612 λαμπρὸν

66 629 124 663 φῶς
135 650 144 662 ,
158 628 249 655 καίτοι
266 628 400 662 σοηήριον
414 625 444 652 ὃν
457 645 465 658 ,
484 625 582 660 ἁθρόον
606 623 835 650 ἐπιϐλαὸέστατον
846 643 854 656 ,

63 675 132 702 οὕτω
157 675 205 701 καὶ
227 674 285 705 τοῖς
310 673 350 705 είς
375 671 405 698 τὸ
434 670 564 697 πολύθεον
588 669 854 704 ἀποτυφλωθείσινή

63 720 189 755 τριαδικὴ
212 719 338 753 θεολογία
354 717 485 752 βλαϐερὸν
500 716 609 751 ὑπῆρχε
629 716 676 742 καὶ
695 715 851 750 ἐπιζήμιον.

68 766 149 793 Ἀλλὰ
169 765 258 792 ταῦτα
281 764 333 800 μὲν
348 763 388 799 τῷ
403 762 519 798 φιλοθέῳ
534 762 690 796 συγγραφεῖ
705 762 754 787 καὶ
769 761 783 786 ὁ
798 760 854 786 τῶν

62 811 150 845 λόγων
172 810 195 842 ζ’
215 810 244 836 ὲν
258 809 334 845 τρισὶ
351 808 536 844 φιλοπονεῖται
558 805 716 840 κεφαλαίοις
727 825 735 838 ,
751 804 770 832 ἃ
785 804 856 839 μετὰ

61 858 90 884 τὺ
104 860 154 889 ις’
168 857 216 883 τὸν
227 855 375 883 ἀκόλουθον
390 854 508 890 ἀριθμὸν
524 853 698 889 ἀναδέχεται.

909 261 970 281 eum
992 254 1037 289 qui
1058 254 1201 288 processit,
1218 262 1388 289 nequaquam
1410 255 1468 289 jam
1488 256 1526 289 id,
1545 258 1610 292 quin
1637 267 1698 293 per-

908 307 1036 327 sonarum
1063 300 1208 328 discrimen
1231 300 1336 333 aderat,
1353 301 1472 336 ignorari
1495 303 1614 338 amplius
1636 312 1698 339 pos-

908 347 956 378 sit,
970 353 1058 380 neque
1072 346 1160 374 simile
1175 347 1324 374 remedium
1338 347 1499 376 idololatriae
1514 349 1576 377 labe
1588 350 1697 379 infectis

908 391 1009 419 al'l‘erri.
1029 391 1122 426 Itaque
1143 399 1176 419 ne
1194 397 1250 418 tum
1265 391 1385 426 quidem,
1401 393 1423 420 si
1436 393 1518 421 Pater
1529 402 1545 422 e
1559 396 1697 423 contrario

907 437 993 469 Filii,
1024 437 1066 464 vel
1103 436 1219 471 Spiritus
1253 437 1338 464 sancti
1369 445 1462 465 manus
1500 440 1695 474 nominaretur,

907 486 1026 520 seipsum
1061 483 1246 516 abscondere,
1270 489 1299 510 et
1326 483 1485 512 dualitatem
1519 493 1696 520 personarum

906 537 1051 566 contegere
1065 535 1157 565 posset
1173 539 1180 557 :
1199 536 1232 556 ne
1247 529 1300 557 hoc
1314 530 1413 563 dicam,
1425 531 1559 558 neminem
1577 540 1695 567 unquam

905 585 1018 605 censere
1039 577 1171 612 potuisse,
1194 580 1225 603 ut
1239 583 1299 610 quae
1319 584 1392 604 nunc
1411 578 1695 611 commemoravimus,

905 623 946 650 vel
970 622 1082 649 omnino
1106 615 1272 654 dicerentur,
1296 626 1343 649 aut
1368 630 1478 650 sensum
1504 623 1633 658 aliquem,
1651 630 1698 652 aut

904 669 1011 703 genium
1031 667 1134 695 habere
1149 667 1347 701 iudicarentur.
1371 668 1461 702 Quare
1479 668 1562 703 igitur
1579 669 1697 696 Trinitas

904 715 938 742 ab
962 714 1040 742 initio
1056 721 1109 741 non
1131 713 1257 748 evulgata
1280 718 1322 741 est
1340 722 1348 741 :
1370 714 1445 749 quia,
1469 715 1695 749 quemadmodum

905 760 1094 788 laborantibus
1108 767 1141 788 ex
1160 760 1246 787 oculis
1272 760 1441 794 splendidum
1457 761 1526 789 lucis
1535 761 1626 795 jubar,
1643 763 1694 790 etsi

904 804 1086 837 salutiferum,
1100 805 1218 831 maxime
1238 804 1347 831 noxium
1367 809 1419 837 est,
1435 804 1471 831 ita
1496 808 1523 831 et
1545 804 1691 832 multorum

905 851 1017 878 deorum
1036 850 1108 878 cultu
1127 850 1270 877 occaecatis
1283 850 1363 877 noxia
1382 855 1441 877 erat
1456 849 1599 878 Trinitatis
1615 851 1694 878 theo-

62 903 151 938 logia,
186 911 219 930 ac
241 903 392 938 perniciosa
420 902 522 929 futura.
551 901 652 929 Verum
677 901 736 928 haec
752 899 859 935 quidem
877 898 924 926 Dei
942 906 1037 926 amans
1057 899 1174 934 scriptor
1193 899 1309 933 septimo
1329 898 1399 926 libro
1409 897 1496 926 tribus
1515 898 1567 926 illis
1577 898 1696 934 graviter

62 954 214 985 pertractat
240 948 384 982 capitibus,
418 955 479 982 qua:
500 951 562 981 post
584 950 690 974 sextum
711 950 739 972 ct
776 944 935 972 vicesimum
953 944 1049 970 ordine
1063 948 1277 978 consequuntur.

95 996 134 1022 T6
148 995 178 1023 δὲ
194 994 356 1030 τριακοστὸν
371 992 445 1029 αὐτῷ
459 992 607 1028 κεφάλαιον
627 992 754 1025 διέξεισιν
777 991 814 1023 ὡς
836 991 851 1017 6

939 989 1116 1016 Tricesimum
1144 996 1209 1015 vero
1229 992 1310 1022 caput
1334 988 1519 1023 persequitur,
1537 993 1566 1015 ut
1589 989 1695 1023 primus

62 1042 173 1078 πρῶτος
198 1041 309 1076 σεισμὸς
333 1040 457 1075 θεμέλιος
472 1039 511 1074 τῷ
528 1038 550 1074 β’
566 1038 727 1073 γεγένηται,
751 1037 800 1064 καὶ
822 1036 853 1063 οὐ

63 1088 146 1125 μόνον
161 1088 220 1119 τοῖς
233 1086 305 1113 κατὰ
319 1086 421 1113 Μωσέα
435 1086 584 1122 συνήνεγκε
598 1085 665 1111 Θεὸν
679 1084 725 1110 τὸν
745 1084 854 1120 Πατέρα

64 1132 188 1168 κηρύξας
203 1152 212 1163 ,
239 1132 308 1159 ἀλλὰ
331 1133 446 1162 καὶτοῖς
463 1132 492 1158 ὲν
509 1132 540 1166 τῇ
555 1131 658 1166 χάριτι.
677 1130 723 1163 Ἐξ
741 1126 778 1156 ὦν
800 1129 855 1165 γὰρ

63 1179 108 1205 τὸν
125 1178 196 1204 Θεὸν
211 1178 320 1213 Πατέρα
333 1177 387 1204 τῶν
398 1176 550 1212 ἀνθρώπων
563 1176 722 1211 νομίζεσθαι
735 1176 834 1202 ἔδωκεν
845 1195 853 1208 ,

62 1223 212 1254 ἓκαστοςπ
237 1222 292 1249 τῶν
313 1221 434 1256 γνησίως
455 1220 677 1255 προσανεχόντων
702 1219 761 1251 Θεῷ
788 1218 855 1252 Υιὸς

64 1268 140 1295 θεοῦ
161 1268 276 1299 εἰκότως
291 1267 397 1301 ἐλέγετο
409 1275 417 1283 ·
437 1267 468 1292 ὲκ
482 1265 511 1292 δὲ
531 1265 627 1292 τούτου
644 1264 712 1300 θύρα
729 1265 776 1291 καὶ
797 1264 855 1296 ὁδὸς

62 1315 96 1349 τῇ
118 1313 167 1340 διὰ
180 1313 283 1348 σαρκὸς
296 1313 437 1348 οἰκονομίᾳ
452 1311 659 1345 ὑπανοίγνυται.
682 1310 727 1336 Διὸ
748 1309 796 1336 καὶ
810 1309 856 1336 τὸν

64 1359 129 1386 Υίὺν
143 1360 158 1385 6
175 1358 198 1394 β’
212 1358 357 1394 κηρύττων
370 1356 482 1393 σεισμὸς
492 1377 501 1390 ,
513 1357 550 1388 ὠς
562 1356 613 1391 ἤδη
627 1355 758 1391 συνήθους
772 1355 856 1390 οῡσης

63 1405 112 1439 τῆς
128 1405 223 1440 φωνῆς
238 1404 287 1431 καὶ
309 1403 357 1431 ent
368 1403 454 1439 ψιλῶν
478 1402 630 1437 ἀνθρώπων
653 1402 790 1434 τίθεσθαι,
807 1401 856 1436 οὐχ

64 1451 137 1478 οὕτω
150 1451 216 1482 τοὺς
233 1450 382 1481 ἀκούοντας
397 1449 575 1485 ὲξετάραττεν
587 1470 596 1483 ,
619 1449 652 1476 ὲκ
665 1448 715 1483 τῆς
732 1449 856 1483 χρήσεως

63 1497 115 1531 τῆς
131 1495 247 1531 πρώτης
263 1495 401 1531 Διαθήκης
426 1494 658 1526 καταλεανθέντας
681 1493 730 1525 τὰς
755 1493 855 1526 ἀκοὰς,

65 1543 114 1569 καὶ
128 1542 223 1568 οὐκέτι
239 1542 307 1577 πρὸς
329 1541 378 1577 τὴν
390 1541 481 1577 φωνὴν
496 1541 583 1572 οὕτως
595 1541 767 1576 ὲμεμήνεσαν
779 1560 786 1572 ,
802 1539 857 1566 ῶσ-

65 1597 120 1623 περ
143 1588 289 1622 ἐμαίνοντο
301 1588 333 1614 ἂν
346 1607 354 1620 ,
376 1588 403 1614 εί
420 1588 457 1623 μὴ
473 1587 593 1622 συνήθης
621 1586 713 1617 αὐτοῖς
728 1585 782 1612 ἀπὸ
808 1585 858 1621 τῆς

67 1633 192 1664 Παλαιᾶς
208 1631 332 1666 ἐγεγόνει
347 1631 494 1668 Διαθήκης.
512 1631 618 1666 Ὥσπερ
633 1631 661 1657 δὲ
681 1631 727 1657 ἐπὶ
748 1631 798 1666 τῆς
817 1639 860 1657 νο-

905 1040 996 1064 motus
1020 1038 1100 1062 terra:
1125 1035 1331 1062 fundamentum
1359 1034 1471 1062 alterius
1498 1034 1591 1067 fuerit,
1615 1040 1696 1070 utque

906 1089 960 1110 non
979 1081 1066 1108 solum
1085 1081 1118 1108 iis
1141 1080 1187 1116 qui
1212 1080 1263 1107 sub
1288 1080 1362 1107 Mose
1383 1081 1517 1112 vixerunt,
1536 1080 1619 1108 Deum
1641 1080 1696 1108 Pa-

906 1132 973 1155 trem
991 1126 1086 1163 194b
1105 1127 1279 1162 praedicando
1296 1127 1439 1161 profuerit,
1457 1127 1505 1154 sed
1521 1131 1549 1154 et
1562 1128 1608 1162 qui
1625 1132 1696 1155 tem-

906 1180 971 1208 pore
993 1173 1097 1208 gratim.
1118 1172 1265 1207 Postquam
1290 1173 1362 1200 ettim
1388 1172 1478 1200 ell'ecit
1504 1177 1534 1200 ut
1552 1173 1624 1201 Deus
1644 1174 1695 1202 lto-

907 1219 1008 1245 minum
1033 1217 1116 1245 Pater
1137 1218 1322 1245 crederetur:
1342 1226 1403 1245 mox
1428 1219 1511 1246 etiam
1537 1220 1694 1255 quicunque

906 1265 934 1292 in
949 1263 1004 1292 Deo
1028 1264 1155 1292 fiduciam
1177 1264 1334 1298 collocaret,
1356 1265 1453 1292 merito
1470 1264 1517 1292 Dei
1544 1264 1630 1293 Filius
1647 1274 1696 1301 ap-

906 1310 1031 1345 pellatur.
1049 1310 1127 1338 Unde
1149 1311 1283 1346 patefacta
1311 1311 1406 1345 janua,
1426 1316 1455 1338 et
1475 1312 1519 1339 via
1541 1317 1634 1347 aperta
1653 1316 1697 1340 est

908 1357 941 1384 ad
964 1357 1180 1387 incarnationem
1201 1357 1428 1392 cognoscendam.
1452 1357 1538 1390 Quam
1558 1358 1639 1385 etiam
1660 1358 1697 1386 ob

907 1410 1017 1431 causam
1043 1404 1105 1430 dum
1141 1403 1240 1431 Filium
1268 1403 1402 1431 secundus
1429 1403 1474 1431 ille
1501 1408 1580 1431 terra:
1609 1408 1697 1432 motus

909 1449 1069 1483 pradicaret
1085 1450 1168 1484 (quod
1179 1450 1235 1484 jam
1251 1454 1409 1476 consuetum
1428 1455 1502 1476 esset
1520 1450 1588 1477 hanc
1602 1457 1696 1478 vocem

907 1496 941 1523 de
961 1495 1041 1523 meris
1052 1503 1157 1531 quoque
1176 1496 1331 1523 hominibus
1347 1495 1501 1531 usurpare),
1520 1504 1574 1523 non
1590 1497 1630 1524 sic
1648 1505 1697 1524 au-

908 1541 1009 1569 ditores
1032 1541 1158 1569 turbabat
1178 1542 1276 1575 prioris
1293 1541 1461 1569 Testamenti
1487 1550 1536 1569 usu
1564 1542 1695 1577 mitigatis

908 1585 1032 1617 auribus,
1049 1589 1078 1612 ut
1093 1594 1145 1613 non
1162 1586 1282 1621 amplius
1303 1586 1343 1614 sic
1363 1586 1438 1613 vocis
1456 1586 1536 1621 hujus
1555 1588 1699 1615 Occasione

909 1630 1109 1664 insaniverint,
1141 1632 1367 1666 quemadmodum
1401 1632 1610 1666 insanivissent,
1645 1634 1698 1661 nisi

69 1679 153 1714 μικῆς
178 1678 320 1710 πολιτείας
344 1678 374 1704 τὸ
387 1678 570 1713 κηρύττεσθαι
584 1678 630 1704 τὸν
643 1678 707 1705 Υῐὸν
723 1677 857 1713 λαμπρῶς

912 1677 1012 1704 usitata
1026 1677 1078 1705 illis
1093 1685 1141 1713 per
1153 1676 1237 1705 Vetus
1253 1677 1459 1706 Testamentum
1479 1686 1539 1706 esse
1560 1679 1697 1714 coepisset.

67 1724 83 1759 ἢ
107 1724 139 1750 τὸ
159 1723 295 1758 Πνεῦμα,
308 1722 341 1750 δι’
357 1723 390 1754 ἃς
414 1723 504 1754 αἰτίας
528 1724 712 1759 προείπομεν,
734 1723 858 1759 [32011.]

68 1772 123 1801 τοῖς
135 1769 178 1796 ἑτι
195 1770 245 1801 τὰς
257 1769 339 1801 οὐλὰς
352 1769 403 1804 τῆς
417 1769 548 1795 πολυθέου
570 1769 677 1805 πληγῆς
700 1770 730 1795 ἐν
754 1770 860 1801 ἑαυτοῖς

68 1815 200 1850 φέρουσιν
211 1834 219 1846 ,
233 1814 298 1850 [i520
314 1814 361 1850 IL]
381 1814 452 1841 οὕτω
466 1814 499 1850 δὴ
513 1815 562 1841 καὶ
575 1814 606 1841 τὸ
620 1814 795 1849 σαρκωθῆναι
811 1814 860 1849 μὲν

68 1861 112 1887 τὸν
123 1861 237 1896 Πατέρα
249 1861 265 1896 ἢ
276 1861 307 1887 τὸ
319 1860 432 1895 Πνεῦμα
441 1880 450 1893 ,
462 1860 655 1887 συνεσκιάσθαι
665 1860 694 1886 δὲ
708 1860 756 1887 καὶ
768 1860 860 1887 λαϐεῖν

71 1907 147 1941 ίσχὺν
162 1907 203 1937 εἰς
220 1907 250 1932 τὸ
264 1906 355 1932 λαθεῖν
365 1926 372 1938 ,
388 1905 418 1932 ὃν
432 1906 532 1941 τρόπον
547 1907 593 1933 ἐπὶ
605 1905 652 1932 τοῦ
665 1906 730 1932 Υἱοῦ
739 1926 747 1939 ,
764 1906 861 1932 ἀδύνα-

68 1960 114 1979 τον
131 1950 178 1987 ἦν.
195 1952 226 1978 ΕΞ
245 1952 299 1987 γὰρ
311 1953 358 1978 καὶ
373 1951 466 1985 κοινῆς
489 1951 574 1987 οὔσης
602 1952 649 1979 καὶ
675 1951 861 1987 τετριμμένης

70 1997 119 2031 τῆς
131 1996 182 2023 τοῦ
197 1996 264 2022 Υἱοῦ
280 1996 467 2032 προσηγορίας
483 1996 558 2031 ὅμως
568 1995 614 2023 τὸν
629 1996 693 2023 Υίδν
709 1996 797 2032 σάρκα
812 1996 861 2023 λα-

69 2043 170 2075 ϐόντα,
186 2043 229 2069 ὅτι
247 2043 321 2070 Θεοῦ
341 2043 504 2078 Flor-(amp
518 2041 568 2078 ἦν)
580 2042 673 2076 ἔλεγεν
687 2043 781 2069 ἑαυτὸν
791 2063 798 2076 ,
814 2043 862 2069 καὶ

69 2090 206 2124 κρημνοῖς
220 2088 321 2120 ἐξῶσαι
337 2090 384 2115 καὶ
394 2089 548 2124 ῥαπίσμασι
568 2089 659 2124 βαλεῖν
667 2089 690 2106 ⁷⁸
707 2089 754 2116 καὶ
776 2089 806 2115 τὺ
818 2097 862 2115 τε-

70 2135 197 2162 λευταῖον
214 2135 324 2170 σταυρῷ
345 2135 498 2171 ἀναρτῆσαι
517 2136 689 2171 ἐξεμάνησαν
700 2155 707 2168 ,
725 2134 751 2161 τί
765 2134 814 2161 οὐκ
829 2134 861 2162 ἂν

71 2181 208 2214 ἐποίησαν
224 2181 271 2207 καὶ
294 2181 372 2207 αὐτοὶ
388 2183 434 2207 καὶ
455 2182 480 2207 οἱ
507 2181 628 2216 μαθηταὶ
648 2180 740 2207 δούλου
757 2179 863 2215 μορφὴν

72 2226 210 2261 ὁρῶντες,
228 2227 252 2252 εί
267 2227 281 2253 ὁ
297 2227 450 2262 σαρκωθεὶς
473 2227 564 2260 ἔλεγεν
576 2247 584 2260 ,
604 2226 678 2261 Ἐγώ
698 2226 755 2261 εὶμι
770 2227 786 2253 ό
804 2228 864 2253 Πα-

72 2273 140 2307 τὴρ,
153 2273 171 2308 ἦ
183 2273 218 2299 τὸ
227 2274 349 2308 Πνεῦμα
365 2273 398 2300 τὸ
417 2273 520 2308 ἄγιον;
537 2273 608 2300 ὥστε
622 2274 651 2300 τὸ
663 2273 717 2299 πᾶν
731 2274 780 2308 τῆς
795 2273 865 2299 olito-

72 2319 173 2353 νομέας
195 2318 356 2364 θεοπρεπῶς
381 2327 411 2345 τε
435 2319 483 2345 καὶ
506 2319 576 2353 ὑπὲρ
588 2318 672 2364 ¹λόγον
696 2318 743 2345 καὶ
759 2317 862 2345 ἔννοιαν
878 2337 900 2364 D

73 2361 320 2397 διεπραγματεύθη
332 2381 340 2394 ,
362 2362 408 2388 καὶ
418 2362 468 2397 τὴν
481 2362 534 2389 τῶν
551 2361 702 2397 ἀνθρώπιον
724 2362 861 2397 σωτηρίαν

74 2407 278 2442 ἀπειργάσατο.

110 2539 184 2566 Κατ’
196 2539 284 2575 ἀρχὰς
301 2540 392 2576 μέντοι
408 2541 422 2567 ὸ
438 2541 525 2575 Λόγος
541 2541 572 2568 οὑ
583 2541 755 2578 σεσάρκωται
770 2542 817 2568 καὶ
831 2541 865 2569 δι’

74 2586 160 2617 ἄλλας
177 2586 229 2621 μὲν
241 2586 349 2620 αἰτίας,
371 2587 499 2614 καδδιότι
522 2588 573 2614 οὐκ
593 2587 646 2614 ἔδει
669 2588 748 2619 εὐθὺς
760 2588 791 2615 τὺ
817 2588 865 2623 μέ-

74 2639 171 2667 γιστον
195 2630 251 2658 τῶν
275 2632 431 2668 φαρμάκων
454 2634 511 2664 τοῖς
525 2631 634 2660 νοσοῦσι
652 2634 863 2668 προσενεγκεῖν,

114 2708 129 2722 ιι
144 2702 215 2731 Luc.
232 2711 270 2736 tv,
288 2703 334 2731 29.
372 2707 386 2722 ο
403 2703 487 2731 Marc.
505 2711 562 2737 xtv,
580 2702 630 2737 65;
648 2701 727 2730 Joan.
747 2710 805 2736 nx,
819 2703 845 2730 5.

909 1723 994 1756 Quem
1009 1724 1080 1751 ettim
1103 1724 1137 1751 ad
1161 1724 1271 1752 modum
1292 1725 1343 1752 sub
1369 1724 1427 1759 lege
1441 1725 1500 1752 Filii
1519 1730 1565 1753 aut
1581 1725 1699 1760 Spiritus

912 1774 1006 1803 aperta
1031 1770 1229 1805 promulgatio,
1255 1770 1290 1798 ob
1313 1776 1380 1803 eas,
1407 1777 1475 1805 quas
1495 1776 1575 1798 antea
1600 1778 1698 1798 causas

910 1815 1038 1848 diximus,
1057 1817 1135 1843 noxia
1151 1815 1209 1843 fore
1229 1816 1371 1843 videbatur
1392 1816 1436 1849 iis,
1450 1816 1497 1851 qui
1519 1816 1607 1844 adhuc
1625 1816 1698 1844 cica-

910 1861 992 1888 trices
1016 1860 1107 1888 inﬂicti
1124 1869 1139 1888 a
1156 1862 1268 1888 deorum
1287 1862 1459 1890 multitudine
1479 1861 1598 1890 vulneris
1618 1869 1697 1897 gere-

910 1905 984 1933 bant.
1005 1905 1052 1933 Sic
1076 1911 1150 1933 cerle
1174 1905 1282 1933 Patrem
1299 1906 1341 1934 vel
1359 1906 1489 1942 Spiritum
1512 1911 1636 1934 sanctum
1654 1907 1699 1934 in-

913 1952 1029 1984 carnari,
1047 1952 1196 1986 umbraque
1219 1951 1284 1987 tegi,
1313 1957 1340 1979 et
1358 1951 1457 1979 latendi
1475 1952 1598 1987 accipere
1614 1951 1701 1979 facul-

913 2000 994 2023 tatem
1010 1996 1092 2032 (utin
1108 1996 1177 2024 Filio
1192 1997 1305 2031 factum)
1322 1996 1490 2032 impossibile
1507 1997 1612 2025 fuisset.
1632 1997 1699 2025 Nam

912 2042 934 2068 si
962 2047 1016 2068 tmn
1043 2049 1168 2078 quoque,
1198 2050 1258 2070 cum
1288 2043 1350 2071 Filii
1377 2043 1522 2078 appellatio
1548 2044 1701 2071 communis

913 2091 996 2120 esset,
1012 2092 1094 2123 atque
1116 2095 1165 2115 usu
1189 2089 1262 2120 trita,
1279 2089 1366 2124 ipsum
1391 2093 1480 2116 tamen
1502 2088 1600 2116 Filium
1618 2096 1701 2117 carne

914 2132 1035 2160 indutum
1069 2134 1130 2168 quia
1164 2134 1210 2161 Dei
1237 2133 1339 2162 Filium
1366 2135 1454 2170 (quod
1479 2136 1554 2170 erat)
1581 2135 1699 2169 seipsum

914 2178 982 2205 dixit
1002 2183 1028 2213 ιι,
1042 2188 1074 2207 ex
1089 2180 1197 2208 editiori
1220 2180 1278 2208 loco
1301 2181 1482 2216 praecipitare,
1496 2186 1523 2208 et
1546 2181 1631 2215 alapis
1652 2188 1700 2208 ex-

914 2224 1007 2259 cipere
1033 2232 1058 2257 0,
1072 2233 1103 2252 ac
1120 2226 1228 2252 tandem
1243 2227 1317 2253 cruci
1338 2226 1441 2254 furiose
1457 2226 1564 2261 adigere
1581 2226 1700 2261 aggressi

915 2274 988 2301 sunt,
1002 2271 1072 2305 quod
1099 2279 1150 2297 non
1176 2271 1306 2299 fecissent
1323 2278 1351 2299 et
1369 2272 1432 2305 ipsi,
1448 2277 1475 2299 et
1492 2271 1627 2306 discipuli,
1644 2271 1700 2307 [so-

916 2316 981 2352 lam]
997 2317 1066 2344 servi
1083 2317 1203 2344 videnles
1217 2317 1342 2351 formam,
1357 2318 1379 2345 si
1396 2317 1553 2345 incarnatus
1565 2318 1679 2345 dixisset
1692 2326 1700 2344 :

916 2364 973 2397 Ego
992 2371 1049 2389 sum
1070 2363 1161 2395 Pater,
1178 2363 1220 2390 vel
1242 2362 1358 2397 Spiritus
1370 2368 1477 2390 sanctus
1489 2364 1502 2391 7
1519 2363 1590 2399 Ergo
1602 2363 1701 2390 divini-

921 2412 973 2441 tus,
990 2413 1018 2435 et
1032 2415 1111 2443 supra
1127 2415 1207 2442 quam
1222 2408 1274 2435 dici
1291 2415 1323 2435 ac
1336 2408 1449 2443 cogitari
1464 2408 1561 2442 possit,
1574 2408 1702 2435 universa

919 2454 1012 2481 mundi
1030 2454 1190 2488 gubernatio
1209 2461 1262 2481 una
1288 2461 1349 2482 cum
1373 2454 1513 2482 hominum
1534 2453 1621 2481 salute
1639 2460 1703 2486 pro-

919 2503 1012 2526 curata
1031 2503 1083 2525 est.

956 2545 1082 2573 Attamen
1099 2554 1160 2574 mox
1176 2547 1210 2574 ab
1226 2546 1305 2573 initio
1323 2545 1443 2573 Verbum
1466 2545 1635 2572 incarnatum
1650 2550 1703 2570 non

919 2595 979 2623 est,
1004 2599 1065 2619 cum
1092 2592 1153 2620 aliis
1177 2592 1210 2620 de
1236 2592 1336 2626 causis,
1355 2597 1411 2619 luttt
1436 2592 1537 2619 idcirco
1557 2589 1627 2625 quod
1650 2596 1703 2616 non

919 2641 1057 2671 oporteret
1072 2639 1165 2667 statim
1186 2639 1336 2677 maximum
1354 2639 1580 2666 medicamentum
1600 2634 1704 2663 morbi-

718 2784 837 2814 VARIE
853 2786 1055 2816 LECTIONES.

116 2838 138 2854 "
151 2836 272 2864 ἑκαστον
287 2843 319 2867 ς.
353 2834 376 2850 ¹¹¹
389 2833 480 2869 βαλεῖν
492 2841 563 2862 corr.
583 2832 605 2860 Α
624 2841 632 2860 :
650 2831 742 2860 λαϐεῖν
760 2840 792 2864 ς,
