  <div class='ocr_page' id='page_1' title='image "/cluster/home/n/w/nwhite01/storage/ocr_20150623/103/njp.32101010943882/507.png"; bbox 0 0 1916 3092; ppageno 0'>
   <div class='ocr_carea' id='block_1_1' title="bbox 245 158 298 191">
    <p class='ocr_par' dir='ltr' id='par_1_1' title="bbox 245 158 298 191">
     <span class='ocr_line' id='line_1_1' title="bbox 245 158 298 191; baseline 0 0"><span class='ocrx_word' id='word_1_1' title='bbox 245 158 298 191; x_wconf 84' lang='lat'><strong>787</strong></span> 
     </span>
    </p>
   </div>
   <div class='ocr_carea' id='block_1_2' title="bbox 787 161 1272 192">
    <p class='ocr_par' dir='ltr' id='par_1_2' title="bbox 787 161 1272 192">
     <span class='ocr_line' id='line_1_2' title="bbox 787 161 1272 192; baseline -0.004 0"><span class='ocrx_word' id='word_1_2' title='bbox 787 161 920 192; x_wconf 87' lang='lat' dir='ltr'><strong>PHO&#39;I‘II</strong></span> <span class='ocrx_word' id='word_1_3' title='bbox 941 161 1200 192; x_wconf 77' lang='lat' dir='ltr'><strong>PATRIARCIUE</strong></span> <span class='ocrx_word' id='word_1_4' title='bbox 1219 161 1272 191; x_wconf 75' lang='grc' dir='ltr'><strong>(ΙΙ).</strong></span> 
     </span>
    </p>
   </div>
   <div class='ocr_carea' id='block_1_3' title="bbox 1814 157 1872 190">
    <p class='ocr_par' dir='ltr' id='par_1_3' title="bbox 1814 157 1872 190">
     <span class='ocr_line' id='line_1_3' title="bbox 1814 157 1872 190; baseline 0.017 -1"><span class='ocrx_word' id='word_1_5' title='bbox 1814 157 1872 190; x_wconf 86' lang='grc'><strong>’188</strong></span> 
     </span>
    </p>
   </div>
   <div class='ocr_carea' id='block_1_4' title="bbox 247 213 1028 250">
    <p class='ocr_par' dir='ltr' id='par_1_4' title="bbox 247 213 1028 248">
     <span class='ocr_line' id='line_1_4' title="bbox 247 213 1028 248; baseline 0.001 -6"><span class='ocrx_word' id='word_1_6' title='bbox 247 217 435 246; x_wconf 79' lang='lat' dir='ltr'><strong>terrae-motu,</strong></span> <span class='ocrx_word' id='word_1_7' title='bbox 456 220 511 248; x_wconf 88' lang='lat' dir='ltr'><strong>quo</strong></span> <span class='ocrx_word' id='word_1_8' title='bbox 529 216 584 241; x_wconf 90' lang='lat' dir='ltr'><strong>tota</strong></span> <span class='ocrx_word' id='word_1_9' title='bbox 613 213 691 242; x_wconf 83' lang='lat' dir='ltr'><strong>nobis</strong></span> <span class='ocrx_word' id='word_1_10' title='bbox 711 214 834 243; x_wconf 75' lang='lat' dir='ltr'><strong>Trinitas</strong></span> <span class='ocrx_word' id='word_1_11' title='bbox 860 215 1028 243; x_wconf 73' lang='lat' dir='ltr'><strong>manifestius</strong></span> 
     </span>
    </p>
   </div>
   <div class='ocr_carea' id='block_1_5' title="bbox 1082 213 1872 250">
    <p class='ocr_par' dir='ltr' id='par_1_5' title="bbox 1083 213 1872 250">
     <span class='ocr_line' id='line_1_5' title="bbox 1083 213 1872 250; baseline -0.001 -9"><span class='ocrx_word' id='word_1_12' title='bbox 1083 224 1129 247; x_wconf 84' lang='grc' dir='ltr'><strong>τος</strong></span> <span class='ocrx_word' id='word_1_13' title='bbox 1153 215 1198 242; x_wconf 75' lang='grc' dir='ltr'>τὸν</span> <span class='ocrx_word' id='word_1_14' title='bbox 1227 214 1438 250; x_wconf 68' lang='grc' dir='ltr'>ἁρραϐὦνα,ὠς</span> <span class='ocrx_word' id='word_1_15' title='bbox 1458 214 1509 250; x_wconf 79' lang='grc' dir='ltr'>τῆς</span> <span class='ocrx_word' id='word_1_16' title='bbox 1536 213 1653 249; x_wconf 83' lang='grc' dir='ltr'>ὲκλογῆς</span> <span class='ocrx_word' id='word_1_17' title='bbox 1679 213 1872 250; x_wconf 76' lang='grc' dir='ltr'>ἑπιμαρτύρε-</span> 
     </span>
    </p>
   </div>
   <div class='ocr_carea' id='block_1_6' title="bbox 251 259 1034 297">
    <p class='ocr_par' dir='ltr' id='par_1_6' title="bbox 251 259 1034 297">
     <span class='ocr_line' id='line_1_6' title="bbox 251 259 1034 297; baseline 0.001 -9"><span class='ocrx_word' id='word_1_18' title='bbox 251 260 397 296; x_wconf 83' lang='lat' dir='ltr'><strong>apparebit</strong></span> <span class='ocrx_word' id='word_1_19' title='bbox 419 267 451 287; x_wconf 92' lang='lat' dir='ltr'><strong>ac</strong></span> <span class='ocrx_word' id='word_1_20' title='bbox 478 259 654 287; x_wconf 73' lang='lat' dir='ltr'><strong>revelabitur.</strong></span> <span class='ocrx_word' id='word_1_21' title='bbox 671 259 728 288; x_wconf 87' lang='lat' dir='ltr'><strong>Etsi</strong></span> <span class='ocrx_word' id='word_1_22' title='bbox 755 260 827 288; x_wconf 91' lang='lat' dir='ltr'><strong>enim</strong></span> <span class='ocrx_word' id='word_1_23' title='bbox 849 261 967 297; x_wconf 87' lang='lat' dir='ltr'><strong>Spiritus</strong></span> <span class='ocrx_word' id='word_1_24' title='bbox 988 269 1034 289; x_wconf 88' lang='lat' dir='ltr'><strong>ar-</strong></span> 
     </span>
    </p>
   </div>
   <div class='ocr_carea' id='block_1_7' title="bbox 249 305 1032 343">
    <p class='ocr_par' dir='ltr' id='par_1_7' title="bbox 249 305 1032 343">
     <span class='ocr_line' id='line_1_7' title="bbox 249 305 1032 343; baseline 0.001 -10"><span class='ocrx_word' id='word_1_25' title='bbox 249 307 323 334; x_wconf 86' lang='lat' dir='ltr'><strong>rham</strong></span> <span class='ocrx_word' id='word_1_26' title='bbox 336 305 476 339; x_wconf 85' lang='lat' dir='ltr'><strong>habemus,</strong></span> <span class='ocrx_word' id='word_1_27' title='bbox 491 309 520 333; x_wconf 88' lang='lat' dir='ltr'><strong>ut</strong></span> <span class='ocrx_word' id='word_1_28' title='bbox 537 312 586 333; x_wconf 86' lang='lat' dir='ltr'><strong>vas</strong></span> <span class='ocrx_word' id='word_1_29' title='bbox 609 305 749 334; x_wconf 74' lang='lat' dir='ltr'><strong>electionis</strong></span> <span class='ocrx_word' id='word_1_30' title='bbox 765 310 878 334; x_wconf 78' lang='lat' dir='ltr'><strong>testatur</strong></span> <span class='ocrx_word' id='word_1_31' title='bbox 896 308 904 326; x_wconf 68' lang='grc' dir='ltr'>σ</span> <span class='ocrx_word' id='word_1_32' title='bbox 928 307 1032 343; x_wconf 73' lang='grc' dir='ltr'>ιθϐα</span> 
     </span>
    </p>
   </div>
   <div class='ocr_carea' id='block_1_8' title="bbox 249 352 1032 390">
    <p class='ocr_par' dir='ltr' id='par_1_8' title="bbox 249 352 1032 390">
     <span class='ocr_line' id='line_1_8' title="bbox 249 352 1032 390; baseline 0.003 -11"><span class='ocrx_word' id='word_1_33' title='bbox 249 353 368 380; x_wconf 87' lang='lat' dir='ltr'><strong>nondum</strong></span> <span class='ocrx_word' id='word_1_34' title='bbox 391 356 480 380; x_wconf 85' lang='lat' dir='ltr'><strong>tamen</strong></span> <span class='ocrx_word' id='word_1_35' title='bbox 511 353 544 380; x_wconf 84' lang='lat' dir='ltr'><strong>ad</strong></span> <span class='ocrx_word' id='word_1_36' title='bbox 566 352 763 388; x_wconf 76' lang='lat' dir='ltr'><strong>perfectionem</strong></span> <span class='ocrx_word' id='word_1_37' title='bbox 793 354 923 390; x_wconf 80' lang='lat' dir='ltr'><strong>spiritalis</strong></span> <span class='ocrx_word' id='word_1_38' title='bbox 944 359 1032 382; x_wconf 83' lang='lat' dir='ltr'><strong>status</strong></span> 
     </span>
    </p>
   </div>
   <div class='ocr_carea' id='block_1_9' title="bbox 247 397 1030 434">
    <p class='ocr_par' dir='ltr' id='par_1_9' title="bbox 247 397 1030 434">
     <span class='ocr_line' id='line_1_9' title="bbox 247 397 1030 434; baseline 0.003 -10"><span class='ocrx_word' id='word_1_39' title='bbox 247 397 428 432; x_wconf 74' lang='lat' dir='ltr'><strong>pervenimus.</strong></span> <span class='ocrx_word' id='word_1_40' title='bbox 454 397 544 433; x_wconf 87' lang='lat' dir='ltr'><strong>Ipsum</strong></span> <span class='ocrx_word' id='word_1_41' title='bbox 569 398 671 426; x_wconf 81' lang='lat' dir='ltr'><strong>etenim</strong></span> <span class='ocrx_word' id='word_1_42' title='bbox 694 398 784 426; x_wconf 62' lang='lat' dir='ltr'><strong>arrba‘,</strong></span> <span class='ocrx_word' id='word_1_43' title='bbox 805 406 901 426; x_wconf 91' lang='lat' dir='ltr'><strong>nomen</strong></span> <span class='ocrx_word' id='word_1_44' title='bbox 924 399 1030 434; x_wconf 74' lang='lat' dir='ltr'><strong>signum</strong></span> 
     </span>
    </p>
   </div>
   <div class='ocr_carea' id='block_1_10' title="bbox 244 441 1028 478">
    <p class='ocr_par' dir='ltr' id='par_1_10' title="bbox 244 441 1028 478">
     <span class='ocr_line' id='line_1_10' title="bbox 244 441 1028 478; baseline 0.005 -10"><span class='ocrx_word' id='word_1_45' title='bbox 244 441 352 476; x_wconf 85' lang='lat' dir='ltr'><strong>quidem</strong></span> <span class='ocrx_word' id='word_1_46' title='bbox 372 441 485 477; x_wconf 80' lang='lat' dir='ltr'><strong>perfecti</strong></span> <span class='ocrx_word' id='word_1_47' title='bbox 507 443 571 470; x_wconf 90' lang='lat' dir='ltr'><strong>doni</strong></span> <span class='ocrx_word' id='word_1_48' title='bbox 592 449 656 471; x_wconf 89' lang='lat' dir='ltr'><strong>est:</strong></span> <span class='ocrx_word' id='word_1_49' title='bbox 673 448 702 471; x_wconf 90' lang='lat' dir='ltr'><strong>at</strong></span> <span class='ocrx_word' id='word_1_50' title='bbox 726 451 780 471; x_wconf 90' lang='lat' dir='ltr'><strong>non</strong></span> <span class='ocrx_word' id='word_1_51' title='bbox 807 444 894 478; x_wconf 86' lang='lat' dir='ltr'><strong>ipsum</strong></span> <span class='ocrx_word' id='word_1_52' title='bbox 917 445 1028 472; x_wconf 87' lang='lat' dir='ltr'><strong>donum.</strong></span> 
     </span>
    </p>
   </div>
   <div class='ocr_carea' id='block_1_11' title="bbox 245 488 1031 525">
    <p class='ocr_par' dir='ltr' id='par_1_11' title="bbox 245 488 1031 525">
     <span class='ocr_line' id='line_1_11' title="bbox 245 488 1031 525; baseline 0.003 -10"><span class='ocrx_word' id='word_1_53' title='bbox 245 488 317 515; x_wconf 87' lang='lat' dir='ltr'><strong>Idem</strong></span> <span class='ocrx_word' id='word_1_54' title='bbox 341 489 422 516; x_wconf 89' lang='lat' dir='ltr'><strong>etiam</strong></span> <span class='ocrx_word' id='word_1_55' title='bbox 446 489 510 516; x_wconf 81' lang='lat' dir='ltr'><strong>alibi</strong></span> <span class='ocrx_word' id='word_1_56' title='bbox 537 489 635 525; x_wconf 79' lang='lat' dir='ltr'><strong>pignus</strong></span> <span class='ocrx_word' id='word_1_57' title='bbox 656 489 755 517; x_wconf 57' lang='lat' dir='ltr'><strong>futura</strong></span> <span class='ocrx_word' id='word_1_58' title='bbox 780 489 946 518; x_wconf 56' lang='lat' dir='ltr'><strong>haereditatis</strong></span> <span class='ocrx_word' id='word_1_59' title='bbox 969 497 1031 517; x_wconf 85' lang='lat' dir='ltr'><strong>esse</strong></span> 
     </span>
    </p>
   </div>
   <div class='ocr_carea' id='block_1_12' title="bbox 246 531 1029 569">
    <p class='ocr_par' dir='ltr' id='par_1_12' title="bbox 246 531 1029 569">
     <span class='ocr_line' id='line_1_12' title="bbox 246 531 1029 569; baseline 0.003 -10"><span class='ocrx_word' id='word_1_60' title='bbox 246 531 377 568; x_wconf 90' lang='lat' dir='ltr'><strong>Spiritum</strong></span> <span class='ocrx_word' id='word_1_61' title='bbox 400 534 541 568; x_wconf 64' lang='lat' dir='ltr'><strong>prmdieat,</strong></span> <span class='ocrx_word' id='word_1_62' title='bbox 563 538 591 562; x_wconf 89' lang='lat' dir='ltr'><strong>et</strong></span> <span class='ocrx_word' id='word_1_63' title='bbox 614 532 748 569; x_wconf 77' lang='lat' dir='ltr'><strong>primitias</strong></span> <span class='ocrx_word' id='word_1_64' title='bbox 767 539 928 562; x_wconf 65' lang='lat' dir='ltr'><strong>aeternorum</strong></span> <span class='ocrx_word' id='word_1_65' title='bbox 946 535 1029 563; x_wconf 86' lang='lat' dir='ltr'><strong>bono-</strong></span> 
     </span>
    </p>
   </div>
   <div class='ocr_carea' id='block_1_13' title="bbox 244 579 1030 616">
    <p class='ocr_par' dir='ltr' id='par_1_13' title="bbox 244 579 1030 616">
     <span class='ocr_line' id='line_1_13' title="bbox 244 579 1030 616; baseline 0.004 -11"><span class='ocrx_word' id='word_1_66' title='bbox 244 586 303 605; x_wconf 92' lang='lat' dir='ltr'><strong>rum</strong></span> <span class='ocrx_word' id='word_1_67' title='bbox 315 584 342 605; x_wconf 81' lang='grc' dir='ltr'>ιι.</span> <span class='ocrx_word' id='word_1_68' title='bbox 364 579 455 612; x_wconf 79' lang='lat' dir='ltr'><strong>Quare</strong></span> <span class='ocrx_word' id='word_1_69' title='bbox 478 579 674 614; x_wconf 83' lang='lat' dir='ltr'><strong>perfectionem</strong></span> <span class='ocrx_word' id='word_1_70' title='bbox 697 579 816 615; x_wconf 82' lang='lat' dir='ltr'><strong>Spiritus</strong></span> <span class='ocrx_word' id='word_1_71' title='bbox 840 581 947 608; x_wconf 80' lang='lat' dir='ltr'><strong>nonnisi</strong></span> <span class='ocrx_word' id='word_1_72' title='bbox 969 585 1030 616; x_wconf 86' lang='lat' dir='ltr'><strong>post</strong></span> 
     </span>
    </p>
   </div>
   <div class='ocr_carea' id='block_1_14' title="bbox 245 625 782 660">
    <p class='ocr_par' dir='ltr' id='par_1_14' title="bbox 245 625 782 660">
     <span class='ocr_line' id='line_1_14' title="bbox 245 625 782 660; baseline 0.002 -9"><span class='ocrx_word' id='word_1_73' title='bbox 245 625 458 659; x_wconf 81' lang='lat' dir='ltr'><strong>redemptionem</strong></span> <span class='ocrx_word' id='word_1_74' title='bbox 472 625 594 660; x_wconf 90' lang='lat' dir='ltr'><strong>corporis</strong></span> <span class='ocrx_word' id='word_1_75' title='bbox 610 625 782 660; x_wconf 81' lang='lat' dir='ltr'><strong>suscipimus.</strong></span> 
     </span>
    </p>
   </div>
   <div class='ocr_carea' id='block_1_15' title="bbox 279 670 1027 706">
    <p class='ocr_par' dir='ltr' id='par_1_15' title="bbox 279 670 1027 706">
     <span class='ocr_line' id='line_1_15' title="bbox 279 670 1027 706; baseline 0.001 -8"><span class='ocrx_word' id='word_1_76' title='bbox 279 670 339 698; x_wconf 84' lang='lat' dir='ltr'><strong>Jam</strong></span> <span class='ocrx_word' id='word_1_77' title='bbox 359 672 468 705; x_wconf 82' lang='lat' dir='ltr'><strong>quando</strong></span> <span class='ocrx_word' id='word_1_78' title='bbox 485 671 531 706; x_wconf 91' lang='lat' dir='ltr'><strong>qui</strong></span> <span class='ocrx_word' id='word_1_79' title='bbox 551 671 621 706; x_wconf 89' lang='lat' dir='ltr'><strong>apud</strong></span> <span class='ocrx_word' id='word_1_80' title='bbox 636 672 758 698; x_wconf 86' lang='lat' dir='ltr'><strong>homines</strong></span> <span class='ocrx_word' id='word_1_81' title='bbox 779 679 840 698; x_wconf 86' lang='lat' dir='ltr'><strong>cum</strong></span> <span class='ocrx_word' id='word_1_82' title='bbox 863 676 949 705; x_wconf 82' lang='lat' dir='ltr'><strong>pater,</strong></span> <span class='ocrx_word' id='word_1_83' title='bbox 972 676 1027 699; x_wconf 89' lang='lat' dir='ltr'><strong>tum</strong></span> 
     </span>
    </p>
   </div>
   <div class='ocr_carea' id='block_1_16' title="bbox 245 716 1030 752">
    <p class='ocr_par' dir='ltr' id='par_1_16' title="bbox 245 716 1030 752">
     <span class='ocr_line' id='line_1_16' title="bbox 245 716 1030 752; baseline 0.003 -9"><span class='ocrx_word' id='word_1_84' title='bbox 245 716 315 744; x_wconf 84' lang='lat' dir='ltr'><strong>filius</strong></span> <span class='ocrx_word' id='word_1_85' title='bbox 343 716 461 749; x_wconf 90' lang='lat' dir='ltr'><strong>dicitur,</strong></span> <span class='ocrx_word' id='word_1_86' title='bbox 488 724 536 752; x_wconf 88' lang='lat' dir='ltr'><strong>per</strong></span> <span class='ocrx_word' id='word_1_87' title='bbox 556 717 675 752; x_wconf 77' lang='lat' dir='ltr'><strong>conjugii</strong></span> <span class='ocrx_word' id='word_1_88' title='bbox 700 717 858 744; x_wconf 85' lang='lat' dir='ltr'><strong>societatem</strong></span> <span class='ocrx_word' id='word_1_89' title='bbox 876 717 1030 745; x_wconf 83' lang='lat' dir='ltr'><strong>declaratur</strong></span> 
     </span>
    </p>
   </div>
   <div class='ocr_carea' id='block_1_17' title="bbox 243 763 1028 798">
    <p class='ocr_par' dir='ltr' id='par_1_17' title="bbox 243 763 1028 798">
     <span class='ocr_line' id='line_1_17' title="bbox 243 763 1028 798; baseline 0.003 -9"><span class='ocrx_word' id='word_1_90' title='bbox 243 767 328 798; x_wconf 85' lang='lat' dir='ltr'><strong>atque</strong></span> <span class='ocrx_word' id='word_1_91' title='bbox 347 763 521 798; x_wconf 74' lang='lat' dir='ltr'><strong>cognoscitur</strong></span> <span class='ocrx_word' id='word_1_92' title='bbox 535 783 542 795; x_wconf 91' lang='lat'><strong>,</strong></span> <span class='ocrx_word' id='word_1_93' title='bbox 558 768 701 798; x_wconf 83' lang='lat' dir='ltr'><strong>propterea</strong></span> <span class='ocrx_word' id='word_1_94' title='bbox 723 763 865 797; x_wconf 65' lang='lat' dir='ltr'><strong>praesentis</strong></span> <span class='ocrx_word' id='word_1_95' title='bbox 884 763 946 790; x_wconf 72' lang='lat' dir='ltr'><strong>vita:</strong></span> <span class='ocrx_word' id='word_1_96' title='bbox 961 763 1028 791; x_wconf 89' lang='lat' dir='ltr'><strong>duos</strong></span> 
     </span>
    </p>
   </div>
   <div class='ocr_carea' id='block_1_18' title="bbox 244 807 1027 843">
    <p class='ocr_par' dir='ltr' id='par_1_18' title="bbox 244 807 1027 843">
     <span class='ocr_line' id='line_1_18' title="bbox 244 807 1027 843; baseline 0.001 -9"><span class='ocrx_word' id='word_1_97' title='bbox 244 811 429 842; x_wconf 67' lang='lat' dir='ltr'><strong>terramotus,</strong></span> <span class='ocrx_word' id='word_1_98' title='bbox 454 807 570 835; x_wconf 80' lang='lat' dir='ltr'><strong>alterum</strong></span> <span class='ocrx_word' id='word_1_99' title='bbox 591 808 729 843; x_wconf 85' lang='lat' dir='ltr'><strong>pertinere</strong></span> <span class='ocrx_word' id='word_1_100' title='bbox 759 808 792 834; x_wconf 86' lang='lat' dir='ltr'><strong>ad</strong></span> <span class='ocrx_word' id='word_1_101' title='bbox 812 808 918 835; x_wconf 87' lang='lat' dir='ltr'><strong>Patrem</strong></span> <span class='ocrx_word' id='word_1_102' title='bbox 936 827 945 840; x_wconf 89' lang='lat'><strong>,</strong></span> <span class='ocrx_word' id='word_1_103' title='bbox 961 808 1027 835; x_wconf 88' lang='lat' dir='ltr'><strong>alte-</strong></span> 
     </span>
    </p>
   </div>
   <div class='ocr_carea' id='block_1_19' title="bbox 245 852 1026 886">
    <p class='ocr_par' dir='ltr' id='par_1_19' title="bbox 245 852 1026 886">
     <span class='ocr_line' id='line_1_19' title="bbox 245 852 1026 886; baseline -0.001 -6"><span class='ocrx_word' id='word_1_104' title='bbox 245 861 305 880; x_wconf 88' lang='lat' dir='ltr'><strong>rum</strong></span> <span class='ocrx_word' id='word_1_105' title='bbox 328 853 361 880; x_wconf 84' lang='lat' dir='ltr'><strong>ad</strong></span> <span class='ocrx_word' id='word_1_106' title='bbox 384 853 500 886; x_wconf 86' lang='lat' dir='ltr'><strong>Filium,</strong></span> <span class='ocrx_word' id='word_1_107' title='bbox 532 853 661 880; x_wconf 83' lang='lat' dir='ltr'><strong>vaticinia</strong></span> <span class='ocrx_word' id='word_1_108' title='bbox 692 854 813 879; x_wconf 88' lang='lat' dir='ltr'><strong>tradunt.</strong></span> <span class='ocrx_word' id='word_1_109' title='bbox 840 852 945 880; x_wconf 84' lang='lat' dir='ltr'><strong>Rursus</strong></span> <span class='ocrx_word' id='word_1_110' title='bbox 965 860 1026 880; x_wconf 90' lang='lat' dir='ltr'><strong>cum</strong></span> 
     </span>
    </p>
   </div>
   <div class='ocr_carea' id='block_1_20' title="bbox 1081 259 1872 296">
    <p class='ocr_par' dir='ltr' id='par_1_20' title="bbox 1081 259 1872 296">
     <span class='ocr_line' id='line_1_20' title="bbox 1081 259 1872 296; baseline -0.001 -9"><span class='ocrx_word' id='word_1_111' title='bbox 1081 269 1125 288; x_wconf 89' lang='grc' dir='ltr'><strong>ται</strong></span> <span class='ocrx_word' id='word_1_112' title='bbox 1136 261 1158 277; x_wconf 81' lang='grc'><strong>⁸⁸</strong></span> <span class='ocrx_word' id='word_1_113' title='bbox 1171 261 1202 288; x_wconf 86' lang='grc' dir='ltr'><strong>τὺ</strong></span> <span class='ocrx_word' id='word_1_114' title='bbox 1215 260 1323 294; x_wconf 81' lang='grc' dir='ltr'>σκεῦος,</span> <span class='ocrx_word' id='word_1_115' title='bbox 1336 260 1445 295; x_wconf 74' lang='grc' dir='ltr'>ἔχομεν,</span> <span class='ocrx_word' id='word_1_116' title='bbox 1463 261 1520 287; x_wconf 81' lang='grc' dir='ltr'>ἀλλ’</span> <span class='ocrx_word' id='word_1_117' title='bbox 1535 260 1585 287; x_wconf 80' lang='grc' dir='ltr'>οὐκ</span> <span class='ocrx_word' id='word_1_118' title='bbox 1595 261 1635 291; x_wconf 86' lang='grc' dir='ltr'><strong>είς</strong></span> <span class='ocrx_word' id='word_1_119' title='bbox 1650 259 1700 295; x_wconf 87' lang='grc' dir='ltr'>τὴν</span> <span class='ocrx_word' id='word_1_120' title='bbox 1711 259 1872 296; x_wconf 79' lang='grc' dir='ltr'><strong>τελειότητα</strong></span> 
     </span>
    </p>
   </div>
   <div class='ocr_carea' id='block_1_21' title="bbox 1081 306 1872 343">
    <p class='ocr_par' dir='ltr' id='par_1_21' title="bbox 1081 306 1872 343">
     <span class='ocr_line' id='line_1_21' title="bbox 1081 306 1872 343; baseline -0.004 -9"><span class='ocrx_word' id='word_1_121' title='bbox 1081 308 1130 343; x_wconf 85' lang='grc' dir='ltr'>τῆς</span> <span class='ocrx_word' id='word_1_122' title='bbox 1144 307 1332 343; x_wconf 82' lang='grc' dir='ltr'><strong>πνευματικῆς</strong></span> <span class='ocrx_word' id='word_1_123' title='bbox 1346 307 1506 342; x_wconf 76' lang='grc' dir='ltr'><strong>ἐφθάσαμεν</strong></span> <span class='ocrx_word' id='word_1_124' title='bbox 1529 306 1731 337; x_wconf 76' lang='grc' dir='ltr'>καταστάσεως.</span> <span class='ocrx_word' id='word_1_125' title='bbox 1746 306 1802 332; x_wconf 76' lang='grc' dir='ltr'><strong>Καὶ</strong></span> <span class='ocrx_word' id='word_1_126' title='bbox 1813 307 1872 342; x_wconf 82' lang='grc' dir='ltr'>γὰρ</span> 
     </span>
    </p>
   </div>
   <div class='ocr_carea' id='block_1_22' title="bbox 1080 350 1871 388">
    <p class='ocr_par' dir='ltr' id='par_1_22' title="bbox 1080 350 1871 388">
     <span class='ocr_line' id='line_1_22' title="bbox 1080 350 1871 388; baseline -0.003 -10"><span class='ocrx_word' id='word_1_127' title='bbox 1080 352 1128 378; x_wconf 78' lang='grc' dir='ltr'>καὶ</span> <span class='ocrx_word' id='word_1_128' title='bbox 1151 352 1218 379; x_wconf 83' lang='grc' dir='ltr'>αὐτὸ</span> <span class='ocrx_word' id='word_1_129' title='bbox 1240 352 1270 378; x_wconf 75' lang='grc' dir='ltr'><strong>τὺ</strong></span> <span class='ocrx_word' id='word_1_130' title='bbox 1295 351 1342 378; x_wconf 76' lang='grc' dir='ltr'>τοῦ</span> <span class='ocrx_word' id='word_1_131' title='bbox 1362 351 1522 388; x_wconf 56' lang='lat' dir='ltr'><strong>appulsam»;</strong></span> <span class='ocrx_word' id='word_1_132' title='bbox 1545 351 1630 385; x_wconf 75' lang='grc' dir='ltr'>ὄνομα</span> <span class='ocrx_word' id='word_1_133' title='bbox 1658 350 1793 386; x_wconf 77' lang='grc' dir='ltr'>σύμϐολον</span> <span class='ocrx_word' id='word_1_134' title='bbox 1819 350 1871 385; x_wconf 85' lang='grc' dir='ltr'>μὲν</span> 
     </span>
    </p>
   </div>
   <div class='ocr_carea' id='block_1_23' title="bbox 1080 397 1870 432">
    <p class='ocr_par' dir='ltr' id='par_1_23' title="bbox 1080 397 1870 432">
     <span class='ocr_line' id='line_1_23' title="bbox 1080 397 1870 432; baseline -0.001 -8"><span class='ocrx_word' id='word_1_135' title='bbox 1080 398 1138 424; x_wconf 76' lang='grc' dir='ltr'>ἐστι</span> <span class='ocrx_word' id='word_1_136' title='bbox 1155 398 1203 424; x_wconf 83' lang='grc' dir='ltr'>τοῦ</span> <span class='ocrx_word' id='word_1_137' title='bbox 1222 398 1326 424; x_wconf 81' lang='grc' dir='ltr'><strong>τελείου</strong></span> <span class='ocrx_word' id='word_1_138' title='bbox 1342 398 1440 432; x_wconf 85' lang='grc' dir='ltr'>δώρου,</span> <span class='ocrx_word' id='word_1_139' title='bbox 1465 397 1495 423; x_wconf 83' lang='grc' dir='ltr'><strong>ού</strong></span> <span class='ocrx_word' id='word_1_140' title='bbox 1518 397 1571 432; x_wconf 87' lang='grc' dir='ltr'>μὴν</span> <span class='ocrx_word' id='word_1_141' title='bbox 1586 397 1651 423; x_wconf 88' lang='grc' dir='ltr'>αὐτό</span> <span class='ocrx_word' id='word_1_142' title='bbox 1665 405 1696 431; x_wconf 90' lang='grc' dir='ltr'><strong>γε</strong></span> <span class='ocrx_word' id='word_1_143' title='bbox 1715 397 1747 423; x_wconf 82' lang='grc' dir='ltr'>τὸ</span> <span class='ocrx_word' id='word_1_144' title='bbox 1769 397 1870 432; x_wconf 83' lang='grc' dir='ltr'>δῶρον.</span> 
     </span>
    </p>
   </div>
   <div class='ocr_carea' id='block_1_24' title="bbox 1079 443 1872 480">
    <p class='ocr_par' dir='ltr' id='par_1_24' title="bbox 1079 443 1872 480">
     <span class='ocr_line' id='line_1_24' title="bbox 1079 443 1872 480; baseline -0.004 -9"><span class='ocrx_word' id='word_1_145' title='bbox 1079 445 1134 471; x_wconf 76' lang='grc' dir='ltr'><strong>Καὶ</strong></span> <span class='ocrx_word' id='word_1_146' title='bbox 1149 443 1284 480; x_wconf 82' lang='grc' dir='ltr'>πολλαχοῦ</span> <span class='ocrx_word' id='word_1_147' title='bbox 1292 445 1315 461; x_wconf 78' lang='grc'><strong><em>³⁸</em></strong></span> <span class='ocrx_word' id='word_1_148' title='bbox 1327 443 1474 480; x_wconf 72' lang='grc' dir='ltr'>ἀρραϐῶνα</span> <span class='ocrx_word' id='word_1_149' title='bbox 1484 443 1506 460; x_wconf 77' lang='grc'><strong>’⁷</strong></span> <span class='ocrx_word' id='word_1_150' title='bbox 1519 443 1570 478; x_wconf 86' lang='grc' dir='ltr'>τῆς</span> <span class='ocrx_word' id='word_1_151' title='bbox 1595 443 1746 478; x_wconf 75' lang='grc' dir='ltr'><strong>μελλούσης</strong></span> <span class='ocrx_word' id='word_1_152' title='bbox 1768 443 1872 478; x_wconf 83' lang='grc' dir='ltr'>κληρο-</span> 
     </span>
    </p>
   </div>
   <div class='ocr_carea' id='block_1_25' title="bbox 1079 488 1872 525">
    <p class='ocr_par' dir='ltr' id='par_1_25' title="bbox 1079 488 1872 525">
     <span class='ocr_line' id='line_1_25' title="bbox 1079 488 1872 525; baseline -0.004 -8"><span class='ocrx_word' id='word_1_153' title='bbox 1079 490 1176 525; x_wconf 84' lang='grc' dir='ltr'>νομίας</span> <span class='ocrx_word' id='word_1_154' title='bbox 1186 491 1217 517; x_wconf 85' lang='grc' dir='ltr'>τὸ</span> <span class='ocrx_word' id='word_1_155' title='bbox 1242 489 1355 525; x_wconf 79' lang='grc' dir='ltr'><strong>Πνεῦμα</strong></span> <span class='ocrx_word' id='word_1_156' title='bbox 1381 490 1462 525; x_wconf 85' lang='grc' dir='ltr'>ὑμνεῖ</span> <span class='ocrx_word' id='word_1_157' title='bbox 1487 489 1535 516; x_wconf 75' lang='grc' dir='ltr'>καὶ</span> <span class='ocrx_word' id='word_1_158' title='bbox 1555 489 1715 524; x_wconf 64' lang='grc' dir='ltr'><strong>ὰιιιταρχὴνθ⁸</strong></span> <span class='ocrx_word' id='word_1_159' title='bbox 1727 488 1782 515; x_wconf 82' lang='grc' dir='ltr'>τῶν</span> <span class='ocrx_word' id='word_1_160' title='bbox 1801 489 1872 514; x_wconf 73' lang='grc' dir='ltr'>αἰω-</span> 
     </span>
    </p>
   </div>
   <div class='ocr_carea' id='block_1_26' title="bbox 1079 529 1872 571">
    <p class='ocr_par' dir='ltr' id='par_1_26' title="bbox 1079 529 1872 571">
     <span class='ocr_line' id='line_1_26' title="bbox 1079 529 1872 571; baseline -0.001 -8"><span class='ocrx_word' id='word_1_161' title='bbox 1079 536 1142 564; x_wconf 85' lang='grc' dir='ltr'>νίων</span> <span class='ocrx_word' id='word_1_162' title='bbox 1160 529 1281 570; x_wconf 79' lang='grc' dir='ltr'>ἁγαθῶν,</span> <span class='ocrx_word' id='word_1_163' title='bbox 1300 536 1374 563; x_wconf 80' lang='grc' dir='ltr'>ὥστε</span> <span class='ocrx_word' id='word_1_164' title='bbox 1396 536 1445 571; x_wconf 86' lang='grc' dir='ltr'>τὴν</span> <span class='ocrx_word' id='word_1_165' title='bbox 1463 535 1620 570; x_wconf 83' lang='grc' dir='ltr'>τελειότητα</span> <span class='ocrx_word' id='word_1_166' title='bbox 1636 535 1684 562; x_wconf 84' lang='grc' dir='ltr'>τοῦ</span> <span class='ocrx_word' id='word_1_167' title='bbox 1708 534 1872 569; x_wconf 78' lang='grc' dir='ltr'>Πνεύματος</span> 
     </span>
    </p>
   </div>
   <div class='ocr_carea' id='block_1_27' title="bbox 1081 579 1834 618">
    <p class='ocr_par' dir='ltr' id='par_1_27' title="bbox 1081 579 1834 618">
     <span class='ocr_line' id='line_1_27' title="bbox 1081 579 1834 618; baseline -0.004 -10"><span class='ocrx_word' id='word_1_168' title='bbox 1081 583 1150 618; x_wconf 79' lang='grc' dir='ltr'>μετὰ</span> <span class='ocrx_word' id='word_1_169' title='bbox 1165 581 1213 617; x_wconf 81' lang='grc' dir='ltr'>τὴν</span> <span class='ocrx_word' id='word_1_170' title='bbox 1227 581 1418 617; x_wconf 81' lang='grc' dir='ltr'><strong>ἀπολύτρωσιν</strong></span> <span class='ocrx_word' id='word_1_171' title='bbox 1434 580 1481 607; x_wconf 84' lang='grc' dir='ltr'>τοῦ</span> <span class='ocrx_word' id='word_1_172' title='bbox 1495 580 1620 615; x_wconf 77' lang='grc' dir='ltr'>σώματος</span> <span class='ocrx_word' id='word_1_173' title='bbox 1632 579 1834 614; x_wconf 77' lang='grc' dir='ltr'>ὑποδεκόμεθα.</span> 
     </span>
    </p>
   </div>
   <div class='ocr_carea' id='block_1_28' title="bbox 1120 668 1871 706">
    <p class='ocr_par' dir='ltr' id='par_1_28' title="bbox 1120 668 1871 706">
     <span class='ocr_line' id='line_1_28' title="bbox 1120 668 1871 706; baseline -0.005 -8"><span class='ocrx_word' id='word_1_174' title='bbox 1120 671 1228 706; x_wconf 78' lang='grc' dir='ltr'><strong>Ἐπειδὴ</strong></span> <span class='ocrx_word' id='word_1_175' title='bbox 1241 670 1269 697; x_wconf 83' lang='grc' dir='ltr'>δὲ</span> <span class='ocrx_word' id='word_1_176' title='bbox 1288 671 1302 697; x_wconf 85' lang='grc' dir='ltr'><strong>ό</strong></span> <span class='ocrx_word' id='word_1_177' title='bbox 1316 671 1386 697; x_wconf 76' lang='grc' dir='ltr'>κατὰ</span> <span class='ocrx_word' id='word_1_178' title='bbox 1397 669 1427 696; x_wconf 59' lang='lat' dir='ltr'><strong>ca</strong></span> <span class='ocrx_word' id='word_1_179' title='bbox 1446 668 1615 705; x_wconf 82' lang='grc' dir='ltr'>ἀνθρώπινον</span> <span class='ocrx_word' id='word_1_180' title='bbox 1629 669 1706 702; x_wconf 82' lang='grc' dir='ltr'>γένος</span> <span class='ocrx_word' id='word_1_181' title='bbox 1721 669 1871 704; x_wconf 84' lang='grc' dir='ltr'>λεγόμενος</span> 
     </span>
    </p>
   </div>
   <div class='ocr_carea' id='block_1_29' title="bbox 1078 715 1871 752">
    <p class='ocr_par' dir='ltr' id='par_1_29' title="bbox 1078 715 1871 752">
     <span class='ocr_line' id='line_1_29' title="bbox 1078 715 1871 752; baseline -0.004 -8"><span class='ocrx_word' id='word_1_182' title='bbox 1078 717 1126 744; x_wconf 74' lang='grc' dir='ltr'>καὶ</span> <span class='ocrx_word' id='word_1_183' title='bbox 1152 717 1245 752; x_wconf 85' lang='grc' dir='ltr'>πατὴρ</span> <span class='ocrx_word' id='word_1_184' title='bbox 1269 717 1317 743; x_wconf 81' lang='grc' dir='ltr'><strong>καὶ</strong></span> <span class='ocrx_word' id='word_1_185' title='bbox 1346 716 1404 747; x_wconf 80' lang='grc' dir='ltr'>υίὸς</span> <span class='ocrx_word' id='word_1_186' title='bbox 1441 715 1570 750; x_wconf 77' lang='grc' dir='ltr'>κοινωνίᾳ</span> <span class='ocrx_word' id='word_1_187' title='bbox 1583 715 1673 749; x_wconf 83' lang='grc' dir='ltr'>γάμου</span> <span class='ocrx_word' id='word_1_188' title='bbox 1687 715 1871 749; x_wconf 79' lang='grc' dir='ltr'>ἀναφαίνεται</span> 
     </span>
    </p>
   </div>
   <div class='ocr_carea' id='block_1_30' title="bbox 1078 760 1872 799">
    <p class='ocr_par' dir='ltr' id='par_1_30' title="bbox 1078 760 1872 799">
     <span class='ocr_line' id='line_1_30' title="bbox 1078 760 1872 799; baseline -0.003 -9"><span class='ocrx_word' id='word_1_189' title='bbox 1078 764 1125 790; x_wconf 81' lang='grc' dir='ltr'>καὶ</span> <span class='ocrx_word' id='word_1_190' title='bbox 1143 763 1316 799; x_wconf 78' lang='grc' dir='ltr'>γνωρίζεται,</span> <span class='ocrx_word' id='word_1_191' title='bbox 1330 762 1374 789; x_wconf 66' lang='grc' dir='ltr'>διὰ</span> <span class='ocrx_word' id='word_1_192' title='bbox 1396 761 1478 788; x_wconf 83' lang='grc' dir='ltr'>τοῦτο</span> <span class='ocrx_word' id='word_1_193' title='bbox 1498 761 1546 788; x_wconf 81' lang='grc' dir='ltr'>τοῦ</span> <span class='ocrx_word' id='word_1_194' title='bbox 1570 761 1703 796; x_wconf 82' lang='grc' dir='ltr'>παρόντος</span> <span class='ocrx_word' id='word_1_195' title='bbox 1728 760 1787 796; x_wconf 75' lang='grc' dir='ltr'>βεου</span> <span class='ocrx_word' id='word_1_196' title='bbox 1805 762 1872 793; x_wconf 68' lang='grc' dir='ltr'>τοὺς</span> 
     </span>
    </p>
   </div>
   <div class='ocr_carea' id='block_1_31' title="bbox 1078 807 1870 843">
    <p class='ocr_par' dir='ltr' id='par_1_31' title="bbox 1078 807 1870 843">
     <span class='ocr_line' id='line_1_31' title="bbox 1078 807 1870 843; baseline -0.003 -9"><span class='ocrx_word' id='word_1_197' title='bbox 1078 809 1125 834; x_wconf 86' lang='grc' dir='ltr'>δύο</span> <span class='ocrx_word' id='word_1_198' title='bbox 1140 809 1278 843; x_wconf 82' lang='grc' dir='ltr'>σεισμοὺς,</span> <span class='ocrx_word' id='word_1_199' title='bbox 1294 807 1339 834; x_wconf 84' lang='grc' dir='ltr'>τδν</span> <span class='ocrx_word' id='word_1_200' title='bbox 1369 807 1418 842; x_wconf 75' lang='grc' dir='ltr'>μὲν</span> <span class='ocrx_word' id='word_1_201' title='bbox 1434 807 1566 842; x_wconf 80' lang='grc' dir='ltr'>πρότερον</span> <span class='ocrx_word' id='word_1_202' title='bbox 1583 807 1695 841; x_wconf 69' lang='grc' dir='ltr'>ἀνήκειν</span> <span class='ocrx_word' id='word_1_203' title='bbox 1711 807 1750 842; x_wconf 84' lang='grc' dir='ltr'>τῷ</span> <span class='ocrx_word' id='word_1_204' title='bbox 1763 808 1870 842; x_wconf 72' lang='lat' dir='ltr'><strong>[la-cpi,</strong></span> 
     </span>
    </p>
   </div>
   <div class='ocr_carea' id='block_1_32' title="bbox 1077 852 1872 890">
    <p class='ocr_par' dir='ltr' id='par_1_32' title="bbox 1077 852 1872 890">
     <span class='ocr_line' id='line_1_32' title="bbox 1077 852 1872 890; baseline 0 -10"><span class='ocrx_word' id='word_1_205' title='bbox 1077 855 1116 890; x_wconf 85' lang='grc' dir='ltr'>τῷ</span> <span class='ocrx_word' id='word_1_206' title='bbox 1129 854 1185 889; x_wconf 82' lang='grc' dir='ltr'><strong>Υἱῷ</strong></span> <span class='ocrx_word' id='word_1_207' title='bbox 1200 854 1226 880; x_wconf 81' lang='grc' dir='ltr'>δὲ</span> <span class='ocrx_word' id='word_1_208' title='bbox 1240 855 1285 880; x_wconf 78' lang='grc' dir='ltr'>τὸν</span> <span class='ocrx_word' id='word_1_209' title='bbox 1296 854 1421 889; x_wconf 79' lang='grc' dir='ltr'>δεύτερον</span> <span class='ocrx_word' id='word_1_210' title='bbox 1432 854 1467 881; x_wconf 80' lang='grc' dir='ltr'>τὰ</span> <span class='ocrx_word' id='word_1_211' title='bbox 1488 853 1574 887; x_wconf 88' lang='grc' dir='ltr'>Λόγια</span> <span class='ocrx_word' id='word_1_212' title='bbox 1588 852 1766 888; x_wconf 79' lang='grc' dir='ltr'>παραδίδωσι.</span> <span class='ocrx_word' id='word_1_213' title='bbox 1782 853 1872 880; x_wconf 76' lang='grc' dir='ltr'>Πάλιν</span> 
     </span>
    </p>
   </div>
   <div class='ocr_carea' id='block_1_33' title="bbox 245 891 1028 935">
    <p class='ocr_par' dir='ltr' id='par_1_33' title="bbox 245 899 1026 933">
     <span class='ocr_line' id='line_1_33' title="bbox 245 899 1026 933; baseline 0 -7"><span class='ocrx_word' id='word_1_214' title='bbox 245 899 362 933; x_wconf 86' lang='lat' dir='ltr'><strong>Spiritus</strong></span> <span class='ocrx_word' id='word_1_215' title='bbox 380 904 500 932; x_wconf 84' lang='lat' dir='ltr'><strong>sanctus,</strong></span> <span class='ocrx_word' id='word_1_216' title='bbox 520 899 603 925; x_wconf 85' lang='lat' dir='ltr'><strong>etiam</strong></span> <span class='ocrx_word' id='word_1_217' title='bbox 618 903 646 925; x_wconf 92' lang='lat' dir='ltr'><strong>ut</strong></span> <span class='ocrx_word' id='word_1_218' title='bbox 663 899 732 933; x_wconf 88' lang='lat' dir='ltr'><strong>apud</strong></span> <span class='ocrx_word' id='word_1_219' title='bbox 755 906 804 925; x_wconf 88' lang='lat' dir='ltr'><strong>nos</strong></span> <span class='ocrx_word' id='word_1_220' title='bbox 816 903 868 930; x_wconf 89' lang='lat' dir='ltr'><strong>est,</strong></span> <span class='ocrx_word' id='word_1_221' title='bbox 883 906 1026 933; x_wconf 86' lang='lat' dir='ltr'><strong>corporum</strong></span> 
     </span>
    </p>
   </div>
   <div class='ocr_carea' id='block_1_34' title="bbox 1082 891 1872 935">
    <p class='ocr_par' dir='ltr' id='par_1_34' title="bbox 1082 898 1872 935">
     <span class='ocr_line' id='line_1_34' title="bbox 1082 898 1872 935; baseline -0.003 -9"><span class='ocrx_word' id='word_1_222' title='bbox 1082 899 1172 935; x_wconf 63' lang='grc' dir='ltr'><strong>ἐπειδὴ</strong></span> <span class='ocrx_word' id='word_1_223' title='bbox 1183 899 1213 926; x_wconf 86' lang='grc' dir='ltr'><strong>τὺ</strong></span> <span class='ocrx_word' id='word_1_224' title='bbox 1229 899 1340 934; x_wconf 67' lang='grc' dir='ltr'>Πνεῦμα</span> <span class='ocrx_word' id='word_1_225' title='bbox 1353 900 1400 926; x_wconf 77' lang='grc' dir='ltr'>καὶ</span> <span class='ocrx_word' id='word_1_226' title='bbox 1414 899 1445 925; x_wconf 83' lang='grc' dir='ltr'><strong>τὺ</strong></span> <span class='ocrx_word' id='word_1_227' title='bbox 1470 898 1535 934; x_wconf 80' lang='grc' dir='ltr'>παρ’</span> <span class='ocrx_word' id='word_1_228' title='bbox 1548 899 1617 933; x_wconf 82' lang='grc' dir='ltr'>ἡμῖν</span> <span class='ocrx_word' id='word_1_229' title='bbox 1634 898 1769 933; x_wconf 85' lang='grc' dir='ltr'>σωμάτων</span> <span class='ocrx_word' id='word_1_230' title='bbox 1781 899 1872 934; x_wconf 60' lang='grc' dir='ltr'>ὑπερ-</span> 
     </span>
    </p>
   </div>
   <div class='ocr_carea' id='block_1_35' title="bbox 245 944 1029 975">
    <p class='ocr_par' dir='ltr' id='par_1_35' title="bbox 245 944 1029 975">
     <span class='ocr_line' id='line_1_35' title="bbox 245 944 1029 975; baseline 0 -3"><span class='ocrx_word' id='word_1_231' title='bbox 245 945 424 972; x_wconf 80' lang='lat' dir='ltr'><strong>transcendat</strong></span> <span class='ocrx_word' id='word_1_232' title='bbox 445 944 666 975; x_wconf 85' lang='lat' dir='ltr'><strong>crassitudinem,</strong></span> <span class='ocrx_word' id='word_1_233' title='bbox 684 945 781 970; x_wconf 91' lang='lat' dir='ltr'><strong>merito</strong></span> <span class='ocrx_word' id='word_1_234' title='bbox 796 944 842 971; x_wconf 92' lang='lat' dir='ltr'><strong>ubi</strong></span> <span class='ocrx_word' id='word_1_235' title='bbox 860 945 1029 972; x_wconf 78' lang='lat' dir='ltr'><strong>cessaverint</strong></span> 
     </span>
    </p>
   </div>
   <div class='ocr_carea' id='block_1_36' title="bbox 243 989 1028 1026">
    <p class='ocr_par' dir='ltr' id='par_1_36' title="bbox 243 989 1028 1026">
     <span class='ocr_line' id='line_1_36' title="bbox 243 989 1028 1026; baseline 0 -9"><span class='ocrx_word' id='word_1_236' title='bbox 243 990 379 1025; x_wconf 71' lang='lat' dir='ltr'><strong>coniugia,</strong></span> <span class='ocrx_word' id='word_1_237' title='bbox 395 990 529 1017; x_wconf 82' lang='lat' dir='ltr'><strong>excelsior</strong></span> <span class='ocrx_word' id='word_1_238' title='bbox 554 989 598 1016; x_wconf 85' lang='lat' dir='ltr'><strong>illa</strong></span> <span class='ocrx_word' id='word_1_239' title='bbox 614 994 640 1016; x_wconf 91' lang='lat' dir='ltr'><strong>et</strong></span> <span class='ocrx_word' id='word_1_240' title='bbox 655 989 787 1016; x_wconf 89' lang='lat' dir='ltr'><strong>illustrior</strong></span> <span class='ocrx_word' id='word_1_241' title='bbox 804 990 858 1016; x_wconf 82' lang='lat' dir='ltr'><strong>vita</strong></span> <span class='ocrx_word' id='word_1_242' title='bbox 881 989 947 1026; x_wconf 85' lang='lat' dir='ltr'><strong>(vita</strong></span> <span class='ocrx_word' id='word_1_243' title='bbox 970 991 1028 1017; x_wconf 62' lang='lat' dir='ltr'><strong>hac</strong></span> 
     </span>
    </p>
   </div>
   <div class='ocr_carea' id='block_1_37' title="bbox 244 1033 1028 1070">
    <p class='ocr_par' dir='ltr' id='par_1_37' title="bbox 244 1033 1028 1070">
     <span class='ocr_line' id='line_1_37' title="bbox 244 1033 1028 1070; baseline 0.001 -9"><span class='ocrx_word' id='word_1_244' title='bbox 244 1035 453 1062; x_wconf 84' lang='lat' dir='ltr'><strong>resurrectionis</strong></span> <span class='ocrx_word' id='word_1_245' title='bbox 469 1039 531 1061; x_wconf 85' lang='lat' dir='ltr'><strong>est:</strong></span> <span class='ocrx_word' id='word_1_246' title='bbox 546 1033 580 1060; x_wconf 78' lang='lat' dir='ltr'><strong>In</strong></span> <span class='ocrx_word' id='word_1_247' title='bbox 595 1035 786 1061; x_wconf 74' lang='lat' dir='ltr'><strong>resurrectione</strong></span> <span class='ocrx_word' id='word_1_248' title='bbox 801 1035 869 1061; x_wconf 87' lang='lat' dir='ltr'><strong>enim</strong></span> <span class='ocrx_word' id='word_1_249' title='bbox 883 1043 964 1070; x_wconf 82' lang='lat' dir='ltr'><strong>neque</strong></span> <span class='ocrx_word' id='word_1_250' title='bbox 979 1044 1028 1062; x_wconf 79' lang='lat' dir='ltr'><strong>nu-</strong></span> 
     </span>
    </p>
   </div>
   <div class='ocr_carea' id='block_1_38' title="bbox 242 1079 1030 1115">
    <p class='ocr_par' dir='ltr' id='par_1_38' title="bbox 242 1079 1030 1115">
     <span class='ocr_line' id='line_1_38' title="bbox 242 1079 1030 1115; baseline 0 -8"><span class='ocrx_word' id='word_1_251' title='bbox 242 1080 300 1107; x_wconf 69' lang='lat' dir='ltr'><strong>bent</strong></span> <span class='ocrx_word' id='word_1_252' title='bbox 315 1088 396 1114; x_wconf 74' lang='lat' dir='ltr'><strong>neque</strong></span> <span class='ocrx_word' id='word_1_253' title='bbox 417 1079 548 1106; x_wconf 82' lang='lat' dir='ltr'><strong>nubentur</strong></span> <span class='ocrx_word' id='word_1_254' title='bbox 559 1079 595 1111; x_wconf 75' lang='grc' dir='ltr'><strong>ν),</strong></span> <span class='ocrx_word' id='word_1_255' title='bbox 635 1080 744 1114; x_wconf 85' lang='lat' dir='ltr'><strong>proprie</strong></span> <span class='ocrx_word' id='word_1_256' title='bbox 762 1079 927 1106; x_wconf 77' lang='lat' dir='ltr'><strong>attribuatur</strong></span> <span class='ocrx_word' id='word_1_257' title='bbox 946 1080 1030 1115; x_wconf 85' lang='lat' dir='ltr'><strong>Spiri-</strong></span> 
     </span>
    </p>
   </div>
   <div class='ocr_carea' id='block_1_39' title="bbox 242 1126 1028 1161">
    <p class='ocr_par' dir='ltr' id='par_1_39' title="bbox 242 1126 1028 1161">
     <span class='ocr_line' id='line_1_39' title="bbox 242 1126 1028 1161; baseline 0 -7"><span class='ocrx_word' id='word_1_258' title='bbox 242 1127 292 1154; x_wconf 88' lang='lat' dir='ltr'><strong>tui.</strong></span> <span class='ocrx_word' id='word_1_259' title='bbox 308 1126 380 1154; x_wconf 85' lang='lat' dir='ltr'><strong>lllius</strong></span> <span class='ocrx_word' id='word_1_260' title='bbox 407 1131 496 1154; x_wconf 85' lang='lat' dir='ltr'><strong>autem</strong></span> <span class='ocrx_word' id='word_1_261' title='bbox 514 1127 577 1154; x_wconf 58' lang='lat' dir='ltr'><strong>vitae</strong></span> <span class='ocrx_word' id='word_1_262' title='bbox 597 1131 732 1161; x_wconf 88' lang='lat' dir='ltr'><strong>tempore,</strong></span> <span class='ocrx_word' id='word_1_263' title='bbox 745 1126 773 1153; x_wconf 93' lang='lat' dir='ltr'><strong>in</strong></span> <span class='ocrx_word' id='word_1_264' title='bbox 786 1135 838 1161; x_wconf 88' lang='lat' dir='ltr'><strong>qua</strong></span> <span class='ocrx_word' id='word_1_265' title='bbox 852 1132 945 1161; x_wconf 83' lang='lat' dir='ltr'><strong>patres</strong></span> <span class='ocrx_word' id='word_1_266' title='bbox 959 1128 1028 1154; x_wconf 72' lang='lat' dir='ltr'><strong>filios</strong></span> 
     </span>
    </p>
   </div>
   <div class='ocr_carea' id='block_1_40' title="bbox 243 1170 1027 1206">
    <p class='ocr_par' dir='ltr' id='par_1_40' title="bbox 243 1170 1027 1206">
     <span class='ocr_line' id='line_1_40' title="bbox 243 1170 1027 1206; baseline 0.003 -9"><span class='ocrx_word' id='word_1_267' title='bbox 243 1175 433 1206; x_wconf 67' lang='lat' dir='ltr'><strong>progenerant,</strong></span> <span class='ocrx_word' id='word_1_268' title='bbox 447 1171 530 1198; x_wconf 87' lang='lat' dir='ltr'><strong>Deum</strong></span> <span class='ocrx_word' id='word_1_269' title='bbox 539 1170 646 1198; x_wconf 89' lang='lat' dir='ltr'><strong>Patrem</strong></span> <span class='ocrx_word' id='word_1_270' title='bbox 662 1170 759 1198; x_wconf 88' lang='lat' dir='ltr'><strong>ordine</strong></span> <span class='ocrx_word' id='word_1_271' title='bbox 772 1171 841 1199; x_wconf 81' lang='lat' dir='ltr'><strong>Filio</strong></span> <span class='ocrx_word' id='word_1_272' title='bbox 854 1173 1027 1206; x_wconf 63' lang='lat' dir='ltr'><strong>pra‘positum</strong></span> 
     </span>
    </p>
   </div>
   <div class='ocr_carea' id='block_1_41' title="bbox 242 1216 1028 1250">
    <p class='ocr_par' dir='ltr' id='par_1_41' title="bbox 242 1216 1028 1250">
     <span class='ocr_line' id='line_1_41' title="bbox 242 1216 1028 1250; baseline 0.003 -8"><span class='ocrx_word' id='word_1_273' title='bbox 242 1216 372 1250; x_wconf 79' lang='lat' dir='ltr'><strong>cognosci</strong></span> <span class='ocrx_word' id='word_1_274' title='bbox 386 1216 538 1250; x_wconf 84' lang='lat' dir='ltr'><strong>oportebat,</strong></span> <span class='ocrx_word' id='word_1_275' title='bbox 554 1223 606 1243; x_wconf 92' lang='lat' dir='ltr'><strong>non</strong></span> <span class='ocrx_word' id='word_1_276' title='bbox 622 1216 693 1250; x_wconf 87' lang='lat' dir='ltr'><strong>quod</strong></span> <span class='ocrx_word' id='word_1_277' title='bbox 708 1216 829 1243; x_wconf 85' lang='lat' dir='ltr'><strong>Trinitas</strong></span> <span class='ocrx_word' id='word_1_278' title='bbox 841 1217 963 1244; x_wconf 89' lang='lat' dir='ltr'><strong>ordinem</strong></span> <span class='ocrx_word' id='word_1_279' title='bbox 978 1218 1028 1244; x_wconf 86' lang='lat' dir='ltr'><strong>ali-</strong></span> 
     </span>
    </p>
   </div>
   <div class='ocr_carea' id='block_1_42' title="bbox 244 1262 1027 1299">
    <p class='ocr_par' dir='ltr' id='par_1_42' title="bbox 244 1262 1027 1299">
     <span class='ocr_line' id='line_1_42' title="bbox 244 1262 1027 1299; baseline 0 -9"><span class='ocrx_word' id='word_1_280' title='bbox 244 1271 324 1297; x_wconf 86' lang='lat' dir='ltr'><strong>quem</strong></span> <span class='ocrx_word' id='word_1_281' title='bbox 350 1263 471 1297; x_wconf 81' lang='lat' dir='ltr'><strong>exigeret</strong></span> <span class='ocrx_word' id='word_1_282' title='bbox 487 1263 559 1299; x_wconf 87' lang='lat' dir='ltr'><strong>(quis</strong></span> <span class='ocrx_word' id='word_1_283' title='bbox 574 1263 645 1290; x_wconf 81' lang='lat' dir='ltr'><strong>eniin</strong></span> <span class='ocrx_word' id='word_1_284' title='bbox 667 1262 705 1290; x_wconf 87' lang='lat' dir='ltr'><strong>ibi</strong></span> <span class='ocrx_word' id='word_1_285' title='bbox 716 1263 782 1290; x_wconf 91' lang='lat' dir='ltr'><strong>ordo</strong></span> <span class='ocrx_word' id='word_1_286' title='bbox 799 1263 845 1294; x_wconf 88' lang='lat' dir='ltr'><strong>sit,</strong></span> <span class='ocrx_word' id='word_1_287' title='bbox 871 1263 915 1290; x_wconf 87' lang='lat' dir='ltr'><strong>ubi</strong></span> <span class='ocrx_word' id='word_1_288' title='bbox 934 1271 1027 1296; x_wconf 65' lang='lat' dir='ltr'><strong>atqua-</strong></span> 
     </span>
    </p>
   </div>
   <div class='ocr_carea' id='block_1_43' title="bbox 246 1308 1029 1344">
    <p class='ocr_par' dir='ltr' id='par_1_43' title="bbox 246 1308 1029 1344">
     <span class='ocr_line' id='line_1_43' title="bbox 246 1308 1029 1344; baseline 0.001 -9"><span class='ocrx_word' id='word_1_289' title='bbox 246 1309 307 1335; x_wconf 90' lang='lat' dir='ltr'><strong>lilas</strong></span> <span class='ocrx_word' id='word_1_290' title='bbox 324 1309 500 1336; x_wconf 84' lang='lat' dir='ltr'><strong>immutabilis</strong></span> <span class='ocrx_word' id='word_1_291' title='bbox 517 1308 632 1344; x_wconf 83' lang='lat' dir='ltr'><strong>viget?)</strong></span> <span class='ocrx_word' id='word_1_292' title='bbox 647 1317 654 1336; x_wconf 84' lang='lat'><strong>:</strong></span> <span class='ocrx_word' id='word_1_293' title='bbox 669 1308 716 1336; x_wconf 89' lang='lat' dir='ltr'><strong>sed</strong></span> <span class='ocrx_word' id='word_1_294' title='bbox 734 1309 804 1342; x_wconf 90' lang='lat' dir='ltr'><strong>quod</strong></span> <span class='ocrx_word' id='word_1_295' title='bbox 817 1317 865 1342; x_wconf 89' lang='lat' dir='ltr'><strong>per</strong></span> <span class='ocrx_word' id='word_1_296' title='bbox 879 1317 941 1336; x_wconf 90' lang='lat' dir='ltr'><strong>eum</strong></span> <span class='ocrx_word' id='word_1_297' title='bbox 955 1310 1029 1337; x_wconf 85' lang='lat' dir='ltr'><strong>ordi-</strong></span> 
     </span>
    </p>
   </div>
   <div class='ocr_carea' id='block_1_44' title="bbox 245 1354 1028 1389">
    <p class='ocr_par' dir='ltr' id='par_1_44' title="bbox 245 1354 1028 1389">
     <span class='ocr_line' id='line_1_44' title="bbox 245 1354 1028 1389; baseline 0.004 -9"><span class='ocrx_word' id='word_1_298' title='bbox 245 1361 317 1387; x_wconf 89' lang='lat' dir='ltr'><strong>nem,</strong></span> <span class='ocrx_word' id='word_1_299' title='bbox 331 1355 375 1388; x_wconf 89' lang='lat' dir='ltr'><strong>qui</strong></span> <span class='ocrx_word' id='word_1_300' title='bbox 393 1354 418 1381; x_wconf 92' lang='lat' dir='ltr'><strong>in</strong></span> <span class='ocrx_word' id='word_1_301' title='bbox 433 1355 490 1388; x_wconf 83' lang='lat' dir='ltr'><strong>ipsa</strong></span> <span class='ocrx_word' id='word_1_302' title='bbox 511 1362 544 1382; x_wconf 78' lang='lat' dir='ltr'><strong>ex</strong></span> <span class='ocrx_word' id='word_1_303' title='bbox 560 1359 622 1389; x_wconf 85' lang='lat' dir='ltr'><strong>apta</strong></span> <span class='ocrx_word' id='word_1_304' title='bbox 644 1354 821 1388; x_wconf 84' lang='lat' dir='ltr'><strong>dispositione</strong></span> <span class='ocrx_word' id='word_1_305' title='bbox 835 1361 887 1389; x_wconf 82' lang='lat' dir='ltr'><strong>est,</strong></span> <span class='ocrx_word' id='word_1_306' title='bbox 905 1363 919 1382; x_wconf 92' lang='lat' dir='ltr'><strong>a</strong></span> <span class='ocrx_word' id='word_1_307' title='bbox 935 1355 1028 1383; x_wconf 90' lang='lat' dir='ltr'><strong>liberis</strong></span> 
     </span>
    </p>
   </div>
   <div class='ocr_carea' id='block_1_45' title="bbox 243 1399 1029 1436">
    <p class='ocr_par' dir='ltr' id='par_1_45' title="bbox 243 1399 1029 1436">
     <span class='ocr_line' id='line_1_45' title="bbox 243 1399 1029 1436; baseline 0.004 -11"><span class='ocrx_word' id='word_1_308' title='bbox 243 1404 369 1433; x_wconf 84' lang='lat' dir='ltr'><strong>parentes</strong></span> <span class='ocrx_word' id='word_1_309' title='bbox 393 1400 523 1427; x_wconf 87' lang='lat' dir='ltr'><strong>honorari</strong></span> <span class='ocrx_word' id='word_1_310' title='bbox 543 1400 709 1427; x_wconf 86' lang='lat' dir='ltr'><strong>hortaretur.</strong></span> <span class='ocrx_word' id='word_1_311' title='bbox 730 1399 848 1434; x_wconf 87' lang='lat' dir='ltr'><strong>Spiritus</strong></span> <span class='ocrx_word' id='word_1_312' title='bbox 864 1409 972 1436; x_wconf 87' lang='lat' dir='ltr'><strong>quoque</strong></span> <span class='ocrx_word' id='word_1_313' title='bbox 988 1402 1029 1429; x_wconf 90' lang='lat' dir='ltr'><strong>di-</strong></span> 
     </span>
    </p>
   </div>
   <div class='ocr_carea' id='block_1_46' title="bbox 242 1445 1028 1479">
    <p class='ocr_par' dir='ltr' id='par_1_46' title="bbox 242 1445 1028 1479">
     <span class='ocr_line' id='line_1_46' title="bbox 242 1445 1028 1479; baseline 0.005 -9"><span class='ocrx_word' id='word_1_314' title='bbox 242 1445 373 1478; x_wconf 78' lang='lat' dir='ltr'><strong>gnitatem</strong></span> <span class='ocrx_word' id='word_1_315' title='bbox 393 1452 472 1472; x_wconf 81' lang='lat' dir='ltr'><strong>sacra</strong></span> <span class='ocrx_word' id='word_1_316' title='bbox 486 1445 627 1479; x_wconf 81' lang='lat' dir='ltr'><strong>Scriptura</strong></span> <span class='ocrx_word' id='word_1_317' title='bbox 644 1446 787 1478; x_wconf 79' lang='lat' dir='ltr'><strong>extollens,</strong></span> <span class='ocrx_word' id='word_1_318' title='bbox 800 1447 955 1474; x_wconf 86' lang='lat' dir='ltr'><strong>universam</strong></span> <span class='ocrx_word' id='word_1_319' title='bbox 965 1446 1028 1474; x_wconf 84' lang='lat' dir='ltr'><strong>Tri-</strong></span> 
     </span>
    </p>
   </div>
   <div class='ocr_carea' id='block_1_47' title="bbox 243 1491 1028 1527">
    <p class='ocr_par' dir='ltr' id='par_1_47' title="bbox 243 1491 1028 1527">
     <span class='ocr_line' id='line_1_47' title="bbox 243 1491 1028 1527; baseline 0.005 -10"><span class='ocrx_word' id='word_1_320' title='bbox 243 1491 354 1518; x_wconf 87' lang='lat' dir='ltr'><strong>nitatem</strong></span> <span class='ocrx_word' id='word_1_321' title='bbox 371 1491 492 1527; x_wconf 74' lang='lat' dir='ltr'><strong>Spiritus</strong></span> <span class='ocrx_word' id='word_1_322' title='bbox 506 1492 615 1519; x_wconf 85' lang='lat' dir='ltr'><strong>nomine</strong></span> <span class='ocrx_word' id='word_1_323' title='bbox 627 1492 753 1526; x_wconf 84' lang='lat' dir='ltr'><strong>appellat.</strong></span> <span class='ocrx_word' id='word_1_324' title='bbox 765 1492 850 1526; x_wconf 81' lang='lat' dir='ltr'><strong>Quale</strong></span> <span class='ocrx_word' id='word_1_325' title='bbox 866 1493 930 1520; x_wconf 91' lang='lat' dir='ltr'><strong>illnd</strong></span> <span class='ocrx_word' id='word_1_326' title='bbox 946 1503 952 1520; x_wconf 84' lang='lat'><strong>:</strong></span> <span class='ocrx_word' id='word_1_327' title='bbox 966 1493 1028 1527; x_wconf 89' lang='lat' dir='ltr'><strong>Spi-</strong></span> 
     </span>
    </p>
   </div>
   <div class='ocr_carea' id='block_1_48' title="bbox 244 1536 1027 1574">
    <p class='ocr_par' dir='ltr' id='par_1_48' title="bbox 244 1536 1027 1574">
     <span class='ocr_line' id='line_1_48' title="bbox 244 1536 1027 1574; baseline 0.005 -12"><span class='ocrx_word' id='word_1_328' title='bbox 244 1537 311 1563; x_wconf 71' lang='lat' dir='ltr'><strong>ritus</strong></span> <span class='ocrx_word' id='word_1_329' title='bbox 323 1541 360 1563; x_wconf 79' lang='lat' dir='ltr'><strong>est</strong></span> <span class='ocrx_word' id='word_1_330' title='bbox 370 1536 440 1564; x_wconf 80' lang='lat' dir='ltr'><strong>Deus</strong></span> <span class='ocrx_word' id='word_1_331' title='bbox 457 1543 465 1562; x_wconf 88' lang='lat'><em>:</em></span> <span class='ocrx_word' id='word_1_332' title='bbox 481 1543 504 1563; x_wconf 77' lang='lat' dir='ltr'><strong>et</strong></span> <span class='ocrx_word' id='word_1_333' title='bbox 515 1545 558 1564; x_wconf 73' lang='lat' dir='ltr'><strong>eoa</strong></span> <span class='ocrx_word' id='word_1_334' title='bbox 570 1538 613 1572; x_wconf 83' lang='lat' dir='ltr'><strong>qui</strong></span> <span class='ocrx_word' id='word_1_335' title='bbox 627 1538 741 1565; x_wconf 80' lang='lat' dir='ltr'><strong>adorant</strong></span> <span class='ocrx_word' id='word_1_336' title='bbox 757 1546 826 1571; x_wconf 79' lang='lat' dir='ltr'><strong>eum,</strong></span> <span class='ocrx_word' id='word_1_337' title='bbox 842 1539 870 1565; x_wconf 86' lang='lat' dir='ltr'><strong>in</strong></span> <span class='ocrx_word' id='word_1_338' title='bbox 894 1539 991 1574; x_wconf 67' lang='lat' dir='ltr'><strong>spiritu</strong></span> <span class='ocrx_word' id='word_1_339' title='bbox 1002 1544 1027 1567; x_wconf 84' lang='lat' dir='ltr'><strong>et</strong></span> 
     </span>
    </p>
   </div>
   <div class='ocr_carea' id='block_1_49' title="bbox 241 1583 1027 1620">
    <p class='ocr_par' dir='ltr' id='par_1_49' title="bbox 241 1583 1027 1620">
     <span class='ocr_line' id='line_1_49' title="bbox 241 1583 1027 1620; baseline 0.003 -10"><span class='ocrx_word' id='word_1_340' title='bbox 241 1583 349 1610; x_wconf 73' lang='lat' dir='ltr'><strong>ueritate</strong></span> <span class='ocrx_word' id='word_1_341' title='bbox 365 1588 464 1617; x_wconf 80' lang='lat' dir='ltr'><strong>oportet</strong></span> <span class='ocrx_word' id='word_1_342' title='bbox 485 1585 596 1610; x_wconf 83' lang='lat' dir='ltr'><strong>adorare</strong></span> <span class='ocrx_word' id='word_1_343' title='bbox 611 1587 637 1610; x_wconf 66' lang='grc' dir='ltr'><strong>ι.</strong></span> <span class='ocrx_word' id='word_1_344' title='bbox 655 1583 711 1610; x_wconf 90' lang='lat' dir='ltr'><strong>Hoc</strong></span> <span class='ocrx_word' id='word_1_345' title='bbox 735 1584 799 1611; x_wconf 90' lang='lat' dir='ltr'><strong>item</strong></span> <span class='ocrx_word' id='word_1_346' title='bbox 817 1593 823 1611; x_wconf 90' lang='lat'>:</span> <span class='ocrx_word' id='word_1_347' title='bbox 840 1583 923 1612; x_wconf 85' lang='lat' dir='ltr'><strong>Omne</strong></span> <span class='ocrx_word' id='word_1_348' title='bbox 936 1594 1027 1620; x_wconf 79' lang='lat' dir='ltr'><strong>pecca-</strong></span> 
     </span>
    </p>
   </div>
   <div class='ocr_carea' id='block_1_50' title="bbox 242 1629 1026 1664">
    <p class='ocr_par' dir='ltr' id='par_1_50' title="bbox 242 1629 1026 1664">
     <span class='ocr_line' id='line_1_50' title="bbox 242 1629 1026 1664; baseline 0.003 -10"><span class='ocrx_word' id='word_1_349' title='bbox 242 1635 296 1654; x_wconf 88' lang='lat' dir='ltr'><strong>Ium</strong></span> <span class='ocrx_word' id='word_1_350' title='bbox 313 1629 459 1655; x_wconf 79' lang='lat' dir='ltr'><strong>remittetur</strong></span> <span class='ocrx_word' id='word_1_351' title='bbox 469 1629 617 1655; x_wconf 74' lang='lat' dir='ltr'><strong>horninibus</strong></span> <span class='ocrx_word' id='word_1_352' title='bbox 629 1637 638 1655; x_wconf 88' lang='lat'><em>:</em></span> <span class='ocrx_word' id='word_1_353' title='bbox 650 1629 675 1656; x_wconf 83' lang='lat' dir='ltr'><strong>ei</strong></span> <span class='ocrx_word' id='word_1_354' title='bbox 700 1634 789 1656; x_wconf 83' lang='lat' dir='ltr'><strong>autem</strong></span> <span class='ocrx_word' id='word_1_355' title='bbox 803 1637 846 1664; x_wconf 81' lang='lat' dir='ltr'><strong>qut</strong></span> <span class='ocrx_word' id='word_1_356' title='bbox 861 1629 1026 1664; x_wconf 78' lang='lat' dir='ltr'><strong>blasphema-</strong></span> 
     </span>
    </p>
   </div>
   <div class='ocr_carea' id='block_1_51' title="bbox 240 1673 1026 1710">
    <p class='ocr_par' dir='ltr' id='par_1_51' title="bbox 240 1673 1026 1710">
     <span class='ocr_line' id='line_1_51' title="bbox 240 1673 1026 1710; baseline 0 -9"><span class='ocrx_word' id='word_1_357' title='bbox 240 1674 304 1701; x_wconf 74' lang='lat' dir='ltr'><strong>urt&#39;t</strong></span> <span class='ocrx_word' id='word_1_358' title='bbox 317 1675 345 1700; x_wconf 81' lang='lat' dir='ltr'><strong>in</strong></span> <span class='ocrx_word' id='word_1_359' title='bbox 362 1673 488 1708; x_wconf 79' lang='lat' dir='ltr'><strong>Spiritum</strong></span> <span class='ocrx_word' id='word_1_360' title='bbox 498 1679 629 1706; x_wconf 76' lang='lat' dir='ltr'><strong>sanctum,</strong></span> <span class='ocrx_word' id='word_1_361' title='bbox 647 1683 698 1702; x_wconf 78' lang='lat' dir='ltr'><strong>non</strong></span> <span class='ocrx_word' id='word_1_362' title='bbox 717 1676 864 1702; x_wconf 81' lang='lat' dir='ltr'><strong>remittetur</strong></span> <span class='ocrx_word' id='word_1_363' title='bbox 874 1680 904 1708; x_wconf 71' lang='grc'>1,</span> <span class='ocrx_word' id='word_1_364' title='bbox 916 1677 949 1704; x_wconf 85' lang='lat' dir='ltr'><strong>de</strong></span> <span class='ocrx_word' id='word_1_365' title='bbox 970 1681 1026 1710; x_wconf 76' lang='lat' dir='ltr'><strong>tota</strong></span> 
     </span>
    </p>
   </div>
   <div class='ocr_carea' id='block_1_52' title="bbox 241 1713 1026 1756">
    <p class='ocr_par' dir='ltr' id='par_1_52' title="bbox 241 1713 1026 1756">
     <span class='ocr_line' id='line_1_52' title="bbox 241 1713 1026 1756; baseline 0.004 -10"><span class='ocrx_word' id='word_1_366' title='bbox 241 1719 384 1747; x_wconf 90' lang='lat' dir='ltr'><strong>divinitate</strong></span> <span class='ocrx_word' id='word_1_367' title='bbox 400 1725 552 1754; x_wconf 84' lang='lat' dir='ltr'><strong>acceptum,</strong></span> <span class='ocrx_word' id='word_1_368' title='bbox 570 1729 631 1747; x_wconf 90' lang='lat' dir='ltr'><strong>cum</strong></span> <span class='ocrx_word' id='word_1_369' title='bbox 651 1722 778 1755; x_wconf 69' lang='lat' dir='ltr'><strong>pranlicto</strong></span> <span class='ocrx_word' id='word_1_370' title='bbox 804 1729 886 1756; x_wconf 88' lang='lat' dir='ltr'><strong>scopo</strong></span> <span class='ocrx_word' id='word_1_371' title='bbox 902 1713 1026 1756; x_wconf 73' lang='lat' dir='ltr'><strong>quadrat.</strong></span> 
     </span>
    </p>
   </div>
   <div class='ocr_carea' id='block_1_53' title="bbox 242 1763 1027 1802">
    <p class='ocr_par' dir='ltr' id='par_1_53' title="bbox 242 1763 1027 1802">
     <span class='ocr_line' id='line_1_53' title="bbox 242 1763 1027 1802; baseline 0.005 -12"><span class='ocrx_word' id='word_1_372' title='bbox 242 1763 289 1791; x_wconf 86' lang='lat' dir='ltr'><strong>llla</strong></span> <span class='ocrx_word' id='word_1_373' title='bbox 308 1772 416 1799; x_wconf 90' lang='lat' dir='ltr'><strong>quoque</strong></span> <span class='ocrx_word' id='word_1_374' title='bbox 430 1772 477 1798; x_wconf 92' lang='lat' dir='ltr'><strong>per</strong></span> <span class='ocrx_word' id='word_1_375' title='bbox 496 1765 636 1799; x_wconf 86' lang='lat' dir='ltr'><strong>speculum</strong></span> <span class='ocrx_word' id='word_1_376' title='bbox 655 1766 721 1792; x_wconf 90' lang='lat' dir='ltr'><strong>etin</strong></span> <span class='ocrx_word' id='word_1_377' title='bbox 741 1765 886 1800; x_wconf 75' lang='lat' dir='ltr'><strong>aenigmate</strong></span> <span class='ocrx_word' id='word_1_378' title='bbox 908 1767 1027 1802; x_wconf 78' lang='lat' dir='ltr'><strong>cognitio</strong></span> 
     </span>
    </p>
   </div>
   <div class='ocr_carea' id='block_1_54' title="bbox 241 1809 1028 1846">
    <p class='ocr_par' dir='ltr' id='par_1_54' title="bbox 241 1809 1028 1846">
     <span class='ocr_line' id='line_1_54' title="bbox 241 1809 1028 1846; baseline 0.005 -10"><span class='ocrx_word' id='word_1_379' title='bbox 241 1809 460 1844; x_wconf 85' lang='lat' dir='ltr'><strong>supernaturalis</strong></span> <span class='ocrx_word' id='word_1_380' title='bbox 473 1810 499 1836; x_wconf 93' lang='lat' dir='ltr'><strong>in</strong></span> <span class='ocrx_word' id='word_1_381' title='bbox 512 1809 610 1837; x_wconf 86' lang='lat' dir='ltr'><strong>Triade</strong></span> <span class='ocrx_word' id='word_1_382' title='bbox 633 1811 754 1843; x_wconf 81' lang='lat' dir='ltr'><strong>deitatis,</strong></span> <span class='ocrx_word' id='word_1_383' title='bbox 769 1819 817 1846; x_wconf 89' lang='lat' dir='ltr'><strong>per</strong></span> <span class='ocrx_word' id='word_1_384' title='bbox 831 1811 963 1845; x_wconf 88' lang='lat' dir='ltr'><strong>Spiritum</strong></span> <span class='ocrx_word' id='word_1_385' title='bbox 976 1820 1028 1840; x_wconf 93' lang='lat' dir='ltr'><strong>no-</strong></span> 
     </span>
    </p>
   </div>
   <div class='ocr_carea' id='block_1_55' title="bbox 241 1855 1027 1890">
    <p class='ocr_par' dir='ltr' id='par_1_55' title="bbox 241 1855 1027 1890">
     <span class='ocr_line' id='line_1_55' title="bbox 241 1855 1027 1890; baseline 0.004 -8"><span class='ocrx_word' id='word_1_386' title='bbox 241 1855 284 1883; x_wconf 86' lang='lat' dir='ltr'><strong>bis</strong></span> <span class='ocrx_word' id='word_1_387' title='bbox 306 1855 332 1882; x_wconf 93' lang='lat' dir='ltr'><strong>in</strong></span> <span class='ocrx_word' id='word_1_388' title='bbox 354 1855 446 1882; x_wconf 90' lang='lat' dir='ltr'><strong>futuro</strong></span> <span class='ocrx_word' id='word_1_389' title='bbox 465 1856 615 1890; x_wconf 80' lang='lat' dir='ltr'><strong>perﬁcitur.</strong></span> <span class='ocrx_word' id='word_1_390' title='bbox 641 1856 685 1884; x_wconf 88' lang='lat' dir='ltr'><strong>Sic</strong></span> <span class='ocrx_word' id='word_1_391' title='bbox 707 1858 780 1884; x_wconf 90' lang='lat' dir='ltr'><strong>enim</strong></span> <span class='ocrx_word' id='word_1_392' title='bbox 803 1857 848 1885; x_wconf 89' lang='lat' dir='ltr'><strong>hic</strong></span> <span class='ocrx_word' id='word_1_393' title='bbox 872 1863 961 1885; x_wconf 85' lang='lat' dir='ltr'><strong>motus</strong></span> <span class='ocrx_word' id='word_1_394' title='bbox 993 1859 1027 1886; x_wconf 83' lang='lat' dir='ltr'><strong>ad</strong></span> 
     </span>
    </p>
   </div>
   <div class='ocr_carea' id='block_1_56' title="bbox 242 1900 1027 1938">
    <p class='ocr_par' dir='ltr' id='par_1_56' title="bbox 242 1900 1027 1938">
     <span class='ocr_line' id='line_1_56' title="bbox 242 1900 1027 1938; baseline 0.004 -10"><span class='ocrx_word' id='word_1_395' title='bbox 242 1900 374 1935; x_wconf 88' lang='lat' dir='ltr'><strong>Spiritum</strong></span> <span class='ocrx_word' id='word_1_396' title='bbox 393 1906 529 1934; x_wconf 86' lang='lat' dir='ltr'><strong>sanctum,</strong></span> <span class='ocrx_word' id='word_1_397' title='bbox 543 1902 768 1936; x_wconf 85' lang='lat' dir='ltr'><strong>quemadmodum</strong></span> <span class='ocrx_word' id='word_1_398' title='bbox 791 1903 905 1930; x_wconf 91' lang='lat' dir='ltr'><strong>duorum</strong></span> <span class='ocrx_word' id='word_1_399' title='bbox 926 1911 1027 1938; x_wconf 57' lang='lat' dir='ltr'><strong>praece-</strong></span> 
     </span>
    </p>
   </div>
   <div class='ocr_carea' id='block_1_57' title="bbox 243 1947 1026 1981">
    <p class='ocr_par' dir='ltr' id='par_1_57' title="bbox 243 1947 1026 1981">
     <span class='ocr_line' id='line_1_57' title="bbox 243 1947 1026 1981; baseline 0.005 -8"><span class='ocrx_word' id='word_1_400' title='bbox 243 1947 364 1974; x_wconf 87' lang='lat' dir='ltr'><strong>dentium</strong></span> <span class='ocrx_word' id='word_1_401' title='bbox 380 1947 449 1974; x_wconf 85' lang='lat' dir='ltr'><strong>alter</strong></span> <span class='ocrx_word' id='word_1_402' title='bbox 465 1948 498 1974; x_wconf 89' lang='lat' dir='ltr'><strong>ad</strong></span> <span class='ocrx_word' id='word_1_403' title='bbox 519 1947 638 1981; x_wconf 85' lang='lat' dir='ltr'><strong>Patrem,</strong></span> <span class='ocrx_word' id='word_1_404' title='bbox 652 1949 721 1976; x_wconf 89' lang='lat' dir='ltr'><strong>alter</strong></span> <span class='ocrx_word' id='word_1_405' title='bbox 737 1948 769 1976; x_wconf 83' lang='lat' dir='ltr'><strong>ad</strong></span> <span class='ocrx_word' id='word_1_406' title='bbox 783 1948 882 1976; x_wconf 87' lang='lat' dir='ltr'><strong>Filium</strong></span> <span class='ocrx_word' id='word_1_407' title='bbox 897 1950 1026 1978; x_wconf 81' lang='lat' dir='ltr'><strong>refertur.</strong></span> 
     </span>
    </p>
   </div>
   <div class='ocr_carea' id='block_1_58' title="bbox 241 1992 1029 2028">
    <p class='ocr_par' dir='ltr' id='par_1_58' title="bbox 241 1992 1029 2028">
     <span class='ocr_line' id='line_1_58' title="bbox 241 1992 1029 2028; baseline 0.005 -9"><span class='ocrx_word' id='word_1_408' title='bbox 241 1992 293 2026; x_wconf 84' lang='lat' dir='ltr'><strong>Qui</strong></span> <span class='ocrx_word' id='word_1_409' title='bbox 314 1997 405 2020; x_wconf 88' lang='lat' dir='ltr'><strong>autem</strong></span> <span class='ocrx_word' id='word_1_410' title='bbox 428 1993 524 2020; x_wconf 88' lang='lat' dir='ltr'><strong>ordine</strong></span> <span class='ocrx_word' id='word_1_411' title='bbox 543 1993 646 2028; x_wconf 88' lang='lat' dir='ltr'><strong>primus</strong></span> <span class='ocrx_word' id='word_1_412' title='bbox 660 1999 702 2021; x_wconf 87' lang='lat' dir='ltr'><strong>est</strong></span> <span class='ocrx_word' id='word_1_413' title='bbox 717 1999 797 2022; x_wconf 77' lang='lat' dir='ltr'><strong>teme</strong></span> <span class='ocrx_word' id='word_1_414' title='bbox 810 2000 909 2028; x_wconf 86' lang='lat' dir='ltr'><strong>motus,</strong></span> <span class='ocrx_word' id='word_1_415' title='bbox 938 2000 1029 2023; x_wconf 73' lang='lat' dir='ltr'><strong>extre-</strong></span> 
     </span>
    </p>
   </div>
   <div class='ocr_carea' id='block_1_59' title="bbox 242 2039 1025 2074">
    <p class='ocr_par' dir='ltr' id='par_1_59' title="bbox 242 2039 1025 2074">
     <span class='ocr_line' id='line_1_59' title="bbox 242 2039 1025 2074; baseline 0.004 -9"><span class='ocrx_word' id='word_1_416' title='bbox 242 2046 304 2066; x_wconf 86' lang='lat' dir='ltr'><strong>mus</strong></span> <span class='ocrx_word' id='word_1_417' title='bbox 329 2039 398 2066; x_wconf 85' lang='lat' dir='ltr'><strong>idem</strong></span> <span class='ocrx_word' id='word_1_418' title='bbox 421 2039 553 2074; x_wconf 73' lang='lat' dir='ltr'><strong>dignitate</strong></span> <span class='ocrx_word' id='word_1_419' title='bbox 577 2045 604 2067; x_wconf 90' lang='lat' dir='ltr'><strong>et</strong></span> <span class='ocrx_word' id='word_1_420' title='bbox 620 2040 746 2067; x_wconf 86' lang='lat' dir='ltr'><strong>utilitatis</strong></span> <span class='ocrx_word' id='word_1_421' title='bbox 772 2041 957 2074; x_wconf 78' lang='lat' dir='ltr'><strong>magnitudine</strong></span> <span class='ocrx_word' id='word_1_422' title='bbox 973 2046 1025 2068; x_wconf 89' lang='lat' dir='ltr'><strong>est.</strong></span> 
     </span>
    </p>
   </div>
   <div class='ocr_carea' id='block_1_60' title="bbox 243 2083 1025 2123">
    <p class='ocr_par' dir='ltr' id='par_1_60' title="bbox 243 2083 1025 2123">
     <span class='ocr_line' id='line_1_60' title="bbox 243 2083 1025 2123; baseline 0.004 -12"><span class='ocrx_word' id='word_1_423' title='bbox 243 2083 414 2112; x_wconf 77' lang='lat' dir='ltr'><strong>Manifestam</strong></span> <span class='ocrx_word' id='word_1_424' title='bbox 429 2085 503 2112; x_wconf 92' lang='lat' dir='ltr'><strong>enim</strong></span> <span class='ocrx_word' id='word_1_425' title='bbox 514 2085 628 2120; x_wconf 71' lang='lat' dir='ltr'><strong>gratiam</strong></span> <span class='ocrx_word' id='word_1_426' title='bbox 646 2085 731 2112; x_wconf 86' lang='lat' dir='ltr'><strong>multo</strong></span> <span class='ocrx_word' id='word_1_427' title='bbox 743 2093 806 2113; x_wconf 86' lang='lat' dir='ltr'><strong>esse</strong></span> <span class='ocrx_word' id='word_1_428' title='bbox 820 2087 878 2121; x_wconf 73' lang='lat' dir='ltr'><strong>lege</strong></span> <span class='ocrx_word' id='word_1_429' title='bbox 890 2085 1025 2123; x_wconf 87' lang='lat' dir='ltr'><strong>[antiqua]</strong></span> 
     </span>
    </p>
   </div>
   <div class='ocr_carea' id='block_1_61' title="bbox 242 2130 1028 2164">
    <p class='ocr_par' dir='ltr' id='par_1_61' title="bbox 242 2130 1028 2164">
     <span class='ocr_line' id='line_1_61' title="bbox 242 2130 1028 2164; baseline 0.001 -6"><span class='ocrx_word' id='word_1_430' title='bbox 242 2130 374 2164; x_wconf 77' lang='lat' dir='ltr'><strong>majorem</strong></span> <span class='ocrx_word' id='word_1_431' title='bbox 392 2136 420 2159; x_wconf 85' lang='lat' dir='ltr'><strong>et</strong></span> <span class='ocrx_word' id='word_1_432' title='bbox 448 2131 594 2158; x_wconf 90' lang='lat' dir='ltr'><strong>utiliorem.</strong></span> <span class='ocrx_word' id='word_1_433' title='bbox 614 2130 715 2158; x_wconf 86' lang='lat' dir='ltr'><strong>Verum</strong></span> <span class='ocrx_word' id='word_1_434' title='bbox 738 2136 765 2158; x_wconf 90' lang='lat' dir='ltr'><strong>et</strong></span> <span class='ocrx_word' id='word_1_435' title='bbox 787 2133 923 2159; x_wconf 87' lang='lat' dir='ltr'><strong>secundus</strong></span> <span class='ocrx_word' id='word_1_436' title='bbox 939 2133 1028 2160; x_wconf 92' lang='lat' dir='ltr'><strong>minor</strong></span> 
     </span>
    </p>
   </div>
   <div class='ocr_carea' id='block_1_62' title="bbox 242 2176 1028 2212">
    <p class='ocr_par' dir='ltr' id='par_1_62' title="bbox 242 2176 1028 2212">
     <span class='ocr_line' id='line_1_62' title="bbox 242 2176 1028 2212; baseline 0.003 -9"><span class='ocrx_word' id='word_1_437' title='bbox 242 2182 285 2204; x_wconf 85' lang='lat' dir='ltr'><strong>est</strong></span> <span class='ocrx_word' id='word_1_438' title='bbox 304 2177 396 2209; x_wconf 88' lang='lat' dir='ltr'><strong>tertio,</strong></span> <span class='ocrx_word' id='word_1_439' title='bbox 414 2176 550 2211; x_wconf 74' lang='lat' dir='ltr'><strong>Siquidem</strong></span> <span class='ocrx_word' id='word_1_440' title='bbox 574 2176 654 2203; x_wconf 84' lang='lat' dir='ltr'><strong>Nunc</strong></span> <span class='ocrx_word' id='word_1_441' title='bbox 685 2177 802 2204; x_wconf 69' lang='lat' dir='ltr'><strong>uiderim:</strong></span> <span class='ocrx_word' id='word_1_442' title='bbox 826 2185 870 2211; x_wconf 77' lang='lat' dir='ltr'><strong>per</strong></span> <span class='ocrx_word' id='word_1_443' title='bbox 894 2178 1028 2212; x_wconf 69' lang='lat' dir='ltr'><strong>speculum</strong></span> 
     </span>
    </p>
   </div>
   <div class='ocr_carea' id='block_1_63' title="bbox 1079 944 1875 981">
    <p class='ocr_par' dir='ltr' id='par_1_63' title="bbox 1079 944 1875 981">
     <span class='ocr_line' id='line_1_63' title="bbox 1079 944 1875 981; baseline -0.001 -10"><span class='ocrx_word' id='word_1_444' title='bbox 1079 946 1166 972; x_wconf 76' lang='grc' dir='ltr'>ϐαίνει</span> <span class='ocrx_word' id='word_1_445' title='bbox 1181 945 1333 981; x_wconf 86' lang='grc' dir='ltr'>παχύτητα,</span> <span class='ocrx_word' id='word_1_446' title='bbox 1349 946 1461 976; x_wconf 72' lang='grc' dir='ltr'>εἰκότως</span> <span class='ocrx_word' id='word_1_447' title='bbox 1491 945 1506 971; x_wconf 81' lang='grc' dir='ltr'><strong>ὁ</strong></span> <span class='ocrx_word' id='word_1_448' title='bbox 1530 944 1586 971; x_wconf 86' lang='grc' dir='ltr'>τῶν</span> <span class='ocrx_word' id='word_1_449' title='bbox 1601 944 1698 979; x_wconf 83' lang='grc' dir='ltr'>γάμων</span> <span class='ocrx_word' id='word_1_450' title='bbox 1724 945 1875 979; x_wconf 82' lang='grc' dir='ltr'>πεπαυμέ-</span> 
     </span>
    </p>
   </div>
   <div class='ocr_carea' id='block_1_64' title="bbox 1078 987 1874 1026">
    <p class='ocr_par' dir='ltr' id='par_1_64' title="bbox 1078 987 1874 1026">
     <span class='ocr_line' id='line_1_64' title="bbox 1078 987 1874 1026; baseline -0.003 -7"><span class='ocrx_word' id='word_1_451' title='bbox 1078 1001 1132 1019; x_wconf 86' lang='grc' dir='ltr'><strong>νων</strong></span> <span class='ocrx_word' id='word_1_452' title='bbox 1145 991 1308 1018; x_wconf 80' lang='grc' dir='ltr'>ἀνακύπτων</span> <span class='ocrx_word' id='word_1_453' title='bbox 1333 999 1363 1017; x_wconf 86' lang='grc' dir='ltr'><strong>τε</strong></span> <span class='ocrx_word' id='word_1_454' title='bbox 1385 991 1433 1017; x_wconf 73' lang='grc' dir='ltr'><strong>καλ</strong></span> <span class='ocrx_word' id='word_1_455' title='bbox 1448 990 1616 1025; x_wconf 72' lang='grc' dir='ltr'>ἀντιλάμπων</span> <span class='ocrx_word' id='word_1_456' title='bbox 1632 990 1689 1025; x_wconf 84' lang='grc' dir='ltr'>βίος</span> <span class='ocrx_word' id='word_1_457' title='bbox 1707 987 1797 1026; x_wconf 75' lang='grc' dir='ltr'>(οὗτος</span> <span class='ocrx_word' id='word_1_458' title='bbox 1811 990 1844 1017; x_wconf 84' lang='grc' dir='ltr'><strong>δὲ</strong></span> <span class='ocrx_word' id='word_1_459' title='bbox 1860 992 1874 1017; x_wconf 89' lang='grc' dir='ltr'>ὁ</span> 
     </span>
    </p>
   </div>
   <div class='ocr_carea' id='block_1_65' title="bbox 1077 1033 1873 1072">
    <p class='ocr_par' dir='ltr' id='par_1_65' title="bbox 1077 1033 1873 1072">
     <span class='ocr_line' id='line_1_65' title="bbox 1077 1033 1873 1072; baseline -0.004 -9"><span class='ocrx_word' id='word_1_460' title='bbox 1077 1037 1128 1072; x_wconf 75' lang='grc' dir='ltr'>τῆς</span> <span class='ocrx_word' id='word_1_461' title='bbox 1151 1035 1328 1068; x_wconf 83' lang='grc' dir='ltr'>ἀναστάσεως</span> <span class='ocrx_word' id='word_1_462' title='bbox 1344 1035 1377 1062; x_wconf 83' lang='grc' dir='ltr'><strong>ἂν</strong></span> <span class='ocrx_word' id='word_1_463' title='bbox 1392 1035 1433 1070; x_wconf 81' lang='grc' dir='ltr'>εἴη</span> <span class='ocrx_word' id='word_1_464' title='bbox 1449 1043 1456 1050; x_wconf 92' lang='grc'><strong>·</strong></span> <span class='ocrx_word' id='word_1_465' title='bbox 1476 1035 1525 1061; x_wconf 79' lang='grc' dir='ltr'>Ἑν</span> <span class='ocrx_word' id='word_1_466' title='bbox 1540 1034 1596 1069; x_wconf 69' lang='grc' dir='ltr'><strong>γὰρ</strong></span> <span class='ocrx_word' id='word_1_467' title='bbox 1608 1035 1629 1050; x_wconf 75' lang='grc'>’⁸</span> <span class='ocrx_word' id='word_1_468' title='bbox 1643 1034 1681 1068; x_wconf 77' lang='grc' dir='ltr'>τῇ</span> <span class='ocrx_word' id='word_1_469' title='bbox 1700 1033 1873 1061; x_wconf 78' lang='grc' dir='ltr'>ἀναστάσει</span> 
     </span>
    </p>
   </div>
   <div class='ocr_carea' id='block_1_66' title="bbox 1078 1080 1875 1117">
    <p class='ocr_par' dir='ltr' id='par_1_66' title="bbox 1078 1080 1875 1117">
     <span class='ocr_line' id='line_1_66' title="bbox 1078 1080 1875 1117; baseline -0.005 -7"><span class='ocrx_word' id='word_1_470' title='bbox 1078 1083 1148 1110; x_wconf 80' lang='grc' dir='ltr'>οὔτε</span> <span class='ocrx_word' id='word_1_471' title='bbox 1163 1081 1312 1117; x_wconf 77' lang='grc' dir='ltr'>γαμοῦσιν</span> <span class='ocrx_word' id='word_1_472' title='bbox 1327 1081 1397 1108; x_wconf 76' lang='grc' dir='ltr'>οὔτε</span> <span class='ocrx_word' id='word_1_473' title='bbox 1409 1081 1615 1116; x_wconf 80' lang='grc' dir='ltr'>γαμίσκονται,</span> <span class='ocrx_word' id='word_1_474' title='bbox 1635 1080 1743 1111; x_wconf 80' lang='grc' dir='ltr'>οἰκείως</span> <span class='ocrx_word' id='word_1_475' title='bbox 1760 1080 1795 1107; x_wconf 79' lang='grc' dir='ltr'>ἂν</span> <span class='ocrx_word' id='word_1_476' title='bbox 1817 1080 1875 1114; x_wconf 77' lang='grc' dir='ltr'><strong>ἁφ-</strong></span> 
     </span>
    </p>
   </div>
   <div class='ocr_carea' id='block_1_67' title="bbox 1078 1121 1874 1163">
    <p class='ocr_par' dir='ltr' id='par_1_67' title="bbox 1078 1121 1874 1163">
     <span class='ocr_line' id='line_1_67' title="bbox 1078 1121 1874 1163; baseline -0.004 -9"><span class='ocrx_word' id='word_1_477' title='bbox 1078 1128 1202 1163; x_wconf 77' lang='grc' dir='ltr'>ορισθείη</span> <span class='ocrx_word' id='word_1_478' title='bbox 1214 1127 1253 1162; x_wconf 86' lang='grc' dir='ltr'>τῷ</span> <span class='ocrx_word' id='word_1_479' title='bbox 1272 1127 1422 1161; x_wconf 82' lang='grc' dir='ltr'>Πνεύματι.</span> <span class='ocrx_word' id='word_1_480' title='bbox 1436 1126 1510 1152; x_wconf 84' lang='grc' dir='ltr'>Ἔδει</span> <span class='ocrx_word' id='word_1_481' title='bbox 1520 1125 1548 1152; x_wconf 83' lang='grc' dir='ltr'><strong>δὲ</strong></span> <span class='ocrx_word' id='word_1_482' title='bbox 1562 1125 1607 1152; x_wconf 83' lang='grc' dir='ltr'>τὸν</span> <span class='ocrx_word' id='word_1_483' title='bbox 1622 1125 1689 1161; x_wconf 81' lang='grc' dir='ltr'>βίον,</span> <span class='ocrx_word' id='word_1_484' title='bbox 1704 1126 1733 1151; x_wconf 86' lang='grc' dir='ltr'>ὲν</span> <span class='ocrx_word' id='word_1_485' title='bbox 1746 1121 1769 1159; x_wconf 84' lang='grc' dir='ltr'>ᾦ</span> <span class='ocrx_word' id='word_1_486' title='bbox 1782 1125 1874 1151; x_wconf 79' lang='grc' dir='ltr'><strong>πατέ-</strong></span> 
     </span>
    </p>
   </div>
   <div class='ocr_carea' id='block_1_68' title="bbox 1082 1169 1876 1207">
    <p class='ocr_par' dir='ltr' id='par_1_68' title="bbox 1082 1169 1876 1207">
     <span class='ocr_line' id='line_1_68' title="bbox 1082 1169 1876 1207; baseline -0.003 -8"><span class='ocrx_word' id='word_1_487' title='bbox 1082 1181 1130 1207; x_wconf 85' lang='grc' dir='ltr'><strong>ρες</strong></span> <span class='ocrx_word' id='word_1_488' title='bbox 1150 1172 1249 1202; x_wconf 84' lang='grc' dir='ltr'>παῖδας</span> <span class='ocrx_word' id='word_1_489' title='bbox 1265 1171 1372 1206; x_wconf 85' lang='grc' dir='ltr'>φύουσι,</span> <span class='ocrx_word' id='word_1_490' title='bbox 1391 1170 1435 1196; x_wconf 81' lang='grc' dir='ltr'>τὸν</span> <span class='ocrx_word' id='word_1_491' title='bbox 1450 1170 1516 1197; x_wconf 82' lang='grc' dir='ltr'>Θεὸν</span> <span class='ocrx_word' id='word_1_492' title='bbox 1548 1171 1596 1196; x_wconf 80' lang='grc' dir='ltr'>καὶ</span> <span class='ocrx_word' id='word_1_493' title='bbox 1611 1169 1719 1203; x_wconf 84' lang='grc' dir='ltr'>Πατέρα</span> <span class='ocrx_word' id='word_1_494' title='bbox 1736 1178 1876 1204; x_wconf 79' lang='grc' dir='ltr'>προτετα-</span> 
     </span>
    </p>
   </div>
   <div class='ocr_carea' id='block_1_69' title="bbox 1080 1214 1875 1253">
    <p class='ocr_par' dir='ltr' id='par_1_69' title="bbox 1080 1214 1875 1253">
     <span class='ocr_line' id='line_1_69' title="bbox 1080 1214 1875 1253; baseline -0.004 -9"><span class='ocrx_word' id='word_1_495' title='bbox 1080 1218 1182 1253; x_wconf 81' lang='grc' dir='ltr'>γμένον</span> <span class='ocrx_word' id='word_1_496' title='bbox 1210 1216 1392 1251; x_wconf 87' lang='grc' dir='ltr'>γινώσκεσθαι</span> <span class='ocrx_word' id='word_1_497' title='bbox 1408 1215 1455 1242; x_wconf 80' lang='grc' dir='ltr'><strong>τοῦ</strong></span> <span class='ocrx_word' id='word_1_498' title='bbox 1471 1215 1548 1247; x_wconf 81' lang='grc' dir='ltr'><strong>Υίοῦ,</strong></span> <span class='ocrx_word' id='word_1_499' title='bbox 1574 1215 1605 1241; x_wconf 81' lang='grc' dir='ltr'>οὐ</span> <span class='ocrx_word' id='word_1_500' title='bbox 1624 1215 1674 1249; x_wconf 79' lang='grc' dir='ltr'>τῆς</span> <span class='ocrx_word' id='word_1_501' title='bbox 1689 1215 1803 1250; x_wconf 80' lang='grc' dir='ltr'>Τριάδος</span> <span class='ocrx_word' id='word_1_502' title='bbox 1820 1214 1875 1250; x_wconf 84' lang='grc' dir='ltr'>τὴν</span> 
     </span>
    </p>
   </div>
   <div class='ocr_carea' id='block_1_70' title="bbox 1078 1260 1873 1297">
    <p class='ocr_par' dir='ltr' id='par_1_70' title="bbox 1078 1260 1873 1297">
     <span class='ocr_line' id='line_1_70' title="bbox 1078 1260 1873 1297; baseline -0.005 -7"><span class='ocrx_word' id='word_1_503' title='bbox 1078 1263 1157 1296; x_wconf 79' lang='grc' dir='ltr'>τάξιν</span> <span class='ocrx_word' id='word_1_504' title='bbox 1181 1262 1361 1297; x_wconf 80' lang='grc' dir='ltr'>ἀπαιτούσης,</span> <span class='ocrx_word' id='word_1_505' title='bbox 1385 1261 1448 1295; x_wconf 86' lang='grc' dir='ltr'><strong>(ποῦ</strong></span> <span class='ocrx_word' id='word_1_506' title='bbox 1466 1261 1519 1297; x_wconf 80' lang='grc' dir='ltr'><strong>γὰρ</strong></span> <span class='ocrx_word' id='word_1_507' title='bbox 1547 1261 1635 1294; x_wconf 81' lang='grc' dir='ltr'>τάξις,</span> <span class='ocrx_word' id='word_1_508' title='bbox 1654 1260 1718 1287; x_wconf 73' lang='grc' dir='ltr'>ἔνθα</span> <span class='ocrx_word' id='word_1_509' title='bbox 1750 1261 1780 1287; x_wconf 77' lang='grc' dir='ltr'><strong>τὸ</strong></span> <span class='ocrx_word' id='word_1_510' title='bbox 1809 1261 1873 1287; x_wconf 79' lang='grc' dir='ltr'>τσον</span> 
     </span>
    </p>
   </div>
   <div class='ocr_carea' id='block_1_71' title="bbox 1082 1306 1863 1344">
    <p class='ocr_par' dir='ltr' id='par_1_71' title="bbox 1082 1306 1863 1344">
     <span class='ocr_line' id='line_1_71' title="bbox 1082 1306 1863 1344; baseline -0.004 -9"><span class='ocrx_word' id='word_1_511' title='bbox 1082 1308 1292 1344; x_wconf 74' lang='grc' dir='ltr'>ἀπαράλλακτον</span> <span class='ocrx_word' id='word_1_512' title='bbox 1302 1307 1328 1342; x_wconf 75' lang='grc' dir='ltr'>ς)</span> <span class='ocrx_word' id='word_1_513' title='bbox 1350 1307 1420 1334; x_wconf 79' lang='grc' dir='ltr'>ἀλλὰ</span> <span class='ocrx_word' id='word_1_514' title='bbox 1442 1307 1485 1334; x_wconf 78' lang='grc' dir='ltr'>διὰ</span> <span class='ocrx_word' id='word_1_515' title='bbox 1500 1307 1550 1341; x_wconf 78' lang='grc' dir='ltr'>τῆς</span> <span class='ocrx_word' id='word_1_516' title='bbox 1567 1307 1596 1333; x_wconf 67' lang='grc' dir='ltr'>ἐν</span> <span class='ocrx_word' id='word_1_517' title='bbox 1610 1307 1678 1341; x_wconf 81' lang='grc' dir='ltr'>αὐτῇ</span> <span class='ocrx_word' id='word_1_518' title='bbox 1694 1306 1756 1333; x_wconf 82' lang='grc' dir='ltr'>κατ’</span> <span class='ocrx_word' id='word_1_519' title='bbox 1767 1307 1863 1332; x_wconf 86' lang='grc' dir='ltr'>οίκονο</span> 
     </span>
    </p>
   </div>
   <div class='ocr_carea' id='block_1_72' title="bbox 1082 1352 1860 1390">
    <p class='ocr_par' dir='ltr' id='par_1_72' title="bbox 1082 1352 1860 1390">
     <span class='ocr_line' id='line_1_72' title="bbox 1082 1352 1860 1390; baseline -0.004 -9"><span class='ocrx_word' id='word_1_520' title='bbox 1082 1355 1145 1390; x_wconf 81' lang='grc' dir='ltr'>μίαν</span> <span class='ocrx_word' id='word_1_521' title='bbox 1158 1354 1261 1386; x_wconf 79' lang='grc' dir='ltr'>τάξεως</span> <span class='ocrx_word' id='word_1_522' title='bbox 1276 1354 1340 1385; x_wconf 77' lang='grc' dir='ltr'>τοὺς</span> <span class='ocrx_word' id='word_1_523' title='bbox 1354 1353 1474 1387; x_wconf 83' lang='grc' dir='ltr'>πατέρας</span> <span class='ocrx_word' id='word_1_524' title='bbox 1490 1352 1621 1387; x_wconf 83' lang='grc' dir='ltr'>τιμᾶσθαι</span> <span class='ocrx_word' id='word_1_525' title='bbox 1635 1352 1711 1387; x_wconf 80' lang='grc' dir='ltr'>παρὰ</span> <span class='ocrx_word' id='word_1_526' title='bbox 1735 1352 1791 1378; x_wconf 84' lang='grc' dir='ltr'><strong>τῶν</strong></span> <span class='ocrx_word' id='word_1_527' title='bbox 1804 1353 1860 1379; x_wconf 80' lang='grc' dir='ltr'><strong>παί</strong></span> 
     </span>
    </p>
   </div>
   <div class='ocr_carea' id='block_1_73' title="bbox 1078 1397 1876 1434">
    <p class='ocr_par' dir='ltr' id='par_1_73' title="bbox 1078 1397 1876 1434">
     <span class='ocr_line' id='line_1_73' title="bbox 1078 1397 1876 1434; baseline -0.003 -8"><span class='ocrx_word' id='word_1_528' title='bbox 1078 1399 1131 1426; x_wconf 86' lang='grc' dir='ltr'>δων</span> <span class='ocrx_word' id='word_1_529' title='bbox 1145 1399 1343 1434; x_wconf 79' lang='grc' dir='ltr'>παραινούσης.</span> <span class='ocrx_word' id='word_1_530' title='bbox 1364 1399 1418 1425; x_wconf 80' lang='grc' dir='ltr'><strong>Καὶ</strong></span> <span class='ocrx_word' id='word_1_531' title='bbox 1435 1398 1465 1425; x_wconf 79' lang='grc' dir='ltr'>τὸ</span> <span class='ocrx_word' id='word_1_532' title='bbox 1480 1398 1589 1433; x_wconf 79' lang='grc' dir='ltr'>ἀξίωμα</span> <span class='ocrx_word' id='word_1_533' title='bbox 1605 1398 1634 1425; x_wconf 81' lang='grc' dir='ltr'><strong>δὲ</strong></span> <span class='ocrx_word' id='word_1_534' title='bbox 1644 1397 1692 1424; x_wconf 83' lang='grc' dir='ltr'>τοῦ</span> <span class='ocrx_word' id='word_1_535' title='bbox 1708 1397 1876 1432; x_wconf 81' lang='grc' dir='ltr'>Πνεύματος</span> 
     </span>
    </p>
   </div>
   <div class='ocr_carea' id='block_1_74' title="bbox 1078 1445 1876 1482">
    <p class='ocr_par' dir='ltr' id='par_1_74' title="bbox 1078 1445 1876 1482">
     <span class='ocr_line' id='line_1_74' title="bbox 1078 1445 1876 1482; baseline -0.003 -9"><span class='ocrx_word' id='word_1_536' title='bbox 1078 1446 1171 1482; x_wconf 79' lang='grc' dir='ltr'>ἡίερὰ</span> <span class='ocrx_word' id='word_1_537' title='bbox 1195 1446 1347 1482; x_wconf 80' lang='grc' dir='ltr'>ἑπαίρουσα</span> <span class='ocrx_word' id='word_1_538' title='bbox 1372 1445 1467 1480; x_wconf 79' lang='grc' dir='ltr'>Γραφὴ</span> <span class='ocrx_word' id='word_1_539' title='bbox 1492 1446 1556 1480; x_wconf 85' lang='grc' dir='ltr'>ὅλην</span> <span class='ocrx_word' id='word_1_540' title='bbox 1573 1446 1622 1479; x_wconf 85' lang='grc' dir='ltr'>τὴν</span> <span class='ocrx_word' id='word_1_541' title='bbox 1645 1445 1749 1479; x_wconf 84' lang='grc' dir='ltr'>Τριάδα</span> <span class='ocrx_word' id='word_1_542' title='bbox 1764 1446 1799 1479; x_wconf 83' lang='grc' dir='ltr'>τῇ</span> <span class='ocrx_word' id='word_1_543' title='bbox 1825 1445 1876 1471; x_wconf 81' lang='grc' dir='ltr'>τοῦ</span> 
     </span>
    </p>
   </div>
   <div class='ocr_carea' id='block_1_75' title="bbox 1079 1489 1876 1526">
    <p class='ocr_par' dir='ltr' id='par_1_75' title="bbox 1079 1489 1876 1526">
     <span class='ocr_line' id='line_1_75' title="bbox 1079 1489 1876 1526; baseline -0.003 -7"><span class='ocrx_word' id='word_1_544' title='bbox 1079 1492 1252 1526; x_wconf 83' lang='grc' dir='ltr'>Πνεύματος</span> <span class='ocrx_word' id='word_1_545' title='bbox 1269 1491 1427 1525; x_wconf 79' lang='grc' dir='ltr'>ὲξονομάζει</span> <span class='ocrx_word' id='word_1_546' title='bbox 1452 1492 1539 1526; x_wconf 80' lang='grc' dir='ltr'>φωνῇ,</span> <span class='ocrx_word' id='word_1_547' title='bbox 1566 1490 1604 1521; x_wconf 87' lang='grc' dir='ltr'><strong>ὡς</strong></span> <span class='ocrx_word' id='word_1_548' title='bbox 1631 1490 1672 1522; x_wconf 81' lang='grc' dir='ltr'><strong>τὺ,</strong></span> <span class='ocrx_word' id='word_1_549' title='bbox 1697 1489 1843 1524; x_wconf 74' lang='grc' dir='ltr'><strong>Πνεῦμαί</strong></span> <span class='ocrx_word' id='word_1_550' title='bbox 1858 1492 1876 1517; x_wconf 83' lang='grc' dir='ltr'><strong>ό</strong></span> 
     </span>
    </p>
   </div>
   <div class='ocr_carea' id='block_1_76' title="bbox 1042 1535 1875 1587">
    <p class='ocr_par' dir='ltr' id='par_1_76' title="bbox 1042 1535 1875 1587">
     <span class='ocr_line' id='line_1_76' title="bbox 1042 1535 1875 1587; baseline -0.002 -23"><span class='ocrx_word' id='word_1_551' title='bbox 1042 1556 1065 1587; x_wconf 79' lang='lat' dir='ltr'>c</span> <span class='ocrx_word' id='word_1_552' title='bbox 1082 1537 1165 1570; x_wconf 82' lang='grc' dir='ltr'>Θεὸς,</span> <span class='ocrx_word' id='word_1_553' title='bbox 1182 1537 1232 1563; x_wconf 79' lang='grc' dir='ltr'>καὶ</span> <span class='ocrx_word' id='word_1_554' title='bbox 1247 1536 1319 1569; x_wconf 81' lang='grc' dir='ltr'>τοὺς</span> <span class='ocrx_word' id='word_1_555' title='bbox 1339 1535 1593 1570; x_wconf 80' lang='grc' dir='ltr'>προσκυνοῦντας</span> <span class='ocrx_word' id='word_1_556' title='bbox 1615 1535 1710 1561; x_wconf 79' lang='grc' dir='ltr'>αὐτὸν</span> <span class='ocrx_word' id='word_1_557' title='bbox 1729 1535 1764 1561; x_wconf 79' lang='grc' dir='ltr'>ἐν</span> <span class='ocrx_word' id='word_1_558' title='bbox 1777 1536 1875 1562; x_wconf 80' lang='grc' dir='ltr'>πνεύ-</span> 
     </span>
    </p>
   </div>
   <div class='ocr_carea' id='block_1_77' title="bbox 1077 1579 1876 1617">
    <p class='ocr_par' dir='ltr' id='par_1_77' title="bbox 1077 1579 1876 1617">
     <span class='ocr_line' id='line_1_77' title="bbox 1077 1579 1876 1617; baseline -0.003 -8"><span class='ocrx_word' id='word_1_559' title='bbox 1077 1591 1148 1617; x_wconf 85' lang='grc' dir='ltr'>ματι</span> <span class='ocrx_word' id='word_1_560' title='bbox 1162 1582 1211 1608; x_wconf 76' lang='grc' dir='ltr'>καὶ</span> <span class='ocrx_word' id='word_1_561' title='bbox 1221 1582 1347 1615; x_wconf 76' lang='grc' dir='ltr'><strong>ἀληθείᾳ</strong></span> <span class='ocrx_word' id='word_1_562' title='bbox 1369 1580 1418 1607; x_wconf 81' lang='grc' dir='ltr'>δεῖ</span> <span class='ocrx_word' id='word_1_563' title='bbox 1425 1580 1619 1614; x_wconf 79' lang='grc' dir='ltr'>προσκυνεῖν.</span> <span class='ocrx_word' id='word_1_564' title='bbox 1637 1580 1693 1606; x_wconf 75' lang='grc' dir='ltr'><strong>Καὶ</strong></span> <span class='ocrx_word' id='word_1_565' title='bbox 1705 1579 1746 1612; x_wconf 77' lang='grc' dir='ltr'>τὸ,</span> <span class='ocrx_word' id='word_1_566' title='bbox 1760 1579 1856 1607; x_wconf 83' lang='grc' dir='ltr'>Πᾶσα</span> <span class='ocrx_word' id='word_1_567' title='bbox 1865 1581 1876 1596; x_wconf 84' lang='grc'>²</span> 
     </span>
    </p>
   </div>
   <div class='ocr_carea' id='block_1_78' title="bbox 1080 1625 1878 1662">
    <p class='ocr_par' dir='ltr' id='par_1_78' title="bbox 1080 1625 1878 1662">
     <span class='ocr_line' id='line_1_78' title="bbox 1080 1625 1878 1662; baseline -0.003 -8"><span class='ocrx_word' id='word_1_568' title='bbox 1080 1628 1207 1662; x_wconf 82' lang='grc' dir='ltr'>ἁμαρτία</span> <span class='ocrx_word' id='word_1_569' title='bbox 1237 1626 1421 1662; x_wconf 71' lang='grc' dir='ltr'>ἀφεθήσεται</span> <span class='ocrx_word' id='word_1_570' title='bbox 1462 1625 1525 1658; x_wconf 79' lang='grc' dir='ltr'>τοῖς</span> <span class='ocrx_word' id='word_1_571' title='bbox 1552 1625 1728 1659; x_wconf 78' lang='grc' dir='ltr'>ἀνθρώποις,</span> <span class='ocrx_word' id='word_1_572' title='bbox 1762 1625 1805 1658; x_wconf 81' lang='grc' dir='ltr'>τῷ</span> <span class='ocrx_word' id='word_1_573' title='bbox 1842 1626 1878 1652; x_wconf 85' lang='grc' dir='ltr'><em>δὲ</em></span> 
     </span>
    </p>
   </div>
   <div class='ocr_carea' id='block_1_79' title="bbox 1077 1671 1878 1708">
    <p class='ocr_par' dir='ltr' id='par_1_79' title="bbox 1077 1671 1878 1708">
     <span class='ocr_line' id='line_1_79' title="bbox 1077 1671 1878 1708; baseline -0.005 -7"><span class='ocrx_word' id='word_1_574' title='bbox 1077 1673 1312 1708; x_wconf 69' lang='grc' dir='ltr'>,βλασφημοῦντι</span> <span class='ocrx_word' id='word_1_575' title='bbox 1343 1673 1386 1705; x_wconf 82' lang='grc' dir='ltr'>είς</span> <span class='ocrx_word' id='word_1_576' title='bbox 1419 1671 1451 1699; x_wconf 83' lang='grc' dir='ltr'>τὸ</span> <span class='ocrx_word' id='word_1_577' title='bbox 1483 1671 1605 1705; x_wconf 78' lang='grc' dir='ltr'>Πνεῦμα</span> <span class='ocrx_word' id='word_1_578' title='bbox 1635 1671 1668 1697; x_wconf 79' lang='grc' dir='ltr'>τὸ</span> <span class='ocrx_word' id='word_1_579' title='bbox 1697 1671 1784 1705; x_wconf 80' lang='grc' dir='ltr'>ἅγιον</span> <span class='ocrx_word' id='word_1_580' title='bbox 1817 1673 1878 1698; x_wconf 68' lang='grc' dir='ltr'><strong>οὐκ</strong></span> 
     </span>
    </p>
   </div>
   <div class='ocr_carea' id='block_1_80' title="bbox 1080 1716 1879 1754">
    <p class='ocr_par' dir='ltr' id='par_1_80' title="bbox 1080 1716 1879 1754">
     <span class='ocr_line' id='line_1_80' title="bbox 1080 1716 1879 1754; baseline -0.006 -7"><span class='ocrx_word' id='word_1_581' title='bbox 1080 1719 1273 1754; x_wconf 74' lang='grc' dir='ltr'>ἀφεθήσεται,</span> <span class='ocrx_word' id='word_1_582' title='bbox 1289 1719 1334 1744; x_wconf 79' lang='grc' dir='ltr'><strong>ὲπὶ</strong></span> <span class='ocrx_word' id='word_1_583' title='bbox 1361 1718 1411 1752; x_wconf 82' lang='grc' dir='ltr'>τῆς</span> <span class='ocrx_word' id='word_1_584' title='bbox 1429 1717 1555 1752; x_wconf 82' lang='grc' dir='ltr'>θεότητος</span> <span class='ocrx_word' id='word_1_585' title='bbox 1570 1717 1634 1751; x_wconf 81' lang='grc' dir='ltr'>ὅλης</span> <span class='ocrx_word' id='word_1_586' title='bbox 1651 1716 1788 1751; x_wconf 81' lang='grc' dir='ltr'>ἐκληφθὲν</span> <span class='ocrx_word' id='word_1_587' title='bbox 1804 1717 1879 1752; x_wconf 79' lang='grc' dir='ltr'>σύμ-</span> 
     </span>
    </p>
   </div>
   <div class='ocr_carea' id='block_1_81' title="bbox 1081 1761 1880 1799">
    <p class='ocr_par' dir='ltr' id='par_1_81' title="bbox 1081 1761 1880 1799">
     <span class='ocr_line' id='line_1_81' title="bbox 1081 1761 1880 1799; baseline -0.003 -9"><span class='ocrx_word' id='word_1_588' title='bbox 1081 1773 1169 1799; x_wconf 84' lang='grc' dir='ltr'>φωνον</span> <span class='ocrx_word' id='word_1_589' title='bbox 1187 1764 1220 1791; x_wconf 82' lang='grc' dir='ltr'>ἂν</span> <span class='ocrx_word' id='word_1_590' title='bbox 1246 1764 1289 1799; x_wconf 82' lang='grc' dir='ltr'>εἴη</span> <span class='ocrx_word' id='word_1_591' title='bbox 1318 1763 1357 1798; x_wconf 83' lang='grc' dir='ltr'>τῷ</span> <span class='ocrx_word' id='word_1_592' title='bbox 1386 1763 1579 1798; x_wconf 81' lang='grc' dir='ltr'>προειρημένῳ</span> <span class='ocrx_word' id='word_1_593' title='bbox 1602 1761 1706 1796; x_wconf 82' lang='grc' dir='ltr'>σκοπῷ.</span> <span class='ocrx_word' id='word_1_594' title='bbox 1730 1763 1787 1788; x_wconf 70' lang='grc' dir='ltr'>Καὶ</span> <span class='ocrx_word' id='word_1_595' title='bbox 1809 1762 1830 1796; x_wconf 86' lang='grc' dir='ltr'><strong>ὴ</strong></span> <span class='ocrx_word' id='word_1_596' title='bbox 1849 1764 1880 1788; x_wconf 84' lang='grc' dir='ltr'>ὲν</span> 
     </span>
    </p>
   </div>
   <div class='ocr_carea' id='block_1_82' title="bbox 1080 1808 1879 1846">
    <p class='ocr_par' dir='ltr' id='par_1_82' title="bbox 1080 1808 1879 1846">
     <span class='ocr_line' id='line_1_82' title="bbox 1080 1808 1879 1846; baseline -0.004 -9"><span class='ocrx_word' id='word_1_597' title='bbox 1080 1811 1206 1846; x_wconf 78' lang='grc' dir='ltr'>ἐσόπτρῳ</span> <span class='ocrx_word' id='word_1_598' title='bbox 1231 1811 1259 1836; x_wconf 85' lang='grc' dir='ltr'><strong>δὲ</strong></span> <span class='ocrx_word' id='word_1_599' title='bbox 1276 1810 1377 1844; x_wconf 86' lang='grc' dir='ltr'>γνῶσις</span> <span class='ocrx_word' id='word_1_600' title='bbox 1392 1810 1438 1836; x_wconf 87' lang='grc' dir='ltr'>καὶ</span> <span class='ocrx_word' id='word_1_601' title='bbox 1464 1810 1480 1844; x_wconf 81' lang='grc' dir='ltr'><strong>ὴ</strong></span> <span class='ocrx_word' id='word_1_602' title='bbox 1506 1810 1535 1835; x_wconf 81' lang='grc' dir='ltr'>ὲν</span> <span class='ocrx_word' id='word_1_603' title='bbox 1557 1809 1700 1843; x_wconf 78' lang='grc' dir='ltr'>αἰνίγματι</span> <span class='ocrx_word' id='word_1_604' title='bbox 1716 1808 1767 1842; x_wconf 84' lang='grc' dir='ltr'>τῆς</span> <span class='ocrx_word' id='word_1_605' title='bbox 1786 1808 1879 1843; x_wconf 80' lang='grc' dir='ltr'>ὑπερ-</span> 
     </span>
    </p>
   </div>
   <div class='ocr_carea' id='block_1_83' title="bbox 1081 1852 1878 1891">
    <p class='ocr_par' dir='ltr' id='par_1_83' title="bbox 1081 1852 1878 1891">
     <span class='ocr_line' id='line_1_83' title="bbox 1081 1852 1878 1891; baseline -0.004 -9"><span class='ocrx_word' id='word_1_606' title='bbox 1081 1856 1166 1891; x_wconf 79' lang='grc' dir='ltr'>φυοῦς</span> <span class='ocrx_word' id='word_1_607' title='bbox 1181 1857 1210 1883; x_wconf 87' lang='grc' dir='ltr'>ὲν</span> <span class='ocrx_word' id='word_1_608' title='bbox 1228 1855 1323 1890; x_wconf 86' lang='grc' dir='ltr'>Τριάδι</span> <span class='ocrx_word' id='word_1_609' title='bbox 1348 1854 1474 1889; x_wconf 84' lang='grc' dir='ltr'>θεότητος</span> <span class='ocrx_word' id='word_1_610' title='bbox 1499 1854 1540 1884; x_wconf 76' lang='grc' dir='ltr'><strong>εἰς</strong></span> <span class='ocrx_word' id='word_1_611' title='bbox 1564 1854 1596 1880; x_wconf 84' lang='grc' dir='ltr'>τὸ</span> <span class='ocrx_word' id='word_1_612' title='bbox 1620 1854 1724 1881; x_wconf 80' lang='grc' dir='ltr'>τέλειον</span> <span class='ocrx_word' id='word_1_613' title='bbox 1752 1852 1798 1879; x_wconf 80' lang='grc' dir='ltr'><strong>διὰ</strong></span> <span class='ocrx_word' id='word_1_614' title='bbox 1827 1853 1878 1880; x_wconf 78' lang='grc' dir='ltr'><strong>τοῦ</strong></span> 
     </span>
    </p>
   </div>
   <div class='ocr_carea' id='block_1_84' title="bbox 1080 1899 1878 1937">
    <p class='ocr_par' dir='ltr' id='par_1_84' title="bbox 1080 1899 1878 1937">
     <span class='ocr_line' id='line_1_84' title="bbox 1080 1899 1878 1937; baseline -0.005 -8"><span class='ocrx_word' id='word_1_615' title='bbox 1080 1902 1238 1937; x_wconf 83' lang='grc' dir='ltr'>Πνεύματος</span> <span class='ocrx_word' id='word_1_616' title='bbox 1254 1902 1320 1937; x_wconf 80' lang='grc' dir='ltr'>ἡμῖν</span> <span class='ocrx_word' id='word_1_617' title='bbox 1337 1901 1554 1928; x_wconf 80' lang='grc' dir='ltr'>ἀποκαθίσταται</span> <span class='ocrx_word' id='word_1_618' title='bbox 1576 1900 1646 1927; x_wconf 83' lang='grc' dir='ltr'>κατὰ</span> <span class='ocrx_word' id='word_1_619' title='bbox 1659 1900 1706 1926; x_wconf 79' lang='grc' dir='ltr'><strong>τὸν</strong></span> <span class='ocrx_word' id='word_1_620' title='bbox 1722 1899 1878 1934; x_wconf 82' lang='grc' dir='ltr'>μέλλοντα’</span> 
     </span>
    </p>
   </div>
   <div class='ocr_carea' id='block_1_85' title="bbox 1081 1945 1880 1984">
    <p class='ocr_par' dir='ltr' id='par_1_85' title="bbox 1081 1945 1880 1984">
     <span class='ocr_line' id='line_1_85' title="bbox 1081 1945 1880 1984; baseline -0.008 -8"><span class='ocrx_word' id='word_1_621' title='bbox 1081 1950 1195 1984; x_wconf 74' lang='grc' dir='ltr'>καὶγὰρ</span> <span class='ocrx_word' id='word_1_622' title='bbox 1209 1946 1306 1980; x_wconf 73' lang='grc' dir='ltr'>οὗτος³</span> <span class='ocrx_word' id='word_1_623' title='bbox 1318 1947 1358 1982; x_wconf 79' lang='grc' dir='ltr'>τῷ</span> <span class='ocrx_word' id='word_1_624' title='bbox 1381 1947 1506 1982; x_wconf 84' lang='grc' dir='ltr'>παναγίῳ</span> <span class='ocrx_word' id='word_1_625' title='bbox 1528 1946 1676 1981; x_wconf 85' lang='grc' dir='ltr'>Πνεύματι,</span> <span class='ocrx_word' id='word_1_626' title='bbox 1702 1945 1798 1980; x_wconf 82' lang='grc' dir='ltr'>ὥσπερ</span> <span class='ocrx_word' id='word_1_627' title='bbox 1819 1946 1880 1971; x_wconf 78' lang='grc' dir='ltr'><strong>τῶν</strong></span> 
     </span>
    </p>
   </div>
   <div class='ocr_carea' id='block_1_86' title="bbox 1081 1991 1880 2030">
    <p class='ocr_par' dir='ltr' id='par_1_86' title="bbox 1081 1991 1880 2030">
     <span class='ocr_line' id='line_1_86' title="bbox 1081 1991 1880 2030; baseline -0.008 -8"><span class='ocrx_word' id='word_1_628' title='bbox 1081 1995 1135 2030; x_wconf 76' lang='grc' dir='ltr'><strong>πρὸ</strong></span> <span class='ocrx_word' id='word_1_629' title='bbox 1158 1995 1241 2021; x_wconf 82' lang='grc' dir='ltr'>αὐτοῦ</span> <span class='ocrx_word' id='word_1_630' title='bbox 1266 1994 1312 2020; x_wconf 76' lang='grc' dir='ltr'><strong>δύο</strong></span> <span class='ocrx_word' id='word_1_631' title='bbox 1329 1993 1449 2027; x_wconf 85' lang='grc' dir='ltr'>σεισμῶν</span> <span class='ocrx_word' id='word_1_632' title='bbox 1465 1994 1479 2019; x_wconf 87' lang='grc' dir='ltr'><strong>ὁ</strong></span> <span class='ocrx_word' id='word_1_633' title='bbox 1495 1993 1544 2027; x_wconf 74' lang='grc' dir='ltr'>μὲν</span> <span class='ocrx_word' id='word_1_634' title='bbox 1563 1992 1603 2027; x_wconf 80' lang='grc' dir='ltr'>τῷ</span> <span class='ocrx_word' id='word_1_635' title='bbox 1629 1991 1729 2026; x_wconf 76' lang='grc' dir='ltr'>Πατρὶ,</span> <span class='ocrx_word' id='word_1_636' title='bbox 1752 1991 1767 2016; x_wconf 81' lang='grc' dir='ltr'><strong>ό</strong></span> <span class='ocrx_word' id='word_1_637' title='bbox 1787 1991 1818 2017; x_wconf 81' lang='grc' dir='ltr'><strong>δὲ</strong></span> <span class='ocrx_word' id='word_1_638' title='bbox 1838 1991 1880 2025; x_wconf 82' lang='grc' dir='ltr'>τῷ</span> 
     </span>
    </p>
   </div>
   <div class='ocr_carea' id='block_1_87' title="bbox 1081 2035 1880 2074">
    <p class='ocr_par' dir='ltr' id='par_1_87' title="bbox 1081 2035 1880 2074">
     <span class='ocr_line' id='line_1_87' title="bbox 1081 2035 1880 2074; baseline -0.006 -8"><span class='ocrx_word' id='word_1_639' title='bbox 1081 2040 1140 2074; x_wconf 84' lang='grc' dir='ltr'><strong>Υίῷ</strong></span> <span class='ocrx_word' id='word_1_640' title='bbox 1163 2039 1339 2074; x_wconf 80' lang='grc' dir='ltr'>ἀναφέρεται.</span> <span class='ocrx_word' id='word_1_641' title='bbox 1361 2039 1439 2064; x_wconf 78' lang='grc' dir='ltr'>Ἔστι</span> <span class='ocrx_word' id='word_1_642' title='bbox 1456 2037 1485 2063; x_wconf 84' lang='grc' dir='ltr'><strong>δὲ</strong></span> <span class='ocrx_word' id='word_1_643' title='bbox 1502 2037 1623 2071; x_wconf 80' lang='grc' dir='ltr'>δηλονότι</span> <span class='ocrx_word' id='word_1_644' title='bbox 1645 2037 1659 2062; x_wconf 91' lang='grc' dir='ltr'><strong>ό</strong></span> <span class='ocrx_word' id='word_1_645' title='bbox 1676 2036 1725 2070; x_wconf 86' lang='grc' dir='ltr'>μὲν</span> <span class='ocrx_word' id='word_1_646' title='bbox 1748 2037 1782 2070; x_wconf 85' lang='grc' dir='ltr'><strong>τῇ</strong></span> <span class='ocrx_word' id='word_1_647' title='bbox 1795 2035 1880 2068; x_wconf 78' lang='grc' dir='ltr'>τάξει</span> 
     </span>
    </p>
   </div>
   <div class='ocr_carea' id='block_1_88' title="bbox 1081 2081 1881 2121">
    <p class='ocr_par' dir='ltr' id='par_1_88' title="bbox 1081 2081 1881 2121">
     <span class='ocr_line' id='line_1_88' title="bbox 1081 2081 1881 2121; baseline -0.008 -9"><span class='ocrx_word' id='word_1_648' title='bbox 1081 2086 1189 2121; x_wconf 82' lang='grc' dir='ltr'>πρῶτος</span> <span class='ocrx_word' id='word_1_649' title='bbox 1216 2085 1337 2119; x_wconf 82' lang='grc' dir='ltr'>σεισμὸς,</span> <span class='ocrx_word' id='word_1_650' title='bbox 1353 2083 1468 2118; x_wconf 73' lang='grc' dir='ltr'>ἔσχατος</span> <span class='ocrx_word' id='word_1_651' title='bbox 1491 2082 1530 2118; x_wconf 86' lang='grc' dir='ltr'>τῷ</span> <span class='ocrx_word' id='word_1_652' title='bbox 1560 2090 1590 2108; x_wconf 86' lang='grc' dir='ltr'><strong>τε</strong></span> <span class='ocrx_word' id='word_1_653' title='bbox 1618 2081 1753 2116; x_wconf 81' lang='grc' dir='ltr'>ἀξιώματι</span> <span class='ocrx_word' id='word_1_654' title='bbox 1767 2081 1818 2107; x_wconf 69' lang='grc' dir='ltr'>καὶ</span> <span class='ocrx_word' id='word_1_655' title='bbox 1839 2082 1881 2115; x_wconf 82' lang='grc' dir='ltr'>τῷ</span> 
     </span>
    </p>
   </div>
   <div class='ocr_carea' id='block_1_89' title="bbox 1082 2127 1880 2167">
    <p class='ocr_par' dir='ltr' id='par_1_89' title="bbox 1082 2127 1880 2167">
     <span class='ocr_line' id='line_1_89' title="bbox 1082 2127 1880 2167; baseline -0.008 -8"><span class='ocrx_word' id='word_1_656' title='bbox 1082 2133 1131 2167; x_wconf 84' lang='grc' dir='ltr'>τῆς</span> <span class='ocrx_word' id='word_1_657' title='bbox 1146 2130 1280 2166; x_wconf 81' lang='grc' dir='ltr'>ὠφελείας</span> <span class='ocrx_word' id='word_1_658' title='bbox 1295 2130 1405 2165; x_wconf 81' lang='grc' dir='ltr'>μεγέθει</span> <span class='ocrx_word' id='word_1_659' title='bbox 1418 2138 1424 2144; x_wconf 90' lang='grc'><strong>·</strong></span> <span class='ocrx_word' id='word_1_660' title='bbox 1437 2129 1518 2164; x_wconf 81' lang='grc' dir='ltr'>δῆλον</span> <span class='ocrx_word' id='word_1_661' title='bbox 1533 2128 1588 2164; x_wconf 84' lang='grc' dir='ltr'><strong>γὰρ</strong></span> <span class='ocrx_word' id='word_1_662' title='bbox 1604 2128 1642 2159; x_wconf 87' lang='grc' dir='ltr'>ὡς</span> <span class='ocrx_word' id='word_1_663' title='bbox 1652 2129 1668 2162; x_wconf 83' lang='grc' dir='ltr'>ἡ</span> <span class='ocrx_word' id='word_1_664' title='bbox 1686 2128 1767 2163; x_wconf 82' lang='grc' dir='ltr'>χάρις</span> <span class='ocrx_word' id='word_1_665' title='bbox 1782 2127 1880 2161; x_wconf 77' lang='grc' dir='ltr'>πολλῷ</span> 
     </span>
    </p>
   </div>
   <div class='ocr_carea' id='block_1_90' title="bbox 1083 2172 1880 2213">
    <p class='ocr_par' dir='ltr' id='par_1_90' title="bbox 1083 2172 1880 2213">
     <span class='ocr_line' id='line_1_90' title="bbox 1083 2172 1880 2213; baseline -0.005 -8"><span class='ocrx_word' id='word_1_666' title='bbox 1083 2178 1130 2205; x_wconf 85' lang='grc' dir='ltr'>τοῦ</span> <span class='ocrx_word' id='word_1_667' title='bbox 1140 2172 1230 2213; x_wconf 75' lang='grc' dir='ltr'>’νόμου</span> <span class='ocrx_word' id='word_1_668' title='bbox 1255 2177 1356 2212; x_wconf 77' lang='grc' dir='ltr'>μείζων</span> <span class='ocrx_word' id='word_1_669' title='bbox 1370 2185 1400 2203; x_wconf 79' lang='grc' dir='ltr'><strong>τε</strong></span> <span class='ocrx_word' id='word_1_670' title='bbox 1425 2176 1472 2203; x_wconf 67' lang='grc' dir='ltr'>καὶ</span> <span class='ocrx_word' id='word_1_671' title='bbox 1486 2174 1706 2209; x_wconf 79' lang='grc' dir='ltr'>λυσιτελεστέρα.</span> <span class='ocrx_word' id='word_1_672' title='bbox 1731 2174 1816 2201; x_wconf 82' lang='grc' dir='ltr'>Ἀλλὰ</span> <span class='ocrx_word' id='word_1_673' title='bbox 1831 2176 1880 2201; x_wconf 74' lang='grc' dir='ltr'>καὶ</span> 
     </span>
    </p>
   </div>
   <div class='ocr_carea' id='block_1_91' title="bbox 240 2219 1028 2260">
    <p class='ocr_par' dir='ltr' id='par_1_91' title="bbox 240 2223 1028 2258">
     <span class='ocr_line' id='line_1_91' title="bbox 240 2223 1028 2258; baseline 0.001 -8"><span class='ocrx_word' id='word_1_674' title='bbox 240 2228 264 2250; x_wconf 79' lang='grc' dir='ltr'>ιι</span> <span class='ocrx_word' id='word_1_675' title='bbox 277 2224 305 2250; x_wconf 78' lang='lat' dir='ltr'><strong>in</strong></span> <span class='ocrx_word' id='word_1_676' title='bbox 314 2224 452 2257; x_wconf 71' lang='lat' dir='ltr'><strong>wnigmate</strong></span> <span class='ocrx_word' id='word_1_677' title='bbox 469 2230 479 2250; x_wconf 88' lang='lat'><em>:</em></span> <span class='ocrx_word' id='word_1_678' title='bbox 493 2226 554 2249; x_wconf 79' lang='lat' dir='ltr'><strong>tunc</strong></span> <span class='ocrx_word' id='word_1_679' title='bbox 566 2227 654 2249; x_wconf 80' lang='lat' dir='ltr'><strong>autem</strong></span> <span class='ocrx_word' id='word_1_680' title='bbox 668 2224 735 2258; x_wconf 80' lang='lat' dir='ltr'><strong>facie</strong></span> <span class='ocrx_word' id='word_1_681' title='bbox 748 2223 782 2249; x_wconf 84' lang='lat' dir='ltr'><strong>ad</strong></span> <span class='ocrx_word' id='word_1_682' title='bbox 791 2223 889 2256; x_wconf 72' lang='lat' dir='ltr'><strong>faciem</strong></span> <span class='ocrx_word' id='word_1_683' title='bbox 902 2228 926 2250; x_wconf 76' lang='grc' dir='ltr'>ι.</span> <span class='ocrx_word' id='word_1_684' title='bbox 940 2223 1028 2256; x_wconf 86' lang='lat' dir='ltr'><strong>Quare</strong></span> 
     </span>
    </p>
   </div>
   <div class='ocr_carea' id='block_1_92' title="bbox 1082 2219 1881 2260">
    <p class='ocr_par' dir='ltr' id='par_1_92' title="bbox 1082 2219 1881 2259">
     <span class='ocr_line' id='line_1_92' title="bbox 1082 2219 1881 2259; baseline -0.006 -9"><span class='ocrx_word' id='word_1_685' title='bbox 1082 2225 1095 2250; x_wconf 78' lang='grc' dir='ltr'>ὁ</span> <span class='ocrx_word' id='word_1_686' title='bbox 1106 2223 1232 2259; x_wconf 84' lang='grc' dir='ltr'>δεύτερος</span> <span class='ocrx_word' id='word_1_687' title='bbox 1244 2222 1401 2249; x_wconf 80' lang='grc' dir='ltr'>ἐλαττοῦται</span> <span class='ocrx_word' id='word_1_688' title='bbox 1417 2221 1465 2248; x_wconf 82' lang='grc' dir='ltr'>τοῦ</span> <span class='ocrx_word' id='word_1_689' title='bbox 1483 2222 1587 2256; x_wconf 79' lang='grc' dir='ltr'>τρίτου,</span> <span class='ocrx_word' id='word_1_690' title='bbox 1603 2221 1661 2255; x_wconf 81' lang='grc' dir='ltr'>εἴγε</span> <span class='ocrx_word' id='word_1_691' title='bbox 1672 2220 1719 2246; x_wconf 81' lang='grc' dir='ltr'>νῦν</span> <span class='ocrx_word' id='word_1_692' title='bbox 1743 2219 1794 2255; x_wconf 81' lang='grc' dir='ltr'>μὲν</span> <span class='ocrx_word' id='word_1_693' title='bbox 1830 2221 1881 2246; x_wconf 81' lang='grc' dir='ltr'>Ἐν</span> 
     </span>
    </p>
   </div>
   <div class='ocr_carea' id='block_1_93' title="bbox 242 2268 1031 2304">
    <p class='ocr_par' dir='ltr' id='par_1_93' title="bbox 242 2268 1031 2304">
     <span class='ocr_line' id='line_1_93' title="bbox 242 2268 1031 2304; baseline 0 -7"><span class='ocrx_word' id='word_1_694' title='bbox 242 2270 338 2303; x_wconf 87' lang='lat' dir='ltr'><strong>etiam,</strong></span> <span class='ocrx_word' id='word_1_695' title='bbox 351 2268 417 2296; x_wconf 78' lang='lat' dir='ltr'><strong>Cum</strong></span> <span class='ocrx_word' id='word_1_696' title='bbox 438 2270 536 2295; x_wconf 76' lang='lat' dir='ltr'><strong>venerit</strong></span> <span class='ocrx_word' id='word_1_697' title='bbox 547 2269 617 2304; x_wconf 76' lang='lat' dir='ltr'><strong>quod</strong></span> <span class='ocrx_word' id='word_1_698' title='bbox 632 2268 777 2303; x_wconf 77' lang='lat' dir='ltr'><strong>perfectum</strong></span> <span class='ocrx_word' id='word_1_699' title='bbox 787 2275 843 2303; x_wconf 70' lang='lat' dir='ltr'><strong>est,</strong></span> <span class='ocrx_word' id='word_1_700' title='bbox 857 2270 1031 2297; x_wconf 81' lang='lat' dir='ltr'><strong>evacuabitur</strong></span> 
     </span>
    </p>
   </div>
   <div class='ocr_carea' id='block_1_94' title="bbox 241 2313 1030 2350">
    <p class='ocr_par' dir='ltr' id='par_1_94' title="bbox 241 2313 1030 2350">
     <span class='ocr_line' id='line_1_94' title="bbox 241 2313 1030 2350; baseline 0 -9"><span class='ocrx_word' id='word_1_701' title='bbox 241 2315 310 2349; x_wconf 80' lang='lat' dir='ltr'><strong>quod</strong></span> <span class='ocrx_word' id='word_1_702' title='bbox 329 2322 362 2341; x_wconf 78' lang='lat' dir='ltr'><strong>ea:</strong></span> <span class='ocrx_word' id='word_1_703' title='bbox 384 2318 460 2349; x_wconf 79' lang='lat' dir='ltr'><strong>parta</strong></span> <span class='ocrx_word' id='word_1_704' title='bbox 482 2318 556 2341; x_wconf 63' lang='lat' dir='ltr'><strong>eun.</strong></span> <span class='ocrx_word' id='word_1_705' title='bbox 579 2313 612 2341; x_wconf 84' lang='lat' dir='ltr'><strong>Et</strong></span> <span class='ocrx_word' id='word_1_706' title='bbox 637 2314 778 2341; x_wconf 88' lang='lat' dir='ltr'><strong>considera</strong></span> <span class='ocrx_word' id='word_1_707' title='bbox 798 2313 914 2350; x_wconf 63' lang='lat' dir='ltr'><strong>[quatso]</strong></span> <span class='ocrx_word' id='word_1_708' title='bbox 936 2315 1030 2342; x_wconf 90' lang='lat' dir='ltr'><strong>divina</strong></span> 
     </span>
    </p>
   </div>
   <div class='ocr_carea' id='block_1_95' title="bbox 241 2359 1030 2396">
    <p class='ocr_par' dir='ltr' id='par_1_95' title="bbox 241 2359 1030 2396">
     <span class='ocr_line' id='line_1_95' title="bbox 241 2359 1030 2396; baseline 0 -8"><span class='ocrx_word' id='word_1_709' title='bbox 241 2361 380 2396; x_wconf 81' lang='lat' dir='ltr'><strong>operantis</strong></span> <span class='ocrx_word' id='word_1_710' title='bbox 411 2359 592 2387; x_wconf 66' lang='lat' dir='ltr'><strong>Providentia</strong></span> <span class='ocrx_word' id='word_1_711' title='bbox 625 2359 721 2395; x_wconf 67' lang='lat'><strong>19612</strong></span> <span class='ocrx_word' id='word_1_712' title='bbox 752 2359 979 2394; x_wconf 88' lang='lat' dir='ltr'><strong>sapientissimam</strong></span> <span class='ocrx_word' id='word_1_713' title='bbox 1002 2365 1030 2388; x_wconf 87' lang='lat' dir='ltr'><strong>et</strong></span> 
     </span>
    </p>
   </div>
   <div class='ocr_carea' id='block_1_96' title="bbox 241 2405 1028 2441">
    <p class='ocr_par' dir='ltr' id='par_1_96' title="bbox 241 2405 1028 2441">
     <span class='ocr_line' id='line_1_96' title="bbox 241 2405 1028 2441; baseline -0.001 -7"><span class='ocrx_word' id='word_1_714' title='bbox 241 2406 374 2441; x_wconf 79' lang='lat' dir='ltr'><strong>:equalem</strong></span> <span class='ocrx_word' id='word_1_715' title='bbox 404 2406 547 2433; x_wconf 89' lang='lat' dir='ltr'><strong>trutinam.</strong></span> <span class='ocrx_word' id='word_1_716' title='bbox 570 2405 717 2433; x_wconf 82' lang='lat' dir='ltr'><strong>Videbatur</strong></span> <span class='ocrx_word' id='word_1_717' title='bbox 741 2405 823 2433; x_wconf 84' lang='lat' dir='ltr'><strong>Pater</strong></span> <span class='ocrx_word' id='word_1_718' title='bbox 844 2406 943 2440; x_wconf 86' lang='lat' dir='ltr'><strong>priscis</strong></span> <span class='ocrx_word' id='word_1_719' title='bbox 972 2406 1028 2434; x_wconf 84' lang='lat' dir='ltr'><strong>illis</strong></span> 
     </span>
    </p>
   </div>
   <div class='ocr_carea' id='block_1_97' title="bbox 243 2450 1029 2486">
    <p class='ocr_par' dir='ltr' id='par_1_97' title="bbox 243 2450 1029 2486">
     <span class='ocr_line' id='line_1_97' title="bbox 243 2450 1029 2486; baseline 0.001 -8"><span class='ocrx_word' id='word_1_720' title='bbox 243 2452 406 2486; x_wconf 67' lang='lat' dir='ltr'><strong>praecipuam</strong></span> <span class='ocrx_word' id='word_1_721' title='bbox 418 2451 579 2485; x_wconf 72' lang='lat' dir='ltr'><strong>dignitatem</strong></span> <span class='ocrx_word' id='word_1_722' title='bbox 601 2450 727 2478; x_wconf 90' lang='lat' dir='ltr'><strong>obtinere</strong></span> <span class='ocrx_word' id='word_1_723' title='bbox 740 2460 747 2477; x_wconf 92' lang='lat'><strong>:</strong></span> <span class='ocrx_word' id='word_1_724' title='bbox 761 2458 924 2486; x_wconf 84' lang='lat' dir='ltr'><strong>rursumque</strong></span> <span class='ocrx_word' id='word_1_725' title='bbox 943 2451 1029 2480; x_wconf 85' lang='lat' dir='ltr'><strong>Filius</strong></span> 
     </span>
    </p>
   </div>
   <div class='ocr_carea' id='block_1_98' title="bbox 242 2496 1028 2532">
    <p class='ocr_par' dir='ltr' id='par_1_98' title="bbox 242 2496 1028 2532">
     <span class='ocr_line' id='line_1_98' title="bbox 242 2496 1028 2532; baseline 0.001 -9"><span class='ocrx_word' id='word_1_726' title='bbox 242 2497 269 2524; x_wconf 94' lang='lat' dir='ltr'><strong>in</strong></span> <span class='ocrx_word' id='word_1_727' title='bbox 287 2504 355 2524; x_wconf 85' lang='lat' dir='ltr'><strong>nova</strong></span> <span class='ocrx_word' id='word_1_728' title='bbox 368 2496 427 2531; x_wconf 73' lang='lat' dir='ltr'><strong>lege</strong></span> <span class='ocrx_word' id='word_1_729' title='bbox 442 2496 601 2531; x_wconf 86' lang='lat' dir='ltr'><strong>quibusdam</strong></span> <span class='ocrx_word' id='word_1_730' title='bbox 619 2496 764 2528; x_wconf 90' lang='lat' dir='ltr'><strong>minorem,</strong></span> <span class='ocrx_word' id='word_1_731' title='bbox 780 2501 808 2524; x_wconf 89' lang='lat' dir='ltr'><strong>at</strong></span> <span class='ocrx_word' id='word_1_732' title='bbox 822 2497 916 2524; x_wconf 83' lang='lat' dir='ltr'><strong>multis</strong></span> <span class='ocrx_word' id='word_1_733' title='bbox 935 2505 1028 2532; x_wconf 68' lang='lat' dir='ltr'><strong>aequa-</strong></span> 
     </span>
    </p>
   </div>
   <div class='ocr_carea' id='block_1_99' title="bbox 242 2542 1029 2578">
    <p class='ocr_par' dir='ltr' id='par_1_99' title="bbox 242 2542 1029 2578">
     <span class='ocr_line' id='line_1_99' title="bbox 242 2542 1029 2578; baseline 0.003 -8"><span class='ocrx_word' id='word_1_734' title='bbox 242 2543 293 2570; x_wconf 93' lang='lat' dir='ltr'><strong>lem</strong></span> <span class='ocrx_word' id='word_1_735' title='bbox 312 2552 318 2570; x_wconf 94' lang='lat'>:</span> <span class='ocrx_word' id='word_1_736' title='bbox 330 2542 453 2578; x_wconf 86' lang='lat' dir='ltr'><strong>Spiritus</strong></span> <span class='ocrx_word' id='word_1_737' title='bbox 467 2550 533 2570; x_wconf 87' lang='lat' dir='ltr'><strong>vero</strong></span> <span class='ocrx_word' id='word_1_738' title='bbox 550 2548 661 2570; x_wconf 87' lang='lat' dir='ltr'><strong>sanctus</strong></span> <span class='ocrx_word' id='word_1_739' title='bbox 674 2543 766 2570; x_wconf 91' lang='lat' dir='ltr'><strong>multis</strong></span> <span class='ocrx_word' id='word_1_740' title='bbox 779 2542 923 2575; x_wconf 89' lang='lat' dir='ltr'><strong>minorem,</strong></span> <span class='ocrx_word' id='word_1_741' title='bbox 935 2544 1029 2578; x_wconf 85' lang='lat' dir='ltr'><strong>paucis</strong></span> 
     </span>
    </p>
   </div>
   <div class='ocr_carea' id='block_1_100' title="bbox 241 2588 1029 2625">
    <p class='ocr_par' dir='ltr' id='par_1_100' title="bbox 241 2588 1029 2625">
     <span class='ocr_line' id='line_1_100' title="bbox 241 2588 1029 2625; baseline 0.001 -9"><span class='ocrx_word' id='word_1_742' title='bbox 241 2590 385 2625; x_wconf 61' lang='lat' dir='ltr'><strong>aqualem.</strong></span> <span class='ocrx_word' id='word_1_743' title='bbox 402 2588 438 2616; x_wconf 87' lang='lat' dir='ltr'><strong>Ut</strong></span> <span class='ocrx_word' id='word_1_744' title='bbox 452 2589 534 2623; x_wconf 78' lang='lat' dir='ltr'><strong>igitur</strong></span> <span class='ocrx_word' id='word_1_745' title='bbox 550 2596 584 2616; x_wconf 77' lang='lat' dir='ltr'><strong>ex</strong></span> <span class='ocrx_word' id='word_1_746' title='bbox 593 2589 736 2616; x_wconf 83' lang='lat' dir='ltr'><strong>hominum</strong></span> <span class='ocrx_word' id='word_1_747' title='bbox 748 2589 877 2623; x_wconf 92' lang='lat' dir='ltr'><strong>opinione</strong></span> <span class='ocrx_word' id='word_1_748' title='bbox 891 2594 951 2617; x_wconf 90' lang='lat' dir='ltr'><strong>orta</strong></span> <span class='ocrx_word' id='word_1_749' title='bbox 963 2590 1029 2617; x_wconf 65' lang='lat' dir='ltr'><strong>inre-</strong></span> 
     </span>
    </p>
   </div>
   <div class='ocr_carea' id='block_1_101' title="bbox 241 2636 1029 2672">
    <p class='ocr_par' dir='ltr' id='par_1_101' title="bbox 241 2636 1029 2672">
     <span class='ocr_line' id='line_1_101' title="bbox 241 2636 1029 2672; baseline 0.001 -8"><span class='ocrx_word' id='word_1_750' title='bbox 241 2637 357 2672; x_wconf 79' lang='lat' dir='ltr'><strong>qualitas</strong></span> <span class='ocrx_word' id='word_1_751' title='bbox 377 2637 411 2664; x_wconf 83' lang='lat' dir='ltr'><strong>ad</strong></span> <span class='ocrx_word' id='word_1_752' title='bbox 428 2637 612 2672; x_wconf 67' lang='lat' dir='ltr'><strong>aequalitatem</strong></span> <span class='ocrx_word' id='word_1_753' title='bbox 638 2636 834 2669; x_wconf 83' lang='lat' dir='ltr'><strong>reduceretur,</strong></span> <span class='ocrx_word' id='word_1_754' title='bbox 856 2637 960 2671; x_wconf 88' lang='lat' dir='ltr'><strong>primus</strong></span> <span class='ocrx_word' id='word_1_755' title='bbox 983 2638 1029 2666; x_wconf 91' lang='lat' dir='ltr'><strong>ille</strong></span> 
     </span>
    </p>
   </div>
   <div class='ocr_carea' id='block_1_102' title="bbox 284 2704 1028 2770">
    <p class='ocr_par' dir='ltr' id='par_1_102' title="bbox 284 2704 1028 2770">
     <span class='ocr_line' id='line_1_102' title="bbox 284 2704 1028 2739; baseline 0.003 -7"><span class='ocrx_word' id='word_1_756' title='bbox 284 2705 293 2723; x_wconf 71' lang='grc' dir='ltr'><strong>ι</strong></span> <span class='ocrx_word' id='word_1_757' title='bbox 309 2704 331 2732; x_wconf 93' lang='lat' dir='ltr'><strong>ll</strong></span> <span class='ocrx_word' id='word_1_758' title='bbox 345 2705 408 2733; x_wconf 86' lang='lat' dir='ltr'><strong>Cor.</strong></span> <span class='ocrx_word' id='word_1_759' title='bbox 423 2714 444 2739; x_wconf 81' lang='grc' dir='ltr'><strong>ι,</strong></span> <span class='ocrx_word' id='word_1_760' title='bbox 460 2705 505 2732; x_wconf 73' lang='lat'><strong>22.</strong></span> <span class='ocrx_word' id='word_1_761' title='bbox 525 2709 541 2725; x_wconf 76' lang='grc' dir='ltr'><strong>ἰ</strong></span> <span class='ocrx_word' id='word_1_762' title='bbox 556 2705 655 2739; x_wconf 81' lang='lat' dir='ltr'><strong>Ephes.</strong></span> <span class='ocrx_word' id='word_1_763' title='bbox 670 2713 689 2738; x_wconf 87' lang='lat' dir='ltr'><strong>I,</strong></span> <span class='ocrx_word' id='word_1_764' title='bbox 708 2705 758 2738; x_wconf 77' lang='lat' dir='ltr'><strong>M;</strong></span> <span class='ocrx_word' id='word_1_765' title='bbox 775 2705 854 2734; x_wconf 80' lang='lat' dir='ltr'><strong>Rom.</strong></span> <span class='ocrx_word' id='word_1_766' title='bbox 872 2707 988 2738; x_wconf 74' lang='lat' dir='ltr'><strong>vut.25.</strong></span> <span class='ocrx_word' id='word_1_767' title='bbox 1026 2712 1028 2716; x_wconf 96' lang='lat'>&#39;</span> 
     </span>
     <span class='ocr_line' id='line_1_103' title="bbox 285 2740 1026 2770; baseline 0.003 -3"><span class='ocrx_word' id='word_1_768' title='bbox 285 2748 325 2768; x_wconf 86' lang='lat' dir='ltr'><strong>rc.</strong></span> <span class='ocrx_word' id='word_1_769' title='bbox 341 2745 383 2770; x_wconf 80' lang='lat' dir='ltr'><strong>tl.</strong></span> <span class='ocrx_word' id='word_1_770' title='bbox 395 2741 446 2770; x_wconf 77' lang='lat'><strong>29;</strong></span> <span class='ocrx_word' id='word_1_771' title='bbox 460 2740 526 2769; x_wconf 88' lang='lat' dir='ltr'><strong>Luc.</strong></span> <span class='ocrx_word' id='word_1_772' title='bbox 541 2749 590 2770; x_wconf 81' lang='lat' dir='ltr'><strong>xu.</strong></span> <span class='ocrx_word' id='word_1_773' title='bbox 607 2740 650 2768; x_wconf 85' lang='grc'><strong>10.</strong></span> <span class='ocrx_word' id='word_1_774' title='bbox 690 2745 701 2758; x_wconf 75' lang='grc' dir='ltr'><strong>ι</strong></span> <span class='ocrx_word' id='word_1_775' title='bbox 716 2741 726 2767; x_wconf 93' lang='lat' dir='ltr'><strong>l</strong></span> <span class='ocrx_word' id='word_1_776' title='bbox 740 2740 804 2768; x_wconf 86' lang='lat' dir='ltr'><strong>Cor.</strong></span> <span class='ocrx_word' id='word_1_777' title='bbox 820 2749 881 2770; x_wconf 82' lang='lat' dir='ltr'><strong>xm.</strong></span> <span class='ocrx_word' id='word_1_778' title='bbox 897 2741 941 2769; x_wconf 71' lang='grc'><strong>12.</strong></span> <span class='ocrx_word' id='word_1_779' title='bbox 989 2748 1003 2762; x_wconf 74' lang='grc' dir='ltr'>ι</span> <span class='ocrx_word' id='word_1_780' title='bbox 1020 2742 1026 2769; x_wconf 93' lang='lat' dir='ltr'><strong>i</strong></span> 
     </span>
    </p>
   </div>
   <div class='ocr_carea' id='block_1_103' title="bbox 1082 2704 1282 2770">
    <p class='ocr_par' dir='ltr' id='par_1_103' title="bbox 1082 2707 1282 2769">
     <span class='ocr_line' id='line_1_104' title="bbox 1082 2707 1282 2769; baseline 0 -35"><span class='ocrx_word' id='word_1_781' title='bbox 1082 2708 1220 2769; x_wconf 38' lang='lat' dir='ltr'><strong>strauit,</strong></span> <span class='ocrx_word' id='word_1_782' title='bbox 1235 2707 1282 2734; x_wconf 82' lang='lat'><strong>&#39;50.</strong></span> 
     </span>
    </p>
   </div>
   <div class='ocr_carea' id='block_1_104' title="bbox 1020 2750 1156 2769">
    <p class='ocr_par' dir='ltr' id='par_1_104' title="bbox 1020 2750 1156 2769">
     <span class='ocr_line' id='line_1_105' title="bbox 1020 2750 1156 2769; baseline 0 0"><span class='ocrx_word' id='word_1_783' title='bbox 1020 2750 1087 2769; x_wconf 87' lang='grc' dir='ltr'>ιυιιι.</span> <span class='ocrx_word' id='word_1_784' title='bbox 1109 2750 1156 2769; x_wconf 84' lang='lat' dir='ltr'><strong>‘lU.</strong></span> 
     </span>
    </p>
   </div>
   <div class='ocr_carea' id='block_1_105' title="bbox 241 2739 941 2775">
    <p class='ocr_par' dir='ltr' id='par_1_105' title="bbox 241 2739 941 2775">
     <span class='ocr_line' id='line_1_106' title="bbox 241 2739 941 2775; baseline 0.001 -8"><span class='ocrx_word' id='word_1_785' title='bbox 241 2739 325 2768; x_wconf 73' lang='lat' dir='ltr'><strong>Marc.</strong></span> <span class='ocrx_word' id='word_1_786' title='bbox 341 2745 383 2774; x_wconf 73' lang='lat' dir='ltr'><strong>ll,</strong></span> <span class='ocrx_word' id='word_1_787' title='bbox 395 2741 446 2775; x_wconf 76' lang='lat'><strong>29;</strong></span> <span class='ocrx_word' id='word_1_788' title='bbox 460 2740 526 2769; x_wconf 88' lang='lat' dir='ltr'><strong>Luc.</strong></span> <span class='ocrx_word' id='word_1_789' title='bbox 541 2749 590 2774; x_wconf 81' lang='lat' dir='ltr'><strong>xu,</strong></span> <span class='ocrx_word' id='word_1_790' title='bbox 607 2740 650 2768; x_wconf 85' lang='grc'><strong>10.</strong></span> <span class='ocrx_word' id='word_1_791' title='bbox 690 2745 701 2758; x_wconf 73' lang='grc' dir='ltr'><strong>ι</strong></span> <span class='ocrx_word' id='word_1_792' title='bbox 716 2741 726 2767; x_wconf 93' lang='lat' dir='ltr'><strong>l</strong></span> <span class='ocrx_word' id='word_1_793' title='bbox 740 2740 804 2768; x_wconf 86' lang='lat' dir='ltr'><strong>Cor.</strong></span> <span class='ocrx_word' id='word_1_794' title='bbox 820 2749 881 2774; x_wconf 82' lang='lat' dir='ltr'><strong>xm,</strong></span> <span class='ocrx_word' id='word_1_795' title='bbox 897 2741 941 2769; x_wconf 72' lang='lat'><strong>12.</strong></span> 
     </span>
    </p>
   </div>
   <div class='ocr_carea' id='block_1_106' title="bbox 1081 2266 1881 2303">
    <p class='ocr_par' dir='ltr' id='par_1_106' title="bbox 1081 2266 1881 2303">
     <span class='ocr_line' id='line_1_107' title="bbox 1081 2266 1881 2303; baseline -0.006 -6"><span class='ocrx_word' id='word_1_796' title='bbox 1081 2270 1238 2303; x_wconf 69' lang='grc' dir='ltr'>ὲσόπτρῳδ</span> <span class='ocrx_word' id='word_1_797' title='bbox 1250 2269 1407 2303; x_wconf 78' lang='grc' dir='ltr'><strong>βλέπομεν</strong></span> <span class='ocrx_word' id='word_1_798' title='bbox 1429 2267 1480 2294; x_wconf 79' lang='grc' dir='ltr'><strong>καί</strong></span> <span class='ocrx_word' id='word_1_799' title='bbox 1506 2268 1541 2295; x_wconf 78' lang='grc' dir='ltr'>ἐν</span> <span class='ocrx_word' id='word_1_800' title='bbox 1564 2267 1725 2301; x_wconf 69' lang='grc' dir='ltr'>αἰνίγματι,</span> <span class='ocrx_word' id='word_1_801' title='bbox 1743 2266 1814 2292; x_wconf 71' lang='grc' dir='ltr'>τότε</span> <span class='ocrx_word' id='word_1_802' title='bbox 1844 2266 1881 2292; x_wconf 77' lang='grc' dir='ltr'><strong>δὲ</strong></span> 
     </span>
    </p>
   </div>
   <div class='ocr_carea' id='block_1_107' title="bbox 1081 2311 1880 2349">
    <p class='ocr_par' dir='ltr' id='par_1_107' title="bbox 1081 2311 1880 2349">
     <span class='ocr_line' id='line_1_108' title="bbox 1081 2311 1880 2349; baseline -0.006 -7"><span class='ocrx_word' id='word_1_803' title='bbox 1081 2316 1246 2349; x_wconf 78' lang='grc' dir='ltr'>πρόσωπον</span> <span class='ocrx_word' id='word_1_804' title='bbox 1262 2314 1337 2348; x_wconf 79' lang='grc' dir='ltr'><em>πρὸς</em></span> <span class='ocrx_word' id='word_1_805' title='bbox 1358 2313 1533 2347; x_wconf 79' lang='grc' dir='ltr'>πρόσωπον.</span> <span class='ocrx_word' id='word_1_806' title='bbox 1549 2312 1595 2339; x_wconf 85' lang='grc' dir='ltr'><strong>Διδ</strong></span> <span class='ocrx_word' id='word_1_807' title='bbox 1612 2312 1670 2343; x_wconf 79' lang='grc' dir='ltr'>καὶ,</span> <span class='ocrx_word' id='word_1_808' title='bbox 1690 2311 1785 2338; x_wconf 79' lang='grc' dir='ltr'>ὀταν</span> <span class='ocrx_word' id='word_1_809' title='bbox 1798 2311 1880 2345; x_wconf 70' lang='grc' dir='ltr'><strong>ἔλθῃ</strong></span> 
     </span>
    </p>
   </div>
   <div class='ocr_carea' id='block_1_108' title="bbox 1080 2359 1882 2396">
    <p class='ocr_par' dir='ltr' id='par_1_108' title="bbox 1080 2359 1882 2396">
     <span class='ocr_line' id='line_1_109' title="bbox 1080 2359 1882 2396; baseline -0.007 -6"><span class='ocrx_word' id='word_1_810' title='bbox 1080 2363 1115 2390; x_wconf 84' lang='grc' dir='ltr'>τὸ</span> <span class='ocrx_word' id='word_1_811' title='bbox 1132 2362 1259 2395; x_wconf 75' lang='grc' dir='ltr'>τέλειον,</span> <span class='ocrx_word' id='word_1_812' title='bbox 1277 2360 1535 2396; x_wconf 72' lang='grc' dir='ltr'>καταργηθήσεται</span> <span class='ocrx_word' id='word_1_813' title='bbox 1560 2359 1594 2386; x_wconf 84' lang='grc' dir='ltr'>τὸ</span> <span class='ocrx_word' id='word_1_814' title='bbox 1617 2359 1651 2386; x_wconf 78' lang='grc' dir='ltr'>ὲκ</span> <span class='ocrx_word' id='word_1_815' title='bbox 1675 2359 1799 2393; x_wconf 81' lang='grc' dir='ltr'>μέρους.</span> <span class='ocrx_word' id='word_1_816' title='bbox 1820 2359 1882 2385; x_wconf 76' lang='grc' dir='ltr'><strong>Καὶ</strong></span> 
     </span>
    </p>
   </div>
   <div class='ocr_carea' id='block_1_109' title="bbox 1081 2404 1882 2442">
    <p class='ocr_par' dir='ltr' id='par_1_109' title="bbox 1081 2404 1882 2442">
     <span class='ocr_line' id='line_1_110' title="bbox 1081 2404 1882 2442; baseline -0.007 -6"><span class='ocrx_word' id='word_1_817' title='bbox 1081 2409 1178 2436; x_wconf 78' lang='grc' dir='ltr'>σκόπει</span> <span class='ocrx_word' id='word_1_818' title='bbox 1194 2408 1245 2442; x_wconf 84' lang='grc' dir='ltr'>τῆς</span> <span class='ocrx_word' id='word_1_819' title='bbox 1262 2407 1412 2442; x_wconf 83' lang='grc' dir='ltr'>θεουργοῦ¹</span> <span class='ocrx_word' id='word_1_820' title='bbox 1427 2407 1558 2442; x_wconf 87' lang='grc' dir='ltr'>Προνοίας</span> <span class='ocrx_word' id='word_1_821' title='bbox 1568 2405 1614 2432; x_wconf 83' lang='grc' dir='ltr'>τὸν</span> <span class='ocrx_word' id='word_1_822' title='bbox 1629 2404 1768 2438; x_wconf 77' lang='grc' dir='ltr'>πάνσοφόν</span> <span class='ocrx_word' id='word_1_823' title='bbox 1778 2412 1810 2430; x_wconf 84' lang='grc' dir='ltr'><strong>τε</strong></span> <span class='ocrx_word' id='word_1_824' title='bbox 1830 2406 1882 2431; x_wconf 75' lang='grc' dir='ltr'>καὶ</span> 
     </span>
    </p>
   </div>
   <div class='ocr_carea' id='block_1_110' title="bbox 1080 2450 1881 2491">
    <p class='ocr_par' dir='ltr' id='par_1_110' title="bbox 1080 2450 1881 2491">
     <span class='ocr_line' id='line_1_111' title="bbox 1080 2450 1881 2491; baseline -0.009 -9"><span class='ocrx_word' id='word_1_825' title='bbox 1080 2454 1190 2491; x_wconf 71' lang='grc' dir='ltr'>ἀρρεπῆ</span> <span class='ocrx_word' id='word_1_826' title='bbox 1204 2453 1295 2488; x_wconf 83' lang='grc' dir='ltr'>ζυγόν.</span> <span class='ocrx_word' id='word_1_827' title='bbox 1307 2453 1371 2489; x_wconf 73' lang='grc'><strong>[525</strong></span> <span class='ocrx_word' id='word_1_828' title='bbox 1386 2452 1433 2488; x_wconf 85' lang='grc' dir='ltr'><strong>Η.]</strong></span> <span class='ocrx_word' id='word_1_829' title='bbox 1456 2452 1485 2478; x_wconf 82' lang='grc' dir='ltr'>Ὃ</span> <span class='ocrx_word' id='word_1_830' title='bbox 1502 2451 1597 2486; x_wconf 84' lang='grc' dir='ltr'>Πατὴρ</span> <span class='ocrx_word' id='word_1_831' title='bbox 1613 2450 1699 2478; x_wconf 74' lang='grc' dir='ltr'>ἐδόκει</span> <span class='ocrx_word' id='word_1_832' title='bbox 1711 2451 1771 2481; x_wconf 79' lang='grc' dir='ltr'>τοῖς</span> <span class='ocrx_word' id='word_1_833' title='bbox 1786 2450 1881 2476; x_wconf 74' lang='grc' dir='ltr'>πάλαι</span> 
     </span>
    </p>
   </div>
   <div class='ocr_carea' id='block_1_111' title="bbox 1080 2496 1881 2536">
    <p class='ocr_par' dir='ltr' id='par_1_111' title="bbox 1080 2496 1881 2536">
     <span class='ocr_line' id='line_1_112' title="bbox 1080 2496 1881 2536; baseline -0.007 -8"><span class='ocrx_word' id='word_1_834' title='bbox 1080 2502 1111 2528; x_wconf 79' lang='grc' dir='ltr'>τὸ</span> <span class='ocrx_word' id='word_1_835' title='bbox 1136 2500 1228 2536; x_wconf 76' lang='grc' dir='ltr'>μεῖζον</span> <span class='ocrx_word' id='word_1_836' title='bbox 1252 2499 1334 2535; x_wconf 72' lang='grc' dir='ltr'>ἔχειν,</span> <span class='ocrx_word' id='word_1_837' title='bbox 1358 2500 1372 2525; x_wconf 83' lang='grc' dir='ltr'><strong>ό</strong></span> <span class='ocrx_word' id='word_1_838' title='bbox 1397 2498 1461 2529; x_wconf 80' lang='grc' dir='ltr'><strong>Υἱὸς</strong></span> <span class='ocrx_word' id='word_1_839' title='bbox 1476 2497 1505 2524; x_wconf 80' lang='grc' dir='ltr'><strong>δὲ</strong></span> <span class='ocrx_word' id='word_1_840' title='bbox 1531 2497 1613 2524; x_wconf 81' lang='grc' dir='ltr'>πάλιν</span> <span class='ocrx_word' id='word_1_841' title='bbox 1635 2496 1707 2523; x_wconf 79' lang='grc' dir='ltr'>κατὰ</span> <span class='ocrx_word' id='word_1_842' title='bbox 1729 2496 1781 2530; x_wconf 84' lang='grc' dir='ltr'><strong>τὴν</strong></span> <span class='ocrx_word' id='word_1_843' title='bbox 1810 2496 1881 2523; x_wconf 88' lang='grc' dir='ltr'>νέαν</span> 
     </span>
    </p>
   </div>
   <div class='ocr_carea' id='block_1_112' title="bbox 1081 2541 1882 2580">
    <p class='ocr_par' dir='ltr' id='par_1_112' title="bbox 1081 2541 1882 2580">
     <span class='ocr_line' id='line_1_113' title="bbox 1081 2541 1882 2580; baseline -0.004 -8"><span class='ocrx_word' id='word_1_844' title='bbox 1081 2546 1162 2577; x_wconf 74' lang='grc' dir='ltr'>ἐνίοις</span> <span class='ocrx_word' id='word_1_845' title='bbox 1183 2546 1233 2580; x_wconf 78' lang='grc' dir='ltr'>μὲν</span> <span class='ocrx_word' id='word_1_846' title='bbox 1252 2546 1283 2572; x_wconf 86' lang='grc' dir='ltr'><strong>τὺ</strong></span> <span class='ocrx_word' id='word_1_847' title='bbox 1305 2544 1424 2576; x_wconf 73' lang='grc' dir='ltr'>ἔλαττον,</span> <span class='ocrx_word' id='word_1_848' title='bbox 1442 2544 1498 2574; x_wconf 83' lang='grc' dir='ltr'>τοῖς</span> <span class='ocrx_word' id='word_1_849' title='bbox 1522 2543 1631 2574; x_wconf 81' lang='grc' dir='ltr'>πολλοῖς</span> <span class='ocrx_word' id='word_1_850' title='bbox 1656 2542 1685 2568; x_wconf 70' lang='grc' dir='ltr'><strong>δὲ</strong></span> <span class='ocrx_word' id='word_1_851' title='bbox 1701 2541 1733 2568; x_wconf 70' lang='grc' dir='ltr'>τὸ</span> <span class='ocrx_word' id='word_1_852' title='bbox 1750 2541 1828 2568; x_wconf 68' lang='grc' dir='ltr'>ἴσον·</span> <span class='ocrx_word' id='word_1_853' title='bbox 1847 2543 1882 2569; x_wconf 81' lang='grc' dir='ltr'>τὸ</span> 
     </span>
    </p>
   </div>
   <div class='ocr_carea' id='block_1_113' title="bbox 1080 2587 1880 2626">
    <p class='ocr_par' dir='ltr' id='par_1_113' title="bbox 1080 2587 1880 2626">
     <span class='ocr_line' id='line_1_114' title="bbox 1080 2587 1880 2626; baseline -0.006 -8"><span class='ocrx_word' id='word_1_854' title='bbox 1080 2591 1110 2619; x_wconf 83' lang='grc' dir='ltr'><strong>δὲ</strong></span> <span class='ocrx_word' id='word_1_855' title='bbox 1131 2592 1208 2626; x_wconf 82' lang='grc' dir='ltr'>ἆγιον</span> <span class='ocrx_word' id='word_1_856' title='bbox 1224 2590 1338 2626; x_wconf 85' lang='grc' dir='ltr'>Πνεῦμα</span> <span class='ocrx_word' id='word_1_857' title='bbox 1355 2591 1411 2621; x_wconf 76' lang='grc' dir='ltr'>τοῖς</span> <span class='ocrx_word' id='word_1_858' title='bbox 1429 2589 1536 2621; x_wconf 83' lang='grc' dir='ltr'>πολλοῖς</span> <span class='ocrx_word' id='word_1_859' title='bbox 1553 2588 1604 2624; x_wconf 74' lang='grc' dir='ltr'>μὲν</span> <span class='ocrx_word' id='word_1_860' title='bbox 1627 2588 1658 2614; x_wconf 79' lang='grc' dir='ltr'><strong>τὸ</strong></span> <span class='ocrx_word' id='word_1_861' title='bbox 1675 2587 1800 2621; x_wconf 73' lang='grc' dir='ltr'>ἔλαττον,</span> <span class='ocrx_word' id='word_1_862' title='bbox 1816 2588 1880 2614; x_wconf 80' lang='grc' dir='ltr'>ὀλί-</span> 
     </span>
    </p>
   </div>
   <div class='ocr_carea' id='block_1_114' title="bbox 1080 2633 1881 2672">
    <p class='ocr_par' dir='ltr' id='par_1_114' title="bbox 1080 2633 1881 2672">
     <span class='ocr_line' id='line_1_115' title="bbox 1080 2633 1881 2672; baseline -0.005 -8"><span class='ocrx_word' id='word_1_863' title='bbox 1080 2646 1140 2672; x_wconf 89' lang='grc' dir='ltr'>γοις</span> <span class='ocrx_word' id='word_1_864' title='bbox 1152 2637 1181 2664; x_wconf 77' lang='grc' dir='ltr'><strong>δὲ</strong></span> <span class='ocrx_word' id='word_1_865' title='bbox 1192 2636 1224 2663; x_wconf 78' lang='grc' dir='ltr'>τὸ</span> <span class='ocrx_word' id='word_1_866' title='bbox 1242 2636 1309 2664; x_wconf 80' lang='grc' dir='ltr'>ἴσον.</span> <span class='ocrx_word' id='word_1_867' title='bbox 1330 2636 1388 2662; x_wconf 88' lang='grc' dir='ltr'>Ἵνα</span> <span class='ocrx_word' id='word_1_868' title='bbox 1402 2634 1448 2662; x_wconf 79' lang='grc' dir='ltr'>οὖν</span> <span class='ocrx_word' id='word_1_869' title='bbox 1462 2634 1493 2661; x_wconf 73' lang='grc' dir='ltr'><strong>τὸ</strong></span> <span class='ocrx_word' id='word_1_870' title='bbox 1510 2634 1603 2662; x_wconf 74' lang='grc' dir='ltr'>ἄνισον</span> <span class='ocrx_word' id='word_1_871' title='bbox 1626 2634 1658 2660; x_wconf 80' lang='grc' dir='ltr'><strong>τὺ</strong></span> <span class='ocrx_word' id='word_1_872' title='bbox 1672 2633 1728 2661; x_wconf 82' lang='grc' dir='ltr'><strong>ἀπὸ</strong></span> <span class='ocrx_word' id='word_1_873' title='bbox 1750 2634 1804 2669; x_wconf 83' lang='grc' dir='ltr'>τῆς</span> <span class='ocrx_word' id='word_1_874' title='bbox 1819 2634 1881 2660; x_wconf 84' lang='grc' dir='ltr'><strong>τῶν</strong></span> 
     </span>
    </p>
   </div>
   <div class='ocr_carea' id='block_1_115' title="bbox 1334 2703 1878 2739">
    <p class='ocr_par' dir='ltr' id='par_1_115' title="bbox 1334 2703 1878 2739">
     <span class='ocr_line' id='line_1_116' title="bbox 1334 2703 1878 2739; baseline -0.004 -6"><span class='ocrx_word' id='word_1_875' title='bbox 1334 2713 1349 2727; x_wconf 74' lang='grc' dir='ltr'>κ</span> <span class='ocrx_word' id='word_1_876' title='bbox 1360 2705 1440 2734; x_wconf 80' lang='lat' dir='ltr'><strong>Joan.</strong></span> <span class='ocrx_word' id='word_1_877' title='bbox 1456 2713 1495 2739; x_wconf 85' lang='lat' dir='ltr'><strong>tv,</strong></span> <span class='ocrx_word' id='word_1_878' title='bbox 1507 2704 1553 2733; x_wconf 71' lang='grc'><strong>24.</strong></span> <span class='ocrx_word' id='word_1_879' title='bbox 1612 2708 1627 2725; x_wconf 77' lang='grc' dir='ltr'><strong><em>ν</em></strong></span> <span class='ocrx_word' id='word_1_880' title='bbox 1642 2703 1740 2732; x_wconf 79' lang='lat' dir='ltr'><strong>Matth.</strong></span> <span class='ocrx_word' id='word_1_881' title='bbox 1759 2712 1813 2738; x_wconf 84' lang='lat' dir='ltr'><strong>xu,</strong></span> <span class='ocrx_word' id='word_1_882' title='bbox 1827 2705 1878 2738; x_wconf 82' lang='lat' dir='ltr'><strong>3i;</strong></span> 
     </span>
    </p>
   </div>
   <div class='ocr_carea' id='block_1_116' title="bbox 896 2787 1245 2816">
    <p class='ocr_par' dir='ltr' id='par_1_116' title="bbox 896 2787 1245 2816">
     <span class='ocr_line' id='line_1_117' title="bbox 896 2787 1245 2816; baseline 0 -1"><span class='ocrx_word' id='word_1_883' title='bbox 896 2787 1015 2816; x_wconf 66' lang='lat' dir='ltr'><strong>VARI/£1</strong></span> <span class='ocrx_word' id='word_1_884' title='bbox 1039 2788 1104 2815; x_wconf 85' lang='lat' dir='ltr'><strong>LEC</strong></span> <span class='ocrx_word' id='word_1_885' title='bbox 1110 2788 1192 2815; x_wconf 85' lang='lat' dir='ltr'><strong>TlON</strong></span> <span class='ocrx_word' id='word_1_886' title='bbox 1195 2787 1245 2815; x_wconf 87' lang='lat' dir='ltr'><strong>ES.</strong></span> 
     </span>
    </p>
   </div>
   <div class='ocr_carea' id='block_1_117' title="bbox 273 2842 690 2879">
    <p class='ocr_par' dir='ltr' id='par_1_117' title="bbox 273 2842 690 2879">
     <span class='ocr_line' id='line_1_118' title="bbox 273 2842 690 2879; baseline 0.007 -10"><span class='ocrx_word' id='word_1_887' title='bbox 273 2843 303 2879; x_wconf 83' lang='lat'><strong>&quot;_</strong></span> <span class='ocrx_word' id='word_1_888' title='bbox 323 2843 471 2879; x_wconf 67' lang='grc' dir='ltr'>ξπιμαρτ.]</span> <span class='ocrx_word' id='word_1_889' title='bbox 485 2842 505 2870; x_wconf 90' lang='lat' dir='ltr'><strong>ll</strong></span> <span class='ocrx_word' id='word_1_890' title='bbox 519 2844 584 2871; x_wconf 83' lang='lat' dir='ltr'><strong>Cor.</strong></span> <span class='ocrx_word' id='word_1_891' title='bbox 605 2852 624 2875; x_wconf 84' lang='grc' dir='ltr'><strong>ι,</strong></span> <span class='ocrx_word' id='word_1_892' title='bbox 643 2844 690 2873; x_wconf 70' lang='grc'><strong>22.</strong></span> 
     </span>
    </p>
   </div>
   <div class='ocr_carea' id='block_1_118' title="bbox 240 2878 290 2930">
    <p class='ocr_par' dir='ltr' id='par_1_118' title="bbox 240 2878 290 2930">
     <span class='ocr_line' id='line_1_119' title="bbox 240 2878 290 2930; baseline 0 0"><span class='ocrx_word' id='word_1_893' title='bbox 240 2878 290 2930; x_wconf 59' lang='grc' dir='ltr'><strong>λίὴέ</strong></span> 
     </span>
    </p>
   </div>
   <div class='ocr_carea' id='block_1_119' title="bbox 271 2921 399 2947">
    <p class='ocr_par' dir='ltr' id='par_1_119' title="bbox 271 2921 399 2947">
     <span class='ocr_line' id='line_1_120' title="bbox 271 2921 399 2947; baseline 0.016 -7"><span class='ocrx_word' id='word_1_894' title='bbox 271 2921 358 2947; x_wconf 80' lang='grc' dir='ltr'>ουτως</span> <span class='ocrx_word' id='word_1_895' title='bbox 368 2923 399 2947; x_wconf 81' lang='grc' dir='ltr'>ς.</span> 
     </span>
    </p>
   </div>
   <div class='ocr_carea' id='block_1_120' title="bbox 743 2845 1263 2882">
    <p class='ocr_par' dir='ltr' id='par_1_120' title="bbox 743 2845 1263 2882">
     <span class='ocr_line' id='line_1_121' title="bbox 743 2845 1263 2882; baseline 0 -10"><span class='ocrx_word' id='word_1_896' title='bbox 743 2846 767 2882; x_wconf 60' lang='grc' dir='ltr'>ξθ</span> <span class='ocrx_word' id='word_1_897' title='bbox 783 2845 930 2882; x_wconf 69' lang='grc' dir='ltr'>πολλαχοῦ]</span> <span class='ocrx_word' id='word_1_898' title='bbox 951 2846 1069 2882; x_wconf 76' lang='grc' dir='ltr'>ἀλλαχοῦ</span> <span class='ocrx_word' id='word_1_899' title='bbox 1084 2845 1263 2882; x_wconf 70' lang='lat' dir='ltr'><strong>Hmscheljus.</strong></span> 
     </span>
    </p>
   </div>
   <div class='ocr_carea' id='block_1_121' title="bbox 329 2878 1028 2916">
    <p class='ocr_par' dir='ltr' id='par_1_121' title="bbox 329 2878 1028 2916">
     <span class='ocr_line' id='line_1_122' title="bbox 329 2878 1028 2916; baseline 0.004 -10"><span class='ocrx_word' id='word_1_900' title='bbox 329 2878 408 2906; x_wconf 80' lang='lat' dir='ltr'><strong>Rom.</strong></span> <span class='ocrx_word' id='word_1_901' title='bbox 438 2879 559 2916; x_wconf 81' lang='lat' dir='ltr'><strong>vttl,</strong></span> <span class='ocrx_word' id='word_1_902' title='bbox 597 2880 618 2895; x_wconf 82' lang='lat'>&quot;</span> <span class='ocrx_word' id='word_1_903' title='bbox 637 2880 665 2916; x_wconf 57' lang='lat' dir='ltr'><strong>sv</strong></span> <span class='ocrx_word' id='word_1_904' title='bbox 684 2880 751 2916; x_wconf 85' lang='grc' dir='ltr'>γὰρ]</span> <span class='ocrx_word' id='word_1_905' title='bbox 782 2878 962 2911; x_wconf 57' lang='grc' dir='ltr'>Μειιιὶιῗιιίιι,</span> <span class='ocrx_word' id='word_1_906' title='bbox 986 2878 1028 2909; x_wconf 56' lang='grc'><strong>50⁷.</strong></span> 
     </span>
    </p>
   </div>
   <div class='ocr_carea' id='block_1_122' title="bbox 1082 2878 1217 2916">
    <p class='ocr_par' dir='ltr' id='par_1_122' title="bbox 1090 2879 1217 2916">
     <span class='ocr_line' id='line_1_123' title="bbox 1090 2879 1217 2916; baseline 0 0"><span class='ocrx_word' id='word_1_907' title='bbox 1090 2879 1217 2916; x_wconf 69' lang='grc' dir='ltr'><strong>πνεῦμα]</strong></span> 
     </span>
    </p>
   </div>
   <div class='ocr_carea' id='block_1_123' title="bbox 1744 2842 1844 2868">
    <p class='ocr_par' dir='ltr' id='par_1_123' title="bbox 1744 2842 1844 2868">
     <span class='ocr_line' id='line_1_124' title="bbox 1744 2842 1844 2868; baseline 0 -10"><span class='ocrx_word' id='word_1_908' title='bbox 1744 2842 1769 2858; x_wconf 69' lang='grc'><strong>11</strong></span> <span class='ocrx_word' id='word_1_909' title='bbox 1784 2842 1844 2868; x_wconf 55' lang='grc' dir='ltr'><strong>ἀπα</strong></span> 
     </span>
    </p>
   </div>
   <div class='ocr_carea' id='block_1_124' title="bbox 1313 2843 1695 2880">
    <p class='ocr_par' dir='ltr' id='par_1_124' title="bbox 1313 2843 1695 2880">
     <span class='ocr_line' id='line_1_125' title="bbox 1313 2843 1695 2880; baseline -0.005 -9"><span class='ocrx_word' id='word_1_910' title='bbox 1313 2845 1336 2864; x_wconf 78' lang='grc'><strong>’⁷</strong></span> <span class='ocrx_word' id='word_1_911' title='bbox 1356 2843 1471 2880; x_wconf 55' lang='lat' dir='ltr'><strong>assae]</strong></span> <span class='ocrx_word' id='word_1_912' title='bbox 1499 2843 1606 2880; x_wconf 66' lang='lat' dir='ltr'><strong>Ephes.</strong></span> <span class='ocrx_word' id='word_1_913' title='bbox 1617 2843 1695 2880; x_wconf 39' lang='grc' dir='ltr'><strong>ιημ.</strong></span> 
     </span>
    </p>
   </div>
   <div class='ocr_carea' id='block_1_125' title="bbox 1256 2878 1878 2915">
    <p class='ocr_par' dir='ltr' id='par_1_125' title="bbox 1256 2878 1878 2915">
     <span class='ocr_line' id='line_1_126' title="bbox 1256 2878 1878 2915; baseline -0.005 -9"><span class='ocrx_word' id='word_1_914' title='bbox 1256 2880 1336 2908; x_wconf 81' lang='lat' dir='ltr'><strong>Joan.</strong></span> <span class='ocrx_word' id='word_1_915' title='bbox 1362 2878 1469 2909; x_wconf 56' lang='lat'><strong>161.25.</strong></span> <span class='ocrx_word' id='word_1_916' title='bbox 1497 2878 1607 2915; x_wconf 69' lang='grc' dir='ltr'>’πᾶσαι</span> <span class='ocrx_word' id='word_1_917' title='bbox 1637 2878 1734 2906; x_wconf 76' lang='lat' dir='ltr'><strong>Matth.</strong></span> <span class='ocrx_word' id='word_1_918' title='bbox 1759 2885 1809 2910; x_wconf 75' lang='lat' dir='ltr'><strong>ut,</strong></span> <span class='ocrx_word' id='word_1_919' title='bbox 1826 2878 1878 2904; x_wconf 76' lang='lat'><strong>51.</strong></span> 
     </span>
    </p>
   </div>
   <div class='ocr_carea' id='block_1_126' title="bbox 439 2913 1028 2954">
    <p class='ocr_par' dir='ltr' id='par_1_126' title="bbox 439 2913 1028 2953">
     <span class='ocr_line' id='line_1_127' title="bbox 439 2913 1028 2953; baseline 0.003 -12"><span class='ocrx_word' id='word_1_920' title='bbox 439 2913 449 2930; x_wconf 72' lang='lat'><strong>‘</strong></span> <span class='ocrx_word' id='word_1_921' title='bbox 464 2915 493 2942; x_wconf 74' lang='grc' dir='ltr'>ἐν</span> <span class='ocrx_word' id='word_1_922' title='bbox 508 2914 650 2952; x_wconf 66' lang='grc' dir='ltr'>ἐσόπτρῳ]</span> <span class='ocrx_word' id='word_1_923' title='bbox 668 2916 676 2944; x_wconf 92' lang='lat' dir='ltr'><strong>l</strong></span> <span class='ocrx_word' id='word_1_924' title='bbox 690 2913 752 2944; x_wconf 60' lang='lat' dir='ltr'><strong>Cu&#39;r&#39;.</strong></span> <span class='ocrx_word' id='word_1_925' title='bbox 768 2923 829 2949; x_wconf 78' lang='lat' dir='ltr'><strong>xui,</strong></span> <span class='ocrx_word' id='word_1_926' title='bbox 845 2916 888 2944; x_wconf 78' lang='lat' dir='ltr'><strong>l2.</strong></span> <span class='ocrx_word' id='word_1_927' title='bbox 927 2917 937 2933; x_wconf 80' lang='lat'>&#39;</span> <span class='ocrx_word' id='word_1_928' title='bbox 953 2916 1028 2953; x_wconf 67' lang='grc' dir='ltr'>θεουρ</span> 
     </span>
    </p>
   </div>
   <div class='ocr_carea' id='block_1_127' title="bbox 1082 2913 1390 2954">
    <p class='ocr_par' dir='ltr' id='par_1_127' title="bbox 1082 2913 1390 2954">
     <span class='ocr_line' id='line_1_128' title="bbox 1082 2913 1390 2954; baseline 0.006 -14"><span class='ocrx_word' id='word_1_929' title='bbox 1082 2915 1097 2954; x_wconf 63' lang='grc' dir='ltr'><strong>ὲ]</strong></span> <span class='ocrx_word' id='word_1_930' title='bbox 1114 2913 1282 2951; x_wconf 59' lang='grc' dir='ltr'>δημιούργοῦ</span> <span class='ocrx_word' id='word_1_931' title='bbox 1299 2923 1342 2950; x_wconf 89' lang='lat' dir='ltr'><strong>pr.</strong></span> <span class='ocrx_word' id='word_1_932' title='bbox 1357 2915 1390 2942; x_wconf 77' lang='grc' dir='ltr'><strong>Δ.</strong></span> 
     </span>
    </p>
   </div>
  </div>
