1916 3092
203 151 253 186 ’191

784 145 917 176 ΡΗΟΤΙΙ
935 143 1189 176 ΡΑΤΡιῘΑΒῦΗιΕ
1204 142 1259 172 CP.

1779 133 1838 165 792

201 210 336 243 pertatem
349 213 403 233 non
414 204 515 237 evadit,
531 203 577 239 qui
587 202 707 231 fossilent
717 209 828 230 arenam
845 209 992 229 ornamen-

1065 201 1122 235 ικὴν
1142 199 1257 235 ψάμμον
1270 198 1299 224 ἐν
1318 196 1479 233 ὡραῖσμῷἥ
1496 195 1590 230 παιδιᾷ
1604 193 1620 229 ἢ
1640 192 1711 220 κατὰ
1731 200 1840 226 μυκτη-

204 253 236 287 ti,
261 252 328 286 ludi,
351 256 397 278 aut
415 249 472 286 joci
489 256 570 277 causa
595 253 728 281 tractans,
757 247 863 275 nullum
887 247 992 274 interea

204 298 324 325 studium
339 296 460 329 adhibet,
477 294 590 330 utquod
605 294 656 322 sub
672 302 706 322 ea
729 293 917 322 absconditum
930 292 995 320 latet

206 342 350 377 investiget
364 350 372 368 :
385 340 424 368 sic
440 347 528 374 neque
544 339 737 375 ignorantiam,
755 346 844 374 neque
857 337 995 372 negligen-

205 389 251 416 tia:
264 387 506 423 reprehensionem
523 387 641 414 evadere
651 390 742 421 queat,
760 386 818 421 qui,
832 386 883 413 soli
897 385 995 412 littera!

207 438 416 468 adhaerescens,
434 436 594 463 thesaurum
616 434 642 461 in
665 435 722 469 ipsa
744 433 914 461 reconditum
940 440 994 459 non

206 486 356 515 scrutetur,
375 488 465 516 neque
493 480 621 507 latentem
640 479 668 506 in
687 478 746 512 eius
763 478 847 506 fundo
864 485 995 505 sensuum

207 528 352 555 utilitatem
376 526 505 561 colligere
526 525 644 553 studeat.
681 525 717 552 Et
738 529 812 552 cene
836 525 887 551 hoc
909 523 996 558 ipsum

208 576 281 610 quod
300 574 387 601 divini
409 580 507 601 sensus
523 571 607 599 abditi
628 571 742 604 lateant,
764 570 880 604 pretium
899 576 995 596 eorum

209 620 358 648 maximum
373 623 399 646 et
414 617 611 646 sublimitatem
627 617 730 644 indicat
747 625 754 642 :
768 623 801 643 ac
820 616 908 650 majus
917 614 998 642 simul

212 665 367 700 inquirendi
380 663 546 692 desiderium
563 663 597 690 iis
611 662 699 696 inﬁgit
713 662 825 694 animis,
840 661 885 695 qui
904 661 952 688 Dei
970 665 999 688 et

209 712 316 740 laboris
328 718 449 739 amorem
461 710 567 737 inertia:
588 713 770 742 anteponunt.

245 757 398 784 Iudaeorum
417 757 527 789 insuper
552 754 723 789 improbitas,
742 758 769 780 et
789 752 814 779 in
835 752 916 779 rebus
938 759 1000 787 quze

212 803 324 830 tniuime
343 802 509 836 attingendae
519 805 613 828 essent
626 799 750 831 audacia,
766 798 944 826 obscuritatis
959 802 1002 825 est

212 850 240 877 in
253 848 344 876 Veteri
356 848 535 875 Testamento
548 846 678 874 nonnulla
692 853 784 873 causa.
798 844 837 872 Ne
855 845 928 872 enim
941 852 1001 879 quae

213 895 358 924 manifesta
383 898 478 922 essent
492 894 525 921 de
538 893 650 920 Christo
667 896 750 927 atque
767 897 860 926 aperta
878 892 1002 926 Scriptu-

213 948 306 969 rarum
334 941 487 969 testimonia
504 939 734 968 circnmciderent
757 942 785 965 et
807 937 1001 971 obliterarent,

214 987 276 1014 ideo
290 987 451 1014 adumbrate
463 993 495 1013 ea
513 989 684 1020 promuntur.
700 983 794 1012 Tertio
808 984 889 1011 etiam
913 991 947 1012 ne
961 983 1004 1010 di-

213 1033 339 1060 vinarum
353 1032 567 1068 praeceptionum
582 1031 764 1065 contemptrix
780 1030 934 1057 Judazorum
954 1037 1003 1056 na-

215 1078 264 1110 tio,
283 1078 304 1105 si
320 1078 394 1105 clare
407 1077 566 1105 didicissent
577 1077 734 1104 universam
751 1075 899 1111 aliquando
915 1076 1002 1111 legem

214 1121 448 1156 praterllnxuram
459 1142 466 1154 ,
481 1127 564 1156 atque
573 1121 599 1148 in
615 1121 696 1148 aliam
707 1121 864 1155 reipublicae
875 1121 1002 1155 formam,

217 1175 278 1198 quae
293 1168 363 1202 apud
377 1168 451 1202 ipsos
466 1168 492 1194 in
511 1167 614 1194 honore
630 1174 662 1193 ac
673 1166 762 1201 pretio
773 1171 861 1198 erant,
876 1167 1005 1193 transitu-

216 1222 245 1240 ra
265 1223 272 1240 :
290 1213 375 1248 magis
387 1213 470 1240 etiam
485 1214 519 1240 ad
529 1217 721 1246 contemptum
740 1217 941 1247 praeceptorum
953 1213 1001 1240 Dei

215 1266 248 1285 ex
268 1258 322 1293 ipsa
331 1259 383 1285 hac
395 1258 469 1285 clara
482 1258 636 1294 cognitione
648 1258 836 1285 traherentur.
853 1258 922 1291 Quid
931 1259 1003 1285 enim

215 1311 308 1331 amare
320 1305 419 1332 attinet
441 1312 494 1337 me,
519 1305 590 1338 quod
612 1311 673 1331 mox
698 1303 873 1336 dissolvetur,
888 1310 915 1331 et
929 1304 1006 1337 cujus

216 1358 269 1377 non
287 1351 325 1377 ita
339 1351 423 1377 multo
440 1355 500 1384 post
516 1350 586 1377 nulla
595 1351 648 1378 erit
660 1349 784 1378 utilitas?
799 1349 946 1384 Propterea
967 1351 1007 1378 ni-

217 1396 316 1423 mirum
335 1396 577 1433 haec'obscuritale
605 1401 688 1431 atque
712 1396 876 1431 percipiendi
894 1396 1008 1424 dillicul-

219 1447 274 1469 tate
288 1442 470 1469 involvuntur.
489 1441 558 1468 Nam
577 1441 598 1469 si
617 1442 719 1476 absque
740 1442 794 1468 ulla
813 1450 896 1470 causa
910 1443 1008 1470 millies

216 1497 233 1516 a
249 1490 391 1524 praeceptis
407 1490 453 1517 Dei
469 1490 645 1518 desciverunt
672 1490 770 1522 Judzei.
785 1498 845 1518 cum
865 1497 952 1526 neque
974 1492 1008 1518 de

218 1543 312 1563 eorttm
325 1536 477 1563 mutatione
491 1537 638 1571 quidquam
662 1537 800 1571 cOgnituut
817 1537 962 1569 haberent,
979 1543 1008 1564 ιιι

219 1589 308 1617 neque
325 1583 399 1617 quod
418 1583 576 1617 imperfecta
602 1588 630 1610 et
656 1583 769 1610 alterius
788 1583 889 1618 politiae
921 1583 1006 1617 ligura

217 1631 310 1655 essent
341 1633 424 1661 atque
458 1629 569 1658 umbrare,
599 1629 663 1663 quid
692 1629 798 1655 uiridem
826 1628 927 1664 [putas]
956 1636 1007 1655 non

216 1674 352 1709 egissent,
382 1674 485 1710 197b
509 1675 531 1702 si
564 1675 662 1702 tradita
686 1675 762 1709 [ipsis
793 1675 919 1702 mandata
954 1681 1010 1701 tutt-

218 1719 278 1747 dent
298 1720 425 1747 solvenda
451 1725 533 1754 atque
559 1719 689 1746 mutanda
705 1727 720 1746 e
736 1719 885 1753 Scriplnris
909 1718 1009 1745 clarius

217 1765 568 1800 cognovissent?Alioquin
594 1770 620 1791 et
642 1765 684 1792 illa
709 1764 866 1799 disciplinas
887 1764 1009 1791 tradendi

220 1811 263 1838 lex
276 1811 375 1845 ubique
386 1811 572 1844 obtinebat,ut
583 1811 631 1846 qui
646 1815 771 1838 recenter
785 1810 881 1845 primis
891 1809 1011 1837 elemen-

220 1856 255 1884 tis
271 1856 469 1888 imbuerentur,
486 1857 519 1884 ad
536 1856 711 1891 perfectionis
724 1863 809 1891 usque
827 1861 935 1889 tempus
946 1863 1011 1890 per-

219 1902 333 1930 fectiora
353 1910 466 1938 quaeque
489 1903 667 1930 celarentur:
691 1903 738 1930 sed
761 1902 916 1930 rudicribus
942 1903 1012 1929 dun-

221 1954 296 1976 taxat
319 1950 463 1984 praeceptis
481 1949 606 1984 discipuli
622 1950 656 1976 ad
675 1949 857 1984 perfectorem
879 1948 1012 1984 cognitio-

212 1991 284 2023 ‘uem
303 1995 506 2030 percipiendam
522 2000 755 2030 praepararentur.
775 1995 878 2022 Praeter
890 1995 947 2022 haec
959 2003 1009 2022 au—

223 2047 276 2070 tem
289 2042 370 2068 etiant
396 2046 521 2069 naturam
547 2041 584 2068 ita
611 2041 777 2076 gubernari,
803 2046 831 2067 et
853 2048 937 2075 opera
964 2049 1010 2068 sua

223 2095 318 2122 regere
346 2088 479 2116 videmus.
518 2087 609 2114 Prima
647 2086 719 2114 enim
756 2087 886 2114 sementis
931 2093 1014 2122 atque

221 2135 326 2162 semina
349 2134 497 2169 perfectam
512 2134 539 2161 in
562 2141 592 2161 se
614 2133 732 2168 speciem
747 2131 820 2160 clare
843 2140 1012 2167 nequaquam

221 2181 381 2214 ostendunt,
399 2182 447 2208 sed
467 2180 527 2215 ejus
544 2184 649 2207 tantum
665 2179 786 2206 rationes
802 2179 908 2206 abditas
924 2180 1013 2206 conti-

1046 245 1141 280 ρισμὸν
1171 243 1364 278 ἐπαφώμενος,
1380 242 1456 269 οὐδὲν
1484 241 1512 267 δὲ
1534 238 1685 274 φιλοπονῶν
1711 238 1768 264 οὐδ’
1786 237 1839 263 ἀν-

1046 291 1159 327 ιχνεύων
1175 291 1206 317 τὸ
1223 290 1276 317 ὑπὸ
1299 289 1402 323 ταύτης
1417 287 1618 323 κρυπτόμενον,
1633 284 1720 316 οὓτως
1736 283 1789 310 οὐκ
1803 283 1842 309 ἂν

1044 337 1157 371 ἀγνοίας
1181 335 1352 369 ἀπαλλαγείη
1370 333 1431 360 οὐδὲ
1456 333 1504 367 τῆς
1527 331 1643 366 ἐχούσης
1670 330 1734 361 τοὺς
1750 327 1842 363 ῥαθύ-

1047 391 1114 418 μους
1129 382 1275 412 αίτιάσεως
1289 382 1304 408 ὁ
1316 380 1356 416 τῷ
1370 380 1515 414 γράμματι
1532 378 1605 412 μόνῳ
1621 375 1840 412 περιφυόμενος,

1045 428 1090 455 τὸν
1104 428 1133 454 δὲ
1149 428 1178 453 ὲν
1201 426 1275 461 αὐτῷ
1292 425 1429 461 θησαυρὸν
1447 424 1497 450 οὐκ
1510 422 1673 457 ἀνερευνῶν,
1690 420 1794 447 οὐδὲτὸ
1811 421 1843 445 ὲν

1048 475 1124 510 βάθει
1150 474 1246 510 κέρδος
1272 473 1326 500 τῶν
1341 472 1485 507 νοημάτων
1509 469 1717 503 ἀναλεγόμενος.
1740 466 1843 493 Καίτοι

1047 522 1095 548 καὶ
1112 520 1178 548 αὐτὸ
1192 520 1224 546 rb
1238 518 1391 555 κεκρύφθαι
1418 516 1453 543 τὰ
1480 516 1540 542 θεῖα
1557 514 1681 549 νοήματα
1694 512 1724 539 rb
1739 511 1844 547 τιμιώ-

1048 576 1129 596 τατον
1140 566 1233 597 αὐτοῖς
1260 564 1308 591 καὶ
1332 563 1434 599 ὑψηλὸν
1447 560 1676 596 ὲπιμαρτύρεται,
1693 559 1742 585 καὶ
1755 559 1845 585 πόθον

1049 613 1218 649 ὲγκεντρίζει
1243 611 1344 647 μᾶλλον
1361 610 1502 645 ζητήσεως
1515 609 1576 639 ταῖς
1589 608 1699 642 ψυχαῖς,
1711 606 1775 632 ὅσαι
1787 605 1846 640 πρὸ

1049 661 1100 694 τῆς
1117 657 1258 696 ῥᾳστώνης
1274 657 1304 684 τὸ
1319 655 1441 690 θεοφιλές
1458 662 1489 681 τε
1517 653 1564 680 καὶ
1579 652 1722 687 φιλόπονον
1737 650 1847 685 ἔμπρο-

1052 706 1116 733 σθεν
1131 705 1239 740 ἄγουσι.

1088 752 1152 789 [628
1173 750 1220 787 IL]
1236 750 1291 776 Καὶ
1305 748 1336 775 τὺ
1355 746 1510 783 κακοῦργον
1527 746 1555 772 δὲ
1567 744 1623 771 τῶν
1643 741 1780 770 Ἰουδαίων
1795 740 1848 789 καὶ

1051 786 1188 834 τολμηρὸν
1204 786 1269 831 περὶ
1283 794 1317 822 τὰ
1334 793 1477 828 ἁτὸλμητα
1495 791 1545 826 τῆς
1558 790 1630 817 κατὰ
1648 788 1698 824 τὴν
1720 786 1848 834 Παλαιὰν

1053 832 1188 878 ἀσαφείας
1203 842 1289 869 αῐτιον
1301 849 1308 857 ·
1325 841 1369 867 ἴνα
1381 839 1436 874 γὰρ
1447 838 1485 874 μὴ
1498 838 1547 868 τὰς
1559 836 1623 871 περὶ
1634 832 1753 870 Χριστοῦ
1771 841 1847 868 μαρ-

1052 891 1149 925 τυρίας
1172 888 1203 915 τὸ
1224 886 1374 923 περιφανὲς
1398 885 1446 912 καὶ
1474 882 1623 917 κατάδηλον
1648 880 1766 916 ἐχούσας
1787 878 1850 925 τῶν

1053 923 1170 972 Γραφῶν
1195 932 1365 969 περικόψωσι
1394 930 1443 957 καὶ
1470 928 1672 962 ὲξαφανίσωσι,
1694 925 1739 951 διὰ
1764 923 1850 950 τοῦτο

1055 971 1125 1019 μετὰ
1153 980 1201 1008 τοῦ
1227 977 1460 1012 συνεσκιασμένου
1488 974 1574 1001 ταῦτα
1598 973 1759 1007 προάγεται.
1789 971 1850 997 Καὶ

1053 1016 1155 1063 τρίτον,
1169 1027 1210 1052 ὅτι
1221 1024 1352 1059 ὀλίγωρος
1365 1022 1403 1049 ὣν
1412 1022 1434 1037 *⁸
1448 1020 1496 1047 καὶ
1507 1019 1560 1046 τῶν
1574 1019 1654 1045 Θείων
1669 1016 1851 1063 προσταγμα-

1054 1061 1108 1101 των
1133 1070 1342 1106 καταφρονητὴς
1367 1069 1382 1094 ὁ
1406 1067 1460 1094 τῶν
1482 1065 1617 1093 Ἰουδαίων
1643 1064 1724 1094 λαὸς,
1742 1063 1788 1089 ἶνα
1810 1061 1851 1097 μὴ

1056 1119 1190 1155 μαθόντες
1210 1116 1304 1151 σαφῶς
1317 1116 1357 1147 ὡς
1368 1114 1403 1141 τὰ
1423 1112 1471 1140 τοῦ
1487 1112 1571 1147 νόμου
1589 1111 1677 1137 πάντα
1693 1109 1830 1144 ρυήσεται
1841 1129 1850 1141 ,

1055 1154 1096 1198 είς
1111 1165 1208 1201 ἑτέραν
1220 1164 1249 1191 δὲ
1264 1161 1402 1189 πολιτείαν
1418 1159 1436 1187 ἃ
1453 1158 1517 1194 παρ’
1537 1158 1630 1188 αὐτοῖς
1644 1157 1702 1182 ἐστι
1722 1154 1804 1201 τίμια
1818 1162 1853 1179 τε

1055 1212 1104 1239 καὶ
1121 1199 1329 1244 σπουδαζόμενα
1346 1205 1557 1242 μεταστήσεται,
1571 1203 1602 1228 ὲκ
1617 1202 1645 1228 δὲ
1656 1201 1706 1235 τῆς
1719 1199 1852 1235 τοιαύτης

1057 1256 1195 1294 ἐμφανοῦς
1212 1253 1388 1289 ἐπιγνώσεως
1404 1251 1486 1278 πλέον
1506 1258 1536 1276 τε
1553 1249 1574 1265 ¹⁵
1599 1248 1668 1283 πρὸς
1689 1247 1739 1281 τὴν
1759 1246 1851 1281 ὑπερ-

1057 1292 1136 1340 οψίαν
1162 1302 1271 1338 ὑπαχθῇ
1297 1300 1352 1327 τῶν
1367 1297 1598 1334 προσταγμάτων,
1628 1293 1796 1340 (τίγάρμε
1810 1292 1854 1340 δεῖ

1059 1335 1183 1384 στέργειν
1201 1335 1308 1382 ἃμμετὰ
1330 1345 1429 1381 μικρὸν
1443 1342 1592 1378 λυθήσεται
1611 1340 1658 1366 καὶ
1673 1335 1711 1365 ὧν
1731 1338 1761 1364 οὐ
1780 1337 1853 1384 μετα

1056 1383 1147 1431 βραχὺ
1159 1394 1190 1421 τὺ
1201 1393 1328 1427 ἀνόνητον
1336 1390 1361 1426 ;)
1374 1389 1418 1416 διὰ
1432 1388 1512 1415 τοῦτο
1522 1388 1556 1422 τῇ
1571 1384 1690 1420 ἀσαφείᾳ
1702 1384 1791 1411 ταῦτα
1804 1383 1854 1409 καὶ

1113 1429 1258 1475 δυσλήπτῳ
1283 1435 1528 1472 περικαλύπτεται.
1557 1433 1588 1459 Εἰ
1609 1431 1664 1466 γὰρ
1691 1430 1740 1456 καὶ
1764 1429 1854 1465 χωρὶς

1059 1488 1224 1525 προφάσεως
1254 1484 1384 1521 μυριάκις
1399 1481 1454 1508 τῶν
1466 1480 1514 1507 τοῦ
1534 1479 1603 1506 Θεοῦ
1629 1477 1855 1513 προσταγμάτων

1059 1523 1232 1569 ἀπέστησαν,
1244 1532 1315 1566 μήτε
1330 1528 1496 1564 μετάστασιν
1510 1524 1602 1552 αὐτῶν
1615 1523 1768 1558 ἐγνωκότες
1781 1523 1854 1557 μήτε

1059 1581 1100 1608 ὅτι
1115 1579 1146 1606 τὸ
1162 1567 1263 1608 ’ἀτελὲς
1276 1575 1367 1610 ἔχουσι
1385 1574 1454 1608 μήτε
1472 1572 1514 1598 ὃτι
1528 1570 1666 1601 πολιτείας
1682 1568 1784 1603 ἑτέρας
1798 1567 1856 1593 εἰσὶ

1059 1626 1140 1653 τύποι
1154 1624 1200 1652 καὶ
1214 1623 1381 1656 σκιάσματα,
1395 1619 1421 1646 τί
1437 1619 1488 1644 οὐκ
1497 1618 1530 1644 ἂν
1541 1616 1668 1651 ἔδρασαν,
1680 1615 1704 1641 εί
1717 1615 1746 1647 ἒξ
1760 1613 1856 1640 αὐτῶν

1061 1671 1174 1698 ἐκείνων
1201 1668 1295 1702 σαφῶς
1320 1666 1369 1701 τὴν
1398 1663 1502 1691 οἰκείαν
1529 1662 1607 1688 λύσιν
1627 1661 1674 1688 καὶ
1706 1658 1857 1694 μετάθεσιν

1061 1715 1213 1752 ἐμάνθανον
1226 1714 1248 1729 ³⁸
1260 1722 1267 1746 ;
1282 1712 1371 1743 ἄλλως
1387 1719 1417 1737 τε
1430 1710 1460 1736 δὲ
1474 1708 1522 1736 καὶ
1537 1708 1617 1743 νόμος
1632 1704 1769 1740 πανταχοῦ
1779 1713 1856 1740 κρα-

1060 1751 1116 1789 τῶν
1138 1759 1328 1790 διδασκαλίας,
1353 1757 1410 1788 τοῖς
1426 1756 1488 1791 ἄρτι
1512 1753 1743 1789 στοιχειουμὲνοις
1756 1751 1792 1777 τὰ
1809 1759 1858 1777 τε-

1061 1808 1182 1842 λεώτερα
1199 1806 1280 1841 μέχρι
1295 1803 1392 1838 καιροῦ
1409 1802 1460 1836 τῆς
1472 1800 1641 1830 τελειώσεως
1660 1797 1858 1832 συγκαλύπτε-

1062 1855 1144 1886 σθαι,
1175 1851 1368 1886 εἱσαγωγωιοῐς
1397 1849 1426 1876 δὲ
1452 1847 1620 1882 παιδεύμασι
1648 1845 1695 1871 τὸν
1727 1844 1858 1879 μαθητὴν

1062 1896 1337 1937 προ-παρασκευάζειν
1355 1895 1422 1930 πρὸς
1437 1894 1487 1929 τὴν
1500 1893 1554 1920 τῶν
1575 1891 1749 1925 τελεωτέρων
1767 1898 1858 1916 κατο-

1062 1936 1166 1983 νόησιν.
1186 1945 1248 1972 Ἐπὶ
1258 1944 1287 1971 δὲ
1300 1944 1357 1973 τοῖς
1372 1940 1540 1977 εἰρημένοις,
1552 1940 1601 1966 καὶ
1611 1939 1660 1974 τὴν
1674 1938 1755 1975 φύσιν
1767 1936 1860 1967 οὕτως

1062 1991 1254 2026 οἱακιζομένην
1275 1997 1306 2016 τε
1329 1987 1377 2014 καὶ
1403 1986 1439 2012 τὰ
1459 1986 1548 2012 οἰκεῖα
1571 1984 1642 2019 ἔργα
1669 1982 1859 2018 ῥυθμίζουσαν

1063 2039 1183 2075 ὁρῶμεν.
1198 2037 1231 2064 At
1245 2035 1300 2071 γὰρ
1316 2034 1424 2069 πρῶται
1434 2030 1586 2058 καταϐολαὶ
1603 2030 1650 2056 καὶ
1660 2029 1694 2055 τὰ.
1708 2028 1860 2063 σπέρματα

1064 2074 1094 2113 rb
1112 2084 1163 2120 μὲν
1184 2082 1287 2109 τέλειον
1315 2077 1385 2111 εἶδος
1411 2080 1440 2105 ὲν
1462 2079 1569 2108 ἑαυτοῖς
1592 2075 1722 2111 ἐμφανῶς
1744 2074 1776 2100 οὐ
1799 2074 1858 2100 δει-

1064 2131 1187 2162 κνύουσι,
1197 2127 1293 2155 τούτου
1307 2126 1337 2152 δὲ
1350 2126 1415 2156 τοὺς
1434 2124 1531 2159 λόγους
1551 2121 1797 2157 ὲγκεκρυμμένους
1812 2120 1861 2154 φέ-

1067 2183 1169 2212 ρουσιν,
1180 2170 1236 2200 οἷον
1250 2173 1265 2198 ὸ
1275 2171 1375 2203 κόκκος
1389 2169 1489 2205 στάχυς
1504 2168 1554 2203 μὲν
1568 2167 1618 2194 οὐκ
1629 2167 1713 2197 ἔστιν,
1726 2166 1756 2193 ὲν
1768 2165 1861 2199 ἐαυτῷ

220 2231 310 2254 nent:
329 2231 357 2254 ut
373 2211 490 2261 granum
511 2225 586 2260 spica
613 2232 665 2252 non
679 2229 732 2256 est.
750 2224 800 2252 etsi
827 2224 853 2250 in
879 2231 908 2251 se
931 2224 1006 2259 spica

1065 2211 1093 2250 δὲ
1104 2221 1222 2257 κρύπτει
1232 2218 1278 2246 τὸν
1287 2218 1367 2252 λόγον
1379 2215 1427 2243 τοῦ
1441 2216 1559 2249 στάχυος
1567 2221 1574 2228 °
1590 2214 1638 2239 καὶ
1648 2212 1694 2238 ἐπὶ
1704 2211 1759 2238 τῶν
1771 2211 1862 2238 ἄλλων

225 2273 359 2300 rationem
375 2272 453 2307 tegit.
470 2271 571 2298 Eadem
592 2276 697 2298 naturae
717 2270 804 2297 series
826 2270 851 2297 in
868 2269 927 2296 aliis
945 2278 1012 2304 quo-

222 2326 276 2354 que
289 2318 424 2346 fructibus
439 2325 472 2344 ac
486 2317 636 2345 seminibus
654 2317 839 2352 cognoscitur.
865 2316 971 2350 qualem
986 2321 1014 2342 et

223 2366 266 2393 lex
278 2370 356 2393 vetus
369 2364 426 2392 fere
437 2364 570 2392 rationem
581 2371 643 2391 cum
655 2363 741 2398 gratia
755 2367 857 2390 servat.
872 2362 940 2389 Nam
951 2370 1013 2397 qua:

222 2409 310 2444 gratia
331 2408 446 2442 perlicit.
462 2408 526 2443 iacti
547 2415 595 2443 per
610 2407 698 2442 legem
715 2407 827 2435 seminis
838 2415 915 2441 seges
931 2408 1014 2434 habe-

224 2459 278 2482 tur.
297 2455 401 2488 Quibus
416 2454 498 2488 igitur
514 2454 550 2482 de
572 2454 665 2482 causis
691 2454 885 2482 obscuritatem
910 2461 1016 2481 a-sutn-

224 2501 310 2536 pserit
325 2501 365 2528 lex
387 2500 514 2532 Mosaica,
529 2506 666 2536 utcunque
676 2501 733 2536 jam
753 2501 866 2528 dictum.

260 2545 337 2573 Nunc
349 2547 421 2581 quod
442 2547 537 2581 gratiae
557 2554 665 2582 quoque
677 2547 719 2574 lex
738 2547 891 2576 obscurior.
913 2551 941 2573 et
961 2553 1014 2573 non

226 2593 261 2619 ita
275 2592 387 2620 cuilibet
402 2593 544 2627 perspicua
571 2594 617 2626 sit,
640 2593 795 2620 auditorum
815 2600 910 2620 recens
926 2593 1015 2619 adhuc

227 2637 388 2669 instructio.
418 2639 571 2672 mentisque
598 2638 770 2666 imbecillitas
795 2638 823 2664 in
855 2645 936 2664 causa
963 2642 1014 2665 est.

228 2682 305 2710 Unde
318 2688 345 2710 et
359 2690 407 2710 vas
433 2683 596 2712 electionis:
621 2684 685 2717 Lac,
700 2685 798 2719 inquit,
828 2683 900 2710 vobis
928 2690 1017 2717 polum

228 2729 300 2762 dedi,
316 2737 368 2756 non
384 2738 471 2757 escam
486 2738 495 2757 :
516 2731 632 2758 nondum
647 2731 716 2757 enim
738 2730 863 2764 poteratis
876 2735 900 2757 ε.
917 2730 1017 2763 Quem-

260 2791 272 2803 ‘
291 2786 370 2814 lCor.
384 2794 426 2819 Ill,
437 2786 464 2812 2.

1066 2268 1094 2296 δὲ
1122 2265 1237 2301 καρπῶν
1262 2264 1309 2290 καὶ
1335 2261 1502 2297 σπερμάτων
1528 2260 1542 2286 6
1569 2258 1650 2289 αὐτὸς
1672 2258 1725 2292 τῆς
1750 2257 1863 2291 φύσεως

1068 2312 1164 2348 είρμὺς
1177 2308 1398 2344 ἐπιγινώσκεται.
1413 2306 1541 2333 Τοιοῦτον
1558 2304 1590 2340 δή
1604 2312 1666 2330 τινα
1687 2304 1736 2329 καὶ
1750 2304 1765 2329 ὁ
1777 2303 1863 2337 νόμος

1070 2359 1138 2394 πρὸς
1162 2357 1212 2391 τὴν
1238 2355 1319 2391 χάριν
1345 2351 1474 2384 διασώζει
1494 2352 1591 2385 λόγον·
1619 2350 1637 2376 ἃ
1658 2350 1713 2383 γὰρ
1738 2349 1756 2383 ἡ
1783 2349 1863 2383 χάρις

1071 2405 1222 2437 ἐτελείωσε,
1241 2402 1296 2429 τῶν
1312 2400 1432 2435 νομικῶν
1446 2397 1612 2434 σπερμάτων
1631 2396 1691 2422 ἐστὶ
1709 2394 1763 2429 τῆς
1778 2403 1863 2421 κατα-

1070 2450 1153 2485 ϐολῆς
1173 2450 1208 2476 τὰ
1230 2447 1362 2482 γεώργια.
1385 2444 1423 2471 Δι’
1438 2444 1456 2471 ἃ
1482 2445 1532 2479 μὲν
1557 2440 1604 2470 οὖν
1617 2442 1667 2476 τὴν
1689 2442 1831 2475 ἀσάφειαν
1845 2441 1864 2474 ἡ

1069 2495 1204 2529 Μοισαῖκὴ
1217 2492 1361 2528 νομοθεσία
1375 2490 1470 2521 ὑπέδυ,
1486 2489 1604 2524 μετρίως
1622 2487 1743 2523 εἴρηται.

1105 2543 1160 2569 Καὶ
1178 2541 1229 2575 τῆς
1243 2540 1355 2575 χάριτος
1369 2538 1398 2564 δὲ
1418 2537 1449 2563 τὸ
1466 2535 1571 2570 ἀσαφὲς
1587 2535 1635 2561 καὶ
1653 2535 1684 2560 οὺ
1697 2534 1784 2560 πᾶσιν
1804 2533 1867 2560 ἐπί-

1068 2590 1148 2624 δηλον
1175 2587 1207 2614 τδ
1232 2587 1433 2620 νεοκατὴχητον
1458 2583 1545 2610 αἴτιον
1570 2582 1628 2617 ἔχει
1653 2581 1707 2607 τῶν
1730 2579 1799 2616 [525
1819 2579 1864 2615 Π.]

1069 2634 1213 2671 ἀκροατῶν
1239 2634 1287 2660 καὶ
1302 2632 1352 2665 τῆς
1368 2630 1489 2661 διανοίας
1503 2630 1554 2664 τὴν
1574 2628 1729 2656 ἀσθένειαν.
1745 2627 1795 2653 Διὸ
1818 2627 1867 2652 καὶ

1071 2682 1102 2709 τὸ
1118 2680 1212 2711 σκεῦος
1227 2679 1278 2713 τῆς
1291 2677 1418 2710 ἐκλογῆς,
1432 2675 1516 2702 Γάλα
1536 2674 1569 2707 ¹⁷,
1589 2673 1682 2708 φησὶν,
1697 2671 1778 2706 ὑμᾶς
1794 2671 1867 2697 ἐπό-

1073 2735 1154 2760 τισα,
1171 2726 1219 2752 καὶ
1231 2725 1268 2751 οὺ
1278 2722 1386 2758 ,βρῶμα
1396 2731 1402 2737 ·
1418 2721 1501 2748 οὔπω
1514 2719 1568 2755 γὰρ
1581 2719 1745 2754 ἠδύνασθε.
1758 2717 1868 2751 Ὠσπερ

850 2818 965 2845 νΑῐυΑῑ
983 2816 1190 2845 LECTIONES.

242 2869 263 2886 “
275 2868 324 2907 ῶν]
345 2869 400 2897 imo
418 2867 462 2904 ἦν,
504 2868 526 2884 ¹⁸
538 2867 578 2903 τε]
596 2875 629 2895 an
646 2866 697 2895 l'uit
710 2866 758 2893 rt?
796 2867 817 2883 ”
836 2867 1022 2902 ἀνεμάνυανον
1036 2865 1069 2892 Δ.
1109 2865 1131 2881 ⁸⁷
1147 2864 1230 2900 γάλαῖ
1254 2863 1342 2893 lCor.
1359 2872 1401 2899 ut,
1417 2864 1445 2891 2.
