1916 3092
33 168 85 201 ἐεη

34 272 115 302 Θεὸν,
142 271 255 302 πάντως
267 271 347 304 λόγον
371 270 444 306 ἔχειν
463 271 658 305 συγκατίθεται
671 279 678 287 σ
700 272 714 298 ό
736 271 765 298 δὲ
782 271 830 297 τοῦ

34 317 176 352 ἀκηράτου
201 316 281 351 λόγος
302 318 460 353 ἀκήρατος·
481 318 494 344 ὁ
516 318 544 344 δὲ
568 318 709 354 ἀκήρατος
727 318 830 352 Λόγος,

35 364 99 398 παρ’
117 363 149 389 δν
174 363 325 398 δοξάζομεν
348 364 424 396 Υἱὸν,
443 363 520 391 οὐδὲν
547 364 580 391 ἂν
600 366 644 400 εἴη
664 366 768 401 ἕτερον.
800 366 832 392 'H

37 409 85 443 μὲν
111 407 162 435 οὖν
187 409 361 445 ἐπιχείρησις
377 409 426 436 τοῦ
443 410 497 438 δεῖν
520 410 586 438 Υἱδν
606 411 680 446 ἔχειν
700 412 746 438 τὸν
766 411 833 438 Θεδν

36 455 148 492 τοιαύτη
160 465 168 471 ·
184 454 244 482 εἶτα
259 457 327 491 πρὸς
345 457 449 493 ταύτην
465 457 689 493 ἁνθυποφέροντὰ
703 467 764 485 τινα
778 459 832 485 τῶν

37 502 121 537 φίλων
139 503 259 536 εἰσάγει,
272 503 302 529 δν
316 503 364 529 καὶ
379 503 546 538 τιμιώτατον
561 505 653 539 ὑμνεῖ.
673 504 706 531 'H
721 505 749 532 δὲ
764 505 830 532 ἀνθ-

36 548 175 584 υποφορὶι,
191 549 234 575 ὅτι
245 549 269 564 ’⁵
284 557 338 584 περ
358 549 436 575 οὐδὲν
449 549 550 577 κωλύει
563 550 598 577 τὰ
614 550 684 577 αὐτὰ
705 552 752 577 καὶ
767 551 831 585 περὶ

36 595 80 621 τοῦ
104 594 174 622 Υἱοῦ
190 595 239 622 καὶ
257 596 322 631 περὶ
346 596 394 622 τοῦ
411 596 572 631 Πνεύματος
593 597 732 624 διαλαϐεῖν
755 597 832 633 (Θεὸς

36 641 88 676 γὰρ
105 640 213 667 τούτων
225 641 372 676 ἑκάτερον)
383 662 391 674 ,
407 641 456 668 καὶ
473 641 560 673 οὕτως
577 643 628 668 οὐκ
655 643 695 674 εἰς
714 643 829 678 Τριάδα,

36 686 92 713 ἀλλ’
106 688 150 717 εις
168 687 289 722 μυριάδα
306 687 494 721 ὑποστάσεων,
511 688 574 714 ὅσον
591 688 647 715 ἀπὸ
664 689 711 716 τοῦ
727 689 833 724 ἐπιχει-

37 734 170 768 ρήματος,
196 733 392 769 προελεύσεται
416 734 448 760 τὸ
471 736 632 770 μυστήριον.
659 735 769 772 Ταύτην
783 736 832 771 τὴν

35 780 243 817 ἀνθυποφορὰν,
258 780 384 815 δριμεῖαν
402 789 432 807 τε
449 781 496 808 καὶ
515 783 762 818 συνεστραμμένην
785 783 832 809 οὒ-

37 834 96 857 σαν,
114 825 261 860 διαφόροις
284 825 333 860 μὲν
357 826 493 860 ἐπιχειρεῖ
512 826 603 860 λόγοις
619 827 831 859 ἀνασκευάζειν,

35 872 64 898 οὐ
77 871 135 908 μὴν
146 872 220 899 κατά
231 880 263 906 γε
277 872 327 907 ἐμὲ
338 872 388 906 τῆς
401 872 545 908 ἀκριϐείας
558 874 721 907 ἐφικνεῖται.
735 874 831 900 Καίτοι

36 918 118 950 πολὺς
145 917 223 953 αὐτῷ
249 919 423 954 περιρῤεϊται
445 919 496 953 τῆς
518 919 565 946 ἐπὶ
580 919 667 955 τούτῳ
683 919 804 955 σπουδῆς
819 921 833 946 ὁ

36 963 115 999 ἱδρώς
127 973 133 979 ·
154 964 241 999 μέχρι
256 964 312 999 γὰρ
328 964 376 991 καὶ
395 968 430 999 ιγ’
446 965 662 1001 ἐπιχειρήματος
685 965 731 992 τὸν
751 966 832 993 πόνον

35 1010 209 1046 παρατείνει.
232 1009 315 1038 Ἀλλὰ
335 1011 404 1047 πρὸς
418 1010 469 1047 μὲν
491 1011 555 1044 τοὺς
568 1012 619 1047 τὴν
635 1012 778 1039 εὐσέόειαν
791 1021 833 1040 τι-

35 1057 148 1092 μῶντας
159 1056 236 1083 ἐστιν
248 1055 266 1084 ἃ
285 1056 340 1083 τῶν
351 1058 380 1084 ὲν
393 1057 487 1089 αὐτοῖς
504 1058 659 1094 είρημὲνων
673 1059 723 1085 οὐκ
738 1059 834 1093 ἀφυῶς

34 1103 90 1137 ἔχει
100 1111 109 1118 ο
131 1101 213 1137 ἀνδρὶ
227 1102 256 1129 δὲ
270 1102 465 1138 διαμαχομὲνῳ
479 1103 511 1129 οὐ
529 1103 610 1139 μόνον
626 1104 704 1130 οὐδὲν
721 1106 833 1139 ἐπαγω-

34 1150 80 1182 γὸν
96 1149 169 1184 πρὸς
198 1148 342 1176 εὐσέϐειαν
358 1149 471 1184 παρέξει
483 1150 518 1182 ³⁸,
540 1150 610 1177 ἀλλὰ
632 1151 680 1177 καὶ
703 1151 833 1186 ἀφορμὰς

35 1195 102 1230 πρὸς
116 1195 166 1221 τὸν
179 1195 298 1229 γέλωτα.
314 1194 383 1230 Φαίη
398 1195 421 1222 δ’
436 1196 469 1223 ἄν
481 1204 524 1227 τις
540 1196 605 1228 ῐσως
617 1197 833 1232 συντετμημένῳ

34 1250 62 1267 τε
79 1242 129 1267 καὶ
157 1242 299 1277 ἀπερίττῳ
325 1242 398 1277 λόγῳ
423 1242 492 1278 πρὸς
517 1243 564 1270 τὸν
589 1244 622 1278 τῇ
655 1243 833 1280 ἀνθυποφορᾷ

36 1287 239 1323 γαυρούμενον,
251 1288 290 1319 ὡς
305 1289 329 1315 εἰ
346 1289 395 1324 μέν
410 1297 454 1320 τις
470 1288 516 1315 τὸν
530 1289 641 1325 Πατέρα
659 1290 830 1324 προτίθησιν,

35 1331 94 1359 εἶτα
113 1334 181 1369 περὶ
199 1334 282 1360 αὐτοῦ
298 1334 416 1370 διερωτᾷ
432 1335 548 1370 πότερον
562 1335 659 1369 ἄλογον
675 1335 690 1369 ἦ
711 1334 830 1369 λογικὸν,

35 1378 164 1404 κάκεῖθεν
179 1379 384 1411 κατασκευάζει
398 1378 438 1415 τῷ
454 1379 542 1414 Πατρὶ
556 1380 612 1406 δεῖν
625 1381 767 1415 προσεῖναι
786 1381 832 1406 καὶ

34 1424 109 1457 Υἱὸν,
125 1424 194 1459 (655
211 1424 258 1460 λ]
272 1425 322 1460 τῆς
338 1425 532 1461 ἀνθυποφορᾶς
551 1425 582 1452 τὸ
596 1427 743 1462 περίεργον
767 1427 833 1458 ἴσως

34 1471 92 1506 [γει
112 1471 233 1507 πάροδον
257 1471 306 1498 καὶ
330 1471 417 1507 ἰσχύν.
440 1472 471 1499 Εἰ
497 1472 526 1498 δὲ
546 1471 626 1498 τοῦτο
645 1472 695 1508 μὲν
712 1473 743 1499 οὺ
761 1474 833 1499 ποιεῖ

34 1517 108 1553 (οὔτε
129 1518 184 1554 γὰρ
201 1518 253 1549 δεῖ,
265 1517 327 1545 οὔτε
339 1519 353 1544 ό
368 1518 525 1553 θαυμαστὸς
539 1519 690 1554 Γρηγόριος
703 1519 774 1546 οὕτω
787 1519 832 1546 τὸν

570 169 837 201 BIBLIOTHECA.
855 181 891 188 —
908 169 991 200 COD.
1008 169 1149 201 CCXXII.

35 224 96 261 [327
126 224 176 261 [1.]
200 225 240 257 ὡς
253 225 329 257 ὅστις
356 225 393 261 μὴ
406 225 504 260 ἄλογον
522 223 592 252 εἷναι
613 226 767 261 διομολογεϊ
786 224 822 250 rbi

886 225 1061 252 astructionis
1075 232 1135 253 esse
1156 225 1318 260 Gregorium
1341 225 1507 262 Nyssenum.
1521 227 1674 262 Argumen-

1621 169 1673 202 798

883 271 951 298 tatio
972 272 1030 306 ipsa
1050 271 1086 298 ita
1105 279 1134 298 se
1153 272 1245 298 habet.
1268 271 1400 306 Quisquis
1415 279 1468 299 non
1484 272 1673 301 irrationalrm

882 325 944 346 esse
962 317 1046 345 Deum
1070 318 1226 351 conﬁtetur,
1256 318 1279 345 is
1305 319 1388 346 etiam
1420 319 1534 347 omnino
1555 319 1674 347 Verbum

882 365 984 392 habere
1009 364 1145 396 concedit,
1171 364 1243 398 quod
1260 364 1408 392 immortali
1435 365 1591 393 immortale
1613 370 1673 392 est:

883 410 1038 438 immortale
1060 415 1151 437 autem
1180 409 1308 444 Verbum,
1327 415 1427 445 praeter
1448 419 1511 439 eum
1528 419 1610 445 quem
1627 411 1675 438 Fi-

883 457 948 484 lium
963 457 1118 491 statuimus,
1142 457 1210 484 nihil
1226 464 1287 484 esse
1310 462 1392 492 queat
1409 457 1492 484 aliud.
1514 457 1560 484 Illa
1593 457 1676 491 igitur

883 504 1094 537 argumentatio,
1121 510 1182 538 quae
1203 499 1331 537 oportere
1354 503 1452 529 astruit
1480 507 1510 530 ut
1534 502 1606 529 Deus
1629 501 1675 529 Fi-

884 550 947 577 lium
965 550 1073 582 habeat,
1096 549 1249 582 huiusmodi
1272 553 1325 576 est.
1345 549 1445 576 Deinde
1465 549 1597 576 adversus
1617 548 1675 575 hac

884 596 1065 631 objectionem
1081 596 1162 624 amici
1183 595 1323 630 cujusdam
1338 595 1459 628 adducit,
1482 603 1564 629 quem
1587 599 1616 620 ut
1632 601 1676 620 re-

884 641 1112 669 verendissimum
1140 641 1272 668 celebrat.
1298 639 1422 674 Objectio
1444 646 1509 666 vero
1533 642 1585 669 est,
1601 637 1676 664 Nihil

883 689 1039 724 prohibere.
1055 688 1119 722 quin
1133 688 1227 715 eadem
1247 686 1282 714 de
1297 686 1368 714 Filio
1387 693 1496 720 quoque
1515 693 1548 712 ac
1567 685 1600 711 de
1615 683 1676 718 Spi-

884 735 938 762 ritu
954 739 1048 761 saucto
1066 738 1250 761 assumantur.
1274 733 1344 760 Deus
1360 733 1433 759 enim
1463 732 1558 759 horum
1577 731 1676 766 199a

883 785 1000 815 uterque
1015 784 1066 806 est.
1087 780 1176 814 Atque
1198 779 1235 806 ita
1256 786 1309 805 non
1327 778 1354 805 in
1378 777 1540 804 Trinitatem
1559 781 1677 810 tantum,

884 827 930 854 sed
947 827 973 852 in
999 825 1121 852 inﬁnitas
1145 832 1278 859 personas
1301 831 1334 851 ex
1357 823 1439 858 hujus
1464 823 1618 857 argumenti
1646 828 1677 848 ut

886 873 1045 909 mysterium
1077 872 1214 907 βίοι-εδει.
1249 871 1324 898 Hauc
1364 870 1456 904 itaque
1482 869 1675 903 objectioncm,

885 926 975 946 acretn
996 925 1063 945 sane
1078 922 1158 951 atque
1175 914 1332 952 implexam,
1349 916 1432 942 variis
1446 916 1554 950 quidem
1571 915 1677 942 solvere

884 964 1038 992 rationibus
1054 963 1219 998 aggreditur,
1239 967 1392 990 nontamen
1408 962 1549 998 (quantum
1564 968 1615 996 ego
1631 960 1677 994 ju-

884 1009 956 1046 dico)
982 1009 1050 1037 satis
1075 1014 1212 1037 accurate.
1233 1007 1356 1035 Tametsi
1381 1007 1496 1035 multum
1525 1007 1576 1034 hac
1601 1007 1627 1033 in
1646 1013 1676 1033 re

884 1056 1034 1084 laborando
1055 1057 1182 1088 dcsudet,
1207 1055 1337 1082 tredecim
1352 1062 1405 1081 non
1425 1054 1518 1082 minus
1530 1060 1676 1089 argumen-

885 1103 919 1130 tis
936 1102 1036 1130 allatis.
1053 1102 1093 1129 Ac
1116 1109 1164 1136 pro
1186 1101 1296 1136 pietatis
1308 1101 1418 1135 quidem
1442 1100 1603 1132 cultoribus,
1627 1107 1676 1126 eo-

883 1157 942 1177 rum
959 1157 1018 1184 qua:
1033 1148 1069 1176 ibi
1081 1149 1154 1176 dicta
1170 1153 1232 1175 sunt
1257 1148 1348 1182 aliqua
1368 1155 1420 1174 non
1437 1147 1527 1180 inepta
1546 1147 1611 1178 sint,
1628 1146 1675 1173 sed

883 1203 944 1230 qua:
955 1195 1131 1223 contentiosa
1146 1194 1227 1221 alicui
1247 1193 1362 1225 homini,
1387 1200 1439 1220 non
1456 1193 1535 1219 modo
1553 1192 1621 1219 nihil
1640 1191 1676 1218 ad

884 1241 1011 1276 pietatem
1027 1241 1167 1276 impellens
1179 1239 1305 1272 afferant,
1321 1243 1350 1266 ut
1366 1239 1471 1266 ridendi
1487 1239 1576 1273 potius
1592 1245 1676 1265 occa-

883 1289 975 1315 siones
987 1289 1135 1323 prazhennt.
1155 1287 1258 1314 Dixerit
1274 1294 1338 1313 vero
1348 1286 1492 1320 quispiam,
1514 1285 1625 1312 concisa
1644 1292 1677 1311 ac

884 1335 996 1362 minimc
1007 1335 1142 1368 snperllna
1162 1342 1226 1360 usus
1238 1334 1373 1366 oratione,
1386 1333 1522 1359 adversus
1536 1339 1611 1362 eum.
1630 1330 1676 1365 qui

883 1380 1093 1415 hacohjertione
1109 1385 1211 1414 pugnet
1228 1379 1400 1406 insolentius.
1412 1379 1509 1414 Siquis
1517 1378 1600 1405 Patre
1609 1377 1668 1412 pri-

883 1435 957 1455 mum
979 1428 1078 1462 posito,
1101 1427 1135 1454 de
1150 1427 1208 1461 ipso
1225 1427 1324 1454 deinde
1340 1427 1500 1460 interroget,
1525 1429 1616 1452 utrum
1635 1431 1678 1450 ra-

884 1473 967 1501 tionis
980 1473 1118 1508 particeps
1136 1480 1169 1499 an
1189 1480 1288 1507 expers
1307 1477 1352 1504 snt,
1369 1477 1450 1506 atque
1468 1479 1501 1498 ex
1519 1470 1565 1497 illo
1589 1469 1676 1498 conﬂ-

883 1520 941 1547 ciat
963 1519 1035 1546 Patri
1063 1523 1190 1553 oportere
1226 1518 1325 1545 Filium
1343 1518 1486 1550 accedere,
1515 1517 1678 1551 objectionis

31 1565 122 1598 λόγον,
134 1565 322 1600 προήνεγκεν)
339 1565 405 1591 αὐτὸ
418 1564 447 1591 δὲ
463 1565 493 1591 τὺ
508 1565 584 1598 Θεός
600 1565 820 1601 προϐαλλόμενος

886 1565 965 1601 hujus
979 1565 1166 1592 curiositatem
1180 1564 1287 1598 aliquod
1307 1563 1419 1590 forsitan
1438 1563 1576 1598 specimen
1588 1570 1620 1590 ac
1634 1570 1678 1590 ro-

32 1610 45 1636 ὃ
59 1609 153 1636 κοινόν
167 1610 228 1636 ἐστι
244 1610 292 1639 καὶ
307 1610 458 1645 ἀμέριστον
471 1610 527 1637 τῶν
544 1610 699 1647 θεαρχικῶν
716 1612 835 1640 ὑποστά-

33 1663 104 1682 σεων
118 1655 218 1691 ὄνομα,
238 1657 282 1682 ἐπ’
308 1656 390 1683 αὑτοῦ
404 1656 436 1692 δὴ
454 1657 502 1684 καὶ
524 1657 568 1684 τὸν
581 1657 668 1692 Λόγον
683 1657 699 1694 ἢ
715 1658 746 1685 τὺ
760 1659 835 1693 γόνι-

34 1711 94 1736 μον,
117 1702 144 1728 εὶ
163 1701 256 1737 βούλει
268 1701 298 1728 δὲ
314 1703 362 1729 καὶ
385 1703 414 1728 τὸ
427 1702 560 1737 ἔμπνουν,
583 1704 720 1740 ἐπερωτᾷ,
748 1714 835 1733 κατα-

35 1747 165 1774 modost
192 1748 243 1782 μὲν
258 1747 289 1773 τὺ
307 1747 357 1782 τῆς
380 1748 497 1782 Τριὰδος
518 1750 669 1784 μυστήριον
693 1746 781 1783 οὗτος,
803 1753 833 1779 οὺ

36 1793 89 1828 μήν
98 1801 131 1827 γε
145 1792 240 1828 χώραν
252 1793 363 1820 ἐνδώσει
374 1794 413 1828 τῷ
427 1794 584 1830 βουλομένῳ
597 1797 648 1831 τὴν
660 1798 834 1834 κατασκευὴν

36 1838 284 1873 περιεργάζεσθαι.
306 1838 362 1865 Ποῦ
384 1839 438 1875 γὰρ
455 1839 512 1866 ἴσον
527 1840 543 1876 ἢ
560 1841 645 1876 ἐγγὺς
665 1842 758 1877 ὅμοιον
773 1844 834 1870 ἀντὶ

34 1884 82 1918 τῆς
96 1884 195 1918 ὀλικῆς
209 1883 338 1919 θεότητος
355 1885 420 1919 μίαν
437 1885 589 1913 ὑπόστασιν
609 1887 765 1921 διαλαϐεῖν,
787 1889 834 1916 καὶ

35 1930 98 1965 περὶ
112 1930 220 1966 ταύτης
232 1930 466 1967 φιλοπραγμονεῖν
480 1931 498 1959 ἃ
514 1933 605 1965 καλῶς
619 1931 677 1970 εἶχε
690 1936 754 1969 περὶ
768 1935 833 1970 ὅλης

34 1976 174 2010 θεολογεῖν
194 1978 245 2012 τῆς
259 1977 407 2012 Θεότητος;
425 1978 471 2005 τὸν
486 1979 541 2015 γὰρ
563 1979 634 2006 οὕτω
659 1981 699 2012 εἰς
720 1981 833 2016 ἀλογίαν

33 2023 223 2058 ἐκφερόμενον
249 2024 326 2051 οὐδὲν
340 2024 441 2052 κωλύει
453 2026 501 2052 καὶ
518 2026 583 2053 ἄνευ
603 2027 676 2059 τινὸς
691 2028 834 2062 περινοίας

33 2069 150 2095 αὐτόθεν
160 2069 184 2085 ⁸⁸
200 2070 384 2106 παραληρεῖν,
403 2071 442 2104 ὡς
457 2072 519 2099 ἐπεί
541 2082 595 2109 περ
612 2074 677 2108 ὑμῖν
695 2075 723 2101 ὲν
738 2075 833 2110 Τριάδι

33 2115 46 2140 ὁ
61 2115 144 2148 Θεὸς,
159 2116 274 2151 ἀνάγκη
290 2117 338 2143 καὶ
351 2117 467 2145 ἕκαστον
481 2118 532 2154 τῆς
555 2119 671 2152 Τριάδος
684 2121 725 2149 εἰς
737 2121 833 2157 ἑτέραν

34 2160 139 2194 Τριάδα
172 2160 361 2196 πληθύνεσθαι
378 2161 411 2189 ³¹.
439 2162 513 2198 Πρὸς
539 2162 568 2189 δὲ
596 2163 716 2190 τοιοῦτον
750 2164 834 2199 λῆρον

34 2206 120 2240 cadet;
138 2207 173 2234 ἂν
186 2205 265 2243 οἶμαι
282 2207 400 2244 σώφρων
413 2209 526 2244 ἐλεγχος
536 2209 728 2245 ὲπιστραφείη.
752 2211 833 2238 Ἀλλὰ

887 1613 939 1640 bur
953 1613 1064 1639 habere.
1085 1610 1134 1638 Sin
1150 1611 1201 1637 hoc
1221 1610 1325 1636 omisso
1344 1609 1446 1644 (neque
1463 1609 1537 1636 enim
1556 1608 1676 1642 expedit,

887 1666 975 1692 neque
997 1658 1174 1686 admirandus
1194 1656 1344 1691 Gregorius
1370 1656 1411 1683 sic
1432 1656 1584 1683 orationem
1608 1655 1680 1682 hante

888 1704 1009 1740 protulit)
1035 1705 1120 1738 ipsam
1143 1711 1236 1730 vorem
1260 1702 1329 1730 Deus
1355 1707 1499 1737 proponat,
1512 1703 1585 1737 quod
1602 1709 1679 1729 com-

888 1757 971 1777 mune
983 1753 1026 1777 est
1039 1755 1121 1784 atque
1135 1747 1301 1776 indivisibile
1317 1748 1398 1774 trium
1412 1748 1567 1774 divinarum
1583 1754 1679 1782 perso-

886 1803 984 1823 narum
1006 1804 1116 1828 nomen,
1134 1803 1166 1823 ac
1182 1796 1214 1822 de
1237 1795 1318 1828 hujus
1335 1800 1390 1822 tum
1414 1795 1472 1821 sive
1493 1794 1594 1825 Verbo,
1620 1793 1679 1821 sive

886 1843 1014 1878 gignendi
1047 1842 1083 1873 vi,
1111 1842 1165 1868 imo
1191 1846 1218 1868 et
1243 1840 1349 1872 alllatu,
1369 1840 1390 1867 si
1413 1840 1497 1873 voles,
1517 1841 1678 1874 interroget,

886 1889 931 1917 hic
947 1895 974 1916 et
988 1888 1097 1915 Triatlis
1112 1888 1275 1922 mysterium
1297 1892 1414 1917 astruct.
1430 1892 1457 1913 et
1477 1887 1566 1913 locum
1582 1886 1606 1912 ei
1622 1885 1680 1911 nul-

886 1935 941 1962 lum
967 1935 1052 1966 dabit,
1071 1934 1116 1968 qui
1133 1933 1198 1960 velit
1218 1933 1418 1959 astructiouem
1440 1932 1526 1966 ipsam
1545 1931 1679 1958 curiosius

885 1985 1026 2009 excutere.
1044 1979 1094 2008 Ubi
1114 1980 1186 2006 enim
1196 1978 1310 2013 .aaquale
1322 1978 1363 2005 vel
1381 1985 1464 2012 prope
1476 1977 1567 2005 simile
1581 1978 1617 2004 sit
1631 1985 1680 2010 pro

886 2031 943 2054 tota
960 2027 1103 2053 divinitate
1126 2033 1209 2053 unam
1228 2025 1344 2059 aliquam
1368 2025 1525 2059 ltyposlasin
1542 2023 1678 2058 accipere,

885 2078 912 2100 et
930 2073 963 2099 de
989 2072 1039 2099 hac
1061 2071 1260 2099 contentiosius
1283 2070 1328 2096 illa
1350 2070 1500 2103 disputare,
1519 2076 1579 2103 qua:
1605 2071 1678 2094 recte

885 2123 1022 2154 poterant,
1050 2118 1083 2145 de
1110 2122 1164 2144 tota
1197 2117 1305 2144 Dcitate
1337 2115 1488 2150 theologice
1513 2114 1588 2141 dici?
1611 2113 1678 2140 Eum

885 2164 957 2191 enim
975 2164 1020 2197 qui
1038 2163 1064 2189 in
1089 2167 1192 2189 tantam
1218 2161 1416 2189 ahsurditatem
1448 2160 1594 2191 tit-labitur.
1614 2158 1680 2185 nihil

887 2211 1013 2245 prohibet
1033 2210 1094 2236 sine
1118 2209 1170 2236 ulla
1197 2208 1308 2236 solertia
1329 2207 1457 2242 nngundo
1483 2207 1547 2233 hinc
1572 2204 1682 2232 conclu—

35 2254 87 2287 γὰρ
102 2253 121 2287 ἡ
147 2252 200 2286 μὲν
221 2252 298 2285 λύσις
315 2254 367 2288 τῆς
389 2254 584 2288 ἀνθυποφορᾶς
605 2255 718 2291 τοιαύτη
734 2265 776 2288 τις
800 2256 822 2284 ἆε

889 2257 965 2290 dere,
980 2255 1201 2291 quandoquidem
1225 2253 1338 2281 Trinum
1355 2254 1501 2280 conﬁtetur
1518 2251 1616 2282 Detuu,
1635 2257 1681 2277 ne-

36 2300 88 2333 εἴη,
112 2299 164 2325 καὶ
184 2299 248 2326 ὅσαι
269 2299 349 2326 ἄλλαι
365 2300 415 2335 τὴν
434 2300 520 2336 αὐτὴν
537 2300 635 2328 ἵενται.
652 2301 689 2328 Τὸ
709 2303 759 2337 μὲν
784 2301 833 2330 οὖν

37 2344 146 2379 πρῶτον
159 2345 209 2371 τοῦ
225 2345 341 2380 ἐδδόμου
358 2346 463 2380 βιϐλίου
479 2346 629 2380 κεφάλαιον
643 2350 776 2377 τοιοῦτον.

888 2304 1040 2331 cessarium
1062 2310 1170 2337 quoque
1185 2309 1256 2333 esse,
1274 2300 1397 2336 singulas
1419 2300 1527 2326 Triadis
1549 2305 1683 2332 personas

888 2351 916 2379 iu
942 2350 1021 2376 aliam
1049 2348 1177 2376 Triadem
1213 2347 1398 2380 multiplicari.
1427 2347 1567 2372 Adversus
1591 2344 1683 2378 qualia

36 2391 230 2423 deliramenta,
247 2391 332 2424 nulla,
358 2393 468 2426 opinor,
502 2393 614 2428 sapiens
642 2396 795 2426 coniutatio
825 2399 975 2434 intorqueri
1003 2397 1098 2433 possit.
1133 2394 1326 2423 Verumtamen
1361 2393 1462 2420 solutio
1497 2392 1578 2427 hujus
1608 2392 1682 2426 obje-

36 2438 137 2465 ειίοῑδίδ
157 2437 223 2465 ι³¹ί⁵
242 2437 336 2472 fuerit,
357 2443 406 2466 alii
436 2439 460 2466 si
479 2447 540 2475 qua:
566 2441 628 2469 aliae
649 2442 746 2470 eadem
772 2446 984 2480 protzrediantur
1008 2444 1063 2471 via.
1095 2441 1153 2470 Hoc
1180 2442 1263 2476 igitur
1289 2441 1406 2476 primum
1436 2444 1478 2467 est
1504 2439 1594 2466 octavi
1622 2435 1682 2466 libri

36 2488 128 2517 caput.

68 2528 206 2564 Δεύτερον
223 2528 251 2555 δὲ
266 2528 352 2564 ζητεῖ,
366 2529 417 2556 Διὰ
435 2530 473 2562 τί,
492 2531 540 2558 τοῦ
551 2531 618 2559 Υἱοῦ
631 2533 733 2561 καὶτοῦ
752 2535 838 2562 Πνεύ-

37 2583 122 2608 ματος
149 2574 292 2609 ὁμοτίμως
317 2575 350 2601 ὲκ
371 2576 420 2603 τοῦ
443 2577 550 2612 Πατρὸς
574 2578 734 2614 προϊόντων,
747 2580 762 2606 δ
785 2581 836 2616 μὲν

35 2619 147 2653 λέγεται
162 2619 226 2652 Υἱὸς
238 2640 246 2653 ,
260 2619 292 2646 τὸ
305 2620 334 2647 δὲ
358 2621 488 2657 Πνεῦμα,
502 2622 550 2649 καὶ
578 2623 630 2650 οὐκ
646 2624 731 2659 ἄμφω
750 2626 800 2661 τὴν
813 2627 836 2642 ⁸³

34 2667 86 2701 τῆς
109 2666 238 2701 υιότητος
263 2666 426 2699 διασώζουσι
450 2669 559 2704 κλῆσιν,
582 2669 678 2705 ὧσπερ
701 2671 762 2698 οὐδὲ
783 2672 832 2707 τὴν

37 2712 152 2747 ογὲσιν;
168 2713 217 2739 καὶ
237 2712 309 2739 οὕτω
329 2713 499 2749 διαπορήσας
517 2716 616 2750 ἐπάγει
629 2716 680 2751 τὴν
695 2716 782 2748 λύσιν,
799 2717 837 2749 ὡς

37 2758 112 2790 ἅπαξ
133 2759 151 2793 ἡ
175 2758 303 2793 θεολογία
319 2759 352 2785 ὲκ
372 2759 428 2786 τῶν
442 2760 590 2796 γνωρίμων
612 2763 678 2798 ἡμῖν
692 2763 743 2798 τῆς
761 2763 837 2796 θείας

37 2803 147 2838 φύσεως
161 2804 193 2831 τὸ
206 2805 236 2831 ἐν
249 2804 346 2840 Τριάδι
359 2805 474 2841 γνήσιον
488 2807 536 2834 καὶ
557 2807 689 2844 ὁμότιμον
703 2809 836 2845 λογογρα-

927 2533 974 2562 55.
991 2533 1114 2561 Alterum
1133 2533 1232 2560 deinde
1249 2534 1347 2567 quaerit
1361 2541 1368 2560 :
1386 2531 1452 2564 Cur,
1470 2540 1532 2560 cum
1549 2532 1634 2560 Filius
1651 2540 1684 2560 ac

892 2581 1011 2617 Spiritus
1022 2583 1134 2607 sanctus
1148 2587 1181 2606 ex
1197 2579 1276 2606 Patre
1289 2579 1394 2613 pariter
1408 2579 1565 2614 procedant,
1581 2580 1624 2607 hic
1639 2579 1685 2606 Fi-

890 2627 954 2660 lius,
975 2626 1020 2653 ille
1041 2625 1159 2660 Spiritus
1180 2626 1296 2658 dicatur,
1321 2631 1348 2653 et
1371 2633 1423 2653 non
1438 2627 1519 2654 ambo
1544 2626 1683 2654 tiliationis

891 2673 1103 2708 appellatiOnem
1127 2677 1247 2705 servent,
1274 2673 1501 2706 quemadmodum
1527 2679 1614 2706 neque
1634 2671 1684 2698 ha-

891 2720 1063 2754 bitudinem?
1078 2719 1134 2747 lloc
1159 2727 1226 2754 ergo
1241 2719 1287 2746 ubi
1308 2719 1442 2746 dubitavit
1456 2719 1547 2751 modo,
1571 2716 1684 2746 solutio-

891 2773 953 2793 nem
970 2765 1095 2794 adhibet.
1118 2765 1237 2793 Omnino
1258 2764 1373 2801 [inquit]
1389 2765 1522 2800 theologia
1535 2772 1569 2792 ex
1587 2764 1684 2798 cogni-

892 2811 928 2839 tis
944 2811 1023 2839 nobis
1048 2811 1129 2838 rebus
1144 2818 1304 2846 germanam
1322 2815 1407 2845 atque
1422 2809 1556 2846 aequalem
1582 2807 1684 2836 divinae

700 2866 818 2895 VARUS
838 2865 1042 2895 LECTlONES.

71 2908 96 2925 ⁸⁵
110 2908 165 2946 ὅτι]
183 2905 221 2942 ὥς
239 2909 273 2937 Δ.
311 2910 334 2925 ¹⁹
353 2910 468 2948 παρέχει
492 2912 525 2940 Δ,
564 2913 586 2929 ³⁸
604 2913 720 2942 αὐτόθεν
748 2916 809 2944 add.
838 2914 873 2944 Α.
911 2913 932 2931 ³¹
948 2913 1119 2949 πληθὺεσοαι
1148 2914 1183 2943 Δ.
1221 2914 1244 2931 ⁸¹
1258 2913 1307 2950 τὴν
1320 2913 1381 2942 add.
1394 2913 1427 2941 Δ.
