1916 3092
18 163 63 195 801
387 188 392 193 .
553 159 816 190 BIBLIOTHECA.
834 170 869 176 --
887 157 967 188 COD.
988 157 1126 189 CCXXII.

1609 157 1664 190 802

19 219 62 244 καὶ
75 216 210 251 υπεράνω
236 215 325 250 πάσης
349 214 436 250 ἀρχῆς
451 213 498 240 καὶ
522 214 648 246 ἐξουσίας
670 213 812 247 ἀναγαγὼι

869 211 1020 246 conjunxit,
1042 217 1069 238 et
1083 219 1166 246 supra
1182 219 1279 240 omnes
1297 211 1471 247 Principatus
1490 219 1523 240 ac
1535 211 1662 242 Potesta-

18 266 43 289 ἐν
53 263 133 298 δεξιᾷ
150 261 316 288 συνεκάθισε
330 261 378 287 τοῦ
398 260 524 295 Πατρὸς,
544 259 624 295 δῆλον
639 260 678 286 ὃτι
697 259 748 294 τῆς
765 259 816 292 ἀγ-

17 308 129 343 γελικῆς
146 307 228 340 ἀξίας
244 308 261 342 ἠ
277 306 402 342 ἡμετέρα
422 305 504 340 φύσις
526 304 739 342 προτετίμηται.
759 304 816 331 Καὶ

18 355 83 382 καθὸ
97 352 257 388 ἐγνωρίσθη
278 352 343 385 ταῖς
365 351 480 386 Ἀρχαῖς
495 351 544 378 καὶ
558 350 624 383 ταῖς
645 350 816 383 Ὲξουσίαις

17 402 48 427 ἑν
73 399 138 433 τοῖς
161 399 354 434 ἐπουρανίοις
375 398 425 425 διὰ
449 397 503 431 τῆς
532 396 733 431 Ἐκκλησίας,
754 396 816 431 ἥτις

18 448 87 473 ἐστὶν
101 447 116 473 ὁ
128 447 171 478 εἰς
186 446 305 482 Χριστὸν
323 446 514 476 πεπιστευκὼς
531 444 608 477 λαὸς,
624 444 644 478 ἡ
665 442 815 470 πολυποί-

18 495 100 525 κιλος
125 493 224 526 σοφία
246 491 301 518 τοῦ
318 491 412 524 Θεοῦ,
435 488 476 525 ἣν
500 489 616 522 ἔδειξεν
640 489 674 516 ἐν
698 487 815 523 Χριστῷ

22 537 145 571 Ἰησοῦ,
171 536 222 563 καὶ
250 537 322 563 κατὰ
347 535 428 562 τοῦτο
454 536 486 562 τὸ
517 535 652 570 ἡμέτερον
678 534 757 569 γένος
784 533 815 560 τὸ

18 582 372 619 πμσϐεἳονᾶπηνέγκατοσ
403 581 469 619 [529
502 582 549 618 ιι]
577 583 669 617 τρίτον
693 581 739 614 δὲ,
767 581 809 608 ὅτι

19 639 68 665 περ
100 629 126 645 ¹¹⁸
163 629 280 655 ἐκείνων
316 629 364 663 τὴν
399 629 551 655 ἀπόλαυσιν
581 627 814 663 ὲφιλοτιμήθημεν

18 678 106 711 ἡμεῖς,
123 676 165 707 εἰς
188 675 207 702 ἃ.
223 674 406 710 ἐπιθυμοῦσιν
426 674 538 709 ἄγγελοι
564 673 741 709 παρακύψαι.
758 673 813 699 Καὶ

17 721 79 747 καθὸ
99 720 270 755 ἀμφοτέρων
295 720 568 756 παραπεπτωκότων,
595 719 643 746 τοῦ
666 727 698 745 τε
728 719 815 754 Ἀδὰμ

17 770 59 794 καὶ
73 768 124 801 τῆς
137 767 290 802 ἁγγελικῆς
304 766 420 799 τάξεως,
436 766 484 793 τοῦ
499 767 549 801 μὲν
561 765 611 802 τὴν
625 766 706 800 φύσιν
722 765 814 792 λαϐὼν

17 812 175 838 ἀνεσώσατο
188 832 196 843 ,
214 811 269 837 τῶν
287 811 316 837 δὲ
331 811 435 843 οὐκέτι,
454 810 601 837 κάντεῦθεν
615 810 696 845 δῆλον
712 809 750 841 ὡς
768 818 813 844 φι⁴

17 857 141 892 impia;
161 857 286 892 μείζονος
301 858 318 892 ἡ
339 858 464 892 ἡμετέρα
480 857 562 891 φύσις
577 856 757 891 κατηξίωται.
777 855 814 882 Τδ

867 260 909 284 tes
926 260 1049 284 evectqu
1073 257 1107 283 ad
1133 257 1258 284 dextram
1281 257 1373 285 Patris
1404 257 1557 286 consedere
1586 257 1663 293 fecit,

866 301 997 337 angelica;
1008 301 1117 329 scilicet
1136 302 1261 336 dignitati
1283 307 1376 330 nostra
1392 309 1490 330 natura
1505 305 1662 338 anteposita

865 352 918 374 est.
937 347 1078 380 Quatenus
1093 347 1158 374 item
1174 347 1292 375 innotuit
1308 348 1482 383 Principatus
1499 353 1523 376 et
1539 348 1663 378 Potesta-

866 394 935 420 tibus
956 395 984 421 in
1001 394 1150 422 calentibus
1172 402 1217 428 per
1234 395 1380 422 Ecclesium
1398 396 1468 430 (qua:
1491 401 1518 423 et
1537 397 1563 423 in
1579 397 1662 424 Cltri<

868 445 941 466 slum
963 440 1078 467 credens
1098 439 1229 476 populus)
1254 440 1428 475 multiformis
1447 442 1578 476 sapientia
1599 443 1661 478 Dei,

865 494 944 520 quam
957 486 1073 513 exhibuit
1087 487 1115 513 in
1135 486 1241 513 Christo
1257 486 1323 513 Iesu
1345 486 1369 519 i,
1383 491 1496 515 eatenus
1515 488 1595 516 etiam
1612 496 1663 524 ge-

866 540 917 559 nus
941 532 1089 559 humanum
1107 532 1211 567 primas
1236 533 1339 561 retulit.
1357 532 1451 561 Tertio
1473 535 1544 568 quod
1561 534 1607 561 illo
1619 535 1663 561 in-

866 586 949 614 super
966 586 1079 607 munere
1097 587 1129 606 ex
1152 579 1337 607 muniﬁcentia
1361 580 1454 607 donati
1469 580 1564 613 simus
1581 586 1612 608 ut
1628 581 1662 609 iis

866 625 994 653 fruamur
1024 626 1117 657 rebus,
1135 626 1161 653 in
1181 633 1250 661 quas
1274 625 1432 653 desiderant
1454 626 1543 661 angeli
1560 628 1663 661 prospi-

865 678 929 698 cere
947 671 976 698 ὶι.
999 671 1142 705 Quatenus
1162 673 1246 700 etiam
1266 672 1392 706 utrisque
1417 672 1501 707 lapsis
1516 673 1621 700 Adamo
1634 679 1662 701 et

865 718 1025 752 angelorum
1067 718 1219 749 ordinibus.
1246 718 1320 746 illius
1350 720 1415 753 (non
1449 719 1514 746 item
1547 719 1657 756 horum)

866 768 1006 798 assumpta
1029 767 1138 796 natura,
1163 763 1278 791 salutem
1294 764 1393 791 attulit.
1411 765 1501 799 Atque
1521 765 1584 793 hinc
1600 765 1659 793 cla-

867 817 928 837 rmn
944 815 996 843 est,
1015 810 1113 844 tuajori
1131 810 1235 837 honore
1259 810 1369 845 dignam
1392 818 1453 838 esse
1468 810 1590 839 habitam
1611 819 1661 838 na-

866 863 957 884 turam
976 861 1109 884 nostram.
1125 856 1202 889 Quod
1219 860 1310 883 autem
1323 857 1351 883 in
1367 858 1574 885 resurrectione
1589 857 1662 885 sicut

17 904 39 928 Εὲ
54 904 81 928 ἐν
97 903 137 937 τῇ
163 903 313 930 ἀναστάσει
327 901 366 933 ὡς
386 902 522 936 ἀγγέλους
543 900 690 931 εἶναιτοὺς
708 900 812 936 ἀνθρώ-

869 902 957 937 angeli
983 906 1063 930 eruul.
1087 902 1251 935 homines‘,
1277 910 1329 930 non
1346 902 1373 929 id
1397 902 1540 938 utriusque
1553 905 1662 938 generis

18 957 78 980 mo;
95 948 151 974 οὐκ
170 947 311 982 ἰσοτιμίαν
329 947 460 983 ἐκατέρου
475 948 572 982 γένους
585 947 724 981 διδάσκει,
744 946 813 974 ἀλλὰ

18 992 156 1019 mla-asiam
186 992 369 1026 ὁμοιότροπον
397 993 543 1028 μαρτυρεῖο
574 991 725 1027 τηνικαῦτα
757 992 811 1028 γὰρ

16 1039 106 1073 ὡσπερ
130 1037 189 1064 οὐδ’
212 1038 238 1064 oi
258 1037 390 1072 ἄγγελοι,
406 1037 494 1069 οὕτως
515 1037 577 1064 οὐδὲ
597 1037 626 1064 τὺ
641 1037 812 1073 ἀνθρώπινον

16 1086 88 1117 γένος
103 1085 201 1119 γάμου
215 1082 264 1110 καὶ
280 1083 443 1119 σωματικῆς
458 1083 568 1118 ὁμιλίας
581 1083 735 1118 δεήσονται.
751 1083 812 1110 Ἔτι

16 1132 40 1157 δὲ
60 1131 140 1158 οὐδὲν
165 1130 270 1157 κωλύει
298 1130 346 1157 καὶ
368 1130 432 1161 τοὺς
461 1129 623 1165 ἀνθρώπους
652 1129 812 1164 ἰσαγγὲλους

17 1179 90 1210 ima;
106 1178 124 1213 ἢ
146 1177 236 1213 βραχύ
260 1186 286 1204 τι
303 1177 370 1212 παρ’
386 1177 485 1208 αὐτοὺς
512 1177 724 1212 ἠλαττωμένους
750 1176 812 1211 μεί-

18 1224 88 1256 ζονος
105 1224 260 1251 ἀπολαύειν
280 1224 378 1259 δώρου,
396 1224 461 1250 ὅταν
475 1223 500 1250 oi
527 1223 576 1258 μὲν
591 1223 738 1259 ἀσωμάτου
761 1222 814 1258 φύ-

20 1278 82 1301 σεως
111 1269 247 1304 τυχόντες
279 1269 328 1295 καὶ
355 1267 406 1304 τῆς
435 1268 539 1300 οἰκείας
569 1268 812 1302 ἁποστατήσαντες

18 1316 91 1351 ὤξης
108 1315 160 1342 καὶ
174 1314 255 1347 ἀξίας
271 1314 480 1350 ἀμεταμέλητον
496 1313 661 1350 συντηροῦσι
672 1315 721 1349 τὴν
736 1314 813 1340 πτῶ-

20 1371 65 1395 σιν,
93 1363 180 1397 ἡμεῖς
204 1361 234 1388 δὲ
261 1362 293 1388 τὸ
318 1360 430 1388 ἔλαττον
454 1360 568 1388 ἐκείνων
591 1361 622 1394 ἐξ
647 1360 732 1396 αὐτῆς
762 1359 814 1394 τῆς

17 1409 141 1440 πλάσεως
152 1407 286 1446 λαϐόντες
300 1407 344 1434 διὰ
359 1408 407 1443 τὴν
424 1407 493 1443 πρὸς
507 1407 538 1434 τὸ
555 1407 636 1442 σῶμα
649 1407 812 1442 συνάφειαν,

17 1452 74 1482 εἶτα
88 1455 141 1489 τῆς
153 1453 268 1489 ἐντολῆς
281 1451 500 1488 παραρῤυὲντες,
517 1452 549 1479 οὺ
569 1451 703 1487 φιλοῦμεν
720 1451 812 1487 μένειν

16 1501 43 1525 ὲν
56 1499 96 1534 τῷ
111 1498 257 1534 πτώματι,
273 1497 318 1524 διὰ
330 1497 476 1533 μετανοίας
491 1497 519 1524 δὲ
533 1497 646 1524 ἐκείνων
660 1497 715 1523 τῶν
728 1497 814 1523 ἐκπε-

17 1546 117 1572 σὰντων
131 1545 184 1580 τὴν
205 1543 284 1579 λῆξιν
302 1543 466 1571 καταλαϐεῖν
482 1543 645 1579 σπεύδομεν,
664 1543 710 1570 καί
725 1550 756 1577 γε
778 1541 813 1569 δι’

868 948 1051 983 ιιηιιιιιὶιθιειη
1076 948 1184 980 edocet,
1210 948 1258 974 sed
1286 947 1408 976 assimile
1431 948 1565 976 duntaxat
1596 949 1659 976 Viue

866 1003 952 1030 genus
978 999 1136 1022 attestatur.
1156 993 1234 1022 Tunc
1258 994 1344 1026 enim,
1364 995 1592 1028 quemadmodum
1608 1003 1660 1022 an-

866 1041 918 1075 geli
938 1048 992 1068 non
1015 1041 1150 1076 indigent,
1173 1041 1213 1068 sic
1238 1047 1325 1074 neque
1347 1048 1432 1076 genus
1447 1042 1594 1069 humanum
1607 1050 1658 1069 nu-

867 1087 931 1122 ptiis
959 1090 1006 1114 aut
1029 1093 1177 1122 corporum
1207 1093 1357 1121 congressu
1383 1087 1525 1122 indigebit.
1555 1088 1660 1116 Praeter

867 1133 930 1165 ista,
956 1132 1023 1159 nihil
1048 1132 1172 1167 prohibet
1196 1133 1321 1160 homines
1341 1133 1446 1168 angelis
1468 1134 1597 1168 aquales.
1615 1135 1658 1162 vel

867 1179 1065 1213 paulominus"
1078 1178 1112 1205 ab
1133 1178 1186 1205 illis
1200 1178 1348 1207 diminutos
1364 1179 1451 1212 majus
1470 1179 1578 1214 aliquod
1591 1187 1658 1207 con-

867 1225 943 1259 sequi
960 1231 1069 1257 munus,
1085 1225 1194 1259 quando
1214 1225 1324 1258 quidem
1342 1224 1392 1258 illi,
1407 1225 1454 1260 qui
1472 1226 1596 1260 corporis
1607 1233 1659 1253 ex-

868 1274 971 1304 pertem
992 1273 1117 1296 naturam
1139 1270 1281 1297 consecuti
1303 1274 1379 1302 sunt,
1396 1270 1441 1298 ubi
1462 1270 1546 1297 semel
1562 1278 1578 1297 e
1593 1279 1658 1306 pro-

867 1315 927 1350 prio
950 1316 1053 1343 honore
1068 1320 1098 1342 et
1116 1315 1204 1350 gloria
1228 1316 1403 1349 exciderunt,
1423 1317 1450 1343 in
1465 1324 1516 1343 suo
1527 1316 1657 1351 deinceps

867 1368 931 1387 casu
959 1360 1018 1388 sine
1040 1360 1199 1395 pmnitentia
1227 1365 1393 1389 remanent:
1422 1368 1473 1388 nos
1502 1368 1577 1398 vero,
1594 1369 1656 1389 cum

867 1405 1026 1434 inferiorem
1054 1406 1107 1434 illis
1133 1407 1317 1434 conditionem
1344 1413 1379 1434 ex
1411 1406 1527 1440 ipsamet
1552 1407 1659 1442 origine

867 1455 959 1479 nostra
978 1450 1100 1487 (propter
1118 1453 1241 1487 corporis
1262 1452 1495 1488 coniunctionem)
1518 1452 1655 1487 acceperi-

868 1505 939 1530 mus,
971 1503 1135 1533 praeceptum
1166 1498 1266 1525 deinde
1294 1499 1469 1533 transgressi,
1487 1499 1514 1525 in
1537 1499 1659 1533 peccatis

867 1542 973 1570 haerere
988 1543 1126 1577 nolumus,
1144 1544 1191 1571 sed
1217 1544 1325 1571 illorum
1350 1544 1396 1578 qui
1422 1545 1582 1572 exciderunt
1595 1551 1658 1572 sor--

16 1590 171 1626 ὑπερϐολὴν
184 1589 341 1626 φιλοτιμίας
358 1589 405 1617 τὸν
421 1590 538 1625 οὐρανὸν
551 1590 600 1616 καὶ
616 1588 666 1625 τὴν
679 1588 728 1615 τοῦ
744 1588 812 1614 Θεοῦ

868 1594 931 1622 tem,
957 1596 1005 1624 per
1030 1590 1219 1625 paenitentiam
1247 1597 1411 1624 recuperare
1439 1590 1593 1617 studemus.
1624 1589 1659 1617 Et

17 1637 158 1671 βασιλείαν
172 1637 236 1664 ἀντὶ
249 1635 296 1662 τοῦ
311 1635 476 1671 παραδείσου
489 1634 811 1671 κατακληροδοτούμεθα.

48 1773 166 1804 τούτοις
181 1772 383 1808 ὲπιλυσάμενος
397 1772 428 1799 τὸ
442 1772 621 1807 ζητούμενον,
637 1772 678 1803 είς
690 1771 814 1798 ἀνάπτυ-

19 1821 54 1853 ξιν
68 1821 182 1857 πρόεισι
200 1821 250 1855 τῆς
267 1819 426 1855 παραϐολῆς
441 1819 458 1855 ἠ
483 1828 525 1851 τις
539 1819 586 1846 τὸν
608 1818 744 1854 νεώτερον
763 1817 814 1844 καὶ

19 1868 120 1894 ἄσωτον
141 1866 202 1892 υίδν
224 1866 273 1892 καὶ
287 1866 332 1892 τὸν
351 1865 536 1901 πρεσϐύτερον
558 1864 617 1900 ἃμα
638 1863 685 1891 τοῦ
710 1863 814 1899 πατρὸς

19 1913 134 1947 εἰσάγει,
151 1911 202 1938 καὶ
213 1911 248 1938 τὰ
261 1911 322 1938 κατ’
336 1911 435 1943 αὐτοὺς
452 1910 613 1941 διατίθεται,
627 1910 674 1936 καί
685 1918 752 1944 φησι
768 1909 814 1935 τὸν

19 1960 64 1994 μὲν
80 1958 272 1995 πρεσϐύτερον
291 1957 349 1985 υἱὸν
363 1958 413 1990 τὰς
428 1956 579 1992 ἁγγελικὰς
594 1955 813 1991 παραδειγματί-

18 2006 71 2037 ζειν
88 2005 224 2040 δυνάμεις
238 2004 338 2040 (χρόνῳ
353 2003 407 2039 γὰρ
429 2004 477 2030 καὶ
491 2004 586 2039 τρόπῳ
612 2003 659 2029 τοῦ
676 2003 812 2038 ἡμετέρου

18 2052 112 2084 rimo:
126 2051 159 2077 τὸ
176 2050 324 2085 πρεσϐεῖον
339 2049 420 2076 αὗται
437 2048 589 2084 φέρονται),
599 2048 645 2075 τὸν
664 2048 692 2074 δὲ
709 2048 813 2075 ἄσωτον

19 2098 43 2123 τὸ
56 2097 236 2133 ἀνθρώπινον
248 2096 338 2131 γένος,
351 2095 458 2131 πατέρα
469 2095 498 2121 δὲ
517 2095 563 2122 τδν
576 2094 748 2130 Δημιουργδν
765 2093 813 2120 καὶ

19 2143 158 2177 Δεσπότην
173 2141 295 2168 πάντων.
310 2141 374 2177 [657
388 2140 436 2176 11.]
455 2140 492 2167 Τὸ
511 2140 538 2167 δὲ
554 2140 754 2167 ἁποδυσπετετν
768 2140 813 2166 τὸν

20 2189 207 2225 πρεσϐύτερον
223 2188 283 2215 υίὸν
297 2188 343 2214 ἐπὶ
358 2189 392 2223 τῇ
407 2187 557 2222 ἀνακλήσει
571 2187 618 2213 καὶ
629 2185 753 2219 δεξιώσει
765 2186 812 2212 τοῦ

20 2236 152 2272 νεωτέρου
166 2255 174 2266 ,
197 2233 235 2270 μὴ
253 2234 304 2269 τῆς
321 2233 473 2269 ὰτγελικῆς
496 2233 545 2268 μὲν
563 2231 727 2259 εἶναιτοῦτο
741 2231 812 2266 γνώ-

865 1642 929 1662 vero
957 1642 1005 1670 per
1041 1636 1262 1670 exsuperantiam
1297 1635 1418 1671 [divinae]
1450 1634 1657 1667 muniﬁcentiae.

865 1681 964 1709 omium
995 1689 1027 1709 ac
1053 1681 1100 1709 Dei
1121 1689 1233 1717 regnum
1260 1689 1309 1716 pro
1339 1682 1468 1716 paradiso
1497 1681 1658 1709 hatreditate

864 1727 1012 1754 cernimus.

900 1773 944 1801 '57.
963 1772 1011 1800 llis
1020 1772 1065 1801 illa
1079 1772 1218 1808 proﬂigata
1227 1773 1428 1808 qtuestione,ad
1439 1774 1658 1808 explanationem

864 1819 1002 1854 parabolae
1020 1819 1177 1854 aggreditur
1190 1823 1218 1852 ιι,
1233 1827 1293 1853 qua:
1313 1818 1450 1854 juniorem
1469 1827 1502 1847 ac
1516 1821 1658 1855 prodigum

865 1867 961 1898 lilium,
979 1870 1006 1893 et
1021 1866 1156 1893 seniorem
1169 1865 1250 1892 simul
1267 1872 1328 1893 cum
1343 1871 1419 1900 patre
1435 1866 1548 1899 inducit.
1569 1872 1596 1894 et
1612 1875 1661 1894 eo-

868 1920 927 1940 rum
956 1913 1101 1940 historiam
1132 1912 1169 1939 ita
1207 1912 1317 1945 digerit.
1350 1911 1378 1939 lu
1404 1913 1512 1940 seniore
1539 1913 1576 1941 ait
1603 1913 1659 1941 ﬁlio

864 1959 971 1986 ostendi
997 1958 1136 1993 angelicas
1164 1958 1301 1992 potentias
1327 1959 1400 1992 (nam
1426 1963 1453 1985 et
1479 1963 1602 1992 tempore
1629 1964 1658 1986 et

865 2005 956 2035 modo,
974 2009 1068 2031 nostro
1083 2004 1175 2038 generi
1188 2004 1319 2038 dignitate
1332 2003 1487 2038 praestant),
1503 2004 1531 2030 iu
1545 2004 1659 2039 prodigo

865 2058 929 2078 vero
945 2050 1092 2077 humanum
1104 2057 1190 2085 genus
1203 2058 1211 2077 :
1227 2050 1255 2077 in
1269 2055 1347 2084 patre
1360 2049 1521 2077 Creatorem
1535 2050 1657 2078 universi

864 2105 897 2125 ac
910 2097 1053 2124 Dominum
1069 2097 1273 2132 reprmsentari.
1291 2097 1392 2133 200i:
1404 2096 1573 2132 lndignatum
1592 2103 1658 2124 vero

864 2143 1001 2171 seniorem
1017 2143 1102 2170 ﬁlium
1121 2143 1294 2172 revocatione
1311 2148 1339 2171 et
1359 2143 1476 2178 benigna
1494 2143 1658 2170 tractatione

863 2190 991 2226 iunioris,
1025 2197 1078 2217 non
1102 2190 1153 2218 hoc
1177 2191 1306 2225 angelicae
1321 2197 1381 2217 esse
1406 2190 1506 2217 mentis
1526 2195 1574 2217 aut
1591 2189 1657 2217 al'l‘e-

865 2235 973 2267 ctionis,
993 2235 1040 2262 sed
1054 2235 1209 2269 parabolam
1227 2236 1290 2267 ista,
1308 2242 1362 2269 quo
1375 2234 1499 2261 beneﬁcii
1516 2235 1655 2270 magnitu-

22 2291 68 2316 μης
80 2281 104 2297 ⁸⁸
118 2281 138 2315 ἢ
154 2280 314 2312 διαθέσεως,
337 2278 592 2314 κατασχηματίζειν
612 2279 641 2305 δὲ
658 2278 707 2314 τὴν
722 2287 812 2313 παρα-

866 2281 956 2308 dinem
968 2281 1096 2314 declaret,
1111 2281 1147 2308 ita
1165 2280 1304 2315 elliugere.
1321 2280 1456 2313 Quoniam
1472 2285 1578 2307 tantum
1593 2285 1654 2314 post

21 2327 94 2362 αλιι-δ
106 2326 211 2358 ταῦτα,
225 2325 256 2352 τὸ
272 2325 388 2361 μέγεθος
409 2320 461 2360 τῆς
478 2324 639 2359 εὐεργεσίας
660 2325 813 2351 ἐπιδεικνυ-

21 2374 110 2408 μένην,
139 2374 183 2400 ὃτι
209 2371 345 2407 τοσαύτης
373 2371 442 2407 μετὰ
472 2370 609 2406 τοσαύτην
635 2371 769 2397 ἀσωτείαν
789 2370 812 2386 ’⁵⁷

19 2421 160 2454 exilia-sca
186 2419 237 2453 τῆς
264 2418 421 2453 φιλοτιμίας
441 2418 455 2443 ὁ
477 2417 582 2449 ἄσωτος
606 2417 680 2449 υῑὺς,
699 2417 741 2443 ὅτι
764 2417 811 2443 καὶ

20 2465 84 2500 λιτὴ
100 2466 136 2491 ἂν
153 2465 170 2499 ή
194 2464 249 2490 τῶν
263 2463 388 2498 ἀγγέλων
404 2462 492 2495 τάξις,
508 2462 588 2497 εἴπερ
602 2460 636 2498 ἧν
657 2463 687 2489 ἐν
702 2464 734 2497 τῇ
749 2462 810 2489 τού-

18 2519 68 2537 των
84 2511 167 2546 ’ξύσει
185 2510 216 2536 τὸ
232 2509 450 2542 ὲπιϐασκαίνειν,
470 2508 651 2545 ἐδυσχέρανεν
662 2508 685 2524 ⁸⁸
706 2509 739 2535 ἂν
763 2510 811 2536 καὶ

18 2557 62 2583 vix
78 2556 199 2592 ἀνεκτὴν
214 2556 337 2592 ἡγήσατο
352 2554 400 2591 τὴν
412 2555 462 2589 τῆς
474 2555 631 2590 φιλοτιμίας
645 2555 810 2590 ὑπερϐολήν.

20 2601 70 2627 llo-3
96 2601 155 2637 γὰρ
184 2602 279 2636 ὅμοιον
304 2601 367 2631 τοὺς
392 2600 491 2631 αὐτούς
515 2608 545 2626 τε
569 2599 677 2636 χαίρειν
704 2600 751 2626 ἐπὶ
772 2601 812 2626 ἑνὶ

20 2647 174 2684 ἁμαρτωλῴ
187 2646 373 2683 μετανοοῦντι,
387 2647 435 2674 καὶ
451 2646 608 2682 βασκαίνειν
619 2647 700 2673 πάλιν
713 2656 812 2683 πατρι-

52 2718 60 2742 l
80 2717 183 2752 Ephcs.
199 2725 241 2749 ιιι,
261 2717 304 2744 10.
343 2715 356 2736 ¹ί
372 2714 382 2742 1
396 2715 471 2752 ῐξειτ.
496 2724 514 2746 ι,
532 2715 574 2752 l2.
612 2713 735 2744 1Matth.
759 2724 812 2743 χχιι

866 2718 911 2751 50;
930 2717 997 2746 Luc.
1022 2726 1067 2751 xx,
1087 2718 1133 2745 36.

20 2756 32 2770 ¹¹
46 2750 114 2780 Luc‘.
135 2760 179 2785 XV,
200 2752 230 2779 ll
248 2759 315 2787 seqq
378 2756 391 2769 υ
404 2750 472 2778 Luc.
491 2758 517 2783 ι,
536 2750 580 2777 l5.

866 2330 920 2352 tam
938 2325 1073 2360 insignem
1098 2326 1337 2360 intemperantiam
1365 2326 1495 2360 prodigus
1522 2326 1566 2352 ille
1583 2326 1656 2352 ﬁlius

863 2376 994 2406 expertus
1008 2376 1050 2398 est
1072 2371 1279 2406 benignitatem.
1300 2377 1329 2398 ut
1346 2371 1403 2405 ipse
1417 2378 1525 2406 quoque
1541 2371 1655 2406 angelo—

864 2425 923 2445 rum
939 2418 1016 2450 ordo,
1030 2418 1052 2444 si
1071 2418 1218 2444 invidentia
1234 2417 1259 2444 in
1277 2418 1373 2444 horum
1389 2423 1513 2444 naturam
1532 2418 1654 2450 caderet,

864 2464 1022 2499 indignatus
1036 2464 1129 2498 utique
1145 2464 1252 2495 fuisset,
1269 2471 1356 2498 neque
1373 2463 1542 2490 tolerabilem
1560 2468 1654 2497 putas-

865 2514 907 2538 set
931 2514 1034 2537 tantam
1067 2510 1262 2538 benevolentia:
1279 2509 1506 2546 magnitudinem.
1534 2509 1656 2542 Qucum-

867 2557 901 2583 tlo
916 2557 988 2583 enim
1005 2556 1107 2591 alioqui
1132 2561 1346 2584 consentaneum
1366 2556 1411 2588 sit,
1436 2555 1522 2584 laetari
1545 2555 1655 2582 eosdem

867 2609 950 2636 super
982 2609 1037 2628 uno
1071 2605 1215 2636 peccatore
1250 2601 1439 2636 pcenitentiam
1468 2605 1600 2635 agente",
1628 2603 1656 2626 et

866 2655 974 2675 rursum
990 2648 1122 2680 invidere,
1138 2647 1209 2682 quod
1226 2648 1406 2675 amantissimi
1423 2648 1508 2683 patris
1526 2646 1656 2681 amplexi-

1185 2723 1204 2737 ιη
1223 2718 1294 2746 Psai.
1325 2727 1386 2752 VIII,
1404 2720 1431 2753 6;
1464 2718 1546 2745 "chr.
1575 2723 1603 2746 ιι,
1627 2715 1654 2743 7.

669 2809 787 2838 VARI/E
804 2809 1009 2838 LECTIONES.

64 2857 88 2873 “
103 2858 146 2884 ὒτι
169 2856 237 2893 περ]
267 2857 337 2893 ὅπερ
361 2865 402 2892 pr.
425 2857 470 2884 A:
493 2857 532 2889 ὡς
560 2865 635 2884 corr.
673 2857 696 2873 ⁵⁰
711 2857 823 2892 γνώμης
841 2857 922 2884 τοῦτο
950 2865 982 2889 ς.

21 2900 98 2919 uno
110 2901 142 2924 τι

1033 2856 1054 2872 ⁸⁷
1069 2856 1189 2883 ἀσωτίαν
1210 2865 1240 2888 ς.
1291 2857 1314 2874 ⁵⁸
1339 2857 1521 2892 ἐδυσχέραναν
1533 2871 1566 2877 -
1583 2857 1654 2893 ήγή-
