1916 3092
248 131 302 164 803

819 128 952 159 ΡΗΟΤΙΙ
971 127 1224 159 ΡΑΤΒΙᾹΗΟΗίΕ
1245 128 1300 159 CP.

1825 128 1875 160 SO-l.

249 187 299 213 bus
317 185 444 219 dignatus
470 183 564 211 esset?
589 183 642 210 Sed
661 183 734 211 enim
759 183 820 210 talis
846 184 1036 218 paraliolarum

1089 183 1145 209 γῶν
1165 183 1320 218 ἀξιουμένῳ
1347 182 1529 218 σπλάγχνωνς
1545 182 1614 210 ἀλλὰ
1636 182 1690 218 γὰρ
1712 183 1835 210 τοιοῦτον
1858 186 1874 218 ἡ

249 231 325 259 ﬁctio
349 238 410 258 esse
424 229 493 257 solet
513 237 521 256 :
542 237 593 257 nec
607 230 679 256 enim
694 237 726 257 ea
741 229 841 262 solum,
857 237 916 264 quae
933 234 980 257 aut
993 229 1036 256 fa-

250 283 292 304 cta
307 282 354 304 aut
368 276 458 303 tutura
477 279 541 303 sunt
555 274 785 310 complectuntur,
801 275 847 302 sed
862 280 889 302 et
901 275 958 307 illa,
976 282 1037 309 quae

248 323 383 352 curiosius
408 322 541 358 quispiam
565 327 659 349 eorum
685 321 876 348 commovendi
898 322 964 353 vim.
991 325 1038 348 aut

246 369 457 404 jucunditatcm,
493 371 541 394 aut
577 365 815 400 consequentiam,
844 371 892 393 aut
920 366 1037 401 denique

249 412 416 448 adipiscendi
440 411 600 439 facilitatem
618 416 701 446 utque
715 410 862 438 utilitatem
888 414 1037 437 contexen-

248 461 293 492 do,
317 459 487 493 adjungeret.
510 457 672 485 Parabolam
691 464 799 492 quoque
815 461 924 484 centum
945 456 1036 484 ovium

247 507 281 533 ad
298 506 455 539 angelorum
474 509 502 532 et
521 504 661 531 hominum
687 508 811 530 naturam
834 502 926 530 refert.
945 503 1038 530 Memi-

248 553 290 579 nit
304 552 419 578 aliarum
438 551 522 578 etiam
545 550 681 585 parabolae
697 550 730 576 de
744 549 800 576 ﬁlio
821 549 935 583 prodigo
949 548 1038 584 expli-

247 598 398 630 cationum,
419 597 467 624 sed
482 597 583 631 quibus
603 596 730 623 omnibus
747 595 907 630 praedictam
923 600 1037 630 antepo-

247 644 299 676 nit,
325 651 407 679 quam
435 643 510 670 varia
532 643 634 677 ingenii
661 642 844 670 ostentatione
871 641 1038 669 concinnare

247 690 348 716 studet.
376 689 438 716 Haec
461 689 607 723 septimum
626 688 712 724 ipsius
724 692 751 716 ct
772 688 941 716 tricesimum
958 691 1038 722 caput

247 735 372 762 studiose
385 739 493 762 tractat.

283 782 328 809 58.
341 781 528 816 Porroqnmrit
540 780 679 808 tricesimo
685 785 782 808 octavo
789 780 892 816 capite:
900 780 1037 813 Quomodo

246 837 293 863 pro
300 827 422 854 omnibus
431 833 550 854 martum
558 835 613 854 eue
618 826 736 854 Christus
743 827 857 860 dicatur,
865 835 923 853 cum
930 826 1037 853 nonnisi

246 873 337 900 multis
344 872 466 900 aetatibus
473 877 612 907 postquam
618 872 724 907 inﬁnita
733 872 866 900 hominum
872 873 1007 906 progenies
1013 876 1036 898 et
1052 864 1074 891 Β

246 923 310 944 nata
321 923 345 945 et
359 925 462 944 rursum
472 921 553 944 morte
570 917 655 944 deleta
668 923 747 948 esset,
762 917 940 950 Redemptoris
949 918 1038 944 incar—

246 965 318 990 natio
329 963 443 991 evenerit
452 962 562 990 ?Nodus
570 968 659 990 autem
675 963 714 990 sic
725 963 881 991 dissolvitur
893 971 900 990 :
913 963 1037 991 multisin

245 1009 314 1037 locis
326 1017 432 1036 sarcam
441 1009 612 1044 Scriptorum
623 1009 773 1040 testiﬁcari,
783 1010 916 1043 quomodo
926 1014 989 1037 tunc
999 1009 1039 1036 vi-

245 1054 383 1088 ventibus,
396 1055 491 1082 eodem
511 1055 595 1082 etiam
611 1055 656 1087 iis,
677 1055 724 1090 qui
740 1055 810 1089 apud
829 1055 931 1082 inferos
946 1059 1036 1087 erant,

246 1108 294 1135 per
307 1101 445 1128 Christum
458 1101 673 1136 redemptionem
689 1101 810 1128 venisse.
826 1100 896 1128 Nam
910 1101 1038 1136 princeps

244 1147 432 1181 apostolorum
445 1147 503 1174 ait:
522 1146 554 1174 In
569 1147 617 1174 hoc
629 1147 698 1174 enim
711 1151 834 1174 mortuus
844 1151 894 1179 est,
906 1151 931 1173 et
949 1155 1038 1173 resur-

244 1195 325 1226 rexit,
347 1197 375 1220 ut
387 1198 411 1221 et
422 1198 587 1220 mortuorum
614 1199 638 1220 et
663 1194 781 1220 vivorum
799 1194 949 1220 dominetur
964 1198 987 1222 Ρ.
1001 1193 1034 1220 Ει

245 1247 361 1266 rursus:
379 1238 430 1266 His
440 1239 486 1274 qui
504 1240 532 1265 in
547 1246 653 1265 carcere
672 1243 748 1265 erant
772 1238 908 1273 spiritibus
934 1238 1037 1265 ueniens

245 1285 400 1320 prwdicavit
411 1290 438 1317 ⁸1,
456 1290 484 1311 ut
492 1284 649 1319 judicentur
665 1285 771 1319 quidem
784 1293 874 1316 carne,
885 1285 975 1312 vivant
989 1292 1038 1311 au-

246 1336 297 1358 tem
310 1331 414 1365 Spiritu
431 1335 455 1358 τ.
471 1330 529 1358 Hoc
543 1336 597 1362 est,
618 1335 647 1357 ut
675 1330 778 1362 ﬁdeles,
798 1330 844 1365 qui
871 1335 982 1366 propter
995 1331 1036 1357 in-

246 1377 404 1404 ﬁdelitatem
430 1383 507 1404 suam
532 1381 692 1410 peccatores
725 1381 924 1408 remanserant,
959 1375 1039 1403 dam-

246 1427 347 1450 nentur
360 1441 368 1454 ,
386 1421 465 1456 quasi
494 1421 574 1457 plane
600 1429 665 1448 caro
685 1420 762 1452 facti,
779 1426 806 1448 et
824 1421 922 1448 divulsi
944 1428 958 1447 ο
976 1420 1038 1455 Spi-

246 1470 311 1496 ritu.
346 1468 485 1503 Quolquot
517 1472 609 1494 autem
639 1466 720 1494 etiam
742 1467 812 1501 apud
833 1466 945 1498 inferos,
958 1467 1038 1494 Chri-

246 1520 290 1542 sto
303 1514 359 1549 (qui
387 1514 445 1548 ipsa
471 1518 532 1540 erat
558 1513 677 1549 justitia)
705 1513 891 1544 crediderunt,
922 1512 1036 1547 spiritali

247 1560 342 1587 latitia
367 1559 552 1594 perfruantur.
586 1559 656 1586 lllud
688 1559 794 1594 igitur:
826 1556 860 1584 Ut
885 1558 1039 1592 judicentur

247 1615 336 1639 came,
355 1607 388 1634 de
407 1606 555 1634 incredulis
588 1607 691 1634 dictum
727 1605 854 1633 aliirmat.
886 1607 921 1632 At
946 1605 1037 1633 illud:

252 1653 343 1681 Vivam
357 1653 471 1687 Spiritu,
482 1654 515 1681 de
523 1653 708 1680 credentibus.
726 1652 810 1680 Porro
830 1653 866 1679 ita
882 1659 1038 1679 sermonem

246 1699 376 1732 instituit,
394 1703 425 1726 ut
444 1699 522 1734 quasi
543 1699 576 1725 de
593 1705 647 1726 uno
673 1699 765 1732 aliquo
792 1698 866 1733 loqui
887 1697 1012 1724 videatur
1029 1705 1037 1729 ;

245 1747 310 1781 quia
326 1745 434 1773 etiamsi
457 1752 511 1772 non
526 1744 621 1772 eadem
638 1746 674 1773 sit
696 1745 776 1780 201
789 1753 804 1771 a
827 1743 996 1771 credentium
1013 1747 1041 1770 et

246 1791 448 1820 incredulorum
464 1791 595 1824 conditio,
614 1791 640 1818 in
656 1798 740 1818 unum
765 1795 855 1817 tamen
888 1789 1039 1816 inferorum

247 1839 372 1866 ordinem
389 1837 565 1872 colliguntur.
578 1838 669 1872 Atque
697 1837 735 1864 ita
767 1837 848 1864 etiam
866 1835 898 1863 de
921 1843 975 1862 uno
992 1842 1039 1862 eo-

247 1885 364 1919 demque
383 1891 499 1919 corpore
527 1888 661 1919 ξείνοισι-ο
674 1883 745 1911 idem
765 1888 793 1910 et
824 1883 915 1909 valere
948 1882 1040 1910 dicere

247 1939 403 1968 possumus,
418 1931 566 1959 secundum
583 1931 665 1958 aliam
699 1929 828 1957 nimirum
853 1934 934 1963 atque
957 1927 1038 1955 aliam

246 1981 287 2007 sui
307 1984 422 2014 partem.
440 1977 675 2011 Quemadmodum
705 1980 797 2002 autem
830 1973 948 2009 aliquem
978 1974 1040 2008 igne

247 2027 372 2054 damnari
388 2031 469 2061 atque
487 2026 575 2060 puniri
597 2025 724 2056 dicimus,
739 2024 779 2051 sic
808 2027 836 2050 et
856 2030 935 2051 sacra
963 2023 1040 2050 Scri-

247 2080 328 2107 ptura
343 2073 425 2100 dicit:
442 2071 639 2106 Utjudicentur
658 2078 747 2097 carne.
767 2069 936 2097 Gravissima
966 2069 1039 2096 enim

189 2132 197 2137 —
247 2125 328 2154 poena
347 2123 390 2146 est
403 2117 533 2153 (maxime
546 2115 755 2143 resurrectionis
783 2115 914 2150 tempore)
931 2115 1039 2150 quando

248 2173 280 2192 ea
302 2163 486 2191 delectatione
503 2162 681 2197 perfruuntur
695 2161 773 2195 justi,
803 2167 866 2195 quae
889 2160 1036 2188 humanam

1086 229 1231 261 διάπλασις
1240 230 1295 256 τῶν
1307 229 1482 264 παραϐολῶν·
1496 229 1527 256 οὺ
1538 230 1592 265 γὰρ
1604 229 1640 256 τὰ
1650 229 1783 264 γεγονότα
1795 230 1876 266 μόνον

1087 275 1292 312 ἢγενησόμενα
1316 275 1556 311 διαλαμϐάνουσιν,
1579 275 1649 302 ἀλλά
1671 276 1719 302 καὶ
1738 275 1756 302 ἃ
1779 275 1812 303 ἄν
1835 285 1877 308 τις

1088 322 1312 357 συνυφηνάμενος
1324 322 1523 357 ἐναργέστερον
1540 322 1632 348 αὐτῶν
1645 321 1675 348 τὸ
1693 322 1878 357 καταπληκτι-

1087 369 1135 396 κὸν
1148 368 1164 404 ἢ
1183 368 1214 395 τὸ
1228 367 1325 404 ἡδῦνον
1337 368 1353 403 ἢ
1366 368 1397 394 τὸ
1409 367 1555 395 ἀκόλουθον
1573 367 1591 403 ἢ
1608 367 1700 399 ἁπλῶς
1714 368 1746 394 τὸ
1760 368 1879 402 εὐπάρε-

1087 415 1131 441 δον
1145 416 1319 451 παραστήσει
1337 415 1385 442 καὶ
1399 414 1547 449 ὠφέλιμον.
1571 414 1626 441 Καὶ
1644 414 1699 441 τῶν
1724 417 1748 449 ρ’
1770 414 1798 440 δὲ
1811 423 1879 449 προ-

1088 461 1179 488 ϐάτων
1192 460 1242 497 τὴν
1258 461 1418 496 παραϐολὴν
1434 461 1474 492 εἷς
1490 468 1522 486 τε
1535 461 1599 491 τοὺς
1612 459 1746 494 ἀγγέλους
1767 460 1814 486 καὶ
1829 459 1878 494 τὴν

1087 508 1262 544 ἀνθρωπίνην
1275 507 1407 542 ἀναφέρει
1419 506 1511 541 φύσιν.
1525 505 1700 541 Μνημονεύει
1712 505 1740 532 δὲ
1755 506 1818 542 περὶ
1829 506 1879 539 τῆς

1087 553 1246 589 παραϐολῆς
1262 553 1309 580 τοῦ
1334 551 1440 579 ἀσώτου
1464 552 1512 578 καὶ
1533 551 1636 586 ἐτέρων
1657 551 1739 577 τινῶν
1759 551 1879 577 ἀναπτέ-

1088 599 1168 632 ξεων,
1182 595 1221 625 ὧν
1235 598 1284 632 τὴν
1299 597 1503 634 προειρημένην
1518 598 1633 624 ἀπασῶν
1649 597 1804 632 προκρίνει,
1818 597 1879 623 πολ-

1087 643 1144 675 λοῖς
1155 643 1239 679 αὐτὴν
1250 643 1273 659 δ’
1294 643 1453 679 συγκροτῶν
1467 643 1668 677 ἀγωνίσμασιν.
1690 643 1771 669 Ἀλλὰ
1791 642 1879 669 ταῦτα

1089 690 1140 725 μὲν
1155 690 1230 726 αὐτῷ
1245 689 1292 717 mi.
1306 690 1337 716 τὺ
1350 689 1372 721 ζ’
1387 690 1434 717 καὶ
1447 689 1469 716 λ’
1485 689 1630 722 σπουδάζει
1648 690 1807 724 κεφάλαια..

1124 777 1161 804 Τὸ
1177 777 1205 804 δὲ
1222 777 1263 813 λη’
1280 777 1367 814 ζητεῖ,
1389 778 1457 815 Πῶς
1471 777 1549 812 ὑπὲρ
1578 777 1701 805 πάντων
1716 777 1882 805 ἀποθανεῖν

1088 823 1153 859 [350
1178 823 1225 859 [1.]
1256 823 1375 858 λέγεται
1400 825 1416 850 ό
1443 823 1584 858 Χριστὸς,
1608 823 1738 856 πολλοῖς
1762 823 1881 858 γενεαῖς

1088 871 1227 904 ὕστερον,
1245 870 1294 905 ἀφ’
1311 868 1347 898 οὗ
1361 871 1477 905 μυρίων
1493 870 1579 906 γένος
1598 871 1760 905 ἀνθρώπων
1776 871 1834 905 ἔφυ
1847 879 1881 897 τε

1089 917 1138 945 καὶ
1152 918 1262 945 κατέδυ
1276 917 1316 950 τῷ
1335 918 1462 951 θανάτῳ,
1477 917 1533 952 τῆς
1546 917 1621 945 κατὰ
1631 919 1685 945 τὸν
1694 918 1820 952 Σωτῆρα
1834 927 1883 953 τε-

1087 963 1256 998 γετημένης
1269 964 1439 998 οἰκονομίας
1452 972 1462 997 ;
1481 963 1537 990 Καὶ
1552 963 1691 990 ὲπιλύεται
1709 963 1740 989 τὸ
1751 963 1864 998 ζήτημα
1873 984 1881 996 ,

1088 1009 1126 1042 ὡς
1143 1009 1277 1045 πολλαχοῦ
1285 1009 1503 1045 διαμαρτύρεται
1515 1010 1532 1043 ή
1545 1009 1652 1045 Γραφὴ,
1666 1009 1696 1035 ὃν
1709 1010 1812 1043 τρόπον
1824 1012 1883 1041 τοῖς

1087 1056 1214 1091 τηνικάδε
1239 1055 1326 1089 ζῶσι,
1347 1056 1393 1082 τὸν
1419 1055 1501 1082 αὐτὸν
1530 1055 1580 1082 καὶ
1603 1056 1659 1087 τοῖς
1681 1056 1710 1081 ὲν
1736 1055 1819 1090 ᾊδου
1837 1055 1884 1082 διὰ.

1088 1101 1206 1138 Χριστοῦ
1219 1102 1268 1137 τὴν
1283 1102 1474 1137 ἀπολύτρωσιν
1489 1101 1704 1136 παραγενέσθαι.
1724 1101 1808 1135 Λέγει
1825 1101 1884 1136 γὰρ

1088 1150 1101 1176 ὁ
1114 1148 1168 1175 τῶν
1181 1147 1310 1183 μαθητῶν
1320 1149 1478 1183 κορυφαῖος,
1490 1148 1541 1181 Et;
1550 1147 1638 1175 τοῦτο
1649 1147 1672 1164 ⁸ο
1684 1147 1739 1182 γὰρ
1747 1147 1886 1175 ἀπέθανε

1089 1193 1138 1220 καὶ
1153 1194 1277 1227 ἀνέστη,
1290 1193 1340 1220 ἵνα
1347 1193 1396 1220 καὶ
1409 1193 1525 1227 νεκρῶν
1534 1194 1583 1220 καὶ
1596 1192 1710 1224 ζώντων
1722 1194 1884 1228 κυριεύσῃ.

1088 1239 1146 1266 Καὶ
1162 1239 1254 1266 πάλιν·
1271 1239 1335 1272 Τοῖς
1347 1239 1369 1255 ⁸⁸
1387 1239 1422 1265 ἐν
1432 1238 1556 1273 φυλακῇ
1577 1239 1734 1273 πορευθεὶς
1749 1239 1886 1273 ἐκήρυξε

1089 1285 1272 1319 πνεύμασιν,
1291 1285 1341 1311 ἵνα
1357 1285 1379 1301 ³·
1412 1284 1534 1318 κριθῶσι
1549 1284 1607 1319 μὲν
1628 1285 1730 1319 σαρκὶ,
1753 1284 1824 1315 ζῶσι
1849 1285 1886 1311 δὲ

1088 1331 1246 1364 πνεύματι,
1261 1331 1410 1362 τουτέστιν,
1432 1331 1506 1362 ὅπως
1521 1331 1614 1371 οῑιμὲν
1631 1331 1741 1358 ἀπιστοι
1766 1333 1815 1358 καὶ
1838 1331 1887 1358 διὰ

1088 1377 1167 1404 τοῦτο
1193 1378 1351 1414 ἁμαρτωλοὶ
1374 1378 1560 1413 μεμενηκότες
1589 1378 1805 1412 κατακριθῶσιν,
1834 1378 1886 1405 ἅτε

1088 1425 1120 1459 δὴ
1132 1424 1288 1460 ὁλοκλήρως
1301 1424 1369 1459 σὰρξ
1383 1424 1526 1459 γεγονότες
1540 1425 1587 1451 καὶ
1597 1424 1822 1460 διχοτομηθέντες
1834 1425 1886 1451 τοῦ

1090 1469 1247 1505 πνεύματος
1259 1490 1267 1502 ,
1295 1470 1353 1496 ὅσοι
1373 1470 1402 1497 δὲ
1421 1469 1472 1497 κᾶν
1495 1470 1525 1497 ὲν
1543 1470 1625 1506 ᾍδου
1652 1470 1763 1505 Χριστῷ
1782 1471 1817 1505 τῇ
1842 1470 1887 1496 δι-

1089 1515 1221 1552 καιοσύνῃ
1238 1516 1458 1548 πεπιστεύκασι,
1473 1515 1524 1551 τῆς
1538 1515 1730 1550 πνευματικῆς
1745 1515 1888 1551 εὐφροσύ-

1089 1570 1138 1595 νης
1153 1561 1327 1589 ἀπολαύωσιν
1336 1562 1370 1589 ⁸³.
1385 1562 1421 1588 Τὸ
1435 1560 1481 1588 οὖν
1497 1562 1566 1590 ἰνα
1578 1562 1699 1596 κριθῶσι
1712 1562 1804 1596 σαρκὶ
1819 1563 1890 1596 περὶ

1089 1607 1142 1634 τῶν
1157 1607 1366 1642 ἀπιστησάντων
1377 1607 1503 1642 εἰρῆσθαί
1513 1616 1590 1642 φησι,
1602 1606 1633 1633 τὸ
1647 1607 1676 1634 δὲ
1692 1607 1771 1634 Ζῶσι
1792 1609 1891 1634 πνεύ-

1086 1662 1158 1688 μιιτι
1180 1654 1244 1689 περὶ
1269 1653 1323 1680 τῶν
1340 1655 1573 1681 πεπιστευκότων.
1606 1653 1651 1685 Ὠς
1674 1654 1740 1689 περὶ
1768 1653 1829 1685 ἐνὸς
1858 1654 1891 1680 δὲ

1090 1699 1240 1733 φαντασίαν
1255 1698 1442 1734 παρεχόμενον
1457 1699 1592 1735 προφέρει
1606 1699 1652 1726 τὸν
1668 1699 1759 1733 λόγον,
1771 1699 1816 1725 ὅτι
1831 1699 1891 1726 κᾶν

1089 1745 1216 1780 διάφορος
1233 1745 1353 1781 ἑκατέρα
1368 1746 1459 1781 μερὶς,
1476 1745 1530 1772 τῶν
1545 1753 1575 1772 τε
1597 1745 1823 1772 πεπιστευκότων
1835 1747 1892 1772 καὶ

1090 1791 1145 1819 τῶν
1161 1791 1382 1827 ἀπιστησάντων,
1398 1791 1456 1818 ἀλλ’
1477 1789 1524 1818 οὖν
1546 1792 1587 1824 είς
1604 1791 1633 1818 ἐν
1663 1791 1893 1826 συγκεφαλαιοῦ·

1089 1845 1135 1864 ται
1146 1839 1170 1854 ⁸⁵
1185 1838 1216 1865 τὸ
1239 1838 1293 1865 τῶν
1315 1838 1502 1873 καταχθονίων
1524 1838 1629 1873 τάγμα.
1651 1837 1730 1865 Οὕτω
1754 1838 1822 1873 γοῦν
1839 1839 1894 1865 καὶ

1090 1885 1156 1917 περὶ
1173 1883 1298 1918 σώματος
1315 1884 1374 1914 ἐνὸς
1393 1885 1481 1911 νοσεῖν
1493 1883 1523 1910 τὺ
1538 1884 1605 1911 αὐτὸ
1620 1884 1668 1911 καὶ
1688 1884 1823 1918 ὑγιαίνειν
1840 1884 1894 1911 λέ-

1090 1938 1149 1964 γειν
1163 1930 1302 1965 δυνάμεθα
1314 1950 1322 1964 ,
1347 1930 1408 1957 κατ’
1435 1930 1499 1958 ἄλλο
1518 1930 1602 1966 μέρος
1618 1931 1666 1958 καὶ
1683 1930 1748 1957 ἄλλο
1768 1930 1817 1957 τοῦ
1833 1932 1896 1958 σώ-

1092 1985 1187 2012 ματος.
1206 1977 1314 2014 Ὥσπερ
1337 1978 1366 2004 δέ
1384 1986 1475 2013 φαμεν
1496 1978 1542 2004 τὸν
1557 1977 1632 2005 δεῖνα
1645 1978 1714 2013 πυρὶ
1737 1979 1894 2013 κρίνεσθαι

1090 2023 1138 2050 καὶ
1161 2022 1342 2056 κολάξεσθαι,
1360 2024 1432 2051 οὕτω
1452 2024 1527 2059 λέγει
1544 2024 1634 2052 καὶτὸ
1661 2024 1733 2060 ἱερὸν
1748 2026 1892 2060 γράμμα,

1091 2069 1154 2096 Ἵνα
1169 2069 1291 2103 κριθῶσι
1305 2068 1406 2103 σαρκί·
1420 2068 1537 2104 μεγίστη
1554 2069 1609 2104 γὰρ
1623 2068 1751 2100 κόλασις,
1768 2069 1819 2095 καὶ
1836 2070 1895 2103 μά-

1090 2114 1170 2145 λιστά
1189 2124 1222 2149 γε
1246 2115 1317 2142 κατὰ
1335 2114 1382 2142 τὸν
1398 2114 1449 2149 τῆς
1471 2114 1647 2145 ἀναστάσεως
1669 2113 1777 2150 καιρὸν,
1800 2115 1896 2149 ἡνίκα,

1090 2160 1140 2195 τὴν
1156 2160 1225 2194 ὑπὲρ
1241 2159 1385 2194 ἄνθρωπον
1399 2159 1505 2195 τρυφὴν
1520 2159 1660 2194 τρυφῶσιν
1677 2159 1701 2186 οῑ
1715 2159 1819 2186 δίκαιοι
1838 2161 1896 2186 καὶ

246 2217 355 2237 omnem
375 2213 499 2244 superat,
516 2213 545 2235 et
558 2207 661 2242 Spiritu
674 2208 777 2240 vivunt,
789 2207 959 2242 peccantium
974 2211 1037 2234 tunc

1091 2205 1227 2240 πνεύματι
1256 2204 1340 2238 ζῶσι,
1369 2205 1432 2232 τότε
1452 2205 1484 2231 τὸ
1503 2205 1557 2232 τῶν
1583 2205 1754 2241 ἁμαρτωλῶν
1778 2205 1896 2240 πλῆθος

248 2255 448 2283 multitudinem
468 2254 495 2281 in
512 2254 582 2281 nuda
601 2260 695 2284 carne,
714 2257 741 2279 et
757 2253 815 2280 sine
842 2252 896 2279 ulla
916 2253 1035 2288 spiritali

247 2303 345 2338 gratia,
361 2303 444 2329 vitam
463 2308 540 2328 suam
565 2301 591 2327 in
623 2304 755 2327 aeternum
781 2299 934 2334 transigere
955 2304 1037 2334 atque

247 2353 402 2375 conterere.
414 2346 515 2374 Verum
541 2350 570 2373 et
601 2345 682 2372 aliam
705 2345 767 2372 licet
780 2345 842 2372 huic
868 2346 942 2373 dicto
972 2347 1037 2372 dare

245 2393 478 2429 explanationem.
503 2391 549 2418 Ait
575 2392 648 2419 enim
672 2391 780 2419 divinus
809 2391 931 2419 Paulus:
952 2391 1036 2426 Cujus

247 2447 311 2474 opus
326 2440 434 2470 arserit,
454 2438 642 2465 detrimentum
655 2438 859 2473 patietur;ipse
879 2442 964 2464 autent
976 2436 1033 2463 sal-

246 2485 363 2517 uubitur,
377 2485 416 2512 sic
428 2489 517 2510 tamen
532 2483 608 2517 quasi
618 2490 664 2517 per
686 2483 783 2517 ignem.
798 2481 832 2508 Et
860 2481 1036 2515 uniuscujus-

245 2540 295 2567 que
324 2539 399 2566 opus,
423 2532 501 2566 quale
521 2532 566 2564 sit,
593 2530 662 2564 igni:
686 2528 806 2563 probabit
821 2531 846 2554 '.
861 2527 895 2554 Et
919 2535 953 2554 ne
975 2528 1037 2562 quis

247 2579 396 2610 existimet,
412 2577 640 2613 quemadmodum
653 2579 806 2611 peccatum,
820 2575 862 2601 sic
875 2578 903 2601 et
921 2581 1036 2609 peccan-

246 2630 300 2652 tem
314 2625 541 2651 concremandum
555 2627 636 2657 atque
651 2620 879 2652 consumendum,
889 2623 1034 2655 propterea

244 2670 320 2698 addit
337 2679 345 2698 :
363 2674 393 2697 ut
406 2670 428 2698 si
449 2676 532 2705 opera
549 2669 664 2696 ardeant
687 2672 770 2702 atque
791 2666 959 2701 dispareant,
980 2673 1035 2693 non

281 2733 295 2754 Ρ
308 2728 390 2757 Rom.
405 2736 464 2762 xw,
476 2727 504 2756 9.
542 2731 556 2752 ει
572 2726 582 2753 1
605 2725 680 2753 Petr.
696 2733 738 2758 tn,
760 2724 805 2752 19.
845 2729 856 2744 τ
874 2725 942 2752 ibid.
959 2732 996 2758 IV,
1012 2724 1039 2750 li.

1091 2251 1174 2286 σαρκὶ
1186 2250 1251 2286 ψιλῇ
1269 2250 1318 2277 καὶ
1336 2251 1428 2286 πάσης
1441 2251 1630 2286 πνευματικῆς
1643 2251 1853 2286 κεχωρισμένον
1864 2253 1895 2267 ⁸⁸

1090 2297 1202 2332 χάριτος
1215 2297 1262 2323 τὸν
1287 2296 1344 2331 βίον
1359 2296 1394 2323 δι’
1410 2297 1510 2329 αἰῶνος
1525 2297 1713 2330 ὲξαναλίσκειν
1734 2297 1781 2324 καὶ
1799 2306 1899 2324 κατα.-

1090 2342 1242 2378 τρίϐεσθαι.
1260 2343 1339 2369 Ἐστι
1363 2343 1455 2378 μέντοι
1477 2343 1525 2370 καὶ
1548 2343 1646 2379 ἑτέραν
1670 2343 1821 2370 ἀποδοῦναι
1840 2344 1899 2371 τοῦ

1091 2388 1175 2424 ῥητοῦ
1189 2388 1363 2423 διασάφησιν.
1387 2388 1417 2415 ’0
1432 2388 1504 2420 θεῖός
1526 2397 1593 2423 φησι
1608 2387 1726 2421 Παῦλος,
1742 2385 1784 2415 οὗ
1803 2397 1900 2422 τινος

1090 2434 1124 2461 τὸ
1143 2434 1233 2469 ἔργον
1245 2434 1486 2468 κατακαήσεται,
1510 2433 1736 2468 ζημιωθήσεται,
1755 2433 1823 2470 [640
1840 2434 1899 2471 IL]

1090 2480 1182 2513 αὐτὸς
1192 2479 1226 2507 δὲ
1244 2481 1425 2514 σωθήσεται,
1437 2479 1532 2513 οὕτως
1547 2479 1580 2506 δὲ
1591 2479 1632 2512 ὼς
1646 2479 1695 2506 διὰ
1710 2481 1819 2514 πυρός·
1836 2482 1900 2507 καὶ

1090 2526 1221 2554 ἑκάστου
1237 2527 1270 2553 τὸ
1287 2527 1376 2561 ἔργον
1394 2527 1500 2554 ὁποῖόν
1512 2526 1590 2559 ἐστι,
1606 2526 1639 2552 τὸ
1662 2526 1722 2561 πῦρ
1741 2527 1819 2554 αὐτὸ
1836 2526 1904 2554 δο-

1090 2573 1220 2608 κιμάσει.
1241 2572 1296 2599 Ka‘t
1314 2572 1357 2599 ἵνα
1374 2573 1411 2607 μή
1430 2581 1472 2603 τις
1495 2572 1592 2607 νομίσῃ
1614 2571 1708 2606 ὥσπερ
1728 2572 1779 2607 τὴν
1794 2572 1903 2607 ἀμαρ-

1089 2619 1160 2651 τίαν,
1179 2618 1251 2646 οὕτω
1278 2618 1327 2645 καὶ
1354 2617 1398 2645 τὸν
1422 2617 1653 2653 ὲξαμαρτήσαντα
1681 2618 1906 2646 κατακαίεσθαι

1090 2665 1138 2693 καὶ¹
1148 2665 1189 2697 εἰς
1205 2665 1360 2700 ἀφανισμὸν
1370 2665 1482 2700 χωρεῖν,
1500 2665 1599 2699 ὲπάγει
1617 2664 1654 2696 ὡς
1668 2665 1692 2691 εἰ
1707 2665 1755 2691 καὶ
1769 2664 1805 2691 τὰ
1815 2664 1906 2699 ἔργα,

1131 2727 1142 2741 ³
1158 2722 1241 2751 ICor.
1259 2731 1301 2757 ut,
1312 2722 1409 2750 15-15.

888 2781 1005 2809 νΑιυΑι
1018 2780 1222 2809 LECTlONES.

277 2829 396 2865 "abripi
416 2837 443 2856 In
460 2837 514 2864 mg.
536 2829 617 2856 habet
630 2829 662 2855 Α.
683 2827 780 2865 -¹⁶Δείς
807 2827 992 2865 τοῦτομίοηι.
1009 2827 1113 2865 muti.
1152 2827 1173 2843 ‘“
1189 2826 1258 2865 τοῖς]
1283 2826 1293 2854 1
1314 2827 1388 2854 Petr.
1415 2833 1461 2865 in,
1489 2825 1532 2852 i9.
1577 2823 1671 2862 ¹¹ἴνα]
1695 2824 1765 2854 ibid.
1790 2832 1824 2858 tv,
1860 2826 1906 2855 6.

243 2865 267 2882 "
283 2861 457 2893 ἀπολαῦωσιν
481 2861 554 2894 ἔοι-ι’.
571 2866 591 2892 Α
611 2863 811 2892 εὰπολαύουσιν
831 2872 862 2896 ς.
888 2861 925 2879 ’⁵⁸
941 2862 1138 2898 κεφαλαιοῦται
1155 2871 1184 2894 ς.
1224 2861 1477 2898 ¹⁵⁷χεχωρισμένων
1492 2870 1523 2892 ς.
