1916 3092
30 138 80 169 805

575 134 836 166 BIBLIOTHECA.
856 133 981 164 -COD.
1001 133 1142 164 CCXXII.

1611 136 1664 169 806

30 190 234 226 κατακαήσεται
249 190 297 217 καὶ
313 189 538 225 ἀφανισθήσεται,
557 190 616 218 ἀλλ’
637 190 718 220 αὐτὸς
734 191 747 216 6
767 189 818 224 τῆς

882 195 959 214 amen
979 187 1068 220 ipsum
1083 186 1323 221 peccatorem'una
1342 187 1550 222 dispariturum.
1570 189 1665 218 Salua-

29 237 164 273 ἁμαρτίας
182 235 302 271 ἐργάτης
317 235 348 261 οὐ
364 235 641 271 συναφανισθήσεται·
663 236 816 271 σωθήσεται

28 284 63 315 δὲ,
79 282 206 309 τουτέστι
223 281 345 314 διαμενεῖ
357 281 390 316 τῇ
411 281 530 316 διηνεκεῖ
543 281 653 308 κολάσει
667 282 817 317 συντηρού-

29 337 116 364 μενος.
143 328 204 354 Ἵνα
229 327 258 353 δὲ
274 326 303 353 τὺ
328 326 498 359 σωθήσεται
510 327 548 362 μὴ
571 326 635 364 δόξῃ
657 327 745 361 λέγειν
761 329 819 359 τοῖς

30 373 209 409 αψετίςουσιν
222 372 260 403 ὡς
273 373 322 407 τῆς
339 372 478 407 ἁμαρτίας
489 372 689 407 δαπανωμένης
704 373 752 399 καὶ
765 373 820 399 τῶν

30 416 197 453 ἁμαρτωλῶν
213 416 330 448 ἕκαστος
346 417 392 443 τοῦ
407 416 490 452 χοροῦ
506 417 561 444 τῶν
575 418 689 444 δικαίων
706 417 819 444 καὶτῶν

31 463 191 497 σωζομένων
204 463 362 497 γενήσεται,
375 463 425 497 τῆς
437 463 486 496 μὲν
499 463 636 495 κολάσεως
649 463 818 498 παυομένης,

30 509 74 543 τῆς
88 508 112 534 δ’
123 507 304 538 ἀπολαύσεως
317 508 411 542 κοινῆς
424 508 510 534 ἅπασι
525 508 735 544 προτιθεμένης,
751 509 819 543 μετὰ

30 555 56 580 τὸ
70 554 244 586 Σωθήσεται
262 553 370 587 ἐπάγει,
385 553 433 588 τὴν
453 553 565 589 γνώμην
583 553 672 581 αὐτῶν
691 554 821 589 ἐμφανῶς

32 600 239 635 καταστρέφων,
252 599 346 632 οὕτως
355 600 390 626 δὲ
401 600 439 632 ὡς
454 599 504 627 διὰ
515 600 623 634 πυρὸς,
638 602 761 627 τουτέστι
772 602 822 636 τῆς

32 645 71 671 διὰ
85 645 174 680 πυρὸς
193 645 331 680 τιμωρίας
347 645 397 671 οὐκ
411 645 608 681 ἀπολυόμενος.
627 646 822 680 Παραπλήσιον

32 691 116 717 τοίνυν
139 691 199 717 ἐστὶ
213 691 261 717 καὶ
274 692 349 725 ὅπερ»
362 692 470 726 εῖρηται
485 692 550 726 περὶ
569 691 623 718 τῶν
638 692 668 718 ἐν
689 692 769 727 ᾏόου
785 692 822 727 μὴ

32 738 239 764 πιστευσάντων
261 737 299 772 τῷ
324 736 443 772 Χριστῷ.
467 737 595 763 Βούλεται
609 737 662 772 γὰρ
679 737 775 772 δηλοῦν
792 737 823 764 τὸ

32 784 95 810 Ἵνα
111 782 239 817 κριθῶσι
253 782 341 816 σαρκὶ
352 803 359 815 ,
374 783 422 808 καὶ
440 782 516 817 ἑξῆς,
529 782 559 809 τὸ
570 783 699 818 κριθῆναι
712 783 762 818 μὲν
776 783 824 809 a6-

31 831 91 861 τοὺς
114 828 231 856 τοιαῦτα
251 825 295 854 οἷα
316 829 423 862 πέφυκε
449 828 593 862 κρίνεσθαι
612 828 699 863 σὰρξ,
722 828 772 864 ζῇν
795 829 823 856 δὲ

32 879 102 912 ῖρως
113 877 167 912 οὐχ
182 874 229 903 οἷα
242 876 408 911 φθειρομένη
424 875 492 911 σὰρξ
505 876 552 902 καὶ
564 877 598 911 τῇ
615 875 746 911 βαρύτητι
760 876 822 902 λυο-
836 864 860 894 Β

34 923 97 958 ξιένη
110 922 168 948 τῶν
184 921 333 953 κολάσεων,
350 920 521 956 ἀνωλέθρους
539 919 600 956 [331
619 920 667 956 [1.]
687 921 715 947 δὲ
730 921 763 956 τῇ
778 920 824 946 δυ-

32 969 110 1002 νάμει
137 967 336 1002 συνεχομένους
373 965 422 992 τοῦ
454 965 528 992 θείου
566 966 743 1001 Πνεῦμα-τος.
776 967 824 994 καὶ

32 1015 190 1049 ἀφθάρτους
215 1013 345 1048 ἀφθάρτῳ
370 1012 481 1039 κολάσει
502 1012 552 1047 τὴν
576 1012 756 1048 ἀτελεύτητον
777 1014 825 1040 καὶ

31 1061 161 1087 ἐπίπονον
178 1059 254 1094 ζωὴν
274 1058 443 1090 διανύοντας.
472 1058 541 1085 Ἀλλ’
563 1059 579 1094 ἠ
605 1059 656 1094 μὲν
677 1059 724 1086 τοῦ
741 1059 824 1094 ῥητοῦ

32 1108 198 1141 Eunaeum;
209 1106 248 1137 ὡς
260 1107 288 1132 ἐν
302 1105 485 1141 παρεκϐάσει·
497 1107 511 1132 6
527 1105 555 1132 δὲ
569 1105 669 1137 σκοπὸς
683 1103 718 1140 ἦν
733 1114 825 1140 παρα-

34 1153 131 1187 στῆσαι
145 1152 183 1184 ὡς
198 1151 246 1178 καὶ
264 1151 333 1186 ὑπὲρ
353 1149 463 1183 ζώντων
477 1151 523 1177 καὶ
538 1151 608 1186 ὑπὲρ
620 1150 675 1177 τῶν
692 1151 722 1183 ἐξ
739 1151 826 1186 ’Λδάμ

34 1199 117 1225 πάλαι
132 1197 290 1224 τεονεώτων
301 1197 315 1222 ὁ
327 1197 415 1228 κοινὸς
426 1197 566 1232 Δεσπότης
578 1197 626 1224 καὶ
639 1197 736 1233 Σωτὴρ
748 1197 825 1233 ἡμῶν

34 1245 138 1279 ὑπέστη
155 1243 203 1269 τὸν
226 1243 351 1275 θάνατον,
369 1243 416 1270 καὶ
440 1243 474 1269 δι’
496 1243 578 1270 αὐτοῦ
598 1243 615 1278 ἡ
636 1243 760 1279 σωτηρία
779 1243 827 1270 καὶ

35 1289 201 1325 κηρύττεται
216 1291 285 1314 πᾶσι
309 1289 356 1315 καὶ
377 1288 553 1323 βραϐεύεται.
579 1288 661 1316 Ἀλλὰ
676 1288 710 1315 δι’
725 1286 762 1315 ὧν
777 1288 826 1324 μὲν

35 1335 106 1369 αὐτῷ
131 1334 370 1366 κατασκευάζεται
392 1335 424 1361 τὸ
445 1336 637 1370 προκείμενον,
663 1335 692 1362 τὸ
719 1336 828 1370 πρῶτον

35 1382 143 1416 εἴρηται
157 1380 212 1406 τῶν
229 1380 462 1415 ἐπιχειρημάτων.

69 1425 204 1459 Δεύτερον
216 1424 244 1450 δέ
260 1433 343 1459 φησιν
355 1425 393 1457 ὡς
408 1425 433 1451 εί
443 1425 505 1457 τοὺς
516 1425 586 1462 ὑπὲρ
599 1426 699 1462 ἀρετῆς
715 1425 828 1460 μισθοὺς

35 1471 84 1498 καὶ
100 1472 253 1505 στεφάνους
272 1471 289 1506 ἡ
309 1471 458 1502 ἀνάστασις
483 1471 619 1506 προξενεῖ,
638 1474 652 1498 ὸ
668 1472 696 1499 δὲ
713 1472 829 1507 σταυρὸς

35 1518 86 1552 τὴν
102 1517 265 1547 ἀνάστασιν,
294 1517 341 1543 καὶ
365 1517 449 1552 χωρὶς
472 1517 556 1551 αὐτῆς
581 1518 631 1544 οὐκ
648 1518 722 1544 ἔστιν
738 1517 828 1544 αὐτῶν

34 1563 132 1589 οὐδένα
151 1561 206 1588 τῶν
228 1561 340 1596 ἀγαθῶν
356 1564 458 1597 τυχεῖν,
475 1562 554 1597 δῆλον
571 1563 609 1594 ὡς
633 1563 703 1597 ὑπὲρ
720 1563 828 1589 πάντων

36 1609 116 1644 ἡμῶν
129 1608 181 1643 τῆς
197 1607 335 1643 σωτηρίας
348 1609 361 1634 6
374 1608 491 1643 Χριστὸς
502 1607 540 1643 τῷ
551 1609 659 1643 θανάτῳ
672 1609 831 1644 παρέδωκεν

36 1653 148 1680 ἑαυτόν.
170 1652 265 1679 Ταῦτα
283 1651 367 1678 εἰπὼν
383 1652 521 1687 λογοθετεϊ
538 1654 584 1679 καὶ
598 1653 704 1679 διαπλοί
720 1653 768 1685 τὴν
783 1654 832 1678 Δε-

38 1698 176 1733 σποτικὴν
192 1698 284 1733 φωνὴν
302 1697 352 1733 τὴν
367 1697 511 1732 λέγουσαν,
529 1699 590 1725 Οὐκ
598 1698 619 1713 ⁸⁷
636 1695 732 1733 ἦλθον
743 1697 832 1724 καλέ-

38 1752 90 1770 σω
109 1743 260 1775 δικαίους,
290 1743 359 1769 ἀλλ’
382 1743 577 1777 ἁμαρτωλοὺς
595 1743 639 1775 εἰς
659 1741 830 1776 μετάνοιαν.

39 1789 94 1815 Καί
108 1796 196 1824 φησιν
214 1788 252 1819 ὡς
271 1787 332 1822 οὐχὶ
350 1787 462 1823 διαιρῶν
479 1788 518 1818 είς
538 1786 716 1822 ἁμαρτωλοὺς
731 1785 778 1812 καὶ
792 1786 833 1812 δι-

40 1835 136 1866 καίους
167 1834 201 1860 τδ
223 1834 278 1860 τῶν
309 1833 460 1870 ἀνθρώπων
486 1833 588 1868 πλῆθος
611 1834 625 1860 6
640 1832 736 1868 Σωτὴρ
754 1831 833 1858 τοῦτο

40 1880 205 1915 ὲιρθὲγξατο.
228 1879 352 1914 Μάχεται
374 1879 429 1914 γὰρ
443 1879 461 1913 ἡ
475 1878 589 1913 τοιαύτη
606 1877 710 1904 διάνοια
735 1877 782 1903 καὶ
798 1877 831 1912 τῇ

38 1924 217 1959 Θεοπνεύστῳ
240 1923 335 1959 Γραφῇ
364 1923 412 1950 καὶ
436 1923 505 1958 αὐτῇ
527 1924 560 1958 τῇ
585 1922 640 1949 τῶν
663 1923 832 1957 πραγμάτων

39 1971 132 2005 γύσει.
156 1970 214 1997 Kal
235 1969 291 2004 γὰρ
314 1969 423 2004 πρῶτον
437 1970 487 2005 μὲν
502 1969 625 2001 ἃπαντας
639 1970 653 1996 6
668 1969 757 2001 κοινὸς
774 1969 833 1995 Σω·

39 2018 102 2052 τηρ,
123 2017 174 2043 καὶ
195 2016 257 2050 οὐχὶ
266 2016 289 2032 ⁸⁸
310 2016 373 2047 τοὺς
391 2016 441 2050 μὲν
463 2016 527 2046 τοὺς
543 2016 565 2042 δ’
581 2015 623 2048 οὒ,
636 2015 729 2042 ἐκάλει
746 2023 775 2041 τε
788 2015 834 2041 καὶ

39 2063 89 2097 τῆς
114 2061 257 2095 σωτηρίας
283 2060 430 2087 ἀπολαύειν
450 2059 546 2093 ἐδίδου,
564 2060 633 2087 ἀλλά
646 2060 694 2087 καὶ
709 2060 800 2094 κοινὴν
811 2059 833 2076 ⁵³

41 2109 90 2143 τὴν
110 2107 293 2134 διδασκαλίαν
318 2108 446 2134 ἐποιεῖτο.
471 2107 527 2134 Kal
550 2107 581 2133 τδ
608 2106 780 2142 κηρυχθῆναι
804 2106 835 2133 τὸ

44 2154 215 2187 Εὑαγγέλιον
235 2154 264 2179 ὲν
289 2152 341 2187 ὅλῳ
369 2152 409 2188 τῷ
435 2154 530 2188 κόσμῳ
547 2153 597 2188 τὴν
612 2152 755 2188 διαστολὴν
782 2151 835 2179 τῶν

872 233 946 260 bitur
956 241 1026 265 vero,
1041 233 1095 260 hoc
1105 237 1160 262 est.
1172 238 1310 266 perpetuae
1326 235 1446 261 manebit
1474 243 1560 269 poture
1575 244 1666 263 reser-

867 284 956 305 vatus.
965 278 1041 305 Atne
1049 278 1123 310 illud,
1135 276 1425 312 Salvabitur,videatur
1433 281 1524 308 dicere
1531 283 1665 316 sectariis,

867 324 943 359 quasi
957 329 1068 358 peccato
1081 331 1212 358 expenso,
1225 331 1396 360 peccatorum
1408 327 1521 361 quilibet
1538 329 1570 354 ad
1580 327 1667 361 justu-

868 377 928 396 rum
940 374 1021 404 atque
1032 369 1197 397 salvatorum
1215 377 1314 399 cretum
1323 373 1509 407 adjungeudus
1518 375 1666 408 essct(ces-

868 418 947 440 saute
962 414 1098 442 nimirum
1110 423 1201 449 poena,
1212 424 1244 443 ac
1256 418 1392 445 communi
1404 419 1528 446 omnibus
1540 419 1666 447 libertate

869 458 1030 494 proposita),
1046 464 1107 494 post
1121 459 1195 493 illud,
1216 460 1376 495 Saluabitur,
1389 459 1553 497 additfquod
1571 472 1666 492 eorum

870 506 1033 532 sententiam
1062 505 1234 533 manifestius
1256 508 1380 535 evertit:
1407 508 1452 536 Sic
1477 515 1564 537 tamen
1591 513 1667 545 quasi

870 558 918 584 per
935 551 1031 586 ignem,
1054 551 1080 578 id
1110 556 1162 584 est,
1190 553 1224 579 ab
1255 552 1324 587 ignis
1353 560 1431 587 paena
1450 562 1504 582 non
1525 556 1664 584 liberatus.

871 596 958 623 Alliue
979 597 1060 632 igitur
1077 601 1105 624 et
1125 597 1192 625 illud
1207 603 1258 630 est,
1280 599 1352 633 quod
1363 600 1396 626 de
1411 600 1444 627 iis
1470 601 1601 634 diximus,
1617 602 1664 636 qui

874 643 945 676 apud
960 643 1063 670 inferos
1075 642 1187 670 Christo
1206 644 1319 671 credere
1336 644 1493 673 noluerunt.
1509 646 1567 674 Hoc
1579 647 1666 679 enim,

873 689 1066 724 utjudicentur
1079 697 1169 722 carne,
1188 694 1215 717 et
1227 698 1287 725 quae
1311 697 1476 726 sequuntur,
1491 693 1612 721 indicare
1625 694 1667 721 vi-

874 735 1105 770 deturjudicatos
1124 736 1235 770 quidem
1255 736 1329 770 ipsos
1360 745 1423 764 esse
1447 737 1481 765 ad
1507 739 1613 772 eadem,
1633 741 1668 767 ad

875 788 934 815 quae
950 788 1015 808 caro
1032 780 1148 815 judicari
1162 789 1194 808 ac
1214 781 1390 809 condemnari
1404 784 1491 816 solet;
1512 786 1558 812 sed
1577 786 1668 812 vivere

877 827 1064 859 nihilominus,
1093 834 1145 854 non
1168 831 1296 862 tanquam
1335 830 1521 865 corruptibilis
1542 839 1617 864 caro,
1641 836 1668 859 et

874 880 934 908 quae
948 881 1089 908 pcenarum
1101 873 1234 908 gravitate
1251 874 1384 907 solvatur,
1402 883 1495 903 verum
1506 877 1553 909 ita,
1564 882 1593 904 ut
1607 885 1666 905 cum

874 923 1001 953 expertes
1024 918 1152 946 interitus
1179 926 1228 953 per
1256 920 1345 947 sancti
1374 920 1493 955 Spiritus
1518 923 1667 956 potentiam

875 968 1082 996 conserventur,
1111 964 1333 999 incorruptibiles
1364 965 1390 992 in
1414 972 1543 1001 perpetua
1568 975 1661 1002 pcena,

875 1013 1012 1036 carentem
1030 1008 1083 1035 line
1103 1014 1129 1036 et
1140 1009 1305 1036 laboriosam
1321 1010 1403 1038 vitam
1420 1013 1528 1046 degunt.
1546 1012 1591 1039 Sic
1618 1013 1668 1039 hu-

873 1055 917 1090 jus
936 1054 990 1082 loci
1003 1054 1157 1089 explanatio
1174 1060 1303 1089 tanquam
1325 1063 1374 1089 per
1400 1057 1594 1092 digressionem
1614 1064 1668 1084 tra-

876 1102 977 1126 ctatur.
1001 1098 1158 1133 Pracipuus
1185 1101 1257 1128 enim
1293 1108 1392 1135 scopus
1422 1107 1483 1129 erat
1510 1103 1666 1136 05tendere,

877 1151 929 1170 non
945 1151 1029 1178 super
1056 1145 1125 1173 vivis
1151 1146 1291 1179 duntaxat,
1319 1154 1413 1174 verum
1434 1152 1461 1173 et
1487 1155 1569 1182 super
1601 1148 1666 1175 olim

877 1190 994 1217 mortuis
1010 1190 1108 1218 Adami
1135 1191 1252 1226 posteris
1279 1200 1451 1220 communem
1477 1193 1618 1221 Dominum
1636 1202 1668 1221 ac

878 1234 1046 1263 Salvatorem
1060 1237 1177 1264 subiisse
1202 1243 1328 1269 mortem,
1340 1239 1508 1273 salutemque
1517 1247 1565 1274 per
1579 1240 1667 1274 ipsum

877 1281 1005 1308 omnibus
1040 1282 1194 1316 praedicari,
1214 1287 1242 1310 et
1269 1284 1342 1311 velut
1377 1285 1537 1312 certaminis
1570 1286 1668 1320 2010

878 1327 1020 1362 praemium
1038 1327 1167 1355 conferri.
1194 1328 1262 1355 Illud
1287 1336 1352 1363 ergo
1369 1330 1484 1364 primum
1509 1338 1602 1358 eorum
1623 1340 1669 1358 ar-

879 1377 1072 1408 gumentorum
1087 1380 1200 1407 perqua:
1215 1375 1324 1408 probari
1343 1375 1402 1401 htec
1423 1377 1560 1402 sententia
1571 1381 1668 1411 potest.

916 1417 1043 1445 Secundo
1059 1418 1141 1454 igitur
1157 1419 1218 1446 loco
1235 1420 1274 1446 sic
1285 1426 1492 1454 argumentatur
1507 1422 1551 1449 :Si
1563 1424 1670 1450 virtutis

879 1464 989 1499 praemia
1008 1471 1040 1490 ac
1056 1472 1173 1491 coronas
1187 1466 1352 1492 resurrectio
1361 1467 1499 1499 conciliat,
1525 1476 1589 1495 crux
1607 1461 1671 1496 vero

880 1508 1184 1542 resurrectioncm,qua
1205 1510 1264 1535 sine
1279 1510 1346 1536 nihil
1369 1510 1431 1537 boui
1455 1512 1582 1546 consequi
1597 1515 1671 1547 quis-

880 1555 952 1587 piam
978 1558 1077 1587 potest,
1092 1559 1196 1580 certum
1212 1559 1253 1581 est
1272 1554 1409 1582 Christum
1424 1564 1472 1590 pro
1495 1558 1583 1585 salute
1613 1566 1674 1585 om—

881 1599 955 1626 nium
975 1603 1097 1625 nostrum
1117 1599 1197 1626 morti
1213 1600 1330 1634 seipsum
1361 1602 1516 1629 tradidisse.
1536 1603 1599 1630 Post
1615 1606 1673 1632 hmc

883 1645 956 1672 illam
969 1645 1080 1672 Domini
1097 1646 1272 1678 sententiam,
1286 1648 1419 1674 rationem
1433 1652 1609 1683 rcposccndo,
1624 1659 1672 1678 ex-

882 1690 984 1725 planat,
1001 1698 1060 1726 qua:
1077 1691 1142 1717 dicit
1156 1699 1163 1717 :
1178 1690 1240 1718 Non
1260 1693 1317 1719 veni
1344 1702 1435 1720 uocare
1444 1695 1597 1729 justoa,sed
1613 1705 1673 1729 pec-

883 1742 982 1764 catores
1003 1737 1038 1764 ad
1057 1738 1236 1772 paenitentiam
1253 1738 1262 1756 θ
1279 1744 1431 1774 ;uegatque
1455 1741 1512 1767 luec
1530 1740 1565 1767 ita
1579 1749 1640 1768 esse
1657 1751 1671 1769 a

884 1781 1027 1810 Salvatore
1043 1785 1228 1818 pronuntiata,
1246 1785 1324 1819 quasi
1352 1787 1506 1812 universam
1531 1786 1672 1815 hominum

884 1827 1083 1854 multitudinem
1110 1829 1137 1855 in
1161 1834 1317 1863 peccatores
1339 1835 1366 1857 et
1393 1830 1480 1863 justos
1505 1831 1673 1867 distinguere

884 1872 1012 1900 voluisse.
1033 1873 1139 1908 Pugnat
1163 1874 1247 1906 enim,
1265 1875 1363 1909 inquit,
1382 1875 1534 1910 hujusmodi
1565 1886 1671 1911 sensus,

884 1925 936 1945 non
950 1925 1010 1945 cum
1034 1919 1121 1946 sacris
1137 1924 1241 1946 tantum
1255 1919 1376 1952 Litteris,
1384 1924 1430 1948 sed
1454 1931 1515 1949 cum
1531 1924 1588 1958 ipsa
1602 1933 1672 1959 quo-

884 1969 936 1997 que
948 1970 1041 1990 rerum
1053 1968 1160 1990 natura.
1178 1964 1246 1992 Nam
1255 1966 1379 2000 inprimis
1387 1970 1538 1996 communis
1548 1969 1673 1997 Salvator

884 2016 988 2043 omnes,
998 2017 1050 2037 non
1059 2010 1165 2045 aliquos
1173 2016 1287 2044 tantum,
1298 2014 1444 2047 praemissis
1457 2018 1575 2048 caeteris,
1586 2022 1613 2043 et
1627 2025 1673 2051 ap—

884 2056 1014 2091 pellabat,
1032 2061 1060 2083 et
1074 2057 1260 2092 redemptione
1272 2058 1373 2093 perfrui
1387 2062 1564 2095 concedebat,
1573 2064 1673 2090 doctri-

885 2109 947 2128 nam
977 2101 1078 2138 [suam]
1109 2103 1235 2131 omnibus
1263 2112 1323 2132 esse
1354 2113 1524 2134 communem
1556 2108 1672 2136 volebat.

885 2146 1066 2183 Evangelium
1080 2155 1188 2184 quoque
1208 2149 1381 2183 praedicatum
1397 2158 1457 2178 esse
1470 2152 1495 2178 in
1518 2157 1575 2180 toto
1584 2158 1672 2179 terra~

44 2199 220 2234 ἁμαρτωλῶν
230 2199 284 2225 ἀπὸ
297 2199 352 2225 τῶν
367 2199 479 2226 δικαίων
492 2199 651 2234 ἀνατρέπει.
667 2199 722 2226 Καὶ
733 2200 747 2225 6
761 2198 827 2225 Παῦ-

889 2200 949 2220 rum
964 2193 1040 2226 orbe,
1054 2199 1227 2229 peccatorum
1254 2195 1328 2222 illam
1344 2204 1358 2222 a
1371 2196 1452 2230 justis
1478 2197 1672 2226 discretionem

43 2246 87 2277 λύς
104 2253 186 2281 φησι·
205 2244 351 2277 Πάντεςκ
366 2242 410 2277 εἵς
425 2244 519 2277 ἐσμεν
528 2244 563 2271 ἐν·
576 2244 703 2278 Χριστῷ.
719 2245 773 2272 Kal
789 2245 839 2280 τῆς

46 2294 168 2326 σαγήνης
178 2291 200 2307 ⁸⁸
219 2292 236 2326 ή
250 2291 393 2327 παραϐολὴ
403 2292 434 2317 τὸ
449 2290 539 2318 κοινὸν
553 2291 608 2318 τῶν
622 2292 662 2323 εἰς
676 2291 763 2326 θήραν
778 2292 839 2318 συλ-

45 2337 264 2372 λαμϐανομένων
281 2336 427 2371 κηρύττει·
452 2336 514 2363 οὐδὲ
537 2336 592 2372 γὰρ
614 2337 675 2363 οὐδὲ
698 2337 791 2372 ἐκείνη
806 2338 840 2364 τὰ

47 2383 96 2416 μὲν
117 2382 246 2417 θηρεύει,
263 2382 297 2408 τὰ
313 2382 341 2408 δὲ
355 2382 385 2408 οὐ
397 2382 571 2417 μεταδιώκει,
587 2381 646 2409 ἀλλ’
662 2382 730 2417 ὁμοῦ
748 2383 836 2410 πάντα

45 2430 79 2454 τὰ
93 2428 308 2463 προσπίπτοντα
332 2427 487 2462 σαγηνεύει.
506 2428 561 2454 Kal
579 2428 595 2461 ὴ
621 2427 717 2454 σινδὼν
728 2428 750 2444 ⁸³
767 2429 784 2464 ή
798 2428 837 2464 τῷ

47 2474 144 2509 Πέτρῳ
164 2473 357 2508 ὑποδειχθεῖσα
380 2473 430 2508 τὴν
459 2473 553 2509 κοινὴν
580 2472 679 2508 κλῆσιν
711 2474 838 2501 ἀπάντων

47 2520 215 2554 ὑπογράφει,
238 2519 295 2545 ἀλλ’
308 2519 402 2553 οὐχὶ⁴³
420 2518 475 2544 τῶν
497 2518 660 2552 ἀκαθάρτων
677 2519 769 2554 μόνον,
783 2519 838 2546 τῶν

47 2564 74 2591 δὲ
91 2564 224 2600 καθαρῶν
245 2565 346 2592 οὐκέτι.
365 2565 429 2598 Καὶ,
454 2564 543 2598 Τέλος
551 2565 574 2580 ⁸⁸
603 2566 697 2600 νόμου
711 2565 838 2599 Χριστὸς

888 2239 997 2272 penitus
1025 2239 1138 2266 evertit.
1163 2239 1263 2267 Paulus
1295 2241 1359 2268 item
1391 2243 1446 2270 ait:
1466 2242 1562 2270 Omne:
1592 2252 1672 2271 unum

886 2291 977 2310 sumus
994 2284 1022 2310 in
1041 2283 1146 2311 Christo
1158 2287 1185 2311 “.
1214 2283 1270 2312 lino
1293 2290 1321 2312 et
1342 2286 1468 2319 parabola
1503 2287 1536 2314 de
1553 2293 1673 2323 sagena'

887 2335 1058 2356 communem
1067 2334 1211 2364 captorum
1226 2331 1409 2359 conditionem
1417 2333 1570 2362 denuntiat.
1582 2335 1675 2370 Neque

887 2374 959 2401 cnim
975 2373 1033 2402 haec
1043 2374 1112 2402 alios
1123 2375 1233 2409 quidem
1245 2377 1445 2411 complectitur,
1463 2379 1531 2407 alios
1542 2387 1608 2408 vero
1621 2389 1674 2408 non

889 2419 1063 2454 persequitur
1078 2428 1086 2453 ;
1111 2422 1159 2447 sed
1172 2428 1267 2449 omnes
1279 2429 1391 2456 prorsus
1401 2429 1533 2459 quotquot
1544 2426 1674 2460 incidunt,

890 2465 988 2492 irretit.
1007 2465 1054 2493 Sic
1064 2470 1092 2493 et
1109 2465 1192 2495 Petro
1205 2471 1346 2495 ostensum
1367 2469 1480 2497 linteum
1497 2475 1512 2489 ι
1525 2473 1676 2498 communi-

892 2516 934 2537 ter
949 2518 1043 2538 omnes
1071 2512 1220 2546 appellatos
1239 2513 1374 2548 designat,
1399 2522 1452 2542 non
1479 2517 1599 2551 impuros
1630 2524 1676 2544 so-

891 2556 943 2589 los,
972 2556 1093 2584 exclusis
1132 2558 1227 2592 puris:
1252 2557 1441 2596 Finisquaque
1461 2560 1525 2596 legis
1535 2562 1676 2589 Christus:

90 2669 208 2696 unum,
226 2669 316 2702 “,15.
353 2674 369 2688 ιι
383 2668 462 2696 Rom.
477 2674 527 2701 xu,
546 2665 563 2694 5
578 2675 586 2700 ;
603 2665 692 2693 Galat.
704 2672 746 2699 ut,
760 2665 804 2692 9.8.
843 2664 963 2692 'Matth.
982 2674 1045 2700 xui,
1063 2667 1106 2694 67.
1145 2668 1229 2697 IKAct.
1247 2678 1273 2701 ι,
1290 2671 1331 2698 ll.

704 2744 820 2772 νΑιιιιΕ
838 2744 1042 2774 LECTIONES.

54 2853 132 2889 σεεμ]
157 2851 255 2881 ﬂatth.
270 2859 331 2886 xui,
342 2851 388 2879 47.

89 2819 112 2834 ⁸⁸
125 2816 182 2858 ρῦλ
194 2817 206 2844 l
218 2816 283 2858 (For.
313 2823 355 2858 ιιι,
363 2815 420 2858 _15.
440 2816 473 2858 ,ξ’
484 2815 564 2858 '0th
575 2815 670 2858 hlatth.
688 2816 784 2858 ix,_ta.
810 2816 844 2858 ,ξυ
859 2815 909 2858 οὐξι
924 2824 955 2858 ς.
994 2817 1017 2858 ’ξ
1032 2818 1178 2858 κοινῆς...
1194 2819 1346 2858 ⁸ο-πέιντες]
1365 2821 1442 2858 Rom.
1460 2830 1509 2857 xu,
1524 2823 1554 2851 ε,
1591 2823 1612 2839 οι
1624 2826 1676 2858 τῆς

439 2851 463 2867 ⁶²
479 2852 496 2886 ἡ
508 2850 588 2887 σινδ.]
599 2851 660 2880 Act.
682 2859 709 2885 κ,
726 2851 770 2879 ll.
810 2850 833 2867 "
845 2851 907 2887 οὐχ).
919 2854 940 2878 Δ
961 2861 968 2879 :
985 2852 1016 2879 οὐ
1035 2861 1063 2884 ς.
1095 2850 1126 2870 ⁷³⁵
1139 2854 1228 2889 τέλοςι
1257 2850 1346 2883 ιὲυιιιΪ
1366 2865 1392 2891 ιι,
1417 2857 1448 2884 4.
