1920 3090
62 116 116 147 309

593 114 854 146 BIBLIOTHECA.
877 128 911 133 -·-
930 116 1011 146 COD.
1031 117 1170 148 CCXXII.

1632 125 1685 158 810

60 174 146 206 Λόγου
163 171 324 208 Πρόδρομον
336 179 344 188 ⁸
359 172 374 198 ὁ
390 171 490 207 μείζων
506 172 654 207 προφητῶν
674 173 721 198 καὶ
738 172 843 199 πάντων

905 174 1014 201 vocavit
1028 175 1051 194 ί·
1064 180 1087 201 P.
1104 174 1288 209 Discipulosne
1303 176 1399 212 legisse
1412 178 1533 212 oportuit
1545 179 1557 206 ?
1568 180 1686 214 optimos

60 217 211 253 ἀνθρώπων
237 217 390 253 προτρέχει.
427 217 501 244 Ἐδει
533 217 661 253 μάρτυρα
689 218 738 253 τῆς
765 218 848 245 αὑτοῦ

60 264 246 299 προϐαλέσθαι
257 264 282 280 ⁷⁸
307 264 387 298 δόξης
398 270 406 278 ⁸
420 263 466 290 τὸν
481 263 596 298 Συμεὼν
618 264 666 290 καὶ
678 264 729 298 τὴν
748 265 848 291 Ἀνναν

59 309 196 336 ἐκάλεσεν.
213 309 288 336 Ἔδει
304 309 429 344 μαθητάς
445 308 610 344 προσλαϐεῖν
626 318 633 325 ·
644 310 708 340 τοὺς
721 310 848 344 ἀρίστους

59 356 174 389 λογάδας
186 356 302 382 τίθεται·
319 353 422 382 οἷδα⁷⁹
444 355 510 391 γάρ.
525 355 620 391 φησὶν,
634 355 689 388 οὓς
704 355 847 388 ἐξελεξά-

57 409 127 435 μην.
154 399 275 436 [ﬁetu]
291 400 387 435 νεκρὸν
403 400 509 434 ἐγεῖραι
523 399 587 435 [τὸν
601 401 634 426 ὲκ
656 399 792 434 Βηθανίας
801 400 823 415 ⁸¹
837 400 846 436 ]

58 446 235 482 Λάζαρον⁸¹σ
264 445 322 472 ἀλλ’
350 446 381 478 ἐξ
407 446 573 481 εὐσεϐούσης
601 446 739 478 οἱκίας⁸³,
770 446 799 471 ὲν

59 492 157 528 Μάρθα
169 492 218 519 καὶ
228 492 332 527 Μαρία,
346 492 380 523 ἃς
391 492 440 527 τὴν
452 492 556 526 ἀγαθὴν
569 491 731 523 ἐκλέξασθαι
747 491 844 526 μερίδα

57 540 86 566 τὸ
110 539 185 565 θεῖον
205 538 330 572 ἀπέφηνε
354 537 494 572 ψήφισμα.
523 537 570 569 Ἐξ
597 537 682 563 ἐθνῶν
697 536 752 563 ἔδει
776 537 844 572 κλη-

58 585 150 619 θῆναι·
168 583 283 619 ἀπαρχὴ
303 584 358 610 τῶν
385 584 473 610 ἄλλων
497 583 512 609 δ
530 583 679 618 Κορνήλιος
702 582 841 609 καλεῖται·

57 631 117 662 ὅσος
132 630 162 656 δὲ
184 630 234 666 τὴν
256 629 356 665 ἀρετὴν
375 630 423 656 καὶ
448 629 501 663 πρὸ
528 629 574 655 τοῦ
591 628 788 664 βαπτίσματος,
810 627 841 655 τὸ

58 678 126 712 ἱερὸν
140 677 325 713 ἀνακηρύττει
338 677 467 713 γράμμα.
479 676 660 711 Σταυροῦνται
671 676 718 703 δύο
735 675 844 712 λῃσταί·

905 220 997 253 utique
1014 219 1114 255 delegit
1127 229 1135 247 :
1150 219 1211 248 Scio
1226 222 1306 255 enim,
1329 222 1426 257 inquit,
1440 231 1505 258 quos
1529 224 1651 260 elegerint
1659 231 1685 254 ει.

900 264 1070 301 [Oportebat]
1099 272 1233 294 mortuum
1263 268 1427 296 resuscitare
1451 269 1684 307 [Bethaniensem|

899 309 1031 337 Lazarum
1048 316 1070 338 τ.
1083 310 1136 339 Sed
1150 320 1211 339 eum
1238 314 1344 341 nonnisi
1360 321 1392 341 ex
1421 315 1463 349 pia
1481 316 1571 349 domo,
1585 317 1611 343 in
1631 325 1685 351 qua

899 355 1003 383 Martha
1023 361 1051 383 et
1071 357 1167 390 Maria,
1183 365 1262 392 quam
1291 358 1388 386 bonam
1410 364 1421 378 ι
1437 360 1553 395 elegisse
1580 365 1683 396 partem

899 401 989 428 divina
1011 403 1196 436 pronuntiavit
1212 404 1359 432 sententia.
1376 404 1413 431 Ex
1429 405 1553 439 gentibus
1576 413 1684 441 quoque

899 447 991 474 vocari
1006 446 1112 482 aliquos
1123 449 1241 483 oportuit
1251 458 1258 476 :
1267 449 1371 483 primus
1380 451 1498 477 omnium
1518 451 1660 480 Cornelius
1670 453 1680 470 ί

898 496 1023 524 vocatur,
1035 493 1082 528 qui
1097 498 1215 528 quantus
1226 494 1326 520 virtute
1335 494 1427 528 (etiam
1437 500 1499 522 ante
1510 495 1683 530 baptismum)

898 537 991 570 fuerit,
1008 545 1093 565 sacras
1106 538 1253 573 loquuntur
1267 538 1385 566 Litteras.
1411 539 1491 567 Cruci
1505 546 1519 559 υ
1539 540 1683 575 aﬂiguntur

896 583 949 610 duo
959 583 1077 611 latrones
1092 593 1099 611 :
1113 585 1159 612 sed
1174 592 1222 612 cur
1236 593 1307 612 unus
1332 585 1428 613 melior
1455 587 1609 621 paradisum
1632 587 1684 615 sibi

895 629 990 663 aperit;
1000 629 1096 664 292i:
1101 630 1271 665 blasphemus
1279 635 1383 664 contra,
1390 637 1417 658 et
1425 632 1525 665 peccati
1535 632 1684 659 indelebilm

895 682 1005 710 gestans
1020 677 1139 710 vulnera,
1157 685 1190 705 ex
1203 685 1281 712 pmna
1298 679 1323 705 in
1340 679 1536 706 damnationem
1558 679 1682 706 mittitur.

56 726 111 752 ἀλλ’
119 726 134 752 ὁ
149 725 200 760 μὲν
210 724 359 760 εὐγνώμων
374 724 478 758 ἀνοίγει
494 723 539 750 τὸν
549 724 573 741 ⁸⁴
587 724 758 760 παράδεισον,
768 723 832 759 [644
840 722 886 758 R.]
895 724 945 750 όδὲ
961 724 1128 761 βλασφημῶν
1143 726 1245 762 καὶτῆς
1256 726 1392 762 ἁμαρτίας
1402 726 1580 760 ἀνεξάλειπτα
1595 727 1684 763 φέρων

55 774 89 801 τά
101 773 243 807 στίγματα
254 773 295 805 είς
308 772 385 808 δίκην
401 773 433 799 ὲκ
448 772 594 808 ,τιμωρίας
609 771 866 808 παραπέμπεται⁸⁸.

90 819 172 846 οὕτω
193 819 266 845 κατὰ
289 819 343 845 πᾶν
365 818 442 850 ἔθνος
458 819 505 845 καὶ
532 818 610 852 γένος
630 819 678 846 καὶ
703 818 842 849 πολιτείας

930 817 975 845 Sic
989 816 1016 844 in
1030 816 1102 844 omni
1113 817 1194 844 etiam
1204 817 1323 850 natione,
1340 823 1395 845 tum
1420 817 1521 845 familia
1542 824 1570 846 et
1581 825 1682 853 genere

58 866 156 900 ἰδίωμα
168 865 233 896 τοὺς
247 865 308 891 κατ’
321 864 421 900 ἀρετὴν
438 863 497 890 ἐστι
514 863 614 899 μᾶλλον
627 863 751 899 βιοῦντας
765 864 842 899 ὀρᾷν,

54 912 71 946 ἦ
85 910 150 942 τοὺς
171 910 304 936 τάναντία
330 910 545 942 σπουδάζοντας,
563 909 612 936 καὶ
634 908 782 944 κληθέντας
797 908 844 935 καὶ

55 956 281 992 προσ-δραμόντας
306 956 353 982 καὶ
367 955 603 991 ἀκολουθήσαντας
620 955 660 990 τῷ
684 955 842 982 καλέσαντι.

55 1004 86 1030 Εἰ
99 1004 128 1030 δι
147 1003 181 1029 σὺ
202 1003 307 1038 πόρνην
323 1003 370 1029 καὶ
388 1001 508 1037 τελώνην
531 1003 621 1038 εἴπῃς,
638 1001 773 1028 κάκείνων
788 1001 843 1028 ίσθι

53 1050 106 1076 τῶν
117 1048 267 1083 διατριϐῶν
279 1049 326 1075 καὶ
342 1048 549 1083 πολιτευμάτων
563 1050 627 1079 τοὺς
643 1047 746 1083 βραχὺν
766 1056 844 1074 σπιν-

54 1095 126 1130 θῆρά
150 1102 214 1121 τινα
233 1095 283 1129 τῆς
298 1093 470 1129 ἀνθρωπίνης
484 1093 626 1128 εὐγενείας
643 1093 708 1130 [355
719 1092 769 1129 H.]
783 1093 845 1120 δια-

55 1139 193 1171 σώζοντας
212 1139 373 1174 προσελθεῖν
389 1139 518 1166 καλοῦντι
540 1138 579 1174 τῷ
601 1139 725 1174 Σωτῆρι,
743 1138 790 1165 καὶ
804 1138 844 1165 δι-

54 1186 141 1217 καίως
152 1186 177 1201 ⁸⁸
200 1185 270 1221 πρός
295 1193 328 1218 γε
342 1185 373 1211 τὺ
395 1185 496 1220 πλῆθος
515 1184 569 1211 τῶν
590 1185 626 1220 μὴ
643 1183 844 1220 προσελθόντων

55 1230 147 1262 ἀξίους
164 1230 212 1257 καὶ
233 1229 391 1264 νομίζεσθαι
407 1230 455 1257 καὶ
473 1230 665 1265 ὀνομάζεσθαι.
683 1230 739 1257 Ποῦ
754 1230 844 1257 τοίνυν

56 1277 108 1303 τῶν
123 1275 297 1312 ἁμαρτωλῶν
311 1277 328 1311 ἡ
354 1276 460 1311 κλῆσις,
476 1277 521 1303 ὅτε
535 1276 636 1312 πόρναι
659 1276 707 1303 καὶ
730 1275 844 1302 τελῶναι

55 1324 101 1349 καὶ
114 1322 216 1359 λῃσταὶ
235 1321 352 1358 ὁρῶνται
367 1323 466 1349 ἐκεῖνοι
482 1322 562 1357 μόνον
586 1322 775 1357 ἀσπασάμενοι
793 1321 844 1357 τὴν

55 1369 189 1404 σωτήριον
206 1369 311 1404 κλῆσιν,
326 1369 350 1396 οἳ
364 1369 419 1395 τῶν
434 1368 600 1404 δμοτεχνῶν,
616 1368 654 1400 ὡς
677 1369 706 1394 ιν
719 1367 839 1403 τοσούτῳ

53 1414 146 1441 κακῶν
160 1414 250 1450 βάθει,
274 1415 349 1450 ὅμως
371 1415 499 1450 προεῖχον
507 1414 530 1430 ⁸⁷
547 1415 576 1440 ὲν
601 1415 658 1446 τοῖς
685 1413 842 1449 ἁμείνοσιν;

52 1460 113 1486 οὐδὲ
138 1461 228 1486 ἐκεῖνο
249 1460 277 1486 δὲ
302 1460 446 1495 παρελθεῖν
467 1460 582 1487 δίκαιον.
610 1459 648 1486 Τδ
675 1459 768 1495 τάγμα
787 1458 844 1486 τῶν

898 863 944 899 qui
961 870 994 890 ex
1014 862 1115 890 virtute
1130 863 1252 890 viverent
1272 864 1393 891 videmus
1410 865 1511 897 vocari,
1529 871 1680 895 accurrere.

896 913 1090 942 vocantemque
1097 909 1171 943 sequi
1188 909 1275 943 potius
1290 917 1369 944 quam
1386 910 1432 943 qui
1441 910 1582 937 contrariis
1593 915 1683 937 essent

896 954 978 982 dediti
997 954 1105 982 studiis.
1119 954 1194 987 Quod
1210 954 1233 981 si
1248 959 1274 981 tu
1288 955 1465 988 prostibulum
1485 955 1549 982 mihi
1567 960 1612 982 aut
1631 963 1681 990 pu-

896 1000 1033 1027 blicanum
1046 999 1164 1034 aliquem
1188 1000 1344 1033 adduxeris,
1359 1001 1441 1028 etiam
1471 1000 1542 1028 illoe
1568 1008 1682 1029 numero

896 1047 968 1074 scias
977 1050 1058 1081 atque
1067 1046 1163 1073 ordine
1173 1047 1206 1074 ad
1217 1051 1357 1074 vocantem
1367 1046 1536 1074 Salvatorem
1550 1047 1682 1075 accedere

896 1092 942 1127 qui
959 1092 1084 1127 exiguam
1097 1092 1193 1119 saltem
1214 1092 1340 1119 humanae
1367 1092 1517 1120 nobilitatis
1534 1091 1680 1120 scintiliam

896 1137 1055 1169 retinerent,
1072 1141 1102 1164 ut
1121 1137 1219 1164 merito
1231 1145 1285 1172 pra!
1297 1137 1467 1165 multitudine
1481 1145 1534 1165 non
1549 1139 1681 1166 acceden-

896 1183 962 1210 tium
987 1183 1020 1209 ad
1050 1182 1143 1214 Deum,
1165 1182 1238 1216 digni
1267 1182 1417 1210 habeantur
1441 1187 1524 1218 atque
1544 1183 1679 1211 dicantur.

897 1227 947 1256 Ubi
966 1232 1008 1254 est
1022 1227 1102 1262 igitur
1116 1232 1285 1261 peccatorum
1302 1228 1417 1260 vocatio,
1431 1228 1538 1263 quando
1555 1235 1570 1255 e
1591 1236 1680 1256 mere-

896 1273 1018 1305 tricibus,
1032 1273 1182 1308 publicanis
1197 1278 1224 1300 et
1238 1273 1387 1301 latronibus
1415 1273 1498 1301 hosce
1519 1274 1591 1302 solos
1609 1274 1679 1301 divi-

896 1326 958 1346 nant
987 1326 1048 1346 esse
1068 1319 1236 1347 vocationem
1268 1320 1436 1354 amplexatos
1464 1320 1596 1354 videmus,
1633 1321 1680 1355 qui

896 1365 967 1392 inter
981 1370 1123 1393 consortes
1139 1365 1305 1401 (quanquam
1323 1366 1425 1401 ingenti
1437 1366 1463 1393 in
1484 1366 1617 1394 malorum
1628 1367 1677 1394 ba-

896 1410 1000 1445 rathro)
1011 1411 1118 1438 caeteris
1133 1415 1220 1438 tamen
1236 1411 1376 1438 meliorum
1394 1419 1485 1439 rerum
1511 1412 1601 1439 studio
1612 1419 1682 1446 pra:-

896 1456 1014 1483 stabant.
1025 1455 1116 1491 Neque
1130 1463 1194 1484 vero
1210 1456 1273 1483 illud
1290 1456 1430 1491 praeterire
1450 1456 1491 1484 fas
1516 1461 1565 1484 est.
1584 1456 1680 1483 Decem

53 1505 198 1540 παρθένων
212 1506 229 1541 ἠ
244 1505 327 1537 δεκὰς
344 1505 539 1541 διελάμὸανεν·
560 1505 616 1532 ἀλλ’
634 1505 662 1532 αι
681 1505 731 1540 μὲν
749 1505 843 1540 φρόνι-

897 1507 954 1530 erat
983 1502 1128 1530 admodum
1148 1502 1281 1537 virginum
1302 1503 1464 1530 etetuszsed
1482 1503 1589 1530 nonnisi
1603 1502 1681 1537 quin-

53 1559 99 1585 μοι
122 1551 172 1578 τοῦ
189 1551 335 1586 νδμφῶνος
357 1551 550 1583 ἀπολαύουσιν,
568 1551 598 1578 αἱ
628 1550 656 1578 δὲ
675 1551 767 1587 μωραὶ
789 1551 844 1578 άπ-

52 1596 222 1623 ελαύνονται.
244 1597 299 1623 Καὶ
315 1597 330 1623 δ
350 1596 380 1623 τὸ
394 1597 495 1632 ἔνδυμα
513 1596 560 1624 τοῦ
573 1597 665 1632 γάμου
685 1596 724 1632 μὴ
739 1596 842 1632 φορῶν,

53 1642 107 1667 τῶν
118 1641 210 1668 ἄλλων
226 1642 361 1677 μενόντων
375 1643 405 1669 ἐν
420 1644 453 1677 τῇ
472 1642 526 1678 ίδίᾳ
543 1643 631 1676 τάξει,
645 1642 727 1675 αὐτὸς
743 1642 842 1670 ἐκϐάλ-

52 1686 127 1713 λεται
144 1687 238 1721 μόνος.
252 1687 331 1719 Τίνες
351 1688 381 1714 δὲ
401 1689 448 1715 καὶ
462 1689 508 1715 ὑπ’
522 1689 647 1723 ἀγγέλων
661 1689 690 1715 ἐν
703 1690 737 1724 τῇ
750 1688 844 1715 τελευο

52 1733 115 1767 ταίᾳ
128 1734 182 1768 τῆς
205 1733 324 1767 κρίσεως
339 1734 432 1769 ἡμέρᾳ
445 1735 486 1766 είς
500 1735 652 1770 ἀπάντησιν
669 1734 717 1761 τοῦ
740 1734 842 1770 Κυρίου

53 1777 336 1813 παραλαμϐάνοντας
359 1779 374 1814 ἢ
395 1779 473 1814 δῆλον
491 1780 528 1812 ὡς
550 1781 575 1807 oi
590 1780 698 1813 δίκαιοι,
719 1780 775 1807 ἀλλ’
793 1781 842 1816 οὺχ

50 1823 107 1851 oi“
124 1825 301 1860 ἀμαρτωλοί;
314 1825 339 1852 τί
352 1825 398 1852 οὖν
412 1827 469 1853 ἐστι
484 1826 514 1854 τὸ
530 1828 591 1854 οὐκ
606 1825 702 1862 ἦλθον
713 1826 841 1854 καλέσαι

51 1869 198 1902 δικαίους,
220 1869 290 1896 ἀλλ’
308 1870 519 1905 ἁμαρτωλούς;
533 1872 670 1898 τουτέστιν
690 1871 763 1898 ἅπαν
774 1871 796 1888 ⁵³
811 1871 842 1898 τὺ

51 1914 226 1949 ἀνθρώπινον
238 1915 328 1949 γένος,
339 1917 389 1951 τῆς
403 1917 535 1952 ἀκριόοὖς
548 1918 594 1944 καὶ
608 1917 713 1949 τελείας
726 1917 842 1952 διαμαρ-

50 1960 146 1992 τόντας
163 1961 339 1996 δικαιοσύνης
351 1982 360 1994 ,
372 1961 453 1998 ἦλθον
467 1963 581 1990 καλέσαι
596 1963 643 1990 καὶ
658 1963 841 1996 ἐπαναγαγεῖν

49 2006 118 2039 πρὸς
145 2006 258 2043 ἐκείνην
284 2007 335 2042 τὴν
356 2007 433 2043 λῆξιν
445 2006 480 2045 ἧς
496 2009 713 2044 κατωλίσθησαν.
738 2009 771 2035 Εἰ
785 2008 841 2044 γὰρ

48 2052 96 2078 καὶ
117 2052 258 2087 διαφορὰν
273 2054 341 2088 πρὸς
357 2054 487 2089 ἀλλήλους
509 2055 581 2083 κατὰ
594 2055 644 2090 τὴν
658 2054 793 2081 πολιτείαν
811 2054 841 2081 τὸ

48 2098 125 2130 γένος
142 2097 224 2132 ήμῶν
241 2098 359 2132 ἔχουσιν,
370 2099 394 2126 οἱ
412 2099 462 2134 μὲν
476 2101 650 2135 ὲκτοπώτερα
664 2100 837 2135 βεϐιωκότες,

49 2143 71 2168 οἱ
96 2142 125 2168 δὲ
149 2143 336 2177 ἀνεκτότερα,
359 2144 434 2179 ὅμως
460 2144 549 2177 οὐδεὶς
582 2145 665 2181 χωρὶς
692 2145 839 2180 ἁμαρτίας.

897 1554 949 1582 que
961 1548 1105 1582 prudentes
1118 1547 1238 1582 sponsali
1264 1547 1383 1575 thalamo
1411 1548 1546 1581 fruuntur,
1563 1548 1681 1583 quinque

895 1593 977 1621 fatuae
993 1593 1157 1628 repelluntur
1173 1593 1198 1620 ν.
1224 1593 1269 1620 Sic
1281 1593 1328 1620 ille
1343 1593 1389 1628 qui
1413 1594 1561 1627 nuptialem
1574 1599 1679 1622 vestem

896 1646 952 1667 non
966 1639 1105 1671 attulerat,
1121 1638 1227 1667 caeteris
1238 1646 1317 1666 suum
1330 1639 1444 1673 quisque
1468 1638 1556 1666 locum
1584 1643 1678 1666 tenen-

897 1685 979 1718 tibus,
997 1684 1071 1712 solus
1084 1685 1190 1720 ejicitur
1204 1691 1229 1713 ι.
1245 1684 1362 1718 Quinam
1389 1691 1454 1712 vero
1482 1684 1516 1712 ab
1535 1684 1630 1718 angelo
1652 1684 1679 1711 in

895 1735 1018 1758 extremo
1026 1730 1120 1764 iudicii
1132 1730 1174 1757 die
1183 1737 1327 1758 occursum
1342 1730 1445 1758 Domini
1458 1734 1634 1758 assumuntur
1644 1733 1658 1754 1
1667 1729 1680 1756 2

895 1774 1063 1809 Nonnejnsti
1073 1780 1101 1803 et
1134 1783 1186 1803 non
1205 1795 1207 1797 ›
1224 1775 1400 1811 peccatores?
1416 1775 1486 1809 Quid
1519 1776 1600 1811 igitur
1627 1774 1679 1802 sibi

894 1821 952 1849 vult
966 1822 1046 1849 illud:
1062 1821 1124 1849 Non
1136 1822 1193 1849 veni
1215 1831 1305 1850 vocare
1315 1824 1414 1857 justas,
1428 1823 1474 1850 sed
1488 1829 1634 1858 peccatores
1646 1822 1679 1849 πῖ

895 1865 952 1894 Hoc
967 1871 1026 1900 est,
1039 1867 1110 1902 quod
1122 1867 1156 1895 ab
1171 1867 1275 1903 integra
1284 1874 1364 1903 atque
1375 1868 1493 1902 perfecta
1512 1868 1614 1903 iustitia
1629 1875 1679 1894 ex-

894 1913 1000 1941 ciderat
1017 1914 1164 1941 humanum
1176 1922 1272 1950 genus,
1289 1921 1414 1943 vocatum
1440 1916 1512 1948 veni.
1531 1921 1558 1942 et
1577 1916 1602 1942 in
1619 1923 1678 1942 eam

894 1965 1004 1992 sortem,
1019 1961 1174 1994 educturus,
1205 1969 1285 1997 quam
1311 1961 1448 1989 amiserat.
1466 1962 1522 1989 Etsi
1532 1962 1601 1988 enim
1619 1961 1679 1988 vit.c

894 2014 993 2041 genere
1017 2007 1096 2035 valde
1123 2007 1194 2035 inter
1220 2015 1250 2035 se
1279 2007 1403 2036 homines
1425 2008 1462 2036 illi
1482 2008 1616 2041 dilIerant,
1633 2008 1678 2042 qui

894 2052 1065 2080 indecentius
1090 2053 1218 2086 vixerint,
1258 2054 1357 2090 quique
1385 2055 1578 2087 continentius,
1602 2062 1680 2081 nemo

895 2102 984 2125 tamen
997 2102 1036 2126 .‘st
1049 2099 1107 2127 sine
1120 2105 1242 2134 peccato.
1257 2100 1396 2128 Consonat
1409 2101 1474 2128 huic
1490 2101 1583 2133 menti,
1598 2101 1680 2127 etiam

896 2145 954 2177 ipsa
988 2145 1128 2173 sententias
1146 2146 1312 2178 enuntiatio,
1342 2147 1400 2174 sine
1420 2147 1535 2174 articulo
1569 2147 1681 2174 relativo

48 2187 164 2223 Συνᾲδει
180 2188 210 2214 δὲ
231 2189 265 2224 τῇ
287 2189 393 2225 διανοίᾳ
414 2190 499 2226 ταύτῃ
512 2191 558 2217 καὶ
573 2191 642 2226 αὐτὴ
657 2191 673 2226 ἡ
690 2191 738 2218 τοῦ
760 2190 841 2226 ῥητοῦ

897 2190 1009 2224 prolata.
1021 2189 1089 2217 Nam
1101 2191 1123 2218 si
1133 2191 1246 2218 dixisset
1259 2200 1266 2219 :
1278 2191 1341 2218 Non
1352 2192 1407 2219 veni
1418 2200 1510 2219 vocare
1519 2193 1617 2226 justas,
1633 2191 1679 2218 sed

48 2235 192 2270 tpogopd,
219 2234 284 2262 ἄνευ
312 2235 359 2262 τοῦ
381 2237 547 2272 ἀναφορικοῦ
577 2236 679 2272 ἄρθρου
706 2244 842 2271 προφερο-

52 2279 131 2315 μένη.
147 2280 181 2306 Εἰ
195 2280 251 2315 γὰρ
267 2280 360 2315 ἔλεγεν
373 2290 381 2297 ·
394 2283 455 2309 Οὐκ
464 2280 560 2317 ἦλθον
571 2282 698 2310 καλέσαι
708 2282 781 2315 τοὺς
797 2282 842 2309 δι-

50 2325 156 2359 καίους
171 2346 180 2358 ,
197 2326 280 2353 ἀλλὰ
293 2327 362 2360 τοὺς
379 2327 573 2362 ἁμαρτωλοὺς
583 2348 590 2359 ,
609 2328 679 2362 τάχα
694 2328 728 2354 ἂν
738 2327 811 2362 εἶχεν
827 2328 845 2363 ἠ

48 2371 163 2398 ὑπόνοια
197 2371 291 2407 χώραν
314 2374 330 2408 ή
353 2374 414 2405 τοὺς
439 2373 619 2409 ἁμαρτωλοὺς
648 2373 699 2408 μὲν
732 2373 847 2400 καλέσαι

46 2417 199 2451 νομίζουσα
211 2438 219 2450 ,
232 2418 324 2445 οὐκέτι
342 2419 370 2445 δὲ
388 2420 452 2450 τοὺς
463 2419 586 2451 δικαίους
596 2426 603 2434 ·
621 2418 651 2445 τὸ
663 2419 692 2445 δὲ
710 2420 847 2446 άπόλυτον

47 2463 97 2496 τῆς
112 2464 212 2498 φωνῆς
219 2464 242 2479 ³⁸
263 2465 310 2491 καὶ
328 2465 415 2500 χωρὶς
429 2465 568 2500 ἀναφορᾶς
585 2464 727 2500 προελθεῖν
746 2473 846 2491 παντε-

44 2506 97 2540 λῶς
109 2509 262 2544 ἀποφαίνει
277 2509 326 2545 τὴν
342 2510 470 2537 ὑπόνοιαν
485 2510 633 2546 σφαλερὰν.
648 2509 734 2537 Τοῦτο
747 2510 776 2538 δὲ
791 2509 839 2536 καὶ

79 2578 127 2604 I-v
139 2578 209 2606 Luc.
224 2586 255 2611 tt,
271 2578 317 2611 25,
335 2578 380 2606 56.
392 2584 406 2604 ιι
419 2578 498 2606 Joan.
516 2587 576 2611 xm.
588 2579 615 2606 8.

655 2584 666 2598 π
675 2578 753 2606 Joan.
768 2587 799 2611 ll,
811 2579 824 2605 1
838 2585 914 2614 seqq.

894 2237 964 2271 ipsos
991 2243 1149 2272 pecratoret,
1175 2238 1286 2266 iorsitan
1314 2239 1358 2266 illa
1373 2239 1464 2274 opinio
1478 2238 1565 2266 locum
1582 2238 1682 2266 habere

898 2287 1015 2318 poterat,
1030 2291 1090 2318 quae
1105 2289 1262 2319 peccatores
1274 2290 1399 2311 vocatum
1415 2285 1534 2316 venisse,
1559 2292 1611 2311 non
1633 2292 1680 2310 att-

896 2329 1056 2364 temjustos,
1071 2329 1208 2363 opinatur.
1220 2330 1256 2356 At
1267 2337 1326 2356 cum
1343 2337 1393 2357 vox
1406 2330 1463 2357 tunc
1478 2329 1600 2357 absolute
1623 2331 1682 2357 sine

898 2373 1030 2401 relatione
1050 2375 1154 2409 prolata
1166 2375 1212 2408 sit,
1225 2375 1334 2402 omnino
1351 2375 1530 2409 periculosam
1556 2383 1587 2402 ac
1601 2375 1680 2402 falla-

899 2427 958 2446 cem
971 2420 1041 2447 hanc
1052 2427 1114 2447 esse
1127 2421 1280 2455 opinionem
1305 2422 1482 2448 demonstrat.
1508 2421 1566 2449 Hoc
1593 2427 1683 2449 autem

899 2469 926 2491 et
936 2465 1044 2492 divinus
1058 2465 1102 2493 ille
1114 2465 1212 2493 Paulus
1231 2466 1384 2499 conﬁrmat,
1407 2474 1467 2494 cum
1485 2467 1540 2494 ait:
1565 2466 1691 2494 Chrislua

898 2510 965 2537 unit
981 2511 1007 2537 in
1022 2510 1091 2537 hunc
1101 2511 1227 2538 mundum
1239 2517 1388 2546 peccatores
1402 2512 1486 2539 salvos
1500 2512 1587 2547 facere
1600 2521 1607 2539 :
1618 2521 1669 2548 quo
1679 2527 1692 2532 -

953 2579 1044 2616 '_Luc.
1059 2587 1087 2611 x,
1099 2580 1148 2616 4εὲἶ
1183 2580 1193 2598 ί
1205 2581 1322 2616 Act.x.l
1337 2589 1413 2616 seqq.
1450 2585 1464 2599 “
1481 2580 1546 2609 Luc.
1563 2581 1692 2614 xxm,29

43 2617 69 2640 et
87 2620 147 2648 seq.
188 2619 202 2633 ν
215 2613 313 2641 Matth.
326 2621 387 2647 xxv,
401 2614 414 2641 1
431 2621 509 2650 seqq.
557 2621 570 2635 ι
581 2614 675 2642 Matth.
688 2621 756 2647 uti,
777 2615 789 2641 1
803 2613 884 2649 seqq.
924 2613 1057 2641 Yl'l‘hess.
1070 2622 1107 2646 iv,
1118 2615 1161 2642 16.
1201 2619 1212 2633 ι
1222 2615 1316 2644 Matth.
1329 2625 1366 2650 ix,
1377 2613 1422 2644 13.

708 2682 826 2712 VABIE
845 2683 1047 2711 LECTIONES.
1154 2659 1159 2664 I

75 2731 101 2747 "
113 2731 321 2764 προϐάλλεσθαι
337 2740 376 2768 ςη
405 2731 427 2747 "
443 2729 512 2768 οἶδα]
526 2731 604 2759 Joan.
618 2739 679 2765 xm,
696 2731 731 2768 8.7
760 2731 843 2768 57°75;

897 2739 920 2758 [ι.
931 2731 986 2768 AC.

710 2767 734 2782 "
751 2767 809 2794 ἀλλ’
821 2766 861 2804 ἐξ.
872 2767 970 2804 εθσεδε
978 2767 1066 2804 οίκίας
1081 2776 1135 2804 om.
1152 2766 1219 2796 AC.‘
1242 2768 1265 2785 "
1275 2769 1321 2795 τὸν
1333 2777 1388 2795 om.
1404 2770 1436 2795 A.
1473 2766 1496 2785 "
1508 2770 1687 2804 πέμπεταις.

41 2766 125 2803 {agon
135 2775 194 2803 om.
209 2774 250 2803 pr.
263 2768 286 2793 Α
301 2774 308 2792 :
326 2766 451 2803 Λάζαρον
468 2766 562 2803 ἠγειρε
572 2775 614 2803 re.
627 2768 659 2794 Δ.

1041 2732 1118 2759 “sitv
1135 2733 1167 2760 ὲκ
1181 2733 1315 2769 βηθανίας
1327 2741 1383 2761 om.
1397 2733 1418 2761 C
1433 2737 1461 2761 et
1475 2742 1516 2768 pr.
1531 2735 1563 2762 Α.
1602 2735 1688 2762 "Ad-

42 2801 63 2848 :
76 2801 194 2842 διξαίως
207 2802 336 2848 got-hortus
351 2811 358 2828 :
370 2801 491 2845 δικαίους
569 2802 591 2818 ⁸¹
607 2803 751 2838 προσεῖχον
765 2811 796 2834 ς.
838 2801 843 2817 ¹

897 2802 926 2838 sx
934 2801 970 2838 oi]
992 2801 1052 2831 libri
1064 2802 1139 2845 οὐχί.
1155 2844 1162 2848 ἰ
1177 2803 1199 2848 δέ
1210 2803 1282 2831 ἁπαν
1293 2809 1320 2832 et
1335 2803 1415 2839 paulo
1427 2809 1490 2839 post
1507 2801 1570 2837 τοῦς
1580 2805 1640 2833 add.
1654 2806 1687 2833 A.

41 2836 63 2852 ⁵⁸
83 2837 133 2872 τῆς
146 2836 253 2872 φωνῆςξ
268 2838 369 2864 rectius
380 2837 430 2871 τὴν
442 2839 544 2874 φωνήν.

152 2879 291 2912 Parum.
314 2881 374 2914 Gn.
395 2882 475 2913 Clll.

1464 2883 1502 2916 26
