1920 3090
93 117 150 149 818

625 117 885 148 BIBLIOTIIECA.
905 129 930 137 -
954 119 1036 150 COD.
1056 121 1196 153 CCXXII.

1667 126 1721 158 816

92 177 163 212 πρὸς
180 175 262 211 βάθος
273 175 436 208 καταδύντες
447 176 457 192 ³
469 175 617 210 ἀπωλείας,
632 178 662 210 ἐξ
678 174 715 204 ὧν
728 178 801 204 ἄλλοι
811 178 881 213 μέγα

938 179 1054 213 quidem,
1073 181 1135 215 quia
1161 182 1274 210 salutem
1292 190 1340 217 per
1354 183 1410 211 liceo
1433 188 1651 219 consequuntur;
1670 185 1721 214 hoc

92 222 190 258 κέρδος
204 222 390 255 συλλέγουσιν,
413 222 492 249 αὐτοὶ
513 223 729 259 κακουργοῦντες
746 223 815 258 πρὸς
844 223 880 250 τὰ

91 269 179 304 χείρω
192 268 405 303 κατασύρονται.
426 267 507 295 Ἀλλὰ
518 268 605 295 ταῦτα
627 269 677 303 μὲν
699 270 746 295 καὶ
767 270 797 296 ὲν
812 269 880 305 τῷδε

91 315 131 349 τῷ
146 313 301 348 κεφαλαίῳ.

134 360 180 386 Ἐν
195 359 223 386 δὲ
237 361 294 391 τοῖς
312 360 377 394 ὲξῆς
403 359 502 395 ἐρεύνῃ
517 359 692 395 φιλοθεάμονι
719 361 880 396 ἐμϐατεύων

91 405 313 438 αἰτιολογεῑ.Διὰ
335 405 364 431 τί
390 404 431 439 μὴ
446 405 523 439 ὑπὲρ
549 404 686 440 ἀγγέων
712 407 879 440 πεσόντων,

90 449 194 483 ὥσπερ
213 449 291 483 ὑπὲρ
304 448 468 482 ἀνθρώπων
486 449 611 484 γέγονεν
623 450 789 484 ἄνθρωπος,
805 451 881 477 οὕτω

91 495 295 530 scalam-eleg.
316 495 372 521 Kal.
387 493 499 530 πρώτην
515 495 564 530 μὲν
588 495 750 522 ἀποδίδωσιν
780 496 880 527 αἰτίαν,

89 543 191 575 ὅτιπερ
223 540 317 576 ἐπειδὴ
333 541 365 567 ἐκ
379 541 471 575 πάσης
487 541 537 575 τῆς
551 541 663 575 λογικῆς
679 541 785 575 φύσεως
803 542 881 576 μόνος

91 590 106 613 6
125 587 271 620 ἄνθρωπος
286 587 369 621 σαρκὶ
381 587 428 613 καὶ
443 585 493 622 ὕλῃ
505 587 644 621 συνεδέθη,
661 587 758 622 ἑτοίμη
770 587 798 614 δὲ
813 587 882 623 πρὸς

91 623 201 659 ὀλισθον
219 633 236 666 ἡ
251 631 312 668 ὕλη,
324 632 364 659 ἔτι
379 632 428 658 δὲ⁸
439 633 500 659 δυσ)¹
520 632 617 666 φύσεσι
635 633 808 668 μαχομέναις
819 642 882 659 συν-

90 679 182 709 τεθεὶς
195 679 210 704 ὁ
223 677 379 712 ἄνθρωπος,
393 678 528 714 ἑκατέρας
543 678 612 713 πρὸς
629 678 660 704 τὺ
679 679 780 704 οἰκεῖον
805 679 890 706 ἐπει-.

91 725 215 758 γομένης
228 723 396 750 διασπᾶσθαι
425 723 499 758 φιλεῖ
514 723 545 749 τὸ
577 723 645 754 ζῶον
663 724 711 750 καὶ
727 724 882 759 διαμερίςεο

93 769 156 795 σθαι
170 770 220 802 (Τὸ
238 769 315 803 γὰρ’
335 770 474 803 φρόνημα
501 767 555 802 τῆς
571 769 697 802 σαρκὸς,
727 769 765 800 ὡς
797 769 844 795 καὶ
867 769 882 795 6

92 812 239 843 θεσπέσιος
272 811 378 843 Παῦλος
406 812 635 847 ἐπιμαρτύρεται,
662 812 702 845 τῷ
726 813 805 847 νόμῳ
828 813 881 840 τοῦ

92 856 171 884 Θεοῦ
183 858 240 891 οὐχ
251 857 478 890 ὑποτάσσεται),
496 856 540 884 διὰ
555 857 643 884 ταῦτα
668 857 705 888 ὡς
729 858 808 892 μόνος
829 857 882 884 τῶν
898 857 919 886 Β

91 901 212 935 λογικῶν
219 903 234 929 6
245 902 387 937 ἅνθρωπος
395 902 536 933 τοιαύταις
546 903 717 937 σωματικαῖς
724 902 860 934 συνδεθεὶς
871 903 881 919 ⁸

92 947 201 979 πέδαις,
217 944 276 974 εἶτα
289 948 338 974 καὶ
351 947 399 982 τὴν
412 948 557 982 μετάνοιαν
573 946 680 974 οἴκοθεν
700 947 747 974 τοῦ
769 948 881 983 ὀλισθή-

92 1002 182 1029 ματος
196 993 426 1029 προϐαλλόμενος.
441 993 556 1024 εἰκότως
571 993 618 1020 καὶ
637 993 767 1029 προνοίας
788 993 829 1026 εις
852 993 883 1020 τὸ

91 1040 246 1074 ἀναστῆναι
261 1039 383 1071 πλείονός
400 1047 430 1065 τε
444 1040 491 1066 καὶ
512 1039 636 1074 μείζονος
649 1039 747 1070 δεῖται,
771 1040 819 1066 καὶ
833 1039 884 1074 τῆς

60 1111 64 1114 .
92 1086 173 1117 θείας
184 1085 377 1120 δαψιλέστερον
389 1085 519 1111 ἀπολαύει
540 1085 678 1121 βοηθείας.
706 1086 760 1112 Καὶ
785 1085 800 1111 ὃ
822 1085 883 1112 κατ’

92 1133 186 1168 ἀρχὰς
199 1132 311 1158 ἔλαττον
322 1131 375 1158 τῶν
385 1131 471 1159 ἄλλων
482 1131 599 1165 λογικῶν
610 1131 760 1165 ἀπέφαινεν
773 1131 783 1146 "
798 1131 882 1166 ἡμᾶς,

91 1179 174 1205 τοῦτο
188 1178 310 1212 μεγάλης
334 1178 400 1212 ἡμῖν
416 1177 554 1212 σωτηρίας
583 1177 710 1212 ἀφορμὴν
733 1177 748 1203 6
780 1177 884 1208 δίκαιος

92 1224 218 1256 ἀνέδειξε
234 1224 348 1259 Κριτής,
363 1223 426 1259 [355
437 1223 483 1260 H.]
500 1223 529 1255 ὃς
543 1224 591 1250 καὶ
608 1223 737 1258 συνέδησε
748 1223 759 1239 ⁸
780 1223 830 1258 μὲν
844 1223 883 1257 τῷ

93 1270 205 1305 crszqu
220 1270 342 1302 κολάζων
354 1271 404 1304 τήν
430 1269 558 1304 ἔπαρσιν.
586 1269 621 1296 δι’
636 1266 670 1305 ἧς
688 1269 737 1296 καὶ
760 1268 884 1303 ἀγγέλων

92 1316 162 1350 τέλη
174 1316 423 1351 ὲκτραχηλισθέντα
431 1315 441 1331 ⁸
456 1315 565 1342 ἀνίατον
574 1315 637 1350 ἔσχε
651 1315 683 1342 τὺ
695 1315 882 1350 παράπτωμα,

94 1361 158 1388 εἶτα
168 1361 198 1388 δὲ
218 1361 265 1388 καὶ
278 1361 405 1397 ἀφορμὴν
423 1363 474 1397 τῆς
497 1361 569 1397 ὑπὲρ
583 1360 646 1387 νοῦν
661 1361 820 1396 εὐεργεσίας
839 1359 884 1386 τὸν

96 1405 264 1441 νομισθέντα
277 1406 377 1440 δεσμὸν
394 1406 443 1440 τῆς
454 1406 520 1441 ὕλης
534 1405 659 1432 ὑπέθετο.
677 1405 710 1431 Tl
724 1405 778 1440 γὰρ
794 1406 827 1431 ἃν
841 1404 884 1439 εἴη

99 1452 197 1488 μεῖζον
213 1452 262 1479 καὶ
276 1452 443 1487 ὑψηλότερον
460 1453 500 1484 εἰς
512 1451 684 1487 εὐεργεσίαν,
703 1451 766 1487 [648
782 1451 830 1487 11.]
856 1453 885 1479 ὲν

96 1499 175 1534 δεξιᾷ
186 1498 234 1525 τοῦ
252 1499 358 1534 [ἰατρὸς
375 1499 440 1534 ὁρᾷν
457 1498 487 1524 τὸ
502 1497 634 1533 ἡμέτερον
666 1497 808 1533 ἱδρυμένον
829 1497 882 1532 φύ-

100 1552 180 1579 ραμα
194 1542 242 1569 καὶ
252 1543 303 1578 τήν
320 1551 385 1569 ποτε
401 1541 536 1577 στασιώδη
551 1541 634 1577 φύσιν
650 1542 770 1577 ὑπήκοόν
789 1550 820 1568 τε
840 1542 887 1568 καὶ

98 1589 246 1625 εἰρηναίαν
262 1587 359 1623 καὶτῷ
374 1588 462 1623 Πατρὶ
474 1587 528 1614 τῶν
541 1587 610 1614 ὅλων
640 1587 856 1622 διηλλαγμένην;
873 1586 888 1613 δ

97 1635 146 1662 διὰ
161 1635 211 1670 τῆς
226 1634 352 1669 ἀπαρχῆς
368 1634 382 1660 6
394 1633 496 1668 ταύτην
508 1633 672 1669 προσλαϐὼν
688 1634 773 1668 Λόγος
789 1635 888 1668 ἀπειρ-

99 1680 218 1714 γάσατο.
231 1679 340 1714 Ταύτην
354 1688 400 1714 μοι
416 1679 489 1706 δοκεί
503 1678 553 1714 τὴν
564 1679 674 1714 εἰρήνην
685 1678 724 1714 τῷ
735 1678 829 1714 κόσμῳ
842 1678 890 1705 καὶ

98 1726 146 1752 διὰ
157 1725 214 1752 τῶν
245 1724 384 1760 μαθητῶν,
404 1724 442 1756 ὡς
458 1725 488 1751 ὲν
510 1723 672 1760 ἁρῤαὗῶνος
694 1724 776 1759 λόγῳ,
805 1732 889 1751 κατα-

97 1770 245 1806 λιμπάνων
253 1770 353 1804 λέγειν·
365 1769 497 1804 Εἰρήνην
511 1770 533 1786 ’⁸
543 1769 681 1804 τὴν-ἐμὴν
691 1770 793 1805 δίδωμι
806 1770 888 1805 ὑμῖν,

99 1817 152 1844 καὶ
165 1817 275 1851 ἀφίημι
285 1816 366 1850 ὑμῖν.
378 1816 443 1850 Καὶ,
456 1817 496 1842 Οὐ
508 1815 604 1849 καθὼς
617 1817 634 1843 d
643 1816 756 1851 κόσμος
767 1816 890 1842 δίδωσιν

99 1862 239 1896 εἰρήνην.
253 1859 300 1893 Οἷς
324 1861 446 1897 συνᾴδων
471 1862 520 1888 καὶ
536 1862 550 1888 6
567 1862 678 1897 γνήσιος
704 1862 840 1898 μαθητὴς,
860 1862 892 1889 Ἠ

100 1906 209 1941 εἰρήνη
224 1907 257 1938 ",
272 1906 352 1941 φησὶ,
366 1906 419 1934 τοῦ
431 1906 517 1940 Θεοῦ,
533 1907 552 1940 ἠ
575 1907 766 1942 ὑπερέχουσα
791 1907 891 1934 πάντα

98 1952 190 1985 γοῦν,
221 1952 385 1987 φροιψήσει
405 1953 458 1985 τὰς
471 1952 595 1987 καρδίας
622 1953 707 1987 ὑμῶν
724 1961 731 1967 ·
757 1953 816 1985 καὶ,
845 1954 891 1979 Δι-

100 1997 280 2031 καιωθένιες
296 1999 318 2014 ¹¹
344 1998 379 2024 ἐκ
401 1998 530 2031 πίστεως
564 1998 690 2033 εἰρήνην
714 1999 825 2034 ἔχομεν
854 1999 891 2026 τὰ

100 2043 180 2077 πρὸς
205 2043 259 2069 τὸν
279 2044 355 2070 Θεὸν
387 2043 436 2070 διὰ
455 2043 509 2070 τοῦ
534 2044 644 2078 Κυρίου
674 2043 759 2079 ἡμῶν
787 2045 891 2078 Ἰησοῦ

99 2087 246 2122 Χριστοῦ,
267 2087 305 2114 δι’
316 2085 352 2116 οὗ
365 2088 414 2115 καὶ
424 2088 483 2122 τὴν
494 2089 695 2125 προσαγωγὴν
705 2090 890 2125 ἐσχήκαμεν.

103 2135 142 2161 οὐ
155 2134 212 2168 γὰρ
225 2134 259 2169 δὴ
270 2134 320 2170 τὴν
332 2135 366 2161 ὲκ
379 2134 433 2161 τῶν
451 2135 578 2170 πολέμων
593 2136 705 2171 εἰρήνην
727 2136 743 2172 ἢ
754 2138 804 2172 τὴν
823 2137 891 2171 πρὶς

933 231 1010 256 vero,
1025 226 1089 259 quia
1115 226 1142 253 in
1174 226 1335 261 profundum
1360 228 1485 255 interitus
1502 229 1630 262 demersi,
1649 232 1722 258 unde

935 270 980 297 alii
1007 278 1133 305 magnum
1158 272 1262 299 lucrum
1287 273 1436 308 colligunt,
1463 274 1513 309 ipsi
1541 275 1657 302 maleﬁci
1687 276 1721 303 ad

934 316 1068 343 deteriora
1085 317 1264 351 abripiuntur.
1283 318 1372 353 Atque
1385 319 1433 345 ista
1446 320 1495 347 hoc
1511 319 1599 354 capite
1614 319 1720 349 Jobius.

970 361 1151 397 Sequentibus
1166 371 1240 397 vero,
1256 365 1301 399 (40
1314 370 1341 392 et
1357 365 1414 397 41),
1430 366 1566 394 curiosam
1582 368 1722 402 ingressus

935 409 1160 443 speculationem,
1173 417 1270 437 causas
1287 411 1375 438 reddit
1390 419 1398 438 :
1415 411 1504 443 Quare
1525 421 1576 439 non
1599 420 1646 446 pro
1667 421 1720 440 an-

935 454 1000 489 gelis
1017 454 1100 488 lapsis
1117 456 1150 482 sit
1169 455 1256 489 factus
1271 456 1380 490 angelus
1402 456 1460 492 [Dei
1484 457 1579 493 Filius]
1595 459 1722 492 quemad-

934 500 1041 526 modum
1063 508 1110 534 pra
1133 500 1282 527 hominibus
1306 501 1384 528 homo
1409 502 1494 536 [actus
1520 507 1568 530 eu.
1600 503 1720 531 Primam

935 552 1000 579 ergo
1020 546 1100 572 islam
1124 553 1233 573 causam
1249 546 1338 574 atl‘ert.
1355 547 1578 583 Quandoquidem
1599 557 1631 576 ex
1645 549 1721 578 omni

936 591 1063 619 rationali
1078 597 1184 624 natura,
1198 593 1272 619 solus
1287 593 1367 620 homo
1379 600 1464 620 carne
1479 598 1506 621 et
1519 595 1633 621 materia
1644 602 1720 622 com-

934 641 1030 671 pactus
1046 641 1088 664 est
1099 637 1223 671 (materia
1239 644 1304 664 vero
1319 637 1352 663 ad
1367 644 1460 664 casum
1477 637 1573 673 prona)
1587 644 1667 674 atque
1686 646 1721 666 ex

936 683 1043 709 duabus
1063 682 1174 716 insuper
1191 683 1372 717 pugnantibus
1402 683 1508 710 naturis
1530 684 1696 717 compositus
1710 703 1720 717 ,

936 727 998 755 dum
1023 733 1140 762 utraque
1161 728 1194 755 ad
1217 736 1293 756 suam
1316 736 1377 756 eum
1396 730 1579 757 conditionem
1593 730 1719 764 impellit,

935 773 1025 800 divelli
1035 773 1117 801 debet
1126 773 1236 807 animal,
1247 782 1278 801 ac
1287 774 1368 801 dividi
1382 774 1530 810 (Sapientia
1542 776 1610 803 enim
1622 776 1720 809 carnis.

935 823 965 846 ut
975 819 1082 846 divinus
1091 820 1128 846 alt
1137 819 1245 853 Paulus,
1255 819 1305 854 legi
1315 819 1362 846 Dei
1373 827 1423 847 non
1436 825 1474 847 eu
1486 819 1603 854 subjecta
1613 821 1649 854 Ρ),
1658 828 1722 856 pro-

936 869 1031 899 pterea
1047 864 1122 892 solus
1137 865 1217 892 homo
1229 865 1299 892 inter
1315 865 1419 893 ratione
1434 866 1555 899 praedita,
1569 865 1723 893 istiusmodi

934 910 1119 945 corporalibus
1136 910 1252 938 vinculis
1269 911 1393 943 innexus,
1407 911 1559 946 deindeque
1568 911 1662 946 lapsus
1676 912 1718 939 sui

934 955 1149 989 resipiscentiam
1173 963 1188 982 a
1208 956 1297 990 seipso
1317 955 1446 988 oll‘erens,
1462 958 1560 983 merito
1581 961 1607 983 et
1624 956 1721 991 provi-

934 1001 1027 1029 dentia
1047 1000 1080 1027 ad
1094 1000 1260 1034 surgendum
1281 1001 1413 1035 ampliore
1433 1007 1515 1036 atque
1531 1001 1633 1035 majore
1648 1002 1722 1030 indi-

936 1051 991 1082 get,
1014 1050 1041 1073 et
1053 1045 1145 1073 divino
1156 1045 1292 1080 copiosius
1305 1046 1404 1072 fruitur
1422 1046 1534 1073 auxilio.
1549 1046 1586 1073 Ita
1598 1047 1671 1080 quod
1685 1047 1721 1074 ab

935 1090 1013 1118 initio
1034 1089 1103 1117 inl‘ra
1121 1089 1239 1124 reliquas
1252 1089 1357 1116 ratione
1375 1090 1501 1123 praeditas
1516 1094 1658 1117 creaturas
1669 1096 1721 1117 nos

934 1143 995 1163 esse
1010 1135 1138 1167 ostendit,
1155 1136 1206 1162 hoc
1230 1142 1333 1170 magna;
1354 1136 1431 1162 nobis
1447 1135 1544 1162 salutis
1554 1143 1663 1163 causam
1677 1141 1720 1162 at-

936 1180 1029 1208 tulisse
1051 1181 1140 1215 justus
1155 1180 1243 1208 Judex
1264 1180 1424 1213 declaravit,
1447 1181 1493 1215 qui
1516 1188 1565 1208 nos
1586 1181 1723 1217 colligavit

934 1227 1042 1260 quidem
1056 1226 1131 1253 carni
1145 1227 1178 1253 ad
1192 1225 1371 1254 coercendam
1396 1226 1562 1261 superbiam,
1577 1234 1624 1261 per
1639 1234 1720 1261 quam

934 1272 985 1307 ipsi
1012 1272 1168 1307 angelorum
1188 1273 1298 1299 ordines
1315 1272 1485 1307 irreparabili
1507 1272 1584 1307 lapsu
1598 1273 1625 1300 in
1641 1280 1722 1307 prte-

935 1325 999 1354 ceps
1013 1318 1067 1345 acti
1081 1323 1164 1350 sunt;
1188 1319 1234 1345 sed
1254 1322 1387 1345 statutum
1410 1317 1475 1344 illud
1494 1318 1617 1345 materiai
1628 1317 1722 1345 vincu-

935 1361 989 1389 lum
1017 1362 1044 1389 in
1068 1362 1180 1389 inﬁnitae
1204 1366 1297 1396 postea
1342 1361 1526 1390 beneﬁcentia:
1549 1363 1722 1390 occasionem

935 1407 1026 1435 vertit.
1036 1407 1165 1441 Quamam
1176 1408 1247 1435 enim
1260 1411 1307 1435 aut
1321 1408 1418 1443 major,
1430 1413 1478 1436 aut
1487 1409 1660 1442 praestantior
1671 1410 1720 1436 be-

935 1452 1079 1480 neficentia
1100 1460 1162 1480 esse
1178 1453 1273 1487 possit,
1287 1460 1367 1487 quam
1387 1452 1420 1479 ad
1439 1453 1578 1480 dexteram
1600 1452 1649 1480 Dei
1668 1452 1722 1480 Pa-

938 1499 987 1526 tris
1005 1498 1096 1526 videre
1116 1498 1257 1525 sedentem
1280 1503 1399 1525 nostram
1421 1499 1622 1526 conditionem:
1637 1503 1664 1526 et
1679 1506 1722 1526 re-

939 1544 1084 1572 bellantem
1114 1544 1249 1578 quondam
1273 1549 1398 1570 naturam
1422 1544 1593 1571 obedientem
1612 1544 1669 1579 jam
1689 1552 1723 1572 ac

938 1590 1090 1626 paciﬁcam,
1101 1595 1128 1617 et
1139 1590 1326 1617 universorum
1341 1589 1445 1624 parenti
1463 1589 1632 1616 conciliatam
1654 1597 1722 1617 con-

940 1637 1030 1665 tueri?
1046 1636 1121 1670 Quod
1141 1640 1200 1671 post
1224 1636 1293 1662 hanc
1314 1640 1493 1670 assumptam,
1514 1643 1562 1670 per
1574 1643 1651 1662 suam
1667 1635 1722 1670 pri-

941 1681 1076 1708 niitiarum
1090 1681 1267 1712 oblationem,
1284 1679 1402 1708 Verbum
1419 1679 1531 1714 perfeci.
1548 1680 1636 1715 Atque
1651 1680 1722 1707 hanc

941 1727 1006 1754 milii
1018 1733 1110 1761 pacem
1123 1726 1223 1753 mundo
1233 1732 1281 1760 per
1301 1723 1436 1759 apostolos
1447 1724 1518 1751 velut
1528 1723 1649 1759 pignoris
1663 1723 1722 1750 loco

942 1772 1129 1806 relinquendo,
1148 1771 1238 1798 dicere
1258 1771 1385 1797 videtur:
1408 1767 1503 1796 Pacem
1528 1769 1656 1796 meamdo
1676 1777 1723 1796 uo-

941 1819 980 1846 bis
992 1824 1017 1846 τι.
1033 1818 1066 1845 Ει
1080 1826 1087 1844 :
1106 1817 1167 1845 Non
1179 1816 1307 1852 quomodo
1332 1816 1446 1842 mundus
1469 1816 1514 1842 dat
1534 1823 1623 1849 pacem
1638 1820 1660 1841 τ.
1672 1815 1722 1842 Cui

940 1865 1020 1892 etialn
1036 1863 1155 1890 concinit
1173 1869 1318 1896 germanus
1336 1861 1395 1895 ejus
1414 1861 1562 1895 discipulus
1576 1869 1583 1887 ς
1598 1859 1667 1894 Pax,
1681 1861 1723 1888 in-

941 1910 1010 1944 quit,
1035 1909 1095 1941 Dei,
1119 1916 1177 1942 qua:
1194 1912 1331 1938 exsuperat
1347 1915 1449 1933 omnem
1463 1914 1578 1937 sensum,
1591 1908 1723 1934 custodiat

940 1954 1022 1980 corda
1040 1958 1124 1980 vestra
1135 1957 1158 1979 ι.
1175 1951 1226 1978 Et:
1243 1949 1341 1985 204a
1352 1950 1497 1984 Iusti/itali
1520 1958 1552 1977 ea:
1570 1950 1622 1985 ﬁde
1633 1959 1722 1984 pacem

941 2001 1065 2027 habemus
1093 2000 1127 2026 ad
1153 1998 1246 2030 Deum,
1262 2005 1307 2030 per
1331 1997 1472 2034 Dominum
1496 2003 1614 2024 nostrum
1631 1997 1724 2024 Iesum

941 2045 1074 2072 Christum
1101 2052 1146 2077 per
1173 2051 1248 2078 quem
1272 2047 1297 2069 et
1315 2050 1448 2068 accessum
1473 2040 1642 2068 habuimus‘.
1665 2041 1722 2068 Non

940 2092 1012 2118 enim
1030 2090 1150 2124 profecto
1169 2097 1184 2115 e
1204 2088 1272 2114 bello
1298 2095 1390 2122 pacem
1414 2091 1504 2113 natant
1518 2093 1637 2113 mutuam
1651 2087 1722 2113 illam

942 2137 1012 2162 inter
1028 2143 1077 2162 nos
1103 2135 1146 2161 hic
1168 2133 1317 2167 intelligere
1337 2136 1443 2166 oportet
1464 2132 1529 2158 :sed
1550 2139 1630 2165 quam
1645 2132 1725 2158 habet

100 2179 238 2214 ἀλλήλους
249 2178 366 2205 ἐνταῦθα
380 2181 451 2206 νοεῖν
468 2180 518 2213 δεῖ,
534 2180 602 2207 ἀλλὰ
613 2181 738 2216 δηλονότι
752 2181 802 2217 τὴν
825 2182 885 2208 ἐκα-

943 2181 1126 2216 unusquisque
1137 2187 1241 2211 secum,
1252 2187 1284 2205 ac
1299 2185 1347 2212 per
1361 2178 1483 2204 eamdem
1498 2177 1579 2204 etiam
1591 2185 1652 2204 cum
1664 2178 1724 2212 ejus

100 2233 167 2252 στου
184 2225 254 2260 πρὸς
269 2225 376 2258 ἑαυτὸν,
392 2225 440 2252 καὶ
454 2225 497 2252 διὰ.
512 2225 615 2261 ταύτης
629 2226 697 2262 πρὸς
721 2227 766 2254 τὸν
787 2227 888 2263 δοτῆρα

98 2271 205 2307 ταύτης
228 2272 275 2298 καὶ
294 2272 344 2307 τῆς
367 2272 549 2299 ἀστασιάστου
574 2274 711 2308 σωτηρίας
725 2273 803 2309 ἡμῶν
822 2283 889 2310 χορ-

97 2319 179 2352 ηγδν,
192 2318 255 2353 ἦτις
265 2317 312 2345 καὶ
328 2319 444 2353 φρουρεῖ
455 2317 504 2349 τὰς
515 2319 628 2354 καρδίας
642 2319 721 2354 ἡμῶν
741 2320 787 2346 καὶ
803 2320 888 2356 ὑπερ-

99 2365 162 2400 έχει
176 2365 269 2391 πάντα
283 2363 356 2396 νοῦν,
381 2364 429 2391 καὶ
446 2365 479 2400 ἠν
492 2365 507 2391 ὁ
519 2365 620 2400 κόσμος
643 2365 743 2392 διδόναι
758 2366 789 2391 οὐ
808 2366 889 2392 δύνα-

97 2419 153 2437 ται.
167 2410 215 2436 Διὸ
228 2409 289 2436 οὐδὲ
302 2410 418 2444 μάχεται
429 2409 472 2441 τὺ,
486 2411 547 2437 οὐκ
558 2411 580 2426 ¹³
607 2408 703 2446 ἦλθον
715 2411 826 2443 βαλεῖν
849 2413 885 2439 εὶ-

93 2456 198 2489 primv-
214 2454 296 2481 ἀλλὰ
304 2453 468 2489 μάχαιραν.
484 2455 540 2490 Τὴν
555 2455 609 2490 γὰρ
630 2457 776 2490 κοσμικὴν,
790 2457 885 2492 φησὶν,

97 2502 214 2537 εἰρήνην
227 2501 276 2527 οὐκ
288 2498 371 2536 ἦλθον
387 2501 479 2536 βαλεῖν
499 2501 591 2533 πάλιν,
606 2501 736 2529 Ἐσεσθε
750 2502 772 2518 “
782 2503 889 2537 μισού-

94 2556 184 2582 μενοι
198 2547 260 2574 ὑπὸ
279 2547 412 2580 πάντων,
427 2548 474 2574 καὶ
491 2547 577 2574 πολλά
588 2548 716 2574 τοιαῦτα·
735 2549 751 2584 ἡ
777 2549 832 2583 γὰρ
851 2550 890 2582 εἰς

154 2621 169 2641 ι’
186 2616 268 2643 Rom.
283 2623 345 2646 vni.
363 2615 390 2642 7.

100 2655 112 2669 ⁷
128 2651 216 2678 Marc.
232 2658 293 2684 nn,
313 2650 357 2677 i3.

442 2622 455 2642 '1
471 2617 549 2644 Joan.
575 2625 631 2648 xw,
646 2616 691 2643 27.
750 2622 761 2635 ι’
775 2617 839 2644 ibid.
856 2617 902 2645 ‘28.

942 2226 1081 2260 largitore,
1106 2229 1133 2251 et
1156 2222 1388 2257 imperturbabilis
1410 2221 1505 2249 salutis
1524 2221 1725 2256 suppeditatore

942 2280 1003 2308 qua:
1016 2277 1044 2300 et
1054 2271 1135 2298 corda
1151 2275 1240 2297 nostra
1255 2268 1417 2300 custodit,et
1427 2275 1534 2295 omnem
1551 2268 1725 2295 exceditsen-

942 2326 1012 2350 sum,
1028 2323 1054 2345 et
1069 2324 1150 2351 quam
1163 2315 1280 2343 mundus
1294 2316 1359 2341 dare
1376 2322 1429 2341 non
1443 2318 1542 2348 potest.
1561 2314 1651 2347 Quare
1663 2321 1723 2341 cum

943 2364 986 2391 liis
998 2371 1050 2390 non
1064 2366 1162 2396 pugnat
1177 2360 1242 2387 illud
1258 2369 1265 2387 :
1284 2359 1345 2386 Non
1365 2359 1421 2386 veni
1446 2359 1550 2386 titillare
1564 2367 1665 2393 pacem,
1680 2361 1725 2387 sed

943 2409 1092 2444 gladiums.
1116 2406 1207 2433 Mundi
1227 2406 1299 2432 enim
1322 2412 1426 2439 pacem,
1450 2404 1549 2438 inquit,
1581 2413 1633 2432 non
1664 2413 1723 2432 vent

943 2456 1060 2483 mittere.
1074 2453 1190 2480 Rursum
1207 2461 1214 2479 :
1230 2451 1314 2478 Erilis
1327 2451 1387 2478 odio
1398 2450 1516 2478 omnibus
1525 2455 1549 2482 ν,
1561 2456 1589 2478 et
1603 2452 1628 2478 id
1639 2459 1724 2486 genus

943 2501 1072 2536 plurima.
1082 2499 1190 2526 Piorum
1203 2499 1275 2526 enim
1287 2505 1348 2525 cum
1361 2497 1417 2524 Deo
1433 2497 1558 2529 aﬂinitas,
1573 2498 1606 2524 ad
1620 2498 1723 2527 odium.

944 2547 1084 2578 invidiam,
1098 2550 1126 2573 et
1146 2549 1246 2572 metum
1263 2544 1360 2578 impios
1375 2543 1529 2571 concitavit.
1547 2543 1626 2570 Venit
1643 2544 1724 2579 igitur

1234 2613 1245 2631 ί
1257 2611 1337 2639 Rom.
1354 2619 1381 2644 ν,
1396 2613 1421 2639 Ι.
1477 2616 1490 2630 ιι
1502 2612 1597 2640 Matth.
1626 2620 1653 2645 ι,
1678 2612 1721 2639 54.

959 2621 970 2636 ·
982 2615 1143 2652 Ριιίιὶρι).ιν,
1155 2613 1181 2640 '1.

735 2707 852 2735 VARI/IS
871 2707 1072 2736 LECTIONES.

137 2753 326 2780 ³ιιατιιδυνται
344 2753 375 2779 Α.
415 2753 464 2779 ⁴δὲ
482 2753 545 2781 add.
561 2753 593 2779 A.
639 2754 649 2769 '
661 2754 691 2779 τὸ
706 2754 770 2790 γὰρ]
784 2754 861 2781 Rom.
882 2763 942 2788 viti,
954 2756 979 2783 7.
1020 2756 1030 2770 '
1043 2754 1180 2785 συντεθεὶς
1198 2763 1228 2786 ς.
1266 2756 1276 2772 ⁷
1293 2753 1365 2788 ὰπὲφ

137 2788 394 2816 τιιτοαγηλιασθέντα
411 2789 441 2815 Λ.
498 2789 519 2804 ¹⁰
538 2788 661 2816 εἰρήνην]
691 2789 768 2816 Joan.
796 2797 850 2816 xw.
873 2790 919 2816 9.1.
976 2791 996 2806 “
1015 2791 1031 2816 ἠ
1046 2787 1112 2816 εἱο.“1
1134 2789 1302 2816 l'ltilinn.Vt.
1320 2789 1346 2815 7.

100 2790 112 2805 ⁹
126 2788 394 2823 ἑκτραχηλιασθέντα
411 2789 441 2815 Α.
498 2789 519 2804 ¹⁰
538 2788 661 2823 εἰρήνην]

101 2824 123 2840 ¹²
136 2822 200 2859 οὐκ]
215 2822 311 2853 Matth.
327 2832 355 2856 λ,
375 2824 420 2851 54.
458 2823 481 2863 ‘f
497 2822 603 2859 ἔσεσθε]
617 2822 698 2852 Marc.
729 2832 787 2857 xui,
814 2825 858 2852 l5.

1368 2761 1431 2788 ηνεν
1450 2762 1480 2785 ς.
1518 2753 1529 2768 ⁸
1543 2752 1677 2779 συνέδεισε
1691 2761 1723 2788 ς.

976 2791 996 2806 ¹¹
1015 2791 1032 2825 ἡ
1046 2787 1112 2825 εἱρ.]
1134 2789 1250 2827 l'ltilipp,
1262 2796 1302 2822 Vt,
1320 2787 1360 2815 7.7
1380 2787 1384 2788 ν
1399 2789 1421 2804 "
1431 2787 1635 2819 6txatutli.llotn.
1655 2795 1681 2821 γ,
1696 2787 1723 2814 1.
