1920 3090
200 141 253 174 815

775 137 907 168 ΡΗΟΤΙΙ
926 136 1178 167 PA'l‘RIAHCH/E
1191 136 1246 166 ΟΡ.

1774 131 1829 164 816

203 198 330 225 Salvator
352 202 445 231 pacem
468 194 586 228 mittere,
606 201 667 229 qua!
690 201 752 222 cum
765 195 856 222 animo
879 201 910 221 ea
925 201 984 221 con-

1041 193 1108 220 Θεὸν
1122 192 1178 218 τῶν
1194 190 1379 219 εὐσεϐούντων
1393 197 1528 224 συναφεια
1538 189 1579 221 εἰς
1594 189 1672 224 μῖσος
1697 188 1746 216 καὶ
1761 188 1827 222 φθό-

199 243 313 276 sentire,
328 250 387 277 quae
401 241 524 276 corporis
537 244 613 274 sunt,
628 240 702 274 facit,
717 240 843 276 quodque
866 240 987 268 deterius

199 295 252 323 est,
272 288 392 316 melioris
408 287 522 315 arbitrio
540 286 663 321 subiicit.
678 286 765 319 Quam
783 286 891 320 quidem
905 285 984 312 nobis

199 336 325 371 praebuit,
337 342 398 362 cum
407 334 508 369 ,rebelli
522 338 622 361 nostra
633 339 736 360 natur:e
750 333 890 367 pacilicam
902 332 987 359 deita-

201 389 256 411 tem
274 382 420 418 copulavit.
441 380 518 414 Quod
534 386 560 408 et
574 381 683 408 divinus
695 381 792 408 Paulus
806 381 906 411 docuit.
925 388 986 408 cum

200 429 254 456 ait:
267 428 338 456 Nam
350 428 419 463 quod
434 427 594 461 impossibile
607 433 663 455 erat
679 427 739 462 legi,
757 428 784 454 in
799 436 850 462 quo
863 427 985 461 inﬁrma-

200 475 276 501 batur
303 482 349 508 per
373 481 489 506 carnem,
526 473 594 500 Deus
618 473 718 500 Filium
738 482 816 500 suum
836 474 940 501 mittens
958 474 987 501 in

199 519 402 547 similitudinem
416 519 504 545 carnis
518 519 630 551 peccati,
642 523 666 545 et
678 519 710 545 de
725 524 830 552 peccato
851 519 987 545 damnavit

201 570 337 600 peccatum
353 565 380 591 in
393 572 472 591 carne
486 571 510 590 ι.
527 564 562 592 Ut
579 564 634 597 jam
659 569 721 599 apte
741 564 774 591 de
794 564 889 591 eadem
902 571 931 591 re
945 565 986 591 di-

200 616 297 639 catur:
315 609 365 637 Ubi
382 611 451 637 enim
465 611 608 637 abundauit
620 610 986 644 delictum,superabundavit

200 657 285 691 gratia
295 661 320 682 1.
335 656 516 689 Quamobrem
543 661 570 682 et
598 655 791 690 redemptionis
804 662 903 683 nostra:
924 663 986 690 per-

201 701 299 728 fectum
316 709 332 728 ιι
349 701 432 728 verbo
442 707 520 735 opus,
533 700 673 734 justitiam
689 700 749 732 Dei,
764 700 945 734 etjudicium,
960 705 989 728 et

200 747 411 774 misericordiam
428 754 505 773 sacra
531 746 674 781 Scriptura
700 746 829 780 prtedicat
847 755 854 773 :
872 746 988 781 utjusto

197 793 300 828 judicio
321 793 379 825 Dei,
400 794 445 828 qui
471 793 541 820 inter
568 793 716 820 rationales
739 798 881 820 creaturas
906 793 956 820 soli
972 800 988 820 e

200 839 257 866 luto
274 838 398 866 fabricati
413 838 547 871 sunt,soli
562 839 643 865 etiam
660 843 735 865 tanto
754 839 857 866 honore
871 844 898 866 et
915 839 987 866 inef-

201 885 277 912 fabili
289 885 476 912 misericordia
490 884 562 920 digni
579 884 664 912 habiti
678 885 743 912 sint.
757 884 898 912 Iudicabat
914 885 985 913 idem

201 935 228 957 et
244 938 292 964 per
307 929 405 957 Oseatu
421 930 514 958 dicens
531 939 538 957 :
563 930 698 964 Sponsabo
711 936 736 958 te
752 931 817 957 mihi
831 931 859 957 in
868 932 987 965 justitia,

202 976 230 1002 in
245 975 439 1008 misericordia,
452 980 475 1002 et
489 975 516 1002 in
527 975 736 1003 miserationibus
747 980 770 1003 ι.
786 975 857 1004 Mille
870 977 932 1004 item
942 977 987 1004 alii

200 1028 285 1048 sacrze
312 1020 460 1054 Scriptura
483 1019 535 1047 loci
555 1020 692 1054 clamant,
708 1021 742 1048 ob
767 1021 856 1048 carnis
880 1022 986 1049 vincula

200 1065 439 1093 commiseratione
468 1065 577 1100 dignum
605 1072 665 1093 esse
695 1066 816 1093 habitum
838 1066 986 1094 humanum

199 1118 295 1145 genus,
313 1115 340 1138 et
357 1118 406 1146 pro
422 1118 526 1138 annexa
542 1111 619 1138 nobis
633 1112 756 1144 materia,
771 1112 984 1140 incarnationem

196 1163 284 1188 suam,
297 1161 451 1191 caeteraque
466 1164 497 1183 ex
517 1164 550 1183 ea
564 1155 685 1190 profecta
698 1156 768 1184 bona
778 1158 897 1185 vicissim
912 1159 988 1187 nobis

197 1201 339 1228 Dominum
348 1201 481 1229 donasse:
496 1200 658 1229 Recardatus
668 1207 717 1234 est,
727 1203 814 1238 inquit
823 1203 914 1237 David,
928 1212 989 1240 quo-

198 1246 271 1273 niam
292 1245 376 1279 putris
386 1254 475 1273 sumtu
489 1250 510 1273 '.
527 1246 560 1273 Et
574 1255 581 1273 :
601 1246 733 1279 Quoniam
744 1256 896 1276 carosumus
912 1249 937 1277 ιτ.
957 1249 989 1277 Et

196 1289 246 1319 Job
263 1300 271 1318 :
289 1290 419 1318 Mentemo
439 1291 509 1325 quod
530 1292 597 1318 sicut
617 1292 700 1318 lutum
719 1292 812 1327 feceris
826 1302 866 1320 me
876 1299 901 1322 ο.

196 1338 263 1372 ἡμῖν
287 1338 427 1374 όΚυριος.
455 1337 607 1373 Ἐμνήσθη
632 1338 657 1355 ¹⁸
672 1339 746 1375 γὰρ,
774 1341 855 1376 φησὶν
881 1342 896 1368 ό
922 1341 1014 1375 Δασὶδ,

1039 247 1086 265 νον
1101 237 1149 265 καὶ
1161 237 1241 272 φόνον
1251 237 1272 252 ⁸⁸
1293 237 1356 268 τοὺς
1381 235 1491 267 ἀσεϐεῖς
1518 234 1701 270 διεκύμαινεν.
1724 232 1828 261 Ἦλθεν

1039 282 1087 311 οὖν
1097 285 1111 310 ό
1124 283 1218 319 Σωτὴρ
1233 283 1345 318 εἰρήνην
1358 281 1459 316 βαλεῖν,
1475 281 1535 315 ἥτις
1551 281 1685 316 σύμφωνα
1704 281 1737 314 τῇ
1750 280 1826 314 ψυχῇ

1039 330 1074 356 τὰ
1084 329 1132 356 τοῦ
1148 328 1275 364 σώματος
1293 327 1423 355 ἀποτελεῖ
1441 327 1487 353 καὶ
1503 326 1663 359 ὑποτάσσει,
1686 325 1716 352 τὸ
1736 327 1828 361 χεῖρον

1039 376 1096 407 τοῖς
1106 374 1153 401 τοῦ
1165 374 1319 409 κρείττονος
1329 373 1483 409 βουλήμασι
1495 373 1527 400 ’⁸.
1551 373 1606 399 Καὶ
1623 372 1744 408 παρέσχε
1760 372 1829 398 ταὺ-

1038 429 1100 456 την,
1112 421 1217 452 ἑνώσας
1231 421 1309 456 ἡμῶν
1322 422 1355 456 τῇ
1373 420 1517 447 στασιώδει
1533 419 1614 453 φύσει
1631 418 1681 453 τὴν
1698 419 1829 454 είρήναρο

1038 477 1087 505 χον
1107 468 1234 503 θεότητα,
1251 467 1336 494 Τοῦτο
1348 467 1435 494 δὲκαὶ
1462 468 1476 493 ό
1491 466 1635 496 θεσπέσιος
1657 465 1763 497 Παῦλος
1781 466 1829 492 ὲκ-

1038 515 1160 542 διδάσκει
1173 514 1270 548 λέγων,
1289 513 1324 540 Τὸ
1338 514 1358 529 ¹⁷
1375 513 1431 548 γὰρ
1441 512 1594 540 ἀδύνατον
1606 512 1660 539 τοῦ
1672 512 1778 546 νόμου,
1794 511 1830 538 ἐν

1038 558 1193 595 ᾧῆσθένει
1207 559 1256 586 διὰ
1270 559 1326 594 τῆς
1343 559 1469 592 σαρκὸς,
1499 560 1516 586 ό
1543 558 1616 591 Θεὸς
1641 557 1694 584 τὸν
1719 558 1830 585 ἑαυτοῦ

1043 607 1113 633 Υίὸν
1133 606 1254 640 πέμψας
1276 606 1311 631 ἐν
1343 606 1502 640 ὁμοιώματι
1533 605 1647 639 σαρκὸς
1671 605 1827 639 ἁμαρτίας,

1038 652 1086 679 καί
1102 651 1335 687 περίάμαρτιας,
1364 651 1520 685 κατέκρινε
1544 650 1602 685 τὴν
1618 650 1766 685 ἁμαρτίαν
1793 650 1830 676 ἐν

1038 701 1076 736 τῇ
1086 701 1188 735 σαρκί.
1209 700 1251 731 Ὧς
1265 700 1396 735 ἁρμόζειν
1409 699 1546 734 ὲπάὑτῆς
1560 699 1689 733 λέγεσθαι
1702 697 1743 730 τὸ,
1755 695 1796 725 Οὖ
1806 697 1829 714 ⁸⁸

1038 746 1288 782 τὰρὲπλεόνασεν
1300 746 1318 779 ἡ
1341 745 1478 779 ἁμαρτία,
1500 744 1828 779 ὑπερεπερίσσευσεν-η

1038 795 1058 828 ἡ
1076 793 1171 828 χάρις.
1188 793 1234 819 Διὸ
1251 792 1299 818 καὶ
1314 792 1363 827 τὴν
1374 791 1437 818 καθ’
1452 792 1525 826 ἡμᾶς
1546 791 1593 818 τοῦ
1609 791 1697 825 Λόγου
1719 792 1826 818 οἰκονο-

1041 839 1106 874 μίαν
1123 838 1299 872 δικαιοσύνην
1308 836 1376 864 Θεοῦ
1391 837 1437 863 καὶ
1452 837 1544 872 κρίσιν
1559 837 1606 863 καὶ
1621 836 1694 863 ἔλεον
1710 836 1741 863 τὺ
1755 836 1829 872 ἱερὸν

1038 884 1219 920 ἀνακηρύττει
1240 884 1369 919 Γράμμα,
1384 883 1422 915 ὡς
1448 883 1542 918 δικαίᾳ
1567 882 1658 918 κρίσει
1687 882 1734 909 τοῦ
1758 881 1828 909 Θεοῦ

1038 930 1136 966 μόνους
1150 930 1204 956 τῶν
1217 929 1335 963 λογικῶν
1351 928 1391 963 τῷ
1419 928 1497 963 πηλῷ
1525 927 1702 958 συνδεθέντας
1728 927 1829 962 μόνους

1036 975 1086 1002 καὶ
1097 974 1147 1009 τῆς
1154 974 1288 1009 τοσαύτης
1300 973 1452 1008 ἀξιωθῆναι
1464 971 1621 1007 φιλοτιμίας
1634 972 1681 999 καὶ
1689 971 1737 998 τοῦ
1747 973 1831 998 ἀνεκ-

1035 1021 1157 1056 φράστου
1169 1020 1273 1051 ἐλέους.
1289 1019 1400 1054 Ἐδήλου
1410 1018 1437 1045 δὲ
1446 1018 1493 1045 καὶ
1499 1018 1544 1044 διὰ
1550 1018 1597 1044 τοῦ
1612 1018 1693 1054 Ὠσηὲ
1701 1018 1735 1051 ³⁸,
1745 1019 1831 1052 Μνη-

1035 1066 1200 1101 στεύσομαί
1212 1074 1250 1093 σε
1256 1064 1374 1100 ἐμαυτῷ
1385 1065 1419 1097 “,
1428 1064 1525 1098 λέγων,
1538 1064 1574 1091 ἐν
1586 1063 1764 1097 δικαιοσύνῃ
1776 1063 1829 1090 καί

1038 1114 1073 1141 ἐν
1086 1114 1160 1145 ἐλέῳ
1191 1112 1241 1139 καὶ
1256 1110 1430 1146 οίκτιρμοῒς.
1458 1111 1513 1137 Καὶ
1535 1110 1627 1146 μυρίοι
1656 1109 1730 1144 λόγοι
1752 1108 1829 1136 ἄλλοι

1038 1160 1107 1195 ἱεροὶ
1116 1160 1139 1175 ¹²
1158 1157 1374 1193 διακεκράγασιν
1387 1157 1428 1184 ὅτι
1444 1156 1488 1183 διὰ
1499 1156 1554 1183 τῶν
1563 1155 1670 1191 δεσμῶν
1683 1156 1732 1190 τῆς
1760 1164 1830 1190 σαρ-

1037 1206 1085 1237 κὸς
1098 1204 1272 1240 συμπαθείας
1286 1203 1316 1230 τὸ
1329 1203 1500 1239 ἀνθρώπινον
1526 1202 1630 1238 ἠξιώθη
1661 1201 1752 1237 γένος,
1778 1201 1829 1228 καὶ

1037 1250 1098 1277 ἀντὶ
1116 1249 1218 1285 ταύτης
1237 1249 1286 1284 τῆς
1301 1248 1486 1284 συναφθείσης
1498 1248 1564 1284 ἡμῖν
1579 1247 1646 1282 ὕλης
1673 1247 1722 1282 τὴν
1747 1248 1828 1274 ἐναν-

1038 1296 1179 1332 θρὼπησιν
1194 1294 1277 1322 αὑτοῦ
1294 1294 1342 1322 καὶ
1350 1295 1384 1321 τὰ.
1395 1294 1428 1321 δι’
1439 1295 1524 1329 αὐτῆς
1534 1293 1624 1328 ἀγαθὰ
1632 1293 1830 1321 ἀνταπέὃωκεν

1035 1343 1081 1370 ὅτι
1104 1342 1179 1377 χοῦς
1207 1342 1312 1378 ἐσμεν,
1339 1341 1390 1370 καί
1421 1341 1500 1368 ὅτι⁹⁸
1526 1340 1606 1375 σάρξ
1635 1341 1749 1375 ἐσμεν·
1779 1337 1831 1366 καὶ

196 1384 259 1421 [536
278 1383 326 1420 H.]
342 1385 356 1411 ό
375 1383 435 1411 ’1ὼὸ
448 1385 483 1418 ’⁵,
499 1385 660 1421 Μνήσθητι
675 1386 720 1413 ὅτι
738 1387 838 1421 πηλόν
853 1396 892 1422 με
906 1387 1055 1423 ἔπλασας.

236 1440 357 1468 Alteram
371 1440 468 1468 deinde
485 1445 538 1468 tam
555 1441 661 1477 egregie
678 1442 796 1469 bumano
815 1445 906 1477 generi
923 1449 987 1478 pro-

1074 1442 1209 1478 Δευτέραν
1228 1441 1250 1470 δ’
1265 1442 1298 1469 ἄν
1314 1451 1357 1474 τις
1370 1442 1459 1469 αἰτίαν
1481 1440 1548 1476 φαίη
1563 1440 1613 1475 τῆς
1639 1440 1705 1476 περὶ
1733 1439 1764 1466 τδ
1781 1439 1831 1466 ἀνθ

197 1486 338 1522 spicientis
359 1493 430 1513 cura:
457 1486 527 1513 banc
553 1486 637 1514 fuisse
650 1494 760 1515 causam
779 1488 897 1520 dixeris,
913 1490 984 1523 quod

1037 1489 1173 1526 ορὼπινον
1187 1489 1321 1524 τοσαύτης
1336 1488 1478 1524 προνοίας,
1489 1488 1527 1519 ὡς
1535 1487 1583 1514 ἀπ’
1598 1487 1685 1522 ἀρχῆς
1709 1486 1724 1512 ό
1746 1487 1825 1514 Πλά-

198 1539 368 1567 nequaquam
392 1540 407 1558 a
429 1532 563 1568 principio
586 1532 717 1561 Conditor
743 1539 867 1561 naturam
889 1534 986 1568 perfe-

198 1584 281 1612 ctam,
306 1579 534 1614 quemadmodum
551 1579 664 1613 angelis,
680 1579 778 1616 205.!)
803 1580 840 1607 ita
858 1586 886 1608 et
899 1580 986 1608 homi-

202 1622 282 1650 nibus
299 1623 440 1655 tribuerit;
474 1624 521 1651 sed
544 1624 658 1651 modicis
683 1625 873 1660 progressibus
895 1626 984 1660 perfe-

198 1669 317 1696 ctionem
334 1668 442 1696 tandem
458 1669 587 1704 consequi
610 1669 735 1698 voluerit.
753 1670 934 1704 Quamobrem
957 1677 985 1699 et

196 1722 248 1748 pro
264 1714 375 1741 virtutis
393 1715 513 1749 praemio.
529 1720 557 1742 et
570 1722 620 1750 pro
640 1716 771 1743 molestiis
792 1716 912 1744 toleratis
925 1725 986 1752 per-

198 1760 343 1788 fectionem
359 1761 483 1795 rependit
500 1769 508 1788 :
526 1762 589 1796 quin
606 1766 633 1789 et
646 1762 766 1789 medium
782 1767 896 1790 mortem
914 1763 985 1790 inter

199 1811 281 1842 alque
300 1805 531 1834 immortalitatem
547 1808 634 1842 ipsum
649 1808 809 1840 constituit;
829 1809 985 1836 alterutrius

199 1854 317 1889 eligendi
344 1854 414 1882 facta
432 1859 584 1888 potestate;
600 1862 661 1882 cum
678 1855 787 1881 interim
804 1854 903 1888 angeli,
915 1859 942 1882 et
961 1855 982 1882 si

199 1901 262 1935 quid
273 1900 346 1929 aliud
358 1899 463 1927 ratione
476 1899 619 1934 praeditum
631 1904 657 1926 et
669 1901 856 1934 incorporeum
866 1898 983 1936 [uspiam

199 1945 318 1982 exsistit]
339 1953 372 1973 ex
401 1946 459 1980 ipso
480 1953 541 1973 mox
569 1950 630 1972 ortu
660 1950 764 1972 natum
790 1944 983 1979 perfectionem

200 1992 289 2026 adepti
307 1992 371 2019 sint.
389 1991 465 2019 Unde
485 1996 513 2018 et
532 1991 615 2018 David
638 1991 677 2018 ait
694 1999 700 2018 :
728 1990 852 2018 Potentes
877 1991 982 2024 virtute,

198 2036 322 2071 facientes
346 2036 450 2063 verbum
468 2035 539 2062 illius
551 2035 576 2067 ά,
595 2036 644 2063 hoc
664 2041 706 2063 est
723 2043 730 2064 :
750 2036 982 2069 Quemadmodum

198 2089 245 2109 uos
261 2082 327 2109 nihil
343 2082 526 2113 materiatura,
544 2081 582 2108 uti
608 2089 668 2113 nos,
683 2080 726 2108 vel
742 2081 869 2109 deorsum
887 2081 981 2115 trabit,

198 2127 240 2154 vel
255 2127 375 2162 impedit,
403 2128 440 2154 ita
463 2128 527 2159 cito,
545 2132 573 2154 et
595 2127 697 2163 absque
713 2135 788 2155 mora
803 2127 878 2163 jussa
898 2128 980 2161 perli-

196 2172 282 2199 ciunt.
296 2172 426 2207 Exigebal
439 2180 504 2207 ergo
517 2171 652 2200 ineffabile
668 2171 715 2200 Dei
731 2172 889 2208 iustumque
907 2173 980 2207 judi-

197 2218 281 2251 cium,
296 2222 326 2245 ut
349 2217 516 2253 imperfectis
539 2218 648 2252 quidem
665 2218 675 2253 (
691 2226 743 2253 quo
756 2223 877 2253 tempore
895 2219 980 2254 placi-

198 2266 253 2288 unu
276 2261 360 2296 esset)
388 2261 460 2296 quod
481 2263 576 2289 deerat
596 2262 746 2297 suppleret,
769 2269 837 2296 quos
861 2270 925 2291 vero
946 2263 981 2290 ab

195 2305 274 2334 initio
304 2308 439 2340 perfectos
469 2306 641 2339 reddidisset,
668 2314 721 2334 non
744 2307 825 2334 simili
851 2308 893 2335 bis
916 2315 981 2335 cura

195 2351 369 2386 provideret:
380 2353 427 2380 sed
437 2359 470 2379 ex
483 2352 609 2387 aequitate
617 2352 763 2386 judicaret.
775 2361 836 2380 cum
851 2354 900 2381 bos
916 2360 981 2381 con-

199 2402 290 2426 tentos
306 2398 360 2426 illis
375 2397 479 2435 [rebus]
492 2406 553 2426 esse
568 2397 679 2430 debere,
693 2406 762 2434 quas
778 2399 886 2433 ipsimet
901 2407 982 2427 occu-

196 2448 321 2478 passent,
337 2448 393 2471 tum
416 2445 470 2472 illis
486 2452 579 2472 earum
596 2451 687 2472 rerum
711 2444 834 2472 defectus
853 2446 981 2480 supplen-

196 2489 255 2522 dos,
271 2489 371 2524 quibus
384 2489 532 2525 aliquando
551 2490 650 2525 privati
681 2489 808 2517 fuissent.
835 2489 981 2518 Enimvero

195 2538 329 2568 quotquot
344 2542 376 2562 ex
392 2535 495 2570 angelis
510 2535 577 2569 lapsi
592 2539 664 2566 sunt,
682 2541 735 2561 non
758 2533 776 2561 ii
797 2535 910 2561 materia
937 2535 980 2562 di-

201 2579 330 2615 vellente,
352 2589 439 2616 neqtie
460 2589 542 2608 carne
565 2580 731 2613 retrahente,
755 2580 802 2606 sed
818 2581 932 2608 arbitrio
953 2581 979 2608 id

229 2634 242 2649 ι
257 2628 325 2656 Rom
340 2637 400 2661 xm,
414 2629 441 2656 5.
481 2633 494 2654 1
511 2629 590 2657 Rom.
611 2636 637 2661 v,
651 2628 697 2655 20.
737 2631 749 2645 ¹
769 2625 849 2655 Osee.
871 2636 902 2663 ιι,
926 2629 970 2657 19.

199 2662 214 2683 ἀ
229 2663 302 2691 Psal.
316 2671 363 2697 cn,
376 2664 421 2691 το.

1026 2634 1040 2649 ι
1058 2628 1132 2656 Psal.
1155 2636 1203 2662 cn,
1226 2630 1270 2657 M.

1037 1545 1102 1571 στης
1117 1535 1167 1562 οὐκ
1182 1535 1313 1569 αὐτοτελῆ
1337 1534 1387 1570 τὴν
1411 1534 1503 1569 φύσιν,
1526 1533 1653 1568 καθάπερ
1683 1533 1828 1567 ἀγγέλοις,

1035 1582 1161 1609 οὕτωκαὶ
1182 1582 1221 1617 τῷ
1236 1581 1400 1618 ἀνθρωπίνῳ
1409 1581 1483 1615 γένει
1499 1580 1663 1615 παρέσχετο,
1680 1579 1749 1606 ἀλλά
1765 1580 1832 1612 ταῖς

1037 1629 1109 1656 κατὰ
1125 1628 1224 1664 μικρὸν
1237 1628 1391 1663 προκοπαῖς
1409 1627 1455 1653 τοῦ
1471 1626 1576 1653 τελείου
1604 1626 1750 1661 τυγχάνειν
1779 1626 1830 1653 εὑ-

1034 1675 1164 1710 δόκησεν·
1179 1673 1220 1701 διδ
1232 1673 1279 1701 καὶ
1292 1674 1392 1709 ἀρετῆς
1407 1671 1489 1700 ἆθλον
1506 1673 1551 1699 καὶ
1563 1672 1748 1704 κακοπαθείας
1760 1673 1830 1700 ἀντ-

1035 1721 1146 1756 άμειψιν
1172 1721 1222 1755 τὴν
1245 1719 1400 1754 τελειότητα
1425 1719 1526 1746 δίδωσι.
1555 1717 1619 1755 [669
1637 1717 1682 1753 IL]
1708 1718 1764 1745 Καὶ
1791 1717 1830 1754 δὴ

1037 1768 1085 1794 καὶ
1104 1766 1185 1802 μέσον
1199 1765 1315 1793 θανάτου
1332 1765 1379 1791 καὶ
1390 1761 1541 1796 ἀθανασίας
1565 1764 1647 1790 αὑτὸν
1663 1764 1751 1797 ἔθετο,
1776 1765 1830 1799 τῆς

1036 1811 1105 1846 πρὸς
1118 1811 1249 1846 ἑκάτερον
1262 1810 1395 1846 αἱρέσεως
1409 1810 1551 1844 ἀναφήνας
1569 1809 1674 1845 κύριον.
1691 1810 1829 1844 Ἀγγελοι

1035 1856 1074 1890 δὲ,
1089 1857 1137 1883 καὶ
1150 1856 1177 1883 εῐ
1189 1865 1215 1882 τι
1230 1855 1294 1883 ἄλλο
1303 1856 1413 1890 λογικὸν
1438 1855 1485 1882 καὶ
1503 1854 1659 1890 ἀσώματον,
1679 1855 1710 1887 ἐξ
1739 1855 1830 1890 αὐτῆς

1036 1901 1150 1938 προόδου
1169 1901 1200 1928 τὸ
1220 1903 1250 1928 ὲν
1265 1903 1297 1937 τῇ
1315 1901 1396 1936 φύσει
1416 1901 1519 1928 τέλειον
1547 1901 1748 1936 ἐκληρώσαντο.
1779 1902 1830 1928 Διδ

1034 1948 1142 1975 stato”
1165 1947 1247 1974 Δαΰίδ
1272 1956 1351 1983 φησι,
1367 1947 1526 1975 Δυνατοι¹⁷
1555 1947 1643 1981 ἰσχύϊ
1665 1948 1829 1981 ποιοῦντες

1038 1991 1091 2018 τὸν
1106 1992 1201 2026 λόγον
1214 1991 1319 2025 αὐτοῦ,
1336 1991 1474 2018 τουτέστιν
1490 1990 1515 2018 οἳ
1530 1991 1553 2008 ’⁸
1574 1991 1668 2026 μηδενὶ
1689 1992 1744 2018 τῶν
1768 1992 1830 2018 ὑλι-

1035 2036 1103 2069 κῶν,
1121 2037 1246 2072 καθάπερ
1257 2037 1349 2072 ἡμεῖς,
1367 2036 1563 2072 καθελκόμενοί
1576 2046 1604 2063 τε
1631 2037 1677 2064 καὶ
1689 2039 1828 2072 συμποδι-

1034 2083 1154 2118 ζόμενοι,
1169 2082 1240 2109 οὕτω
1253 2083 1297 2110 διὰ
1312 2083 1418 2117 ταχέων
1446 2084 1494 2109 καὶ
1512 2082 1598 2118 χωρίς
1624 2091 1696 2114 τινος
1723 2083 1829 2119 μελλή-

1035 2137 1103 2161 σεως
1121 2124 1253 2164 πληροῦσι
1280 2128 1310 2154 τὸ
1337 2127 1526 2163 κελευόμενον.
1551 2128 1607 2163 Τῆς
1629 2127 1677 2155 οὖν
1700 2128 1828 2164 ἀρρήτου

1033 2172 1231 2207 δικαιοκρισίας
1246 2169 1279 2207 ἦν
1294 2171 1339 2198 τοῦ
1351 2171 1418 2198 Θεοῦ
1437 2174 1493 2204 τοῖς
1509 2171 1559 2207 μὲν
1571 2172 1692 2205 ἀτελέσι,
1710 2173 1773 2200 καθ’
1792 2173 1826 2200 ὃν

1033 2217 1180 2252 ἐδοκίμασε
1193 2216 1216 2232 ⁵⁹
1231 2216 1338 2252 καιρὸν,
1348 2217 1379 2243 τὸ
1389 2217 1480 2244 λεῖπον
1501 2218 1710 2254 ἀναπληρῶσαι,
1735 2217 1783 2250 οὓς
1801 2219 1828 2246 δ’

1014 2292 1021 2294 ν
1032 2263 1081 2290 ἀπ’
1095 2261 1184 2298 ἀρχῆς
1197 2262 1317 2294 τελείους
1337 2262 1485 2298 ὑπέστησε,
1504 2264 1542 2299 μὴ
1556 2263 1605 2299 τῆς
1629 2264 1726 2298 ὁμοίας
1753 2273 1828 2300 πριι-

1032 2308 1108 2340 νοίας
1122 2307 1248 2341 ἀξιῶσαι,
1263 2308 1331 2335 ἀλλὰ
1345 2310 1408 2340 τοὺς
1421 2309 1470 2344 μὲν
1493 2307 1533 2341 οἷς
1553 2310 1703 2345 προέλαϐον
1729 2310 1828 2346 ἀρκεῖ-

1034 2355 1107 2388 σθαι,
1121 2355 1183 2386 τοὺς
1206 2354 1234 2380 δὲ
1250 2351 1287 2381 ὧν
1316 2355 1504 2390 ἐστερήθησαν
1532 2355 1769 2391 ἀναπληρωθῆναι
1794 2358 1828 2385 τὸ

1033 2400 1176 2435 ὑστέρημα
1193 2400 1346 2427 δικαιῶσαι.
1363 2401 1416 2427 Καὶ
1429 2401 1482 2427 τῶν
1507 2401 1631 2436 ἀγγέλων
1644 2403 1672 2429 δὲ
1689 2403 1748 2429 ὅσοι
1775 2412 1827 2430 πε-

1035 2445 1189 2477 πτώκασιν,
1202 2446 1233 2473 οὐ
1241 2446 1291 2481 τῆς
1301 2446 1367 2482 ὕλης
1377 2447 1560 2483 κατασπώσης
1574 2448 1635 2475 οὐδὲ
1644 2448 1692 2475 τοῦ
1707 2450 1828 2485 σαρκίου

1035 2489 1224 2525 μεθέλκοντος,
1239 2491 1288 2526 τῆς
1308 2491 1496 2526 προαιρέσεως
1518 2491 1547 2518 δὲ
1575 2493 1605 2519 τὸ
1632 2492 1735 2528 φαῦλον
1762 2494 1827 2521 ἑλο-

1035 2535 1129 2571 μένης.
1142 2536 1191 2571 τῆς
1203 2537 1305 2568 οἰκείας
1327 2537 1406 2573 δόξης
1424 2538 1642 2574 κατηνέχθησαν.
1672 2539 1771 2575 Ἡμεῖς
1796 2541 1827 2567 δὲ

1033 2580 1081 2607 τοῦ
1096 2589 1126 2607 τε
1140 2581 1255 2617 σαρκίου
1270 2582 1438 2618 διοχλοῦντος
1460 2584 1507 2610 καὶ
1520 2585 1577 2611 τῶν
1596 2585 1704 2611 ἐκεῖθεν
1726 2587 1827 2613 παθῶν

1325 2630 1340 2651 ι’
1356 2629 1429 2659 Psal.
1445 2639 1550 2664 uxvn,
1566 2632 1611 2660 14.
1661 2637 1673 2652 ε
1687 2632 1740 2661 Job
1754 2643 1782 2667 x,
1795 2635 1827 2665 9.

827 2709 945 2738 VARle
962 2707 1168 2736 LECTIONES.

224 2759 247 2775 ”
259 2758 338 2793 φόνον
360 2759 380 2785 Α
393 2758 491 2792 εφόῦον
506 2767 536 2791 ς.
575 2756 598 2773 ¹⁶
613 2756 778 2792 βουλεύμασι
799 2767 829 2791 ς.

193 2794 350 2835 ριέσισξυσεν
362 2801 404 2828 pr.
483 2793 746 2835 ὑπερεπερίσσευσεν
764 2802 795 2825 ς.
832 2793 855 2809 ¹⁰

193 2827 256 2864 σίδη]
269 2828 341 2864 Psal.
358 2827 468 2864 τιὴ-14.
499 2827 591 2864 ν³ξγκοιὶΔ
604 2827 656 2864 ὅτι]
682 2827 751 2855 Psnl.
772 2835 856 2862 cxvn,
872 2829 917 2856 14.

193 2864 217 2880 ³³
238 2860 285 2898 ’ἰιῖ]
301 2863 364 2892 libri
389 2860 444 2890 οἷα.
482 2863 506 2879 ¹⁹
517 2860 663 2898 ἐδοκίμαζε
680 2871 711 2894 ς.

886 2758 906 2774 ³⁷
923 2755 953 2782 τὸ
967 2755 1021 2791 γὰρ

886 2791 961 2807 Α...λῖ
981 2799 998 2807 ι-

939 2791 1010 2842 sli":
1024 2791 1072 2832 ‘19.
1109 2791 1129 2806 “
1142 2791 1253 2826 ἐμαυτῷ
1266 2792 1286 2817 Α
1298 2801 1305 2819 :
1318 2792 1347 2818 ὲν
1358 2791 1431 2829 αῑτῷ
1445 2803 1474 2827 ς.
1513 2796 1536 2811 ¹¹
1553 2796 1626 2830 ἱερὸς
1641 2805 1673 2828 ς.
1704 2799 1727 2814 ¹¹
1738 2791 1814 2834 ἐμνήη

1006 2824 1070 2861 ιωσ]
1087 2833 1114 2859 x,
1132 2825 1158 2854 9.
1197 2827 1219 2843 ³⁸
1235 2827 1251 2853 ὁ
1278 2835 1334 2855 οιιι.
1353 2829 1386 2857 Α.
1425 2831 1447 2847 ’⁷
1472 2829 1596 2867 δυνατοὶ]
1621 2831 1694 2862 l’sal.
1710 2842 1760 2870 cn,
1775 2835 1814 2863 20

1024 2754 1033 2790 ἶ
1054 2755 1134 2782 Rom.
1158 2761 1218 2788 \‘lll,
1236 2757 1266 2784 5.
1305 2757 1327 2773 ¹⁸
1341 2754 1371 2784 οὗ

1415 2757 1494 2787 Rom.
1509 2766 1535 2791 ν,
1555 2760 1600 2788 20.

1109 2762 1218 2806 I‘thvttt,
1236 2762 1283 2806 ἕλ’.
1305 2762 1329 2806 ’ἒ
1341 2762 1387 2802 001
1414 2762 1494 2799 itam.
1509 2766 1535 2806 ξι
1553 2762 1605 2806 2οζ
1657 2762 1681 2779 ¹¹
1698 2763 1826 2799 ὑπερπε-

1142 2791 1253 2829 έμαυςιῷ
1266 2792 1286 2817 Α
1298 2801 1305 2819 :
1318 2792 1347 2818 ὲν
1358 2791 1431 2829 αῑτῷ
1445 2803 1474 2827 ς.

1513 2796 1536 2811 “
1553 2796 1673 2834 ἱεροῖς.
1704 2799 1727 2814 ¹¹
1738 2796 1827 2834 sint].
