1920 3090
80 157 134 193 817

613 163 876 194 BIBLIOTHECA.
895 176 930 181 -
944 163 1027 195 COD.
1041 164 1183 195 CCXXII.

1653 148 1721 196 sta"

81 219 368 254 ὑτογαργαλιζόντων,
381 220 450 256 πρὸς
466 221 500 248 τὰ
521 219 605 246 πλείω
621 221 676 246 τῶν
703 221 871 256 ἁμαρτημά-

933 222 1001 257 quod
1023 221 1121 248 malum
1138 226 1197 248 crat
1217 221 1343 257 eligentc,
1357 221 1391 249 de
1408 229 1456 249 sua
1472 221 1556 257 gloria
1572 221 1707 250 deturbati

81 273 134 292 των
153 264 184 290 οὗ
204 265 230 291 τι
246 274 277 299 γε
292 266 455 298 ἑκούσιοι,εἱ
472 267 520 293 καὶ
534 266 615 302 μὴτὸ
627 267 687 293 ὅλον
700 267 823 294 ἀκούσιοι
834 267 867 300 ³ο,

80 311 303 346 καταπίπτομεν.
318 312 373 339 Καὶ
388 313 442 348 γὰρ
457 312 487 339 τὸ
500 313 638 347 δαιμόνιον
661 312 755 347 φῦλον,
775 313 800 338 εί
823 313 871 339 καὶ

81 358 138 381 τοῖς
152 356 267 390 αῖμασιν
279 357 373 392 ἥδεται
387 358 433 384 καὶ
448 359 505 389 τοῖς
523 357 566 384 διὰ
591 358 692 393 σαρκὸς
706 358 797 392 χαίρει
818 358 872 384 πά-

82 400 169 432 θεσιν,
186 401 245 427 ἀλλ’
264 399 311 428 οὖν
336 402 411 428 οὐδὲν
427 402 530 429 τούτων
556 403 587 429 οὐ
606 402 686 438 μόνον
710 403 872 439 αὐτουργεῖν

82 446 163 480 φύσιν
178 447 228 473 οὐκ
242 447 349 482 ἔλαχεν,
365 448 423 474 ἀλλ’
436 448 490 474 οὐδ’
505 448 596 474 αἰτίαν
610 448 716 474 οἴκοθεν
734 447 791 483 ἔχει
802 448 871 483 πρὸς

80 491 98 518 ἃ
111 492 151 528 μὴ
165 492 246 527 Θέμις
267 493 468 528 ὑποσύρουσαν.
482 492 553 520 Οὔτε
569 494 625 528 γὰρ
639 493 716 527 ξίφος
743 493 810 520 ὼθεί
826 494 872 520 διὰ

80 539 131 573 τῆς
147 538 240 571 δεξιᾶς
263 538 332 574 πρὸς
348 539 398 574 τὴν
424 540 543 575 σφαγὴν.
572 539 635 566 οὔτε
658 539 763 575 γάμους
790 540 873 572 αὐτὸς

80 585 230 620 ὀμιλῶντῇ
258 586 396 621 μοιχαλίδι
421 586 484 617 τοὺς
506 586 694 622 ἀνθρωπίνους
716 585 871 621 διορύσσει·

81 630 140 657 ἁλλ’
157 630 220 657 οὐδὲ
236 631 321 666 θυμὸς
337 631 418 658 αὑτὸν
434 632 559 663 κολάζειν
586 632 710 667 ἀδίκημα
734 633 804 668 πρὸς
822 633 873 668 τὴν

82 678 195 712 σφαγὴν
208 678 334 710 συνωθεῖ,
352 678 383 704 οὐ
397 678 450 713 μὴν
473 679 534 705 οὐδὲ
553 680 714 714 σωματικῆς
729 679 800 714 ἔρως
825 679 872 714 μί-

80 721 162 754 ξεως.
191 722 288 758 Ἡμεῖς
304 723 332 749 δὲ
344 723 475 755 πολλάκις
489 724 536 751 καὶ
551 721 588 751 ὧν
618 724 668 760 τὴν
690 724 795 760 αἰρεσιν
812 725 874 759 βδε-

79 768 248 803 λυττόμεθα,
276 770 310 804 τῇ
328 770 398 805 ῥοπῇ
428 770 479 805 τῆς
502 769 568 804 ὕλης
583 770 741 806 νικηθέντες
757 770 873 806 ἐργαζό-

80 813 167 850 μεθα,
186 815 234 841 καὶ
242 815 329 851 βραχύ
345 825 370 843 τι
388 816 456 852 πρὸς
468 816 513 843 τὸν
530 815 578 843 τοῦ
594 818 690 852 νήφειν
701 817 778 844 τόνον
791 817 874 844 ὑπεν-

79 861 176 892 δὸγτες
204 862 259 893 τοῖς
287 861 402 889 πάθεσιν
429 862 690 898 ἁνδραποδιζόμεθα.
716 863 798 890 Ὂθεν
827 864 874 890 καὶ

81 907 193 939 Παῦλος
203 907 280 940 ἐϐόα,
299 906 373 934 Οἶδα
384 908 406 923 ³⁸
421 908 466 935 ὅτι
478 896 537 936 οὐκ
563 896 640 935 οἰκεῖ
656 909 691 935 ἐν
704 908 779 944 ἐμοὺς
793 918 872 936 τουτο
888 896 911 927 Β

80 953 160 980 ἐστιν
172 954 203 980 ἐν
216 955 250 989 τῇ
267 954 353 989 σαρκί
367 963 430 989 μου,
443 949 479 981 τὸ
500 955 613 989 ἀγαθόν
624 963 633 972 ο
660 955 692 982 τὸ
709 955 764 990 τὰρ
776 955 876 983 θέλειν

79 1000 262 1034 παράκειται
266 1009 328 1035 μοι,
337 1001 384 1027 καὶ
395 1001 459 1035 ἑξῆς
470 1008 476 1016 ·
491 1001 539 1028 καὶ
548 1001 641 1034 πάλιν,
654 1002 695 1028 Οὐ
704 1002 759 1037 γὰρ
769 1002 785 1029 ὃ
800 1002 876 1030 θέλω

78 1046 160 1074 ποιῶ
186 1047 311 1081 ἀγαθὸν,
328 1047 398 1074 ἀλλ’
417 1047 433 1074 ὃ
456 1048 493 1075 οὐ
507 1047 594 1080 θέλω,
615 1047 703 1074 τοῦτο
731 1048 874 1082 πράσσω.

79 1093 208 1125 Εἰκότως
221 1091 269 1120 οὖν
280 1093 329 1120 καὶ
343 1093 430 1120 πλείω
444 1093 499 1119 τῶν
508 1094 666 1129 δαιμονίων,
677 1095 770 1129 φησὶν,
787 1095 877 1130 ἁμαρ-

80 1139 213 1170 τάνοντες
226 1159 234 1172 ,
253 1137 421 1174 συγγνώμης
434 1140 513 1175 ἡμεῖς
532 1139 590 1166 ἀλλ’
606 1140 657 1166 οὐκ
667 1140 766 1167 ὲκεῖνοι
776 1141 878 1176 ἰυγχά.⁹

81 1193 192 1212 νουσιν.

123 1318 189 1344 Ἔτι
204 1317 232 1344 δὲ
247 1318 303 1344 οὐδ’
316 1318 393 1350 εἴτις
409 1317 478 1353 δοίη,
488 1319 567 1354 φησὶ,
580 1318 661 1354 φύσιν
674 1319 798 1354 ἀγγέλων
812 1319 878 1346 ἀνα-

81 1363 181 1390 λαὸεῖν
192 1364 239 1390 τὸν
254 1364 332 1399 ήμῶν
343 1365 458 1400 Σωτῆρα
478 1366 526 1392 καὶ
543 1366 694 1401 Λυτρωτὴν
710 1365 758 1392 ἐπὶ
767 1367 801 1401 τῇ
815 1366 879 1392 τού-

82 1418 141 1436 των
150 1410 287 1445 σωτηρίᾳ,
299 1409 375 1437 οὐδὲν
394 1411 427 1437 ἂν
443 1411 538 1447 κέρδος
555 1412 588 1438 ἐκ
602 1412 652 1447 τῆς
668 1412 815 1446 συναφείας
830 1412 880 1439 αὺ-

83 1457 143 1487 τοῖς
158 1457 280 1491 ἁπήντα.
299 1456 420 1492 Ἀνάγκη
436 1457 486 1492 μὲν
502 1458 557 1493 γὰρ
573 1457 623 1484 οὐκ
646 1457 679 1484 ἂν
694 1458 794 1489 αὐτοὺς
813 1467 880 1493 μετ-

82 1499 166 1534 ῆγεν,
179 1499 274 1532 ὥσπερ
285 1498 346 1525 οὐδὲ
357 1500 419 1530 τοὺς
428 1500 600 1534 ἀνθρώπους,
612 1500 666 1526 ἀπὸ
677 1499 724 1527 τοῦ
734 1500 881 1536 πτώματος

85 1547 137 1572 ἐπὶ
157 1546 189 1572 τὸ
204 1546 346 1581 κρεῖττον·
373 1545 420 1572 τὸν
444 1545 472 1572 δὲ
488 1545 600 1581 Θεοφιλή
624 1546 671 1573 καὶ
686 1546 798 1582 ἄριστον
823 1547 880 1582 βίον

83 1591 191 1627 πρᾶξις
205 1591 307 1627 ἀρίστη
320 1591 368 1617 καὶ
381 1591 473 1622 νεῦσις
487 1593 528 1623 είς
542 1592 620 1622 Θεὸν.
639 1592 707 1627 ὅπερ
721 1592 779 1618 ἐστὶ
790 1592 880 1624 πίστις

83 1638 271 1673 ἀκηλίδωτος,
290 1637 501 1670 κατασκευάζει,
518 1634 555 1664 ὧν
571 1639 638 1673 ἡμῖν
657 1637 806 1673 εἰσηγητὴς
832 1637 880 1664 καὶ

83 1685 254 1716 διδάσκαλος
265 1685 280 1710 ὁ
296 1684 451 1720 σαρκωθεὶς
469 1684 639 1719 ἐχρημάτισε
658 1684 756 1717 Λόγος.
772 1683 882 1710 Τούτων

84 1731 115 1757 δὲ
129 1730 278 1765 οὐδέτερον
293 1729 361 1764 πρὸς
378 1728 683 1765 [55711.],ὂιδασκαλίαν
698 1730 746 1755 καὶ
765 1728 884 1764 μάθησιν

86 1778 216 1813 (ᾔδεισαν
231 1777 285 1812 γὰρ
303 1776 397 1810 σαφῶς
411 1775 552 1811 ἑκάτερον)
566 1775 606 1811 τῷ
620 1775 674 1802 τῶν
685 1775 807 1810 ἀγγέλων
817 1783 881 1802 συν-

85 1825 180 1851 ετέλει
208 1824 301 1857 γένει·
317 1822 348 1854 ἐξ
360 1822 445 1857 αὐτῆς
459 1822 513 1857 γὰρ
529 1822 699 1857 παραγωγῆς
716 1823 765 1857 τὴν
779 1822 884 1850 τούτων

85 1870 166 1905 εἶχον
177 1870 291 1904 γνῶσιν.
305 1871 344 1896 Οὐ
359 1871 425 1906 γὰρ,
448 1870 542 1905 ὥσπερ
558 1871 648 1906 ἡμεῖς,
674 1870 728 1897 τῶν
753 1871 883 1898 τοιούτων

86 1916 201 1947 suaet;
216 1916 246 1942 τὸ
273 1915 430 1951 ἀσώματον.
449 1917 504 1943 Καὶ
531 1916 585 1951 γὰρ
614 1916 661 1942 καὶ
685 1916 732 1943 τὸν
756 1917 821 1943 Υῑδν
837 1917 884 1943 τοῦ

86 1961 162 1988 Θεοῦ
178 1961 264 1996 σαρκὶ
279 1961 401 1996 παρόντα
416 1961 543 1996 δαίμονες
551 1962 748 1996 ἐπεγίνωσκον,
763 1964 811 1989 καὶ
822 1971 884 1998 κρι-

86 2009 141 2042 τὴν
161 2008 211 2034 καὶ
227 2007 394 2042 βασανιστὴν
406 2009 453 2034 καὶ
469 2008 608 2043 Δεσπότην
621 2009 815 2044 ἀνεκήρυττον.
832 2009 887 2035 Καὶ

86 2053 122 2079 τὸ
133 2053 210 2087 ἱερὸν
221 2053 341 2088 Γράμμα
356 2054 492 2090 μαρτυρεῖ
501 2053 590 2087 λέγον,
599 2053 640 2080 Σὺ
651 2054 673 2069 ³¹
681 2054 831 2086 πιστεύεις
843 2053 889 2080 ὅτι

89 2099 169 2131 Sed;
179 2098 257 2129 ἐστι,
268 2099 318 2125 καὶ
330 2099 365 2125 τὰ
380 2098 518 2133 δαιμόνια
530 2099 710 2125 πιστεύουσι
737 2098 787 2125 καὶ
801 2099 889 2132 φρίσ-

87 2151 190 2170 σουσι
200 2150 208 2159 ·
229 2142 294 2179 [652
311 2143 358 2180 R.]
372 2144 420 2171 καὶ
430 2144 560 2180 ἀλλαχοῦ,
579 2144 634 2171 Τὸν
642 2144 703 2179 μὲν
717 2144 738 2160 ³³
759 2144 889 2178 Χριστὸν

88 2188 176 2223 οἶδα,
192 2190 244 2216 καὶ
257 2190 311 2217 τὸν
328 2190 454 2217 Παῦλον
463 2191 627 2225 ἐπίσταμαι
637 2199 644 2205 ·
667 2190 708 2217 σὺ
724 2189 759 2216 δὲ
780 2191 828 2223 τίς
842 2187 870 2216 sl
879 2197 889 2221 ;

921 274 994 296 sunt.
1010 268 1065 296 Nos
1078 273 1174 296 contra
1186 274 1213 295 ct
1224 275 1306 296 carne
1320 268 1533 300 interturbante,
1549 273 1577 295 et
1589 269 1661 295 natis
1675 276 1708 296 cl

921 321 953 342 ea
965 314 1156 342 aﬂectionihus
1168 313 1349 345 titillantibus.
1359 314 1393 340 ad
1406 314 1535 348 pleraque
1545 314 1642 341 delicta
1655 321 1708 340 non

922 366 1018 395 sponte
1034 361 1167 393 volentes.
1183 360 1230 388 sed
1248 368 1297 387 nec
1312 359 1424 387 omnino
1438 360 1527 392 inviti,
1544 360 1707 387 delabimur.

923 408 1080 435 Daemonum
1103 407 1176 434 enim
1197 414 1294 442 genus,
1317 406 1428 433 tametsi
1444 406 1578 441 sanguine
1591 404 1708 432 delecte-

923 458 978 486 tur.
999 457 1027 480 et
1049 453 1155 480 carneis
1182 452 1297 487 gaudeat
1320 451 1522 484 aﬂ‘ectiouibns,
1554 458 1606 478 non
1629 450 1709 477 modo

924 505 1014 527 tamen
1029 507 1089 526 eam
1112 505 1238 527 naturam
1253 506 1310 526 non
1322 498 1436 532 accepit,
1454 502 1484 524 ut.
1499 497 1645 530 quidquam
1660 495 1708 522 ho-

923 553 983 573 rmn
998 545 1130 580 perlicere
1141 552 1191 579 per
1207 551 1237 572 se
1250 544 1346 579 possit,
1363 545 1412 570 sed
1430 548 1517 575 neque
1537 540 1618 566 ullam
1632 547 1665 566 ex
1679 547 1709 566 se

924 592 1140 626 proﬁciscentem
1155 598 1266 618 causam
1283 590 1365 617 habet
1384 596 1445 623 qua:
1461 589 1494 614 ad
1510 587 1586 614 nefas
1606 586 1707 614 trahat.

923 633 1016 672 Neque
1031 637 1104 664 enim
1118 637 1238 672 gladium
1255 635 1352 664 dextra
1367 635 1458 662 vibrat
1480 633 1512 660 ιιι]
1528 632 1640 664 ctedem,
1661 639 1709 658 ne-

924 692 976 720 que
1000 683 1107 719 nuptias
1132 683 1264 710 humanas
1291 689 1354 709 cum
1378 681 1500 708 adultera
1527 683 1710 706 consuescens

924 730 1018 758 violat.
1047 729 1100 758 Sed
1125 736 1177 756 nec
1188 727 1329 755 iracundia
1349 727 1439 762 ipsttm
1455 725 1579 760 impellit,
1591 724 1663 751 caede
1681 728 1711 749 ut

925 780 1065 810 acceptam
1092 774 1220 809 iniuriam
1236 773 1367 805 vindicet,
1377 779 1465 806 neque
1480 777 1618 804 corporea:
1634 776 1711 796 com-

925 822 1061 849 mistionis
1084 828 1172 848 amor.
1184 819 1240 847 Nos
1264 826 1330 846 vero
1344 826 1428 853 sape,
1449 817 1571 844 materiae
1594 815 1712 851 pondere

927 868 1042 900 incitati,
1056 874 1088 894 ea
1113 873 1223 901 quoque
1244 868 1443 900 perpetramus,
1467 869 1527 897 quae
1547 866 1643 896 sponte
1664 860 1712 887 tle-

930 919 1059 941 testemur
1071 912 1186 947 eligere,
1200 916 1282 946 atque
1298 911 1331 937 ad
1348 910 1430 938 breve
1447 909 1593 936 admodum
1608 911 1713 940 tempus

925 958 1081 988 sobrietatis
1101 957 1267 985 contentioni
1288 956 1427 987 cedentes,
1456 961 1552 981 rursus
1578 952 1613 979 ab
1645 951 1712 978 ail'e-

925 1005 1015 1033 ctibus
1025 1004 1124 1031 nostris
1135 1003 1234 1037 captivi
1244 1002 1413 1029 abducimur.
1425 999 1501 1028 Unth
1512 1003 1538 1025 et
1550 998 1649 1025 Paulus
1658 996 1699 1024 cla
1710 1011 1712 1013 -

926 1048 1026 1076 mabat.
1043 1047 1105 1074 Scia
1131 1047 1197 1082 quia
1225 1054 1279 1073 non
1305 1045 1406 1071 habitat
1430 1044 1459 1070 in
1482 1051 1532 1074 me,
1552 1043 1600 1068 hoc
1617 1046 1666 1072 est,
1684 1041 1711 1066 in

926 1102 1004 1121 carne
1015 1102 1082 1125 mea,
1097 1092 1202 1120 bonum.
1220 1091 1292 1118 Nam
1306 1091 1369 1118 velle
1382 1090 1486 1125 adjacet
1507 1089 1598 1121 mihie,
1610 1092 1637 1114 et
1652 1093 1713 1121 qua:

928 1145 1103 1174 sequuntur:
1124 1139 1298 1172 iterumque:
1316 1136 1378 1164 Non
1404 1135 1473 1163 enim
1496 1134 1566 1169 quod
1585 1133 1643 1160 ιισιο
1667 1132 1712 1158 bo-

927 1196 1001 1219 num,
1019 1187 1067 1214 hoc
1089 1186 1172 1221 furia,
1193 1185 1238 1211 sed
1257 1183 1327 1219 quod
1347 1182 1407 1210 nolo
1423 1180 1548 1218 [malum]
1566 1180 1614 1206 hoc
1629 1187 1677 1214 ago
1689 1178 1712 1205 ί.

928 1233 1024 1261 Merito
1048 1233 1139 1268 igitur,
1165 1231 1218 1259 etsi
1241 1230 1318 1265 plura
1343 1236 1425 1264 quam
1449 1227 1597 1257 daemones,
1615 1224 1713 1259 inquit,

928 1285 1082 1314 peccemus,
1108 1283 1165 1303 nos
1188 1276 1296 1303 veniam
1323 1279 1542 1308 consequemur,
1566 1278 1621 1298 non
1651 1268 1714 1304 ipsi.

963 1322 1087 1357 Amplius
1096 1328 1173 1354 vero,
1183 1326 1272 1354 neque
1289 1319 1313 1346 si
1333 1317 1501 1346 concesserit
1513 1315 1659 1350 quispiam,
1675 1313 1716 1340 in-

929 1370 998 1405 quit,
1025 1367 1124 1403 205a
1141 1371 1263 1394 nostrum
1279 1364 1449 1392 Salvatorem
1463 1369 1494 1390 ac
1506 1361 1716 1394 Redemptoretn

931 1415 1088 1450 angelorum
1103 1417 1228 1440 naturam
1247 1418 1298 1445 pro
1317 1410 1425 1437 illorum
1444 1408 1532 1436 salute
1553 1405 1718 1440 suscepisse.

931 1461 1106 1489 commodum
1124 1459 1190 1494 ipsis
1209 1458 1293 1486 ullum
1317 1464 1348 1484 ex
1366 1456 1417 1483 hac
1435 1453 1565 1481 aﬁinitate
1580 1450 1717 1479 obveniat.

932 1507 991 1535 Non
1014 1507 1089 1534 enim
1111 1505 1261 1532 necessitas
1283 1503 1370 1537 ipsos,
1393 1504 1423 1527 ut
1439 1507 1527 1534 neque
1547 1497 1685 1528 homines,
1704 1503 1719 1522 a

933 1555 1009 1588 lapsu
1026 1553 1060 1580 ad
1081 1551 1221 1579 meliorem
1245 1553 1347 1577 statum
1362 1547 1509 1575 transferat
1525 1552 1534 1572 :
1554 1544 1602 1572 sed
1616 1543 1717 1578 optima

932 1607 1045 1637 qumque
1059 1598 1190 1634 operatio,
1201 1600 1282 1631 atque
1295 1600 1446 1630 propensus
1457 1593 1485 1620 in
1499 1593 1582 1619 Deum
1599 1590 1718 1620 animus,

933 1648 1005 1682 quod
1021 1650 1063 1673 est
1079 1645 1147 1672 lides
1164 1642 1349 1674 immaculata,
1364 1644 1468 1675 gratam
1488 1639 1542 1666 Deo
1558 1637 1642 1664 vitam
1657 1642 1721 1670 pro-

934 1694 1051 1727 bamque
1079 1690 1171 1722 eiiicil,
1202 1695 1318 1723 quorum
1345 1685 1504 1721 nobisgdux
1523 1688 1552 1711 et
1570 1686 1721 1718 praeceptor

934 1738 1054 1768 Verbum
1075 1737 1251 1764 incarnatum
1273 1733 1335 1765 fuit,
1351 1739 1412 1759 cum
1432 1737 1527 1758 eorum
1549 1733 1639 1756 tamen
1651 1733 1722 1754 neu-

936 1791 1009 1813 trum
1027 1784 1061 1811 ad
1080 1782 1194 1818 angelici
1213 1780 1321 1815 generis
1335 1778 1389 1814 (cui
1407 1777 1465 1804 iure
1482 1777 1538 1811 ipsa
1557 1774 1624 1802 satis
1643 1777 1723 1800 erant

934 1828 1055 1865 cognita)
1081 1826 1289 1854 instructionem
1316 1827 1398 1857 atque
1420 1820 1573 1848 doctrinam
1587 1818 1724 1845 conduce-

936 1862 993 1909 ret;
1009 1862 1055 1908 qui
1071 1873 1104 1900 ab
1127 1872 1184 1906 ipsa
1207 1870 1248 1898 sui
1265 1867 1445 1903 productione
1466 1866 1561 1892 horum
1579 1862 1723 1892 scientiam

937 1921 1106 1949 habuissent.
1120 1917 1212 1951 Neque
1225 1916 1310 1947 enim,
1328 1915 1365 1948 ut;
1378 1921 1437 1945 nos,
1453 1912 1551 1940 talibus
1568 1909 1724 1944 incorporei

938 1967 1070 2001 indigent.
1085 1962 1194 1991 Etenim
1211 1961 1258 1989 Dei
1282 1960 1380 1987 Filium
1404 1959 1431 1986 in
1455 1965 1538 1986 carne
1561 1960 1725 1991 prtesentem

937 2014 1072 2040 dannones
1082 2008 1279 2045 agnoscebant,
1294 2011 1322 2034 et
1339 2005 1458 2041 iudicem
1472 2011 1533 2032 eum
1554 2009 1664 2038 pcenam
1685 2001 1727 2027 in-

938 2060 1080 2089 ierentem,
1093 2064 1126 2084 ac
1137 2055 1281 2084 Dominum
1296 2052 1513 2088 praedicabantl.
1527 2050 1561 2078 Et
1576 2056 1661 2077 sacrae
1675 2049 1726 2075 boc

944 2109 1051 2132 testata:
1064 2103 1172 2130 Littera:
1187 2102 1263 2128 aittnt
1279 2109 1287 2128 :
1302 2099 1341 2126 Τιι
1360 2098 1445 2126 credis
1455 2097 1577 2133 quoniam
1595 2095 1664 2122 Deus
1677 2098 1726 2126 est,

939 2151 1017 2178 etiam
1030 2151 1163 2176 daemones
1186 2146 1307 2179 credunt,
1324 2149 1349 2172 et
1364 2139 1599 2171 contremiscunt“.
1612 2141 1728 2167 lterum-

941 2203 993 2231 que
1009 2195 1071 2221 alibi
1085 2194 1193 2221 :Jeutm
1206 2193 1274 2225 navi,
1294 2196 1318 2218 et
1336 2189 1451 2217 Paulum
1461 2189 1535 2216 scio:
1550 2193 1577 2214 tu
1593 2194 1652 2214 vero
1670 2185 1729 2221 quis

88 2236 123 2268 ἐξ
138 2233 180 2262 ὧν
196 2236 278 2270 δῆλον
293 2236 336 2262 ὅτι
347 2236 378 2262 τὺ
394 2236 534 2271 δαιμόνιον
548 2236 632 2270 φῦλον
649 2236 679 2262 οὐ
694 2236 774 2270 μόνον
786 2235 844 2270 ᾔδει
858 2244 873 2261 τ

942 2241 1003 2268 esi?
1016 2240 1094 2268 Unde
1111 2239 1179 2266 satis
1196 2243 1282 2272 patet,
1301 2236 1452 2263 dmmonum
1465 2234 1601 2261 nationem
1618 2239 1671 2259 non
1687 2238 1731 2258 so-

88 2283 140 2308 τὸν
158 2282 228 2309 Θεὸν
239 2283 287 2309 καὶ
307 2282 435 2308 ἐδεδοίκει
459 2283 507 2309 καὶ
521 2282 627 2315 ἕσεΰεν,
656 2282 725 2309 ἀλλὰ
750 2282 797 2309 καὶ
825 2283 889 2314 τοὺς

88 2329 208 2357 ἐκείνου
224 2329 354 2364 γνησίους
371 2328 557 2363 θεραπευτάς.

128 2374 232 2402 Δίτίαν
248 2374 277 2400 δὲ
291 2374 340 2409 cf};
359 2374 464 2409 ἀφάτου
490 2373 697 2409 φιλανθρωπίας
723 2372 891 2399 ἔπισὺναπτε

89 2421 146 2447 καὶ
172 2419 287 2455 ταύτην.
306 2419 387 2454 Ἡμῖν
415 2419 464 2455 μὲν
490 2419 594 2453 ἀνοίγει
616 2418 662 2445 τὸν
675 2419 790 2453 οὐρανὸν
815 2416 892 2444 οὔπω

89 2466 231 2501 γεγονότα
246 2465 328 2500 βατὸν
343 2465 403 2491 οὐδὲ
419 2464 530 2492 θεατὸν·
545 2465 574 2495 ὃς
591 2465 639 2490 καὶ
659 2463 791 2499 οὐρανῶν,
802 2461 890 2498 οἶμαι,

91 2511 227 2547 βασιλεία
244 2510 491 2545 προσαγορεύεται.
509 2510 586 2537 Κατὰ
600 2512 655 2545 γὰρ
671 2510 717 2536 τὸν
730 2510 801 2536 θεῖον
817 2510 892 2536 Παῦ-

91 2559 156 2589 λον,
168 2557 377 2584 Ἐνεκαίνισεν
383 2556 407 2572 ³⁵
419 2556 493 2590 ἡμῖν
507 2556 580 2583 ὁδὸν
591 2555 769 2590 πρόσφατον
783 2555 832 2582 καὶ
842 2555 893 2585 ζῶ-

92 2612 165 2631 σαν
176 2612 183 2618 '
208 2603 265 2636 καὶ,
284 2605 346 2630 Οὐκ
356 2603 378 2618 ³⁵
393 2603 436 2635 εἰς
457 2603 646 2637 χειροποίητα
659 2602 728 2637 ἅγια
739 2601 893 2636 εἰσῆλθεν,

92 2649 173 2676 ἀλλ’
188 2650 233 2681 εἰς
245 2649 341 2675 αὑτὸν
365 2649 420 2675 τὸν
436 2649 577 2682 οὐρανὸν.
600 2649 660 2676 νῦν
673 2648 896 2684 ἐμφανισθῆναι

945 2289 999 2316 lum
1013 2288 1085 2316 scire
1100 2286 1196 2317 Deum,
1209 2291 1327 2318 eumque
1341 2287 1471 2313 metuere.
1488 2285 1516 2309 et
1529 2278 1665 2311 venerari,
1681 2277 1731 2306 sed

944 2340 971 2362 ct
986 2339 1130 2369 germanos
1148 2331 1208 2365 ejus
1228 2330 1358 2357 cultores.

980 2381 1066 2408 Porro
1083 2378 1229 2406 ineli'ubilis
1250 2377 1275 2404 in
1293 2375 1418 2403 homines
1437 2373 1539 2401 amoris
1554 2371 1602 2399 Dei
1619 2377 1733 2398 causam

945 2433 973 2454 et
989 2426 1060 2453 hanc
1072 2423 1205 2458 adjungit.
1229 2421 1313 2448 Nobis
1325 2418 1438 2456 [inquit]
1456 2419 1627 2445 inaccessum
1639 2421 1732 2446 antea,

947 2471 1103 2505 neminique
1116 2469 1204 2496 adhuc
1218 2467 1305 2494 visum
1318 2466 1417 2493 malum
1431 2463 1514 2499 (quod
1526 2463 1654 2490 cwlarum
1669 2465 1733 2496 pulo

948 2523 1055 2550 regnum
1077 2513 1204 2549 appellat)
1228 2511 1327 2547 aperit.
1351 2510 1418 2537 Nam
1447 2509 1595 2536 secundum
1625 2507 1733 2534 beatum

949 2562 1061 2590 Paulum
1077 2570 1084 2587 ε
1101 2559 1221 2587 Ιιιίιὶιιυὶι
1238 2557 1313 2584 nobis
1329 2556 1397 2583 viam
1408 2563 1513 2586 novam.
1531 2559 1555 2581 et
1575 2555 1699 2581 virentem
1712 2551 1733 2578 1.

949 2608 983 2633 Et
997 2615 1004 2632 ε
1023 2605 1082 2632 Non
1096 2606 1123 2631 in
1134 2603 1287 2636 manufncla
1297 2605 1388 2628 sancta
1403 2600 1536 2633 introivit,
1549 2599 1594 2625 sed
1606 2599 1633 2624 in
1649 2597 1733 2631 ipsum

950 2652 1054 2684 cretum,
1064 2655 1092 2677 ut
1104 2653 1230 2685 appareat
1243 2655 1311 2674 nunc
1324 2645 1408 2673 vultui
1423 2644 1470 2672 Dei
1487 2652 1534 2679 pro
1557 2643 1630 2670 nobis
1641 2642 1666 2669 ιι.
1682 2641 1734 2668 Et:

140 2712 155 2726 ε
170 2706 248 2733 Rom.
266 2706 372 2738 vu,i8.
407 2706 545 2734 fibitlJ‘J.
577 2705 818 2739 5Matth.vm,29.
849 2706 874 2734 ιι.

943 2709 1026 2742 ιι,19.
1050 2709 1058 2728 ί
1073 2708 1133 2736 Act.
1143 2705 1255 2740 ιιχ,]5.
1291 2704 1298 2730 i
1316 2701 1490 2735 llcbr.x,20.
1523 2701 1534 2720 ¹ι
1545 2699 1626 2728 Hebr.
1639 2707 1678 2732 ll,
1691 2698 1727 2726 24

746 2787 866 2816 VARUS
884 2787 1089 2816 LECTIONES.

143 2852 170 2869 ³⁸
182 2852 309 2879 ἀκούσιον
327 2860 359 2887 ςἶ
384 2851 416 2887 7"
428 2848 497 2886 οἴδα]
513 2850 590 2878 Rom.
606 2858 652 2879 γη.
673 2851 714 2878 18.
752 2851 774 2867 ³¹
792 2849 905 2887 σὺμιιε.
926 2857 956 2882 tt,
975 2849 1016 2877 l9.
1053 2848 1075 2864 ³³
1095 2847 1140 2874 τὸν
1156 2846 1217 2883 μὲν]
1230 2845 1288 2873 Act.
1303 2853 1358 2878 χιχ,
1378 2844 1419 2872 ]5.

97 2895 132 2922 ι,
173 2887 217 2921 eo,
265 2886 555 2921 "oixlibid.ta,24,

1470 2843 1492 2859 ³⁵
1504 2839 1634 2874 iuuit]
1655 2837 1734 2866 Ilebr.
