1920 3090
185 177 239 211 819

759 176 891 206 ΡΙῘΟΤῙῘ
910 173 1161 206 PATRIARCH/E
1181 176 1235 206 CP.

188 237 237 264 Ubi
253 243 402 271 pra'cunor
421 243 467 270 pro
482 234 556 262 nobis
577 234 695 262 introivit
719 233 840 262 Christus
853 234 875 261 ι.
893 233 967 261 llanc

1033 232 1058 264 ᾧ
1071 232 1220 266 προσώπῳ
1230 231 1282 260 τοῦ
1294 230 1367 259 Θεοῦ
1386 230 1463 265 ὑπὲρ
1475 230 1560 266 ἡμῶν
1571 238 1580 247 “
1596 231 1654 265 καὶ,
1674 231 1773 259 Ὅπου
1784 231 1810 248 ⁸⁸

187 283 270 318 igitur
289 283 361 310 viam
386 281 526 312 revelavit,
550 281 583 306 ad
609 287 689 314 qttam
706 285 735 307 ιιι
755 280 832 307 nobis
849 279 969 314 praeiret,

184 328 297 362 iustitiae
312 325 450 361 exemplar
472 324 534 356 fuit,
549 331 602 359 quo
619 324 765 363 aliquando
782 325 883 356 edocti,
897 324 970 351 desi-

188 374 266 401 derio
281 373 500 404 accenderemur,
519 378 605 406 coque
618 370 725 398 accensi
755 370 788 397 ad
818 377 874 397 rem
897 369 972 398 desi-

188 420 308 446 deratam
327 424 553 452 prazpararemur.
570 416 683 450 Angelis
707 423 772 443 vero
794 415 893 443 caelum
916 415 972 449 jam

189 465 250 491 inde
262 472 277 492 a
290 464 424 499 principio
441 468 535 490 notum
550 462 613 494 fuit,
625 467 706 497 alque
718 461 973 490 testatum.Nostraa

188 516 318 545 praeterea
341 509 500 542 coniunctus
514 512 616 535 natura:
639 507 868 535 resurrectionem
885 507 972 538 nobis.

187 561 215 583 et
236 555 466 590 incorruptionem
485 559 567 588 alque
580 553 815 580 immortalitatem
831 559 879 587 per
895 559 973 579 suatn

189 598 420 626 resurrectionem
442 598 562 625 donavit.
578 597 765 632 lncorporeum
790 604 856 624 vero
877 603 973 631 genus,

189 651 250 672 cum
268 645 303 671 sit
320 644 482 676 immortale,
500 644 550 670 hac
565 651 617 670 non
633 643 736 678 indiget
760 643 858 678 gratia.
874 641 974 669 Nostra

192 689 304 724 insuper
316 697 396 717 causa
411 689 438 716 in
452 697 535 717 carne
550 689 752 724 peregrinatus,
768 696 782 715 a
798 688 909 721 diaboli,
921 695 975 723 qua

192 736 362 767 tenebamur,
379 735 522 771 tyrannide
540 743 590 763 nos
604 735 740 767 liberavit.
761 735 794 762 de
812 734 972 769 principati-

191 781 267 809 bus"
291 781 460 816 triumphans
481 785 508 808 et
531 781 712 817 potestatibus
733 780 759 807 in
781 788 863 807 cruce
880 800 888 812 .
913 780 975 807 data

192 829 256 855 item
282 827 360 855 nobis
390 832 524 862 potestate
556 827 678 855 caleandi
713 834 821 854 omnem
847 827 976 854 virtutem

191 872 296 900 inimici
309 877 334 898 ιι.
353 871 401 899 Ubi
417 872 440 899 si
454 872 548 899 horum
560 872 975 906 subiissetnaturam,quosnam

191 917 408 946 desuuxisset"?
433 917 479 945 De'
495 917 593 952 quibus
615 917 835 953 triumphasset?
863 917 974 951 Qualem

191 961 256 989 item
272 961 432 996 quibusdam
446 965 608 996 potestatem
621 962 751 995 dedisset,
768 962 854 990 autin
870 962 955 997 quos?

225 1050 322 1086 205b
339 1050 378 1078 Ad
396 1051 453 1078 lucc
471 1058 535 1078 vero
551 1058 612 1078 cum
632 1058 682 1078 nos
714 1051 780 1086 lapsi
797 1058 900 1083 sumus,
918 1051 978 1078 nul-

191 1095 248 1124 lum
271 1096 404 1130 reliquum
429 1095 479 1122 fuit
499 1096 648 1130 exemplar,
662 1097 733 1131 qttod
758 1097 880 1124 eamdem
898 1102 978 1123 naut-

193 1148 251 1169 ram
267 1141 400 1176 integram
416 1142 557 1169 retineret.
571 1142 607 1169 At
619 1141 702 1178 lapsis
717 1142 885 1170 daemonibus
900 1142 979 1170 innu-

192 1187 337 1216 merabiles
362 1187 540 1216 nihilominus
557 1189 780 1224 incerporeorum
804 1189 878 1217 acies
902 1190 978 1217 inva-

192 1234 262 1261 riate
272 1234 439 1266 consistunt,
455 1242 516 1270 quae
530 1239 557 1261 et
570 1235 670 1262 divinae
685 1235 866 1262 ordinationis
886 1243 979 1263 exem-

193 1278 265 1313 plum
282 1297 291 1312 ,
321 1282 349 1305 et
371 1286 508 1314 nunquam
534 1279 610 1308 ﬂexa:
642 1280 814 1308 rectitudinis
842 1281 978 1315 specimen

193 1324 366 1352 exhiberem.
384 1324 556 1360 Quapropter
568 1326 614 1360 qui
628 1326 719 1352 omnia
737 1326 884 1360 sapienter,
901 1332 928 1354 ct
939 1335 981 1355 su~

193 1377 242 1403 pra
254 1377 335 1404 quam
348 1369 401 1397 dici
414 1375 511 1405 potest,
522 1371 645 1405 providet
659 1379 691 1398 ac
705 1370 770 1398 facit
783 1371 854 1399 Deus
868 1377 979 1406 noster,

195 1415 296 1450 Deique
310 1415 437 1449 Verbum,
454 1424 514 1443 eum
529 1417 585 1451 jam
601 1417 718 1444 humana
736 1421 835 1445 natura
853 1417 979 1453 prolapsa

194 1464 277 1494 esset,
294 1470 346 1489 nott
362 1462 432 1489 hanc
443 1462 531 1490 solum
552 1471 586 1490 ex
612 1463 719 1490 inﬁnita
740 1471 789 1491 sua
807 1464 835 1491 in
855 1464 981 1492 homines

195 1507 296 1534 amoris
307 1507 333 1534 vi
343 1507 469 1540 assumit,
478 1509 524 1535 sed
536 1515 584 1543 per
594 1515 652 1535 eam
664 1516 771 1544 quoque
781 1509 919 1543 omnibus,
930 1509 976 1545 qui

194 1551 314 1586 ejusdem
323 1557 425 1579 naturae
432 1556 534 1585 essent,
543 1553 981 1589 correctionem,incorruptionem

193 1595 279 1623 etalia
287 1595 336 1623 ista
347 1596 551 1623 innumerabilia
561 1597 628 1623 bona
638 1596 752 1631 largitur
762 1606 769 1624 ε
781 1605 841 1625 cum
851 1599 982 1627 daemonis

196 1645 287 1669 tamen
301 1650 387 1677 genus
405 1650 546 1670 assumere
571 1650 659 1677 neqtte
677 1643 794 1678 justum,
811 1651 897 1680 neque
919 1646 984 1673 utile

197 1695 259 1715 esse
270 1688 382 1723 iudicet.
397 1688 443 1716 Sic
460 1688 496 1716 40
513 1693 539 1717 et
552 1689 624 1724 quod
636 1690 759 1724 sequitur
773 1697 854 1726 caput
870 1692 904 1719 ab
920 1699 983 1727 spe-

197 1734 314 1762 culativo
329 1740 357 1762 et
369 1735 488 1762 studiose
503 1735 637 1770 scriptore
650 1735 795 1763 clauditur.

232 1780 277 1807 42.
295 1780 441 1816 lnvestigat
459 1780 530 1808 unde
547 1781 624 1808 nobis
644 1788 658 1807 e
675 1781 810 1809 deteriore
830 1782 856 1809 iu
877 1783 983 1816 melius,

196 1830 224 1854 et
238 1831 331 1854 contra
360 1826 393 1853 ad
421 1826 541 1854 deterius
562 1834 577 1853 e
597 1826 701 1853 meliori
722 1828 836 1855 tnutatio
859 1833 912 1855 tam
930 1829 985 1855 ire-

197 1879 295 1907 quens,
310 1872 396 1904 varia,
413 1879 444 1898 ac
462 1880 530 1907 pene
552 1874 682 1900 continua
698 1875 814 1902 exsistat
831 1884 838 1903 :
856 1876 985 1912 incorpo-

198 1918 252 1946 τοῖς
269 1925 344 1950 vero,
358 1918 419 1946 aliis
430 1919 528 1945 boutttn
546 1919 582 1946 sit
595 1920 773 1953 immutabile,
792 1921 854 1949 aliis
880 1923 986 1949 vitium?

197 1963 315 1992 Causam
329 1964 430 1998 reddit,
451 1965 522 2000 quod
541 1965 567 1992 in
584 1966 662 1993 nobis
673 1974 734 1994 ettm
749 1967 832 1994 animi
848 1968 986 1996 inclinatio

199 2010 228 2037 in
248 2010 410 2037 alterutram
421 2015 524 2043 partem
538 2011 704 2044 contuitatur,
717 2013 752 2040 ob
764 2014 891 2047 subjecta:
905 2020 987 2042 mate-

201 2057 248 2083 riae
271 2055 372 2083 ﬂuxum
396 2061 477 2091 atque
496 2057 708 2092 vaeillationem,
721 2058 765 2086 illa
783 2059 927 2094 aliquando
945 2069 988 2088 ra-

199 2101 299 2129 tionem
315 2107 435 2136 superel,
451 2103 584 2130 interdum
597 2103 680 2130 etiam
699 2110 863 2139 superetur:
884 2106 910 2133 in
924 2106 986 2139 illis,

200 2148 234 2175 ad
247 2156 316 2183 quos
332 2156 502 2184 nequaquam
521 2150 633 2177 materia
656 2150 777 2185 irrepere
797 2156 896 2186 potest,
918 2153 988 2179 ratio

198 2193 255 2220 sola
270 2193 295 2220 in
308 2198 429 2222 actiones
446 2202 539 2222 ountes
568 2195 709 2230 imperium
729 2196 860 2224 obtineat.
886 2197 988 2230 Quam-

991 902 1014 931 B

1022 278 1190 314 πρόδρομος
1203 277 1281 313 ὑπὲρ
1302 278 1388 313 ἡμῶν
1401 276 1526 312 εἰσῆλθε
1542 279 1680 312 Χριστός.
1700 277 1812 313 Ταύτην

1024 322 1070 349 οὖν
1082 323 1133 357 τὴν
1147 323 1207 350 ὁδὸν
1221 324 1287 358 ἡμῖν
1301 322 1468 357 ἀνεκάλυψε,
1486 323 1534 350 καὶ
1548 323 1649 358 ταύτης
1661 324 1726 358 ἡμῖν
1742 322 1810 349 καθ-

1023 368 1179 403 ηγήσασθαι
1193 368 1367 403 δικαιοσύνης
1376 368 1512 401 ἀπόδειξις
1525 365 1572 404 ἦν,
1583 368 1622 401 ὡς
1633 368 1666 395 ἂν
1678 368 1812 403 μαθόντες

1024 413 1246 449 ὲπιποθήσωμεν,
1263 414 1432 449 ποθήσαντες
1447 413 1476 440 δέ
1502 413 1571 449 πρὸς
1589 413 1620 441 τὸ
1643 413 1810 449 ποθούμενον

1024 459 1307 495 παρασκευαζώμεθα.
1323 460 1384 491 Τοῖς
1406 459 1434 486 δὲ
1463 459 1590 494 ἀγγέλοις
1617 459 1757 495 γνώριμος
1775 456 1811 494 ἧν

1024 504 1072 530 ἀπ’
1088 505 1177 540 ἀρχῆς
1191 505 1237 532 καὶ
1250 505 1291 538 είς
1317 505 1418 540 γνῶσιν
1433 506 1552 541 ἠγμένος
1575 506 1589 532 ὀ
1608 505 1734 545 οὐρανός.
1750 504 1813 532 Ἔτι

1024 550 1053 577 δέ
1079 551 1126 577 καὶ
1147 552 1214 586 ἡμῖν
1243 552 1294 587 μὲν
1323 551 1374 586 τὴν
1399 551 1546 579 ἀνάστασιν
1571 551 1683 583 meo;
1707 551 1755 578 καὶ
1782 551 1814 578 τὸ

1026 596 1168 633 ἄφθαρτον
1187 597 1236 625 καὶ
1259 598 1393 626 ἀθάνατον
1416 597 1461 625 διὰ
1476 599 1527 634 τῆς
1549 597 1652 628 οίκείας
1668 597 1813 634 χαρίζεται

1025 642 1201 674 ἀναστάσεως
1212 651 1220 658 ο
1246 642 1277 669 τδ
1290 642 1319 670 δέ
1332 641 1477 677 ἀσώματον
1502 642 1596 677 γένος,
1622 641 1755 668 ἀθάνατον
1770 641 1812 673 ὃν,

1025 689 1078 722 τῆς
1094 688 1224 723 τοιαύτης
1242 688 1366 720 ἀνενδεές
1387 687 1509 724 χάριτος.
1531 687 1587 714 Καὶ
1612 687 1646 714 δι’
1661 688 1735 723 ἡμᾶς
1763 687 1814 723 μὲν

1026 733 1200 769 ἐπιδημήσας
1226 734 1308 770 σαρκὶ
1339 734 1388 769 τῆς
1414 734 1584 770 κατεχούσης
1615 733 1663 760 τοῦ
1688 734 1814 761 διαϐόλου

1027 780 1184 815 τυραννίδος
1200 780 1382 815 ἠλευθέρωσε,
1403 780 1454 813 τὰς
1466 780 1553 816 ἀρχὰς
1565 779 1753 816 θριαμὸεύσας
1766 780 1815 807 καὶ

1027 825 1077 858 τὰς
1093 826 1217 858 ἐξουσίας
1233 827 1262 852 ἐν
1278 826 1318 861 τῷ
1333 825 1452 862 σταυρῷ,
1470 826 1518 853 καὶ
1531 825 1645 862 δύναμιν
1659 826 1726 861 ἡμῖν
1737 834 1813 861 χαρι-

1029 871 1146 907 σάμενος
1157 873 1248 899 πᾶσαν
1261 871 1311 908 τὴν
1321 871 1369 898 τοῦ
1384 871 1482 907 ἐχθροῦ
1498 871 1612 906 δύναμιν
1627 871 1794 898 καταπατεῖν
1803 879 1812 887 ·

1027 917 1052 944 εἰ
1069 917 1097 944 δὲ
1109 917 1158 952 τὴν
1170 917 1282 944 ἐκείνων
1297 917 1380 944 ὑπέδυ
1397 917 1489 951 φύσιν,
1503 916 1580 948 τινας
1591 916 1626 944 ἂν
1638 917 1795 951 κατήργησε
1806 925 1814 948 ς

1027 963 1107 990 ποίαν
1132 963 1160 990 δὲ
1182 963 1231 998 τὴν
1257 963 1381 996 ἐξουσίαν
1397 962 1467 990 τίσιν
1491 962 1576 989 ἐδίδου
1605 962 1654 990 καὶ
1676 962 1748 991 κατὰ
1773 962 1816 990 τί·

1027 1017 1080 1036 νων
1090 1017 1098 1042 ;

1062 1055 1155 1090 Χωρὶς
1167 1054 1195 1080 δὲ
1206 1054 1260 1081 τῶν
1273 1054 1439 1089 εἰρημένων,
1448 1054 1515 1090 ήμῖν
1527 1053 1577 1089 μέν
1587 1053 1716 1080 πεσοῦσιν
1729 1053 1819 1084 οὐδεὶς

1026 1097 1061 1136 ἦν
1071 1099 1254 1134 ὑπογραμμδς
1270 1099 1318 1134 τὴν
1331 1098 1415 1134 αὐτὴν
1429 1097 1521 1133 λαχὼν
1539 1097 1621 1132 φύσιν
1636 1096 1818 1133 διορθώσεως,

1028 1146 1085 1178 τοῖς
1096 1145 1124 1172 δέ
1136 1143 1294 1171 πεπτωκόσι
1306 1144 1360 1171 τῶν
1374 1143 1509 1179 δαιμόνων
1523 1142 1607 1178 μυρία
1620 1142 1751 1183 τάγματα
1762 1141 1819 1169 τῶν

1029 1190 1183 1225 ἀσωμάτων
1209 1189 1352 1225 ἀτρέπτως
1375 1188 1511 1224 ἑστηκότι
1530 1188 1684 1224 πρόκειται,
1703 1187 1751 1214 καὶ
1769 1195 1820 1214 πο-

1030 1236 1133 1267 λιτείας
1158 1235 1250 1262 ἐνθέου
1276 1235 1455 1270 παράδειγμα
1480 1234 1545 1261 ὄντα
1572 1234 1620 1261 καὶ
1647 1233 1820 1270 διορθώσεως

1030 1281 1156 1314 ἀκλινοῦς
1178 1281 1363 1313 ὕποτύπωσις.
1381 1281 1481 1316 Διόπερ
1509 1281 1524 1306 ὁ
1549 1281 1638 1308 πάντα
1658 1279 1749 1314 σοφῶς
1771 1278 1822 1306 καὶ

1030 1329 1101 1364 ὑπὲρ
1124 1329 1203 1362 λόγον
1220 1328 1419 1363 προνοούμενος
1433 1328 1480 1354 καὶ
1499 1326 1626 1363 πράττων
1647 1326 1712 1357 Θεὸς
1728 1325 1821 1360 ἡμῶν.

1030 1375 1045 1401 ὁ
1059 1373 1106 1401 τοῦ
1129 1372 1196 1400 Θεοῦ
1211 1373 1307 1407 Λόγος,
1321 1372 1370 1408 τῆς
1388 1372 1437 1407 μέν
1461 1371 1635 1406 ἀνθρωπίνης
1652 1369 1759 1404 φύσεως
1776 1369 1822 1396 τον

1031 1420 1138 1447 ὄλισθον
1172 1419 1330 1453 ὑποστάσης
1364 1419 1412 1446 καὶ
1443 1418 1685 1454 προσλαμϐάνεται
1716 1416 1823 1451 ταῦτην

1032 1466 1144 1502 ἀῇρήτῳ
1169 1464 1375 1500 φιλανθρωπίας
1392 1463 1494 1499 μέτρῳ.
1518 1463 1566 1490 καὶ
1589 1462 1623 1490 δι’
1637 1462 1723 1496 αὐτῆς
1752 1461 1824 1487 πᾶσι

1032 1513 1088 1543 τοῖς
1103 1511 1234 1546 ὀμοφυὲσι
1257 1511 1309 1545 τήν
1325 1518 1355 1536 τε
1370 1509 1513 1545 διόρθωσιν
1529 1508 1578 1535 καὶ
1601 1508 1650 1543 τὴν
1666 1506 1825 1541 ἀφθαρσίαν

996 1575 1018 1604 C
1036 1557 1083 1584 καὶ
1098 1557 1134 1583 τὰ
1146 1555 1231 1592 μυρία
1246 1555 1388 1590 χαρίζεται
1401 1555 1502 1588 ἀγαθὰ,
1514 1553 1561 1580 τοῦ
1577 1553 1605 1580 δὲ
1620 1552 1759 1587 δαιμονίου
1772 1551 1826 1604 (ρύ-

1035 1603 1080 1629 λου
1091 1602 1122 1629 οὑ
1134 1601 1183 1637 μὲν
1195 1600 1242 1628 οὖν
1256 1601 1316 1628 οὗτε
1330 1600 1436 1628 δικαίαν
1450 1599 1512 1626 οὔτε
1526 1599 1720 1634 συμφέρουσαν
1735 1597 1826 1632 κρίνει

1035 1649 1085 1684 τὴν
1101 1648 1263 1683 πρόσληψιν.
1289 1646 1368 1674 Οὕτω
1387 1646 1436 1681 μὲν
1451 1645 1498 1672 οῦν
1510 1645 1558 1672 καὶ
1576 1644 1607 1672 τδ
1620 1644 1667 1671 ἐπὶ
1682 1643 1770 1679 τούτῳ
1785 1643 1826 1678 τῷ

1036 1694 1212 1730 φιλοθεάμονι
1227 1693 1274 1720 καὶ
1294 1691 1497 1727 σπουδαιολόγῳ
1518 1690 1596 1727 ἀνδρὶ
1613 1689 1752 1718 διανύεται
1775 1698 1826 1716 κε-

1037 1741 1162 1776 φάλαιον.

1078 1787 1122 1812 Ἐν
1138 1785 1167 1812 δὲ
1189 1784 1229 1821 τῷ
1245 1783 1289 1820 μβ’
1315 1785 1391 1818 ζητεῖ
1406 1784 1489 1811 πόθεν
1505 1783 1570 1818 ἡμῖν
1597 1782 1647 1818 μὲν
1670 1781 1702 1808 ἐκ
1723 1789 1754 1808 τε
1777 1780 1827 1808 τοῦ

1037 1833 1159 1868 χείρονος
1175 1833 1215 1864 εἰς
1239 1832 1269 1858 τὸ
1284 1832 1409 1867 κρεῖττον
1420 1830 1468 1857 καὶ
1482 1830 1551 1865 πρὸς
1565 1828 1596 1856 τὸ
1608 1829 1699 1864 χεῖρον
1710 1827 1766 1854 ἀπὸ
1778 1826 1827 1854 τοῦ

1038 1879 1194 1914 κρείττονος
1210 1878 1227 1913 ἡ
1242 1876 1377 1913 μεταϐολὴ
1398 1876 1446 1902 καὶ
1461 1874 1547 1910 πολλὴ
1562 1875 1610 1901 καὶ
1629 1874 1758 1908 διάφορος
1780 1873 1830 1899 καὶ⁵

1040 1924 1139 1960 μικροῦ
1155 1923 1280 1959 συνεχὴς,
1295 1922 1350 1949 τῶν
1370 1922 1398 1948 δὲ
1416 1921 1569 1956 ἀσωμάτων
1591 1919 1678 1953 γενῶν
1703 1920 1761 1950 τοῖς
1778 1918 1831 1953 μὲν

1037 1970 1068 1996 τὸ
1092 1968 1174 1995 καλὸν
1190 1967 1392 2003 ἀμετάῦλητον,
1410 1967 1466 1997 τοῖς
1481 1965 1510 1991 δέ
1524 1965 1555 1991 τὸ
1576 1963 1689 1999 φαῦλον.
1711 1963 1767 1990 Καὶ
1788 1963 1831 1989 τί-

1038 2015 1117 2051 θησιν
1128 2015 1218 2042 αἰτίαν
1229 2015 1295 2050 ἡμῖν
1310 2014 1359 2048 μὲν
1373 2014 1422 2048 τῆς
1436 2012 1479 2047 ἐφ’
1493 2012 1613 2047 ἐκάτερα
1627 2011 1832 2045 στασιαζούσης

1039 2061 1126 2098 ῥοπῆς
1137 2060 1186 2095 τῆς
1202 2060 1265 2096 [558
1281 2059 1328 2095 H.]
1349 2057 1576 2094 ὑποϐεϐλημένης
1591 2057 1658 2092 ὕλης
1673 2056 1705 2082 τὸ
1728 2056 1832 2091 ροῶδές

1038 2116 1067 2134 τε
1091 2107 1139 2134 καὶ
1155 2107 1358 2142 εὖπαράφορον,
1378 2104 1443 2131 ποτέ
1461 2104 1510 2139 μὲν
1527 2104 1573 2131 τοῦ
1602 2102 1735 2138 λογισμοῦ
1761 2110 1833 2137 κρα-

1039 2152 1136 2179 τοῦσαν
1147 2152 1180 2183 ³⁷,
1191 2151 1256 2178 ποτέ
1267 2150 1296 2177 δὲ
1304 2149 1505 2185 κρατουμένην.
1514 2149 1558 2175 Ἑν
1573 2149 1687 2179 ἐκείνοις
1698 2147 1727 2174 δὲ
1742 2147 1832 2181 μηδα-

1041 2198 1099 2232 μῶς
1121 2198 1171 2232 τῆς
1199 2196 1266 2231 ὕλης
1296 2195 1474 2231 παρείσδυσιν
1497 2194 1635 2229 λαϐούσης
1656 2195 1670 2221 ὁ
1697 2192 1832 2228 λογισμὸς

199 2239 291 2267 obrem
307 2240 414 2267 illorum
431 2241 540 2276 quidem
558 2249 650 2275 casus,
663 2243 708 2277 qui
730 2248 825 2277 sponte
848 2249 875 2271 et
901 2244 980 2279 impc-

1042 2245 1122 2280 μόνος
1139 2243 1193 2270 τῶν
1224 2242 1352 2277 πράξεων
1375 2241 1431 2276 ἐχει
1450 2241 1480 2267 τὸ
1507 2240 1620 2274 κράτος.
1638 2239 1683 2266 At?)
1705 2238 1762 2265 τῶν
1780 2238 1832 2273 μὲν

201 2285 287 2312 rantis
300 2293 394 2314 revera
411 2294 486 2314 more
507 2287 539 2314 ad
552 2287 671 2316 deterius
692 2289 792 2323 delapsi
811 2295 885 2322 sunt,
899 2290 928 2316 ﬁt
939 2290 989 2317 im-

201 2331 383 2365 medicabilis,
402 2340 462 2359 cum
479 2334 545 2360 niltii
561 2334 708 2368 quidquam
722 2335 748 2361 in
764 2342 793 2361 se
809 2335 923 2362 validius
942 2336 989 2362 lta-

199 2375 293 2409 beant.
307 2378 381 2413 quod
402 2380 442 2406 sui
457 2379 528 2414 juris
541 2385 670 2410 mentem.
685 2379 740 2414 jam
757 2388 790 2407 ex
806 2387 834 2408 se
849 2380 988 2414 ﬂuentem,

200 2423 234 2452 ad
248 2423 275 2451 id
289 2425 360 2460 quod
380 2425 511 2458 deterius,
530 2431 637 2454 revocet
658 2435 666 2453 :
682 2427 909 2461 quemadmodum
927 2427 989 2455 aliis

201 2476 306 2504 contra,
318 2471 363 2506 qui
379 2477 474 2506 sponte
489 2480 521 2499 ac
534 2473 620 2500 libere
634 2480 754 2500 amorem
781 2473 886 2500 honesti
910 2481 988 2501 acce-

205 2521 313 2550 perunt,
333 2517 406 2543 nullo
427 2517 500 2544 ﬂuxu
523 2519 662 2545 turbatum
683 2518 749 2545 illud
767 2526 862 2546 eorum
882 2518 988 2546 deside-

203 2562 272 2588 rium
289 2568 476 2591 couservatur.
488 2563 556 2591 Cum
573 2572 624 2593 nos
638 2565 747 2592 interim
769 2564 850 2592 veluti
868 2564 989 2603 duplices

202 2609 325 2643 quidam.
335 2618 366 2638 ac
380 2617 523 2646 propterea
535 2612 619 2638 etiam
635 2611 706 2638 male
717 2611 896 2639 admissormn
907 2612 991 2646 pceui~

203 2655 285 2682 tentia
301 2656 386 2689 ducti,
404 2664 456 2684 non
473 2657 547 2691 ipsos
566 2662 693 2691 tanQuam
705 2657 809 2685 alienos
823 2656 989 2684 incuseutus.

241 2735 251 2754 ι
278 2736 362 2762 11ι·1ιι·.
384 2745 420 2767 γι,
440 2737 486 2764 20.
523 2736 657 2764 "Coloss.
673 2745 706 2767 tt,
720 2736 762 2763 13.
804 2742 815 2756 η
835 2736 901 2764 Luc.
919 2745 946 2770 x,
966 2737 1008 2764 Η).

1041 2289 1173 2320 ἑκουσίως
1194 2289 1240 2315 καὶ
1264 2288 1301 2319 ὡς
1321 2287 1428 2321 άληθῶς
1455 2285 1694 2321 αὐτοκρατορικῶς
1716 2285 1787 2320 πρὸς
1802 2284 1833 2310 τδ

1040 2337 1130 2371 χεῖρον
1146 2334 1350 2368 ἀπενεχθέντων
1366 2333 1382 2364 ἡ
1395 2332 1499 2363 πτῶσις
1522 2331 1631 2362 ἀνίατος
1648 2330 1766 2364 γίνεται,
1781 2331 1834 2357 οὐκ

1041 2382 1157 2417 ἐχόντων
1168 2380 1262 2415 ἕτερόν
1281 2387 1306 2405 τι
1323 2379 1448 2414 κρεῖττον
1471 2378 1500 2404 ὲν
1515 2377 1632 2408 ἑαυτοῖς,
1651 2376 1665 2402 ὃ
1681 2375 1731 2410 τὴν
1752 2376 1835 2402 αὐτο-

1039 2427 1169 2453 δέσποτον
1186 2425 1299 2461 γνώμην
1324 2424 1410 2459 αὐτὴν
1425 2423 1470 2458 ὑφ’
1483 2423 1584 2458 ἐαυτῆς
1608 2421 1746 2457 ρεύσασαν
1762 2421 1835 2453 πρὸς

1040 2473 1071 2500 τὺ
1085 2474 1174 2508 χεῖρον
1188 2471 1270 2499 πάλιν
1291 2470 1499 2498 ἀνακαλέσοιτο·
1515 2469 1609 2504 ὥσπερ
1626 2467 1660 2495 αὖ
1678 2467 1761 2495 πάλιν
1776 2468 1836 2498 τοῖς

1042 2518 1173 2549 ἑκουσίως
1189 2518 1237 2544 καὶ
1251 2517 1409 2551 αὑτονόμως
1430 2516 1477 2542 τὸν
1495 2515 1585 2550 ερωτα
1601 2514 1647 2541 τοῦ
1661 2513 1768 2547 ἀγαθοῦ
1784 2513 1835 2539 λα-

1041 2565 1134 2591 ϐοῦσιν
1146 2564 1211 2600 [655
1226 2563 1273 2599 IL]
1288 2562 1500 2598 ὰπαράτρεπτος
1515 2562 1530 2588 ὁ
1553 2560 1634 2592 πόθος
1647 2560 1699 2587 (me
1706 2559 1729 2575 ³⁸
1748 2559 1836 2595 μηδε-

1044 2613 1108 2644 μιᾶς
1122 2612 1185 2646 ῥοῆς
1199 2609 1391 2645 ἐνοχλούμενος
1404 2607 1576 2640 διασώζεται.
1586 2606 1682 2641 ΊΙμεῖς
1695 2605 1723 2631 δὲ
1735 2603 1834 2639 ὥσπερ

1041 2657 1131 2684 Str-cini
1158 2657 1231 2688 τινές
1257 2657 1354 2691 ἐσμεν·
1383 2654 1424 2681 διδ
1451 2654 1499 2681 καὶ
1529 2650 1764 2688 μεταμεληθέντες
1793 2646 1836 2681 οἷς

1066 2740 1078 2753 ο
1095 2736 1104 2763 1
1121 2735 1184 2763 Cor.
1203 2743 1232 2765 ll,
1246 2733 1272 2761 6.

842 2814 961 2843 VARLE
988 2812 1191 2842 LECTIONES.

243 2890 264 2905 “
280 2889 359 2926 ὃπου]
377 2889 443 2918 ibid.
460 2898 498 2923 Vl,
515 2889 559 2918 ‘20.
584 2924 586 2926 _
600 2890 620 2906 ‘7
646 2890 704 2925 iege
721 2888 876 2926 κρατούσης
899 2903 923 2908 -
939 2887 1140 2924 κρατουμένης.

1186 2886 1208 2902 ³⁸
1223 2884 1293 2921 ὑπὲρ
1310 2893 1338 2916 ς.
