1920 3090
74 162 112 196 8‘21

581 163 842 194 BIBLIOTHECA.
861 163 986 195 —COD.
1005 161 1145 195 CCXXII.

1621 167 1673 198 822

76 217 259 253 ἁμαρτάνομεν,
281 217 317 249 ὡς
342 217 453 253 ἑτέρους
476 218 590 250 ἑαυτοὺς
613 217 835 254 ἐτέιμεμφόμεθα.

888 217 946 245 Duo
956 225 1021 245 vero
1037 218 1081 245 ubi
1098 221 1227 253 pugnant,
1240 221 1268 245 et
1282 217 1309 244 hi
1327 218 1424 253 partim
1443 219 1594 253 vincentes,
1606 229 1670 256 par-

75 264 116 290 Δύο
128 263 153 289 δὲ
170 262 338 297 μαχομένων,
351 263 398 289 καὶ
418 263 521 290 τούτων
535 263 588 291 ἀνὰ
606 264 687 299 μέρος
707 263 839 299 κρατούν-

74 319 118 336 των
128 318 155 335 τε
165 309 211 335 καὶ
223 309 428 344 κρατοὺμένων,
439 309 497 341 πῶς
511 308 544 336 ἂν
555 310 572 345 ἢ
582 309 617 336 τὰ
631 310 678 336 τοῦ
692 310 839 345 πτώματος

75 355 136 390 σχοίη
150 354 178 381 τὸ
199 355 404 391 ἁμετάὸλητον;
428 356 459 382 οὺ
480 357 560 390 μόνον
582 356 610 383 δὲ
630 356 676 384 ἐπὶ
698 356 753 382 τῶν
769 357 839 391 πρά-

75 401 137 434 ξεων,
148 401 174 427 αἶ
184 401 214 427 τὸ
224 402 365 429 ἐπαινετὸν
376 402 392 438 ἢ
406 402 438 428 τὸ
447 402 546 437 ψεκτὸν
560 403 698 438 φέρουσιν,
707 405 749 438 ἐφ’
760 405 777 438 ἡ
781 404 839 439 μῶν

75 446 223 482 ἡμεταϐολὴ
249 447 296 473 καὶ
319 448 335 483 ἠ
364 447 512 483 παλίῤῥοια
526 448 554 475 τὸ
579 449 679 484 κράτος
705 450 755 476 οὐκ
781 450 838 485 ἔχει

75 492 299 526 ἀνανταγώνιστον,
309 493 377 520 ἀλλὰ
391 494 438 520 καὶ
449 494 495 520 ἐπὶ
509 494 564 521 τῶν
573 495 660 522 ἄλλων
671 496 687 530 ἡ
693 496 752 530 μῶν
763 497 804 522 ἐνε
810 505 839 531 ρ-

74 539 139 572 γειῶν
159 539 203 565 καὶ
230 539 413 575 παθημάτων.
430 539 499 567 Οὔτε
517 541 571 576 γὰρ
587 541 632 568 διὰ
647 542 746 573 παντὸς
771 542 838 568 καθ-

74 584 138 617 ῆσθαι
160 584 219 611 οὔτε
243 585 371 612 ἵστασθαι
390 585 540 620 δυνάμεθα,
559 587 667 618 ἀτονίας
688 587 769 618 εὐθὺς
788 587 838 622 τῆς

74 630 129 656 κατὰ
138 629 183 664 τὴν
199 630 282 664 φύσιν
297 631 429 666 ἑκατέρου
439 633 472 667 τῇ
486 633 536 658 nine
542 633 622 669 ρῆολῇ
640 633 836 670 συνεπομένης.

73 675 117 701 Καὶ
129 675 201 710 δῆλον
216 677 307 709 τοῦτο,
324 677 362 709 ὡς
376 677 421 704 διὰ
434 678 484 713 τὴν
497 679 526 705 ὲν
545 680 611 714 ἡμῖν
627 680 681 706 τῶν
699 680 837 715 στοιχείων

73 720 182 756 διαφοράν
196 730 226 748 τε
248 723 297 749 καὶ
309 722 401 759 μάχην
423 724 579 758 συμϐαίνει.
593 725 646 751 Καὶ
661 725 716 760 γὰρ
737 725 768 752 τὺ
788 726 837 761 μὲν

74 764 154 799 θερμὸν
173 766 221 801 τὴν
233 764 291 794 ἄνω
307 768 400 803 χώραν
413 768 518 800 διώκει,
532 769 561 796 τὸ
584 769 611 796 δὲ
623 770 723 804 γεῶδες
749 770 837 805 βρίθει

73 819 95 836 τε
106 811 145 837 καὶ
156 812 334 846 συγκαθέλκει
349 814 417 849 προς
427 814 475 849 τὴν
485 815 545 849 γῆν.
563 815 616 841 Καὶ
628 816 737 842 ἐπὶτῶν
748 816 836 843 ἄλλων

73 856 94 883 δὲ
106 857 152 882 τῶν
166 859 365 893 παραπλησίων
384 860 525 893 ὡσαύτως.
547 862 580 887 Ἀ
595 861 704 896 iul-.171;
721 862 835 897 ἀσωμά-

72 910 107 927 του
120 903 139 918 ³⁹
153 903 199 929 οὐκ
221 904 279 939 ἔχει
302 904 395 939 χώραν
409 905 526 940 φύσεως.
542 906 598 932 ἀλλ’
611 905 706 942 ὥσπερ
723 907 752 933 ἐν
769 908 835 943 ἡμῖν

73 947 95 973 τὸ
107 948 216 975 ποικίλον
241 949 290 976 καὶ
307 950 493 986 πολύμορφον,
514 951 600 983 οὕτως
626 952 655 979 ὲν
669 953 783 985 ἐκείνοις
803 953 835 980 τὸ

72 992 188 1020 ἀποίκιλον
214 995 261 1022 καὶ
292 996 429 1030 μονοειδὲς
455 996 658 1032 ὲγκαθίδρυται.
674 997 757 1025 Ὅθεν
779 999 835 1030 τοῖς

73 1038 149 1071 ἁπλοῖς
163 1040 209 1075 μὶν
219 1041 267 1068 καὶ
291 1043 456 1077 μονοειδέσιν
468 1043 611 1071 ἀκολουθεῖ
628 1044 659 1071 τὸ
673 1044 834 1071 δυσαλλοίω-

71 1085 107 1110 τόν
116 1093 142 1111 τε
153 1086 197 1112 καὶ
212 1086 446 1122 δυσμετάϐλητον,
462 1090 519 1121 τοῖς
531 1089 561 1116 δὲ
574 1089 711 1122 συνθέτοις
722 1091 739 1126 ἡ
753 1099 835 1125 μετα-

73 1129 123 1164 ϐολὴ
139 1131 180 1157 καὶ
192 1131 347 1164 ἀλλοίωσις.
366 1132 402 1159 Th
415 1133 443 1159 δὲ
459 1133 482 1149 ⁸ο
509 1134 546 1169 μὴ
569 1134 657 1170 πάντη
674 1135 785 1167 πάντως
804 1136 835 1163 τὸ

73 1176 234 1212 ἀμετάϐλητον
251 1179 302 1205 καὶ
319 1179 499 1207 ἀναλλοίωτον
515 1180 582 1215 μηδὲ
603 1182 632 1208 ὲν
646 1183 706 1213 ταῖς
721 1182 835 1218 ἀσωμά-

72 1230 114 1253 τοις
126 1223 221 1255 οὐσίαις
239 1224 357 1260 ὁρᾶσθαι
378 1225 501 1262 (καὶγὰρ
523 1227 676 1263 μετεϐλήθη
692 1228 722 1255 τὸ
740 1229 835 1263 δαιμόο

74 1276 117 1294 νιον
127 1269 173 1295 ἀπὸ
185 1269 230 1296 τοῦ
248 1271 406 1305 κρείττονος
425 1273 466 1303 εἰς
485 1273 515 1299 τὸ
532 1273 633 1308 χεῖρον)
648 1275 735 1301 ἐκεῖνο
745 1275 778 1302 ἄν
792 1284 834 1307 τις

74 1313 124 1346 ἴσως
138 1317 342 1351 προφασίσαιτο,
359 1319 399 1344 ὅτι
415 1318 462 1345 καὶ
485 1319 550 1345 αὐτὸ
571 1319 601 1346 τὸ
621 1319 766 1354 ἀσώματον
787 1322 833 1348 ὲκ-

73 1360 155 1396 τροπῆς
171 1370 199 1388 τε
224 1363 271 1389 καὶ
298 1363 469 1396 ἀλλοιώσεως
485 1364 596 1400 ἤρξατο.
618 1367 665 1393 Ἐκ
686 1367 724 1402 μὴ
751 1367 835 1395 ὄντων

73 1405 114 1441 γὰρ
123 1408 158 1438 εἰς
170 1408 198 1434 τὸ
215 1407 288 1436 εῐναι
303 1410 347 1436 καὶ
373 1410 439 1437 αὐτὸ
458 1411 597 1448 παρήχθη,
626 1413 678 1440 κᾶν
697 1414 749 1449 τῆς
763 1415 835 1442 κατὰ

73 1451 109 1485 τὴν
124 1453 181 1489 ὕλην
207 1456 370 1491 συμπλοκῆς
390 1457 536 1493 ἐλευθέραν
553 1457 616 1493 ἔσχε
637 1458 686 1494 τὴν
706 1459 833 1496 ὓπαρξιν.

73 1496 132 1533 Τάχα
144 1500 165 1526 δ’
179 1501 210 1528 ἄν
227 1502 274 1528 καὶ
296 1502 340 1529 διὰ
353 1504 403 1537 τὴν
420 1504 484 1538 μίαν
498 1504 600 1540 ταύτην
616 1505 752 1542 ἐκτροπὴν
770 1507 835 1541 μίαν

74 1544 109 1570 καὶ
118 1545 185 1573 αὐτοὶ
196 1547 245 1583 τὴν
261 1548 331 1583 πρὸς
342 1548 371 1575 τὸ
384 1549 485 1583 φαῦλον
499 1550 549 1584 τῆς
565 1550 678 1585 γνώμης
691 1552 833 1579 ἀλλοίωσιν
848 1560 869 1587 c

74 1588 229 1623 ἐπεδείξαντο.
241 1594 338 1621 Ταῦτα
353 1594 437 1621 εἰπὼν
452 1597 466 1622 ό
481 1595 609 1632 θεοσεϐὴς
625 1594 703 1628 οὗτος
717 1597 738 1613 ⁸¹
755 1607 834 1633 φρον-

73 1634 126 1661 τῖσιν
140 1636 218 1672 ἱεραῖς
227 1639 372 1675 ἀνειμένος
389 1641 459 1676 ἀνὴρ
474 1641 496 1657 δ’
507 1642 683 1677 ἐπιρραπίζει
694 1643 743 1679 τὴν
763 1644 835 1679 Ὤρι-

73 1679 148 1713 τένους
163 1684 223 1719 περὶ
244 1685 382 1719 δαιμόνων
402 1687 449 1713 καὶ
476 1687 599 1721 ἀγγέλων
616 1689 662 1715 καὶ
683 1688 835 1725 ἀνθρώπων

74 1727 108 1752 καὶ
119 1729 230 1765 ἀστέρων
245 1731 296 1758 καὶ
309 1732 359 1767 τῆς
376 1733 460 1768 ἄλλης
478 1734 621 1769 ὁρωμένης
639 1735 755 1767 κτίσεως
769 1736 833 1762 δυσ-

74 1773 124 1808 σεῡῆ
136 1783 162 1801 τε
184 1777 231 1803 καὶ
249 1778 365 1812 ἀνόητον
381 1780 428 1806 καὶ
449 1779 606 1815 πολυπλανῆ
626 1781 772 1817 φλυαρίαν,
787 1783 834 1809 καὶ

73 1818 132 1850 τέλος
144 1822 277 1858 ἐπιτίθησι
290 1824 336 1850 καὶ
350 1824 388 1860 τῷ
403 1825 425 1859 β’
442 1825 489 1851 καὶ
506 1829 531 1859 μ’
543 1826 691 1862 κεφαλαίῳ.

104 1864 140 1891 Ἐν
153 1866 178 1893 δὲ
189 1868 227 1903 τῷ
253 1868 319 1903 ἑξῆς
333 1868 379 1895 δύο
393 1870 478 1896 ταῦτα
501 1870 587 1905 ζητεῖ,
601 1870 629 1897 ἓν
648 1872 696 1906 μὲν
706 1872 750 1899 διὰ
764 1872 790 1899 τί
805 1874 833 1899 αἱ

75 1908 134 1953 ξγιαι
146 1913 189 1939 καὶ
199 1915 294 1949 νοεραὶ
308 1914 448 1950 δυνάμεις.
466 1917 516 1942 ὅσα
533 1926 564 1950 γε
582 1917 662 1952 ἡμῶν
683 1919 722 1950 εἰς
734 1920 834 1953 γνῶσιν

74 1951 112 1989 ἧκε
124 1957 162 1983 καὶ
175 1959 197 1984 οἱ
208 1961 329 1996 χρησμοὶ
342 1961 546 1994 ἐξεπαίδευσαν,
555 1963 584 1988 τὸ
593 1951 676 1989 οιαλὺν
688 1951 834 2000 ἀπ’Ἲὰρχῆς

75 2000 137 2036 μέχρι
153 2004 241 2037 τέλους
252 2006 446 2041 ἀμετάὸλητον
458 2006 601 2039 σώζουσιν,
622 2007 715 2043 ὥσπερ
735 2010 762 2035 αἱ
784 2019 833 2036 πο-

73 2048 136 2080 νηραὶ
155 2050 200 2084 τὴν
223 2052 340 2078 κακίαν·
359 2053 423 2088 [559
438 2052 485 2088 IL]
505 2053 552 2079 ml.
569 2053 613 2080 διὰ
628 2053 654 2079 τί
670 2054 775 2080 πολλῶν
789 2055 834 2082 ἀν-

74 2091 168 2125 θρώπων
184 2097 334 2130 μελλόντων
353 2099 527 2132 κολάζεσθαι,
542 2101 576 2127 τὸ
592 2101 652 2135 πῦρ
666 2102 687 2118 ⁸³
702 2101 802 2137 ἔφησεν
819 2104 833 2130 ὁ

74 2137 148 2175 Σωτὴρ
162 2142 336 2177 ἡτοιμάσθαι
351 2144 390 2178 τῷ
414 2146 544 2179 διαϐόλῳ
558 2148 607 2174 κα)
627 2148 687 2181 τοῖς
696 2148 833 2183 ἀγγέλοις

73 2185 154 2213 αὐτοῦ,
168 2188 220 2215 Καὶ
233 2191 302 2225 πρὸς
323 2191 371 2225 μὲν
389 2191 440 2226 τὴν
454 2193 566 2228 πρώτην
578 2193 691 2229 ζήτησιν
712 2195 754 2229 ἐφ’
770 2196 834 2222 ἐκα-

74 2229 137 2265 τέρας
150 2235 252 2269 μερίδος
263 2257 269 2268 ,
283 2236 332 2270 τῆς
345 2246 374 2263 τε
389 2238 548 2274 ἁγγελικῆς,
565 2240 646 2274 φημὶ,
658 2241 705 2267 καὶ
717 2242 767 2276 τῆς
779 2242 836 2268 δαι-

76 2277 195 2310 μονίας,τὸ
208 2282 312 2309 ἁπλοῦν
328 2283 450 2311 αἰτιᾶται
467 2286 515 2312 καὶ
529 2286 677 2313 ἀσύνθετον
692 2287 739 2314 καὶ
755 2288 834 2315 ἀποίο

75 2320 140 2368 ξίλθνι
153 2326 195 2352 καὶ
205 2327 247 2354 διὰ
261 2328 341 2355 τοῦτο
356 2330 429 2365 πρὸς
443 2331 477 2358 τὰ
496 2332 673 2367 ἀντικείμενα
689 2333 736 2368 τῆς
750 2342 835 2368 μετα-

75 2366 138 2414 δᾷλῆς
151 2371 310 2408 ἐνυπάρχειν
332 2376 424 2407 αὐτοῖς
438 2376 469 2402 τὸ
492 2366 694 2412 ἀπαράεεκτον.
709 2366 780 2414 Πρός
805 2379 834 2405 δὲ

120 2414 238 2451 δευτέραν
266 2419 391 2455 ζήτησιν,
416 2422 457 2448 ὅτι
473 2422 516 2449 διὰ
537 2423 616 2450 τοῦτο
638 2425 694 2459 πῦρ
717 2424 756 2458 τῷ
777 2425 835 2451 δια-

75 2455 129 2493 δάλφ
142 2463 184 2488 καὶ
204 2465 259 2495 τοῖς
281 2465 408 2500 ἀγγέλοις
422 2468 504 2494 αὑτοῦ
515 2468 539 2484 ⁸⁸
553 2470 717 2504 ἡτοιμάσθαι
730 2470 834 2505 γέγρα-

76 2508 135 2549 πῖαῑ»
148 2506 201 2532 ἀλλ’
216 2509 276 2543 οὐχὶ
290 2512 345 2542 τοῖς
361 2511 527 2546 ἀνθρώποις,
541 2513 635 2548 ἐπειδὴ
649 2514 678 2539 ὲν
702 2515 767 2549 ἡμῖν
786 2514 836 2548 μὲν

75 2547 112 2574 οὐκ
123 2550 242 2587 ἀδόκητον
253 2555 276 2571 ⁸⁵
294 2556 348 2582 ἀπὸ
361 2556 409 2583 τοῦ
430 2558 551 2593 χείρονος
574 2560 620 2586 ἐπὶ
638 2560 668 2586 τὸ
683 2562 806 2595 κρεῖττον
818 2561 834 2594 ἡ

78 2596 197 2633 μεταδολὴν
216 2598 289 2627 οὗτοι
308 2601 336 2628 δὲ
359 2603 454 2638 γνώμῃ
483 2605 653 2640 παρέσχοντο
682 2606 711 2632 τὺ
727 2606 837 2632 ἀνέλπι-

79 2645 134 2667 στονι
149 2643 200 2679 Τὴν
215 2647 364 2682 εἰρημένην
377 2648 405 2675 δὲ
422 2649 469 2676 τοῦ
484 2650 611 2686 Σωτῆρος
628 2651 720 2687 φωνὴν
733 2651 792 2686 ἅμα
805 2660 835 2677 τε

116 2713 128 2733 P
140 2710 226 2741 Matth.
242 2722 305 2749 xxv,
320 2716 365 2744 Η.

850 889 873 917 Β

889 263 936 290 tim
951 263 1014 290 victi
1031 272 1039 290 :
1056 263 1192 298 quomodo
1205 263 1232 290 in
1246 263 1289 290 his
1304 268 1350 291 aut
1370 265 1493 296 victoria.
1513 270 1560 293 aut
1577 266 1669 301 lapsus

888 308 1064 337 immutabilis
1082 309 1137 337 sit?
1153 309 1246 343 Neque
1270 316 1332 337 vero
1357 310 1445 337 solum
1469 311 1495 338 in
1519 312 1671 339 actionibus

888 355 922 384 iis
936 363 996 391 quas
1013 355 1120 382 laudem
1135 359 1182 382 aut
1202 355 1428 389 vituperationem
1447 363 1597 390 merentur,
1615 365 1673 385 mu-

887 403 956 430 tatio
968 406 995 429 et
1012 401 1132 429 reiluxus
1152 401 1178 428 in
1193 401 1273 428 nobis
1291 401 1434 437 imperium
1449 402 1508 430 sine
1524 410 1674 438 repugnan-

889 449 924 475 tia
945 455 997 475 non
1013 447 1095 474 habet
1110 456 1118 474 :
1134 446 1184 475 sed
1203 447 1230 474 in
1251 447 1312 475 aliis
1335 454 1445 482 quoque
1459 449 1560 475 nostris
1574 456 1672 483 opera-

888 494 1007 521 tionibus
1021 498 1102 529 atque
1115 493 1315 522 aii'ectionibus.
1327 493 1394 521 Nam
1411 502 1498 530 neque
1509 502 1618 529 semper
1629 503 1670 521 sv-

886 540 962 572 dere,
975 547 1062 574 neque
1072 547 1178 566 rursum
1190 544 1264 566 stare
1279 546 1433 574 possumus.
1445 548 1506 566 eum
1519 548 1580 568 mox
1592 540 1670 575 juxta

886 584 1045 611 alterutrius
1061 589 1186 610 naturam
1202 583 1300 610 virium
1317 584 1441 611 remissio
1451 583 1491 620 [in
1503 583 1559 620 his]
1570 592 1667 612 exces-

887 637 946 658 sum
969 629 1066 665 206a
1097 634 1288 663 consequatur.
1310 629 1387 663 Quod
1407 637 1453 664 per
1475 629 1670 658 elementorum

886 675 914 702 in
927 675 1004 702 nobis
1016 675 1176 702 varietatem
1193 679 1221 702 et
1234 682 1353 709 pugnam
1370 675 1528 709 contingere
1549 681 1669 703 constat.

886 721 968 748 Calor
986 721 1060 748 enim
1089 721 1122 748 ad
1147 728 1245 756 supera
1271 720 1385 754 impellit
1412 730 1420 748 :
1446 725 1582 748 terrenum
1606 729 1671 748 vero

886 767 1022 801 quodest,
1034 767 1161 794 deorsum
1173 767 1270 801 vergit,
1283 772 1363 801 atque
1377 767 1409 793 ad
1423 772 1522 794 terram
1536 767 1669 800 detrahit;

886 817 966 847 atque
982 812 1008 838 in
1029 811 1163 838 similibus
1186 811 1246 839 aliis
1270 811 1303 838 ad
1326 812 1451 838 eumdem
1476 813 1584 840 modum
1611 820 1671 847 quae

886 866 952 885 sane
965 859 992 885 in
1003 858 1171 892 incorporeis
1185 857 1289 884 naturis
1301 857 1388 884 locum
1403 865 1456 884 non
1469 858 1603 885 obtinent.
1616 859 1670 886 Sed

885 904 1113 938 quemadmodum
1143 903 1169 930 in
1197 903 1274 930 nobis
1303 903 1442 934 varietas,
1475 903 1671 938 multiplexque

885 950 984 982 forma,
1013 950 1054 977 sic
1066 949 1093 976 iu
1112 949 1181 984 ipsis
1198 949 1265 976 nihil
1281 949 1397 981 varium,
1415 954 1443 976 at
1464 957 1515 976 una
1540 955 1669 984 perpetua

885 995 971 1022 forma
988 995 1099 1022 residet.
1111 994 1189 1022 Unde
1202 994 1338 1029 simplices
1351 994 1400 1022 hos
1419 999 1500 1029 atque
1512 995 1662 1022 uniformes

886 1042 951 1069 illud
966 1041 1152 1076 consequitur,
1174 1045 1201 1067 ut
1220 1040 1329 1067 alterari
1346 1045 1428 1074 atque
1443 1041 1540 1067 mutari
1558 1041 1666 1067 nonnisi

885 1087 1028 1116 diiilculter
1047 1086 1165 1122 possint.
1192 1086 1341 1120 composita
1360 1094 1425 1114 vero
1445 1086 1593 1114 comitatur
1609 1094 1669 1113 nm-

886 1133 952 1161 tatio
967 1137 1049 1168 atque
1067 1130 1203 1159 alteratio.
1226 1131 1302 1164 Quod
1324 1135 1414 1158 autem
1434 1139 1487 1158 non
1507 1131 1594 1158 omnis
1610 1139 1669 1159 om-

885 1179 950 1207 nino
970 1177 1176 1206 immutabilitas
1199 1185 1232 1205 ne
1251 1177 1285 1204 ab
1307 1176 1474 1212 incorporeis
1494 1177 1603 1212 quidem
1622 1185 1670 1203 ua-

886 1226 954 1253 turis
982 1224 1077 1253 abesse
1097 1225 1221 1251 videatur
1245 1222 1360 1255 (daemon
1381 1223 1452 1249 enirn
1485 1229 1517 1249 ex
1541 1223 1612 1249 bono
1641 1222 1667 1248 in

886 1271 985 1299 malum
1014 1274 1134 1298 mutatus
1160 1269 1213 1304 est)
1228 1268 1292 1295 illud
1317 1269 1387 1295 forte
1410 1268 1509 1302 aliquis
1528 1273 1668 1303 praetexat,

887 1317 958 1352 quod
978 1317 1035 1353 ipsa
1054 1323 1161 1351 quoque
1178 1316 1339 1349 incorporea
1355 1318 1450 1341 natura
1466 1321 1496 1341 ex
1521 1313 1670 1340 mutatione

886 1369 966 1398 atque
990 1362 1152 1390 alteratione
1176 1360 1283 1388 initium
1308 1359 1464 1395 sumpserit.
1490 1359 1556 1386 Nam
1578 1366 1593 1386 e
1617 1366 1669 1385 non

885 1408 1079 1437 exsistentibus
1103 1412 1131 1435 et
1153 1407 1210 1441 ipsa
1236 1406 1365 1441 producta
1383 1409 1435 1438 est,
1452 1404 1558 1432 tametsi
1577 1412 1591 1431 a
1611 1411 1670 1431 tua-

887 1455 961 1483 teria:
974 1453 1163 1481 commistione
1178 1452 1290 1479 liberam
1309 1451 1391 1478 habet
1403 1450 1618 1478 subsistentiatu.
1631 1450 1670 1476 Ac

887 1500 999 1528 forsitan
1019 1499 1101 1526 etiam
1119 1498 1153 1526 ob
1174 1497 1280 1524 unicam
1297 1497 1483 1528 mutationem,
1502 1503 1581 1522 nnam
1602 1503 1671 1529 quo-

889 1553 942 1581 que
957 1546 1005 1580 ipsi
1023 1544 1122 1572 mentis
1142 1543 1213 1570 illam
1228 1543 1255 1569 in
1274 1541 1372 1569 malum
1387 1541 1561 1568 mutationem
1576 1546 1670 1567 osten-

886 1593 993 1619 derunt.
1008 1591 1069 1617 litvo
1085 1589 1129 1616 ubi
1146 1589 1206 1623 pius
1217 1589 1271 1621 ille,
1287 1593 1311 1615 et
1329 1588 1415 1615 sacris
1439 1587 1482 1614 vir
1505 1586 1602 1614 studiis
1624 1586 1670 1613 de-

886 1638 958 1665 ditus
978 1635 1082 1667 retulit,
1098 1634 1222 1669 Origenis
1247 1633 1280 1660 de
1299 1632 1450 1664 daunouiis,
1480 1632 1595 1666 angelis,
1622 1632 1671 1659 ho-

885 1682 1016 1715 minibus,
1030 1681 1122 1712 astris,
1143 1679 1258 1714 aliisque
1280 1679 1332 1705 sub
1352 1682 1488 1712 aspectum
1511 1677 1670 1704 cadentibus

884 1729 1004 1758 conditis
1029 1727 1110 1755 rebus
1132 1726 1239 1760 impias.
1269 1725 1392 1755 stolidas.
1415 1729 1443 1751 et
1458 1724 1561 1750 erroris
1576 1723 1669 1757 plenas

886 1783 974 1811 nugas
995 1773 1113 1807 refellit;
1123 1773 1216 1807 sicque
1231 1772 1311 1799 tinem
1326 1770 1537 1805 quadragesimo
1549 1769 1671 1796 secundo

885 1822 966 1856 capiti
981 1819 1105 1855 imponit.

919 1866 964 1894 43.
990 1865 1018 1892 In
1029 1863 1152 1898 Sequenti
1164 1863 1261 1890 deinde
1273 1862 1362 1897 capite
1375 1861 1409 1888 de
1426 1861 1467 1888 his
1483 1860 1586 1887 duolms
1596 1867 1670 1894 quaa-

884 1914 931 1941 rit.
949 1911 1081 1942 Primum,
1098 1917 1147 1936 cur
1160 1913 1262 1936 sancta:
1274 1912 1302 1935 et
1317 1907 1498 1941 intelligibiles
1521 1910 1669 1941 potestates

885 1959 973 1995 (quod
986 1957 1094 1992 quidem
1118 1954 1284 1985 noverimus,
1309 1957 1390 1986 atque
1407 1961 1422 1979 e
1449 1953 1534 1979 sacris
1563 1951 1671 1978 Litteris

885 2002 1068 2039 didicerimus)
1078 2003 1118 2030 sic
1126 2003 1252 2029 virtutem
1261 2000 1295 2027 ab
1306 2000 1381 2026 initio
1389 1999 1420 2025 ad
1429 2004 1577 2026 extremum
1587 2005 1672 2031 usque

885 2049 1080 2079 immutabilem
1103 2048 1248 2078 retineant,
1264 2045 1490 2080 quemadmodum
1515 2043 1674 2078 improbita-

887 2103 939 2125 tem
955 2094 1095 2129 malignze?
1105 2094 1187 2126 Quam
1201 2093 1264 2119 item
1279 2090 1314 2118 ob
1324 2097 1445 2121 causam.
1460 2098 1521 2117 cum
1537 2089 1611 2115 multi
1626 2097 1669 2115 «s-

885 2147 943 2170 sent
956 2141 1077 2169 homines
1089 2138 1227 2174 puniendi,
1240 2138 1326 2172 ignem
1340 2136 1413 2164 dicat
1429 2137 1552 2163 Salvator
1566 2135 1670 2162 diabolo

885 2193 910 2216 et
921 2188 1020 2223 angelis
1031 2187 1087 2222 ejus
1106 2190 1230 2220 paratum
1245 2190 1269 2211 Ρ.
1303 2185 1392 2219 Atque
1417 2185 1450 2211 ad
1476 2183 1589 2218 primam
1611 2181 1672 2217 qui-

888 2236 948 2261 dem
970 2233 1157 2268 quaestionem,
1187 2236 1301 2265 utraque
1331 2230 1356 2256 in
1382 2234 1458 2264 parte
1483 2228 1671 2264 (angelorum,

886 2280 1006 2314 inquam,
1040 2282 1066 2304 et
1090 2275 1261 2311 tlzettlonum)
1290 2274 1432 2311 [naturae]
1459 2274 1671 2308 simplicitatem,

886 2334 946 2360 qua!
961 2333 1048 2359 neque
1059 2323 1208 2358 composita
1227 2330 1314 2356 neque
1328 2322 1403 2348 varia
1417 2322 1463 2354 sit,
1477 2321 1503 2348 iu
1520 2330 1600 2348 causa
1613 2329 1674 2349 esse

886 2372 960 2407 ponit
975 2379 982 2402 ;
998 2377 1030 2397 ac
1048 2377 1096 2404 per
1110 2369 1160 2395 hoc
1175 2376 1234 2395 eam
1248 2375 1354 2402 quoque
1382 2367 1436 2393 vim
1462 2367 1496 2394 iis
1524 2367 1622 2398 inesse,
1646 2372 1675 2394 ut

887 2416 1025 2451 oppesitas
1052 2414 1210 2442 mutationis
1237 2413 1357 2439 rationes
1372 2412 1511 2446 suscipere
1526 2418 1672 2447 nequeant.

889 2465 928 2491 Ad
955 2463 1066 2489 alteram
1095 2467 1176 2495 porro
1191 2459 1365 2494 qumstiunem
1390 2459 1533 2492 respondet
1549 2467 1556 2485 :
1572 2457 1676 2485 Idcirco

890 2510 977 2543 ignem
996 2505 1101 2534 diabolo
1125 2505 1236 2538 (‘jusque
1255 2503 1368 2538 angelis,
1390 2511 1442 2537 non
1469 2508 1559 2530 autem
1587 2503 1675 2530 horni-

889 2556 968 2583 nibus
984 2557 1174 2588 prarparatum,
1197 2549 1291 2581 scribi,
1308 2549 1436 2584 quoniam
1463 2549 1489 2575 in
1517 2549 1595 2575 nobis
1622 2555 1675 2574 non

890 2600 1027 2634 inopinata
1055 2598 1119 2624 site
1135 2597 1205 2622 malo
1232 2595 1257 2621 in
1282 2594 1379 2621 melius
1397 2594 1522 2626 mutatio,
1547 2601 1608 2620 cum
1638 2591 1675 2619 illi

890 2646 1048 2673 continuata
1063 2650 1110 2670 sua
1124 2641 1274 2672 voluntate,
1299 2638 1398 2666 nullam
1414 2639 1447 2666 de
1468 2646 1498 2666 se
1518 2646 1593 2673 spem
1613 2637 1676 2664 rcli‘

702 2770 819 2799 νΑῐιιιΕ
840 2769 1044 2798 LECTIONES.

107 2834 272 2875 πτὰσωμάτου
289 2842 321 2874 Α,
333 2840 484 2875 αὐτομάτου
498 2849 529 2872 ς.
567 2840 589 2856 δ⁰
601 2840 630 2866 τδ
645 2839 690 2874 δὲ]

83 2867 213 2905 Διθῖτηςό
223 2867 406 2913 ἁνῆρνῖιυιρτίί
460 2875 482 2891 ⁸³
498 2867 529 2901 τὸ
542 2875 608 2910 πῦρι
627 2867 721 2902 ΜιιιίΙι.
738 2883 801 2908 xxv,
817 2874 860 2901 lii.

717 2840 831 2866 fortasse
843 2839 895 2874 lug_
911 2837 958 2864 τοῦ
969 2837 1007 2864 δὲ.

1060 2836 1082 2852 ⁸¹
1097 2834 1173 2867 οὗτος
1190 2835 1289 2862 delevit
1304 2836 1337 2862 A.
1375 2834 1398 2850 “
1411 2831 1490 2869 ἀνὴρ]
1511 2829 1587 2864 οὗτος
1608 2831 1675 2867 ἀνὴρ

903 2874 926 2890 ⁸⁸
940 2872 1022 2899 αὑτοῦ
1035 2881 1089 2900 om.
1112 2873 1144 2898 Λ.
1182 2871 1204 2887 ⁸⁵
1225 2871 1355 2905 ἀδόκητος
1373 2878 1402 2901 ς.
