1920 3090
218 153 271 185 823

790 159 923 190 PHOTII
938 159 1192 190 PATRIARCHE
1202 158 1258 189 ΟΡ.

1792 151 1847 184 824

217 217 299 245 quatn
313 209 436 238 fecerint.
456 210 615 239 Pradictam
636 219 702 248 ergo
716 212 866 242 Salvatoris
888 221 998 243 senten-

1051 215 1127 242 λύσιν
1147 214 1246 248 ἐπάγει
1272 212 1322 248 τῆς
1337 211 1466 245 δευτέρας
1485 209 1614 244 ἀπορίας,
1636 207 1684 235 καὶ
1710 207 1841 243 δεύτερον
1866 227 1868 229 μ

220 261 284 283 ttam
313 256 392 284 simul
409 256 505 292 206!)
520 265 569 292 pro
594 258 729 288 solutione
755 260 933 289 dubitationis
955 269 1000 289 se-

217 303 311 330 cundae
326 302 413 335 allcrt,
439 307 465 329 et
487 303 568 330 simul
591 312 640 339 pro
655 305 742 333 altero
756 312 928 341 argumento,
947 314 1003 342 quo

217 349 370 374 dmmonum
386 353 512 375 naturam
536 357 551 377 e
566 350 638 378 malo
656 358 710 378 non
736 353 836 379 mutari
855 359 935 387 posse
959 360 1003 380 os»

220 396 357 421 tendatur.

250 439 316 467 Post
335 439 392 467 hmc
405 440 493 475 capite
517 441 553 468 44
569 442 717 474 excutitur,
742 450 795 478 qua
811 442 844 470 de
856 451 937 471 causa
954 444 1001 479 qui

216 486 429 520 regenerationis
457 486 565 513 lavacro
589 487 708 522 tingentli
735 489 877 521 accedunt,
894 489 1001 517 Satanze

214 535 242 557 et
253 531 382 564 operibus
392 531 450 565 ejus
467 532 592 559 nuntium
615 534 753 560 remittant
768 543 776 561 :
792 543 845 561 non
869 535 931 562 item
951 536 1000 562 lto-

217 575 333 602 minibus
348 576 488 610 improbis,
505 584 654 612 eorumque
665 578 838 606 actionibus?
855 579 1000 607 Enimvero

215 620 236 646 si
251 629 303 648 non
326 623 477 649 diemonnm
506 627 619 654 natura).
645 625 691 650 sed
716 625 842 658 operibus
868 625 1001 653 duntaxat

213 674 319 698 eorum,
337 673 465 702 tanquam
484 668 573 700 malis,
593 670 792 701 renuntiamus,
811 671 868 704 pari
893 672 1000 699 ratione

215 713 358 746 oportebat
382 713 520 740 hominum
549 722 603 741 non
621 719 723 742 naturae
738 716 856 750 quidem,
878 722 907 744 at
927 723 1000 745 certe

215 758 345 790 operibus
359 759 524 786 renuntiare.
540 758 599 786 Non
616 760 688 786 enim
711 762 782 795 quod
800 761 914 796 majora,
929 762 1000 789 dim-

216 803 321 834 ciliora,
335 810 367 831 ac
381 811 461 838 supra
475 810 598 833 naturam
617 811 738 834 nostram
750 807 902 836 daemonum
915 816 1000 844 opera

215 849 279 880 sint,
294 854 366 876 recte
378 850 511 884 quispiam
528 859 577 886 pro
593 851 772 880 dubitationis
794 854 934 883 solutione
958 856 998 883 di-

216 894 295 921 xerit.
314 895 380 922 Natn
394 898 558 924 contrarium
585 898 674 932 potius
701 899 752 927 hoc
776 900 863 934 ipsum
889 901 999 928 dubittm

215 945 295 974 auget
309 948 317 967 :
336 940 358 967 si
369 941 476 975 quidem
491 942 536 968 illa
553 943 685 977 quispiam
701 951 736 971 ne
756 945 891 977 admittat,
906 947 1002 980 depre-

215 990 301 1018 cetur,
316 993 368 1013 non
386 994 445 1021 qua:
459 986 548 1015 facere
575 989 646 1016 nttllo
674 989 753 1017 modo
781 992 877 1024 possit,
906 993 953 1020 sed
968 993 1002 1021 ad

215 1036 274 1063 quae
290 1029 393 1065 agenda
408 1031 568 1065 propeudct.
594 1031 681 1066 Ipsam
699 1034 783 1067 igitur
803 1034 1000 1064 dubitationem

214 1075 255 1102 sic
269 1074 324 1102 fere
339 1075 456 1103 instituit
473 1086 480 1104 :
501 1077 579 1112 cujus
599 1079 668 1106 hanc
694 1079 805 1114 subjicit
826 1080 1000 1110 solutionem.

214 1119 332 1146 Primam
346 1121 467 1155 quidem,
481 1122 551 1156 quod
563 1123 699 1150 dmmones
712 1124 869 1159 resipiscere
880 1133 932 1153 non
939 1134 1002 1161 pos-

213 1165 268 1192 sint
283 1174 290 1193 :
306 1167 378 1200 quod
395 1167 488 1202 utique
510 1167 589 1202 longe
613 1169 722 1204 gravius
739 1175 821 1205 atque
837 1172 1000 1199 abominan-

213 1211 276 1238 dum
293 1213 378 1247 magis
392 1218 445 1246 est,
455 1221 536 1248 quam
555 1214 608 1242 alia
620 1215 703 1243 multo
717 1218 843 1251 graviora
866 1223 976 1252 peccata
990 1228 998 1246 :

212 1257 259 1284 sed
272 1266 332 1293 quae
345 1258 379 1285 ab
389 1259 607 1295 hotniuibus,qui
623 1268 672 1296 per
684 1263 874 1296 ptenitentiam
887 1264 913 1291 in
927 1265 998 1292 viam

213 1305 304 1332 reduci
319 1305 433 1339 possint,
447 1306 664 1334 committuntur.
675 1307 794 1335 Alteram
807 1309 912 1344 deinde,
928 1311 998 1344 quod

212 1348 246 1376 ab
260 1350 338 1376 initio
364 1350 500 1384 Salvator,
523 1355 551 1378 et
574 1352 730 1379 securitatis
759 1358 857 1381 nostrae
876 1359 998 1388 curator,

213 1395 357 1422 tertninum
389 1396 594 1423 inimicitiarum
626 1397 814 1430 immobilem,
849 1399 997 1427 daemonem

213 1442 283 1470 inter
307 1447 335 1470 et
362 1443 486 1471 homines
514 1443 670 1478 praelixerit,
696 1449 726 1471 ut
750 1445 881 1473 adversus
910 1446 996 1481 ipsum

212 1489 301 1515 odium
315 1489 467 1516 immortale
482 1490 553 1517 inter
566 1490 671 1525 seipsos
682 1497 835 1523 servantes,
860 1500 997 1527 nunquam

211 1530 326 1564 amplius
353 1530 470 1558 oblatam
498 1531 532 1558 ab
559 1532 617 1566 ipso
652 1532 774 1559 fraudem
804 1533 994 1568 excipiamus:

212 1577 436 1610 quemadmodum
452 1576 533 1604 etiam
547 1577 646 1611 singuli
670 1578 715 1611 qui
730 1579 914 1612 baptizautur,
941 1584 997 1606 tau-

211 1629 292 1656 quam
310 1620 448 1648 fateantur
462 1630 492 1650 se
509 1623 541 1650 ad
558 1623 583 1650 id
599 1631 684 1658 usque
700 1628 805 1659 tempus
824 1633 886 1652 cum
911 1626 998 1660 primo

212 1675 260 1694 suo
278 1673 388 1703 parente
405 1669 507 1696 Adamo
531 1670 661 1704 deceptos
679 1670 773 1702 fuisse,
797 1676 870 1698 recte
896 1679 928 1698 ac
953 1679 998 1699 sa-

211 1714 316 1748 pienter
331 1714 358 1740 in
373 1720 510 1746 posterum
524 1715 676 1750 deceptoris
688 1716 817 1743 amicitia:
830 1716 997 1744 renuntiant.

211 1761 249 1788 De
262 1761 415 1788 hominibus
428 1766 530 1792 autem,
556 1761 662 1788 tametsi
677 1761 799 1796 improbe
813 1762 914 1796 vivant,
929 1761 997 1789 nihil

212 1807 265 1834 tale
277 1806 418 1839 Dominus,
430 1806 494 1841 quin
515 1807 605 1839 potius
621 1807 789 1834 contrarium
802 1808 912 1843 penitus
925 1817 996 1845 pra-

211 1852 292 1886 cepit.
308 1852 346 1879 Ac
365 1852 398 1879 de
411 1852 547 1880 sexcentis
565 1852 591 1880 id
603 1859 688 1887 genus
701 1851 773 1886 aliis,
792 1860 852 1888 qua:
867 1854 910 1882 hic
923 1863 997 1883 com-

212 1904 362 1925 memorare
375 1901 509 1932 poteram,
525 1905 608 1924 ttnum
623 1897 688 1924 illud
699 1904 714 1925 e
727 1898 847 1926 maxime
870 1907 997 1928 necessa-

211 1944 269 1977 riis,
300 1943 372 1978 quod
399 1944 525 1971 charitati
553 1949 653 1971 mutuae
672 1945 841 1979 prospiciens
868 1947 997 1976 Ecclesia:

210 1990 252 2017 lex
268 1990 363 2025 (quam
380 1989 453 2017 mille
468 1990 553 2017 modis
566 1990 705 2024 improbus
722 1991 827 2018 daamon
843 1992 997 2022 discindere

211 2035 341 2069 conatur)
355 2034 429 2061 omni
449 2042 510 2061 eam
527 2034 572 2061 via
584 2041 616 2062 ac
639 2035 771 2069 sapientia
787 2042 950 2070 componere
964 2046 997 2066 ac

210 2085 371 2106 conservare
381 2077 469 2111 jubet.
502 2078 593 2112 Quare
618 2086 709 2113 neque
734 2080 808 2113 ipsos
837 2081 996 2115 improbos,

212 2123 328 2158 proximi
344 2132 406 2151 cutn
419 2124 473 2151 sint
485 2129 510 2156 ιι,
526 2132 574 2160 pro
586 2125 762 2152 exsecrandis
785 2127 897 2159 habere,
913 2134 996 2162 atque

212 2170 274 2197 odio
287 2177 347 2197 esse
364 2170 494 2204 pertnittit
510 2179 517 2197 :
531 2170 579 2197 sed
602 2175 707 2203 contra.
737 2172 826 2206 quoad
854 2172 913 2207 ejus
937 2174 995 2201 lieri

1051 259 1227 295 ἐπιχείρημα,
1250 258 1315 295 [656
1336 256 1381 293 IL]
1405 256 1439 283 δι’
1465 252 1495 282 οὗ
1521 255 1551 281 τὸ
1575 253 1765 289 ἀμετάϐλητον
1788 253 1844 280 ἀπὸ

1051 306 1150 337 κακίας
1163 305 1213 340 τῆς
1228 303 1369 339 δαιμονίας
1386 300 1571 328 ἐπιδείκνυται
1589 300 1708 334 φύσεως.

1085 437 1148 463 Ἐπὶ
1162 436 1189 462 δὲ
1203 436 1308 466 τούτοις
1325 436 1353 461 ἐν
1375 434 1414 469 τῷ
1432 434 1473 469 μδ’
1488 432 1629 469 κεφαλαίῳ
1651 433 1840 468 διερευνᾶται,

1050 482 1121 514 τινος
1133 483 1212 517 χάριν
1227 482 1252 508 οἱ
1270 480 1310 516 τῷ
1327 479 1431 515 λουτρῷ
1455 480 1505 514 τῆς
1528 478 1740 512 παλιγγενεσίας
1752 485 1843 513 προσ-

1051 528 1193 563 ερχόμενοι
1204 527 1243 562 τῷ
1258 526 1307 562 μὲν
1324 526 1433 561 Σατανᾷ
1446 525 1494 551 καὶ
1508 525 1564 555 τοῖς
1575 524 1666 559 ἔργοις
1675 523 1757 550 αὐτοῦ
1773 523 1844 550 ἀπο-

1050 573 1208 605 τάσσονται,
1225 572 1318 599 οὐκέτι
1336 572 1364 598 δὲ
1394 571 1440 598 καὶ
1468 571 1523 601 τοῖς
1541 571 1669 605 πονηροῖς
1686 568 1844 605 ἀνθρώποις

1050 619 1098 646 καὶ
1114 621 1174 651 ταῖς
1187 618 1290 645 τούτων
1305 618 1421 654 πράξεσι
1432 625 1440 633 ι
1459 617 1550 644 καίτοι
1566 624 1610 650 γε,
1634 616 1658 642 εὶ
1678 615 1715 651 μὴ
1731 616 1766 650 τῇ
1786 615 1844 642 τῶν

1049 665 1187 700 δαιμόνων
1204 664 1283 700 οὐσία
1299 664 1367 691 ἀλλὰ
1385 665 1442 695 τοῖς
1459 663 1550 698 ἔργοις
1567 661 1656 688 αὐτῶν
1672 661 1710 693 ὡς
1726 661 1842 696 φαύλοις

1050 710 1273 746 ἀποτασσόμεθα,
1301 710 1385 746 ἐχρῆν
1404 710 1452 736 καὶ
1467 710 1500 744 τῇ
1530 708 1584 735 τῶν
1613 707 1764 742 ἀνθρώπων
1792 707 1843 742 μὲν

1049 757 1128 792 οὐσίᾳ
1144 757 1182 792 μὴ
1209 755 1422 788 ἀποτάσσεσθαι,
1436 755 1492 786 τοῖς
1515 753 1607 789 ἔργοις
1620 753 1641 780 δ’
1663 753 1753 781 αὐτῶν
1771 753 1843 779 ἀπο-

1049 803 1207 830 τάσσεσθαι.
1222 803 1259 829 Οὐ
1274 803 1328 836 γὰρ
1341 801 1382 828 ὅτι
1398 800 1512 835 μείζονα
1533 799 1581 826 καὶ
1596 798 1775 834 χαλεπώτερα
1794 799 1844 825 καὶ

1052 849 1123 885 ὑπὲρ
1139 849 1189 884 τὴν
1204 848 1282 884 ἡμῶν
1304 847 1388 883 φύσιν
1403 847 1439 874 τὰ
1452 847 1506 874 τῶν
1520 846 1656 882 δαιμόνων
1670 846 1749 882 ἔργα,
1762 845 1844 872 τοῦτο

1053 895 1085 921 ἄν
1100 903 1141 926 τις
1157 894 1234 921 λύσιν
1249 893 1308 929 θείη
1329 893 1376 920 τοῦ
1393 894 1589 929 ἀπορήματος·
1608 891 1763 918 τούναντίον
1786 891 1843 925 γὰρ

1054 940 1155 975 μᾶλλον
1174 939 1285 971 αὐξάνει
1303 939 1334 965 τὸ
1350 939 1462 972 ἄπορον,
1481 938 1560 972 εἴπερ
1575 937 1668 964 ἐκεῖνά
1688 945 1730 968 τις
1751 937 1845 972 ἀμαρ-

1051 987 1142 1013 τάνειν
1165 985 1326 1020 ἀπεύχεται,
1346 985 1395 1019 οὐχ
1424 984 1441 1011 ἃ
1462 983 1530 1019 μηδὲ
1547 983 1679 1019 πράττειν
1706 982 1841 1016 πέφυκεν,

1051 1033 1110 1059 ἀλλ’
1124 1031 1162 1059 ὢν
1184 1033 1224 1064 εἰς
1251 1031 1300 1067 τὴν
1316 1030 1418 1066 πρᾶξιν
1440 1029 1638 1065 καταφέρεται.
1654 1028 1710 1064 Τὴν
1725 1029 1775 1064 μὲν
1794 1025 1843 1054 οὖν

1051 1078 1170 1114 ἀπορίαν
1187 1077 1259 1104 οὕτω
1283 1077 1439 1112 συγκροτεῖ.
1462 1075 1547 1102 Λύσιν
1562 1074 1590 1107 δὲ
1611 1074 1708 1108 ἐπάγει
1729 1073 1844 1109 πρώτην

1052 1125 1101 1159 μὲν
1127 1123 1157 1150 τὸ
1176 1124 1230 1150 τῶν
1250 1123 1386 1157 δαιμόνων
1409 1122 1604 1157 ἀμετανόητον,
1622 1121 1691 1155 ὅπερ
1720 1119 1780 1146 ἐστὶ
1794 1121 1844 1146 καὶ

1052 1171 1107 1196 τῶν
1120 1170 1188 1196 πολὺ
1212 1168 1261 1204 μὲν
1278 1168 1478 1204 χαλεπωτέρων
1495 1166 1713 1203 ἁμαρτημάτων.
1734 1165 1842 1200 ἀνθρὼ-

1050 1223 1111 1247 ποις
1126 1215 1154 1242 δὲ
1174 1215 1387 1250 πραττομένων,
1413 1215 1461 1241 ἀτε
1481 1212 1514 1248 δὴ
1541 1211 1671 1247 μετανοίᾳ
1699 1210 1843 1246 μεθοδεύε-

1051 1262 1112 1288 σθαι
1128 1260 1302 1294 δυναμένων,
1328 1260 1388 1286 λίαν
1404 1258 1554 1295 βαρύτερόν
1576 1266 1606 1284 τε
1630 1257 1676 1284 καὶ
1699 1256 1844 1292 βδελυκτο-

1049 1316 1139 1341 τερον.
1153 1306 1289 1342 Δευτέραν
1304 1307 1343 1338 δὲ,
1359 1306 1397 1337 ὡς
1411 1306 1458 1332 ἀπ’
1476 1304 1564 1340 ἀρχῆς
1575 1305 1590 1331 ὸ
1611 1303 1707 1339 Σωτὴρ
1725 1303 1774 1329 καὶ
1792 1302 1844 1337 τῆς

1049 1354 1198 1388 ἀσφαλείας
1224 1352 1304 1388 ἡμῶν
1324 1352 1478 1388 προνοητὴς
1500 1351 1562 1386 ὅρον
1585 1349 1684 1385 ἔχθρας
1707 1349 1851 1388 ἀμετακί-¹

1049 1409 1129 1435 νητον
1147 1399 1249 1435 μεταξὺ
1265 1400 1311 1425 τοῦ
1327 1407 1356 1425 τε
1367 1397 1491 1424 διαϐόλου
1503 1396 1549 1423 καὶ
1564 1395 1642 1431 ἡμῶν
1658 1395 1787 1430 ἐπήξατο,
1803 1394 1843 1426 ὡς

1051 1446 1083 1474 ἂν
1098 1446 1149 1482 τὴν
1166 1447 1234 1482 πρὸς
1249 1445 1330 1471 αὑτὸν
1345 1444 1447 1480 ἔχθραν
1462 1443 1602 1478 ἀκήρατον
1613 1443 1642 1468 ὲν
1664 1441 1771 1473 ἑαυτοῖς
1782 1441 1843 1468 δια-

1050 1493 1184 1526 σώζοντες
1200 1491 1300 1528 μηκέτι
1312 1490 1375 1526 περ⁹
1386 1489 1469 1516 αὑτοῦ
1484 1487 1694 1523 προσαγομένην
1703 1487 1754 1522 τὴν
1768 1487 1844 1514 ἀπά-

1009 1554 1031 1582 c
1048 1547 1098 1574 την
1113 1538 1295 1573 εἰσδεξώμεθα
1312 1537 1345 1563 ⁵⁸.
1365 1536 1410 1562 Διὸ
1425 1536 1472 1562 καὶ
1486 1534 1540 1561 τῶν
1554 1532 1748 1582 φωτιζομένων
1759 1532 1844 1582 Exse-

1048 1593 1104 1617 τος,
1115 1584 1209 1619 ὥσπερ
1218 1582 1357 1619 ὁμολογῶν
1366 1583 1399 1617 τῇ
1412 1580 1458 1608 τοῦ
1469 1581 1640 1616 προπάτορος
1651 1579 1745 1616 ἀπάτῃ
1760 1578 1844 1614 μέχρι

1048 1632 1109 1657 τότε
1131 1629 1301 1664 συνέχεσθαι,
1314 1628 1403 1660 καλῶς
1413 1636 1442 1654 τε
1453 1628 1500 1653 καὶ
1510 1626 1646 1661 θεοσόφως
1659 1626 1688 1652 τὸ
1700 1625 1794 1652 λοιπον
1809 1626 1843 1660 τῇ

1050 1676 1117 1711 πρὸς
1132 1676 1236 1702 ἐκεῖνον
1251 1674 1434 1701 ἀποτάσσεται
1446 1673 1530 1708 φιλίᾳ.
1552 1672 1615 1699 Ἐπὶ
1629 1672 1658 1699 δὲ
1667 1671 1722 1698 τῶν
1735 1671 1844 1705 ἀνθρὼ-

1050 1730 1120 1753 πων,
1135 1721 1187 1747 κᾶν
1212 1721 1329 1756 πονηρίᾳ
1343 1720 1460 1751 συξῶσιν
1471 1740 1478 1752 ,
1491 1719 1567 1746 οὐδὲν
1586 1717 1716 1748 τοιοῦτον.
1731 1717 1776 1743 ῐνα
1804 1716 1844 1751 μὴ

1050 1767 1123 1800 λέγω
1134 1767 1189 1793 ’πᾶν
1199 1765 1363 1797 τούναντίον,
1371 1765 1385 1790 δ
1396 1765 1534 1800 Δεσπότης
1541 1764 1680 1790 ἐκέλευσε.
1688 1763 1744 1789 Καὶ
1757 1763 1844 1797 μυρία

1050 1813 1099 1847 μὲν
1113 1812 1186 1839 ἐστιν
1194 1813 1280 1838 εἰπεῖν
1289 1811 1337 1838 καὶ
1348 1810 1415 1838 ἄλλα
1425 1831 1432 1842 ,
1449 1810 1477 1836 ἓν
1488 1810 1516 1836 δὲ
1533 1809 1587 1836 τῶν
1606 1807 1842 1842 ἀναγκαιοτάτων,

1047 1858 1084 1890 ὡς
1103 1858 1152 1893 τῆς
1167 1858 1206 1889 είς
1217 1856 1348 1892 ἀλλήλους
1364 1856 1474 1891 ἀγάπης
1483 1857 1496 1882 ό
1505 1856 1554 1890 τῇς
1570 1853 1732 1888 Ἐκχλησίας
1741 1853 1842 1888 θεσμὸς

1050 1904 1248 1940 προνοούμενος
1259 1924 1266 1935 ,
1288 1904 1322 1939 ἣν
1350 1902 1539 1938 μυριοτρόπως
1551 1902 1565 1928 ό
1579 1899 1696 1935 πονηρὸς
1723 1899 1842 1933 διασπᾷν

1046 1950 1197 1984 ἐπείγεται,
1215 1949 1291 1984 πάσῃ
1310 1948 1414 1984 μεθόδῳ
1443 1947 1491 1974 καὶ
1520 1946 1601 1981 σοφίᾳ
1624 1945 1786 1979 συγκροτεῖν
1811 1952 1841 1970 τε

1046 1995 1147 2031 ταύτην
1163 1995 1210 2021 καὶ
1227 1995 1348 2029 συνέχειν
1372 1992 1521 2028 νομοθετεῖ.
1537 1991 1583 2018 Διδ
1590 1990 1650 2019 οὐδὲ
1663 1990 1762 2021 αὐτοὺς
1777 1989 1842 2020 τοὺς

1048 2041 1168 2076 φαύλους
1179 2040 1331 2075 ὁμοφύλους
1344 2039 1423 2071 ὄντας
1439 2037 1629 2074 βδελύττεσθαι
1641 2035 1688 2063 καὶ
1696 2036 1788 2070 μισεῖν
1798 2036 1841 2070 ἐᾷ,

1046 2088 1076 2115 τὸ
1086 2087 1219 2114 ἀνάπαλιν
1237 2087 1265 2113 δὲ
1279 2086 1403 2121 στέργειν
1419 2093 1450 2112 τε
1477 2084 1524 2111 καὶ
1535 2084 1632 2119 φιλεῖν,
1646 2083 1698 2117 ὅση
1713 2082 1840 2116 δύναμις,

1046 2134 1091 2161 ναὶ
1101 2133 1133 2168 δὴ
1149 2133 1196 2159 καὶ
1203 2132 1224 2148 ⁸⁷
1238 2129 1498 2167 κάθαρσινῖὖιΟΗ.]
1513 2130 1563 2165 μὲν
1574 2129 1625 2164 τῆς
1633 2127 1769 2163 πονηρίας
1793 2127 1842 2153 καὶ

1047 2178 1196 2214 θεραπείαν
1222 2178 1351 2210 ἐπινοεῖν,
1367 2174 1625 2213 προσλαμϐάνεσθαι
1650 2174 1689 2204 δὲ,
1714 2172 1774 2199 ἀλλ’
1791 2173 1842 2198 οὐκ

211 2220 309 2250 ιιοιθειο
324 2223 418 2243 amare
441 2215 518 2250 ίυιίει
542 2221 623 2251 “We
642 2217 762 2252 (Μίὲθνει
792 2218 848 2246 Ιηὶο
875 2227 939 2246 νεΓο
962 2220 996 2246 de
1013 2231 1036 2259 ι)
1050 2225 1231 2253 ἀπωθεῖσθαι.
1254 2224 1309 2250 Καὶ
1329 2223 1409 2250 τοῦτο
1434 2221 1539 2253 Παῦλος
1557 2221 1579 2236 ⁸⁸
1597 2220 1667 2255 μετὰ
1680 2219 1735 2246 τῶν
1751 2218 1841 2245 ἄλλων

210 2262 349 2296 purganda
368 2262 543 2296 eurandaque
562 2262 664 2289 malitia
681 2264 813 2297 cogitare,
828 2264 941 2298 illosque
963 2266 995 2292 ad

210 2314 240 2334 se
258 2314 377 2339 sumere,
395 2307 468 2334 nullo
486 2312 576 2335 autern
593 2309 672 2336 modo
695 2310 836 2343 repellere,
864 2311 995 2345 praeripit.

210 2353 336 2387 Idemque
348 2353 446 2380 Paulus
458 2353 527 2381 inter
537 2354 588 2380 alia
601 2359 692 2381 mouet
701 2375 709 2386 ,
731 2354 776 2389 qui
788 2353 887 2382 Judacis
898 2356 996 2390 207a

211 2403 339 2433 tanquam
357 2398 475 2431 Judtrus,
491 2404 518 2427 ct
534 2400 660 2427 omnibus
675 2401 766 2427 omnia
781 2399 868 2428 factus
892 2406 942 2435 est,
967 2408 996 2429 ut

211 2445 321 2471 omnino
333 2444 436 2478 aliquos
453 2445 543 2472 salvos
558 2444 661 2474 iaceret
673 2451 697 2474 ι’.

247 2489 323 2522 Quod
339 2490 360 2517 si
376 2498 391 2516 ει
415 2491 605 2524 peccatoribus
617 2491 753 2526 justorum
770 2497 858 2520 cmtus
881 2492 943 2520 inde
963 2493 996 2520 ab

212 2535 289 2562 initio
309 2536 334 2562 in
355 2536 427 2564 huttc
441 2544 525 2572 usque
541 2537 612 2564 diem
629 2537 815 2570 abstinuisset,
834 2538 898 2572 quis
909 2538 1000 2566 salvus

211 2580 304 2607 esSet?
327 2581 467 2614 Quomodo
478 2575 602 2610 'utundus
619 2590 718 2617 sagena
737 2586 833 2617 captus
850 2588 936 2617 esset,
963 2584 997 2617 si,

214 2633 275 2653 ctttn
298 2633 455 2662 peccatores
485 2628 553 2655 nihil
583 2628 696 2656 invicem
724 2629 848 2656 utilitatis
871 2627 997 2662 aﬂ'crant,

249 2718 262 2738 τι
282 2713 377 2742 Matth.
401 2723 426 2748 ν,
454 2715 499 2748 44,
517 2715 562 2742 ιδ.
603 2715 639 2742 'l
659 2715 773 2749 Contx,
786 2716 831 2744 29.

1051 2273 1189 2308 παραινεῖ,
1215 2271 1245 2302 ὃς
1268 2270 1315 2297 καὶ
1338 2271 1394 2301 τοῖς
1417 2267 1555 2299 Ἰουδαίοις
1582 2267 1620 2298 ὡς
1648 2265 1777 2296 Ἰουδαῖος
1794 2263 1842 2290 καὶ

1049 2319 1106 2350 τοῖς
1123 2317 1251 2352 Ἕλλησιν
1271 2316 1293 2332 δ’
1322 2315 1359 2347 ὡς
1385 2314 1485 2349 Ἕλλην
1510 2313 1557 2340 καὶ
1583 2312 1639 2342 τοῖς
1669 2311 1784 2345 ἀνόμοις
1803 2309 1842 2339 ὡς

1050 2365 1149 2398 ἄνομος
1163 2363 1211 2389 καὶ
1224 2363 1281 2393 τοῖς
1296 2362 1363 2388 πᾶσι
1387 2360 1421 2386 τὰ
1435 2360 1523 2387 πάντα
1532 2358 1652 2393 ἐγένετο,
1667 2357 1711 2382 ἵνα
1729 2354 1842 2386 πάντως

1049 2408 1125 2438 τινάς
1140 2406 1225 2443 σώσῃ.

1084 2495 1114 2521 Εἰ
1129 2494 1157 2520 δὲ
1176 2494 1232 2525 τοῖς
1248 2492 1420 2528 ἁμαρτωλοῖς
1437 2491 1452 2517 ὁ
1476 2490 1531 2517 τῶν
1553 2489 1666 2517 δικαίων
1690 2489 1773 2524 χορὸς
1793 2488 1842 2515 ἀπ’

1047 2540 1135 2575 ἀρχῆς
1163 2539 1244 2575 μέχρι
1271 2538 1319 2566 νῦν
1336 2537 1517 2569 ἀπετάσσετο,
1531 2535 1572 2568 τίς
1594 2536 1627 2562 ἂν
1643 2535 1750 2569 ἐσώθης
1778 2534 1842 2565 Πῶς

1047 2586 1070 2612 δ’
1089 2586 1123 2613 ἂν
1142 2586 1156 2611 ὁ
1175 2585 1276 2620 κόσμος
1294 2582 1474 2618 ἑσαγηνεύθη,
1490 2582 1545 2608 τῶν
1563 2581 1612 2617 μὲν
1628 2580 1738 2615 φαύλών
1755 2580 1842 2615 ἀλλὴ-

1048 2630 1110 2661 λους
1124 2629 1200 2656 οὐδὲν
1213 2628 1400 2663 ὼφελοῦντων,
1415 2627 1470 2654 τῶν
1484 2626 1507 2653 δ’
1520 2625 1637 2660 ἀγαθῶν
1652 2625 1765 2657 τούτους
1781 2625 1842 2660 βδε-

850 2783 966 2811 ἾΑΒΙᾸΕ
983 2782 1190 2811 LECTIONES.

251 2838 274 2855 ‘“
288 2838 460 2878 εἰσδεξᾷμεοα
477 2848 507 2872 ς.
546 2841 566 2856 ‘7
583 2839 626 2867 ναὶ
642 2839 674 2874 δὴ
691 2840 738 2866 καὶ
757 2841 777 2867 Α
793 2848 800 2867 :
817 2840 862 2868 καὶ
874 2840 906 2877 δὴ
925 2849 954 2873 ς.
994 2841 1015 2857 ⁵³
1030 2839 1148 2876 Παῦλος]
1172 2840 1181 2867 Ι
1210 2839 1275 2872 Cor.
1303 2848 1341 2874 Ix,
1357 2840 1418 2878 i0._
1457 2840 1479 2857 υ
1495 2842 1541 2869 καὶ
1571 2842 1628 2873 τοῖς
1654 2839 1789 2876 Ἓλλησιν
1801 2852 1840 2863 —-

215 2874 316 2908 ἄνομος
334 2875 395 2900 add.
415 2874 437 2900 Α
