1920 3090
60 141 115 174 825

577 141 839 174 BIBLIOTHECA.
859 155 894 161 -
913 144 995 174 COD.
1010 143 1151 174 CCXXII.

1635 143 1690 176 826

59 195 236 232 λυσσσμένων
249 204 279 223 τε
296 196 346 224 καὶ
358 191 594 232 ἀποπεμπόντωνς
616 196 698 224 Ἀλλὰ
711 198 759 225 καὶ
782 198 799 233 ἡ
815 197 850 233 τῷ

909 198 965 226 ‘nsti
981 199 1090 232 insuper
1107 199 1167 226 illos
1176 200 1386 226 exsecrarentur
1397 203 1429 225 ac
1447 196 1615 231 rejicerent?
1638 195 1692 224 Sed

62 243 157 278 Πέτρῳ
171 241 269 269 σινδὼν
285 241 411 276 ὀφθεῖσα,
429 243 478 269 καὶ
495 242 604 278 πλήρης
619 243 748 279 καθαρῶν
761 253 790 270 τε
805 245 852 271 καὶ

61 285 225 320 ἀκαθάρτων
249 285 328 318 ζώων
356 286 527 321 ὑπάρχουσα,
554 287 604 321 τὴν
630 289 852 324 συναναστροφὴν

62 328 163 363 μᾶλλον
188 329 238 355 καὶ
266 329 418 366 πρόσληψιν
437 330 492 356 τῶν
516 331 637 364 φαύλων,
668 331 725 358 ἀλλ’
748 333 778 358 οὑ
802 335 852 368 τὴν

61 375 239 410 ἀποστροφὴν
265 376 436 412 ὑπῃνίττετο.
459 377 490 403 Εἰ
517 378 545 404 δὲ
564 379 614 413 τὴν
641 379 751 414 ἀγάπην
780 379 851 406 οὕτω

59 421 201 456 πανταχοῦ
210 421 259 448 τοῦ
278 422 345 448 Θεοῦ
365 423 453 458 Λόγου
470 425 681 459 νομοθετοῦντος
698 426 745 452 καὶ
759 426 850 462 πάσης

58 467 142 502 ἄλλης
159 467 264 503 ἀρετῆς
280 468 465 504 ὑπερέχουσαν
481 471 526 497 διὰ
546 471 602 497 τῶν
624 471 707 498 αὑτοῦ
722 472 851 507 μαθητῶν

57 513 232 545 ἀναϐοῶντος
243 514 318 549 ὅμως
327 515 463 550 πολεμίως
474 518 543 552 προς
554 517 666 549 ἑαυτοὺς
677 517 848 552 διακείμεθα,

58 560 104 585 καὶ
120 560 224 594 μικροῦ
241 559 288 587 τὸν
313 561 426 595 πλησίον
453 562 579 596 ἕκαστος,
604 562 657 589 κᾶν
682 563 792 599 ἄριστος
819 563 849 602 ᾖ,

58 605 149 640 φθόνῳ
179 606 340 642 κακίζομεν,
367 607 423 634 ἔσθ’
448 608 492 635 ὅτε
504 608 533 635 δὲ
555 609 603 635 καὶ
627 609 848 644 ἐπιϐουλεύομεν,

59 651 122 687 [657
143 651 192 688 11.]
215 653 240 679 εἰ
265 653 393 688 τοιαύτης
418 654 547 690 ἀφορμῆς
568 655 750 690 ἐδραξάμεθα,
778 655 849 690 λέγω

58 698 89 732 δὴ
102 697 152 724 τοῦ
167 699 226 730 τοῖς
240 700 369 734 πονηροῖς
379 700 411 726 ὲκ
424 700 584 734 νομοθεσίας
598 709 628 727 τε
645 702 691 727 καὶ
704 701 849 735 ὁμολογίας

58 744 276 777 ἀποτάσσεσθαι,
294 744 350 779 ἐγὼ
368 745 416 780 μὲν
438 745 468 778 ἐξ
486 743 523 772 ὧν
542 747 598 782 ὁρῶ
617 747 648 773 τὸ
668 747 847 783 ἀνθρώπινον,

58 791 184 822 καὶτοὺς
201 791 352 827 εὐεργέτας
369 792 451 828 φημὶ.
466 792 526 819 ἐπεὶ
545 793 610 824 τούς
622 792 654 827 γέ
674 802 700 819 τι
724 793 849 828 παραλυ-

58 836 190 869 ποῦντας,
208 837 261 863 κᾶν
275 837 386 869 δικαίως
404 837 483 864 τοῦτο
500 838 652 872 πράττωσι,
683 839 793 870 πάντως
815 838 848 866 ἂν

59 883 186 914 ἐκτόπως
207 883 359 917 ὲμισοῦμέν
378 892 408 910 τε
435 884 483 910 καὶ
498 869 737 919 ἀπεστρεφύμεθα,
758 869 806 912 ἆτε
817 884 850 918 δὴ
865 869 887 896 Β

58 928 272 964 παρακάλυμμα
285 929 336 964 τῆς
346 929 479 965 φθονερᾶς
492 930 606 965 γνώμης
623 930 670 957 καὶ
684 929 735 964 τῆς
752 930 852 965 πολλῆς

59 975 101 1008 ἔτ’
123 972 166 1006 οἷς
190 975 326 1010 μισοῦμεν
348 975 481 1011 ἀλλήλους
495 976 627 1011 αἰσχύνης
641 976 691 1012 τὴν
714 976 790 1003 θείαν
804 977 849 1002 ὲν-

57 1020 140 1054 τολὴν
165 1020 382 1056 προϐαλλόμενοι
406 1021 453 1048 καὶ
482 1022 631 1058 συνήγορον
654 1022 771 1057 ἔχοντες,
803 1022 851 1049 καὶ

57 1066 108 1091 οὐκ
124 1065 160 1092 ἂν
172 1066 232 1092 οὐδὲ
252 1066 333 1101 μέχρι
348 1066 465 1094 θανάτου
480 1067 530 1103 τὴν
549 1067 617 1103 πρὸς
634 1068 698 1099 τοὺς
715 1067 852 1099 τοιούτους

57 1112 161 1147 ἰχθραν
171 1111 345 1147 διελυόμεθα,
359 1112 411 1139 κᾶν
422 1113 468 1139 τδν
480 1113 556 1149 ἥλιον
575 1113 612 1149 μὴ
624 1113 743 1141 ιπιδὺειν
757 1114 804 1140 ἐπὶ
815 1113 853 1149 τῷ

57 1158 245 1193 παροργισμῷ
273 1158 352 1193 ἡμῶν
378 1158 430 1193 τῆς
460 1159 630 1194 Δεσποτικῆς
656 1159 854 1194 νομοθετούσης

58 1203 242 1238 ἁγαθότητος,
259 1203 365 1231 καὶτοῦ
387 1204 495 1240 Πατρὸς
515 1204 639 1240 μιμητὰς
657 1204 854 1238 ἀποφαίνοντος

57 1251 88 1276 ὲν
101 1250 143 1284 τῷ
158 1250 228 1276 πᾶσι
245 1250 295 1277 καὶ
319 1251 376 1281 τοῖς
405 1250 514 1286 μισοῦσι
542 1251 677 1285 χρηστοὺς
697 1248 777 1282 εἶναι,
805 1251 855 1284 Ὃς

57 1296 165 1330 βρέχει
184 1295 210 1311 ⁸⁸
229 1296 278 1322 ἐπὶ
291 1295 428 1328 δικαίους
439 1295 487 1322 καὶ
506 1295 632 1329 ἀδίκους
654 1295 705 1322 καὶ
728 1295 855 1323 ἀνατέλ-

59 1343 106 1368 λει
123 1342 180 1368 τεν
194 1341 285 1375 ἥλιον·
296 1341 390 1368 αὐτοῦ
403 1342 450 1376 ἐφ’
464 1341 614 1375 ἑκατέραν
623 1342 730 1376 ὁμοίως
737 1342 854 1377 μερίδα.

59 1387 90 1413 ΕΞ
111 1387 142 1413 δὲ
164 1385 200 1422 ἦν
218 1387 416 1422 νενομισμένον
428 1388 484 1419 τοῖς
499 1388 628 1422 πονηροῖς
639 1387 694 1413 τῶν
705 1387 856 1422 ἀνθρώπων

58 1434 125 1465 τοὺς
145 1432 352 1468 φωτιζομένους
366 1433 581 1466 ἀποτάσσεσθαι,
599 1434 646 1460 καὶ
661 1433 729 1468 γυνὴ
745 1433 778 1460 ἂν
792 1433 857 1460 ταύ-

59 1490 110 1516 της
134 1482 187 1516 τῆς
213 1480 342 1517 ἀφορμῆς
361 1481 497 1517 λαϐομένη
512 1481 560 1508 τοῦ
576 1481 672 1516 ἀνδρὸς
694 1480 855 1516 διεσχίζετο,

903 249 931 272 et.
945 245 1016 279 quod
1035 244 1116 272 Petro
1126 244 1214 272 visum
1227 250 1266 272 est
1279 245 1391 271 linteum
1406 250 1428 276 I,
1442 243 1519 277 puris
1541 248 1623 278 alque
1644 243 1695 270 im-

904 290 979 324 puris
990 290 1173 317 animantibus
1181 290 1301 324 plenum,
1318 289 1351 317 ad
1366 289 1592 317 consuetudinem
1605 289 1695 323 potius

903 335 989 363 malos
1003 336 1192 369 assumendos,
1205 343 1286 370 quam
1298 335 1466 370 repellendos
1481 335 1616 370 designat.
1633 334 1693 362 Jam

902 381 925 409 si
947 387 1001 409 tum
1012 383 1103 415 etiam,
1121 382 1229 417 quando
1247 382 1409 410 charilatem
1427 382 1493 409 adeo
1509 381 1558 409 Dei
1570 379 1693 409 Verbum

902 428 1003 463 ubique
1035 428 1165 464 imperat,
1179 433 1206 456 et
1222 428 1349 456 omnibus
1364 428 1425 455 aliis
1448 428 1594 455 virtutibus
1610 427 1696 461 majo-

902 481 959 501 rem
970 481 1018 508 per
1031 481 1096 501 suos
1111 478 1258 501 sectatores
1268 473 1398 506 clamitat,
1409 473 1498 501 hostili
1509 478 1597 500 tamen
1610 473 1654 500 alii
1668 473 1695 500 in

901 520 968 547 alios
986 520 1076 547 animo
1096 527 1199 554 sumus,
1219 525 1246 548 et
1261 520 1316 548 fere
1328 520 1513 554 unusquisque
1530 519 1694 554 proximum,

901 566 1008 594 tametsi
1021 567 1139 601 optimus
1155 566 1201 598 sit,
1216 573 1264 600 per
1299 566 1427 593 invidiam
1458 566 1590 598 lmdimus,
1615 570 1697 600 atque

901 612 1038 639 interdum
1052 613 1135 639 etiam
1145 613 1169 640 ei
1184 612 1298 640 insidias
1314 619 1442 645 paramus
1458 620 1465 639 :
1482 612 1534 639 hac
1546 611 1635 638 oblata
1648 618 1696 638 oc-

900 659 1009 687 casione
1023 659 1064 693 (ut
1082 658 1187 686 scilicet
1208 658 1348 691 improbis,
1380 664 1413 684 ex
1431 657 1490 691 lege
1512 662 1595 691 atque
1617 659 1696 690 pacto

899 707 1009 734 nuntius
1025 705 1202 733 remittendus
1216 704 1268 739 sit)
1282 703 1408 737 equidem
1419 708 1549 738 quantum
1557 702 1696 730 hominum

899 759 991 781 mores
1006 751 1153 786 perspicio,
1167 751 1240 785 ipsos
1253 757 1360 785 quoque
1381 748 1516 776 beneﬁcos
1533 748 1560 774 in
1577 754 1638 779 nos,
1651 746 1697 781 qui

899 799 980 826 modo
989 798 1105 833 aliquam
1113 796 1358 830 molestiam,etiam
1365 795 1436 828 juste
1445 794 1572 821 atl'errent
1581 793 1697 820 absurde

901 846 995 880 utique
1009 849 1037 872 et
1059 845 1215 872 indecenter
1237 842 1391 870 odissemus
1413 845 1494 875 atque
1508 846 1696 876 aversarentur

903 890 1098 926 (velamentum
1129 889 1256 917 nimirum
1288 887 1375 914 noxia:
1404 886 1484 921 hujus
1508 885 1656 912 voluntatis
1670 889 1698 912 et

901 936 1035 972 probrosi
1063 935 1136 963 illius
1175 941 1229 969 quo
1251 934 1368 960 invicem
1411 931 1600 968 prosequimur
1641 930 1698 957 odii

902 982 1023 1009 divinum
1051 985 1216 1016 prmceptum
1235 979 1406 1013 objicieutes.
1439 983 1467 1006 et
1493 982 1622 1012 tanquam
1649 983 1697 1010 pro

903 1028 1033 1055 advocato
1054 1024 1209 1062 habentes)
1226 1033 1258 1053 ac
1280 1032 1368 1059 neque
1383 1024 1415 1051 ad
1431 1029 1583 1051 extremum
1612 1029 1697 1056 usque

903 1072 1026 1107 spiritum
1054 1071 1147 1099 odium
1176 1071 1202 1099 in
1233 1071 1301 1098 tales
1330 1077 1448 1105 unquam
1481 1068 1695 1103 deponeremus,

903 1118 1008 1145 etiamsi
1028 1117 1112 1145 solem
1127 1125 1179 1144 non
1197 1117 1321 1144 occidere
1344 1123 1425 1150 Super
1451 1113 1621 1142 iracundiam
1647 1120 1698 1140 no-

904 1169 987 1193 stram
1004 1163 1109 1191 Domini
1130 1163 1238 1191 bonitas
1260 1162 1397 1196 praecipiat
1414 1161 1436 1193 ‘,
1459 1166 1541 1195 atque
1557 1167 1606 1194 per
1620 1158 1697 1186 beni-

905 1210 1035 1245 gnitatem
1049 1216 1112 1243 erga
1133 1216 1238 1241 omnes,
1263 1207 1344 1234 etiam
1369 1206 1514 1239 inimicos,
1538 1204 1630 1232 Patris
1653 1203 1696 1231 sui

907 1256 1057 1283 imitatores
1072 1255 1130 1282 fore
1145 1254 1282 1286 declaret,
1296 1253 1340 1287 qui
1360 1253 1427 1287 pluit
1454 1259 1532 1284 super
1555 1251 1643 1286 justas
1671 1253 1697 1276 et

905 1302 1030 1337 iniustas,
1057 1306 1081 1328 et
1098 1300 1179 1328 solem
1205 1288 1281 1327 ritum
1303 1299 1367 1326 oriri
1385 1298 1448 1333 facit
1466 1304 1544 1331 super
1560 1297 1651 1328 bonos,
1673 1299 1697 1321 et

907 1349 991 1376 malas
1001 1351 1028 1375 ι.
1045 1348 1080 1375 Ει
1101 1354 1164 1374 vero
1180 1346 1202 1373 si
1220 1346 1278 1380 lege
1299 1346 1437 1372 decretum
1456 1344 1535 1376 foret,
1552 1346 1582 1370 ut
1608 1341 1697 1376 bapti-

909 1394 987 1422 zandi
1007 1394 1093 1421 malos
1109 1393 1233 1421 homines
1257 1392 1367 1418 omnino
1378 1391 1469 1418 valere
1481 1389 1608 1424 juberent
1623 1387 1697 1422 :jan

908 1444 936 1468 et
950 1447 1017 1467 uxor
1030 1439 1081 1466 hoc
1105 1438 1197 1465 colore
1215 1444 1230 1464 a
1258 1437 1315 1464 viro
1338 1436 1500 1466 discederet,
1531 1438 1560 1461 et
1588 1432 1630 1460 vir
1663 1432 1698 1459 ab

907 1492 1002 1522 uxore,
1023 1484 1094 1510 [ilius
1107 1491 1122 1510 a
1139 1487 1225 1517 patre,
1244 1490 1258 1508 a
1284 1486 1370 1508 matre
1385 1480 1449 1512 lilia,
1464 1487 1479 1506 a
1505 1479 1615 1506 domino
1638 1485 1699 1505 ser-

61 1529 110 1555 καὶ
125 1526 261 1562 γυναικὸς
276 1528 291 1553 ὸ
310 1527 392 1562 ἀνὴρ,
419 1527 525 1562 πατρός
540 1536 569 1553 τε
589 1528 603 1553 ὸ
618 1527 673 1557 υίὸς
691 1526 739 1553 καὶ
755 1525 850 1562 μητρὸς

911 1538 970 1558 vus.
983 1529 1165 1558 Conﬁrmaret
1180 1529 1253 1556 enim
1277 1528 1373 1554 borum
1393 1526 1508 1560 quilibet
1523 1531 1553 1552 se
1568 1532 1618 1552 suo
1637 1531 1699 1551 cum

58 1573 76 1608 ἡ
102 1573 232 1608 θυγάτηρ
265 1572 314 1599 καὶ
334 1571 428 1603 δοῦλος
451 1571 602 1598 δεσπότου’
621 1571 781 1606 ἐστηρίζετο
804 1570 859 1606 γὰρ

60 1620 95 1645 ἂν
117 1619 242 1650 ἕκαστος
267 1617 371 1645 τούτων
395 1618 428 1653 τῇ
445 1617 513 1653 πρὸς
524 1617 590 1644 Θεὸν
604 1617 695 1653 οἰκείᾳ
717 1616 858 1652 ὁμολογίᾳ,

60 1666 110 1692 καὶ
138 1665 224 1699 νόμον
248 1664 353 1691 ἐτίθετο
370 1664 466 1690 τοῦτον
494 1663 672 1698 ἀπαράϐατον
701 1662 740 1698 τῷ
766 1662 859 1698 οἰκείῳ

62 1712 202 1746 θελήματι
220 1710 425 1745 βεϐαιούμενον.
447 1709 496 1736 Διά
515 1708 602 1736 ταῦτα
627 1709 718 1736 τοίνυν
741 1709 780 1746 τῷ
802 1710 861 1737 δια-

62 1759 135 1792 εᾶλῳ
155 1758 239 1791 μόνον
260 1757 377 1788 καὶτοῖς
394 1755 544 1791 δαιμονίοις
560 1755 608 1782 καὶ
623 1756 680 1786 τοῖς
696 1755 798 1782 τούτων
813 1756 861 1791 ἔρ-

61 1814 122 1838 γοις
141 1804 258 1838 φεύγειν
278 1811 308 1829 τε
323 1803 371 1829 κα)⁸
385 1802 576 1838 βδελύττεσθαι
592 1802 640 1828 καὶ
660 1801 860 1829 ἀποτάττεσθαι

63 1849 309 1886 προστεταγμεθα,
330 1848 458 1883 ἀμέτοχοι
473 1848 523 1882 τῆς
536 1847 650 1874 ἐκείνων
677 1847 791 1883 γνώμης
816 1848 861 1875 διὰ

63 1897 170 1928 παντὸς
187 1895 393 1931 συντηρηθῆναι
412 1893 609 1929 ὁμολογοῦντές
623 1902 653 1920 τε
678 1894 726 1920 καὶ
748 1893 861 1929 εὐχόμε-

62 1954 115 1977 νοι,
130 1945 178 1971 διὰ
195 1944 245 1978 τὴν
259 1942 348 1970 αὐτῶν
364 1941 433 1978 πρὸς
458 1941 493 1968 τὰ
518 1941 609 1975 φαῦλα
635 1940 731 1976 ἀκλινῆ
759 1950 789 1967 τε
815 1941 862 1968 καὶ

62 1990 238 2025 ἀμετάθετον
255 1989 342 2024 ῥοπὴν
361 1989 408 2015 καὶ
423 1989 468 2015 διὰ
482 1987 512 2014 τὸ
527 1987 607 2022 κόρον
624 1986 679 2013 τῶν
695 1986 863 2022 ἁμαρτημά-

61 2046 120 2063 των
138 2037 177 2071 μὴ
196 2035 335 2071 δέχεσθαι.
362 2034 501 2068 Ἀλλήλοις
515 2033 555 2065 δὲ,
577 2032 628 2060 κᾶν
644 2032 814 2067 ἀνθρώπινον
832 2030 861 2068 ᾖ,

64 2084 120 2110 κᾶν
139 2084 180 2114 εἰς
198 2083 229 2108 τὸ
254 2082 332 2109 Θεῖον
359 2081 485 2116 διαὸαίνῃ
510 2080 533 2096 ἰ
561 2079 592 2106 τὸ
617 2079 783 2115 ἁμάρτημα,
814 2079 863 2105 οὐκ

64 2129 161 2162 ὀξεῖαν
181 2129 230 2154 καὶ
245 2128 383 2162 ἀπότομον
398 2127 448 2162 τὴν
468 2126 559 2162 κρίσιν
580 2125 674 2162 φέρειν
697 2124 842 2159 ὀφείλομεν
854 2131 861 2139 '

64 2174 239 2210 λυμαντικόν
251 2182 280 2199 τε
292 2175 346 2209 γὰρ
359 2173 439 2200 τοῦτο
451 2173 501 2207 τῆς
513 2172 635 2207 ἐμφύτου
651 2171 718 2207 πρὸς
732 2170 864 2206 ἀλλήλους

66 2222 202 2257 στοργῆς,
218 2220 263 2247 διὰ
278 2220 328 2255 τὴν
346 2218 555 2254 συνηρτημένην
572 2217 639 2253 ὓλην
657 2217 696 2252 τῷ
715 2216 800 2250 γένει,
815 2215 863 2242 καὶ

65 2270 110 2295 ὅτι
125 2266 260 2293 πεσοῦσιν
277 2265 355 2296 ἐλπὶς
375 2264 545 2300 διορθώσεως
559 2263 735 2290 ὑπολείπεται
760 2262 793 2288 ⁵’.
818 2261 865 2288 Διὸ

64 2315 115 2341 καὶ
130 2314 166 2340 ἄν
179 2321 224 2344 τις
238 2312 288 2347 μὲν
303 2311 381 2348 λέγῃ,
397 2311 459 2337 Οὐκ
474 2309 532 2345 εΙμὶ
547 2309 612 2337 καθ’
624 2308 678 2336 ἕνα
691 2307 752 2335 τῶν
762 2307 865 2342 δαιμό-

65 2369 140 2391 νων,
156 2359 218 2395 [5-H
239 2357 288 2394 H.]
315 2358 432 2393 ἐπείπερ
457 2355 587 2392 ἀλήθειάν
616 2363 710 2390 φησιν,
730 2354 781 2381 οὐκ
801 2353 866 2380 ἀπό-

67 2407 188 2441 εὶητος·
214 2406 229 2432 ὁ
254 2405 283 2431 δὲ
309 2403 380 2430 κατὰ
403 2404 448 2430 τὸν
478 2403 627 2437 Φαρισαῖον
650 2402 684 2417 ⁸³⁵
705 2400 866 2433 ἀλαζονευό-

67 2462 152 2489 μενο;
168 2453 217 2479 καὶ
228 2453 266 2483 ὡς
280 2452 295 2478 ὀ
305 2451 425 2486 τελώνης
441 2449 478 2485 μὴ
494 2447 563 2476 εἶναι
584 2447 763 2483 μεγαλαυχῶν
783 2455 866 2473 κατα-

66 2500 195 2532 κρίνεται
209 2505 216 2512 ·
234 2498 298 2524 οὒτε
320 2497 374 2532 γὰρ
386 2497 468 2528 αὐτὸς
481 2496 496 2522 ὁ
512 2495 656 2530 ἱστάμενος
678 2495 703 2520 εί
729 2493 767 2528 μὴ
787 2493 866 2519 πέσοι

65 2547 163 2581 δῆλον,
185 2545 250 2572 οὔτε
273 2545 289 2572 ὁ
315 2543 469 2575 πεπτωκὼς
491 2543 515 2569 εῑ
546 2542 583 2581 μὴ
612 2542 751 2576 στήσεται.
774 2538 868 2571 Χωρὶς

67 2580 102 2620 δέ
113 2593 170 2620 τῶν
191 2591 350 2627 είρημένων
366 2591 477 2617 κάκεῖνο
493 2580 657 2624 θεωρητέον,
672 2587 710 2618 ὼς
727 2586 822 2622 ἐπειδὴ
837 2585 868 2612 τὸ

71 2639 123 2674 μὲν
139 2637 283 2672 δαιμόνιον
300 2635 384 2671 φῦλον
401 2634 598 2671 ἀμετανόητον,
617 2634 698 2669 ἡμεῖς
716 2632 745 2659 δὲ
759 2632 803 2658 δίά
819 2640 868 2666 με-

68 2685 181 2718 τανοίας
195 2685 235 2720 τῷ
251 2682 421 2720 βαπτίσματι
438 2682 583 2718 πρόσιμεν,
601 2680 635 2707 δι’
645 2676 683 2707 ὧν
697 2680 753 2711 τοῖς
764 2679 867 2714 ἀμετα-

911 1577 966 1604 Deo
978 1576 1045 1604 inito
1058 1580 1148 1610 pacto,
1163 1574 1303 1609 legemque
1323 1573 1394 1600 hanc
1406 1572 1458 1599 sibi
1473 1571 1586 1606 propria
1602 1569 1701 1597 volun-

911 1627 966 1650 tate
990 1621 1194 1649 corroboratam
1212 1626 1348 1653 nunquam
1371 1617 1625 1652 transgrediendum
1645 1621 1702 1644 sta-

911 1673 1007 1696 tueret.
1031 1667 1087 1695 Has
1107 1667 1188 1702 igitur
1201 1666 1235 1694 ob
1251 1672 1348 1692 causas
1360 1663 1447 1691 solum
1461 1662 1599 1690 diabolum
1619 1666 1701 1696 atque

909 1713 1055 1747 daemonia,
1076 1717 1104 1741 et
1115 1720 1209 1740 eorum
1236 1719 1317 1746 opera
1341 1711 1468 1745 jnhemur
1499 1708 1603 1744 fugere,
1620 1714 1701 1735 exse-

910 1762 993 1793 crari,
1019 1760 1159 1796 repellere,
1180 1766 1212 1786 ac
1223 1766 1271 1785 nos
1289 1765 1336 1791 per
1351 1757 1441 1783 ntitnia
1463 1755 1573 1787 liberos,
1592 1761 1625 1781 ne
1639 1761 1701 1780 cutn

911 1807 946 1835 iis
961 1808 1123 1838 senliamus,
1139 1812 1315 1835 conservare,
1332 1803 1493 1838 proﬁtentes
1507 1807 1589 1836 atque
1607 1805 1703 1835 optan-

913 1860 965 1886 tes,
990 1858 1100 1888 propter
1115 1859 1207 1879 eorum
1227 1851 1260 1878 ad
1274 1850 1372 1877 ιιηιιιιιιι
1389 1847 1583 1876 immutabilem
1595 1852 1622 1874 et
1634 1847 1704 1873 irre-

911 1900 1062 1928 vocabilem
1091 1897 1308 1927 inclinationem,
1339 1900 1366 1922 et
1384 1895 1446 1929 quia
1475 1893 1572 1929 207D
1586 1892 1704 1928 peccatis

913 1953 966 1973 non
988 1945 1132 1976 satiantur,
1156 1942 1265 1970 eosdem
1292 1949 1340 1969 nos
1361 1940 1471 1968 minime
1496 1939 1650 1966 admittere.
1673 1937 1704 1965 In

914 1998 963 2019 nos
981 1996 1075 2018 ntutno
1090 1997 1164 2021 vero,
1180 1989 1237 2016 sive
1251 1988 1278 2014 in
1293 1987 1430 2014 hominem
1443 1985 1501 2013 sive
1516 1984 1542 2012 in
1558 1984 1642 2011 Deum
1657 1983 1705 2009 ad-

914 2036 1027 2064 missum
1042 2040 1182 2069 peccatum
1201 2033 1246 2064 sit,
1260 2032 1376 2059 celerem
1408 2035 1436 2058 et
1464 2030 1606 2063 abruptam
1634 2027 1706 2054 ferre

914 2082 1076 2110 sententiam
1095 2088 1148 2108 non
1168 2079 1299 2106 debemus
1314 2077 1441 2114 (noxium
1455 2076 1527 2103 enim
1537 2075 1601 2102 illud
1613 2075 1705 2103 innato

915 2129 993 2156 nobis
1011 2127 1096 2154 amori
1114 2130 1207 2153 mutuo
1236 2132 1297 2152 esse
1324 2123 1421 2158 solet),
1445 2127 1501 2149 tum
1520 2121 1591 2156 quod
1621 2126 1706 2155 genus

919 2175 1076 2201 universum
1100 2179 1115 2199 a
1133 2171 1246 2199 materia
1267 2170 1430 2204 dependeat,
1453 2173 1508 2195 tum
1533 2167 1615 2194 etiam
1642 2165 1704 2200 quia

920 2218 1002 2253 lapsis
1012 2225 1073 2251 spes
1089 2216 1272 2244 restitutionis
1287 2215 1374 2241 adhuc
1395 2214 1499 2247 reliqua
1512 2216 1564 2238 est.
1592 2211 1668 2239 Unde
1681 2210 1704 2236 si

912 2265 974 2299 quis
986 2263 1105 2290 dixerit:
1125 2261 1214 2297 Egone
1237 2261 1276 2288 vel
1302 2268 1383 2287 unum
1404 2259 1552 2285 dwmonem
1575 2257 1705 2284 imitanda

912 2317 1007 2345 sequor
1020 2317 1027 2337 :
1044 2309 1067 2336 si
1083 2308 1193 2343 quidem
1205 2314 1298 2334 verum
1313 2305 1391 2337 dicit,
1410 2312 1462 2332 non
1476 2308 1519 2332 est
1529 2302 1703 2336 rejiciendus,

914 2357 969 2388 sin,
987 2360 1017 2382 ut
1035 2354 1079 2382 ille
1095 2348 1261 2385 Pharisaans,
1277 2360 1338 2380 sese
1360 2351 1480 2386 jactitet,
1504 2355 1533 2378 et
1558 2349 1706 2378 Publicano

916 2410 969 2430 non
1001 2408 1062 2429 esse
1089 2400 1203 2428 similem
1233 2399 1378 2433 superbius
1407 2398 1548 2433 glorietur,
1565 2396 1588 2424 is
1616 2396 1709 2431 utique

918 2449 1061 2475 damnatur
1077 2450 1101 2474 '.
1115 2445 1208 2480 Neque
1220 2445 1292 2471 enim
1308 2448 1425 2476 constat,
1445 2451 1479 2469 an
1493 2442 1539 2470 ille
1554 2441 1601 2476 qui
1618 2441 1710 2468 stabat

915 2493 971 2528 jam
987 2500 1040 2520 non
1060 2491 1216 2518 deciderit:
1233 2497 1320 2524 neque
1353 2496 1442 2515 annon
1467 2488 1503 2515 sit
1522 2490 1709 2517 surrecturus,

918 2540 962 2575 qui
977 2538 1124 2566 ceciderat.
1141 2537 1244 2564 Prmter
1264 2543 1295 2562 ea
1309 2542 1384 2568 vero,
1401 2542 1463 2569 qua:
1477 2533 1534 2568 jam
1550 2532 1622 2559 dicta
1634 2536 1710 2561 sunt,

918 2587 1000 2612 etiam
1028 2583 1093 2610 illud
1125 2582 1364 2613 considerandum,
1394 2579 1524 2614 quoniam
1549 2576 1709 2613 pteuitentia

921 2631 983 2658 duci
1011 2630 1147 2657 dremones
1162 2635 1216 2655 non
1246 2630 1375 2662 possunt;
1410 2633 1459 2653 nos
1475 2631 1539 2651 vero
1557 2630 1607 2658 pep
1620 2620 1709 2656 paeni-

923 2676 1033 2704 tentiam
1045 2676 1078 2703 ad
1092 2675 1254 2710 baptismum
1274 2674 1439 2707 accedimus,
1459 2679 1492 2700 ex
1512 2678 1546 2699 eo
1558 2669 1632 2707 quod
1654 2669 1709 2696 im-

111 2760 123 2775 ι
138 2754 201 2782 Act.
212 2762 241 2787 x,
254 2753 286 2781 ll
301 2759 378 2788 seqq.
419 2752 429 2769 ί
448 2751 549 2786 Eplies.
566 2757 591 2778 tv
603 2770 610 2782 ,
625 2749 670 2777 26.
701 2755 715 2768 υ
731 2747 808 2775 Matt.
823 2754 849 2778 ν,

909 2767 910 2771 η
932 2750 946 2764 ν
965 2744 1029 2772 Luc.
1052 2751 1129 2775 xvtu,
1146 2743 1250 2777 95eqq.

735 2815 853 2843 VARUE
878 2812 1082 2841 LECTIONES.

113 2869 136 2886 "
149 2868 254 2906 βρέγει]
271 2868 367 2896 Matth.
387 2876 412 2902 ν,
431 2868 475 2895 45.
515 2867 535 2883 ⁵¹
552 2865 660 2900 διαῆαίη
677 2872 706 2897 ς.
745 2865 766 2880 ⁵³
783 2861 959 2890 ἀπολείπεται
976 2870 1007 2894 ς.
1045 2861 1078 2878 ⁵³⁵
1090 2859 1135 2888 τὸν
1155 2858 1237 2895 Φαρῆ
1267 2858 1334 2887 Luc.
1356 2866 1433 2892 xvtn,
1451 2857 1494 2885 ll.
