1920 3090
212 134 263 166 8‘27

780 137 912 168 PHOTII
931 138 1182 169 PATRIARCILE
1197 140 1253 170 CP.

1788 131 1854 178 828.-

211 191 407 226 poanitentibns
448 193 644 225 renuntiamus,
675 195 862 229 paenitentiam
896 196 999 223 omninc

1056 196 1158 231 νοήτως
1173 196 1279 232 ἔχουσιν
1294 196 1505 234 ἀποτασσόμεθα
1515 217 1523 231 ,
1545 198 1595 234 τήν
1612 199 1757 235 μενάνοιαν
1771 202 1841 229 πάν-

212 237 268 265 Deo
283 238 418 272 spondere
435 246 485 266 nos
497 244 620 273 apparet.
647 238 681 266 Et
697 248 761 267 vero
774 241 820 275 qui
838 242 1005 269 daemonibus

212 282 248 309 ob
280 282 306 309 id
335 282 406 316 qttod
435 290 488 310 non
517 283 699 317 resipiscam,
732 286 907 318 renuntiavit,
935 293 1004 320 quo-

213 329 293 355 modo
311 329 334 356 is
363 337 414 356 non
449 330 656 365 impaenitendae
686 332 801 366 primum
817 333 1005 360 renuntiavit?

211 374 262 408 Qui
282 375 362 402 etiam
390 376 489 410 prioris
516 385 572 405 sua:
599 378 725 412 nequitiae
751 383 831 414 atqtte
857 379 1003 414 impietatis

211 420 317 447 veniam
342 422 419 455 petit,
446 423 581 457 quomodo
603 424 626 451 is
647 424 812 455 hominibus.
835 425 881 460 qui
906 426 1002 454 iisdem

211 467 322 493 obnoxii
342 472 405 495 sunt
422 469 605 502 passionibus,
632 471 754 498 eamdem
766 478 847 505 quam
869 480 918 507 per
946 480 1004 507 pm-

214 510 356 538 nltentiam
381 518 544 542 consecutus
568 519 610 542 est
629 515 855 549 misericordiam,
880 517 1002 545 secluse-

212 555 271 583 rit?

248 602 339 637 Atque
356 603 405 630 ista
415 604 523 638 quidem
541 605 592 633 hoc
617 607 706 640 capite
720 607 873 643 complexus
890 613 942 637 est.
960 609 1004 636 in-

210 651 253 674 ter
270 654 330 682 quae
348 647 412 676 illud
424 649 504 676 etiam
524 651 562 677 ait
589 659 638 678 nos
655 651 681 678 in
703 652 902 680 resurrectione
917 660 1002 687 ange-

210 686 290 719 licam
306 693 388 720 vilam
405 699 523 728 acturos,
541 703 593 723 non
611 697 667 732 jam
698 697 814 732 amplius
839 698 873 725 ad
901 686 1000 726 malum

210 738 293 765 ttllnm
311 747 421 774 pronos,
442 741 488 769 sed
515 743 541 769 in
565 743 698 770 constanti
718 747 790 771 statu
810 745 1000 779 conﬁrmatos;

212 794 265 813 non
283 786 310 814 id
327 788 433 822 quidem
450 796 482 816 ex
503 796 599 817 natura
614 791 763 822 consecuti,
781 791 827 819 sed
843 797 872 819 ut
881 797 908 819 et
920 800 1003 827 ange-

213 833 302 860 lorum
322 836 398 868 ordo,
421 836 519 863 virtute
530 837 615 863 sancti
633 837 760 871 Spiritus.
774 837 886 870 Eadem,
903 839 999 874 inquit,

211 880 316 908 ratione
331 882 412 909 etiam
430 883 493 910 illud
518 883 583 910 dicit
601 892 608 910 :
627 882 679 916 Qui
700 884 788 911 minor
811 889 847 911 est
876 885 904 912 in
921 894 999 919 regno

211 929 345 960 cartorum,
370 930 456 964 major
471 934 508 956 est
525 929 628 956 Joanne
649 929 770 965 Baptista
782 937 806 964 ι,
824 932 886 966 quia
898 932 1001 959 scilicet

210 982 266 1010 prae
279 974 441 1002 abundantia
458 976 550 1011 gratim
559 975 691 1010 spiritalis
712 977 808 1003 mttlari
822 977 936 1011 amplius
954 985 1000 1004 ne-

210 1021 277 1056 quit.
292 1020 406 1054 Quando
421 1022 491 1048 enim
510 1022 637 1056 majorem
667 1021 798 1049 Joannem
827 1023 898 1050 inter
922 1027 1000 1051 natos

211 1067 351 1095 mulierum
364 1068 517 1102 appellavit,
528 1068 572 1101 qui
585 1067 611 1094 in
620 1067 738 1102 Spiritus
747 1069 832 1095 sancti
842 1069 919 1096 donis
926 1070 997 1096 veri-

211 1117 254 1140 tas
266 1117 317 1145 est,
333 1111 463 1139 Conditor
479 1119 511 1138 ac
524 1111 652 1139 Dominus
669 1117 774 1145 noster,
795 1120 854 1139 cum
875 1112 954 1147 hujus
970 1117 998 1140 et

210 1156 307 1184 futura:
319 1156 380 1183 vita:
395 1155 574 1183 diﬂ'erentiam
591 1157 745 1184 ostenderet
760 1164 767 1183 :
783 1157 838 1185 Etsi
857 1165 937 1188 nunc.
949 1158 997 1188 ait.

209 1202 376 1238 spiritalibus
388 1201 466 1229 donis
482 1201 567 1236 major
578 1206 620 1228 est
636 1201 798 1233 Pro-cursor,
815 1206 888 1230 tanta
909 1207 997 1230 tamen

207 1250 261 1278 erit
278 1251 304 1277 in
323 1250 411 1276 futura
427 1249 480 1275 vita
500 1249 596 1276 harum
615 1256 703 1275 rerum
722 1249 747 1274 in
768 1249 863 1275 melius
878 1256 999 1276 commu-

210 1297 286 1328 tatio,
298 1301 424 1331 tantaque
438 1295 554 1329 Spiritus
567 1294 654 1327 copia,
667 1299 696 1320 ut
713 1295 758 1328 qui
775 1294 828 1320 illis
848 1295 936 1321 minor
947 1299 998 1329 est,

209 1343 339 1376 ampliora
354 1342 422 1369 dona
432 1345 627 1368 consecttturus
635 1340 680 1373 sit,
690 1347 770 1374 quam
785 1341 829 1375 qui
843 1340 887 1367 hic
898 1341 998 1374 majora

208 1393 381 1422 acceperunt.
408 1387 458 1419 Qui
480 1386 551 1413 ettitn
567 1386 610 1413 hic
627 1386 752 1421 degebat,
775 1386 880 1413 etiamsi
915 1385 1000 1420 majus

208 1434 272 1469 quid
281 1438 352 1460 esset
363 1437 536 1463 consecutus,
545 1431 663 1458 nondum
677 1437 765 1458 tatnen
776 1431 890 1459 habebat
901 1432 998 1458 immu-

209 1479 380 1511 tabilitatem;
393 1479 438 1513 qui
457 1486 520 1505 vero
533 1478 557 1504 in
567 1478 698 1505 caelorum
711 1485 797 1513 regno
811 1477 908 1509 minor,
925 1477 999 1512 quis-

208 1525 270 1560 quis
284 1525 391 1552 tandem
411 1524 455 1551 ille
472 1524 569 1556 fuerit,
587 1524 658 1558 quod
674 1523 734 1550 tulit
750 1524 864 1554 bonum,
879 1523 905 1550 id
918 1523 997 1550 simul
1010 1538 1032 1569 Ο

210 1570 306 1598 stabile
314 1574 341 1597 et
351 1577 487 1604 nunquam
498 1569 670 1596 adimendum
683 1569 752 1602 tulit,
767 1568 831 1596 nulli
843 1567 999 1595 mutationis

209 1616 359 1644 inﬁrmitati
374 1616 517 1643 obnoxius.

245 1707 343 1742 208a
354 1706 454 1740 Quinto
464 1711 490 1732 et
499 1707 704 1741 quadragesimo
716 1708 804 1741 capite
819 1708 844 1735 in
854 1716 914 1736 eam
928 1710 1000 1737 venit

209 1753 402 1788 qua-stionem:
420 1752 559 1785 Quomodo
580 1752 615 1779 illi
636 1753 706 1784 duo,
728 1754 771 1788 qui
782 1754 860 1788 primi
877 1755 903 1782 in
923 1761 999 1782 utro-

208 1806 262 1833 que
275 1797 429 1833 [rationalis
442 1797 585 1834 creaturze]
600 1805 698 1832 genere
713 1797 813 1826 conditi
833 1799 919 1832 l‘ucre,
941 1801 999 1827 dia-

209 1843 285 1870 bolus
307 1843 439 1872 etAdam,
459 1842 549 1868 statim
576 1850 590 1868 a
612 1843 749 1870 Creatione
774 1845 950 1872 cecidertmt?
967 1845 1001 1873 Et

207 1888 339 1915 Adamtttn
359 1888 467 1922 quidem
493 1887 612 1914 outnittm
627 1888 667 1914 sui
686 1889 793 1922 generis
809 1889 924 1923 primum
940 1899 1000 1919 esse

208 1934 358 1965 conditum,
385 1933 483 1960 nemini
510 1933 630 1960 dubittm.
651 1933 727 1966 Quod
749 1941 813 1961 vero
832 1940 858 1961 et
880 1936 1001 1966 diabolus

211 1987 339 2015 tanquam
356 1979 410 2006 dux
428 1979 623 2013 antesignanus
639 1979 775 2010 ceciderit,
796 1981 865 2014 apud
882 1980 941 2015 Joh,
960 1983 1001 2010 in-

208 2026 278 2060 quit,
294 2024 413 2061 [legitur]
431 2024 488 2051 "ac
502 2029 539 2050 est
552 2024 710 2058 principium
721 2025 860 2051 crealionis
882 2025 999 2061 Domini,

208 2072 317 2106 factum,
336 2076 363 2097 ut
376 2069 530 2096 illuderelnr
546 2071 576 2095 ab
588 2070 686 2105 angelis
699 2071 755 2105 ejus
765 2075 790 2098 γ.
805 2071 836 2098 Ει
847 2071 975 2105 propheta
991 2082 998 2100 :

209 2118 344 2150 Quomodo
359 2117 451 2143 cecidit
464 2116 579 2148 Lucifer,
593 2117 721 2151 quimmte
734 2118 903 2145 oriebatur'?
919 2118 998 2146 Luci-

208 2161 248 2190 fer
262 2162 342 2193 enim,
359 2169 419 2188 cum
438 2166 510 2187 tnottt
526 2162 641 2196 quodam
659 2162 889 2197 suopropinquior
901 2163 935 2190 sit
949 2171 1001 2190 caa-

1054 250 1108 273 τως
1125 242 1184 278 Θεῷ
1205 242 1451 278 καθομολογοῦντες
1478 244 1652 280 δειχνύμεθα.
1677 246 1733 273 Καὶ
1751 247 1766 274 6
1783 249 1841 279 τοίς

1055 287 1205 322 δαιμονίοις
1219 288 1263 315 διὰ
1277 289 1307 315 τὸ
1326 289 1401 323 σφῶν
1427 290 1596 325 ἀμετάθετον
1615 291 1840 326 ἀποτασσόμενος

1055 334 1114 365 πῶς
1129 334 1190 369 οὐχὶ
1202 334 1240 370 τῷ
1259 335 1418 370 ἀμεταοέτῳ
1431 336 1540 370 πρῶτος
1559 337 1639 369 αὐτὸς
1663 338 1839 372 ἀπετάξατος

1054 380 1110 406 Καὶ
1123 379 1138 406 6
1153 380 1203 415 τῆς
1223 381 1360 416 προτέρας
1377 381 1460 408 αὐτοῦ
1484 383 1617 418 πονηρίας
1642 383 1689 410 καὶ
1711 383 1841 416 ἀσεϐείας

1055 426 1219 461 συγγνώμην
1233 425 1317 453 αἰτῶν
1337 426 1396 458 πῶς
1410 426 1444 453 ἂν
1457 428 1513 459 τοῖς
1525 428 1718 462 ὁμοιοπαοὲσιν
1732 429 1841 464 ἀνθρὼ-

1053 478 1125 502 ποις,
1152 471 1182 498 ὃν
1204 471 1270 498 αὐτὸ
1293 470 1337 498 διὰ
1361 471 1505 506 μετανοίας
1535 472 1625 507 ἔσχεν,
1652 472 1839 499 ἀποκλείσειεν

1052 515 1127 542 ἔλεον
1138 524 1146 549 ;

1087 603 1171 632 Ἀλλὰ
1192 604 1279 632 ταῦτα
1301 605 1349 640 μὲν
1368 606 1416 633 καὶ
1431 606 1460 633 ἐν
1473 605 1512 641 τῷ
1537 606 1651 642 παρόντι
1673 607 1815 642 κεφαλαίῳ
1829 615 1837 623 ·

1047 650 1081 677 ’ἐν
1099 648 1140 681 οἷς
1159 650 1206 677 καί
1219 659 1301 686 φησιν
1313 651 1350 682 ὡς
1363 651 1392 678 ὲν
1408 653 1441 686 τῇ
1454 652 1602 679 ἀναστάσει
1623 651 1669 679 τὸν
1692 652 1838 686 ἀγγελικδν

1052 695 1209 731 βιωσόμεθα
1224 695 1292 730 βίον,
1316 696 1415 731 μηκέτι
1436 697 1505 732 ’πρός
1524 706 1550 723 τι
1572 697 1627 724 τῶν
1653 697 1763 731 φαύλων
1789 697 1838 724 ὲκ-

1051 742 1197 775 κλίνοντες,
1208 743 1266 770 ἀλλ’
1279 744 1308 769 ἐν
1322 743 1360 779 τῷ
1377 745 1503 780 ἀτρέπτῳ
1518 744 1717 781 στηριζόμενοι,
1732 745 1763 772 οὐ
1784 745 1837 780 φύ-

1051 796 1092 814 σει
1103 788 1182 815 τοῦτο
1195 789 1371 823 κτησάμενοι,
1391 791 1424 825 τῇ
1438 790 1466 816 δὲ
1480 790 1527 816 τοῦ
1542 791 1700 825 Πνεῦματος
1710 791 1835 826 δυνάμει,

1051 833 1145 869 ὥσπερ
1166 834 1213 861 καὶ
1230 834 1295 861 αὐτὸ
1319 834 1349 861 τὸ
1367 834 1421 862 τῶν
1435 835 1560 869 ἀγγέλων
1578 836 1716 872 σύστημα.
1743 837 1836 872 Ταύτῃ

1014 868 1037 897 Β
1050 878 1092 905 τοί
1106 868 1172 914 φησι
1198 879 1244 906 καὶ
1269 879 1309 912 τὸ,
1346 879 1372 906 '0
1390 868 1564 915 μικρότερος
1583 882 1618 908 ὲν
1633 868 1674 916 τιῖ
1690 868 1837 914 βασιλειᾷ

1051 925 1110 952 τῶν
1137 925 1274 959 οὐρανῶν
1294 925 1402 960 μείζων
1424 927 1509 954 ἐστίν
1532 927 1677 960 Ἰωάννου,
1699 927 1762 964 [660
1787 929 1836 964 IL]

1050 970 1172 996 τουτέστι
1188 972 1221 1006 τῇ
1236 971 1304 1004 πρὸς
1324 971 1355 998 τὸ
1380 971 1515 1007 ἄτρεπτον
1533 972 1657 1008 δαψιλείᾳ
1680 972 1729 999 τοῦ
1752 973 1836 999 ῐινεύ-

1052 1023 1145 1048 ματος.
1168 1015 1276 1049 Ἐπειδὴ
1293 1015 1346 1051 γὰρ
1375 1016 1487 1051 μείζονα
1510 1017 1555 1043 τὸν
1578 1017 1704 1052 Ἰωάννην
1722 1019 1751 1044 ὲν
1773 1026 1836 1052 γενο

1050 1061 1140 1094 νητοῖς
1153 1061 1290 1094 γυναικῶν
1303 1061 1356 1097 [ὲν]
1370 1063 1427 1093 τοῖς
1439 1062 1485 1089 τοῦ
1497 1063 1653 1097 Πνεύματος
1666 1062 1693 1099 [ἠ
1709 1063 1834 1099 ἀλήθεια]

1050 1105 1217 1140 χαρίσμασιν
1227 1107 1240 1133 6
1255 1107 1343 1137 κοινὸς
1351 1108 1521 1143 Δημιουργδς
1531 1109 1578 1134 καὶ
1591 1109 1724 1144 Δεσπότης
1736 1109 1834 1144 ἔφησε,

1049 1150 1156 1182 δεικνὺς
1172 1151 1202 1176 τὸ
1226 1151 1354 1186 διάφορον
1377 1153 1427 1186 τῆς
1445 1153 1595 1188 μελλούσης
1611 1154 1680 1188 πρὸς
1695 1154 1744 1188 τὴν
1762 1163 1834 1189 παρ-

1049 1195 1132 1222 οῦσαν
1148 1195 1220 1232 ζωὴν
1238 1197 1432 1230 καταστάσεως
1447 1199 1530 1233 φησὶν
1540 1199 1588 1230 ὡς,
1602 1200 1627 1225 εἰ
1648 1200 1694 1226 καὶ
1710 1199 1757 1226 νῦν
1777 1202 1834 1232 τοϊς

1050 1243 1245 1277 πνευματικοῖς
1259 1243 1410 1278 χαρίσμασι
1430 1244 1530 1278 μείζων
1549 1246 1622 1271 ἐστὶν
1637 1246 1650 1271 6
1666 1245 1833 1280 Πρόδρομος,

1049 1287 1107 1314 ἀλλ’
1122 1287 1168 1314 οὖν
1184 1287 1300 1323 τοσαύτη
1318 1297 1361 1320 τις
1377 1289 1454 1316 ἔσται
1469 1290 1539 1316 κατὰ
1560 1291 1590 1316 τὺ
1616 1291 1711 1325 μέλλον
1738 1292 1754 1325 ἠ
1779 1291 1834 1317 τῶν

1049 1334 1192 1369 παρέντων
1209 1335 1343 1370 μετασολὴ
1359 1336 1428 1371 πρὸς
1441 1337 1471 1362 τὸ
1487 1337 1596 1371 ᾶμεινον
1614 1337 1662 1363 καὶ
1676 1337 1692 1371 ὴ
1708 1337 1834 1371 δαψίλεια

1048 1379 1095 1406 τοῦ
1117 1379 1284 1414 Ππιεύματος,
1302 1380 1339 1412 ὠς
1355 1382 1401 1407 καὶ
1417 1382 1462 1407 τὸν
1481 1382 1569 1408 ἐκεῖσε
1599 1382 1760 1417 μικρότερον
1777 1383 1834 1409 τῶν

1048 1424 1166 1450 ἐνταῦθα
1186 1425 1216 1451 τὸ
1238 1425 1330 1460 μεῖζον
1348 1425 1465 1460 ἑχόντων
1480 1426 1772 1462 μεγαλοπρεπεστέρας
1787 1435 1835 1453 τυ-

1048 1470 1106 1505 χεῖν
1121 1469 1235 1506 δωρεᾶς.
1254 1471 1309 1497 Καὶ
1321 1471 1376 1505 γὰρ
1390 1472 1404 1498 6
1423 1471 1471 1507 μὲν
1486 1472 1613 1503 ἐνταῦθα,
1630 1472 1681 1499 κᾶν
1691 1471 1722 1499 τὺ
1740 1472 1835 1507 μεῖζον

1049 1513 1130 1550 εῖχεν,
1154 1516 1204 1542 οὐκ
1229 1513 1285 1551 εἶχε
1308 1517 1337 1543 τὸ
1349 1518 1482 1552 ἄτρεπτον
1498 1525 1505 1532 ·
1523 1519 1537 1544 6
1553 1518 1581 1544 δὲ
1602 1519 1631 1544 ὲν
1653 1519 1687 1554 τῇ
1710 1519 1835 1554 βασιλείᾳ

1048 1561 1102 1587 τῶν
1129 1561 1252 1596 οὐρανῶν
1279 1562 1451 1597 μικρότερος,
1476 1563 1550 1593 ὅστις
1571 1561 1630 1589 ποτ’
1653 1562 1687 1589 ἂν
1707 1561 1736 1599 ᾖ.
1764 1563 1836 1597 ὅπερ

1048 1606 1082 1633 ἂν
1102 1607 1198 1642 ἔφερεν
1213 1606 1324 1640 ἀγαθὸν,
1340 1607 1522 1641 ἀναφαίρετον
1544 1607 1754 1642 σννεπεφέρετο,
1781 1617 1836 1643 μη-

1048 1652 1141 1687 δαμῶς
1151 1652 1291 1688 ἀρῤωστία
1300 1654 1403 1688 τροπῆς
1420 1653 1604 1688 ὑποκείμενος.

1091 1699 1135 1726 Ἐν
1149 1699 1178 1725 δὲ
1191 1699 1229 1734 τῷ
1243 1702 1283 1734 με’
1297 1699 1436 1734 κεφαλαίῳ
1450 1701 1490 1730 είς
1510 1700 1632 1732 ἐξέτασιν
1647 1700 1708 1734 ἄγει
1729 1700 1788 1731 πῶς
1809 1701 1836 1727 οἱ

1049 1744 1094 1771 δύο
1116 1746 1145 1771 ὲν
1156 1745 1279 1783 ἐκατέρῳ
1294 1745 1367 1779 γένει
1395 1745 1613 1780 πρωτόπλαστοι,
1631 1747 1645 1772 6
1661 1754 1690 1772 τε
1711 1746 1837 1777 διάϐολος

1050 1791 1096 1817 καὶ
1109 1791 1123 1817 6
1139 1790 1234 1824 Ἀδὰμ,
1255 1791 1356 1822 εὐθέως
1369 1791 1526 1822 κτισθέντες
1541 1791 1680 1823 ἐξέπεσον.
1700 1792 1771 1817 Ἀλλ’
1794 1792 1837 1819 ὅτι

1052 1837 1102 1871 μὲν
1124 1837 1138 1863 6
1164 1837 1251 1871 Ἀδὰμ
1266 1836 1320 1862 τῶν
1339 1836 1417 1872 ἐντῷ
1432 1837 1505 1871 αὐτῷ
1521 1837 1585 1863 εἴδει
1610 1837 1836 1871 πρωτὸπλαστος,

1050 1883 1129 1917 δῆλον
1145 1891 1153 1898 τ
1173 1883 1214 1909 ὅτι
1239 1883 1267 1908 δὲ
1291 1883 1337 1908 καὶ
1360 1883 1374 1908 6
1390 1883 1522 1914 διάϐολος,
1537 1883 1566 1909 ὲν
1587 1882 1713 1917 τῴξῚὼϐ
1740 1891 1837 1917 φησιν,

1051 1928 1146 1963 ὥσπερ
1164 1929 1178 1955 ὀ
1197 1929 1350 1964 στρατηγὸς
1366 1930 1562 1966 πρωτοστάτης
1577 1928 1739 1960 πεπτωκὼς.
1767 1929 1839 1956 Τεῦ-

1051 1976 1085 2002 τό
1115 1975 1201 2002 ἐστιν
1227 1975 1305 2009 ἀρχὴ
1329 1976 1438 2009 Κιιρὶου
1466 1975 1643 2010 πλάσματος
1674 1976 1839 2009 πεποιημέ-

1050 2031 1106 2049 νον
1115 2023 1158 2055 εις
1172 2022 1204 2049 τὸ
1225 2023 1454 2053 καταπαίζεσθαι
1470 2023 1530 2050 ὑπὸ
1547 2022 1607 2049 τῶν
1626 2022 1764 2057 ἀγγέλων
1785 2024 1841 2050 ηὑσ-

1050 2067 1114 2094 τοῦ.
1143 2068 1197 2094 Καὶ
1211 2068 1225 2094 6
1243 2068 1399 2103 προφήτης,
1414 2068 1481 2101 Πῶς
1500 2068 1610 2095 ἔπεσεν
1635 2070 1651 2095 ὀ
1671 2069 1838 2103 ἑωσφόρος,

1051 2116 1068 2142 ό
1090 2115 1166 2148 πρωῒ
1197 2115 1392 2146 ἁνατέ.1λων;
1420 2115 1450 2141 '0
1478 2115 1530 2150 γὶτρ
1555 2116 1703 2150 ἑωσφόρος,
1726 2117 1777 2142 ἅτε
1805 2117 1839 2152 δὴ

1051 2160 1209 2194 πλησιάζων
1235 2161 1305 2186 κατά
1323 2169 1383 2186 τινα
1406 2161 1518 2196 πορείαν
1543 2161 1643 2195 μᾶλλον
1670 2161 1724 2187 τῶν
1747 2163 1840 2188 ἄλλων

208 2207 274 2234 teris
289 2207 387 2240 stellis,
411 2207 514 2241 pritnus
527 2211 569 2234 est
579 2214 683 2233 aurora:
696 2207 814 2235 nuntius.
839 2207 915 2240 Quod
936 2216 997 2242 pro-

1052 2207 1182 2241 ἀττέρων,
1198 2206 1304 2240 πρῶτός
1322 2207 1396 2232 ἐστιν
1420 2206 1496 2241 ὴλίου
1521 2206 1631 2241 κῆρυξ·
1654 2207 1669 2233 ὃ
1692 2207 1839 2241 ἀναλόγως

207 2254 330 2288 portione
341 2254 455 2288 quadam
471 2253 534 2281 olim
550 2253 576 2280 in
589 2254 734 2285 dial-olunt,
752 2261 874 2289 respectu
887 2257 997 2291 spirita-

208 2299 241 2326 lis
266 2299 468 2333 justitiaa'SolSs
498 2300 667 2331 convenisse,
683 2301 823 2326 obscurius
857 2302 995 2335 Scriptura

209 2345 318 2373 indicat.
337 2344 390 2372 Sed
405 2345 474 2379 qttod
489 2345 544 2379 jam
564 2345 672 2378 agitur:
691 2346 758 2377 Etsi,
776 2347 871 2380 inquit,
885 2348 997 2376 minime

207 2391 353 2426 jucundum
362 2395 493 2418 creatura:
508 2391 656 2425 utriusque,
669 2398 721 2418 tam
737 2393 996 2428 iutelligibilisquam

208 2443 269 2470 qua:
283 2443 410 2462 sensumn
435 2436 566 2469 νίιι-ιὶοοιις
580 2443 632 2466 est,
652 2437 842 2471 primogenitos
859 2440 884 2465 in
902 2440 996 2466 interi-

211 2487 266 2508 tum
286 2482 371 2509 ruisse
385 2491 391 2508 :
408 2483 522 2516 posteris
539 2488 626 2508 tamen
640 2484 765 2510 omnibus
785 2484 890 2511 illorum
909 2485 999 2519 lapsus

210 2527 237 2554 in
259 2527 437 2553 communiter
453 2527 518 2555 utile
532 2528 671 2562 exetuplar
681 2529 847 2562 proponitur.
862 2530 994 2562 praeconis

211 2580 287 2600 more
311 2573 477 2605 exclamans,
492 2581 616 2608 magnum
632 2578 662 2600 ιιι
678 2574 870 2602 incolutnitatis
884 2583 939 2603 sua:
950 2583 997 2603 cu-

212 2626 269 2646 ram
280 2625 385 2654 gerant.
402 2627 435 2647 ne
452 2625 497 2647 aut
508 2627 569 2648 cum
584 2620 641 2647 istis
654 2620 679 2648 in
693 2621 785 2647 eadem
796 2621 914 2648 incidant
927 2621 998 2649 mala

210 2670 258 2692 aut
271 2664 363 2692 talium
375 2671 449 2693 certe
460 2673 549 2692 rerum
562 2673 655 2692 amore
669 2669 821 2698 teneantur,
832 2673 880 2700 per
894 2673 961 2700 quas
970 2667 996 2693 in

213 2712 357 2745 perniciem
373 2712 471 2747 aliquis
488 2717 549 2739 ruat
566 2721 572 2739 :
590 2712 635 2739 sed
651 2711 724 2738 omtti
738 2711 816 2738 ntodo
834 2712 959 2747 omnique
971 2712 997 2740 vi

213 2755 431 2787 inahetlientlam,
441 2758 565 2792 quodque
580 2765 626 2791 per
640 2757 710 2784 illam
720 2756 896 2784 committitur
904 2765 999 2791 pecca-

213 2805 269 2828 tum
281 2807 455 2829 exsccrentur
465 2811 471 2828 :
480 2801 586 2836 quando
595 2809 651 2836 ipsa
661 2809 766 2837 quoque
775 2801 919 2829 crcationis
929 2803 998 2829 velut

250 2861 261 2874 ι
276 2856 367 2884 Matth.
382 2865 410 2888 ll,
428 2858 454 2884 ‘2.

495 2862 506 2881 ν
520 2857 577 2885 Jolv.
594 2866 625 2884 XL
648 2857 754 2890 15,5913
770 2855 850 2884 LXX.
888 2862 898 2875 κ
913 2858 962 2885 lsn.
982 2866 1038 2891 τις,

1050 2253 1121 2287 ἔχειν
1141 2252 1206 2278 ποτὲ
1220 2252 1264 2277 τὸν
1281 2252 1403 2278 διάῦολον
1419 2252 1606 2287 αἰνιττόμενον
1621 2252 1651 2278 τὺ
1663 2252 1753 2286 λόγιον
1768 2254 1840 2288 πρὸς

1049 2298 1095 2323 τὴν
1109 2297 1202 2332 νοητὸν
1218 2297 1266 2331 τῆς
1283 2296 1458 2332 δικαιοσύνης
1474 2298 1550 2332 ἥλιόν
1571 2307 1665 2333 φησιν.
1683 2299 1755 2325 Ἀλλ’
1769 2300 1840 2334 ὅπερ

1050 2343 1202 2378 πρόκειται,
1218 2343 1242 2369 εξ
1265 2344 1310 2369 καὶ
1323 2343 1454 2378 λυπηρῇν,
1469 2344 1535 2378 φησὶ
1547 2365 1554 2375 ,
1570 2343 1601 2370 τὸ
1616 2345 1749 2379 ἑκατέρας
1779 2345 1843 2370 κτί-

1051 2397 1130 2419 σεως,
1147 2389 1195 2422 τῆς
1209 2397 1239 2414 τε
1251 2388 1350 2423 νοητῆς
1364 2389 1411 2414 καὶ
1421 2389 1470 2423 τῆς
1484 2389 1652 2424 μετεχούσης
1666 2389 1721 2415 τῶν
1741 2390 1844 2425 αἰσθή-

1048 2442 1128 2461 σεων.
1145 2434 1208 2464 τοὺς
1228 2435 1412 2468 πρωτογενείς
1427 2435 1467 2464 είς
1483 2433 1590 2460 ὄλισθον
1613 2435 1752 2466 ἐκπεσεῖν,
1780 2435 1843 2461 ἀλλ’

1047 2477 1093 2506 οὖν
1118 2480 1174 2510 τοῖς
1194 2479 1256 2513 ἑξῆς
1280 2479 1384 2505 inuasit.
1399 2479 1429 2505 τὸ
1443 2479 1555 2505 ἐκείνων
1571 2479 1671 2513 πτῶμα
1697 2479 1765 2514 [562
1793 2480 1844 2516 IL]

1047 2525 1210 2559 κοινωφελὲς
1226 2525 1402 2559 παράδειγμα
1429 2525 1584 2559 πρόκειται,
1608 2526 1730 2561 κήρυκος
1759 2526 1845 2561 δίκην

1050 2570 1208 2605 ἁναφωνοῦν
1233 2570 1334 2605 πολλῆς
1362 2571 1512 2605 ἀσφαλείας
1539 2571 1612 2606 ἔχειν
1630 2571 1773 2607 πρόνοιαν,
1802 2573 1845 2608 μὴ

1050 2619 1107 2650 τοῖς
1121 2618 1211 2650 αὐτοῖς
1228 2619 1401 2654 περιπεσεῖν,
1420 2619 1487 2653 μηδὲ
1504 2619 1628 2653 στέργειν
1641 2619 1674 2645 δι’
1689 2615 1727 2644 ὧν
1742 2620 1775 2646 ἄν
1801 2628 1846 2650 τις

1050 2664 1228 2699 ὀλισθήσειεν,
1256 2664 1323 2691 ἀλλὰ
1347 2665 1429 2690 παντὶ
1452 2665 1545 2700 τρόπῳ
1562 2665 1610 2691 καὶ
1623 2665 1698 2699 πάσῃ
1723 2665 1847 2700 δυνάμει

1051 2710 1101 2745 τὴν
1116 2709 1258 2746 παρακοὴν
1274 2710 1322 2737 καὶ
1337 2710 1388 2745 τὴν
1408 2709 1443 2737 δι’
1462 2710 1549 2744 αὐτῆς
1570 2711 1709 2745 ἁμαρτίαν
1730 2710 1847 2746 βδελύτ-

1052 2755 1155 2788 τεσθαι,
1178 2754 1205 2781 εἴ
1226 2763 1258 2790 γε
1278 2755 1326 2782 καὶ
1339 2755 1409 2782 αὐτὰ
1422 2756 1472 2791 τῆς
1493 2755 1678 2790 δημιουργίας,
1699 2757 1734 2783 τὰ
1759 2758 1848 2783 οἱονεὶ

1055 2801 1142 2836 βάθρα
1169 2801 1217 2827 καὶ
1240 2801 1352 2836 θεμέλια
1370 2801 1407 2836 μὴ
1426 2801 1475 2837 τῆς
1488 2800 1602 2836 δεούσης
1619 2801 1732 2834 ἑαυτοὺς
1756 2802 1846 2836 ἀξιώ-

1056 2859 1097 2885 l2.
