1920 3090
224 157 274 192 831

789 158 919 189 PHOTII
940 158 1194 188 PATRIARCIUE
1209 158 1264 189 CP.

1799 156 1858 190 832

221 218 272 244 etsi
289 215 408 243 animam
419 216 527 250 quidem
540 223 555 243 ιι
570 215 635 247 fato,
652 221 679 243 et
695 224 709 243 ιι
728 217 850 243 natalitia
871 216 1010 243 notatione

1077 215 1200 249 ξούσιον,
1230 215 1377 242 ὑποτάττει
1407 215 1436 242 δὲ
1462 215 1496 250 τῇ
1523 213 1625 249 ταύτης
1666 213 1799 248 διοικήσει
1822 215 1857 242 τδ

222 269 282 295 quae
297 262 405 294 dicitur,
428 262 539 288 liberam
561 263 695 295 dimittit,
724 263 828 290 arbitrii
857 263 1008 290 libertatem

223 306 261 333 illi
279 307 475 338 conservando,
505 314 602 340 corpus
621 313 723 338 tamen,
749 312 777 335 et
793 315 964 342 quaacunque
976 307 1011 335 ad

221 361 320 387 corpus
341 357 474 387 spectant,
489 352 544 379 fato
559 352 733 386 gubernanda
753 354 871 387 subjicit.
886 353 1009 386 Divitias,

222 399 346 432 inquam.
375 403 534 431 egestatem,
561 398 695 428 morbum.
713 399 814 431 vitam,
844 403 970 430 mortem,
985 403 1013 424 et

221 450 283 477 qna:
305 443 329 469 in
356 448 447 469 nostra
472 451 523 469 non
544 448 607 469 sunt
628 447 783 476 potestate:
804 450 894 477 eaque
918 443 1009 469 omnia

223 488 271 516 fati
289 496 349 516 esse
366 488 459 517 adepta
478 490 571 516 tradit.
587 489 656 523 Ergo
682 489 755 516 hunc
771 489 909 516 studiosus
924 489 968 516 ille
986 494 1012 516 et

225 535 327 562 sciendi
343 536 456 569 cupidus
472 536 606 563 Diodorus
617 535 690 562 clare
711 544 744 563 ac
763 535 852 562 valide
864 536 1012 567 cmn'incil,

225 582 309 608 verbo
330 580 439 614 quidem
472 581 588 607 mediam
617 582 748 607 duntaxat
776 581 879 608 erroris
909 587 1012 615 partem

226 627 387 660 praedicare,
398 634 426 653 re
438 630 526 653 autem
540 627 596 660 ipsa
610 631 693 653 totum
705 626 866 653 continuare
877 632 885 652 :
897 626 1015 660 quando-

225 673 337 706 quidem
353 671 475 706 plurimaa
490 673 612 705 corporis
623 672 680 698 sive
690 671 847 699 ati‘ectiones
861 678 909 705 per
917 672 1014 698 anima:

227 718 431 752 operationem,
466 719 695 752 cooperationem,
723 723 769 745 aut
800 719 882 746 ctiam
912 723 1016 746 natura:

227 769 402 794 consensum,
418 762 542 789 accidere
555 763 643 790 solent
662 770 694 789 ac
713 763 816 797 perlici.

263 807 356 835 Primo
373 809 453 842 igitur
467 807 536 834 libro
549 813 609 841 post
631 808 682 834 alia
709 808 743 835 de
763 808 820 835 fato
843 808 940 841 relata,
958 812 1014 835 tum

230 854 302 881 unde
317 859 369 880 tam
387 854 470 881 libere
484 854 580 888 agendi
607 854 747 881 audaciam
764 862 842 882 error
855 855 1015 888 sumpserit,

1067 261 1147 295 σῶμα
1174 261 1221 287 καὶ
1245 261 1278 287 τὰ
1302 261 1367 295 περὶ
1382 259 1414 286 τὸ
1430 259 1520 294 σῶμα.
1536 258 1652 286 πλοῦτον
1673 259 1706 293 δή
1732 259 1754 275 ⁸¹
1780 268 1858 295 φημι

1065 307 1115 333 καὶ
1142 307 1239 333 πενίαν
1262 306 1310 333 καὶ
1329 306 1406 333 νόσον
1427 306 1474 332 καὶ
1499 305 1572 340 ζωὴν
1590 306 1638 332 καὶ
1664 305 1778 332 θάνατον
1807 307 1859 333 καὶ

1066 353 1116 379 ὅσα
1129 353 1179 379 οὐκ
1193 353 1237 386 ἐφ’
1255 353 1330 387 ἡμῖν,
1349 353 1396 379 καὶ
1410 351 1496 378 ταῦτα
1510 348 1598 377 πάντα
1612 351 1662 385 τῆς
1682 352 1859 386 εἱμαρμένης

1066 397 1136 433 ἔργα
1154 398 1322 433 δογματίζει.
1342 399 1390 424 Ὃν
1410 398 1432 413 ⁸⁸
1447 398 1461 423 ὁ
1478 397 1629 432 φιλομαθὴς
1644 397 1692 424 καὶ
1711 397 1860 428 σπουδαῖος

1066 444 1199 479 Διόδωρος
1213 443 1308 477 σαφῶς
1321 443 1385 479 [545
1401 442 1447 479 IL]
1463 451 1493 469 τε
1511 443 1557 469 καὶ
1574 442 1705 476 γενναίως
1720 443 1858 478 διελέγχει

1066 490 1138 524 λόγῳ
1167 489 1217 524 μὲν
1243 489 1378 524 ἡμίτομον
1402 488 1452 522 τὴν
1478 489 1527 522 τῆς
1556 488 1726 523 εἱμαρμένης
1748 487 1859 523 πλάνην

1067 535 1230 571 κηρύττειν,
1254 535 1328 570 ἔργῳ
1351 534 1379 561 δὲ
1407 535 1567 570 συγκροτεῖν
1593 534 1644 568 τὴν
1667 534 1750 569 ὅλην,
1775 535 1860 568 εἴπερ

1067 581 1115 608 καὶ
1130 581 1164 608 τὰ
1178 581 1294 608 πλεῖστα
1307 581 1361 607 τῶν
1376 580 1541 615 σωματικῶν
1554 579 1650 606 παθῶν
1661 588 1690 606 τε
1705 580 1752 606 καὶ
1767 580 1860 614 ἔργων

1067 626 1110 653 διὰ
1122 626 1171 661 τῆς
1188 626 1308 661 ψυχικῆς
1322 626 1463 660 ἐνεργείας
1479 634 1509 652 τε
1525 626 1572 652 καὶ
1588 625 1758 660 συνεργείας,
1774 625 1821 652 ναὶ
1836 625 1861 640 ⁸⁸

1068 671 1101 706 δὴ
1119 672 1166 698 καὶ
1181 671 1356 708 συμπαθείας
1371 671 1466 698 εἴωθεν
1485 671 1694 706 ἑπισυμὸαίνειν
1717 671 1768 698 καὶ
1789 671 1861 697 ἀπο-

1068 717 1214 745 τελεῖσθαι.

1104 809 1150 834 Ἐν
1164 808 1213 843 μὲν
1229 806 1276 836 οὖν
1290 808 1329 844 τῷ
1343 811 1367 835 α’
1386 808 1459 844 λόγῳ
1473 808 1542 836 ἄλλα
1560 808 1592 835 τέ
1605 817 1668 836 τινα
1681 809 1745 843 περὶ
1758 809 1863 844 εἱμαρ-

1072 855 1155 890 μένης
1177 854 1299 886 διελθὼν,
1320 855 1367 881 καὶ
1386 855 1448 882 ὅθεν
1465 854 1528 889 ἔσχε
1544 855 1595 888 τὴν
1608 855 1710 889 τόλμαν
1728 856 1744 888 ή
1767 855 1861 890 πλάνη

230 899 362 926 adversus
375 907 433 926 eam
451 900 567 934 insurgit
593 900 759 934 opinionem,
782 907 841 932 quae
861 901 1017 927 universum

1073 899 1333 934 παρρησιάσασθαι,
1368 900 1415 926 καὶ
1447 899 1518 926 κατὰ
1546 899 1595 934 τῆς
1620 899 1754 934 λεγούσης
1777 899 1863 934 δόξης

231 943 285 969 hoc
296 947 356 969 ortu
374 951 467 969 carere
482 943 580 970 asserit
597 942 684 976 (putat
696 943 768 970 enim
780 950 813 970 ex
826 943 876 970 bac
891 944 1020 977 opinione

231 987 295 1015 illud
312 995 419 1022 quoque
440 988 473 1014 de
497 989 551 1014 fato
570 987 728 1022 ﬁgmentum
749 988 873 1023 conﬂari)
899 989 1022 1023 libroque

232 1031 295 1060 huic
307 1033 351 1067 'jta
369 1034 447 1060 linem
465 1033 587 1067 imponit,
604 1038 631 1060 ut
649 1041 682 1060 ne
709 1034 735 1060 in
751 1033 836 1060 altero
857 1033 966 1068 quidem
985 1033 1020 1060 ab

231 1079 326 1107 eadem
342 1088 431 1115 pugna
444 1081 566 1111 desistat.

267 1168 448 1202 Quamobrem
460 1170 565 1197 decimo
577 1175 637 1205 post
649 1171 705 1198 hac
716 1171 877 1205 capite,tam
890 1171 1020 1199 mundum

233 1214 333 1252 ipsum,
353 1223 433 1249 quam
454 1217 479 1242 in
497 1224 530 1243 eo
541 1217 684 1250 degentem
705 1217 843 1244 hominem
862 1222 951 1244 ortmn
973 1218 1021 1245 ba-

235 1261 299 1288 bere
316 1262 517 1294 demonstrans,
537 1262 589 1290 hoc
607 1263 662 1289 fere
686 1265 764 1290 modo
789 1263 823 1290 ad
848 1269 1021 1298 argumenta-

234 1307 338 1335 tionem
354 1308 522 1342 aggreditur.
537 1307 774 1343 Quandoquidem,
791 1310 837 1341 ait,
863 1309 1019 1344 singulatim

234 1353 373 1380 hominum
385 1353 484 1388 209a
499 1354 596 1388 singuli
618 1355 784 1389 corruptioni
809 1358 890 1389 atque
907 1362 1022 1390 genera-

235 1398 302 1425 tioni
318 1398 426 1426 obnoxii
441 1403 515 1429 sunt,
532 1400 705 1427 manifestum
731 1408 798 1428 sane
813 1401 899 1435 ipsam
914 1409 1022 1435 quoque

235 1443 333 1471 horum
349 1449 474 1471 naturam
492 1446 524 1472 ad
545 1445 662 1473 similem
690 1447 774 1481 redigi
800 1447 1021 1479 dissolutionem,

235 1494 263 1516 et
279 1490 385 1517 nonnisi
401 1490 426 1517 in
443 1491 510 1518 solis
523 1499 556 1518 ex
573 1499 602 1520 se
617 1498 712 1519 mutuo
727 1493 948 1520 successionibus
961 1502 1024 1528 per-

236 1535 346 1563 durare.
364 1535 456 1570 Neque
482 1537 553 1563 enim
574 1538 645 1571 quod
662 1543 723 1564 ortu
749 1543 839 1570 caret,
861 1539 923 1566 inde
945 1547 1021 1566 suam

237 1580 339 1608 habere
361 1567 645 1616 incorruptibilitatem
675 1587 772 1615 potest,
796 1567 868 1616 quod
893 1591 975 1610 unum
994 1584 1021 1611 in
1037 1567 1060 1598 ε

237 1626 351 1654 alterius
377 1627 465 1654 lorum
494 1627 642 1655 identidem
674 1629 821 1656 succedere
846 1630 1025 1664 cogitemus:

237 1672 284 1699 sed
295 1673 365 1707 quod
380 1674 404 1700 id
416 1681 463 1707 per
473 1674 602 1709 seipsum,
616 1679 696 1708 atque
706 1681 739 1700 ex
752 1680 859 1702 suamet
875 1675 1026 1703 subsistens

240 1718 288 1750 tia,
309 1719 362 1746 tale
379 1720 423 1746 sit.
444 1720 528 1747 Porro
543 1721 670 1747 mundum
687 1728 794 1756 quoque
810 1721 897 1755 ipsum
923 1722 1026 1750 habere

238 1771 341 1797 ortum,
366 1767 448 1793 exiis
464 1771 508 1793 est
525 1767 710 1799 manifestum,
740 1768 811 1802 quod
835 1775 894 1802 qum
917 1768 943 1795 in
970 1769 1027 1803 ipso

240 1816 314 1842 sunt,
333 1812 412 1846 ignis,
429 1820 509 1846 aqua,
527 1817 610 1844 terra,
626 1820 683 1844 aer,
698 1819 789 1839 ortum
815 1813 943 1842 habeant.
965 1814 1028 1843 Hmc

239 1857 311 1884 enim
337 1858 456 1892 quotidie
483 1859 662 1891 particulatim
687 1864 714 1885 et
741 1866 964 1894 corrumpttntur,
1000 1867 1028 1888 et.

240 1903 397 1937 gignuntur.
414 1902 531 1930 Rursum
550 1910 639 1931 autem
666 1905 737 1939 quod
763 1911 835 1932 terra
863 1908 1028 1941 corruptibi-

240 1949 276 1977 lis
295 1950 339 1981 sit,
355 1957 386 1976 ex
407 1950 439 1976 iis
455 1951 622 1984 perspicuum
641 1952 741 1984 evadit,
761 1954 834 1987 quod
858 1955 914 1980 sive
934 1954 1025 1986 homo,

243 1994 302 2022 sive
319 1995 371 2021 alia
391 1995 517 2022 animalia
542 2002 762 2031 corrumpantur.
783 1999 807 2024 in
837 2003 936 2026 terram
963 2007 1029 2026 con-

243 2046 394 2068 vertantur.
411 2040 478 2068 Nam
503 2043 573 2076 quod
595 2041 653 2070 haec
670 2043 695 2069 iu
718 2043 790 2069 illam
805 2049 1028 2078 corrumpantur,

243 2091 405 2120 argumento
421 2087 513 2122 utique
529 2092 581 2121 est,
599 2095 632 2115 ex
649 2088 694 2115 illa
715 2089 773 2122 ipsa
795 2094 924 2124 corrupta
940 2096 1029 2117 ortum

243 2139 323 2159 suum
347 2131 424 2158 initio
444 2133 593 2167 accepisse.
614 2133 692 2160 Adde
712 2134 783 2167 quod
806 2134 953 2161 etiamnum
971 2134 1031 2160 ιιιιὶ-

243 2179 345 2205 mantia
365 2178 493 2212 pleraque
515 2186 549 2206 ex
575 2179 625 2206 hac
645 2186 723 2206 versa
743 2184 824 2213 atque
839 2184 968 2213 corrupta
989 2180 1030 2212 qi-

1071 945 1130 972 τόδε
1143 945 1173 972 τὸ
1188 946 1243 972 πᾶν
1258 946 1390 979 ἀγένητον
1406 945 1429 961 ⁸⁸
1448 943 1518 971 εἶναι
1536 945 1741 979 διανιστάμενος
1762 945 1863 979 (οἴεται

1069 991 1125 1026 γὰρ
1143 991 1175 1018 ἐκ
1192 992 1240 1025 τῆς
1263 991 1424 1025 ὑπολήψεως
1446 991 1496 1026 τῆς
1525 991 1570 1016 τὸν
1598 991 1700 1025 κόσμον
1726 990 1866 1025 ἀγένητον

1071 1038 1211 1072 ποιούσης,
1236 1038 1342 1064 ἐκεῖθεν
1363 1038 1409 1064 καὶ
1433 1037 1464 1064 τὸ
1480 1037 1529 1072 τῆς
1549 1037 1720 1072 εἱμαρμένης
1741 1045 1865 1072 συγκρο-

1072 1083 1180 1110 τείσθαι
1197 1083 1322 1118 πλάσμα)
1339 1083 1455 1118 περατοϊ
1473 1083 1518 1109 τὸν
1532 1082 1555 1108 a.’
1578 1082 1667 1116 λόγον,
1696 1082 1744 1109 καὶ
1767 1082 1799 1108 ὲν
1823 1080 1867 1116 τῷ

1073 1129 1095 1165 β’
1108 1129 1155 1155 τοῦ
1170 1129 1253 1156 αὐτοῦ
1268 1129 1306 1164 μὴ
1330 1129 1515 1163 ἀφιστάμενος
1531 1127 1732 1162 ἀγωνίσματος.

1107 1175 1152 1201 Διὸ
1177 1176 1226 1201 καὶ
1246 1175 1275 1200 ἐν
1297 1174 1336 1208 τῷ
1365 1173 1380 1200 ι’
1396 1173 1537 1208 κεφαλαίῳ
1550 1173 1663 1207 γενητὸν
1678 1170 1748 1199 εἶναι
1763 1172 1811 1199 τόν
1831 1181 1867 1198 τε

1072 1222 1175 1256 κόσμον
1192 1221 1238 1247 καὶ
1255 1220 1302 1247 τδν
1315 1221 1344 1246 ἐν
1363 1219 1437 1254 αὑτῷ
1461 1219 1605 1255 ἄνθρωπον
1633 1218 1788 1249 ἐπιδεικνὺς
1811 1214 1868 1245 ὧδέ

1072 1275 1131 1297 πως
1144 1265 1278 1293 εἰσϐάλλει
1300 1265 1368 1300 πρὸς
1385 1264 1435 1300 τὴν
1455 1264 1644 1299 ἐπιχείρησιν·
1675 1263 1763 1294 Ἐπεὶ,
1782 1263 1866 1297 φησὶ,

1072 1311 1127 1339 τῶν
1141 1310 1212 1337 κατὰ
1225 1310 1306 1344 μέρος
1318 1309 1469 1345 ἀνθρώπων
1482 1309 1597 1340 ἕκαστος
1609 1307 1728 1343 φθαρτὸς
1742 1308 1801 1333 ἐστι
1815 1308 1868 1334 xui.

1072 1357 1196 1392 γενητὸς,
1213 1355 1292 1391 δῆλον
1307 1355 1345 1386 ὠς
1361 1356 1409 1382 καὶ
1420 1356 1437 1389 ἡ
1449 1354 1551 1382 τούτων
1566 1353 1647 1388 φύσις
1657 1354 1696 1385 εἰς
1707 1353 1757 1388 τὴν
1766 1353 1870 1387 ὁμοίαν

1073 1402 1170 1437 ἄγεται
1186 1401 1272 1433 λύσιν,
1287 1403 1317 1428 ὲν
1341 1401 1436 1436 μόναις
1459 1401 1519 1432 ταῖς
1542 1399 1572 1432 ἐξ
1593 1400 1714 1434 ἀλλήλων
1728 1398 1872 1433 διαδοχαῖς

1073 1449 1237 1483 διαμένουσα
1247 1455 1255 1462 ·
1271 1447 1300 1474 τὸ
1311 1448 1364 1482 γὰρ
1380 1447 1513 1481 ἀγένητον
1523 1446 1573 1472 οὐκ
1587 1447 1616 1472 ὲν
1625 1445 1647 1461 ⁸⁸
1658 1445 1797 1480 διαδοχαῖς
1809 1446 1873 1471 ἑπι-

1074 1495 1218 1529 νοούμενον
1244 1494 1300 1529 ἔχει
1327 1493 1357 1520 τὸ
1380 1493 1530 1527 ἄφθαρτον,
1545 1491 1613 1518 ἀλλὰ
1634 1491 1696 1518 καθ’
1713 1490 1796 1517 ἑαυτὸ
1821 1491 1873 1517 χαὶ

1075 1541 1146 1568 κατὰ
1159 1541 1208 1575 τὴν
1219 1540 1289 1566 ἰδίαν
1303 1539 1527 1566 ὕπόστασιν.”οτι
1536 1539 1563 1564 δὲ
1574 1539 1587 1564 ὁ
1599 1537 1701 1573 κόσμος
1711 1537 1826 1572 γενητὸς
1833 1537 1871 1568 ",

1075 1587 1153 1623 δῆλον
1179 1586 1209 1619 ἐξ
1228 1583 1266 1613 ὦν
1283 1586 1378 1612 καὶτὰ
1395 1587 1424 1612 ὲν
1438 1585 1512 1620 αὑτῷ
1527 1585 1640 1620 γενητὰ,
1660 1583 1717 1618 πῦρ
1730 1583 1778 1610 καὶ
1795 1582 1874 1617 ὕδωρ

1075 1634 1123 1660 καὶ
1138 1633 1174 1668 γῆ
1195 1633 1242 1659 καὶ
1256 1632 1327 1667 ἀήρ·
1343 1632 1391 1658 καὶ
1411 1631 1466 1666 γὰρ
1488 1630 1574 1657 ταῦτα
1599 1628 1676 1665 παρὰ
1693 1628 1778 1663 μέρος
1802 1628 1876 1654 καθ’

1076 1678 1196 1712 ἑκάστην
1209 1678 1256 1704 καὶ
1268 1677 1411 1711 φθείρεται
1428 1676 1475 1702 καὶ
1490 1676 1604 1709 γίνεται.
1623 1674 1686 1710 [664
1702 1672 1748 1709 R.]
1766 1673 1829 1699 ’Ότι
1842 1672 1877 1698 δὲ

1076 1724 1160 1751 πάλιν
1174 1724 1190 1758 ὴ
1205 1723 1239 1758 γῆ
1251 1722 1369 1758 φθαρτή,
1379 1722 1458 1757 δῆλον
1472 1721 1501 1754 ἐξ
1514 1718 1550 1747 ὧν
1565 1721 1606 1751 εἰς
1618 1720 1668 1754 γῆν
1682 1719 1729 1745 καὶ
1742 1719 1755 1745 6
1765 1717 1878 1752 ἄνθρω-

1077 1779 1128 1802 πος
1142 1770 1189 1796 καὶ
1201 1769 1235 1796 τὰ
1246 1769 1314 1796 ἄλλα
1326 1769 1380 1795 τῶν
1392 1768 1468 1799 ζώων
1481 1766 1646 1801 φθειρόμενα
1659 1764 1876 1800 μεταϐάλλεται·

1077 1817 1108 1844 τὺ
1120 1817 1175 1852 γὰρ
1187 1817 1227 1847 εἰς
1240 1816 1343 1850 ταύτην
1356 1814 1515 1850 φθείρεσθαι
1531 1812 1667 1845 ἀπόδειξίς
1679 1812 1736 1837 ἐστι
1748 1810 1796 1837 τοῦ
1805 1810 1828 1826 ⁸⁸
1841 1811 1880 1836 ὲκ

1077 1864 1180 1897 ταύτης
1194 1861 1343 1896 φθαρείσης
1358 1860 1419 1886 κατ’
1434 1859 1522 1894 ἀρχὰς
1537 1857 1624 1884 ταῦτα
1641 1856 1780 1891 γενέσθαι.
1796 1855 1879 1890 Πλὴν

1079 1907 1126 1933 καὶ
1143 1907 1190 1932 νῦν
1208 1906 1249 1932 ἔτι
1264 1905 1299 1932 τὰ
1309 1906 1330 1921 ⁸³
1348 1903 1433 1930 πολλὰ
1449 1903 1503 1930 τῶν
1516 1902 1593 1935 ζώων
1608 1901 1711 1936 ταύτης
1734 1900 1880 1935 τρεπομέ-

1078 1961 1127 1987 νης
1140 1952 1186 1978 καὶ
1202 1950 1386 1986 φθειρομένης
1400 1949 1506 1984 γίνεται
1530 1957 1560 1974 τε
1583 1948 1630 1974 καὶ
1645 1947 1818 1973 συνίσταται.
1836 1945 1880 1971 Τὸ

1079 1998 1107 2025 δὲ
1123 1998 1291 2033 τρεπόμενον
1309 1997 1334 2023 εί
1351 1996 1397 2023 καὶ
1414 1996 1451 2030 μὴ
1467 1994 1600 2030 πρόδηλον
1616 1992 1674 2028 εἶχε
1690 1993 1738 2026 τὴν
1755 1990 1877 2026 φθορὰν,

1081 2043 1139 2076 πῶς
1164 2043 1198 2070 ἂν
1214 2044 1257 2078 εῑη
1272 2043 1420 2078 ἀγένητον;
1442 2040 1535 2076 Τροπὴ
1552 2040 1606 2075 γὰρ
1631 2040 1706 2065 πᾶσα
1730 2037 1777 2064 τοῦ
1801 2038 1879 2064 κατὰ

1080 2090 1161 2125 φύσιν
1181 2089 1407 2125 προϋπάρχοντος
1433 2088 1479 2114 καὶ
1505 2086 1623 2121 μάλιστα
1643 2085 1693 2120 τῆς
1721 2083 1879 2118 ἁγενησίας

1080 2136 1250 2170 καθέστηκεν
1264 2134 1412 2165 ἔκπτωσις.
1427 2133 1458 2159 El.
1477 2133 1505 2159 δὲ
1521 2130 1554 2167 ἦν
1570 2131 1702 2166 ἀγένητον
1716 2129 1878 2163 ἄνθρωπος,

1081 2182 1140 2212 πῶς
1166 2181 1219 2208 ὑπὸ
1242 2181 1291 2216 τῆς
1314 2179 1449 2214 γενέσεως
1473 2179 1533 2214 ἦτοι
1558 2178 1607 2212 τῆς
1633 2175 1807 2211 εἱμαρμένης
1834 2175 1877 2201 δι-

243 2229 374 2259 guuntur,
390 2230 417 2251 et
432 2225 506 2251 ﬁant.
528 2225 603 2257 Quod
627 2229 716 2252 autem
739 2225 917 2257 convertitur,
945 2226 1020 2252 etiau‘

1079 2227 1199 2263 ῳκεῖτ“⁷⁶
1215 2228 1266 2260 av;
1289 2227 1326 2253 Τὸ
1339 2228 1395 2262 γὰρ
1409 2225 1542 2260 ἀγένητον
1557 2225 1587 2250 οὐ
1604 2222 1690 2250 δεῖταί
1708 2230 1781 2253 τινος
1795 2221 1882 2248 ἁλλο-

243 2269 266 2296 si
285 2269 354 2297 forte
371 2271 460 2297 minus
474 2269 555 2297 fuerit
569 2270 710 2297 manifesta
722 2271 781 2305 ejus
793 2271 942 2306 corruptio,
963 2279 1030 2306 quo-

1083 2271 1158 2307 τρίου
1178 2272 1246 2307 πρὸς
1265 2271 1314 2308 τὴν
1334 2271 1402 2298 ἰδίαν
1422 2270 1562 2297 σύστασιν.

246 2318 326 2344 modo
357 2318 382 2344 id
415 2324 475 2345 ortu
503 2326 597 2346 carere
613 2319 715 2353 possit?
740 2319 872 2352 Quoniam
906 2321 997 2346 onmis
1032 2321 1146 2347 mutatio
1169 2320 1227 2355 ejus
1246 2320 1318 2355 quod
1344 2325 1422 2347 antea
1445 2327 1494 2346 sua
1530 2323 1624 2345 natura
1651 2315 1814 2347 exsistebat,
1837 2316 1882 2343 vel

247 2365 365 2392 maxime
382 2365 408 2392 in
418 2373 499 2393 causa
513 2374 572 2393 esse
586 2366 664 2400 solet,
681 2374 729 2394 cur
747 2367 771 2393 id
785 2372 846 2394 ortu
859 2374 911 2393 non
941 2371 1028 2394 creat.
1046 2375 1106 2395 eam
1122 2370 1145 2395 si
1163 2374 1240 2396 ortus
1255 2370 1345 2396 oumis
1365 2375 1463 2403 expers
1490 2366 1586 2394 fuisset
1613 2365 1729 2392 hmniuis
1766 2369 1882 2398 natura,

247 2412 381 2446 quomodo
394 2419 453 2438 eam
475 2416 522 2439 aut
542 2414 649 2445 genesis
662 2417 708 2440 aut
733 2412 818 2439 fatttm
842 2413 1107 2447 dispensaret?Nam
1121 2415 1195 2450 quod
1209 2420 1269 2443 ortu
1296 2420 1382 2447 caret,
1411 2414 1523 2441 alterius
1563 2419 1735 2446 nequaquam
1760 2411 1882 2446 indigel.

247 2464 277 2486 ut
293 2460 431 2487 subsistat.

288 2505 315 2532 Si
340 2507 400 2539 quis
424 2512 516 2534 autent
537 2507 594 2542 ipsa
629 2514 718 2533 rerum
752 2506 888 2533 evidentia
915 2511 1020 2534 coactu:

1122 2506 1154 2533 Εἰ
1167 2506 1195 2533 δέ
1209 2515 1252 2538 τις
1267 2505 1319 2533 ὑπὸ
1333 2506 1383 2541 τῆς
1396 2505 1450 2532 τῶν
1464 2505 1638 2540 πραγμάτων,
1649 2504 1797 2538 ἐναργείας
1820 2505 1884 2540 βια-

249 2551 360 2579 forsitan
374 2551 501 2585 fateatur,
517 2559 576 2580 orta
594 2553 702 2588 quidem
727 2560 790 2580 esse
810 2560 871 2580 cum
887 2555 1020 2581 terrestria

1085 2551 1198 2587 ζόμενος
1219 2551 1345 2587 ὁμολογεῖ
1362 2550 1462 2585 γενητὰ
1479 2550 1529 2585 μὲν
1544 2548 1663 2576 εἶναιτὰ
1685 2550 1732 2576 ἐπὶ
1755 2550 1811 2584 γῆς
1835 2552 1885 2577 καὶ

249 2604 305 2626 tum
327 2601 449 2634 aquatica
464 2605 491 2628 et
506 2608 583 2627 aerea
602 2609 608 2627 :
628 2600 676 2627 sed
705 2600 778 2627 illaut
796 2604 885 2627 tamen
903 2601 1020 2635 genesim

1086 2598 1222 2634 θαλάττης
1237 2598 1283 2625 καὶ
1298 2597 1332 2623 τὰ
1347 2597 1375 2623 ὲν
1390 2597 1468 2632 ἀέρι,
1483 2597 1533 2632 τὴν
1546 2596 1574 2622 δὲ
1589 2597 1675 2622 ταῦτα
1691 2596 1884 2623 ἀποτελοῦσαν

250 2652 297 2680 per
312 2652 393 2679 quam
412 2645 470 2673 haec
486 2645 679 2680 perﬁciantur,
706 2653 787 2674 cursu
814 2653 864 2673 suo
877 2646 1016 2674 COlllillual

1085 2646 1192 2680 γένεσιν
1209 2645 1359 2679 τρέχουσαν
1373 2644 1484 2678 διηνεκῆ
1498 2642 1583 2678 φορὰν
1593 2643 1620 2658 ⁷¹”
1631 2643 1678 2669 καὶ
1692 2642 1827 2677 ἀγένητον
1843 2645 1885 2670 ὲνο

249 2692 407 2724 quannlam,
433 2696 461 2719 et
482 2697 559 2719 ortus
588 2697 727 2727 expertem
753 2692 957 2727 corruptionem
979 2692 1020 2720 eﬂl

1084 2691 1186 2726 εργεῖν,
1200 2689 1247 2716 καὶ
1258 2688 1423 2724 ἐργάζεσθαι
1435 2689 1471 2715 τὰ
1485 2688 1673 2725 προειρημένα
1684 2688 1774 2715 πάντα
1785 2689 1885 2720 ἀῖδίως

890 2767 1009 2796 VARUE
1030 2767 1234 2796 LECTIONES.

288 2827 309 2843 "
321 2826 353 2862 δή
366 2827 387 2853 Δ
403 2834 410 2853 :
424 2826 453 2852 δὲ
464 2835 504 2863 ς.Δ
532 2826 556 2842 ⁸³
570 2826 599 2853 ὃν
610 2826 746 2863 νὸριιηιψε
761 2833 768 2863 ς
784 2825 843 2863 libri
857 2822 906 2863 ὧν.
922 2860 926 2863 _
945 2825 966 2840 “
981 2824 1060 2863 vzi._A
1075 2823 1198 2863 ερξαξς.⁵
1218 2823 1251 2863 _“
1272 2821 1419 2863 ἀγέννητον
1435 2822 1470 2863 Α..
1519 2821 1541 2837 ⁸³
1555 2821 1614 2863 ivi‘
1627 2830 1638 2863 _:
1654 2822 1733 2863 ἃν-ς,
1743 2857 1755 2863 Α
1774 2822 1805 2863 ⁸⁷1
1818 2830 1884 2856 γεν-

251 2862 332 2898 νητὸς
348 2857 383 2882 '—
396 2857 512 2898 γεννητᾰ
526 2871 556 2894 ς.
595 2862 616 2878 ⁸³³
629 2861 687 2898 τοῦ]
706 2861 767 2890 libri
787 2861 826 2888 τό.
865 2862 886 2877 θ’
900 2860 934 2887 τὰ
948 2868 1002 2888 om.
1019 2861 1052 2888 Δ.
1091 2859 1114 2876 ⁷⁸
1136 2858 1199 2888 libri
1216 2857 1348 2892 διοικεῑτ¹,
1371 2864 1397 2886 et
1410 2857 1489 2893 paulo
1504 2861 1565 2893 post
1584 2858 1648 2885 an).
1686 2857 1706 2873 ⁷¹
1721 2857 1827 2893 φθορὰν
1845 2866 1882 2891 ς,
