1920 3090
28 119 76 152 833

536 116 799 147 BIBLIOTHECA.
820 127 852 134 ·-
871 115 953 146 COD.
967 115 1124 146 CCXXIII.

1600 119 1653 152 834

28 177 70 205 καὶ
78 174 221 210 ἀγένητον,
228 170 345 200 αὖτόθεν
352 172 409 208 ἔχει
422 172 468 200 τὸν
477 172 600 208 ἔλεγχον.
608 172 646 199 Οὐ
655 171 710 207 γὰρ
720 169 776 199 οἷόν
787 179 817 198 τε

872 178 940 203 cere,
962 170 1071 205 illaque,
1087 179 1147 206 quae
1163 169 1219 204 jam
1252 171 1381 205 diximus,
1406 173 1499 201 omnia
1524 181 1654 210 perpetuo

29 224 91 252 αὐτὰ
99 223 150 258 μὲν
166 219 238 248 εἶναι
254 220 356 255 γενητὰ
370 219 419 246 καὶ
431 219 482 246 οὐκ
492 218 576 251 ἀΐδια,
586 218 672 244 ἀΐδιον
682 217 711 244 δὲ
721 217 811 244 αὐτῶν

30 270 70 305 τὴν
87 268 233 304 διοίκησιν.
249 267 291 294 Τὰ
305 266 359 301 γὰρ
369 265 435 293 ὅντα
454 274 497 297 τις
519 265 670 300 συγκρατεῖ
685 264 733 291 καὶ
747 264 813 290 διοι-

31 316 75 345 κεῖ,
88 315 122 340 τὰ
135 313 164 340 δὲ
179 313 230 339 οὐκ
239 312 304 339 ὄντα
317 311 449 347 πρότερον
464 312 536 337 ποιεῖ
548 311 607 346 μὲν,
619 307 679 336 εἶτα
694 309 814 344 κυϐερνᾷ

30 360 69 386 καὶ
83 359 200 386 διοικεῖ·
219 358 250 384 οὺ
278 357 331 393 μὴν
355 356 409 390 πρὸ
434 356 482 383 τοῦ
507 356 634 390 γενέσθαι
655 356 752 383 διοικεῖ
767 355 815 382 καὶ

31 406 144 441 κυϐερνᾷ
155 405 191 431 τὰ
210 405 248 440 μὴ
262 403 338 437 ὅντα,
352 401 412 431 εἶτα
425 403 596 438 δημιουργεῖ.

862 221 891 245 et
902 217 963 244 sine
989 221 1051 244 ortu
1070 216 1191 251 operari.
1216 217 1261 244 hic
1278 222 1382 246 suamet
1407 218 1494 254 ipsius
1518 221 1654 249 sententia

862 262 1044 298 redarguitur.
1055 262 1113 290 Non
1133 262 1206 290 enim
1223 263 1280 290 ﬁeri
1295 267 1384 298 potest
1405 269 1434 291 ut
1449 265 1506 292 haec
1520 266 1615 293 eadem
1627 271 1656 293 et

863 314 923 336 orta
939 314 967 336 et
984 316 1038 337 non
1053 309 1218 343 sempiterna
1231 309 1295 343 sint,
1311 315 1339 338 et
1355 314 1445 339 tamen
1459 313 1653 346 sempiternam

864 355 1010 382 admittant
1039 355 1282 390 dispensationem.
1311 356 1378 383 Nam
1410 365 1441 384 ea
1463 359 1571 392 quidem
1594 367 1655 392 qua!

863 401 998 428 exsistunt
1011 400 1082 428 tueri
1097 401 1231 434 quispiam
1247 409 1279 429 ac
1294 401 1450 436 dispensare
1465 408 1553 438 potest
1569 413 1576 430 :
1593 412 1654 439 qua:

31 459 86 477 vero
102 458 155 477 non
171 449 320 480 exsistunt,
335 448 452 479 primum
476 447 553 479 facit,
567 454 604 474 ac
627 452 683 474 tum
699 447 805 474 demum
827 445 960 480 gubernat
986 450 1068 480 atque
1092 445 1252 481 dispensat:
1270 455 1322 474 non
1348 453 1438 475 autem
1469 450 1554 484 prius,
1591 458 1653 486 qua:

32 505 76 525 non
91 500 167 527 sunt,
182 495 322 528 dispensat
338 499 419 527 atque
442 493 583 528 gubernat,
599 500 631 519 ac
644 492 740 519 deinde
759 490 854 518 eadem
869 495 954 518 creat.

59 541 162 577 Γενητὰ
176 541 206 567 δέ
222 548 289 575 φησι
302 541 337 567 τὰ
348 541 467 575 στοιχεῖα
482 540 530 566 καὶ
544 539 574 571 ἐξ
587 536 624 566 ὧν
637 539 733 573 ὁρᾶται
749 537 800 564 καθ
809 537 817 548 ’

32 589 142 622 ἑκάστην
169 586 293 622 ἀλλήλων
319 586 450 621 δεόμενα·
472 586 504 612 τὸ
529 585 585 620 γὰρ
610 585 743 619 ἀγένητον
768 583 816 610 καὶ

31 635 156 668 ἄτρεπτον
175 633 224 659 καὶ
240 632 374 663 ἀνενδεές.
390 633 480 658 Δείται
495 631 524 657 δὲ
540 631 575 657 τὰ
590 631 711 666 στοιχεῖα
732 629 816 664 ἀλλή-

32 680 77 705 λων
93 679 140 705 καὶ
157 679 200 709 εἰς
219 678 250 704 τὸ
262 677 327 713 [544
338 676 386 712 ιι]
405 676 539 708 σώζεσθαι
555 677 603 704 καὶ
617 677 657 708 εἰς
669 676 701 703 τὸ
718 676 815 707 σώζειν

31 724 59 750 τὰ
71 725 99 749 ὲν
115 723 211 754 αὐτοῖς
228 722 297 754 ζῶα.
308 721 336 748 '0
352 721 380 747 δὲ
394 721 496 755 κόσμος
516 720 577 752 ὅλος
598 720 721 755 γενητὸς,
736 719 766 751 ὲξ
777 715 815 746 ὧν

32 770 71 796 καὶ
85 768 213 800 σύνθεσις
230 768 339 802 ὁρᾶται,
355 766 385 798 ἐξ
400 766 515 801 οὐρανοῦ
533 766 581 792 καὶ
595 766 646 800 γῆς
660 766 707 792 καὶ
721 765 776 791 τῶν
787 765 816 792 ὲν

33 814 100 850 μέσῳ
116 812 311 847 συγκείμενος.
330 811 361 838 Εἰ
385 811 439 846 γὰρ
459 812 506 838 καὶ
528 810 623 846 ὥσπερ
644 810 783 845 ὀφθαλμὸς
797 810 814 845 ἢ

32 859 129 894 κεφαλὴ
145 858 196 885 τοῦ
219 858 314 884 λοιποῦ
339 857 474 892 σώματος,
488 856 575 888 οὕτως
595 858 610 883 ὁ
627 856 739 892 οὐρανὸς
760 856 816 884 τῶν

32 905 166 941 κωμικῶν
182 904 326 940 στοιχείων
348 904 379 930 τὸ
393 903 566 939 τιμιώτατον,
584 903 641 929 ἀλλ’
658 901 706 929 οὖν
720 903 816 938 ὥσπερ

32 951 129 986 κεςαλὴ
151 950 201 978 καὶ
216 950 374 985 ὀφθαλμὸς,
389 949 440 976 κᾶν
462 949 636 984 τιμιώτατον,
656 949 817 984 ὁμοιοπαθεί

32 997 65 1031 τῷ
76 995 165 1031 λοιπῷ
183 994 302 1030 σώματι,
325 994 397 1021 οὕτω
418 994 466 1021 καὶ
482 994 596 1030 οὐρανὸς
611 995 646 1029 γῇ
670 995 717 1021 καὶ
741 994 817 1021 ὕδατι

33 1043 73 1069 aui
87 1042 150 1078 ἀέρι
165 1042 214 1068 καὶ
234 1041 292 1072 τοῖς
316 1041 344 1066 ὲν
360 1040 434 1074 αὺτῷ
449 1039 578 1075 φθαρτοῖς
601 1039 702 1066 ἅπασιν
724 1040 816 1074 ὁμοιο-

32 1087 114 1123 παΰὴς
127 1088 261 1122 ὑπάρχων
273 1086 322 1122 τὴν
335 1086 426 1121 κοινὴν
436 1086 540 1121 φθορὰν
550 1085 581 1113 οὐ
592 1086 728 1121 διέφυγεν.
737 1086 818 1113 Ἀλλὰ

32 1136 80 1168 γὰρ
94 1133 154 1165 πῶς
170 1133 207 1160 τὰ
227 1131 402 1166 διοικούμενα
415 1131 469 1158 ὑπὸ
484 1131 617 1165 γενέσεως
629 1132 766 1167 ἀγένητα;
781 1131 818 1158 Ἦ

32 1180 85 1211 πῶς
100 1179 136 1206 τὰ
150 1179 193 1210 εἰς
204 1178 236 1205 τὸ
250 1175 321 1204 εῖναι
341 1177 442 1213 ἐτέρων
464 1177 502 1213 μὴ
521 1177 650 1212 δεηθέντα
667 1177 707 1208 εις
723 1177 818 1213 χρείαν

33 1224 108 1260 ἦλθεν
130 1223 278 1259 ἀλλοτρίας
295 1223 464 1258 διοικήσεως,
482 1222 529 1249 καὶ
545 1222 648 1258 ταύτης
674 1222 725 1249 οὐκ
750 1223 819 1256 ἀγα-

34 1270 94 1303 θῆς;
110 1268 144 1295 Τί
165 1268 196 1295 δὲ
212 1267 269 1295 ἀπὸ
281 1267 329 1294 τοῦ
341 1267 502 1294 διοικεῖσθαι
525 1269 650 1302 κρεῖττον
664 1267 720 1301 ἕξει
736 1276 819 1303 προσ-

33 1316 111 1349 ούσης
125 1314 222 1345 αὐτοῖς
233 1313 394 1348 ἀγενησίας;
408 1313 506 1340 Καίτοι
522 1312 610 1348 τροπὴ
625 1313 701 1339 πᾶσα
712 1312 820 1347 φύσεως

34 1361 164 1395 ἁγενήτου
190 1359 280 1394 φθορά
300 1360 348 1386 χαὶ
371 1358 499 1390 ἔκστασις
513 1358 607 1390 οὐσίας
621 1359 750 1394 ἀνάρχου.
765 1359 821 1385 Καὶ

35 1406 87 1437 πῶς
102 1406 206 1440 ἡνετκε
220 1405 257 1432 τὰ
270 1405 391 1439 ἀγένητα
403 1404 455 1430 ὑπὸ
468 1404 602 1439 γενέσεως
612 1405 636 1420 ⁷¹
661 1404 821 1432 διοικεῖσθαι

34 1453 80 1478 οῦκ
93 1452 142 1478 ἐπὶ
156 1451 190 1478 τὸ
204 1450 326 1486 σωθῆναι
336 1451 359 1467 "
372 1451 465 1482 αὐτοῖς
487 1450 519 1477 τὺ
539 1451 682 1486 ἀγένητον,
706 1451 764 1478 ἀλλ’
777 1451 822 1478 ἐπὶ

33 1498 61 1524 τὸ
75 1496 249 1532 φυλαχθῆναι
261 1505 269 1529 ς
285 1496 317 1523 El
336 1496 365 1522 δέ
381 1504 424 1528 τις
437 1496 569 1532 ἀγένητον
583 1497 656 1531 λέγοι
670 1497 761 1523 αὐτῶν
773 1497 823 1532 τὴν

33 1544 145 1579 τροπὴν,
154 1543 187 1570 τὺ
199 1543 308 1589 πάντων
320 1542 522 1578 ἀδυνατώτερον
531 1542 637 1589 εἰσάγει
646 1551 654 1559 ’
667 1543 756 1578 τροπὴ
767 1543 822 1578 γὰρ
835 1559 857 1589 c

34 1590 117 1621 πάθος
129 1589 207 1616 ἐστὶν
221 1588 384 1624 ἀρχόμενον,
401 1589 449 1615 καὶ
463 1589 514 1615 οὐκ
529 1588 562 1615 ἄν
575 1597 617 1620 τις
631 1589 703 1616 είποι
717 1589 822 1624 τροπὴν

35 1638 160 1671 ἄναρχον.
175 1634 233 1662 Καὶ
250 1634 398 1669 -συντόμως
419 1634 518 1666 εἰπεῖν,
533 1633 589 1660 τῶν
612 1634 752 1668 στοιχείων
778 1634 825 1663 καὶ

34 1682 84 1708 τῶν
110 1681 258 1714 ἐξάὺτῶν
282 1680 359 1713 ζώων
381 1689 412 1706 τε
435 1680 483 1707 καὶ
507 1680 641 1715 σωμάτων
655 1681 673 1715 ἡ
688 1680 825 1714 πάνσοφος

35 1728 131 1762 τροπὴ,
145 1728 195 1754 καὶ
210 1726 266 1753 τῶν
287 1725 434 1761 σχημάτων
456 1725 504 1752 καὶ
525 1725 679 1761 χρωμάτων
702 1725 750 1753 καὶ
770 1724 825 1752 τῶν

36 1773 120 1799 ἄλλων
137 1772 294 1806 ποιοτήτων
308 1772 326 1806 ἡ
338 1769 447 1806 ποικίλη
462 1770 580 1806 διαφορὰ
597 1770 677 1806 μόνον
691 1769 752 1805 οὐχὶ
767 1779 825 1804 φω-

36 1819 80 1854 νὴν
102 1819 206 1854 ἀφίησι
219 1818 290 1853 μήτε
304 1817 438 1852 ἀγένητον
455 1817 524 1852 μήτε
539 1816 690 1850 αὐτόματον
704 1817 825 1851 νομιζειν

36 1866 78 1891 τὸν
100 1865 208 1900 κόσμον
220 1884 228 1897 ,
246 1864 309 1899 μήτ’
323 1861 356 1890 αὖ
372 1863 550 1898 ἀπρονόητον,
570 1862 633 1898 {665
647 1861 692 1898 R.]
716 1862 782 1889 Θεὸν
798 1862 827 1889 δὲ

36 1911 125 1942 αὐτοῖς
138 1910 189 1937 καὶ
201 1910 233 1936 τὸ
244 1907 315 1936 εῖναι
329 1909 414 1936 καὶτὸ
427 1906 457 1936 εὖ
472 1906 542 1935 εἶναι
556 1908 764 1944 παρασχόμενον
779 1917 828 1936 σα-

36 1957 92 1990 φῶς
107 1957 212 1984 ειδέναι
226 1957 276 1983 καὶ
287 1955 457 1987 ἅδιστάκτως
469 1954 644 1982 ἐπίστασθαι.

901 537 996 565 Ortum
1012 543 1102 564 autem
1125 538 1225 565 habere
1250 538 1332 565 etiam
1353 538 1498 572 elementa,
1513 540 1555 567 vel
1570 549 1603 568 ex
1618 550 1651 570 eo

864 582 954 614 docet,
968 583 1039 618 quod
1056 587 1151 610 mtttuo
1165 583 1223 610 haec
1239 585 1360 618 quotidie
1372 585 1494 612 subsidio
1509 594 1588 621 egere
1612 589 1653 614 \‘i-

863 629 986 656 deamus.
1011 630 1143 662 Quoniam
1157 630 1228 664 quod
1256 636 1316 657 ortu
1339 636 1425 662 caret,
1451 632 1522 659 idem
1547 641 1654 668 quoque

863 675 1032 702 immutabile
1058 680 1097 702 cst
1110 679 1137 702 et
1150 676 1249 702 nullius
1260 676 1397 712 indigens.
1416 677 1502 704 Porro
1533 679 1654 714 indigent

868 725 965 746 mutuo
980 719 1126 753 elementa,
1143 728 1195 747 non
1210 721 1297 748 solutn
1318 726 1348 748 ιιι
1368 722 1423 756 ipsa
1437 729 1591 758 serventur,
1608 732 1655 751 ve-

868 772 928 792 rum
951 765 1033 792 etiam
1058 770 1088 792 ut
1115 766 1284 799 animantia,
1304 775 1364 801 qua»,
1392 768 1418 794 in
1452 769 1516 802 ipsis
1538 770 1649 804 degunt.

867 816 1038 838 conservent.
1053 811 1182 839 Mundnm
1199 812 1232 839 ad
1250 812 1308 839 haec
1329 817 1413 840 totum
1441 814 1542 842 habere
1565 821 1654 844 ortum

867 861 981 891 apparet
996 864 1029 884 ex
1045 865 1089 889 eo,
1108 858 1180 891 quod
1200 858 1273 885 hunc
1287 859 1655 895 coagtnentationemquam-

868 902 927 928 dam
937 908 998 928 esse
1010 902 1186 936 percipimus,
1203 910 1218 929 e
1239 902 1318 935 ccelo,
1337 907 1420 937 terra,
1432 911 1582 939 eorumque
1595 913 1655 940 qua:

868 946 894 972 in
911 946 1006 973 horum
1031 947 1120 973 medio
1150 951 1215 974 sunt
1236 952 1415 975 constantem.
1440 948 1474 975 Et
1490 957 1554 977 vero
1575 950 1610 983 si,
1627 955 1655 977 ut

867 991 962 1019 oculus
982 991 1023 1018 vel
1038 997 1122 1029 caput
1144 993 1170 1020 in
1187 993 1293 1028 reliquo
1309 1001 1431 1027 corpore,
1449 995 1489 1022 sic
1508 1000 1536 1022 et
1555 995 1654 1023 cmlutn

867 1037 940 1064 inter
946 1037 1036 1064 nmndi
1046 1041 1135 1071 partes
1144 1038 1346 1072 dignissimum:
1356 1038 1656 1073 omnino,quemadmo-

868 1082 931 1110 dum
947 1087 1027 1117 caput
1045 1087 1073 1110 et
1088 1083 1194 1114 oculus.
1211 1083 1276 1110 etsi
1293 1083 1450 1118 dignissima
1471 1091 1526 1118 pra:
1548 1083 1656 1111 caeteris

868 1128 1002 1160 membra,
1017 1128 1111 1155 iisdem
1126 1136 1186 1155 cum
1198 1128 1304 1163 reliquo
1319 1135 1433 1163 corpore
1443 1129 1656 1163 permotionibus

868 1173 1060 1208 subjiciuntur,
1072 1174 1112 1200 sic
1125 1174 1206 1201 etiam
1219 1175 1317 1201 caelum
1331 1175 1416 1209 (quod
1427 1175 1521 1202 iisdem
1538 1175 1656 1203 motibus

868 1225 930 1245 cum
947 1223 1032 1251 terra,
1049 1219 1145 1255 2090
1162 1227 1230 1254 aqua
1245 1242 1252 1252 ,
1270 1228 1342 1252 aere,
1366 1225 1393 1248 et
1407 1222 1532 1249 omnibus
1548 1229 1608 1256 qua:
1629 1222 1656 1248 in

871 1271 904 1292 eo
921 1269 986 1292 sunt
1000 1266 1222 1299 corruptibilibus
1246 1266 1393 1294 obnoxium
1409 1267 1463 1303 est)
1483 1275 1656 1295 communem

871 1317 1044 1346 nequaquam
1057 1311 1149 1346 eﬂ‘ugil
1167 1312 1367 1346 corruptionem
1382 1313 1499 1340 :etenim
1510 1313 1656 1347 quomodo,

870 1364 931 1392 qua;
947 1365 961 1382 a
976 1357 1083 1390 genesis
1102 1357 1303 1391 dispensatione
1315 1358 1443 1392 pendent,
1459 1363 1521 1385 ortu
1536 1363 1658 1392 careant,

872 1402 913 1429 vel
928 1403 1064 1437 quomodo
1081 1410 1141 1438 quae
1156 1403 1188 1430 ad
1209 1405 1395 1431 exsistendum
1414 1404 1528 1430 aliorutn
1548 1411 1601 1430 non
1616 1404 1658 1430 itt-

871 1448 1028 1482 digueruut,
1051 1446 1108 1480 jam
1135 1448 1241 1482 alienae,
1259 1453 1286 1475 et
1316 1449 1423 1483 quidem
1446 1455 1498 1475 non
1521 1449 1597 1476 bonae
1620 1448 1660 1475 di-

875 1494 1057 1529 spensationis
1072 1498 1212 1528 coeperunt
1236 1495 1374 1529 indigere?
1393 1494 1462 1528 Quid
1476 1502 1539 1521 vero
1557 1501 1590 1521 cx
1609 1494 1660 1521 hac

873 1538 1073 1571 dispensatione
1100 1538 1274 1566 emolumenti
1302 1539 1419 1573 capient,
1451 1540 1473 1566 si
1496 1539 1551 1574 jam
1577 1545 1659 1566 antea

873 1589 935 1611 ortu
951 1584 1098 1612 carebant?
1110 1584 1205 1612 Omnis
1227 1585 1326 1619 quippe
1349 1591 1453 1612 natura
1465 1591 1525 1612 ortu
1541 1586 1660 1612 carentis

873 1630 999 1664 mutatio,
1020 1631 1158 1664 corruptio
1175 1635 1226 1662 est,
1244 1636 1326 1664 atque
1345 1632 1456 1659 amissio
1476 1631 1548 1659 illius
1570 1633 1659 1659 exsis-

873 1677 1046 1711 tentiat,quze
1059 1677 1192 1711 principio
1202 1678 1323 1704 carebat.
1333 1676 1473 1710 Quomodo
1488 1677 1552 1705 item
1570 1677 1660 1711 posuit

873 1730 905 1749 ea
921 1730 981 1758 quae
995 1727 1056 1750 ortu
1065 1727 1160 1749 carent
1170 1730 1184 1749 a
1197 1722 1304 1757 genesis
1314 1723 1517 1757 dispensatione
1531 1723 1660 1757 pettdere,

874 1777 929 1797 non
946 1775 975 1797 ut
990 1771 1030 1797 eis
1047 1771 1162 1797 donetur
1177 1770 1221 1797 illa
1236 1775 1314 1798 ortus
1324 1778 1422 1805 expers
1438 1775 1543 1804 natura,
1565 1770 1611 1798 sed
1632 1775 1661 1798 ut

874 1821 1057 1843 conservetur
1078 1815 1249 1852 [duntaxat].
1264 1816 1292 1843 Si
1313 1817 1373 1851 quis
1388 1824 1452 1844 vero
1462 1818 1661 1844 dixeriteorum

875 1863 1052 1890 mutationem
1080 1868 1141 1890 ortu
1168 1870 1274 1895 carere,
1303 1863 1384 1890 etiam
1410 1863 1459 1890 hoc
1481 1863 1571 1896 infert,
1589 1863 1660 1898 quod

876 1909 988 1936 minime
1014 1908 1133 1936 omnium
1165 1908 1225 1936 ﬁeri
1251 1914 1349 1942 potest.
1368 1909 1479 1936 Mutatio
1498 1910 1569 1936 enim
1586 1909 1662 1944 ejus-

877 1956 948 1982 modi
978 1955 1101 1989 quazdam
1117 1954 1226 1982 nﬂ'ectio
1243 1960 1304 1987 est,
1322 1962 1380 1989 qua:
1398 1956 1560 1990 principittm
1577 1956 1660 1983 habet

35 2007 61 2029 et
84 2001 177 2030 nullus
200 2008 318 2036 unquam
336 2001 435 2029 dixerit
457 2001 632 2029 mutationem
658 2008 718 2029 esse
751 2001 811 2029 sine
830 2001 972 2036 principio.
988 2000 1126 2034 Quinimo,
1141 2004 1171 2028 ut
1198 2000 1315 2028 breviter
1337 2002 1422 2028 dicam
1437 2022 1444 2033 ,
1461 2006 1487 2029 et
1512 2002 1660 2029 elemento-

37 2053 105 2079 rum,
129 2051 157 2074 et
179 2053 242 2081 qua
257 2045 323 2081 ipsis
338 2046 405 2073 ﬁunt
429 2052 491 2073 cum
519 2045 709 2079 animantium,
736 2050 791 2073 tum
819 2054 963 2081 corporum
988 2046 1187 2080 sapientissima
1213 2047 1345 2080 mutatio,
1378 2048 1524 2083 ﬁgurarum
1545 2049 1577 2075 ad
1604 2050 1662 2076 haec

36 2098 116 2126 atque
127 2092 263 2124 colorum,
277 2096 305 2118 et
321 2090 484 2126 reliquarum
514 2091 676 2126 qualitatum
698 2091 772 2118 varia
799 2091 963 2125 diﬁ'erentia,
991 2097 1095 2119 tantutn
1118 2100 1171 2120 non
1204 2093 1312 2125 clamat,
1336 2094 1383 2121 ‘ne
1407 2098 1453 2121 attt
1476 2099 1536 2122 ortu
1568 2085 1662 2123 carere

36 2139 181 2172 mundum,
202 2142 250 2165 aut
271 2144 377 2166 natura
391 2143 486 2173 sponte
505 2139 640 2166 exsiStere
662 2143 742 2173 atque
767 2139 826 2166 sine
844 2139 1012 2174 providentia
1037 2145 1097 2167 esse
1127 2143 1265 2174 putemus,
1289 2140 1335 2168 sed
1358 2140 1422 2168 illud
1442 2141 1515 2168 clare
1535 2142 1664 2170 sciamus.

38 2189 62 2211 et
84 2184 241 2211 indubitate
275 2189 415 2212 teneamus
446 2183 530 2211 Deum
557 2184 632 2211 hisee
657 2184 782 2211 omnibus
804 2189 832 2210 et
846 2191 916 2216 esse,
931 2190 959 2212 et
976 2185 1045 2213 bene
1058 2192 1118 2212 esse
1130 2185 1235 2221 largiri.

67 2231 149 2266 Τάχα
172 2230 202 2256 δὲ
226 2227 330 2264 γενητὰ
346 2228 396 2264 μὲν
408 2228 444 2256 τὰ
457 2228 525 2256 ἄλλα
547 2228 678 2263 φήσουσι,
695 2228 779 2263 μόνην
801 2228 821 2254 ὁὶ

918 2228 1019 2256 Verum
1035 2229 1099 2256 illud
1117 2228 1230 2257 forsitan
1245 2229 1350 2263 dicent;
1373 2235 1469 2258 cetera
1493 2231 1600 2265 quidem
1616 2240 1662 2260 or-

37 2276 81 2313 τὴν
106 2275 166 2303 τῶν
192 2274 302 2310 ἄστρων
327 2273 408 2308 φύσιν
427 2273 476 2300 καὶ
498 2273 574 2300 θέσιν
598 2274 738 2308 ἀγένητον.
748 2273 828 2300 Ἀλλὰ

38 2323 145 2357 πρῶτον
162 2321 214 2357 μὲν
227 2321 301 2352 τίνος
313 2318 349 2355 ἦν
362 2320 379 2355 ἡ
391 2320 497 2354 γένεσις
510 2319 575 2354 πρὶν
587 2319 713 2354 γενέσθαι
725 2318 827 2353 ταῦτα;

38 2370 83 2400 Τίς
99 2369 131 2396 δὲ
147 2369 162 2395 6
177 2368 214 2394 τὰ
229 2367 349 2402 στοιχεῖα
363 2366 586 2401 δημιουργήσσς;
604 2366 639 2392 Ἢ
662 2365 754 2400 ἕτερος
778 2365 829 2400 μὲν

38 2414 135 2446 οὐδεὶς,
151 2412 226 2440 αὐτὰ
245 2411 274 2438 δὲ
293 2411 388 2438 ἑαυτά.
405 2411 442 2438 To
460 2411 489 2438 δὲ
503 2410 634 2446 ἀγένητον
647 2409 709 2437 οὔτε
724 2409 828 2445 τροπὴν

37 2459 202 2493 αιθαὶρετον
222 2457 257 2484 ἂν
275 2457 456 2492 ὑποσταίηηο
471 2457 539 2484 πᾶσι
563 2457 612 2492 μὲν
629 2457 683 2491 γὰρ
706 2456 783 2491 φίλον
798 2456 829 2483 τὸ

38 2505 106 2531 κατὰ
133 2504 230 2539 φύσιν,
251 2503 370 2538 μάλιστα
390 2503 420 2529 δὲ
443 2504 476 2538 τῇ
505 2503 630 2538 ἀγενήτῳ
654 2502 753 2538 φύσει·
769 2503 832 2530 οὔτε

38 2550 79 2583 ὑφ’
93 2550 196 2585 ἑτέρου
222 2549 261 2584 μὴ
276 2548 448 2584 ’βουλόμενον
471 2549 552 2576 πάθοι
563 2557 570 2564 ·
591 2548 720 2576 ἁϐίιστον
734 2548 788 2585 γὰρ
802 2549 832 2576 τὸ

37 2597 175 2630 κρεῖττον,
197 2596 323 2631 κρεῖττον
337 2595 365 2622 δὲ
380 2595 512 2630 ἁγενήτου
525 2594 617 2627 οὐσίας
628 2595 714 2623 οὐδέν.
731 2596 792 2628 Πῶς
803 2595 833 2622 δ’

39 2641 69 2667 ἂν
81 2641 118 2668 τὰ
135 2641 252 2677 μηδαμῆ
265 2640 399 2676 μηδαμῶς
412 2640 532 2675 γένοιντο
543 2640 605 2676 δίχα
615 2640 661 2667 τοῦ
673 2640 830 2675 ποιοῦντος;

38 2686 99 2719 Πῶς
112 2687 144 2714 δὲ
160 2687 208 2714 τὸν
222 2687 291 2714 Θεὸν
306 2686 411 2722 ταύτην
423 2686 473 2721 τὴν
489 2686 565 2721 ίσχὺν
580 2686 761 2722 ἀφαιροῦντες
779 2688 830 2715 αὐ-

37 2734 92 2766 τοῖς
107 2733 197 2762 ἑαυτὰ
219 2733 355 2769 προάγειν
371 2733 403 2759 ὲκ
427 2732 465 2768 μὴ
487 2731 572 2759 ὀντων
596 2732 776 2767 περιάπτουσι
799 2733 831 2759 τὸ

882 2279 938 2303 tum
956 2275 1057 2303 habere
1070 2275 1172 2309 omnia,
1188 2276 1234 2303 sed
1249 2276 1335 2303 solam
1357 2276 1494 2304 stellarum
1512 2278 1568 2306 sive
1584 2284 1664 2306 natu-

881 2328 952 2353 ram,
969 2321 1026 2349 sive
1037 2321 1196 2356 positionem
1210 2326 1270 2349 ortu
1283 2329 1388 2349 carere.
1401 2322 1437 2350 At
1450 2323 1536 2356 primo
1551 2332 1558 2351 :
1573 2325 1665 2359 cujus-

881 2374 944 2393 nam
955 2367 991 2394 sit
1000 2367 1107 2402 genesis
1118 2366 1340 2402 illa,fpriusquam
1352 2367 1452 2402 aliquid
1467 2368 1565 2396 factum
1574 2375 1646 2397 esset
1653 2370 1666 2397 ?

882 2412 948 2445 Quis
961 2419 1026 2439 vero
1041 2412 1175 2440 elementa
1199 2412 1336 2440 creasset?
1354 2420 1387 2440 an
1410 2413 1480 2440 alius
1500 2421 1591 2447 nemo,
1617 2416 1666 2443 sed

882 2458 940 2486 haec
975 2458 1052 2492 ipsa?
1079 2457 1177 2485 Verum
1210 2459 1282 2493 quod
1318 2463 1378 2486 ortu
1413 2464 1498 2492 creat,
1527 2468 1664 2495 nunquam

880 2509 976 2538 sponte
989 2511 1037 2531 sua
1070 2504 1248 2532 mutationem
1273 2504 1354 2532 ttllam
1383 2505 1487 2533 subeat.
1509 2505 1576 2533 Nam
1603 2515 1664 2534 cutn

879 2550 1005 2577 omnibus
1027 2550 1091 2577 illud
1111 2556 1219 2585 gratum
1247 2558 1308 2578 esse
1323 2551 1402 2584 solet,
1421 2552 1492 2586 quod
1518 2553 1664 2580 secundum

880 2595 939 2629 ejus
964 2600 1088 2622 naturam
1112 2601 1165 2628 est,
1184 2601 1239 2623 tttm
1271 2596 1309 2623 illi
1329 2598 1444 2625 maxime
1465 2603 1588 2632 natura,
1606 2607 1666 2633 qua:

879 2647 941 2669 ortu
952 2647 1055 2670 careat.
1073 2642 1167 2676 Neque
1184 2650 1248 2670 vero
1266 2643 1333 2676 haec,
1354 2644 1376 2671 si
1391 2644 1467 2677 nolit,
1486 2645 1520 2672 ab
1534 2645 1586 2672 alio
1601 2652 1668 2680 quo-

884 2687 956 2722 piam
971 2687 1025 2722 pati
1053 2695 1096 2715 res
1110 2687 1162 2714 ulla
1194 2689 1290 2722 possit.
1311 2688 1442 2721 Quoniam
1459 2690 1530 2724 quod
1549 2689 1664 2718 validius

884 2738 936 2767 est,
952 2734 977 2761 vi
993 2734 1064 2761 nulla
1082 2733 1211 2770 [minore]
1231 2735 1289 2769 cogi
1309 2740 1405 2769 queat,
1419 2739 1446 2764 et
1459 2743 1524 2764 sane
1537 2736 1603 2764 nihil
1617 2736 1663 2764 illa

671 2791 792 2820 VARIIE
811 2792 1016 2822 LECTIONES.

74 2839 98 2856 "
115 2839 179 2868 libri
194 2838 364 2885 ﬁllﬁaiwc.
377 2876 391 2880 Ι.
402 2838 424 2855 ⁷³
440 2837 578 2884 εινιςιιθῆνοιι]¹
587 2837 696 2873 δοθῆναι
723 2839 864 2868 Scltottus.

916 2839 938 2855 ⁷⁸
956 2839 989 2868 ἂν
1013 2840 1177 2877 ὑποσταίηΛ
1203 2851 1210 2869 :
1233 2842 1415 2874 ὺποσταίεις.

1696 2683 1706 2710 {
