1920 3090
246 137 300 170 835

820 126 953 159 ΡΠΟΤΙΙ
973 123 1228 157 ΡΛΤΒΙΛΗΟΗΕ
1243 123 1299 154 CP.

1818 114 1919 152 8361

248 199 344 221 natura
356 190 483 222 validius,
494 196 554 224 qua:
569 191 659 215 ortum
675 185 777 214 nullum
793 185 885 212 liabet.
902 183 1041 218 Quomodo

1091 182 1212 217 κράτος;
1235 181 1266 207 Et
1281 179 1311 207 δὲ
1325 179 1372 208 καὶ
1387 177 1458 207 αὐτὰ
1471 173 1646 214 προαγαγεῖν
1657 177 1768 213 ἴσχυσεν
1790 176 1884 204 ἑαυτὰ

248 239 323 269 item,
340 244 400 271 qua:
419 235 495 262 nullo
521 239 636 268 prorsus
663 231 742 259 modo
765 234 839 261 sunt.
859 230 918 257 sine
940 229 1037 263 opifice

249 283 306 310 fieri
322 281 444 316 possint?
459 284 504 306 aut
517 278 652 314 quomodo
667 277 721 305 Deo
731 277 802 303 hanc
810 275 863 303 vim
873 274 1036 306 auferentes,

249 328 300 356 sibi
327 327 466 353 vindicare
507 324 664 352 facultatem
690 330 749 350 eam
769 326 891 357 possunt,
904 325 934 348 ut
948 320 1038 355 seipsa

248 373 408 407 producam.
428 379 488 406 quae
510 375 590 397 antea
609 376 664 396 non
675 367 862 395 exsistebant‘l
875 366 903 394 Si
919 373 983 393 vero
995 373 1038 393 se-

248 418 361 451 metipsa
390 417 540 450 producere
566 417 711 449 potuerunt
733 413 797 446 quin
825 413 890 440 item
905 419 920 439 ι
941 411 1037 446 seipsis

249 463 423 497 dispensandi
449 461 490 488 sui
508 459 663 487 facultatem
687 463 863 493 acceperunt,
880 458 926 485 sed
950 458 1036 486 aliena

250 517 316 536 cura
340 517 407 544 opus
428 507 598 535 habuerunt?
615 508 696 535 Multo
709 507 781 535 enim
804 507 875 534 factu
903 506 1036 534 difficilius

251 558 303 585 est,
320 553 437 587 primttm
455 553 555 586 aliquid
573 553 642 584 fieri,
662 559 743 587 quam
767 556 909 587 postquam
935 552 1034 579 factum

253 599 340 625 fuerit
361 606 532 633 permanere.
544 598 684 631 Quomodo
699 598 781 633 igitur
791 599 861 632 quod
871 602 929 625 erat
943 598 1037 625 difﬁci-

252 645 305 671 lius
318 644 345 680 [ιι
360 652 418 671 sese
443 644 620 680 lmbueruntJ
646 645 717 679 quod
736 649 828 671 autem
853 643 969 675 facilius.
986 651 1037 670 non

255 691 397 723 haberent,
427 690 477 716 nisi
506 693 539 716 ab
564 690 615 717 alio
637 690 824 723 accepissent?
849 689 882 717 Et
904 689 1039 724 quomodo

253 736 358 770 genesis
371 739 480 766 terram,
502 743 604 768 aerem,
628 741 654 762 et
671 736 721 763 alia
736 743 796 769 qnze
819 743 871 762 non
889 736 962 767 fecit,
978 736 1036 762 dis-

253 785 357 814 pensat.
378 780 534 807 Conditoris
554 783 624 808 enim
657 789 755 809 nmnus
771 785 812 808 est
831 781 913 808 etiam
930 781 1038 816 dispen-

253 825 334 857 satio,
349 833 409 852 cntn
426 834 478 852 non
494 826 580 853 solum
595 827 714 853 omnium
729 835 789 862 qua:
806 827 839 854 ab
854 827 911 861 ipso
930 827 1036 854 condita

253 875 316 898 sunt
337 876 460 898 naturam
478 872 559 904 norit,
579 880 668 899 rerum
683 872 764 899 etiam
790 880 850 907 quze
867 873 1037 907 potissimum

254 917 358 943 ratione
381 918 546 950 conservari,
558 923 584 945 et
600 918 897 957 undenrursu5210a
910 918 1037 945 confundi

254 967 368 997 queant,
382 967 463 997 atque
476 964 623 998 corrumpi.
640 963 667 990 Si
681 963 724 997 qui
749 971 830 999 porro
847 964 974 995 audeant,
984 964 1039 991 ele-

255 1012 409 1033 mentorum
432 1014 542 1041 quoque
555 1008 719 1035 creationem
735 1008 789 1035 fato
805 1009 934 1041 tribuere,
947 1009 1039 1036 dicant

253 1051 334 1078 velim
357 1051 446 1084 nobis,
459 1052 600 1086 qualenam
625 1057 738 1083 astrum.
758 1055 789 1080 ad
809 1061 887 1080 suum
901 1055 926 1080 in
948 1055 1040 1082 zodia-

253 1104 315 1124 cum
340 1098 469 1125 circulum
487 1099 648 1133 ingressum,
668 1104 767 1127 terram
781 1100 942 1134 perfecerit?
958 1100 1042 1134 Quale

254 1143 336 1169 etiam
353 1151 456 1175 aerem,
483 1144 526 1171 vel
553 1144 652 1179 ignem,
685 1145 728 1172 vel
752 1146 868 1180 aquam?
896 1146 993 1173 Verum
1016 1146 1041 1173 id

255 1195 393 1222 nunquam
405 1189 533 1221 dixerint,
559 1190 664 1217 etiamsi
682 1191 799 1219 maxime
813 1192 930 1226 amplius
946 1192 1041 1225 nugari

255 1235 349 1261 velint.
374 1234 507 1262 Praeterea
524 1236 558 1268 si,
580 1237 649 1270 quod
674 1236 737 1263 facit
754 1237 870 1272 genesis.
888 1245 941 1265 non
960 1237 1042 1265 semel

256 1279 330 1311 facit,
362 1280 409 1307 sed
428 1281 522 1307 eadem
550 1282 647 1315 sa-pius
680 1287 741 1317 post
768 1287 916 1317 temporum
943 1283 1044 1316 aliquot

255 1326 390 1352 curricula
407 1326 514 1360 repetit,
536 1327 681 1354 ostendant
699 1327 777 1354 nobis
809 1328 906 1362 saepius
922 1335 982 1355 esse
1001 1328 1043 1355 fa-

260 1377 320 1399 ctas
332 1372 430 1398 multas
449 1373 567 1407 integras
581 1379 678 1406 terras,
696 1373 796 1401 multas
808 1374 930 1409 integras
947 1381 1042 1408 aquas,

257 1418 341 1445 multa
365 1418 468 1453 integra
488 1419 584 1450 maria,
601 1420 671 1447 unde
690 1420 771 1447 eliatn
794 1421 910 1447 mundos
923 1420 1044 1448 infinitos

257 1464 438 1491 constituant.
460 1465 499 1491 Ac
520 1465 745 1500 quemadmodum
769 1466 821 1494 hoc
841 1466 898 1494 fieri
918 1474 972 1493 non
995 1474 1044 1501 po-

259 1514 321 1543 test,
344 1510 380 1537 ita
398 1519 447 1538 nec
460 1511 537 1543 illud,
556 1516 585 1538 ut
606 1512 646 1538 vel
665 1513 748 1540 semel
767 1513 873 1547 genesis
888 1521 971 1540 unum
991 1513 1040 1540 ali-
1056 1517 1078 1547 (ζ

258 1556 329 1591 quod
365 1556 529 1584 elementum
562 1558 731 1592 produxerit.
752 1558 811 1585 Jam
836 1559 858 1586 si
880 1560 913 1586 de
938 1559 1044 1587 insania

259 1601 286 1628 in
302 1601 435 1629 insaniant
459 1602 622 1636 delabentes,
643 1610 657 1630 a
675 1603 730 1631 Deo
742 1603 850 1638 quidem
869 1609 960 1631 creata
983 1611 1044 1633 esse

258 1647 376 1674 dixerint
389 1647 534 1681 elementa,
560 1656 651 1676 vertnn
667 1649 723 1676 hare
738 1650 772 1677 ab
787 1657 819 1677 ea
836 1651 926 1684 genesi
942 1650 1046 1685 dispen-

259 1692 329 1724 sari,
344 1700 404 1727 qua;
425 1701 502 1727 aeque
533 1701 566 1721 ac
598 1695 669 1722 Deus
691 1694 750 1729 ipse
782 1700 858 1722 ortus
878 1703 974 1731 expers
997 1696 1043 1728 sit,

260 1737 344 1764 multo
357 1737 439 1764 etiam
455 1738 625 1765 manifestius
648 1739 794 1766 amentiam
820 1747 897 1767 suam
915 1741 1042 1776 produnt.

259 1782 395 1815 Quorsum
418 1783 490 1810 enim
517 1783 587 1811 Deus
599 1784 723 1812 ordinem
738 1785 841 1812 nullum
857 1786 974 1814 servauti
998 1794 1045 1822 ge‘

262 1829 320 1855 nesi
339 1833 472 1862 Lcreatum
488 1837 503 1856 a
522 1837 552 1856 se
567 1836 635 1863 opus
649 1829 796 1865 subjiciat?
822 1830 862 1858 An
886 1832 957 1866 quod
983 1839 1043 1860 eam

261 1873 319 1908 ipse
339 1874 500 1908 sapientiam
514 1882 566 1902 non
583 1875 693 1907 habeat,
707 1883 759 1910 qua
787 1876 823 1904 illi
838 1878 994 1912 provideat?
1009 1879 1045 1906 At

268 1919 331 1953 quis
358 1919 428 1946 itane
456 1920 549 1946 tulerit
573 1920 860 1956 blaspliemiatn?quis
884 1923 1045 1951 amentiam?

269 1963 381 1990 creandi
396 1964 503 1998 quidem
519 1965 667 2000 potentiam
684 1966 783 1993 habere
797 1966 891 1999 Deum,
907 1968 1046 2002 providen-

265 2009 310 2036 tia:
326 2017 377 2036 non
402 2009 504 2037 habere
528 2015 643 2044 tantum,
668 2017 799 2045 quantum
823 2012 975 2040 inordinata
1000 2013 1044 2041 illa

261 2055 369 2091 genesis
385 2055 435 2082 sibi
451 2057 589 2090 rapuerit?
605 2057 674 2089 Quin
686 2062 713 2084 et
729 2057 863 2085 infinitum
876 2064 974 2093 prater
989 2059 1046 2087 haec

261 2101 439 2129 absurdorum
457 2108 571 2128 examen
596 2103 781 2136 consequitur.
793 2102 891 2130 Verum
901 2104 935 2136 si,
950 2111 1045 2138 quem-

262 2148 406 2175 admodum
436 2148 557 2175 bonitate
588 2155 635 2175 sua
647 2147 810 2184 [creaturas]
832 2148 895 2176 fecit
910 2149 990 2181 Deus,
1003 2149 1044 2177 sic

261 2200 288 2222 et
308 2194 429 2229 providet
445 2201 451 2219 :
470 2182 699 2227 supervacaneum
717 2199 791 2220 certe
805 2182 849 2221 iac
873 2193 983 2221 stultum
1003 2182 1083 2221 estD

261 2241 312 2268 hoc
324 2240 358 2268 de
370 2240 426 2267 fato
440 2240 499 2267 sive
508 2238 600 2273 genesi
614 2244 807 2267 commentum.
824 2239 964 2273 Quomodo
979 2240 1044 2268 item

262 2288 322 2315 sine
339 2292 398 2314 ortu
416 2287 514 2314 caelum
535 2292 596 2313 esse
619 2286 714 2320 possit,
735 2286 952 2320 quandoquidem
970 2294 1046 2314 corn-

262 2333 341 2368 positi
367 2332 472 2364 mundi,
493 2339 573 2366 quem
599 2331 717 2366 undique
740 2331 834 2366 cingit,
860 2339 922 2366 pars
938 2332 996 2359 est?
1017 2337 1046 2360 at

261 2380 332 2413 quod
360 2384 448 2406 ortum
472 2378 573 2405 nullutn
593 2378 685 2410 habet,
706 2378 732 2404 id
745 2385 832 2412 neque
843 2378 952 2413 cingere
966 2379 1045 2413 quid-

262 2432 341 2459 quam
354 2431 442 2459 neque
454 2424 569 2451 aliorum
590 2423 665 2451 locus
682 2430 744 2451 esse
760 2424 855 2458 possit,
871 2424 917 2451 sed
929 2431 991 2451 cum
1010 2425 1044 2452 ab

263 2469 316 2501 Itis,
338 2474 393 2496 tum
411 2470 445 2496 ab
459 2468 521 2496 aliis
535 2468 723 2496 affectionibus
732 2469 857 2496 omnibus
866 2468 980 2496 liberum
991 2475 1044 2497 est.

263 2513 331 2546 Quin
343 2513 385 2541 vel
397 2521 428 2540 ex
446 2513 503 2548 ipsa
521 2521 614 2541 eorum
629 2520 710 2548 quam
722 2513 879 2549 confingunt
894 2514 1044 2549 ltypotliesi,

1086 228 1133 256 διὰ
1145 227 1172 254 τί
1190 227 1227 262 μὴ
1243 225 1290 253 καὶ
1303 225 1334 251 τὺ
1347 223 1505 252 διοικεῖσθαι
1518 222 1625 250 οἴκοθεν
1640 222 1789 258 παρέσχεν,
1805 222 1884 249 ἀλλὰ

1087 274 1137 309 τῆς
1154 273 1248 308 ἐτέρου
1263 271 1428 307 κηδεμονίας
1439 269 1536 305 ἐδεήθη
1548 277 1556 302 ;
1574 269 1612 295 Τδ
1624 268 1680 304 γὰρ
1689 268 1817 303 γενέσθαι
1829 267 1884 294 τοῦ

1087 318 1224 354 διαμένειν
1240 316 1386 351 γενόμενον
1403 315 1493 350 πολλῷ
1504 313 1726 349 δυσχερέστερον.
1739 314 1802 345 Πῶς
1816 311 1885 346 οὖν,

1087 364 1103 391 δ
1126 363 1176 399 μὲν
1201 360 1236 398 ἦν
1259 361 1479 397 δυσχερέστερον,
1496 360 1536 391 είς
1562 359 1662 395 πρᾶξιν
1675 359 1802 394 ἤνεγκεν,
1816 359 1835 386 ὃ
1852 359 1886 386 δὲ

1089 410 1189 446 ῥᾴδιον,
1205 409 1254 435 οὐκ
1269 408 1301 435 ἂν
1316 407 1373 442 ἔχοι
1398 406 1435 442 μὴ
1452 406 1516 441 παρ’
1530 405 1624 440 ἐτέρου
1642 403 1751 437 λαϐώνς
1768 404 1836 436 Πῶς
1851 404 1886 431 δὲ

1087 455 1135 482 καὶ
1160 455 1176 490 ή
1199 454 1305 488 γένεσις
1327 454 1379 488 γῆν
1393 461 1424 479 τε
1439 452 1486 479 καὶ
1501 452 1570 488 ἀέρα
1586 451 1634 478 καὶ
1647 451 1683 478 τὰ
1697 451 1774 484 ἄλλο..
1795 450 1814 478 ἃ
1841 452 1885 486 μή

1088 501 1238 536 πεποίηκε,
1255 500 1368 533 διοικεῑ;
1386 499 1485 534 Ἔργον
1499 499 1554 534 γὰρ
1568 497 1615 525 τοῦ
1630 498 1812 533 πεποιηκότος
1830 500 1885 524 καὶ

1087 548 1118 575 τὸ
1132 548 1252 578 διοικεῖν,
1269 547 1308 573 ὅτι
1325 547 1371 573 καὶ
1388 547 1467 581 μόνος
1481 546 1535 572 τῶν
1552 545 1649 572 ἑαυτοῦ
1665 546 1884 580 δημιουργημά-

1087 603 1141 620 των
1163 594 1213 629 τὴν
1226 593 1306 628 φύσιν
1323 591 1386 624 οἶδε,
1408 592 1455 619 καὶ
1471 592 1545 623 ὅπως
1566 591 1617 626 μὲν
1640 592 1776 626 χρατοῖτο,
1793 591 1885 617 πόθεν

1070 673 1074 677 η
1088 639 1115 664 δὲ
1132 639 1272 673 συγχέοιτο
1288 637 1335 664 καὶ
1351 637 1541 672 διαφθείροιτα
1559 636 1590 663 Εἰ
1608 636 1636 663 δὲ
1650 636 1817 671 τολμήσαιεν
1832 635 1885 661 καὶ

1088 684 1142 710 τῶν
1158 684 1296 718 στοιχείων
1309 684 1358 719 τὴν
1372 682 1549 718 δημιουργίαν
1562 681 1692 707 ἀνάπτειν
1698 680 1720 696 ⁷⁵
1732 681 1766 715 τῇ
1778 680 1886 716 £19419-

1091 730 1169 765 μένῃ,
1186 729 1313 766 [545ΞΗ.]
1330 728 1483 763 λεγέτωσαν
1503 728 1570 762 ἡμῖν
1583 727 1657 758 ποῖος
1674 726 1722 761 μὲν
1734 725 1825 760 ἀστὴρ
1841 726 1886 756 εἰς

1088 776 1147 803 τάδε
1161 776 1191 803 τὸ
1206 775 1300 808 ζώδιον
1316 774 1444 801 είσελθὼν
1456 774 1603 800 ἀπετέλεσε
1620 772 1669 808 τὴν
1683 772 1745 807 γῆν,
1759 773 1840 804 ποῖος
1854 772 1887 798 δὲ

1089 823 1134 849 τὸν
1151 823 1221 857 ἀέρα
1234 822 1251 858 ἦ
1265 822 1296 848 τὸ
1308 820 1364 857 πῦρ
1377 821 1394 856 ἢ
1410 822 1439 847 τδ
1452 820 1533 855 ὕδωρ.
1543 819 1612 846 Ἀλλ’
1627 819 1677 846 οὐκ
1688 818 1721 845 ἂν
1733 818 1823 854 ἔχοιεν
1837 818 1889 844 λέ-

1090 877 1159 904 γειν,
1174 869 1198 895 εἰ
1215 868 1263 895 καὶ
1282 867 1364 894 πλέον
1375 867 1467 901 ληρεῖν
1483 866 1675 901 μελετήσωσιν.
1686 863 1792 896 Ἀλλως
1805 872 1838 890 τι
1856 864 1888 890 δὲ

1091 915 1115 942 εί
1130 915 1178 950 οὐχ
1190 912 1264 946 ἂπαξ
1275 914 1347 940 ποιεῖ
1361 912 1375 939 δ
1387 913 1461 938 ποιεῖ
1472 912 1489 947 ἡ
1502 911 1618 945 γένεσις,
1632 909 1762 941 πολλάκις
1773 910 1804 936 δὲ
1816 909 1889 935 ti"

1090 960 1160 988 αὐτὰ
1174 959 1245 986 κατά
1256 967 1332 991 τινας
1345 958 1449 994 χρόνων
1463 956 1803 992 περιόδους.δεικνύτωσαν
1814 957 1890 990 ἡμῖν

1092 1005 1219 1038 πολλάκις
1239 1005 1288 1040 μὲν
1306 1004 1492 1040 γεγενημένας
1508 1000 1608 1035 πολλὰς
1631 1003 1759 1038 ὁλότητας
1778 1001 1888 1036 γαιῶν,

1091 1051 1192 1083 πολλὰς
1215 1051 1244 1078 δὲ
1267 1050 1381 1084 ὑδάτων,
1396 1049 1498 1082 πολλὰς
1511 1049 1540 1076 δὲ
1555 1049 1707 1079 Θαλασσῶν,
1727 1049 1756 1081 ἒξ
1774 1046 1814 1075 ὦν
1836 1049 1891 1075 καὶ

1092 1098 1212 1132 κόσμους
1234 1096 1365 1132 ἀπείρους
1379 1096 1571 1131 συστήσουσιν.
1581 1095 1662 1121 Ἀλλὰ
1679 1095 1732 1129 μὴν
1747 1094 1890 1121 ἀδύνατον

1091 1143 1171 1170 τοῦτο
1181 1150 1190 1159 '
1205 1142 1334 1170 ἀδύνατον
1353 1142 1407 1177 ἄρα
1429 1142 1476 1168 καὶ
1490 1141 1520 1168 τὸ
1533 1140 1608 1172 ἅπαξ
1621 1140 1669 1175 τὴν
1684 1141 1792 1174 γένεσιν
1809 1139 1844 1166 ἓν
1859 1148 1890 1166 τι

1092 1190 1147 1217 τῶν
1163 1189 1302 1224 στοιχείων
1315 1189 1492 1223 προαγαγεῖν.
1507 1187 1539 1214 Et
1551 1187 1580 1213 δὲ
1594 1187 1626 1213 ὲκ
1645 1187 1743 1221 μανίας
1765 1187 1806 1217 είς
1830 1194 1891 1220 μα-

1093 1236 1153 1263 νίαν
1167 1235 1383 1271 μεταπίπτοντες
1399 1233 1451 1260 ὑπὸ
1475 1233 1543 1260 Θεοῦ
1569 1233 1619 1267 μὲν
1642 1232 1891 1267 δημιουργηθῆναι

1093 1282 1173 1315 φαῖεν
1184 1279 1218 1306 τὰ
1232 1280 1362 1314 στοιχεῖα,
1376 1278 1429 1305 ὑπὸ
1441 1278 1470 1305 δὲ
1482 1278 1532 1314 τῆς
1545 1278 1677 1312 γενέσεως
1690 1278 1824 1312 ἀγενήτου
1837 1277 1892 1303 καὶ

1093 1327 1178 1360 αὐτῆς
1192 1326 1285 1361 ὥσπερ
1295 1325 1325 1352 τὸ
1337 1325 1415 1351 Θεῖον
1426 1324 1508 1359 οῡσης
1522 1323 1691 1354 διοικεῖσθαι,
1703 1323 1892 1358 ἐκδηλότερον

1093 1372 1183 1399 αὐτῶν
1206 1371 1256 1407 τὴν
1279 1371 1372 1398 ἄνοιαν
1391 1369 1619 1405 στηλιτεῡουσι⁷⁷.
1643 1368 1692 1395 Διὰ
1717 1368 1743 1395 τί
1770 1368 1829 1402 γὰρ
1856 1369 1893 1394 τὸ

1093 1418 1170 1445 Θεῖον
1184 1417 1292 1451 ἀτάκτῳ
1306 1417 1411 1451 γενέσει
1420 1416 1452 1443 τὸ
1466 1416 1564 1442 οἰκεῖον
1578 1413 1695 1441 ὑπέϐαλε
1709 1413 1892 1449 δημιούργη-

1096 1473 1134 1500 μα
1147 1473 1155 1498 ;
1171 1461 1236 1498 ’Ἆρ’
1248 1462 1287 1494 ὼς
1301 1461 1383 1493 αὐτὸς
1397 1461 1447 1488 οὐκ
1459 1460 1529 1496 ἔχων
1551 1458 1602 1496 τὴν
1623 1458 1670 1486 τοῦ
1695 1459 1823 1495 προνοεῖν
1841 1467 1893 1485 σε»

1095 1510 1174 1545 (pinv;
1190 1508 1246 1536 Καὶ
1265 1507 1307 1539 τίς
1330 1506 1363 1533 ἂν
1384 1506 1490 1540 ἐνέγκοι
1510 1505 1541 1532 τὸ
1563 1504 1713 1540 δύσφημον,
1727 1504 1770 1536 τίς
1799 1504 1831 1532 δὲ
1856 1504 1893 1532 rb

1094 1555 1216 1589 ἀνόητον,
1233 1552 1413 1589 δημιουργίας
1429 1553 1479 1585 μὲν
1492 1552 1592 1587 κράτος
1610 1551 1692 1586 ἐχειν,
1708 1551 1844 1585 προνοίας
1858 1551 1893 1578 δὲ

1095 1600 1158 1636 μηδ’
1171 1600 1233 1627 ὅσον
1255 1600 1272 1634 ἡ
1295 1598 1413 1629 ἄτακτος
1428 1598 1537 1633 ἥρπῖισε
1559 1597 1684 1632 γένεσις;
1707 1598 1761 1624 Καὶ
1784 1597 1895 1633 μυρίος

1094 1645 1173 1677 ἄλλος
1186 1644 1270 1680 ἑσμὸς
1286 1644 1471 1679 ἀτοπημάτων
1483 1644 1589 1670 ἕπεται.
1605 1642 1636 1669 Et
1660 1642 1683 1669 δ’
1697 1642 1793 1678 ὥσπερ
1815 1643 1895 1677 ἀγα-

1095 1692 1187 1727 θότητι
1202 1692 1329 1727 εποίησεν
1344 1692 1359 1718 ὁ
1374 1691 1452 1723 Θεὸς,
1467 1690 1538 1717 οὕτω
1559 1689 1607 1717 καὶ
1629 1689 1749 1725 προνοεῖ,
1765 1689 1894 1726 περιττὴ

1095 1738 1141 1765 καὶ
1155 1737 1257 1773 ματαία
1273 1737 1290 1772 ἡ
1305 1737 1411 1764 ἐπίνοια
1426 1736 1476 1771 τῆς
1488 1735 1657 1771 εἱμαρμένης
1668 1735 1727 1770 ἦτοι
1741 1735 1791 1768 τῆς
1807 1735 1895 1767 γενέ-

1096 1792 1176 1814 σεως.
1192 1783 1254 1816 Πῶς
1268 1784 1296 1810 δὲ
1313 1783 1444 1819 ἀγένητος
1458 1783 1473 1808 ὁ
1485 1781 1610 1817 οὐρανὸς,
1623 1779 1670 1807 τοῦ
1688 1780 1818 1807 συνθέτου
1837 1781 1894 1807 κό-

1096 1841 1165 1868 σμου
1182 1831 1263 1867 μέρος
1278 1829 1408 1864 ὑπάρχων
1420 1828 1467 1855 καὶ
1483 1827 1597 1864 περιοχή
1609 1835 1617 1860 ς
1630 1826 1668 1853 Τδ
1680 1826 1735 1860 γὰρ
1747 1825 1896 1860 ἀγένητον

1094 1878 1156 1906 οὔτε
1173 1877 1286 1913 περιοχὴ
1305 1883 1347 1907 τις
1367 1874 1429 1902 οὔτε
1443 1874 1524 1905 τόπος
1540 1873 1641 1909 ἑτέρων
1664 1872 1698 1900 ἂν
1721 1872 1776 1908 εἴη.
1793 1872 1896 1900 καθα-

1097 1925 1170 1960 ρεύει
1183 1923 1211 1950 δὲ
1225 1923 1279 1950 τῶν
1293 1920 1424 1948 τοιούτων
1437 1928 1467 1947 τε
1480 1922 1528 1947 καὶ
1544 1919 1638 1946 παθῶν
1654 1919 1792 1946 ἁπάντων.
1802 1919 1897 1947 Ἀλλὰ

1096 1969 1143 1997 καὶ
1168 1969 1198 2002 ἐξ
1226 1968 1311 2002 αὐτῆς
1337 1966 1427 1994 αὐτῶν
1442 1966 1493 2002 τῆς
1508 1965 1695 2001 πλαττομένης
1724 1964 1897 1998 ὑποθέσεως

1094 2015 1174 2051 δῆλον
1190 2015 1228 2046 ὼς
1243 2013 1305 2041 οὔτε
1330 2013 1344 2040 δ
1367 2012 1482 2047 οὐρανὸς
1495 2010 1557 2038 οὔτε
1573 2011 1598 2038 οι
1613 2011 1727 2047 ἀστέρες
1740 2010 1895 2045 ἀγένητοι.

1095 2063 1149 2089 Καὶ
1164 2061 1219 2097 γὰρ
1235 2061 1298 2092 τοὺς
1312 2060 1360 2095 μὲν
1375 2058 1464 2087 αὐτῶν
1478 2057 1659 2092 ἀγαθοποιοὺς
1680 2057 1743 2088 τοὺς
1754 2057 1783 2083 δὲ
1798 2065 1896 2084 κακο-

1095 2107 1189 2136 ποιοὺς
1213 2105 1332 2138 λέγουσι,
1350 2103 1413 2140 [668
1426 2103 1472 2139 ιι]
1495 2103 1543 2130 καὶ
1565 2101 1656 2134 οἴκους
1671 2101 1768 2134 ἄλλους
1793 2102 1897 2134 ἄλλοις

1095 2152 1281 2188 ἀφορίζουσιν,
1297 2151 1327 2177 έν
1338 2147 1378 2182 οἷς
1392 2149 1530 2184 γινόμενοι
1551 2148 1627 2176 ἄλλοι
1642 2147 1693 2183 μὲν
1706 2146 1895 2180 παχύνονται.

1095 2198 1112 2233 ἢ
1129 2197 1208 2224 πλέον
1221 2196 1236 2231 ῆ
1251 2196 1298 2223 καὶ
1312 2195 1341 2228 ιε
1356 2195 1525 2230 ἀγαθότητος
1533 2193 1686 2229 τραπέντες
1696 2192 1736 2224 εἰς
1748 2192 1896 2226 κάκωσιν,

1094 2244 1120 2270 ot
1132 2243 1162 2270 δὲ
1176 2242 1331 2269 τούναντίον
1346 2241 1363 2276 ἢ
1381 2241 1449 2275 πρὸς
1462 2239 1621 2274 ἀγαθότητα
1634 2238 1715 2265 κακοὶ
1729 2237 1808 2269 ὄντες
1821 2245 1898 2272 μετ-

1095 2287 1258 2323 εϐλήθησαν,
1272 2286 1289 2321 ἢ
1306 2285 1386 2313 πλέον
1399 2285 1450 2320 τῆς
1464 2283 1601 2319 προτέρας
1612 2281 1808 2318 ἡγαθὺνῦησαν
1819 2283 1899 2317 ἀγα-

1096 2334 1216 2369 θὸτητος.
1234 2331 1291 2360 Καὶ
1306 2331 1365 2362 πῶς
1379 2331 1413 2357 ἂν
1425 2331 1454 2357 ὲν
1467 2329 1571 2360 τούτοις
1586 2327 1668 2364 νοηθῇ
1689 2327 1707 2363 ἢ
1728 2327 1759 2354 τι
1778 2328 1899 2360 ἀπαθὲς

1096 2381 1114 2416 ἢ
1129 2379 1159 2406 τὺ
1174 2377 1277 2406 ἁπλοῦν
1287 2377 1304 2413 ἢ
1316 2376 1348 2403 τὸ
1357 2376 1502 2403 ἀσύνθετον
1517 2375 1534 2410 ἢ
1548 2374 1579 2401 τὸ
1592 2374 1725 2409 ἀγένητον
1738 2373 1786 2400 καὶ
1800 2375 1898 2410 μυρία

1097 2423 1182 2456 ἄλλας
1206 2423 1250 2449 Ἐν
1265 2419 1305 2453 οἷς
1319 2421 1367 2448 καὶ
1387 2421 1402 2447 ὁ
1422 2420 1547 2455 δεύτερος
1561 2418 1638 2454 αὐτῷ
1654 2418 1898 2453 συναπαρτίξεται

1097 2469 1175 2503 λόγος
1190 2468 1238 2495 καὶ
1258 2466 1294 2493 τὰ
1307 2467 1373 2494 δέκα
1392 2466 1535 2500 κεφάλαια,
1549 2464 1749 2500 τελευτήσαντα
1770 2464 1824 2499 μὲν
1850 2467 1897 2497 είς

1101 2515 1132 2541 τὸ
1145 2517 1181 2547 κ’,
1198 2513 1284 2549 ἀρχὴν
1298 2513 1327 2540 δὲ
1339 2513 1370 2539 τὸ
1385 2511 1399 2538 ι’
1413 2512 1596 2547 ποιησάμενα.

263 2560 327 2587 satis
346 2564 471 2595 apparet,
485 2559 596 2586 omnino
609 2566 698 2593 neque
724 2559 834 2593 caelum,
857 2567 945 2594 neque
961 2560 1052 2588 stellas
1066 2566 1125 2588 ortu
1142 2567 1246 2588 carere.
1267 2559 1371 2586 Etenim
1401 2559 1531 2593 quasdam
1550 2564 1644 2585 earum
1670 2564 1732 2584 esse
1749 2556 1900 2585 beneﬁeas

265 2603 364 2636 volunt,
376 2605 506 2639 quasdam
517 2611 613 2631 rursus
627 2604 764 2632 maleficus
777 2604 889 2637 faciunt,
901 2606 1049 2641 domosque
1062 2606 1122 2634 aliis
1136 2606 1203 2633 alias
1212 2604 1376 2637 attribuunt,
1392 2604 1418 2631 in
1433 2604 1530 2639 quibus
1554 2603 1618 2630 dum
1650 2605 1804 2634 versentur.
1828 2603 1898 2630 alia:

264 2650 304 2678 vel
321 2651 494 2684 maligniorcs
504 2652 587 2683 ‘liaut,
597 2651 639 2678 vel
654 2656 728 2678 certe
738 2659 771 2679 ex
788 2652 911 2687 benignis
928 2653 1052 2688 malignae
1068 2655 1195 2685 evadant,
1220 2653 1279 2680 alia:
1316 2657 1409 2679 contra
1430 2651 1472 2679 vel
1497 2651 1530 2678 ad
1555 2650 1759 2679 beneﬁcentiam
1797 2650 1898 2684 (malae

261 2704 322 2724 cum
337 2696 402 2732 sint)
420 2697 590 2730 delabantur,
608 2696 650 2724 vel
677 2697 849 2731 benigniores
864 2706 944 2732 quam
963 2703 1043 2726 antea
1066 2699 1224 2726 redduntur.
1240 2697 1380 2732 Quomodo
1395 2704 1461 2730 ergo
1471 2697 1506 2725 de
1522 2696 1564 2725 bis
1586 2695 1635 2732 vel
1666 2696 1765 2731 mente
1779 2695 1898 2730 concipi

904 2779 1022 2808 νΑιιιΛῑ
1036 2778 1239 2808 LECTIONES.

315 2831 337 2847 ⁷⁵
357 2832 452 2858 ἅπτειν
466 2835 498 2859 Λ.
536 2834 557 2849 ⁷⁸
569 2834 602 2861 τὰ
615 2840 638 2860 cl
655 2834 723 2863 infra
743 2835 837 2868 ἄλλους
852 2837 912 2865 add.
927 2837 959 2864 Δ.

1014 2837 1035 2853 ’⁷
1056 2836 1256 2872 στηλιτεύσουσι
1267 2845 1297 2869 ς.
