1920 3090
58 126 110 158 837

574 120 838 152 BIBLIO'I‘HECA.
859 131 893 139 ν-
908 119 990 149 COD.
1003 118 1163 150 CCXXIII.

1642 121 1695 153 838
1731 138 1737 154 t

57 184 155 219 possit,
178 180 390 216 perturbationis
406 187 437 208 ea
453 186 515 207 esse
529 177 665 214 expertia,
679 181 726 204 aut
741 175 884 211 simplicia,
903 179 949 201 aut
981 174 1170 210 incomposita,
1200 181 1246 204 aut
1289 177 1348 203 sine
1376 181 1452 209 ortu,
1487 176 1594 211 aliaque
1616 183 1700 210 prope

58 229 181 257 inﬁnita?
211 227 261 255 Ubi
289 227 398 254 demum
427 225 562 253 seeuttdus
588 225 657 252 liber
689 223 850 255 absolvitur,
868 228 974 255 unaque
997 222 1091 249 decent
1112 222 1158 249 illa
1175 223 1263 258 capita
1283 223 1358 258 (Gl),
1379 231 1440 259 qua:
1467 231 1482 251 a
1514 224 1621 251 decimo
1646 224 1700 252 ini-

57 276 94 302 tio
107 276 191 302 ducto
209 274 236 300 in
248 273 411 300 vicesimum
424 279 510 307 usque
524 272 693 307 pertiugunt.

89 321 137 348 Ἑν
153 321 183 347 δὲ
199 316 238 355 τῷ
255 319 340 355 τρίτῳ
354 319 484 354 πειρᾶται
509 318 558 353 μὲν
573 317 619 344 διά
639 326 669 343 τε
690 316 738 344 τοῦ
750 319 793 343 κα]
809 325 852 343 κε-

941 312 1033 341 Tertio
1064 313 1164 340 deinde
1192 313 1261 340 libro
1290 319 1406 340 conatur
1428 313 1536 348 quidem
1568 314 1700 342 vicesimo

56 367 172 402 φιλαίω
187 367 235 393 καὶ
249 366 296 393 τοῦ
313 365 366 401 κβ¹,
380 366 425 392 καὶ
440 365 493 399 μὴν
507 365 554 391 καὶ
569 364 616 391 τοῦ
627 365 652 398 γ’
662 364 710 391 καὶ
724 366 748 390 κ’
762 363 809 390 καὶ
820 363 852 396 δ’,

56 414 181 447 ἐλέγχειν
196 412 261 444 τοὺς
274 412 320 439 τὸν
336 411 449 446 οὐρανὸν
474 410 618 446 σφαιρικὸν
631 409 853 446 ὑποτιθεμένους,

55 460 85 485 οὺ
102 459 198 493 μέντοι
213 466 246 491 γε
264 457 308 484 διὰ
321 457 376 484 τῶν
392 458 469 492 ἰσχὺν
485 457 603 492 ἑχόντων
617 457 644 484 οἱ
657 457 764 492 ἔλεγχοι
784 455 852 491 πρό-

56 513 119 531 εισι.
138 505 178 530 Τὸ
189 503 336 538 σφαιρικὸν
352 504 381 531 δὲ
399 504 429 530 οὐ
449 503 575 539 βούλεται
588 503 740 538 συγχωρεῖν
753 502 792 538 τῷ
808 502 854 528 οὑ-

58 551 144 586 ρανῷ,
159 550 231 577 διότι
246 550 353 586 νομίζει
366 550 417 586 τὴν
427 549 600 586 εἱμαρμένην
616 550 649 576 ὲκ
662 549 713 584 τῆς
724 549 853 584 τοιαύτης

55 596 219 630 εἰσάγεσθαι
236 596 347 627 θέσεως.
363 596 460 624 Καίτοι
482 596 596 632 οὐδεμία
616 596 696 623 τοῦτο
717 595 854 628 ἀπόδειξις

55 642 233 675 ὲκὸιὰζεται·
248 642 279 668 οὐ
294 642 359 677 γὰρ,
375 642 401 668 εἰ
415 650 447 675 γε
473 641 616 677 σφαιρικδς
634 642 649 668 ὁ
665 641 788 677 οὐρανὸς,
805 641 853 668 καὶ

54 687 84 714 τδ
97 688 150 723 τῆς
168 686 343 722 εἱμαρμένης
356 686 387 720 ἐξ
403 686 526 722 ἀνάγκης
542 686 711 713 συνίσταται.

88 776 127 803 Τὸ
140 775 170 802 δὲ
185 775 225 803 κε’
236 776 285 802 καὶ
297 775 325 808 ς’
337 775 486 810 κεφάλαιον
501 775 624 808 εὐσεϐεῖς
637 775 687 811 μὲν
700 775 851 811 προϐάλλε-

55 831 99 849 ται
110 821 225 856 λόγους,
238 821 307 857 πρὸς
321 821 434 856 ἔλεγχον
448 821 477 848 δὲ
491 823 541 857 τῆς
557 821 741 857 προκειμένης
755 821 854 848 ὑποθέ-

56 875 125 897 σεως
140 867 192 901 τὴν
217 866 294 901 ῑσχὺν
318 865 349 892 οὺ
372 865 433 892 λίαν
456 864 758 900 ὲπιδεικνυμένους.¹Εν
772 864 852 900 δὲτῷ

54 914 94 946 κζ’
107 914 191 947 δόξας
215 913 384 948 προθέμενος
409 912 475 949 περί
494 921 525 940 τε
546 912 662 948 οὐρανοῦ
684 913 732 939 καὶ
753 912 808 939 τῶν
823 913 852 940 ὲν

55 960 130 996 αὐτῷ
145 960 282 995 ἀστέρων,
295 959 329 991 ἃς
352 958 426 994 λέγει
443 959 497 986 τῶν
519 958 755 994 ἀστρολογούντων
771 957 850 990 εἶναι,

54 1006 116 1033 οὗτε
131 1005 236 1037 ταύτας
261 1005 326 1041 [546
345 1004 392 1040 Η.]
416 1004 570 1040 ἀκιὸδήλως
595 1004 721 1040 προάγει,
735 1004 781 1031 καὶ
805 1004 854 1036 τὰς

56 1052 114 1078 κατ’
131 1050 226 1078 αὐτῶν
248 1051 437 1086 ἐπιχειρήσεις
462 1049 523 1076 οὗτε
553 1049 766 1082 ἀποδεικτικὰς,
790 1049 854 1077 ἀλλ’

56 1097 116 1124 οὐδὲ
133 1096 181 1123 διὰ
195 1095 244 1123 τοῦ
259 1095 374 1122 πιθανοῦ
391 1095 512 1122 δείκνυσι
526 1095 686 1131 προῖούσας.
701 1095 738 1122 Τὸ
759 1094 788 1122 δὲ
811 1102 854 1131 κη’

56 1142 125 1178 πρὸς
136 1141 189 1174 τὰς
200 1141 287 1173 αὐτὰς
302 1141 480 1177 ἐνιστάμενον
495 1140 573 1174 δόξας
596 1141 629 1168 δι’
646 1141 703 1168 ίσου
728 1140 777 1176 μὲν
798 1140 854 1168 τῶν

56 1188 224 1222 ἀποδείξεων
244 1188 398 1220 διαπίπτει,
410 1187 441 1214 οὐ
459 1187 553 1223 μέντοι
567 1195 600 1222 γε
612 1187 660 1214 καὶ
673 1187 720 1213 τοῦ
737 1186 853 1214 πιθανοῦ

55 1233 251 1270 διαμαρτάνει.
261 1233 306 1259 Ἐν
322 1232 351 1259 δὲ
365 1232 405 1267 τῷ
421 1232 462 1259 κθ¹
482 1232 561 1266 φησὶ,
583 1231 642 1263 πῶς
658 1231 708 1266 τὴν
723 1231 787 1266 ὃλην
803 1231 854 1266 γῆν

56 1281 94 1312 εις
108 1280 155 1306 ἶσα
168 1280 242 1315 μέρη
257 1279 314 1310 τοῖς
330 1278 434 1305 δώδεκα
450 1277 680 1313 καταμερίζοντες
694 1277 810 1309 ζωδίοις,
820 1277 854 1304 τὰ

59 1327 107 1362 μὲν
123 1327 261 1362 τμήματα
277 1326 328 1360 τῆς
350 1324 403 1360 γῆς
419 1324 466 1351 καὶ
485 1324 548 1356 τοὺς
572 1325 602 1351 ὲν
617 1324 708 1356 αὐτοῖς
722 1323 801 1359 δῆλον
815 1323 854 1350 οι-

56 1373 173 1404 κοῠντας
187 1373 229 1404 είς
249 1372 366 1399 ἕκαστον
390 1371 589 1406 ἀφωρισμένως
613 1370 777 1405 ἀναφέρουσι
799 1369 853 1396 τῶν

57 1419 175 1451 ζωδίων,
193 1419 242 1445 καὶ
256 1416 420 1445 ὑποκεῖσθαι
440 1416 490 1453 μὲν
506 1415 541 1442 τὰ
553 1416 603 1451 τῆς
616 1417 668 1451 γῆς
685 1415 755 1451 μέρη
766 1435 773 1446 ,
790 1416 852 1442 ἑπι-

57 1463 166 1490 κεῖσθαι
187 1463 216 1490 δὲ
237 1462 293 1490 τῶν
316 1461 419 1494 ζωδίων
438 1462 554 1489 ἕκαστον
577 1461 654 1497 δίκην
680 1462 796 1497 νεφέλης
819 1463 852 1498 τῇ

57 1509 240 1544 ἀφωρισμένη
259 1507 344 1544 μοίρᾳ
369 1508 420 1543 τῆς
446 1509 499 1543 γῆς
515 1507 765 1543 ὲποχούμενον.Ἐν
778 1508 854 1543 κινή-

58 1564 99 1582 σει
111 1555 168 1591 γὰρ
183 1554 244 1582 κατ’
260 1555 360 1586 αὐτοὺς
373 1555 493 1588 διηνεκεῖ
503 1554 550 1581 τοῦ
561 1555 689 1589 οὐρανίου
706 1555 788 1581 πόλου
806 1563 854 1588 φε-

58 1601 185 1637 ρομένου,
199 1601 247 1627 καὶ
260 1601 525 1636 συμπεριαγομένων
538 1600 614 1635 αὑτῷ
624 1600 677 1627 τῶν
691 1600 724 1636 ιβ’
737 1600 852 1634 ζωδίων,

57 1647 189 1674 ἀδύνατον
200 1646 232 1672 τὸ
244 1646 311 1673 αὐτὸ
323 1647 372 1681 τῆς
386 1647 438 1681 γῆς
453 1646 497 1673 διὰ
511 1646 611 1678 παντὸς
622 1646 730 1681 ἐπέχειν
743 1647 852 1682 τμῆμα,
867 1666 889 1695 C

57 1693 125 1721 ἀλλὰ
138 1693 312 1729 παραλλάξει
331 1692 383 1728 μὲν
407 1692 478 1719 κατὰ
500 1693 551 1728 τὴν
573 1693 685 1727 πορείαν
699 1692 747 1719 τοῦ
771 1693 853 1720 πόλου

56 1738 173 1767 ἕκαστον
187 1738 285 1771 ζώδιον
300 1738 390 1766 πάντα
408 1739 445 1765 τὰ
464 1739 597 1774 τμήματα
611 1739 661 1773 τῆς
676 1738 744 1773 γῆς,
759 1738 854 1765 ἄλλοτε

58 1785 106 1820 μὲν
121 1785 167 1812 ἐπ’
185 1784 320 1819 ἀνατολῆς
335 1784 370 1816 ⁷⁸,
390 1783 485 1811 ἄλλοτε
504 1783 533 1811 δὲ
548 1785 594 1810 ἐπὶ
609 1783 685 1810 δύσιν
695 1803 702 1816 ,
717 1784 811 1811 ἄλλοτε
826 1785 854 1811 δὲ

56 1831 102 1858 ἐπὶ
114 1821 295 1866 μεσημϐρίαν
309 1832 343 1866 τῇ
356 1830 471 1866 οὐρανίᾳ
485 1830 592 1864 κινήσει
605 1830 854 1869 συμπεριδινούμε-

57 1887 112 1911 νον,
128 1877 181 1905 καὶ
204 1878 257 1904 οὐκ
280 1878 323 1912 ἐφ’
338 1877 378 1904 ἐνί
391 1886 444 1904 τινι
460 1877 666 1913 στηριζόμενον.
675 1877 720 1910 Ἐξ
731 1875 762 1905 οὗ
782 1885 853 1912 συμ-

57 1923 145 1951 ϐαίνει
160 1923 217 1951 τῶν
232 1923 365 1956 ζωδίωνπ
381 1923 496 1950 ἕκαστον
508 1923 584 1951 οὐδὲν
600 1921 682 1959 ἦττον
698 1923 730 1950 τὸ
746 1923 851 1958 ἀφωρια

57 1969 156 2004 σμένον
172 1969 224 2003 τῆς
238 1970 290 2005 γῆς
306 1969 416 2005 ἐπέχειν
438 1971 536 2005 τμῆμα
549 1969 567 2005 ἢ
581 1969 612 1996 τὸ
631 1969 853 2005 ἀλλότρων.”Λλ-

56 2016 109 2048 λως
122 2024 153 2042 τε
178 2015 208 2042 δὲ
229 2016 254 2042 εἰ
269 2015 330 2042 κατ’
344 2015 442 2047 αὐτοὺς
458 2016 475 2051 ἡ
489 2016 527 2051 γῆ
544 2016 657 2051 κέντρου
674 2017 722 2043 καὶ
739 2017 852 2051 σημείου

57 2060 136 2095 ὶὰγον
157 2061 254 2095 ἐπέχει
272 2061 341 2096 πρὸς
363 2061 410 2088 τὸν
432 2060 557 2096 οὐρανὸν,
576 2061 690 2088 καὶτῶν
705 2061 807 2093 ζωδίων
825 2061 854 2088 ἓν

56 2106 201 2134 ὁποιονοῦν
211 2106 251 2142 τῷ
261 2115 292 2133 τε
305 2106 403 2134 πλάτει
414 2108 462 2133 καὶ
474 2107 558 2142 μήκει
570 2107 770 2134 πολλαπλάσιόν
780 2109 853 2134 ἐστιν

56 2153 155 2188 ain-73;,
171 2152 231 2184 πῶς
243 2149 300 2178 οἷόν
319 2151 351 2178 τέ
372 2153 446 2179 ἐστιν
467 2152 583 2180 ἕκαστον
596 2153 652 2180 τῶν
665 2152 854 2188 δωδεκατημο-

58 2199 124 2234 ρίων
141 2198 195 2233 τῆς
213 2198 263 2234 γῆς
280 2197 387 2234 ἑκάστῳ
399 2198 456 2225 τῶν
477 2198 580 2230 ζωδίων
597 2199 744 2235 ἰσομοιρεῖν
759 2208 788 2225 τε
807 2199 854 2226 καὶ

57 2243 330 2280 συμπαρατείνεσθαι
344 2244 392 2271 καὶ
407 2244 450 2271 διὰ
463 2244 543 2271 τοῦτο
559 2245 609 2280 τὴν
624 2245 763 2272 οἰκείωσιν
781 2245 853 2281 ἔχειν

54 2291 126 2326 πρὸς
142 2290 225 2322 αὐτὸς
238 2290 294 2316 Καὶ
309 2289 369 2316 τότε
384 2290 438 2317 οὐδ’
450 2291 536 2326 αὐτῆς
549 2291 613 2326 ὅλης
624 2292 792 2328 οἰκουμένης
804 2293 853 2328 τῆς

909 359 1006 394 primo,
1026 360 1155 392 secundo,
1176 359 1255 386 tertio
1267 363 1294 386 et
1320 364 1418 393 quarto
1442 360 1578 394 capitibus
1604 367 1700 395 repre-

909 406 1026 432 hendere
1039 412 1087 433 eos
1113 405 1158 440 qui
1184 405 1284 432 ctelum
1310 412 1371 432 esse
1393 404 1534 439 globosmn
1563 410 1698 438 statuunt,

908 451 1005 486 210b
1023 451 1069 478 sed
1092 450 1222 484 ejusmodi
1247 457 1419 485 nequaquam
1439 452 1606 486 argumentis
1621 452 1698 478 adhi-

907 497 983 527 bitis,
1024 504 1086 531 quae
1109 497 1288 532 redarguendi
1319 497 1372 524 vim
1398 497 1526 525 habeant.
1553 497 1698 526 Glubnsam

906 550 974 569 vero
989 542 1106 569 formam
1135 543 1205 570 coelo
1222 544 1373 571 concedere
1405 549 1546 578 propterea
1578 551 1699 578 recusat,

907 590 978 623 quod
994 587 1079 616 fatum
1094 597 1127 616 ex
1151 589 1197 615 tali
1218 590 1350 623 positione
1389 590 1483 616 indnt-i
1505 595 1590 624 putet.
1612 599 1699 625 quan-

907 643 987 669 quam
1008 636 1078 661 nulla
1102 635 1128 662 id
1149 636 1346 662 demonstratio
1365 641 1520 671 extorquet.
1536 636 1592 662 Non
1614 638 1698 669 enim,

907 679 928 706 si
942 679 1038 706 ctrlnm
1062 679 1199 715 glnbosmn
1215 681 1259 712 sit,
1279 688 1341 708 mox
1363 681 1445 708 etiam
1470 681 1554 708 fatum
1576 688 1700 709 necessa-

907 724 948 750 rio
970 724 1089 758 ponitur.

942 769 1025 797 Porto
1051 770 1210 797 vicesimum
1228 770 1353 805 quintutn
1370 776 1397 798 et
1413 777 1519 799 sextum
1536 773 1622 807 caput
1639 772 1698 808 pias

906 815 1028 842 continet
1060 815 1191 849 rationes,
1222 817 1270 844 sed
1299 824 1359 851 qum
1391 817 1424 843 ad
1458 819 1697 852 reprehensionem

905 861 1033 895 subjecta:
1050 861 1209 897 hypothesis
1225 863 1308 889 robur
1321 871 1373 889 nun
1393 863 1461 890 adeo
1475 871 1600 898 magnum
1627 873 1698 899 pra-.—

907 906 1005 935 l‘erant.
1020 908 1140 942 Septimo
1152 908 1248 935 deliine
1262 915 1289 936 et
1310 909 1439 936 vicesimo
1458 910 1490 936 de
1510 910 1589 942 caelo,
1609 911 1696 945 deque

905 953 963 987 ejus
978 954 1073 986 stellis,
1099 954 1274 989 opinionibus
1303 955 1383 990 (quas
1407 955 1608 991 astrologomm
1636 963 1698 984 esse

871 998 891 1026 Β
906 999 954 1035 ait)
972 999 1070 1031 allatis,
1099 1004 1126 1027 et
1140 1008 1192 1028 non
1219 1001 1287 1028 Satis
1309 1002 1382 1034 ipsas
1402 1001 1509 1029 sincere
1533 1003 1652 1036 adducit,
1669 1007 1698 1030 et

905 1054 968 1082 quae
981 1052 1076 1075 contra
1100 1048 1209 1075 easdem
1235 1048 1338 1083 profert
1363 1054 1532 1084 argumenta,
1553 1057 1585 1076 ea
1608 1057 1697 1083 neque

904 1093 1107 1121 detnonstrandi
1122 1095 1174 1121 rint
1191 1095 1292 1122 haltere
1305 1102 1391 1129 neque
1403 1096 1497 1122 saltem
1511 1096 1583 1123 veris
1596 1095 1695 1123 similia

903 1147 1054 1175 proponere
1069 1139 1203 1168 videntur.
1214 1139 1273 1167 lam
1297 1141 1454 1168 ticesimum
1470 1147 1596 1169 octavum
1616 1147 1697 1176 caput

904 1187 1034 1214 adversus
1060 1186 1169 1214 easdetn
1192 1186 1334 1221 opiniones
1352 1187 1506 1222 insurgens,
1522 1188 1695 1222 persimilem

904 1233 1013 1267 quidem
1033 1233 1236 1260 demonstrandi
1258 1234 1392 1260 rationem
1410 1234 1555 1266 delabitur,
1576 1235 1623 1262 sed
1641 1242 1695 1262 non

904 1279 940 1307 ita
978 1278 1058 1306 etiam
1094 1278 1161 1305 illud
1197 1279 1229 1306 ad
1260 1279 1400 1306 verisimili
1424 1282 1543 1307 aberrat.
1568 1280 1695 1308 Proximo

903 1330 994 1352 autem
1021 1324 1106 1352 refert
1139 1324 1320 1361 [Astrologos]
1353 1331 1453 1353 terrant
1481 1326 1636 1354 universam
1668 1328 1694 1354 iu

903 1371 1046 1399 duodecim
1068 1379 1159 1405 aequas
1179 1376 1270 1404 partes
1296 1378 1347 1406 pro
1365 1371 1424 1406 pari
1445 1372 1585 1406 signorum
1614 1372 1696 1400 coele-

909 1417 991 1444 sttium
1009 1424 1122 1444 numero
1137 1417 1294 1452 partientes,
1313 1417 1434 1452 singulas
1455 1421 1535 1445 terra:
1549 1418 1696 1452 sectiones,

905 1471 958 1490 una
983 1470 1042 1490 cutn
1062 1470 1154 1490 earum
1181 1463 1286 1496 incolis,
1305 1463 1342 1490 ita
1368 1463 1478 1492 delinite
1495 1464 1593 1499 cuique
1617 1465 1696 1499 signo

904 1510 1069 1542 atttihuere,
1093 1515 1123 1537 ut
1151 1514 1231 1537 terrm
1257 1510 1378 1544 partibus
1413 1510 1541 1544 subjectis
1572 1510 1696 1545 singula,

907 1554 1010 1581 zodiaci
1027 1553 1103 1588 signa
1116 1554 1283 1586 itICtIItlbultl,
1306 1560 1386 1588 atque
1399 1554 1487 1581 instar
1498 1555 1602 1582 nebula:
1614 1564 1697 1590 supra

904 1599 1043 1626 deﬁnitam
1061 1604 1140 1626 terra:
1159 1604 1264 1634 partem
1283 1600 1460 1627 devehantur.
1476 1601 1512 1627 At
1532 1608 1593 1628 cum
1614 1602 1695 1628 etiam

904 1652 937 1672 ex
951 1645 1058 1672 illorum
1083 1645 1229 1677 sententia,
1248 1650 1378 1680 perpetuo
1393 1646 1491 1672 ccelum
1507 1651 1580 1673 tnotu
1594 1647 1698 1675 feratur

907 1698 1014 1726 unaque
1027 1699 1088 1718 cum
1103 1691 1162 1725 ipso
1175 1697 1201 1718 et
1213 1691 1355 1719 duodecim
1369 1691 1444 1727 signa
1457 1685 1696 1728 cireutnagautur,

906 1737 963 1765 ﬁeri
981 1737 1055 1764 tutllo
1071 1737 1150 1765 modo
1165 1745 1243 1773 posse
1260 1736 1364 1774 [docet]
1378 1743 1407 1764 ιιι
1419 1737 1541 1765 eamdem
1559 1738 1603 1766 illa
1618 1744 1697 1767 terra:

905 1783 1051 1811 sectionem
1070 1789 1201 1819 perpetuo
1215 1784 1368 1818 obtineant,
1381 1784 1427 1813 sed
1445 1785 1633 1819 pertransibit,
1646 1786 1697 1820 ait,

902 1829 979 1864 juxta
996 1830 1056 1857 εωΙὶ
1079 1837 1252 1864 progressum
1280 1837 1375 1858 omnes
1398 1837 1479 1859 terra;
1500 1832 1635 1860 sectiones
1657 1833 1697 1860 si-

904 1883 985 1910 gnum
1001 1876 1148 1911 quodlibet,
1161 1876 1224 1904 dum
1240 1876 1307 1904 alias
1322 1878 1355 1904 ad
1370 1882 1472 1912 ortum,
1482 1879 1550 1907 alias
1566 1880 1600 1908 ad
1616 1887 1698 1908 occa-

904 1929 962 1949 sum
987 1922 1062 1954 solis,
1081 1922 1201 1957 aliasque
1220 1923 1253 1949 ad
1276 1923 1417 1951 meridiem
1436 1932 1488 1952 una
1514 1933 1575 1952 eum
1592 1926 1696 1954 caelesti

904 1970 978 1994 motu
996 1967 1200 2002 circumagitur,
1215 1972 1243 1995 et
1258 1976 1394 2004 nttnquam
1408 1970 1434 1998 iu
1450 1979 1502 1998 una
1523 1971 1611 2007 aliqua
1635 1980 1696 2000 see-

905 2011 977 2040 tione
1011 2013 1094 2040 ﬁxum
1112 2019 1212 2042 tnauet.
1239 2014 1316 2043 Unde
1332 2015 1362 2043 ﬁt
1377 2020 1406 2043 ut
1422 2017 1525 2051 singula
1543 2018 1618 2053 signa
1641 2026 1695 2047 non

905 2059 994 2087 minus
1006 2058 1077 2086 illam
1093 2059 1143 2087 sibi
1163 2060 1303 2088 detinitam
1325 2066 1405 2089 terra:
1423 2064 1570 2092 sectionem
1589 2069 1693 2099 regant,

903 2112 983 2138 quam
997 2104 1125 2132 alienam.
1140 2105 1226 2139 Adde,
1242 2106 1264 2133 si
1276 2107 1424 2135 secundum
1431 2116 1525 2136 eorum
1540 2111 1694 2145 opinionem

904 2158 976 2178 terra
991 2151 1077 2178 cetttri
1093 2159 1125 2179 ac
1150 2152 1243 2186 puncti
1266 2153 1399 2182 rationem
1418 2155 1498 2183 habet
1525 2157 1558 2182 ad
1581 2157 1693 2189 (mlum.

903 2201 930 2223 et
951 2196 1090 2232 quodlibet
1115 2197 1256 2225 zodiacum
1270 2199 1375 2233 signum
1398 2207 1459 2227 cum
1473 2200 1691 2233 latitudine,tum

903 2242 1071 2278 longitudine
1087 2243 1181 2272 multis
1194 2244 1318 2279 partibus
1334 2251 1386 2278 est,
1409 2254 1489 2280 quam
1505 2247 1561 2280 illa,
1580 2247 1666 2282 majus
1682 2256 1690 2276 :

903 2288 949 2323 qui
967 2288 1025 2315 ﬂeri
1053 2289 1164 2316 omnino
1188 2294 1285 2324 potest.
1309 2295 1337 2317 ut
1356 2291 1483 2325 quaelibet
1505 2292 1691 2320 duodenarum

57 2335 119 2372 γῆς,
135 2335 210 2362 κατὰ
223 2335 253 2362 δὲ
265 2335 297 2362 τδ
313 2336 448 2370 πλεῖστον,
458 2336 490 2363 τὸ
506 2337 555 2371 μὲν
568 2337 612 2364 διὰ
628 2337 769 2373 καύματος
781 2338 812 2365 τὸ
821 2338 850 2365 δὲ

905 2339 982 2362 terrai
998 2335 1114 2369 partium
1127 2335 1265 2370 signorum
1297 2336 1408 2364 cuilibet
1423 2345 1454 2364 ex
1479 2345 1556 2373 atquo
1576 2346 1692 2373 respou-

55 2382 99 2409 ὂιὰ
122 2382 230 2417 ψύχους
251 2381 417 2418 ὑπερϐολὴν,
432 2381 584 2418 ἀνθρώπων
609 2382 694 2418 οὔσης
710 2384 850 2418 ἀοικήτου,

56 2428 102 2455 καὶ
112 2426 260 2458 παντελῶς
276 2426 324 2453 ἀπ’
338 2427 426 2462 ἀρχῆς
442 2428 649 2463 ἀφωρισμένης.
665 2429 697 2456 El
710 2429 739 2456 δὲ
755 2429 792 2464 μὴ
805 2438 851 2456 το-

56 2473 145 2504 πικῶς
159 2472 217 2499 τῶν
232 2472 284 2507 τῆς
299 2472 353 2506 γῆς
366 2472 519 2508 τμημάτων
533 2473 568 2500 τὰ
580 2473 664 2505 ζῴδια
679 2476 790 2510 κρατεῖν
802 2475 852 2501 λέ-

56 2527 141 2552 γοιεν,
160 2517 231 2553 μηδὲ
254 2517 405 2552 σωματικῷ
420 2517 531 2553 μεγέθει
546 2518 617 2545 κατὰ
635 2518 665 2545 τὸ
681 2519 754 2554 ἔχειν
769 2519 853 2554 αὐτῆς

55 2565 85 2591 τδ
101 2564 217 2596 πλάτος,
226 2563 291 2600 [669
304 2562 352 2600 IL]
368 2563 465 2590 ἁλλὰ⁸⁰
482 2565 604 2598 φυσικῶς
615 2565 720 2600 χαίρειν
735 2565 849 2592 ἕκαστον

55 2609 109 2636 τῶν
125 2609 233 2642 ζωδίων
247 2608 356 2644 ἑκάστῳ
378 2609 458 2644 μέρει
479 2609 530 2644 τῆς
544 2609 612 2644 γῆς,
631 2610 765 2645 περιττῶς
782 2610 851 2646 πρὸς

901 2381 974 2412 deat,
987 2386 1069 2416 atque
1084 2383 1289 2414 eoexteudatur,
1308 2390 1340 2409 ac
1356 2389 1498 2417 propterea
1513 2385 1595 2412 etiam
1606 2385 1692 2413 aiIini-
1747 2407 1752 2412 .

901 2431 983 2453 tatem
1002 2427 1074 2453 illam
1089 2435 1151 2454 cum
1165 2435 1198 2455 eo
1213 2428 1340 2463 habeat?_
1352 2428 1506 2457 Prwsertim
1525 2438 1588 2458 eutn
1604 2439 1691 2467 neque

903 2477 973 2500 terra
986 2473 1112 2500 universa
1126 2473 1162 2501 sit
1175 2474 1342 2507 habitabilis,
1354 2475 1400 2502 sed
1413 2482 1461 2509 pro
1473 2476 1590 2503 maxima
1602 2482 1690 2513 parte.

902 2526 958 2553 pra1
973 2518 1056 2546 nimio
1071 2519 1169 2553 partim
1198 2519 1298 2552 calore,
1318 2520 1418 2554 partim
1441 2521 1551 2555 frigore,
1574 2523 1691 2550 habitari

903 2565 938 2592 ab
956 2564 1113 2592 hominibus
1128 2570 1254 2599 nequeat,
1272 2566 1306 2593 ab
1320 2567 1426 2595 caneris
1445 2567 1508 2596 item
1533 2573 1612 2596 terra:
1630 2576 1692 2604 par-

905 2609 979 2636 tihns
991 2608 1048 2643 jant
1060 2608 1128 2636 'inde
1146 2617 1161 2636 a
1179 2611 1312 2646 principio
1327 2611 1436 2646 penitus
1461 2613 1599 2641 distincta.
1614 2613 1692 2647 Quod

707 2670 835 2706 vanus
851 2677 1054 2708 moriones.

91 2724 115 2739 "
130 2723 278 2759 ἀνατολῆς]
293 2723 348 2751 itno
363 2723 506 2760 ἀνατολὴν.
544 2724 566 2740 ’τ’
582 2723 723 2758 ζὼδων,υι.
739 2725 817 2758 solet,
834 2725 867 2751 Δ.
906 2724 928 2740 ⁸ο
942 2723 1009 2751 ἀλλὰ
1035 2723 1102 2758 μηδὲ
1118 2731 1181 2758 φυσ.
1194 2732 1224 2755 ς.

823 2794 940 2827 NOTAE,

94 2840 151 2876 (Μ)
165 2840 287 2869 Ἕνδεκα
302 2839 454 2875 legendum,
471 2843 501 2868 ut
517 2841 635 2869 calculus
647 2841 759 2876 quadret
772 2850 780 2870 :
793 2842 844 2870 nisi
857 2841 927 2870 libro
941 2841 1095 2876 insequenti
1118 2842 1275 2870 vicesimum
1289 2847 1370 2879 caput
1388 2843 1500 2871 Photius
1523 2844 1654 2873 omiserit.
