1920 3090
226 122 281 155 839
802 115 934 146 PIIOTII
953 113 1206 146 mrmancma
1225 113 1280 144 cr.
1799 111 1854 143 sto

225 180 248 208 si
264 187 317 206 non
332 178 437 205 ratione
457 177 528 205 situs
538 175 650 212 singulis
670 180 748 202 terrae
763 173 926 200 sectionibus
937 172 983 207 sigt

1093 180 1098 198 l
1113 171 1239 206 σχήματα
1250 170 1305 197 τῶν
1317 169 1420 202 {math
1431 169 1478 196 καὶ
1491 168 1544 204 γῆς
1559 169 1659 201 τόπους
1671 168 1851 204 ἀπονέμουσιν

226 225 359 259 imperare
369 221 497 255 dixerint,
510 229 598 256 neque
609 221 712 248 ratione
727 225 864 253 carporeae
878 218 982 253 magnit

1096 217 1128 248 ι’ίς
1146 215 1195 251 μὲν
1208 215 1255 242 τοῦ
1269 215 1400 250 καρκίνου
1418 214 1513 250 χηλαῖς
1529 214 1625 249 ἐξοχάς
1644 222 1721 245 τινας
1744 215 1791 242 καὶ
1806 216 1854 241 ὲκ-

225 270 305 300 diuis.
314 269 391 303 quasi
401 274 478 295 terrm
487 269 612 295 nimirum
621 267 736 293 habeant
744 263 957 298 amplitudinem,
967 270 983 290 si

1094 261 1159 292 ισεις
1175 260 1253 291 ὲκτδς
1264 260 1312 286 τοῦ
1326 259 1388 286 ὅλου
1413 259 1556 294 μεγέθους,
1570 261 1628 291 τοῖς
1639 259 1668 286 δὲ
1687 259 1735 286 τοῦ
1751 260 1852 296 ταύρου

226 323 314 350 neque
328 315 429 350 211a
442 314 546 341 ratione
556 318 657 340 natura:
666 311 781 344 gaudere
795 309 914 344 singulas
928 308 984 343 sign

1096 307 1166 342 ῗρασι
1181 306 1229 332 καὶ
1249 306 1308 337 τοῖς
1328 305 1408 332 ποσὶν
1423 305 1533 341 ἐτέρους
1544 305 1586 340 τῷ
1598 306 1648 341 τῆς
1664 305 1772 341 φύσεως
1787 307 1854 341 σχή-

229 362 278 388 feri
298 367 388 396 partes
411 360 525 395 singulis
539 364 617 386 terra:
634 357 765 391 partibus,
788 356 886 382 frustra
903 353 987 381 omnit

608 366 617 385 ε
634 357 765 391 partibus,
788 356 886 382 frustra
903 353 1014 381 omnino
1068 359 1133 386 ματι
1148 350 1366 386 παραπλησίους.

225 407 304 442 juxta
322 407 422 443 ﬁguras
443 409 591 442 signorum,
603 405 683 431 etiam
700 408 777 430 terra:
793 403 850 430 loca
860 400 1025 429 distribmtnt
1044 407 1051 426 :
1069 402 1098 425 ut
1124 405 1185 425 cum
1210 398 1301 425 cancri
1328 396 1412 425 chelis
1441 396 1498 424 sive
1518 396 1663 432 forcipibus
1701 398 1853 426 eminentes

227 455 357 490 quasdam
383 460 462 488 atque
491 456 665 487 cxporrectas
691 455 767 477 extra
794 449 876 476 totius
911 447 1008 474 moletn
1026 450 1116 481 partes
1133 445 1436 473 attribuunt:ettauri
1451 452 1556 472 rursum
1586 445 1714 473 cornibtts
1740 453 1773 473 ac
1803 453 1853 480 pe—

227 501 306 528 dibus
320 501 372 527 alia
389 500 511 534 quaedam
538 500 606 529 loca,
625 505 684 531 qua:
704 496 814 530 propius
833 496 867 522 ad
897 492 1051 521 naturalem
1065 493 1162 520 horttm
1181 492 1294 527 ﬁgurant
1315 491 1457 519 accedant.

267 548 366 574 Adhazc
381 546 427 582 [si]
447 545 549 580 singula
571 544 692 579 signiferi
707 544 782 578 signa
801 543 914 578 singulis
930 547 1010 569 terra:

1096 539 1156 566 Ἔτι
1169 539 1203 573 ,δὲ
1218 540 1243 566 εί
1259 539 1349 575 χαίρει
1367 539 1422 565 τῶν
1443 538 1546 571 ζωδίων
1568 538 1684 565 ἕκαστον
1715 540 1841 573 φυσικῶς

228 592 405 622 sectionibus,
421 593 457 617 ita
481 595 582 616 natura:
596 590 701 616 ratione
717 589 862 622 gaudeant,
879 592 909 614 ιιι
923 592 951 614 et
966 587 986 614 la

1094 585 1168 621 ἀστῳ
1190 586 1267 621 μέρει
1287 585 1338 620 τῆς
1360 585 1423 619 τῆς,
1438 584 1486 611 καὶ
1513 584 1627 619 βλάπτει
1650 585 1700 618 μὲν
1715 585 1803 619 αὐτῆς
1817 586 1852 611 τὰ

230 639 295 666 dant
310 637 368 672 ejus
380 641 470 672 partes
487 643 518 663 ac
537 635 644 665 vitient.
668 635 708 661 vel
726 640 804 662 terra:
820 634 947 667 motibus,
971 641 986 660 v

1088 632 1132 667 ἑρη
1148 633 1196 658 καὶ
1210 631 1337 665 ἀφανίζει
1356 631 1372 666 ἢ
1392 632 1512 665 σεισμοῖς
1524 631 1546 646 ⁸¹
1562 630 1579 666 ἢ
1596 630 1727 665 πολέμοις
1741 631 1758 665 ἢ
1775 639 1846 665 πυρα

228 684 317 712 bellis.
329 683 369 709 vel
382 682 450 717 ignis
462 681 669 713 vastationibus,
683 680 724 707 vel
740 680 894 710 sterilitate,
907 680 986 714 quotit

1094 677 1209 713 ιλήσεσιν
1233 678 1250 712 ἢ
1281 677 1409 712 ἀφορίαις
1436 675 1584 703 κακοποιοῦ
1613 676 1741 710 φανέντος
1769 676 1816 702 τοῦ
1827 677 1852 692 ⁸³

230 727 376 761 malignum
401 727 508 761 aliquod
533 728 607 753 sidus
632 730 755 760 apparet,
770 731 797 753 et
812 731 905 753 contra
921 725 988 761 juve:

1096 724 1188 760 ττὲρος,
1203 723 1304 758 ὠφελεῖ
1317 722 1345 749 δὲ
1361 722 1394 748 τὰ
1415 722 1532 757 μέγιστα
1546 721 1600 748 τῶν
1622 721 1792 755 ἀγαθοποιῶν
1811 730 1854 748 τι-

230 774 356 805 maxime,
384 772 561 806 agricultura,
585 771 772 804 a-diflcatione,
796 772 928 804 ubertate,
952 771 985 797 du

1096 778 1109 801 ς
1129 771 1169 801 είς
1186 769 1252 796 αὐτὸ
1275 769 1437 804 ἐρχομένου,
1452 768 1605 803 γητιονίαις1
1625 768 1775 803 εὖφορίαις,
1790 769 1851 801 πῶς

229 816 374 850 benignum
392 815 500 849 aliquod
523 816 599 842 sidus
616 815 648 841 ad
665 822 712 841 eas
727 815 867 848 defertur;
882 821 987 849 quomot

1093 823 1117 841 σι
1130 815 1208 841 τόποι
1216 814 1260 841 διὰ
1275 814 1375 849 κρύους
1389 813 1406 849 ἢ
1419 813 1536 845 θάλπους
1550 813 1702 849 ὑπερϐολὴν
1715 814 1760 840 διὰ
1778 822 1851 840 παν-

229 862 323 888 adhch
347 861 404 888 loca
427 861 548 894 quaedam
571 861 753 894 reperiuntur,
771 869 830 895 qua:
847 861 881 888 ob
903 861 984 888 nimin

1096 870 1109 892 ς
1137 861 1247 887 πάντων
1272 860 1381 896 ἔρημοι,
1409 860 1454 887 καὶ
1478 859 1538 886 οὔτε
1566 859 1732 894 ἀγαθοποιδς
1757 860 1852 891 αὐτοῖς

229 907 286 935 sive
307 906 404 941 frigus,
419 905 477 932 sive
493 907 610 932 calorem
626 907 738 932 omnino
755 906 862 932 deserta
886 910 987 940 perpett

1093 906 1157 940 ρεῖλε
1185 906 1233 941 τὴν
1257 906 1386 941 ἐρημίαν,
1404 906 1525 941 παρέσχε
1539 905 1568 932 δὲ
1581 905 1631 940 τὴν
1654 906 1803 940 εὐκρασίαν
1814 905 1851 937 ⁸³,

229 957 372 979 retnaneut
394 960 400 978 :
423 959 510 986 neque
539 951 581 978 vel
608 951 758 979 beneficum
783 951 891 985 aliquod
911 956 983 978 astro

1095 960 1125 978 τε
1138 952 1203 984 τοὺς
1212 932 1381 987 ¹οίκησίμους
1396 932 1652 983 τόπὶπυςῆκακοποιδς
1666 932 1753 982 οὐδεὶς
1765 951 1852 986 ἐπεμ-

230 998 335 1025 sublata
361 997 510 1024 solitudine
528 998 685 1031 temperiem
710 997 785 1024 hisce
802 997 902 1028 attulit,
920 997 961 1024 vel
979 1004 988 1023 ι

1092 997 1164 1024 ιίνων
1187 997 1242 1024 τῶν
1270 997 1374 1029 ζωδίων
1393 996 1434 1029 είς
1448 996 1567 1031 παντελῆ
1585 995 1702 1031 ἐρημίαν
1712 996 1760 1022 καὶ
1773 996 1850 1030 ἀφα-

229 1044 392 1072 habitabiles
417 1043 490 1070 locos
511 1044 655 1078 malignum
681 1045 787 1077 signum
810 1044 987 1076 ascendens,‘

1091 1043 1158 1078 σμδν
1184 1042 1404 1078 μετεσκεύασεν;
1419 1043 1444 1069 εί
1459 1043 1514 1077 γὰρ
1528 1042 1576 1068 καὶ
1589 1041 1709 1076 γένοιντο
1722 1042 1785 1078 [547
1800 1042 1849 1078 H.]

229 1097 331 1117 meram
347 1097 395 1116 eos
406 1089 578 1116 solitudinem
597 1098 628 1116 ac
643 1091 795 1117 vastitatem
820 1090 942 1124 redegit?
957 1089 987 1116 Et

1093 1088 1283 1124 ιτακλυσμοὶῆ
1302 1088 1423 1124 χαλάζης
1450 1089 1466 1124 ἢ
1494 1088 1634 1124 κεραυνῶν
1653 1087 1740 1123 βολαὶ,
1762 1089 1796 1114 τὰ
1819 1090 1851 1114 ὲν

228 1137 299 1163 enim
312 1136 356 1163 bit:
371 1136 535 1170 contigerint
549 1136 695 1170 aliquando
708 1137 856 1169 eluviones,
871 1136 912 1163 vel
932 1143 986 1170 grai

1094 1136 1155 1166 ιτοῖς
1180 1134 1367 1169 ἀφανίζοντες,
1382 1134 1440 1161 ἀλλ’
1456 1135 1472 1169 ὴ
1487 1135 1643 1169 συμμετρία
1666 1134 1748 1161 πάλιν
1764 1135 1805 1166 είς
1819 1135 1852 1161 τὸ

228 1182 322 1208 dinum
345 1187 391 1208 attt
409 1182 550 1208 fulminum
563 1182 646 1212 ictus,
660 1183 760 1216 quibus
783 1189 813 1208 ea
832 1189 890 1215 qua:
906 1181 933 1208 in
947 1181 986 1215 ips

1094 1182 1135 1208 ιτά
1148 1181 1227 1216 φύσιν
1239 1181 1354 1216 εὗφορον
1369 1181 1467 1212 αὐτοὺς
1479 1181 1647 1216 ἐπανήγαγε.
1660 1181 1730 1212 Τοὺς
1742 1181 1771 1208 δέ
1783 1181 1852 1216 ἐρή-

214 1232 301 1263 ‘sunt,
317 1227 436 1261 perirent
449 1235 455 1253 :
474 1232 593 1254 attamen
608 1227 764 1262 συμμετρία
777 1235 869 1254 rursus
883 1227 940 1254 htec
953 1227 972 1254 i(

1090 1236 1130 1259 au;
1140 1228 1240 1258 τόπους
1261 1227 1339 1254 οὔπω
1355 1236 1397 1259 τις
1413 1227 1552 1262 ὠφέλησεν
1566 1227 1731 1262 ἀγαθοποιὺς
1746 1227 1848 1262 ἀστὴρ,

228 1273 262 1299 ad
284 1273 433 1300 naturalem
451 1273 601 1300 ubertatem
618 1274 736 1305 reduxit,
754 1281 814 1299 cum
833 1273 884 1300 illis
897 1273 985 1300 desert

1088 1274 1121 1300 ’.λ’
1137 1275 1155 1309 ἡ
1174 1273 1254 1308 φύσις
1273 1275 1370 1309 κραττεί¹
1395 1273 1442 1300 καὶ
1455 1273 1484 1300 ἑν
1497 1273 1626 1309 ἐρημίαις
1644 1273 1692 1301 καὶ
1703 1273 1846 1308 πανταχοῦ

228 1324 365 1352 nunquam
389 1318 498 1352 aliquod
520 1319 651 1345 hactenus
672 1317 734 1344 felix
751 1323 853 1345 astrum
872 1317 986 1352 profueri

1092 1320 1140 1355 ιρά
1164 1319 1233 1346 Θεοῦ
1248 1321 1304 1351 τοῖς
1321 1319 1380 1346 οὖσι
1399 1319 1536 1355 διαφόρως
1550 1319 1670 1352 δοθεῖσα,
1684 1319 1731 1346 καὶ
1744 1319 1802 1346 οὒτ’
1814 1319 1850 1346 ἄν

229 1363 282 1390 Sed
295 1368 391 1390 natura
410 1364 536 1390 nimirum
554 1363 668 1397 obtinet,
683 1371 744 1390 cum
768 1363 795 1390 in
810 1363 984 1390 solitudinibu

1095 1365 1139 1396 τὸς
1162 1363 1338 1399 κατενεχθείη
1353 1365 1421 1391 ὅπου
1442 1365 1479 1399 μὴ
1498 1364 1631 1398 πέφυκεν,
1650 1363 1706 1391 οὔτ’
1722 1364 1754 1391 ἂν
1772 1373 1852 1400 νιφε-

229 1414 284 1435 tum
310 1409 480 1443 ubicunque,
497 1417 548 1436 non
571 1409 665 1437 cadent
685 1409 727 1436 illa
754 1411 834 1437 rebus
856 1409 979 1437 omnibus

1093 1410 1117 1437 ὃν
1144 1409 1315 1445 ἀπαλλαγείη
1343 1409 1378 1436 τὰ
1401 1410 1445 1437 διά
1466 1410 1566 1442 παντὸς
1582 1410 1699 1445 φέροντα
1723 1409 1851 1445 κρυμῡῦς

229 1455 282 1482 Deo
300 1456 393 1488 indita,
410 1461 438 1482 ut
460 1463 547 1489 neque
563 1456 650 1490 pluvia
666 1455 702 1482 ibi
717 1455 824 1483 decidat
837 1456 881 1483 tibi
900 1463 948 1490 per
964 1464 987 1482 n:

1092 1456 1183 1491 Ῥίους.
1204 1456 1236 1482 Ei
1248 1455 1276 1482 δὲ
1289 1456 1354 1483 αὐτὸ
1375 1456 1425 1491 τῆς
1438 1455 1493 1482 τῶν
1510 1455 1600 1482 τόπων
1614 1455 1723 1490 φύσεως
1735 1455 1766 1482 τὺ
1779 1455 1850 1490 ἐμε-

228 1503 315 1525 luram
332 1506 385 1525 non
413 1498 494 1529 solet,
519 1506 605 1533 neque
630 1500 737 1526 nivibus
755 1507 872 1533 unqttam
898 1499 942 1526 illa
967 1507 986 1526 c:

1092 1501 1193 1537 ιϐλητον
1217 1502 1317 1536 δεῖγμα
1333 1501 1502 1536 λαμϐάνουσι
1528 1500 1575 1528 τοῦ
1603 1502 1708 1536 χαίρειν
1731 1501 1850 1528 ἕκαστον

227 1548 313 1576 reant,
331 1552 499 1579 quaecunque
517 1545 646 1571 immania
664 1545 718 1579 pati
744 1545 844 1579 frigora
864 1552 985 1572 Consuew

1094 1549 1158 1575 ›διον
1174 1547 1283 1582 ἑκάστῳ
1298 1547 1375 1582 μέρει
1389 1548 1452 1582 γῆς,
1471 1548 1500 1574 αι
1514 1547 1568 1573 ἀπὸ
1582 1546 1716 1582 εὑφοριῶν
1727 1547 1768 1578 εἰς
1780 1547 1852 1581 ἀφο-

228 1596 299 1616 runt.
315 1590 390 1622 Quod
415 1592 436 1617 si
460 1591 506 1624 qui
526 1589 639 1617 forsitan
667 1590 863 1617 immutabilem
887 1591 957 1617 hunc
984 1591 986 1617 i

1094 1603 1123 1626 ας
1140 1594 1286 1628 μεταϐολαὶ
1311 1594 1359 1620 καὶ
1377 1594 1400 1619 οἱ
1416 1593 1522 1628 σεισμοὶ
1545 1593 1575 1619 τὺ
1592 1593 1738 1628 λεγόμενον
1754 1593 1852 1624 αὐτοῖς

226 1636 344 1663 locorum
365 1641 461 1663 natura
485 1637 608 1664 ordinem
625 1643 675 1671 pro
698 1636 800 1663 indicio
823 1643 904 1671 atque
931 1645 984 1670 argi

1092 1640 1172 1672 ῖθενὲς
1187 1640 1369 1675 διελέγχουσι·
1386 1639 1441 1666 τῶν
1468 1639 1517 1674 μὲν
1533 1639 1588 1673 γὰρ
1615 1639 1727 1672 ἀγαθῶν
1754 1639 1850 1666 τόπων

226 1690 320 1713 mento
335 1689 486 1715 assmnant,
509 1684 581 1718 quod
601 1683 705 1717 singula
724 1682 845 1717 signiferi
864 1683 939 1718 signa
956 1684 984 1710 sil

1093 1686 1190 1717 ιλλάκις
1214 1685 1349 1720 ἠφανίσθη
1362 1685 1392 1711 τὸ
1409 1683 1552 1720 εὔκρατον,
1565 1684 1619 1711 τῶν
1630 1684 1659 1710 δὲ
1674 1685 1788 1719 ἐρήμων
1806 1685 1851 1711 οὗ·

225 1731 294 1764 gulis
315 1736 395 1758 terra:
410 1729 533 1764 partibus
548 1729 703 1763 gaudeant:
720 1733 793 1756 certe
815 1728 961 1756 fertilitatis

1094 1729 1199 1755 πώποτε
1223 1728 1378 1764 μετεϐλήθη
1394 1728 1424 1754 τὸ
1440 1728 1534 1764 ἄγριον
1559 1729 1606 1755 καὶ
1630 1729 1770 1764 ἀοίκητον.
1786 1730 1852 1757 Τῶν

225 1777 398 1804 sterilitatem
412 1775 649 1807 commutationes,
667 1781 799 1809 terraeque
813 1774 898 1809 ipsius
911 1778 983 1801 motu

1093 1783 1111 1800 ιν
1127 1773 1173 1800 οὖν
1189 1775 1218 1800 ἐν
1244 1773 1282 1808 τῷ
1296 1773 1317 1800 λ’
1333 1773 1473 1809 κεφαλαίῳ
1493 1774 1544 1800 ὅσα
1559 1773 1590 1799 τὸ
1615 1774 1762 1800 ἀκόλουθόν
1788 1784 1851 1806 πως

226 1823 389 1850 imbecillum
404 1829 466 1850 esse
479 1822 574 1848 horum
590 1826 779 1856 argumentum
799 1821 865 1847 satis
881 1827 984 1855 arguun

1092 1820 1133 1847 aea
1149 1820 1198 1854 τοῦ,
1212 1819 1324 1846 πιθα.νοῦ
1341 1817 1408 1854 εἶχε,
1438 1819 1525 1846 ταῦτά
1547 1820 1604 1846 ἐστι
1615 1827 1622 1834 ·
1636 1819 1689 1846 τῶν
1710 1820 1732 1846 δ’
1757 1820 1850 1847 ἄλλων

224 1867 291 1894 Nam
304 1868 354 1895 etsi
368 1867 485 1895 felicium
500 1867 619 1894 locorum
635 1871 877 1901 temperamentum
890 1873 982 1901 persaq

1092 1875 1096 1892 ε
1123 1866 1172 1901 μὲν
1186 1866 1242 1897 τοῖς
1267 1865 1433 1901 προλαϐοῦσι
1448 1865 1606 1899 κεφαλαίοις
1621 1866 1794 1901 προείρηται,
1811 1866 1850 1893 τὰ

225 1914 347 1948 perierit,
374 1913 548 1941 solitudinum
568 1917 658 1940 tamen
674 1912 860 1940 inhabitabilis
875 1912 983 1947 asperitt

1118 1912 1189 1938 κατά
1207 1911 1238 1937 τδ
1259 1911 1420 1946 φαινόμενον
1437 1911 1535 1946 μᾶλλον
1551 1911 1598 1938 καλ⁸
1611 1911 1772 1939 ἐπιπόλαιον
1806 1912 1849 1938 δι-

225 1966 361 1993 nunquam
380 1958 520 1985 immutata
544 1961 596 1984 est.
615 1957 675 1984 Haec
701 1957 782 1991 igitur
799 1957 841 1984 illa
861 1962 923 1984 sunt
948 1965 983 1991 qu

478 1963 520 1984 sta
544 1961 596 1984 est.
615 1957 675 1984 Haec
701 1957 782 1991 igitur
799 1957 841 1984 illa
861 1962 923 1984 sunt
948 1964 1009 1991 quae
1062 1956 1236 1984 εσκεύασται.

225 2003 361 2030 tricesimo
383 2003 470 2037 capite
493 2002 530 2029 ita
552 2007 711 2035 tractantur,
730 2007 759 2029 ut
786 2004 1007 2037 consequentiam
1029 2004 1148 2038 aliquam
1174 2007 1203 2029 et
1230 2001 1447 2036 probabilitatem
1478 2002 1605 2034 habeant,
1638 2008 1734 2029 cetera
1767 2011 1848 2037 vero,

224 2049 322 2084 partim
337 2049 470 2084 capitibus
492 2048 564 2076 dicta
581 2053 643 2076 sunt
659 2049 885 2083 praecedentibus,
910 2051 1007 2085 partim
1029 2051 1055 2078 in
1074 2050 1190 2085 speciem
1206 2050 1335 2076 duntaxat
1347 2050 1508 2076 exteriorem
1526 2048 1655 2075 instructa
1672 2049 1806 2077 videntur.

259 2096 293 2122 At
307 2095 393 2130 primo
414 2100 441 2122 et
460 2095 598 2123 tricesimo
620 2097 711 2130 capite
734 2097 932 2132 astrologorum
949 2099 1008 2133 opi-

1102 2098 1146 2124 Ἐν
1159 2097 1186 2124 δὲ
1200 2096 1239 2131 τῷ
1251 2096 1292 2123 λα’
1306 2096 1431 2131 διαπορεῖ
1445 2095 1495 2131 τὴν
1506 2095 1561 2122 τῶν
1578 2096 1749 2131 ἀστρολόγων
1762 2097 1845 2131 δόξαν

222 2141 331 2168 nionem
354 2140 529 2171 labefactans,
552 2141 587 2168 ita
604 2142 719 2175 quaerit:
735 2141 791 2168 Cur
807 2142 912 2169 zodiaci
930 2144 979 2177 sig:

1086 2142 1191 2173 ασείων,
1210 2141 1256 2168 καί
1281 2149 1357 2175 φησι·
1375 2140 1426 2167 Διά
1439 2141 1466 2167 τί
1492 2140 1545 2175 γὰρ
1573 2141 1656 2173 ζὼδια
1682 2142 1771 2174 οἴκους
1786 2145 1844 2170 τῶν

221 2187 369 2213 errantium
385 2187 526 2213 stellarum
539 2187 632 2214 domos
648 2187 803 2221 appellant?
816 2187 856 2214 An
873 2188 935 2222 quia
951 2189 979 2216 ha

1087 2187 1196 2222 ,ἀνήτων
1211 2186 1359 2218 καλοῦσιν;
1376 2185 1421 2222 ἄρ’
1436 2187 1478 2213 ὅτι
1493 2186 1616 2221 πέπηγεν
1624 2186 1648 2202 ⁸⁵
1661 2188 1690 2212 ἐν
1706 2187 1746 2223 τῷ
1758 2189 1845 2224 οὖρα.

223 2232 248 2258 itt
274 2232 344 2259 cosio
367 2232 417 2259 lixa
434 2232 520 2259 sunt?
544 2232 614 2267 Ergo
643 2237 778 2267 quotquot
801 2233 926 2261 similiter
953 2234 981 2260 fi:

1086 2240 1110 2266 ›;
1135 2232 1183 2259 καὶ
1202 2232 1303 2264 πάντες
1331 2231 1384 2267 ἄρα
1411 2232 1437 2258 οἱ
1460 2231 1562 2267 ὁμοίως
1583 2233 1739 2267 πεπηγότες
1770 2232 1844 2262 οῐκοι

221 2283 331 2304 manent
354 2282 438 2309 astra.
455 2277 573 2311 ipsorum
588 2286 665 2312 aeque
687 2279 783 2306 domus
799 2279 910 2306 fuerint.
927 2278 979 2306 Nor

1083 2277 1191 2303 ονται⁸⁸
1205 2277 1318 2305 τούτων.
1342 2277 1411 2304 Ἀλλ’
1427 2278 1468 2304 ὃτι
1493 2277 1630 2305 κινοῦνται
1649 2279 1674 2304 οι
1687 2279 1841 2315 πλάνητες;

221 2323 266 2348 sed
282 2323 345 2356 quia
367 2329 418 2349 non
436 2323 588 2349 errantium
608 2323 748 2350 stellarum
766 2324 894 2359 quaelibet
908 2324 977 2358 gand

1085 2322 1101 2348 il.
1114 2322 1186 2349 οὕτω
1202 2323 1283 2350 πάλιν
1297 2323 1398 2355 πάντες
1414 2324 1438 2350 oi
1450 2324 1608 2358 πεπηγότες
1618 2323 1689 2351 οἶκοι
1704 2325 1738 2352 ἂν
1747 2327 1843 2354 αὐτῶν

220 2369 317 2403 2110
339 2373 458 2396 errante.
475 2369 544 2402 Quin
565 2370 646 2404 igitur
666 2374 694 2397 et
720 2369 834 2404 planetae
863 2369 974 2404 signoru

1088 2377 1148 2403 ]σαν
1172 2368 1296 2400 εἰκότως.
1317 2369 1387 2395 Ἀλλ’
1413 2369 1453 2395 ὅτι
1478 2369 1533 2396 τῶν
1562 2370 1689 2398 ἀπλανῶν
1724 2372 1846 2406 ἕκαστος

220 2415 322 2441 zodiaci
353 2415 462 2442 domus
480 2415 670 2449 appellantur?
700 2415 840 2448 Quomodo
863 2422 914 2441 non
941 2415 977 2443 ite

1092 2414 1143 2447 ίρει
1162 2414 1200 2449 τῷ
1215 2414 1332 2449 πλάνητι
1349 2423 1358 2447 ;
1374 2414 1418 2441 διὰ
1434 2414 1461 2441 τί
1479 2413 1526 2442 οὖν
1546 2415 1583 2450 μὴ
1600 2416 1648 2443 καὶ
1662 2417 1687 2443 οἱ
1702 2417 1846 2453 πλάνητες

220 2462 315 2487 domus
335 2460 448 2487 invicem
466 2465 528 2487 sunt
552 2460 666 2487 benefici
685 2461 862 2494 prosperique
879 2460 978 2495 planet:

1087 2467 1124 2485 ιοι
1142 2459 1198 2486 τῶν
1212 2459 1316 2491 ζωδίων
1331 2468 1339 2492 ;
1355 2460 1414 2492 πῶς
1431 2460 1460 2487 δὲ
1476 2461 1513 2496 μὴ
1527 2461 1650 2496 ἀλλήλων
1672 2459 1742 2489 οἶκοι
1758 2464 1845 2490 πάλιν

218 2510 246 2532 et
261 2505 376 2532 maleﬁci
391 2514 399 2533 ε
418 2506 473 2533 imo
487 2510 514 2532 et
529 2513 589 2540 qua:
602 2506 652 2533 sibi
671 2510 765 2532 mutuo
782 2506 924 2533 familiaria
942 2513 972 2533 su

1096 2504 1255 2538 ἀγαθοποιοὶ
1267 2505 1401 2539 πλάνητες
1412 2507 1459 2532 καὶ
1473 2508 1497 2533 oi
1516 2508 1670 2540 κακοποιοὶ,
1688 2509 1737 2535 καὶ
1752 2510 1795 2536 ἔτι
1807 2511 1845 2538 τὰ

218 2551 322 2578 zodiaci
350 2552 436 2586 signa.
457 2551 485 2578 Si
515 2558 580 2578 vero
607 2556 760 2586 propterea,
787 2552 857 2586 quod
884 2552 960 2586 signa

1087 2549 1177 2585 λήλοις
1194 2550 1322 2585 χαίροντα
1331 2550 1354 2566 ⁸⁸
1367 2550 1424 2577 τῶν
1441 2550 1563 2586 (ustum;
1579 2553 1604 2579 ιι
1622 2553 1644 2579 δ’
1659 2554 1704 2580 ὅτι
1730 2555 1767 2581 τὰ
1791 2556 1844 2590 μὲν

219 2598 312 2625 multis
338 2602 534 2631 componantur
561 2597 657 2629 stellis,
681 2604 741 2624 cum
768 2598 865 2632 singuli
889 2598 977 2632 planet

1086 2596 1133 2622 ιδια
1150 2595 1291 2630 σύγκειται
1311 2596 1343 2622 ἐκ
1354 2596 1468 2629 πολλῶν,
1486 2597 1600 2630 ἕκαστος
1616 2598 1645 2625 δὲ
1659 2599 1716 2625 τῶν
1733 2599 1844 2636 πλανή-

216 2644 297 2671 unius
314 2643 421 2679 generis
443 2643 512 2676 sint;
533 2650 596 2670 mox
615 2643 697 2670 etiam
713 2643 861 2678 quamlibet
886 2644 971 2670 lixaru

1086 2650 1107 2667 ιν
1128 2641 1279 2677 μονοειδὴς,
1296 2641 1343 2668 καὶ
1364 2642 1484 2679 ἑκάστην
1500 2644 1624 2671 σύνθεσιν
1637 2645 1693 2672 τῶν
1710 2646 1844 2673 ἀπλανῶν

833 2742 836 2747 ι
861 2732 978 2760 νΑΙίΙᾹΞ
1000 2733 1203 2762 LECTIONES.

249 2794 373 2828 "ﬂante
391 2793 512 2826 σεισμοῖς
536 2800 591 2819 om.
610 2793 641 2818 A.
695 2791 775 2818 ⁶¹τοῦ
791 2800 846 2828 om.
867 2791 900 2819 C.
959 2792 982 2809 ⁸³
997 2792 1132 2828 ἀκρασίαν
1147 2801 1176 2825 ς.
1227 2792 1249 2808 ⁸⁸
1273 2791 1317 2826 ἀρ’
1345 2791 1392 2818 οὖν
1417 2792 1458 2820 ὅτι
1482 2802 1512 2826 ς.
1566 2794 1588 2811 ⁸³
1598 2794 1704 2823 ἔσονται
1719 2810 1757 2816 -
1770 2792 1845 2822 οἶκοι

212 2829 275 2857 add.
295 2828 349 2858 AC.
386 2828 410 2843 ⁸⁸
423 2828 552 2863 χαίροντα
570 2833 598 2856 et
616 2835 678 2855 mox
695 2827 757 2859 τοὺς
768 2827 817 2854 add
834 2828 866 2854 A.
