1920 3090
57 159 102 190 8-H

573 155 833 186 BIBLIOTHECA.
846 168 881 173 —
898 156 980 186 COD.
995 155 1150 185 CCXXIII.

1622 155 1677 190 842

55 217 123 246 οἷκον
149 216 291 251 ὀφείλουσι
311 217 399 243 ποιεῖν
416 215 473 242 τῶν
487 214 631 250 πλανήτων
644 222 650 228 '
670 213 769 245 πολλὰς
784 214 839 250 γὰρ

900 215 1031 241 itellarmn
1056 214 1282 250 compositionem
1312 215 1481 250 planetarum
1508 216 1677 244 constituere

55 265 86 291 ἄν
102 272 146 295 τις
166 263 244 298 εὖροι
271 261 421 294 συνθέσεις,
437 260 579 296 βουληθεὶς
598 260 700 293 ζητεῖν,
724 260 772 287 καὶ
785 259 840 287 τῶν

55 310 138 338 ἄλλων
153 308 295 336 ἀπλανῶν.
313 309 344 334 El
356 308 385 334 δὲ
399 308 441 334 ὃτι
463 306 531 342 μόνα
542 305 577 333 τὰ
593 306 677 338 coam
703 307 760 337 τοῖς
776 305 841 332 πλά-

54 363 128 390 νησιν
146 355 189 384 εἰς
204 354 241 380 τὰ
256 353 467 388 ἀποτελέσματα
491 353 627 387 συνεργεῖ,
642 351 722 378 διὰτί
736 351 774 387 μὴ
793 351 842 378 καὶ

52 403 72 428 οξ
86 401 227 435 πλάνητες
241 396 312 427 οἶκοι
327 399 382 426 τῶν
398 399 502 430 ζωδίων
517 398 712 433 συνεργοῦντες
728 397 840 430 αύτοῐςς

52 448 74 474 ει
87 447 115 473 δὲ
129 446 201 473 διότι
217 445 268 477 τὰς
287 445 343 472 τῶν
359 445 463 477 ζωδίων
487 443 628 479 ἐνεργείας
651 443 698 470 καὶ
722 443 842 477 ἀκύρους

53 493 96 518 καὶ
119 492 248 526 ἑνεργεῖς
268 490 396 518 δύνανται
424 490 524 521 ποιεῖν,
545 488 611 525 [672
631 488 677 524 IL]
703 488 761 519 πῶς
780 488 842 522 οὐχ).

53 538 98 564 καὶ
111 537 239 572 ἀλλήλων
258 535 326 563 οἶκοί
344 537 408 565 εἰσι.
425 537 482 566 τοῖς
501 534 626 570 ἀλλήλων
641 533 842 568 ἀποτελέσμασι

52 584 95 609 καὶ
111 582 197 617 κῦρος
210 582 258 609 καὶ
269 581 417 608 κατάλυσιν
432 581 559 614 ἐπάγειν,
572 579 610 610 ὣς
627 587 721 614 φασιν,
739 579 842 614 ἰσχύον-

55 636 109 661 req;
124 627 186 659 πῶς
201 628 231 654 δὲ
250 627 319 662 μόνα
334 627 369 653 τὰ
383 626 467 658 ζώδια
480 627 537 656 τοῖς
552 625 673 659 πλάνησι
697 625 841 659 συνεργεῖ;

53 672 105 708 ἄρα
120 672 239 708 μάταιός
266 673 341 698 ἐστιν
364 672 379 698 ὁ
400 671 493 702 λοιπὸς
517 670 572 697 τῶν
587 669 716 696 ἀπλανῶν
741 670 842 705 χορός;

53 719 107 749 πῶς
127 718 159 744 δὲ
179 718 245 749 τοὺς
266 717 406 751 πλάνητας
431 716 608 751 ἁγαθοποιεῖν
621 715 669 743 καὶ
685 716 843 743 κακοποιεῖν

54 764 116 796 ὅλως
132 762 267 790 δύνασθαί
284 771 384 797 (pacti);
398 760 454 797 ἆρα
474 761 518 788 διὰ
533 761 564 788 τὸ
580 761 714 788 κινεῖσθαι
724 769 733 793 ;
745 759 843 787 οὐκοῦν

53 809 102 836 τῶν
116 809 150 844 ιβ’
168 808 274 841 ζωδίων
292 807 370 834 οὐδὲν
389 806 452 834 οὔτε
470 807 668 841 ἁγαθοποιήσει
681 805 743 833 οὔτε
758 814 842 832 κακο-

54 855 176 888 ποιήσει·
197 853 256 880 ἀλλ’
274 853 335 879 οὺδέ
357 861 401 884 τις
418 852 498 884 ἄλλος
525 851 580 879 τῶν
600 851 739 879 ἀπλανῶν.
760 851 792 878 Εἰ
813 851 842 878 δὲ

892 260 1003 287 domum
1018 260 1146 294 astrologi
1160 266 1304 295 coguntur.
1319 261 1415 290 Multas
1425 261 1511 294 enim,
1529 262 1575 297 qui
1603 262 1680 290 inve-

892 305 996 340 stigare
1009 305 1083 337 velit,
1106 305 1189 332 etiam
1208 306 1322 333 aliarum
1337 306 1452 334 lixarum
1469 306 1680 341 compositiones

893 351 1019 384 reperiat.
1030 351 1078 378 Sin
1095 351 1168 386 quod
1190 351 1270 379 nulla;
1287 357 1385 386 praeter
1407 353 1510 380 zodiaci
1534 353 1612 386 signa
1627 360 1678 379 una

893 404 954 423 cum
977 396 1093 430 planetis
1112 396 1226 425 eti'ectus
1248 397 1346 424 fatales
1359 402 1527 432 operentur,
1549 405 1601 425 cur
1626 405 1678 424 non

892 446 919 468 et
930 441 1045 476 planetae
1059 441 1156 469 domus
1170 447 1235 470 sunt
1249 443 1388 477 signorum
1401 443 1565 476 calestium,
1582 451 1679 478 quem-

893 487 1037 514 admodum
1064 494 1127 514 cum
1157 487 1210 515 illis
1225 495 1277 515 una
1294 489 1461 522 operantur?
1476 487 1524 516 Sin
1539 488 1608 516 forte
1621 495 1681 523 pro-

893 537 987 566 pterea
1006 532 1077 567 quod
1094 533 1234 566 signorum
1255 533 1409 561 caelestium
1428 534 1601 569 operationes
1616 540 1680 568 pos-

893 578 949 606 sint
963 578 1079 613 planetae
1093 584 1138 606 aut
1161 579 1265 612 irritas,
1285 584 1333 606 aut
1345 579 1471 607 elﬁcaees
1487 579 1587 611 facere,
1612 586 1682 614 quo-

894 625 974 652 modo
991 632 1043 652 non
1058 625 1141 652 etiam
1159 624 1273 658 aliorum
1290 625 1336 652 alii
1352 625 1448 653 domus
1462 630 1536 658 sunt,
1548 624 1680 660 quemad-

893 670 1003 698 modum
1020 674 1128 697 mutuos
1138 668 1264 702 eﬂ'ectus.
1278 675 1309 697 ut
1329 670 1366 697 illi
1382 670 1514 702 fatentur,
1529 675 1557 697 et
1569 674 1643 697 ratos
1654 673 1683 696 et

893 716 988 743 irritos
1003 716 1116 743 reddere
1129 715 1249 750 queunt?
1268 715 1409 749 Quomodo
1432 715 1497 743 item
1521 715 1578 742 sola
1595 713 1682 750 signi-

894 761 945 790 feri
966 758 1043 798 signa
1063 762 1182 797 planetis
1202 763 1404 798 cooperantur?
1420 761 1489 790 Num
1518 769 1681 796 supervaca-

894 815 961 835 nens
975 812 1017 835 est
1030 807 1152 843 reliquus
1173 807 1289 836 lixarum
1305 808 1409 836 ctetusl
1427 808 1569 841 Quomodo
1585 808 1682 836 adiuro

895 853 1018 887 planetas
1040 858 1086 881 aut
1115 853 1238 889 ibenigne
1265 854 1367 888 facere,
1400 857 1447 881 aut
1475 861 1576 882 nocere
1598 861 1680 888 posse

53 900 127 932 διότι,
142 899 225 934 φησὶ,
238 898 274 925 δι’
287 898 377 926 αὐτῶν
390 898 552 934 πορεύονται
561 898 587 924 οι
600 897 746 933 πλάνητες,
757 896 847 932 πολλῷ

900 898 1047 926 asserunt?
1065 906 1098 926 an
1112 888 1223 934 propter
1246 905 1349 927 motum
1361 899 1373 926 ?
1387 898 1495 926 Nullum
1518 899 1599 933 igitur
1613 906 1629 926 e
1641 905 1679 926 xit

55 944 155 978 μᾶλλον
184 944 214 971 αἱ
240 942 326 976 ζῶναι
354 943 403 970 καὶ
428 944 453 970 οῑ
477 943 525 970 τοῦ
551 943 633 979 ἀέρος
649 943 740 973 τόποι,
755 943 789 969 δι’
804 939 843 970 ὧν

54 989 186 1020 ὁδεύουσι,
206 988 254 1015 τοῦ
280 988 437 1016 καλοποιεῖν
460 989 509 1015 καὶ
536 989 695 1015 κακοποιεῖν
727 988 843 1022 δύναμιν

54 1034 159 1066 ἕξουσιν
171 1042 178 1049 ’
192 1033 309 1068 οὖρανοῦ
325 1033 390 1068 γὰρ,
404 1034 434 1060 ὲν
449 1030 473 1067 ᾧ
490 1034 516 1060 οῖ
531 1033 677 1068 πλάνητες,
700 1033 843 1069 οὐμενοῦν,

54 1080 89 1112 ὥς
102 1089 171 1114 φασι
186 1099 195 1112 ,
225 1079 315 1115 πολλῷ
337 1079 485 1113 κατωτέρω
496 1079 572 1111 ὄντες
584 1079 636 1115 οὐχ
652 1080 794 1107 ἅπτονται.
811 1080 844 1106 Τί

54 1125 79 1151 ςὲ
96 1125 129 1160 δή
149 1134 218 1152 mre
235 1126 335 1161 σελήνη
362 1125 413 1161 μὲν
434 1126 465 1152 τὺ
482 1125 623 1161 μειοῦσθαι
652 1125 701 1153 καὶ
719 1125 844 1157 αὐξάνειν

55 1170 196 1206 ὑπομένει,
213 1171 269 1198 τῶν
279 1171 301 1198 δ’
314 1171 402 1198 ἄλλων
417 1171 562 1207 πλανήτων
575 1171 778 1207 προποδισμοὺς
797 1171 844 1198 καὶ

56 1218 226 1253 στηριγμοὺς
239 1217 287 1244 καὶ
307 1217 509 1253 ἀναποδισμοὺς
523 1217 692 1252 εἰσάγοντες,
704 1218 780 1253 ήλιον
794 1219 844 1244 καὶ

55 1263 171 1298 σελήνην
185 1263 236 1298 τῆς
250 1263 380 1299 τοιαύτης
394 1263 458 1299 [548
472 1263 519 1299 Η.]
535 1263 719 1298 παλιντρόπου
741 1263 845 1298 πλάνης

55 1309 215 1344 ἐλευθέρους
241 1309 341 1342 tactv;
362 1310 410 1336 καὶ
434 1310 459 1336 εί
489 1309 661 1345 μικροφανὴς
688 1310 703 1336 ὁ
726 1309 844 1344 Κρόνος,

55 1354 158 1389 μείζων
176 1380 184 1395 ,
204 1354 244 1387 ὣς
276 1363 341 1390 φασι
360 1376 368 1388 ,
387 1355 443 1382 τῶν
469 1355 560 1382 ἄλλων
586 1356 717 1392 ὑπάρχων
744 1356 846 1391 πλανή-

56 1409 118 1432 amt,
141 1401 184 1427 ὃτι
208 1401 312 1428 τούτων
346 1400 483 1436 ἀνώτερον
511 1401 646 1437 διατρέχει
675 1401 786 1434 κύκλον,
801 1401 846 1428 διὰ

57 1447 82 1472 τί
98 1446 201 1482 μείζων
217 1447 233 1473 ὁ
247 1447 324 1482 ἣλιος
340 1447 390 1482 τῆς
408 1447 535 1482 σελήνης,
548 1447 683 1483 τετάρτην
698 1447 746 1475 ἀπ’
759 1447 846 1483 αὐτῆς

53 1492 144 1528 ζώνην
156 1492 297 1525 activum;
312 1492 396 1529 ἐχρῆν
413 1493 468 1528 γὰρ
483 1493 565 1520 αὑτὸν
576 1493 668 1528 πολλῷ
684 1492 787 1528 ταύτης
802 1501 845 1528 μι-

55 1539 185 1575 κρότερον
199 1538 358 1574 φαίνεσθαι.
373 1539 455 1566 Ὥστε
469 1539 559 1565 πάντα
573 1539 658 1574 ψευδῆ
673 1539 720 1565 καὶ
739 1538 845 1565 πεπλα-

56 1586 154 1620 σμένα,
174 1586 193 1613 ἃ
214 1586 264 1621 τῆς
287 1585 467 1621 ἀστρολογίας
492 1586 518 1611 oi
547 1585 624 1612 πόνοι
657 1584 847 1620 κρατύνουσιν.

54 1632 134 1659 Οὕτω
152 1631 204 1668 μὲν
223 1630 270 1659 οὖν
285 1631 331 1658 καὶ
345 1631 376 1658 τὸ
387 1632 427 1658 λα’
443 1631 603 1665 κεφάλαιον.

895 944 950 972 illis
967 944 1072 972 zodiaci
1088 944 1173 981 signis
1191 952 1350 980 prosperum
1371 945 1425 972 erit
1449 944 1493 972 vel
1513 945 1678 972 adversum:

894 991 941 1019 sed
956 998 1044 1026 neque
1056 991 1108 1019 alia
1127 991 1182 1019 ulla
1195 999 1247 1019 non
1265 999 1361 1019 errans
1375 991 1465 1019 stella.
1486 991 1534 1019 Sin
1550 991 1621 1023 ideo,
1637 991 1680 1018 in-

895 1037 965 1071 quit,
985 1037 1055 1071 quod
1071 1044 1119 1071 per
1145 1037 1192 1064 illa
1209 1038 1372 1072 gradiuntur
1385 1037 1510 1072 planetae,
1525 1036 1580 1069 jam
1595 1036 1680 1063 multo

895 1082 988 1116 potius
1005 1083 1062 1109 sive
1072 1089 1157 1116 zonae,
1176 1083 1233 1110 sive
1248 1083 1318 1109 aeris
1332 1082 1375 1109 illa
1396 1082 1464 1113 loca,
1485 1089 1534 1117 per
1555 1089 1615 1116 qua!
1633 1081 1679 1108 isti

895 1129 1067 1164 gradiuntur,
1082 1129 1152 1156 hanc
1175 1129 1244 1156 bene
1260 1133 1307 1155 aut
1321 1128 1390 1155 male
1404 1128 1500 1162 agendi
1518 1131 1677 1161 potestatem

896 1173 1043 1201 habebunt.
1068 1172 1161 1208 Neque
1182 1174 1254 1201 enim
1275 1175 1332 1202 haec
1378 1174 1546 1208 planetarum
1568 1172 1678 1205 calum,

895 1226 957 1246 cum
981 1220 1066 1246 multo
1089 1219 1144 1246 sint
1163 1219 1205 1253 (ut
1232 1219 1319 1250 aiunt)
1342 1218 1482 1251 inferiora,
1509 1218 1679 1252 contingunt.

895 1264 1030 1298 Quorsum
1050 1266 1157 1292 tandem
1171 1265 1234 1292 luna
1253 1265 1336 1292 minui
1351 1271 1432 1300 atque
1457 1264 1550 1299 augeri
1571 1268 1681 1300 potest:

895 1315 924 1338 et
938 1318 1000 1338 cum
1026 1315 1186 1338 camerarum
1212 1310 1383 1345 planetarum
1408 1317 1580 1345 progressus,
1595 1314 1684 1337 status

899 1357 979 1389 ﬁxos,
995 1364 1027 1384 ac
1043 1357 1273 1392 retrogrcssiones
1290 1357 1438 1390 adducant,
1452 1357 1536 1385 solem
1549 1361 1641 1384 tamen
1656 1360 1685 1384 et

897 1402 987 1429 lunam
999 1402 1033 1429 ab
1054 1402 1105 1429 hoc
1122 1402 1280 1436 retrogrado
1290 1408 1385 1430 errore
1402 1402 1503 1430 liberos
1520 1401 1616 1430 sinunt
1627 1401 1639 1428 τ
1651 1401 1686 1428 Et

896 1448 919 1476 si
941 1455 1041 1484 parvus
1058 1448 1105 1484 qui
1125 1448 1231 1476 videtur
1258 1447 1402 1480 Saturnus,
1430 1447 1492 1475 aliis
1517 1452 1607 1475 tamen
1643 1446 1686 1482 (ut

896 1494 985 1528 aiunt)
1008 1493 1093 1528 major
1112 1498 1155 1520 est
1180 1493 1305 1528 planetis,
1330 1501 1362 1522 eo
1392 1495 1464 1528 quod
1488 1501 1536 1528 per
1561 1493 1685 1521 altiorem

899 1539 991 1567 orbem
1005 1538 1180 1570 obambulet;
1204 1545 1252 1565 cur
1267 1538 1355 1573 major
1381 1538 1444 1566 luna
1472 1545 1554 1573 quam
1575 1537 1626 1570 sol,
1639 1534 1686 1571 qui

902 1588 1000 1619 quarto
1012 1591 1092 1618 supra
1119 1583 1191 1610 illam
1206 1583 1273 1610 orbe
1287 1583 1410 1610 decurrit
1423 1583 1435 1610 ?
1447 1583 1593 1617 oportebat
1613 1583 1686 1610 enim

905 1630 993 1664 ipsum
1007 1630 1091 1657 multo
1104 1629 1149 1656 illa
1172 1629 1303 1656 minorem
1316 1637 1458 1664 apparere.
1482 1628 1573 1662 Quare
1595 1629 1688 1657 omnia

56 1679 121 1707 falsa
141 1685 207 1707 sunt
222 1685 305 1714 atque
317 1680 445 1711 conticta,
459 1686 519 1714 quae
530 1679 848 1715 astrologorumscriptis
863 1682 1033 1706 astruuntur.
1052 1676 1098 1704 Sic
1117 1677 1224 1712 quidem
1240 1676 1356 1711 primum
1375 1682 1402 1704 et
1417 1677 1582 1704 tricesimum
1607 1682 1690 1713 caput

56 1726 217 1754 absolvitur.

90 1774 165 1801 Τὸδὲ
177 1773 218 1809 λβ¹
226 1774 249 1790 ⁸⁷
258 1774 335 1801 οὐδὲν
349 1774 405 1801 τῶν
414 1774 524 1810 ἀληθῶν
537 1774 605 1809 πρὸς
612 1773 780 1810 ἀνατροπὴν,
791 1773 846 1800 οὐδ’

56 1822 117 1849 ὅσον
132 1823 174 1854 είς
191 1822 223 1849 τὸ
241 1822 414 1856 φαινόμενον,
439 1822 609 1856 ἀναγράφει·
627 1821 685 1848 ἀλλ’
702 1821 766 1847 ὅσον
779 1821 847 1856 ὁρᾶ-

56 1877 100 1895 ται
123 1867 268 1895 κάνταῦθα
285 1869 349 1900 τοὺς
373 1867 523 1903 λογισμοὺς
541 1867 663 1894 εὐσεϐῶν
679 1868 694 1894 ὁ
715 1866 795 1902 ἀνὴρ.
806 1875 850 1892 το-

60 1914 154 1941 σοῦτον
174 1913 233 1949 ἔχει
252 1914 284 1940 τὸ
297 1915 402 1947 ἄτονον,
419 1914 471 1940 ὅσα
492 1921 524 1948 γε
543 1913 613 1949 πρὸς
631 1913 681 1947 τὴν
695 1913 850 1947 ἀνασκευὴν

57 1961 107 1996 τῆς
123 1960 243 1995 πλάνης.
269 1960 325 1987 Καὶ
344 1960 375 1987 τὸ
400 1960 493 1995 τριτον
505 1960 534 1986 δὲ
556 1960 603 1986 καὶ
622 1958 783 1994 τριακοστὸν
800 1959 849 1993 τῆς

56 2007 143 2042 uim-'3;
164 2008 226 2034 ὲστι
250 2007 323 2033 κατὰ
341 2006 390 2042 τὴν
402 2006 517 2041 δύναμιν
533 2005 620 2037 ξδέας·
634 2005 653 2032 ἃ.
664 2004 719 2040 γὰρ
735 2005 775 2036 εἰς
787 2005 853 2030 ἀνα-

59 2053 165 2088 τροπὴν
177 2052 361 2087 προϐάλλεται
375 2052 423 2079 τοῦ
441 2051 479 2087 μὴ
497 2052 615 2086 σφαῖραν
627 2048 698 2076 εἶναι
709 2050 756 2076 τὸν
769 2048 852 2084 οὐρα-

58 2099 115 2132 νδν,
130 2099 211 2126 κοινὰ
236 2099 270 2125 ἂν
296 2099 464 2135 ἀπορήματα
488 2097 531 2132 εἴη
560 2097 607 2124 καὶ
629 2096 700 2131 πρὸς
713 2096 775 2127 τοὺς
791 2096 853 2130 ἡμι-

62 2145 191 2180 σφαίριον
205 2144 288 2171 αὑτὸν
316 2144 440 2176 τιθέντας
461 2144 478 2178 ἦ
501 2144 631 2178 καμάραν
643 2142 661 2178 ἦ
677 2151 702 2168 τι
719 2142 784 2169 ἄλλο
799 2141 853 2168 τῶν

61 2192 266 2226 παραπλησίων
280 2191 439 2226 σχημάτων.
459 2190 503 2217 'Ev
514 2187 554 2221 οἷς
568 2190 614 2216 καὶ
628 2190 642 2215 ὸ
656 2189 747 2224 τρίτος
762 2188 851 2221 λόγος.

99 2325 148 2351 Ἑν
174 2323 203 2350 δὲ
228 2322 268 2359 τῷ
282 2322 304 2350 δ’
322 2322 372 2357 μὲν
385 2322 468 2358 λόγῳ,
484 2322 506 2349 λ’
520 2322 548 2349 δὲ
573 2322 593 2348 δ’
611 2321 753 2356 κεφαλαίῳ
776 2322 823 2348 καὶ
836 2323 855 2347 ε’

61 2371 109 2398 καὶ
124 2373 164 2404 ς’,
178 2369 290 2402 διέξεισι
300 2369 387 2396 ταῦτα
398 2378 405 2384 ·
423 2368 488 2395 Ἀπὸ
502 2369 551 2403 τῆς
565 2368 698 2403 διαφορᾶς
710 2367 744 2402 ἢν
759 2368 815 2402 ἔχει
826 2367 857 2393 τὸ

61 2416 225 2452 οἰκούμενον
239 2415 310 2451 πρὸς
325 2415 356 2442 τὸ
376 2415 505 2451 ἀοίκητον
521 2415 568 2442 καὶ
577 2414 613 2450 ἢν
623 2414 692 2449 πρὸς
704 2413 807 2448 ἄλληλα
823 2413 858 2440 τὰ

63 2463 188 2498 κλίματα
212 2461 317 2496 ἔχουσι,
339 2461 391 2495 τὴν
413 2459 571 2496 ἀνατροπὴν
587 2460 637 2496 τῆς
652 2459 785 2493 γενέσεως
797 2459 856 2494 ἦτοι

64 2509 110 2544 τῆς
124 2508 300 2544 εῑμαρμένης
315 2509 441 2535 ποιεῖται.
459 2507 527 2543 Φησὶ
541 2507 607 2543 γὰρ,
624 2506 690 2533 ποία
707 2505 760 2532 τῶν
772 2505 853 2531 ἀστέ-

68 2563 120 2588 ρων
143 2554 294 2590 ἐργάζεται
318 2554 426 2588 κίνησις
450 2553 499 2588 τὴν
524 2553 573 2588 μὲν
588 2553 716 2588 ἀοίκητον
733 2547 803 2578 εἶναι
819 2550 854 2576 δι’

68 2598 223 2634 ὑπερειολὴν
242 2597 357 2632 ψύχους,
371 2598 420 2633 τὴν
441 2598 470 2625 δὲ
483 2598 518 2625 δι’
534 2597 687 2633 ὑπερϐολὴν
702 2596 855 2631 καύματος,

68 2646 114 2671 καὶ
128 2645 180 2680 τὴν
198 2645 249 2680 μὲν
268 2644 314 2671 διὰ
334 2645 436 2676 παντὸς
459 2644 536 2679 μόλις
551 2643 686 2671 οἰκεῖσθαι
700 2641 856 2678 τηκομένην

68 2689 104 2724 τῷ
120 2691 255 2725 καύματι,
270 2690 320 2725 τὴν
338 2690 366 2716 δὲ
383 2689 521 2724 δυσχερῶς
535 2689 636 2724 ὁμοίως
649 2687 813 2722 οἰκουμένην
822 2685 857 2718 ⁸³,

69 2734 114 2760 ἁτε
127 2735 159 2770 δὴ
176 2734 298 2769 συνεχῶς
312 2734 476 2770 νειφομένην
485 2734 506 2750 ⁸⁹
524 2734 571 2760 καὶ
585 2734 618 2768 τῇ
635 2731 682 2758 τοῦ
698 2731 798 2767 κρύους
812 2731 859 2756 ὲκ-

70 2779 253 2816 Θηριουμὲνην
264 2780 407 2815 ἀγριότητι
418 2789 425 2812 ;
439 2779 484 2806 διὰ
496 2779 523 2806 τί
534 2779 562 2806 δὲ
576 2779 668 2809 αὐτοῖς
680 2778 711 2805 οὐ
723 2776 860 2812 μεταϐάλ-

929 1771 1053 1798 Alterum
1079 1777 1144 1797 vero
1161 1777 1241 1804 supra
1263 1769 1430 1797 tricesimum
1455 1769 1523 1796 nihil
1558 1769 1593 1797 ad
1618 1770 1689 1798 relu-

898 1816 994 1845 tandos
1008 1815 1180 1843 adversarios
1192 1813 1280 1846 all'ert.
1293 1814 1367 1849 quod
1379 1815 1434 1842 veri
1443 1814 1562 1848 speciem
1574 1815 1687 1843 habeat.

900 1862 965 1890 Sed‘
983 1868 1065 1896 quam
1101 1861 1162 1895 pius
1189 1861 1215 1888 in
1240 1861 1297 1888 suis
1311 1861 1564 1889 ratiocinationibus
1576 1866 1690 1896 apparet

900 1909 947 1936 hic
960 1908 1011 1941 vir,
1025 1913 1079 1935 tam
1101 1907 1184 1935 etiam
1201 1906 1286 1942 (quod
1307 1907 1402 1934 saltem
1420 1907 1453 1934 ad
1466 1909 1570 1935 erroris
1582 1907 1688 1935 refuta-

901 1953 1114 1988 tionemattinet)
1131 1953 1286 1988 languidum
1298 1953 1423 1980 eumdem
1434 1953 1538 1981 videas.
1556 1953 1616 1982 Jam
1633 1959 1687 1981 ter-

901 1999 967 2027 tium
982 2004 1009 2027 et
1019 1999 1184 2027 tricesimum
1200 2002 1282 2032 caput
1294 1998 1414 2032 eiusdem
1425 2004 1479 2031 est,
1495 2001 1584 2034 quoad
1595 1999 1689 2027 edica-

901 2046 971 2073 ciam
986 2045 1091 2072 lormm.
1110 2044 1175 2077 Quae
1188 2044 1261 2072 enim
1283 2044 1321 2071 ibi
1339 2044 1372 2071 ad
1397 2043 1570 2072 refutandum
1589 2046 1688 2073 malum

901 2097 963 2117 esse
981 2090 1126 2118 rotundum
1141 2089 1228 2121 alien,
1244 2090 1350 2125 212a
1365 2097 1521 2118 communes
1539 2097 1601 2117 esse
1617 2089 1690 2117 dim-

901 2135 1017 2163 cultates
1035 2140 1137 2170 queant
1161 2136 1292 2162 adversus
1312 2142 1370 2168 eos,
1388 2135 1434 2169 qui
1453 2135 1689 2169 hemisphmricum

905 2180 973 2207 illud
989 2188 1051 2208 esse
1075 2185 1209 2212 statuunt,
1227 2180 1269 2207 vel
1279 2180 1393 2208 fornicis
1411 2181 1438 2207 in
1456 2182 1563 2208 modum
1579 2188 1688 2213 cavum,

909 2226 949 2253 vel
967 2226 1086 2253 similem
1106 2226 1130 2253 ei
1147 2225 1264 2260 aliquam
1285 2225 1399 2253 formam
1425 2226 1556 2254 tribuunt.
1583 2226 1635 2254 Ubi
1662 2232 1691 2255 et

870 2266 891 2293 ι)
909 2272 1004 2300 tertius
1017 2271 1084 2299 liber
1098 2271 1206 2300 desinit.

940 2318 1042 2353 Quarto
1061 2318 1160 2346 dehinc
1172 2317 1251 2350 libro,
1262 2317 1351 2353 capite
1361 2325 1425 2345 vero
1435 2319 1572 2346 tricesimo
1582 2323 1691 2352 quarto,

904 2364 999 2400 quinto
1013 2368 1040 2391 et
1057 2369 1145 2397 sexto,
1169 2363 1226 2391 haec
1254 2364 1312 2390 fere
1341 2367 1450 2392 tractat.
1486 2364 1507 2391 E
1523 2365 1691 2399 diversitate,

905 2417 1043 2445 quaecum
1059 2409 1131 2436 inter
1145 2408 1323 2436 habitabilem
1336 2409 1410 2436 orbis
1431 2414 1536 2443 partem
1553 2414 1634 2444 atque
1652 2411 1693 2436 in-

906 2454 1092 2485 habitabilem,
1112 2458 1169 2480 tum
1194 2454 1265 2481 inter
1281 2454 1338 2488 ipsa
1367 2454 1483 2482 invicem
1509 2454 1618 2482 climata
1653 2463 1694 2482 re-

901 2500 1014 2535 peritur,
1048 2499 1167 2527 refutare
1190 2499 1301 2534 genesin
1321 2500 1378 2527 sive
1406 2500 1491 2527 latum
1521 2501 1693 2534 aggreditur.

903 2545 1032 2578 Quisnam
1044 2546 1117 2573 enim
1143 2551 1278 2573 astrorum
1292 2546 1336 2573 ille
1350 2551 1438 2573 motus
1464 2551 1517 2578 est,
1536 2547 1695 2580 interrogat,

905 2599 959 2626 quo
975 2591 1015 2625 llt,
1042 2591 1170 2618 utaltera
1186 2591 1297 2626 quidem
1313 2597 1392 2619 terrm
1402 2599 1465 2627 pars
1487 2594 1523 2620 ob
1546 2593 1630 2627 frigus
1655 2593 1692 2619 ni-

907 2638 1000 2670 mium,
1025 2637 1109 2664 altera
1139 2639 1172 2664 ob
1196 2638 1393 2665 intolerabilem
1431 2639 1548 2666 calorem
1578 2635 1696 2665 habitari

907 2683 1018 2710 omnino
1043 2683 1184 2717 nequeat?
1199 2691 1361 2718 rursumque
1377 2684 1440 2711 alia.
1452 2685 1494 2711 vel
1515 2690 1643 2719 perpetuo
1660 2684 1695 2711 li-

914 2735 1044 2763 quescens
1057 2729 1158 2761 calore,
1175 2729 1216 2756 vel
1229 2730 1348 2757 assiduis
1374 2736 1503 2764 percussa
1531 2730 1649 2761 nivibus,
1671 2736 1699 2757 et

916 2776 1025 2810 frigoris
1042 2775 1189 2809 asperitate
1204 2775 1276 2802 velut
1289 2775 1413 2809 etTerata,
1427 2776 1533 2803 nonnisi
1556 2776 1699 2803 diliirulter

707 2832 825 2860 VARI/ﬁ
839 2830 1042 2860 LECTIUNES.

106 2884 127 2900 ³⁷
141 2883 179 2918 λβ⁵
197 2884 220 2910 Δ
235 2890 241 2907 :
257 2882 384 2916 δεύτερον
400 2891 431 2914 ς.
468 2882 491 2897 ⁸⁸
506 2880 680 2916 οἰκουμένην]
696 2884 804 2915 praestat
826 2879 971 2905 οἰκεῖσθαι.
1009 2879 1032 2894 ⁸⁹
1047 2878 1196 2912 νιφομένην
1211 2886 1240 2910 ς.

230 2930 370 2960 Parnm"
391 2929 450 2959 Gn.
474 2929 548 2959 Clll.

1506 2924 1542 2955 Ξῖ
