1920 3090
231 148 284 181 823

803 153 936 184 ΡΗΟΤΙΙ
951 153 1205 185 PATRIARCHIE
1215 152 1271 183 CP.

1807 145 1868 178 824

230 212 312 240 quam
327 203 449 233 fecerint.
469 204 628 234 Praedictam
649 214 716 243 ergo
729 207 879 237 Salvatoris
901 215 1012 237 senten-

1064 209 1140 236 λύσιν
1160 208 1259 242 ἐπάγει
1285 206 1335 242 τῆς
1351 205 1480 240 δευτέρας
1500 203 1627 239 ἀπορίας,
1650 201 1698 229 καὶ
1724 201 1860 238 δεύτερον

233 256 297 278 tiam
326 251 405 279 simul
422 251 518 286 2060
533 259 582 286 pro
607 252 742 282 solutione
768 254 946 283 dubitationis
968 263 1014 283 se-

230 298 325 324 cundae
339 297 426 329 affert,
452 302 478 324 et
501 298 581 325 simul
604 306 653 333 pro
668 299 756 327 altero
769 306 942 335 argumento,
961 308 1016 336 quo

231 343 383 369 daunonum
400 347 526 369 naturam
549 351 564 371 e
579 344 651 371 malo
670 352 724 372 non
749 346 849 373 mutari
868 353 948 381 posse
973 354 1016 374 os-

233 391 370 415 tendatur.

263 433 330 461 Post
349 434 405 462 lucc
418 434 507 470 capite
531 435 566 463 44
582 435 730 468 excutitur,
755 444 808 472 qua
824 436 858 464 de
869 445 951 465 causa
967 438 1015 473 qui

230 480 443 515 regenerationis
471 481 578 508 lavacro
602 481 721 516 tingendi
749 483 890 516 accedunt,
908 483 1015 511 Satanas

228 529 256 551 et
266 525 395 558 operibus
406 526 464 560 ejus
481 526 606 553 nuntium
629 528 767 554 remittant
782 537 789 555 :
806 537 859 556 non
883 529 945 556 item
965 530 1014 556 ho-

230 569 347 597 minibus
362 570 502 604 improbis,
519 578 668 606 eorumque
679 573 852 600 actionibus?
869 574 1014 601 Enimvero

229 615 316 643 sinon
341 617 491 643 daemonum
520 621 633 648 naturaa.
659 619 706 645 sed
730 619 856 652 operibus
882 619 1015 647 duntaxat

227 669 334 693 eorum,
351 667 479 696 tanquam
497 662 587 694 malis,
606 664 806 695 rcuuntiemus,
824 665 882 698 pari
907 665 1014 694 ratione

229 707 372 741 oportebat
396 707 534 734 hominum
563 716 616 735 non
635 713 737 736 naturae
751 710 870 744 quidem,
893 716 921 738 at
941 717 1014 739 certe

229 752 359 785 operibus
374 753 537 780 renunliare.
555 752 613 780 Non
630 754 702 781 enim
725 757 795 789 quod
814 755 927 790 majora,
943 756 1014 783 dim-

230 797 336 828 ciliora.
349 805 381 825 ac
395 806 476 833 supra
489 804 612 827 naturam
630 805 752 828 nostram
764 801 916 830 daemonum
929 811 1014 838 opera

229 843 294 874 sitit,
308 848 380 870 recte
392 844 524 878 quispiam
541 853 590 880 pro
606 846 786 874 dubitationis
807 848 948 877 solutione
972 850 1012 877 di-

230 888 309 916 xerit.
328 889 394 917 Nam
408 892 572 918 contrarium
599 893 688 926 potius
715 893 766 921 hoc
790 894 877 928 ipsum
903 896 1013 923 dubium

230 940 309 968 auget
323 943 331 962 :
350 935 490 970 siquidem
505 936 549 963 Illa
567 937 699 972 quispiam
715 945 750 965 ne
770 939 905 971 admittat,
921 941 1016 975 depre-

229 985 315 1012 cetur,
330 988 382 1008 non
399 989 459 1016 qua:
473 981 562 1009 facere
589 983 660 1010 nullo
688 984 768 1012 modo
795 986 891 1019 possit,
920 988 967 1014 sed
982 988 1015 1015 ad

229 1031 288 1057 quae
304 1024 406 1059 agenda
422 1026 582 1059 propendet.
608 1025 695 1061 ipsum
713 1028 797 1062 igitur
817 1028 1014 1058 dubitationem

228 1070 269 1096 sic
283 1069 337 1097 fere
353 1070 470 1097 instituit
487 1080 493 1098 :
515 1072 593 1106 cujus
613 1073 682 1100 hanc
707 1073 819 1108 subjicit
840 1074 1014 1105 solutionem.

228 1113 346 1141 Primam
360 1116 480 1149 quidem,
495 1117 565 1150 quod
578 1117 713 1145 daemones
726 1119 883 1153 resipiscere
894 1127 946 1147 non
954 1128 1016 1155 pos-

227 1159 282 1186 sint
297 1169 305 1187 :
320 1161 392 1195 quod
409 1162 502 1196 utique
524 1161 603 1197 longe
627 1164 736 1198 gravius
753 1170 835 1199 atque
851 1166 1014 1193 abominan-

227 1205 290 1232 dum
307 1207 392 1242 magis
406 1212 550 1243 est,quam
569 1209 622 1236 alia
634 1210 717 1237 multo
731 1212 856 1245 graviora
879 1217 989 1246 peccata
1005 1222 1012 1240 :

226 1252 273 1279 sed
286 1260 346 1287 quae
359 1253 393 1280 ab
404 1253 568 1286 hominibus,
576 1255 621 1289 qui
637 1263 686 1290 per
699 1257 887 1291 paenitentiam
901 1258 927 1285 in
941 1260 1012 1286 viam

227 1299 318 1326 reduci
333 1299 447 1333 possint,
462 1300 678 1328 comtnittuntur.
690 1301 809 1329 Alteram
821 1303 926 1337 deinde,
942 1306 1013 1338 quod

227 1343 261 1370 ab
275 1344 352 1370 initio
379 1344 514 1378 Salvator,
537 1349 566 1372 et
588 1346 744 1373 securitatis
773 1352 872 1375 nostra:
890 1353 1011 1383 curator,

228 1389 371 1416 terminum
403 1390 608 1418 inimicitiarum
640 1391 828 1424 immobilem,
863 1393 1011 1421 daemonem

227 1436 298 1463 inter
322 1441 349 1464 et
376 1437 501 1465 homines
528 1437 684 1472 prwﬂxerit,
710 1443 740 1465 ut
764 1440 895 1467 adversus
924 1440 1011 1475 ipsum

226 1483 316 1509 odimn
329 1483 481 1510 immortale
496 1483 568 1511 inter
581 1484 685 1519 seipsos
696 1491 849 1518 servantes,
873 1494 1010 1521 nunquam

226 1524 340 1558 amplius
368 1524 485 1552 oblatam
512 1525 546 1552 ab
573 1526 631 1560 ipso
665 1526 788 1553 fraudem
818 1528 1008 1562 excipiamus:

226 1571 449 1603 quemadmodum
467 1570 547 1597 etiam
562 1570 660 1605 singuli
684 1572 728 1606 qui
744 1573 928 1606 baptizantur,
955 1579 1011 1600 tan—

225 1622 306 1649 quam
325 1614 462 1642 fateantur
477 1623 506 1643 se
522 1616 555 1643 ad
572 1617 597 1644 id
613 1625 698 1652 usque
714 1622 819 1653 tempus
838 1627 900 1646 cum
925 1620 1012 1654 primo

225 1669 274 1688 suo
292 1667 402 1696 parente
418 1662 522 1689 Adatuo
545 1663 675 1698 deceptos
694 1664 787 1695 fuisse.
812 1670 884 1692 recte
910 1673 942 1692 ac
968 1673 1012 1692 sa-

225 1708 330 1742 pienter
345 1708 371 1734 in
387 1713 524 1740 posterqu
538 1709 691 1744 deceptoris
702 1710 831 1737 amicitiae.
843 1710 1011 1737 renuntiant.

225 1754 263 1781 De
276 1754 429 1782 hominibus
443 1760 543 1786 autem,
570 1755 676 1782 tametsi
691 1755 813 1790 improbe
827 1756 929 1790 vivant,
943 1755 1011 1783 nihil

226 1801 279 1828 tale
291 1801 432 1832 Dominus,
444 1801 508 1835 quin
530 1801 620 1833 potius
635 1802 804 1828 contrarium
817 1802 926 1837 penitus
939 1811 1010 1839 pra:—

225 1846 306 1880 cepit.
322 1845 361 1873 Ac
380 1846 412 1873 de
425 1846 562 1874 sexcentis
580 1845 605 1873 id
617 1853 702 1881 genus
715 1846 788 1880 aliis,
806 1854 866 1882 qua:
881 1848 924 1876 hic
937 1857 1011 1877 com-

226 1898 377 1919 memorare
389 1895 523 1926 poteram,
539 1899 622 1918 unum
638 1891 702 1918 illud
713 1899 728 1918 e
741 1892 861 1920 maxime
884 1902 1011 1922 necessa-

225 1938 283 1970 riis,
315 1937 386 1972 quod
413 1938 539 1965 charitati
567 1943 668 1965 mutua!
686 1938 855 1973 prospiciens
882 1940 1011 1970 Ecclesia:

225 1983 266 2011 lex
282 1984 377 2019 (quam
394 1983 467 2011 mille
481 1984 567 2011 modis
580 1984 719 2018 improbus
735 1985 841 2012 daemon
857 1986 1011 2016 discindere

225 2028 355 2063 conatur)
369 2028 443 2055 omni
464 2036 524 2055 eam
542 2028 586 2055 via
598 2035 630 2056 ac
653 2029 785 2063 sapientia
801 2036 964 2064 componere
978 2040 1010 2060 ac

224 2079 385 2099 conservare
395 2071 483 2105 jubet.
517 2071 607 2105 Quare
632 2080 724 2107 neque
748 2073 821 2107 ipsos
851 2075 1009 2110 improbos,

227 2117 342 2152 proximi
359 2125 420 2145 cum
433 2117 487 2145 sint
498 2122 524 2150 tt,
539 2126 588 2153 pro
600 2119 776 2146 exsecrandis
799 2121 910 2153 habere,
928 2127 1010 2156 atque

226 2164 288 2191 odio
301 2171 361 2191 esse
378 2164 508 2198 permittit
524 2173 530 2190 :
545 2164 592 2191 sed
615 2169 721 2197 contra,
751 2166 840 2199 quoad
868 2166 927 2201 ejus
951 2168 1009 2194 lieri

1064 253 1241 289 ἐπιχείρημα,
1264 252 1328 289 [656
1349 250 1394 287 Π.]
1418 250 1452 277 δι’
1478 246 1509 276 οὗ
1535 249 1565 276 τὸ
1589 247 1779 283 ἀμετάϐλητον
1803 247 1862 274 ἀπὸ

1064 300 1163 331 κακίας
1176 299 1226 334 τῆς
1241 297 1382 333 δαιμονίας
1399 295 1584 322 ἐπιδείκνυται
1603 294 1722 328 φύσεως.

1099 431 1161 457 Ἐπὶ
1175 430 1203 456 δὲ
1216 430 1322 460 τούτοις
1338 430 1367 455 ὲν
1389 428 1428 464 τῷ
1445 428 1486 463 μδ¹
1502 426 1642 462 κεφαλαίῳ
1665 427 1855 463 διερευνᾶται,

1063 476 1135 508 τίνος
1147 477 1226 512 χάριν
1240 475 1265 502 oi
1284 474 1323 510 τῷ
1340 473 1445 509 λουτρῷ
1468 474 1519 509 τῆς
1542 472 1753 506 παλιγγενεσίας
1766 479 1859 507 προσ-

1064 522 1206 557 ερχόμενοι
1218 521 1257 556 τῷ
1271 520 1321 556 μὲν
1337 520 1447 554 Σατανᾷ
1460 519 1507 545 καὶ
1523 519 1578 549 τοῖς
1589 518 1679 553 ἔργοις
1689 517 1771 544 αὐτοῦ
1788 517 1860 544 ἀπο-

1064 567 1221 599 τάσσονται,
1239 567 1331 594 οὐκέτι
1350 566 1378 592 δὲ
1408 565 1454 592 καὶ
1482 566 1537 596 τοῖς
1555 565 1683 599 πονηροῖς
1700 562 1859 599 ἀνθρώποις

1064 614 1112 640 καὶ
1127 615 1188 645 ταῖς
1201 612 1304 639 τούτων
1318 612 1435 648 πράξεσι
1446 619 1454 626 ’
1473 611 1564 638 καίτοι
1580 619 1624 644 γε,
1648 611 1672 636 εί
1692 609 1729 645 μὴ
1746 610 1779 644 τῇ
1802 609 1860 636 τῶν

1063 659 1200 694 δαιμόνων
1217 658 1297 694 οὐσίᾳ
1313 658 1381 685 ἀλλὰ
1399 659 1456 689 τοῖς
1473 657 1564 692 ἔργοις
1580 655 1670 682 αὐτῶν
1686 655 1723 687 ὡς
1740 655 1858 690 φαύλοις

1063 704 1287 740 ἀποτασσόμεθα,
1315 705 1399 740 ἐχρῆν
1418 704 1465 730 καὶ
1481 704 1514 739 τῇ
1544 702 1598 729 τῶν
1627 701 1778 737 ἀνθρώπων
1807 702 1859 736 μὲν

1063 751 1142 786 οὐσίᾳ
1158 751 1195 786 μὴ
1223 749 1436 783 ἀποτάσσεσθαι,
1450 750 1506 780 τοῖς
1529 747 1620 783 ἔργοις
1633 747 1655 774 δ’
1676 747 1767 775 αὐτῶν
1786 747 1859 774 ἀπο-

1063 797 1222 824 τάσσεσθαι.
1236 796 1273 823 Οὐ
1288 797 1342 830 γὰρ
1355 796 1397 822 ὅτι
1412 794 1526 830 μείζονα
1547 793 1595 820 καὶ
1609 792 1790 828 χαλεπώτερα
1809 793 1859 819 καὶ

1066 843 1137 879 ὑπὲρ
1153 843 1202 878 τὴν
1218 843 1296 878 ἡμῶν
1319 841 1401 877 φύσιν
1417 841 1452 868 τὰ
1466 841 1519 868 τῶν
1534 840 1670 876 δαιμόνων
1684 839 1763 875 ἔργα,
1776 839 1859 866 τοῦτο

1029 878 1053 909 Β
1067 889 1100 916 ἄν
1114 878 1155 920 τις
1171 888 1249 915 λύσιν
1263 887 1322 924 θείη
1344 887 1390 914 τοῦ
1408 888 1602 923 ἀπορήματος·
1622 885 1776 912 τούναντίον
1801 885 1858 919 γὰρ

1068 934 1169 969 μᾶλλον
1189 933 1299 965 αὐξάνει
1317 932 1348 959 τὺ
1364 933 1476 966 ἄπορον,
1496 932 1574 966 εἴπερ
1589 931 1682 958 ὲκεῖνά
1701 940 1744 962 τις
1765 931 1860 965 ἀμαρ-

1065 981 1156 1008 τάνειν
1179 979 1340 1014 ἀπεύχεται,
1360 979 1409 1013 οὐχ
1437 979 1455 1006 ἃ
1476 978 1543 1013 μηδὲ
1561 977 1693 1013 πράττειν
1719 976 1856 1010 πέφυκεν,

1066 1026 1123 1053 ἀλλ’
1138 1025 1176 1053 ὢν
1199 1027 1238 1057 εἰς
1265 1025 1314 1061 τὴν
1331 1024 1432 1060 πρᾶξιν
1454 1024 1652 1059 καταφέρεται.
1668 1023 1724 1058 Τὴν
1740 1023 1790 1058 μὲν
1809 1019 1858 1048 οὖν

1065 1072 1184 1108 ἀπορίαν
1202 1071 1274 1098 οὕτω
1297 1071 1452 1105 συγκροτεῖ.
1476 1069 1562 1097 Λύσιν
1576 1069 1604 1101 δὲ
1624 1068 1723 1102 ἐπάγει
1742 1067 1858 1103 πρώτην

1066 1118 1115 1154 μὲν
1141 1118 1171 1144 τὺ
1190 1118 1244 1144 τῶν
1264 1117 1400 1151 δαιμόνων
1423 1115 1618 1151 ἀμετανόητον,
1636 1114 1705 1149 ὅπερ
1734 1113 1794 1139 ἐστὶ
1809 1113 1858 1140 καὶ

1066 1165 1122 1190 τῶν
1135 1163 1202 1190 πολὺ
1226 1162 1275 1198 μὲν
1292 1162 1492 1198 χαλεπωτέρων
1509 1160 1728 1197 ἁμαρτημάτων,
1747 1159 1856 1194 ἀνθρώ-

1064 1218 1126 1242 ποις
1140 1209 1168 1236 δὲ
1188 1209 1401 1244 πραττομένων,
1427 1209 1475 1234 ἆτε
1496 1206 1528 1242 δὴ
1555 1205 1685 1240 μετανοίᾳ
1713 1204 1856 1240 μεθοδεύε-

1065 1255 1126 1282 σθαι
1142 1254 1316 1288 δυναμένων,
1342 1254 1402 1281 λίαν
1418 1252 1568 1289 βαρύτερόν
1590 1260 1620 1278 τε
1644 1251 1691 1278 καὶ
1713 1250 1857 1285 βδελυκτός

1063 1310 1153 1335 τερον.
1167 1300 1304 1336 Δευτέραν
1319 1300 1358 1332 δὲ,
1374 1300 1411 1331 ὡς
1425 1300 1472 1325 ἀπ’
1490 1298 1577 1334 ἀρχῆς
1589 1299 1603 1325 ὀ
1625 1297 1720 1332 Σωτὴρ
1739 1296 1788 1323 καὶ
1806 1296 1857 1331 τῆς

1063 1348 1213 1382 ἀσφαλείας
1238 1347 1318 1382 ἡμῶν
1339 1345 1492 1381 προνοητὴς
1514 1345 1576 1380 ὅρον
1599 1343 1697 1379 ἔχθρας
1721 1342 1857 1378 ἀμετακί-

1063 1403 1143 1429 νητον
1161 1393 1263 1429 μεταξὺ
1279 1394 1326 1419 τοῦ
1341 1401 1371 1419 τε
1381 1391 1505 1418 διαϐόλου
1517 1390 1563 1418 καὶ
1578 1389 1656 1426 ἡμῶν
1671 1388 1802 1424 ἐπήξατο,
1817 1388 1856 1419 ὠς

1065 1440 1098 1468 ἂν
1112 1440 1163 1476 τὴν
1181 1441 1248 1476 προς
1263 1439 1344 1465 αὑτὸν
1359 1438 1462 1474 ἔχθραν
1476 1437 1616 1472 ἀκήρατον
1627 1437 1656 1462 ὲν
1678 1436 1786 1467 ἑαυτοῖς
1797 1435 1856 1462 δια-

1065 1487 1199 1520 σώζοντες
1214 1485 1314 1522 μηκέτι
1327 1483 1389 1520 περ’
1401 1483 1483 1510 αὑτοῦ
1498 1482 1707 1517 προσαγομένην
1717 1481 1768 1516 τὴν
1782 1481 1856 1507 ἁπά-

1023 1548 1045 1576 c
1061 1541 1112 1568 την
1128 1531 1309 1567 εἰσδεξώμεθα
1327 1531 1360 1557 ⁸⁸.
1379 1529 1425 1556 Διὸ
1440 1530 1486 1556 καὶ
1501 1528 1554 1556 τῶν
1568 1526 1761 1576 φωτιζομένων
1773 1526 1857 1576 Exes-

1062 1587 1119 1611 τος,
1130 1578 1223 1613 ὥσπερ
1232 1576 1371 1612 ὁμολογῶν
1380 1576 1414 1611 τῇ
1426 1575 1472 1602 τοῦ
1482 1575 1654 1610 προπάτορος
1665 1573 1758 1609 ἀπάτῃ
1774 1573 1857 1608 μέχρι

1062 1626 1123 1651 τότε
1145 1623 1315 1658 συνέχεσθαι,
1328 1622 1418 1653 καλῶς
1428 1630 1457 1647 τε
1467 1622 1514 1647 καὶ
1524 1620 1660 1655 θεοσόφως
1672 1620 1702 1646 τὸ
1713 1619 1809 1646 λοιπὸν
1823 1620 1855 1654 τῇ

1064 1670 1131 1705 πρὸς
1146 1670 1250 1696 ἐκεῖνον
1265 1668 1448 1695 ἀποτάσσεται
1460 1667 1544 1701 φιλίᾳ.
1566 1666 1628 1693 Ἐπὶ
1643 1666 1671 1692 δὲ
1681 1665 1736 1692 τῶν
1749 1665 1856 1700 ἀνθρὼ-

1064 1724 1134 1747 πων,
1149 1715 1201 1741 κᾶν
1226 1715 1344 1750 πονηρίᾳ
1358 1714 1474 1745 συζῶσιν
1485 1734 1493 1746 ,
1506 1713 1581 1740 οὐδὲν
1600 1711 1729 1742 τοιοῦτον,
1745 1711 1790 1737 ἵνα
1817 1710 1855 1745 μὴ

1064 1760 1137 1794 λέγω
1148 1761 1203 1786 ’πᾶν
1213 1759 1399 1791 τούναντίον,ό
1411 1759 1549 1793 Δεσπότης
1556 1757 1757 1785 ὲκέλευσε.Καὶ
1770 1757 1855 1791 μυρία

1064 1807 1113 1841 μὲν
1127 1805 1200 1832 ἐστιν
1208 1806 1294 1832 εἰπεῖν
1304 1805 1351 1832 καὶ
1362 1804 1429 1832 ἄλλα
1439 1825 1446 1835 ,
1463 1803 1492 1830 ἓν
1502 1804 1531 1830 δὲ
1547 1803 1601 1830 τῶν
1619 1801 1853 1836 ἀναγκαιοτάτων,

1061 1852 1098 1884 ὡς
1117 1852 1166 1887 τῆς
1181 1852 1220 1883 είς
1231 1850 1363 1886 ἀλλήλους
1379 1850 1568 1885 ἀγάπηςότῇς
1584 1847 1746 1883 Ἐκκλησίας
1755 1847 1854 1881 θεσμὺς

1064 1898 1280 1934 προνοούμενος,
1303 1898 1336 1933 ἥν
1364 1896 1553 1932 μυριοτρόπως
1565 1896 1579 1922 ὁ
1593 1893 1709 1930 πονηρὸς
1736 1892 1853 1927 διασπᾷν

1060 1944 1211 1978 ἐπείγεται,
1229 1943 1306 1978 πάσῃ
1324 1942 1429 1978 μεθόδῳ
1457 1941 1505 1968 καὶ
1534 1940 1615 1976 σοφίᾳ
1639 1939 1799 1974 συγκροτεῖν
1823 1946 1853 1964 τε

1060 1989 1161 2025 ταύτην
1177 1989 1224 2016 καὶ
1241 1989 1363 2023 συνέχειν
1386 1986 1535 2022 νομοθετεῖ.
1551 1985 1597 2012 Διδ
1604 1984 1664 2013 οὐδὲ
1677 1984 1775 2015 αὐτοὺς
1790 1983 1853 2014 τοὺς

1062 2035 1182 2070 φαύλους
1193 2034 1345 2069 ὁμοφύλους
1358 2033 1438 2065 ὄντας
1453 2031 1643 2068 βδελύττεσθαι
1654 2030 1702 2057 καὶ
1710 2031 1799 2065 μισεῖν
1809 2030 1852 2063 ἑᾷ,

1060 2083 1090 2109 τὸ
1100 2081 1234 2109 ἀνάπαλιν
1251 2081 1279 2107 δὲ
1293 2081 1418 2116 στέργειν
1433 2087 1464 2106 τε
1491 2078 1538 2104 καὶ
1549 2078 1647 2112 φιλεῖν,
1661 2078 1711 2111 ὅση
1727 2075 1852 2110 δύναμις,

1060 2129 1104 2155 ναὶ
1114 2127 1146 2163 δὴ
1163 2126 1238 2153 xui."
1251 2125 1386 2161 κάθαρσιν
1395 2124 1458 2161 15ιο
1465 2123 1512 2160 Η.]
1528 2124 1577 2158 μὲν
1589 2123 1638 2158 τῆς
1647 2121 1782 2157 πονηρίας
1804 2121 1852 2146 καὶ

1061 2172 1210 2208 θεραπείαν
1236 2173 1365 2203 ἐπινοεῖν,
1381 2168 1639 2207 προσλαμσάνεσθαι
1664 2168 1703 2199 δὲ,
1728 2166 1787 2193 ἀλλ’
1803 2166 1853 2192 οὐκ

225 2214 322 2244 potest,
338 2217 431 2237 amare
455 2209 532 2244 jubet
556 2215 637 2245 atque
655 2211 777 2246 diligere.
805 2212 862 2239 imo
889 2221 952 2240 vero
976 2213 1010 2240 de

1064 2219 1244 2247 ἀπωθεῖσθαι.
1268 2218 1323 2244 Καὶ
1343 2217 1422 2243 τοῦτο
1449 2215 1553 2247 Παῦλος
1571 2215 1593 2230 ’⁵⁸
1611 2214 1680 2249 μετὰ
1694 2212 1749 2239 τῶν
1764 2212 1852 2238 ἄλλων

224 2256 363 2290 purganda
382 2256 556 2290 curandaque
576 2256 678 2283 malitia
695 2258 826 2292 cogitare,
841 2258 954 2292 illosque
976 2260 1009 2285 ad

224 2308 254 2328 se
272 2308 390 2332 sumere,
408 2301 481 2328 nullo
499 2306 589 2329 autem
606 2303 686 2329 modo
708 2304 850 2337 repellere,
878 2305 1009 2339 praccipit.

224 2346 349 2381 Idemque
362 2347 459 2374 Paulus
471 2348 540 2375 inter
551 2348 602 2374 alia
615 2353 705 2376 mouet
715 2369 723 2380 ,
744 2348 790 2383 qtti
802 2347 901 2376 Judaeis
912 2349 1010 2384 207a

224 2397 352 2427 tanquam
370 2392 488 2425 Juda‘us,
505 2398 532 2420 ct.
548 2394 674 2421 omnibus
689 2395 779 2421 omnia
795 2393 882 2422 factus
905 2400 956 2429 est,
981 2402 1010 2424 ut

224 2438 334 2464 omnino
346 2438 450 2472 aliquos
466 2439 556 2466 salvos
571 2438 711 2467 iaceret".

260 2483 337 2516 Quod
352 2484 374 2511 si
390 2492 404 2510 ιι
429 2485 618 2518 peccatoribus
630 2485 767 2520 juslorum
784 2491 871 2514 cmtus
894 2487 957 2514 inde
976 2487 1010 2514 ab

226 2528 303 2556 initio
323 2530 347 2556 in
369 2530 440 2557 hunc
455 2538 539 2566 usque
555 2531 626 2558 diem
643 2531 829 2565 abstinuisset,
848 2533 911 2567 quis
922 2533 1013 2560 salvus

225 2574 318 2601 esset?
341 2575 481 2608 Quomodo
492 2569 616 2604 'tuundus
633 2583 732 2610 sagena
751 2581 847 2611 captus
864 2582 949 2611 esset,
976 2579 1011 2612 si,

227 2627 289 2647 cum
312 2627 468 2656 peccatores
499 2622 567 2649 nihil
597 2622 710 2650 invicem
738 2623 861 2650 utilitatis
885 2622 1011 2656 aﬂ‘eraut,

263 2712 276 2731 εἰ
296 2707 390 2736 Matth.
414 2717 440 2742 ν,
468 2709 513 2742 44,
531 2709 576 2736 ιδ.
617 2714 627 2728 τ
643 2709 653 2736 l
672 2709 735 2737 Cor.
748 2718 786 2743 Ix,
800 2710 845 2738 29.

1064 2267 1202 2302 παραινεῖ,
1229 2265 1258 2297 ὃς
1282 2264 1329 2291 καὶ
1351 2265 1408 2295 τοῖς
1431 2261 1569 2292 Ἰουδαίοις
1596 2261 1634 2292 ὡς
1662 2259 1789 2290 Ἰουδαῖος
1806 2257 1854 2284 καὶ

1063 2314 1119 2344 τοῖς
1136 2311 1265 2346 Ἕλλησιν
1285 2310 1307 2326 δ’
1335 2309 1373 2341 ὡς
1398 2308 1499 2342 Ἕλλην
1523 2307 1571 2333 καὶ
1597 2306 1653 2336 τοῖς
1683 2304 1797 2339 ἀνόμοις
1815 2303 1853 2333 ὡς

1064 2358 1163 2392 ἄνομος
1177 2357 1224 2383 καὶ
1237 2357 1295 2387 τοῖς
1309 2356 1376 2382 πᾶσι
1401 2354 1435 2380 τὰ
1448 2354 1537 2381 πάντα
1546 2352 1665 2386 ἐγένετο,
1681 2351 1725 2376 ἵνα
1742 2348 1853 2380 πάντως

1063 2402 1139 2432 τινὰς
1153 2400 1239 2437 σώσῃ.

1098 2489 1128 2515 Ei
1142 2488 1171 2514 δὲ
1190 2489 1246 2519 τοῖς
1262 2486 1433 2522 ἁμαρτωλοῖς
1451 2485 1466 2512 ό
1491 2485 1544 2511 τῶν
1567 2483 1679 2511 δικαίων
1704 2483 1786 2518 χορὸς
1805 2482 1853 2509 ἀπ’

1061 2534 1149 2569 ἀρχῆς
1177 2534 1258 2569 μέχρι
1284 2532 1332 2560 νῦν
1350 2531 1530 2563 ἁπετάστετο,
1545 2530 1586 2562 τίς
1608 2530 1641 2556 ἂν
1656 2528 1763 2563 ἐσώθης
1790 2528 1852 2559 Πῶς

1061 2580 1084 2607 δ’
1103 2580 1138 2607 ἂν
1155 2580 1170 2605 ό
1189 2579 1290 2614 κόσμος
1307 2576 1488 2612 ἑσαγηνεύθη,
1504 2577 1559 2602 τῶν
1576 2575 1625 2611 μὲν
1642 2574 1751 2609 φαύλων
1768 2574 1852 2609 ἀλλή-

1062 2624 1124 2656 λους
1138 2623 1214 2650 οὐδὲν
1227 2622 1414 2657 ὠφελούντων,
1428 2621 1484 2648 τῶν
1498 2620 1521 2648 δ’
1534 2620 1650 2655 ἀγαθῶν
1666 2619 1778 2651 τούτους
1793 2619 1852 2654 βδε-

864 2777 979 2805 νΑιιιλΕ
996 2777 1203 2805 LECTlONES.

265 2833 287 2849 ³⁸
301 2832 474 2873 εἰσδεξᾷμεθα
490 2842 520 2866 ς’.
559 2835 580 2850 ‘7
596 2834 639 2861 va‘.
655 2833 687 2868 δὴ
704 2834 752 2860 καὶ
770 2835 790 2861 Α
806 2842 813 2861 ι
830 2834 876 2862 καὶ
887 2834 919 2870 δὴ
939 2843 968 2867 ς,
1007 2835 1028 2851 ⁸⁵
1044 2833 1162 2871 Παῦλος]
1185 2835 1195 2861 l
1224 2834 1289 2867 Cor,
1317 2842 1354 2868 Ix,
1371 2835 1432 2873 ἢθη
1470 2834 1492 2851 ⁸⁸
1509 2836 1555 2863 καὶ
1585 2836 1641 2867 τοῖς
1667 2833 1800 2870 Ἕλλησιν
1811 2846 1848 2857 -

229 2868 330 2902 ἄνομος
349 2869 408 2895 add.
429 2869 450 2894 A
