1920 3090
52 141 107 174 835

569 141 831 173 BIBLIOTHECA.
850 155 886 160 —
904 144 987 174 COD.
1002 143 1142 174 CCXXII.

1626 142 1681 175 826

51 196 227 232 ἳυσσομένων
240 205 270 223 τε
288 196 337 223 καὶ
350 191 586 231 ἀποπεμπόντωνς
607 196 689 224 Ἀλλά
703 198 750 225 καὶ
773 198 790 234 ἡ
806 197 844 233 τῷ

900 198 956 226 iusti
973 199 1081 232 insuper
1098 198 1159 226 illos
1167 200 1377 226 exsecrarentur
1388 203 1420 224 ac
1438 196 1606 231 rejieerent?
1629 195 1683 224 Sed

54 243 147 278 Πέτρῳ
161 241 260 269 σινδὼν
277 241 403 276 ὒφθεῖσα,
421 243 469 269 καὶ
486 243 595 278 πλήρης
610 243 739 279 καθαρῶν
752 253 781 270 τε
797 245 843 271 καὶ

53 285 216 320 ἀκαθάρτων
241 285 319 318 ζώων
347 286 518 321 ὑπάρχουσα,
546 287 596 321 τὴν
622 289 843 324 συναναστροφὴν

55 328 153 363 μα’λλον
180 329 230 355 καὶ
258 329 410 365 πρόσληψιν
428 330 484 357 τῶν
507 331 628 364 φαύλων,
659 332 716 358 ἀλλ’
740 333 770 358 οὐ
793 334 843 368 τὴν

53 375 231 410 ἀποστροφὴν
257 376 428 411 ὑπῃνίττετο.
450 377 481 403 Εἰ
508 378 606 413 δὲτὴν
632 379 743 414 ἀγάπην
771 379 842 406 οὕτω

51 420 192 456 πανταχοῦ
201 421 251 448 τοῦ
269 422 337 448 Θεοῦ
356 423 445 457 Λόγου
462 425 672 459 νομοθετοῦντος
689 426 737 452 καὶ
751 426 842 462 πάσης

51 466 132 502 ἄλλης
150 467 256 503 ἀρετῆς
272 469 457 504 ὑπερέχουσαν
473 470 517 497 διὰ
538 471 593 497 τῶν
615 471 699 498 αὑτοῦ
714 472 842 506 μαθητῶν

50 512 224 545 ἀναϐοῶντος
234 514 310 549 ὅμως
319 515 455 550 πολεμίως
466 517 534 552 πρὸς
546 517 658 549 ἑαυτοὺς
669 517 840 552 διακείμεθα,

51 560 94 585 καὶ
109 560 216 594 μικροῦ
233 560 280 587 τδν
305 561 418 595 πλησίον
444 562 570 596 ἕκαστος,
595 562 649 589 κᾶν
674 562 784 599 ἀριστος
811 562 840 602 ᾖ.

51 605 139 641 φθόνῳ
170 606 332 641 κακίζομεν,
359 607 415 634 ἔσθ’
440 608 483 635 ὅτε
496 608 524 635 δὲ
547 609 594 635 καὶ
619 609 840 644 ἐπιϐουλεύομεν,

52 651 112 687 [657
133 651 182 688 R.]
207 654 231 679 εί
256 653 384 688 τοιαύτης
409 654 538 689 ἀφορμῆς
560 655 742 690 ἐδραξάμεθα,
770 655 842 690 λέγω

50 699 79 732 δὴ
92 697 142 725 τοῦ
158 699 217 730 τοῖς
231 700 360 734 πονηροῖς
370 700 402 726 ὲκ
415 700 575 734 νομοθεσίας
589 709 619 727 τε
636 701 683 727 καὶ
696 701 841 735 ὁμολογίας

50 743 268 776 ἁποτάσσεσθαι,
285 745 341 779 ἐγὼ
359 745 408 780 μὲν
429 746 460 778 ἐξ
478 743 515 772 ὧν
533 747 589 782 ὁρῶ
609 747 640 773 τδ
659 747 839 783 ἀνθρώπινον,

50 792 95 818 καὶ
107 791 175 823 τοὺς
193 791 343 826 εὐεργέτας
360 792 442 827 φημὶ,
457 792 518 819 ἐπεὶ
537 792 602 824 τούς
614 792 646 827 γέ
666 801 692 819 τι
716 793 841 828 παραλυ-

50 836 181 869 ποῦντας,
200 837 253 863 κᾶν
267 837 378 869 δικαίως
395 837 474 864 τοῦτο
492 838 644 872 πράττωσι,
675 839 785 870 πάντως
806 838 840 866 ἂν

51 883 176 914 ἐκτόπως
198 882 350 917 ὲμισοῦμέν
369 892 399 910 τε
426 883 475 910 καὶ
489 884 729 919 ἀπεστρεφόμεθα,
750 884 797 911 at:
809 884 842 918 δὴ

50 928 264 964 παρακάλυμμα
277 929 327 964 τῆς
338 929 471 964 φθονερᾶς
484 929 598 964 γνώμης
614 930 661 957 καὶ
676 929 727 964 τῆς
744 930 843 965 πολλῆς

49 974 90 1008 ἐφ’
112 972 157 1006 οἷς
180 975 317 1010 μισοῦμεν
339 975 472 1010 ἀλλήλους
487 976 618 1011 αἰσχύνης
633 976 683 1012 τὴν
706 976 781 1003 θείαν
796 977 840 1002 ὲν-

48 1020 129 1054 τολὴν
157 1020 374 1055 προϐαλλόμενοι
397 1021 445 1047 καὶ
473 1022 622 1057 συνήγορον
645 1022 763 1056 ἔχοντες,
795 1022 842 1049 καὶ

48 1066 98 1091 οὐκ
113 1065 150 1092 ἂν
163 1066 224 1092 οὐδὲ
244 1066 325 1101 μέχρι
339 1066 457 1093 θανάτου
471 1067 521 1103 τὴν
541 1067 609 1103 πρὸς
625 1067 690 1099 τοὺς
707 1067 844 1098 τοιούτους

49 1112 152 1147 ἔχθραν
162 1111 336 1147 διελυόμεθα,
350 1112 403 1139 κᾶν
413 1113 459 1139 τὸν
472 1113 548 1148 ἥλιον
566 1113 604 1149 μὴ
616 1113 735 1140 ἑπιδύειν
749 1113 796 1140 ἐπὶ
807 1113 845 1149 τῷ

48 1157 237 1193 παροργισμῷ
265 1158 343 1193 ήμῶν
369 1158 422 1193 τῆς
452 1159 622 1194 Δεσποτικῆς
647 1159 846 1194 νομοθετούσης

49 1203 234 1238 ἀγαθὸτητος,
251 1204 298 1230 καὶ
310 1203 357 1231 τοῦ
379 1204 487 1239 Πατρὺς
507 1203 631 1239 μιμητὰς
648 1204 846 1238 ἀποφαίνοντος

49 1251 78 1275 ὲν
91 1250 132 1284 τῷ
148 1250 220 1276 πᾶσι
237 1250 287 1277 καὶ
311 1251 368 1281 τοῖς
397 1249 506 1285 μισοῦσι
533 1250 668 1285 χρηστοὺς
688 1248 769 1281 εἶναι,
797 1251 846 1283 ’ος

48 1296 156 1330 βρέχει
175 1294 202 1311 "
221 1296 270 1322 ἐπὶ
282 1295 419 1329 δικαίους
430 1295 479 1322 καὶ
498 1295 624 1328 ἀδίκοις
646 1295 696 1321 καὶ
720 1295 847 1322 ἀνατέλ-

50 1343 96 1368 λει
113 1342 171 1368 τίὲν
184 1340 276 1375 ἥλιον
288 1341 382 1368 αὑτοῦ
395 1342 442 1376 ἐφ’
456 1341 605 1375 ἑκατέραν
615 1342 722 1376 ὁμοίως
729 1341 846 1376 μερίδα.

50 1387 80 1413 ΕΞ
101 1387 131 1413 δὲ
155 1384 191 1422 ἦν
209 1387 408 1422 νενομισμένον
419 1387 476 1419 τοῖς
491 1387 620 1422 πονηροῖς
631 1387 686 1413 τῶν
696 1387 848 1421 ἀνθρώπων

50 1434 115 1465 τοὺς
134 1432 343 1468 φωτιζομένους
357 1433 572 1466 ἂποτάσσεσθαι,
590 1433 638 1460 καὶ
652 1433 721 1468 γυνὴ
737 1433 770 1460 ἂν
784 1433 849 1460 ταύ-

51 1490 101 1516 της
124 1481 177 1516 τῆς
205 1480 334 1517 ἀφορμῆς
352 1481 489 1517 λαόομένη
504 1481 552 1507 τοῦ
568 1480 664 1516 ἀνδρὸς
686 1480 847 1516 διεσχίζετο,

895 249 922 272 et
936 245 1007 278 quod
1027 244 1107 272 Petro
1118 244 1205 272 visum
1218 249 1257 272 est
1270 245 1383 271 linteum
1397 249 1420 275 ι,
1434 243 1511 277 puris
1532 248 1615 277 alque
1635 243 1687 269 im-

895 289 971 324 puris
981 290 1164 317 animantibus
1173 290 1292 324 plenum,
1309 289 1343 316 ad
1358 289 1584 317 consuetudinem
1597 288 1686 322 potius

895 335 981 362 malos
995 336 1183 369 assumendus,
1197 343 1277 369 quam
1290 335 1458 370 repellendos
1473 335 1607 370 designat.
1625 334 1685 362 Jam

893 381 916 409 si
938 386 992 409 tum
1003 383 1095 415 etiam,
1112 382 1221 417 quando
1238 382 1401 409 charitatem
1418 381 1484 409 adeo
1501 381 1548 408 Dei
1561 379 1685 408 Verbum

894 428 995 463 ubique
1026 428 1157 463 imperat,
1170 433 1198 456 et
1214 427 1340 455 omnibus
1355 428 1417 455 aliis
1439 427 1585 455 virtutibus
1601 426 1687 460 majo-

894 481 950 501 rem
962 481 1009 508 per
1022 481 1087 501 suos
1102 479 1249 501 sectatores
1259 473 1389 506 clamitat,
1400 473 1489 500 hostili
1501 477 1589 500 tamen
1602 473 1645 499 alii
1659 473 1686 499 itt

893 520 960 547 alios
977 520 1068 547 animo
1088 528 1191 553 sumus,
1211 525 1238 547 et
1252 519 1308 548 fere
1319 519 1504 554 unusquisque
1521 519 1685 554 proximum.

893 566 1000 594 tametsi
1012 567 1131 601 optimus
1147 566 1193 598 sit,
1208 573 1255 599 per
1291 566 1419 592 invidiam
1449 566 1581 598 la‘dimus,
1606 569 1688 599 atque

893 612 1029 639 interdum
1043 613 1127 639 etiam
1136 613 1160 640 ei
1176 611 1289 640 insidias
1305 619 1434 646 paramus
1449 620 1457 639 :
1473 612 1526 638 hac
1537 611 1627 638 oblata
1640 618 1688 637 0c-

891 659 1001 687 casione
1015 659 1056 693 (ut
1074 658 1179 686 scilicet
1199 658 1340 691 improbis,
1371 664 1403 684 ex
1422 656 1481 690 lege
1503 662 1586 691 atque
1609 660 1687 689 pacto

891 707 1000 734 nuntius
1016 705 1194 733 remittendus
1208 704 1260 739 sit)
1274 703 1400 737 equidem
1410 707 1541 738 quantum
1548 702 1687 729 hominum

891 759 983 781 mores
998 751 1145 786 perspicio,
1159 750 1231 785 ipsos
1245 757 1352 785 quoque
1372 747 1507 776 beneﬁcos
1525 747 1552 774 in
1568 753 1629 779 nos,
1642 745 1689 780 qui

890 799 972 826 modo
980 798 1096 833 aliquam
1105 796 1349 830 molestiam,etiam
1356 795 1428 828 juste
1437 794 1564 821 aﬂ‘errent
1572 792 1688 820 absurde

893 845 987 880 utique
1001 849 1028 872 et
1050 844 1206 871 indecenter
1229 842 1383 869 odissemus
1405 845 1486 874 atque
1500 846 1688 875 aversarentur

894 890 1089 925 (velamentum
1120 889 1247 916 nimirum
1280 887 1366 914 noxia:
1396 885 1476 920 hujus
1499 884 1648 912 voluntatis
1661 889 1690 911 et

893 936 1027 972 probmsi
1055 935 1128 962 illius
1166 941 1221 968 quo
1243 933 1359 960 invicem
1403 931 1592 967 prosequimur
1632 929 1686 956 odii

894 982 1014 1009 divinum
1043 985 1208 1015 prteceptum
1227 979 1398 1013 objicientes,
1430 983 1458 1005 et
1485 982 1613 1012 tanquam
1641 983 1689 1010 pro

894 1027 1024 1055 advocato
1046 1024 1200 1061 habentes)
1218 1033 1250 1053 ac
1272 1031 1361 1059 neque
1375 1024 1407 1050 ad
1423 1029 1575 1051 extremum
1604 1028 1689 1055 usque

895 1072 1018 1106 spiritum
1046 1071 1138 1099 odium
1168 1071 1195 1098 in
1225 1070 1293 1098 tales
1321 1076 1439 1104 unquant
1473 1068 1687 1102 deponeremus,

895 1118 1000 1145 etiamsi
1020 1117 1104 1144 solem
1119 1124 1171 1144 non
1189 1116 1313 1144 occidere
1336 1122 1417 1150 super
1443 1113 1613 1141 iracundiam
1639 1120 1689 1139 tto—

896 1169 979 1192 stram
996 1163 1100 1191 Domini
1122 1163 1230 1191 bonitas
1252 1162 1389 1196 praecipiat
1406 1162 1428 1193 ι,
1451 1165 1533 1195 atque
1549 1167 1598 1194 per
1612 1158 1689 1186 beni-

897 1209 1026 1245 gnitatem
1041 1216 1103 1243 erga
1125 1216 1229 1240 ontnes,
1255 1208 1335 1234 etiam
1361 1206 1505 1238 inimicos,
1530 1204 1622 1232 Patris
1645 1203 1688 1231 sui

898 1255 1048 1283 imitatores
1064 1255 1122 1282 fore
1136 1254 1274 1286 declaret,
1288 1253 1331 1287 qui
1352 1253 1418 1287 pluit
1445 1259 1524 1284 super
1547 1251 1635 1286 justas
1663 1253 1689 1276 et

896 1302 1021 1336 iniustas,
1049 1306 1072 1328 el
1090 1300 1171 1328 salem
1197 1289 1272 1327 situm
1294 1299 1359 1326 oriri
1377 1298 1440 1333 facit
1458 1304 1535 1331 super
1552 1297 1642 1328 honor,
1664 1299 1688 1321 et

898 1349 982 1376 malos
992 1351 1019 1375 ³.
1036 1347 1072 1375 Ει
1093 1354 1156 1374 vero
1171 1346 1193 1374 si
1211 1346 1269 1380 lege
1291 1346 1428 1372 decretum
1447 1344 1527 1376 roret,
1544 1346 1574 1369 ut
1600 1341 1689 1376 bapti-

901 1394 978 1422 zandi
999 1394 1085 1421 malos
1100 1392 1224 1420 homines
1248 1391 1358 1418 omnino
1370 1391 1460 1418 valere
1472 1389 1600 1424 juberent
1614 1387 1689 1422 :jam

900 1443 928 1467 et
941 1447 1008 1467 uxor
1022 1438 1073 1465 ltoc
1097 1438 1188 1466 colore
1207 1444 1221 1463 a
1249 1437 1307 1463 viro
1329 1436 1491 1466 disrederel,
1523 1438 1551 1461 et
1580 1432 1621 1459 vir
1655 1431 1690 1459 ab

899 1492 993 1517 uxore,
1015 1483 1086 1510 lilius
1099 1490 1113 1509 a
1131 1487 1216 1517 patre,
1235 1489 1249 1508 a
1275 1486 1362 1508 matre
1376 1480 1440 1512 lilia,
1456 1487 1471 1507 a
1496 1478 1606 1506 domino
1630 1485 1690 1504 ser-

52 1529 101 1554 γαὶ
116 1527 253 1562 γυναικὸς
268 1527 282 1553 ὁ
302 1527 384 1562 ἀνὴρ,
410 1526 516 1562 πατρός
532 1535 560 1553 τε
581 1527 595 1553 6
610 1526 665 1557 υίὸς
682 1526 730 1553 καὶ
746 1525 846 1562 μητρὸς

902 1538 962 1557 vus.
975 1529 1156 1557 Cnnlirmaret
1172 1529 1244 1555 enint
1268 1527 1364 1553 borum
1385 1526 1499 1560 quilibet
1514 1531 1544 1552 se
1560 1531 1609 1552 suo
1628 1530 1690 1551 cum

49 1573 67 1608 ἡ
93 1573 223 1607 θυγάτηρ
257 1572 305 1598 καὶ
326 1571 419 1603 δοῦλος
442 1571 574 1598 δεσπότου
587 1579 594 1585 ·
613 1571 773 1606 ἐστηρίζετο
795 1570 851 1605 γὰρ

52 1620 86 1645 ἂν
108 1618 233 1650 ἕκαστος
259 1617 363 1645 τούτων
386 1618 420 1652 τῇ
437 1617 504 1652 πρὸς
515 1617 582 1643 Θεὸν
596 1617 687 1653 οἰκείᾳ
708 1616 849 1652 ὁμολογίᾳ,

51 1665 101 1691 καὶ
128 1665 215 1700 νόμον
239 1664 344 1690 ἐτίθετο
362 1663 457 1690 τοῦτον
485 1662 664 1698 ἀπαράϐατον
693 1662 731 1698 τῷ
757 1662 851 1697 οἰκείῳ

53 1711 193 1746 θελήματι
212 1709 416 1745 βεσαιούμενον.
439 1709 488 1735 Διὰ.
507 1708 594 1735 ταῦτα
619 1709 709 1736 τοίνυν
733 1709 771 1745 τῷ
794 1710 852 1737 δια-

53 1759 126 1792 ὖόλῳ
146 1758 231 1791 μόνον
253 1757 299 1783 καὶ
312 1757 369 1788 τοῖς
386 1755 536 1791 δαιμονίοις
552 1755 600 1782 καὶ
615 1756 672 1786 τοῖς
687 1755 790 1782 τούτων
805 1755 852 1791 ἔρ-

53 1814 114 1838 γοις
131 1804 250 1838 φεύγειν
270 1811 300 1829 τε
315 1803 362 1829 καὶ
377 1802 567 1837 βδελύττεσθαι
584 1802 631 1828 καὶ
651 1801 852 1828 ὰποτάττεσθαι

54 1848 301 1886 προστεταγμεθα,
322 1848 450 1883 ἀμέτοχοι
465 1848 515 1882 τῆς
528 1847 642 1874 ἐκείνων
668 1847 782 1882 γνώμης
807 1848 853 1875 διὰ

55 1897 162 1928 παντὸς
178 1895 384 1931 συντηρηθῆναι
404 1893 600 1928 ὁμολογοῦντές
615 1902 645 1920 τε
670 1894 718 1920 καὶ
740 1893 853 1929 εὐχόμε-

54 1944 169 1977 νοι,διά
186 1944 237 1978 τὴν
251 1942 340 1969 αὐτῶν
356 1941 425 1977 πρὸς
450 1941 484 1968 τὰ
510 1941 600 1976 φαῦλα
627 1940 723 1975 ἀκλινῆ
751 1949 781 1967 τε
807 1941 854 1967 καὶ

54 1990 230 2026 ἀμετάθετον
247 1989 334 2024 ῥοπὴν
352 1989 400 2015 καὶ
415 1988 459 2015 διὰ
473 1987 504 2014 τὸ
518 1987 599 2022 κόρον
615 1985 670 2013 τῶν
687 1986 854 2021 ἁμαρτημά-

54 2046 111 2063 των
129 2036 168 2071 μὴ
188 2035 327 2070 δέχεσθαι.
354 2034 493 2068 Ἀλλήλοις
506 2033 546 2064 δὲ,
568 2032 620 2060 κᾶν
635 2031 806 2067 ἀνθρώπινον
824 2030 853 2068 ᾖ,

56 2084 112 2109 κᾶν
129 2083 172 2114 εἰς
189 2082 221 2108 τὸ
245 2082 323 2108 Θεῖον
350 2081 477 2116 διαὸαίνῃ
501 2079 524 2095 ⁸¹
553 2079 584 2105 τὸ
609 2079 775 2114 ἁμάρτημα,
805 2078 855 2104 οὐκ

57 2129 152 2161 ὀξεῖαν
172 2129 221 2154 καὶ
236 2128 375 2161 ἀπότομον
390 2127 439 2162 τὴν
459 2126 550 2161 κρίσιν
571 2125 665 2162 φέρειν
688 2124 833 2159 ὀφείλομεν
846 2131 853 2138 ·

57 2174 231 2210 λυμαντικόν
243 2182 272 2199 τε
283 2174 338 2208 γὰρ
351 2173 431 2199 τοῦτο
442 2172 492 2207 τῆς
505 2171 627 2207 ἐμφύτου
643 2170 710 2207 πρὸς
724 2169 855 2205 ἀλλήλους

59 2221 193 2256 στοργῆς,
210 2220 254 2246 διὰ
269 2219 319 2255 τὴν
337 2217 546 2254 συνηρτημένην
563 2217 630 2253 ὓλην
649 2216 688 2252 τῷ
706 2216 791 2250 γένει,
807 2216 854 2241 καὶ

58 2269 100 2294 ὅτι
116 2266 252 2293 πεσοῦσιν
269 2265 347 2296 ἐλπὶς
367 2263 537 2299 διορθώσεως
550 2262 727 2289 ὑπολείπεται
752 2262 785 2288 ⁸³.
810 2260 857 2287 Διὸ

58 2314 106 2340 καὶ
121 2313 157 2340 ἀν
170 2321 216 2344 τις
230 2312 280 2347 μὲν
295 2311 373 2347 λέγῃ,
389 2311 450 2337 οὐκ
466 2309 524 2344 εἰμί
539 2309 603 2336 καθ’
615 2308 670 2335 ἕνα
683 2307 743 2335 τῶν
754 2307 857 2341 δαιμό-

58 2368 132 2391 νων,
147 2359 210 2395 [5M
230 2357 279 2393 ιι]
307 2357 423 2392 ἐπείπερ
449 2355 578 2391 ἀλήθειάν
607 2362 701 2389 φησιν,
721 2354 772 2380 οὐκ
793 2352 858 2380 ἀπόρ

61 2406 179 2441 ϐλητος·
206 2406 220 2431 ὁ
245 2404 274 2430 δὲ
301 2403 372 2430 κατὰ
395 2403 440 2429 τὸν
470 2403 619 2437 Φαρισαῖον
641 2401 676 2417 ”²”
696 2400 857 2432 ἀλαζονευό-

62 2462 144 2488 μενος
160 2452 210 2479 καὶ
220 2453 258 2483 ὡς
272 2452 286 2478 ὁ
296 2450 416 2486 τελώνης
433 2449 470 2485 μὴ
486 2447 554 2476 εἶναι
575 2446 755 2483 μεγαλαυχῶν
775 2454 858 2473 κατα-

61 2500 186 2532 κρίνεται
201 2505 208 2512 ·
226 2497 290 2524 οὕτε
311 2496 366 2532 γὰρ
378 2496 459 2527 αὐτὸς
472 2496 487 2521 ὁ
504 2494 647 2529 ἱστάμενος
670 2494 694 2520 εί
720 2492 759 2528 μὴ
779 2492 857 2519 πέσοι

61 2546 154 2580 δῆλον,
177 2545 242 2572 οὔτε
265 2545 280 2571 ὁ
307 2543 461 2575 πεπτωκὼς
482 2543 508 2569 ει
538 2542 574 2577 μὴ
603 2542 743 2576 στήσεται.
766 2538 859 2571 Χωρ¹ις

63 2593 93 2619 δὲ
106 2593 161 2619 τῶν
182 2590 342 2626 εἰρημένων
357 2590 468 2617 κάκεῖνο
485 2580 648 2624 θεωρητέον,
663 2587 702 2618 ὡς
719 2586 813 2621 ἐπειδὴ
829 2585 859 2612 τὸ

67 2638 116 2673 μὲν
132 2637 274 2672 δαιμόνιον
292 2635 375 2671 φῦλον
392 2634 589 2671 ἀμετανόητον,
608 2634 690 2668 ἡμεῖς
708 2632 736 2658 δὲ
751 2632 795 2658 διὰ
811 2640 859 2666 με.

66 2685 173 2717 τανοίας
186 2684 226 2720 τῷ
243 2682 413 2719 βαπτίσματι
430 2681 574 2718 πρόσιμεν,
592 2680 627 2707 δι’
637 2676 675 2707 ὦν
688 2679 745 2711 τοῖς
755 2679 858 2714 ἀμετα-

902 1577 957 1604 Deo
970 1576 1037 1603 inito
1049 1579 1139 1609 pacto,
1154 1574 1295 1609 legemque
1314 1573 1386 1599 hanc
1397 1572 1449 1599 sibi
1465 1570 1577 1606 propria
1594 1569 1693 1597 volun-

902 1627 957 1649 tate
982 1621 1186 1649 corroboratam
1203 1626 1340 1652 nunquam
1363 1616 1617 1652 transgrediendum
1636 1621 1693 1643 sta-

903 1672 998 1696 tueret.
1023 1666 1079 1694 Has
1098 1666 1179 1701 igitur
1193 1666 1227 1693 ob
1243 1671 1339 1692 causas
1351 1663 1439 1690 solum
1452 1661 1590 1690 diabolum
1610 1665 1693 1695 atque

901 1713 1047 1746 daemonia,
1067 1717 1095 1740 et
1106 1720 1200 1740 eorum
1227 1718 1308 1746 opera
1332 1710 1460 1744 iubemur
1490 1707 1594 1743 fugere,
1612 1714 1693 1734 exse-

902 1762 984 1793 crarl,
1011 1759 1150 1796 repellere,
1171 1766 1204 1785 ac
1214 1765 1263 1785 nos
1281 1765 1327 1791 per
1342 1756 1433 1783 omnia
1454 1754 1565 1786 liberos,
1583 1761 1617 1781 ne
1631 1760 1692 1780 cum

903 1807 937 1834 iis
952 1807 1115 1838 sentiamus,
1131 1811 1306 1835 conservare,
1323 1803 1485 1838 proﬁtentes
1499 1806 1580 1835 atque
1598 1805 1695 1835 optau-

905 1859 957 1885 tes,
982 1857 1092 1888 propter
1106 1859 1198 1879 eorum
1219 1851 1252 1878 ad
1265 1850 1363 1876 malum
1381 1847 1574 1876 immutabilem
1587 1851 1613 1874 et
1625 1846 1696 1873 irre-

903 1900 1054 1928 vocabilem
1082 1897 1300 1926 inclinationem,
1331 1900 1358 1922 et
1375 1894 1437 1929 quia
1467 1893 1563 1928 2070
1578 1891 1696 1927 peccatis

905 1953 957 1973 non
980 1945 1124 1976 satiantur,
1148 1942 1257 1970 eosdem
1283 1948 1332 1968 nos
1352 1940 1463 1967 tuinime
1487 1939 1642 1966 admittere.
1664 1937 1695 1964 In

905 1998 955 2018 nos
972 1995 1066 2017 ntutuo
1081 1997 1156 2020 vero,
1171 1988 1229 2015 sive
1243 1987 1269 2014 in
1285 1986 1421 2014 hominem
1435 1985 1492 2013 sive
1508 1984 1533 2011 itt
1549 1984 1633 2011 Deum
1648 1982 1696 2009 ad-

905 2036 1018 2063 missutn
1033 2040 1173 2069 peccatum
1192 2032 1237 2064 sit,
1252 2031 1367 2058 celerem
1399 2034 1428 2057 et
1455 2030 1598 2063 abruptam
1625 2026 1696 2054 ferre

906 2082 1067 2110 sententiam
1087 2087 1139 2107 non
1159 2079 1290 2106 debemus
1306 2076 1432 2113 (noxium
1446 2076 1518 2103 enim
1529 2074 1592 2101 illud
1604 2074 1696 2102 innato

907 2128 985 2156 nobis
1003 2127 1087 2154 amori
1105 2130 1198 2152 mutuo
1227 2131 1288 2152 esse
1315 2122 1412 2157 solet).
1437 2127 1492 2149 lum
1511 2121 1582 2156 quod
1612 2126 1697 2154 genus

910 2175 1067 2201 universum
1091 2179 1107 2198 a
1125 2170 1237 2198 materia
1258 2169 1421 2203 dependent,
1444 2173 1500 2195 tum
1524 2167 1606 2194 etiam
1633 2165 1696 2200 quia

874 2203 895 2230 υ
911 2218 993 2253 lapsis
1004 2224 1065 2251 spes
1081 2215 1264 2243 restitutionis
1278 2214 1365 2240 adhuc
1386 2213 1490 2246 reliqua
1503 2216 1556 2238 est.
1583 2210 1660 2239 Unde
1672 2209 1695 2236 si

904 2264 965 2299 quis
978 2263 1096 2290 dixerit:
1117 2261 1206 2297 Egone
1228 2261 1268 2287 uel
1293 2268 1375 2287 unum
1395 2259 1543 2285 daemonem
1567 2256 1697 2283 imitando

904 2317 1019 2344 sequor:
1036 2308 1058 2335 si
1074 2307 1185 2343 quidem
1197 2314 1290 2333 verum
1305 2305 1382 2336 dicit,
1402 2312 1454 2331 non
1468 2307 1510 2331 est
1521 2302 1694 2336 rejiciendus,

906 2357 961 2388 sin,
979 2360 1008 2382 ut
1026 2354 1071 2382 ille
1087 2348 1253 2385 Phariszeus,
1269 2360 1330 2380 sese
1352 2351 1472 2386 jaetitet,
1496 2355 1525 2378 et
1550 2349 1698 2377 Publicano

907 2409 961 2429 non
993 2407 1054 2428 esse
1080 2399 1196 2428 similem
1224 2398 1370 2432 superbius
1399 2397 1539 2432 glorietur,
1557 2396 1579 2423 is
1607 2395 1700 2430 utique

909 2448 1053 2475 damnatur
1069 2450 1093 2473 ν.
1106 2445 1200 2480 Neque
1212 2445 1284 2471 ettint
1299 2448 1416 2476 constat,
1437 2450 1470 2469 nn
1486 2442 1531 2469 ille
1545 2441 1592 2476 qui
1610 2440 1701 2468 stabat

906 2493 963 2528 jam
979 2499 1032 2519 non
1052 2490 1207 2518 deciderit:
1224 2497 1312 2524 neque
1345 2495 1434 2515 annon
1459 2487 1495 2514 sit
1514 2490 1699 2516 surrecturus,

909 2540 954 2575 qui
969 2538 1115 2566 ceciderat.
1133 2537 1236 2564 Praeter
1256 2543 1287 2562 ea
1301 2542 1376 2568 vero,
1393 2541 1453 2569 qute
1469 2533 1526 2568 jam
1542 2531 1613 2559 dicta
1625 2535 1702 2560 sunt,

909 2586 991 2612 etiam
1020 2583 1084 2610 illud
1117 2581 1356 2612 considerandum,
1386 2579 1515 2614 quoniam
1541 2575 1701 2612 paenitentia

912 2631 974 2658 duci
1002 2630 1138 2657 dmutones
1154 2634 1207 2654 non
1238 2629 1367 2661 possunt;
1402 2632 1451 2653 nos
1467 2631 1531 2651 vero
1549 2629 1598 2658 pep
1612 2620 1701 2656 pleni-

914 2676 1024 2704 tentiam
1036 2675 1069 2702 ad
1083 2675 1246 2709 baptismum
1266 2673 1430 2706 accedimus,
1451 2679 1484 2700 ex
1504 2678 1537 2699 eo
1550 2668 1623 2706 quod
1645 2668 1701 2695 im-

106 2759 117 2774 I
133 2754 193 2782 Act.
204 2761 234 2786 τ,
246 2753 278 2780 Η
293 2759 370 2787 seqq.
411 2751 420 2769 ί
439 2751 540 2786 Epltes.
557 2757 583 2778 tv
594 2770 602 2783 ,
616 2748 662 2776 26.
693 2755 706 2768 ιι
722 2747 799 2775 Matt.
815 2754 841 2778 v,
856 2745 901 2772 45.
923 2750 937 2764 ν
957 2743 1020 2771 Luc.
1043 2750 1120 2775 xvttt,
1137 2742 1153 2771 9
1166 2749 1242 2777 seqq.

727 2815 845 2843 VARI/ﬁ
869 2812 1074 2841 LEC'I'IONES.

107 2868 130 2884 "
143 2867 247 2905 βρέγει]
264 2867 359 2896 Matth.
380 2875 404 2902 ν,
424 2867 467 2895 ιὶῖὶ.
507 2866 527 2883 ⁵¹
544 2864 651 2900 διαΰαίη
668 2872 698 2897 ς.
736 2864 757 2880 ⁵³
775 2861 950 2890 ἀπολείπεται
967 2869 998 2893 ς.
1036 2859 1126 2887 δντὸν
1146 2858 1228 2895 Φαρ.ἶ
1258 2858 1326 2887 Luc.
1347 2865 1425 2893 xvttt,
1442 2857 1485 2885 Η.
