1920 3090
216 127 268 161 8‘27

784 132 916 163 PHOTII
935 133 1186 164 PATRIARCIIzE
1201 134 1256 165 CP.

1791 126 1851 173 828..

216 185 410 220 paenitentibus
452 187 648 219 renuntiamus,
679 189 866 223 pmnitentiam
900 190 1001 218 omnim

1059 191 1162 226 νοήτως
1177 191 1282 227 ἔχουσιν
1298 191 1509 228 ἀποτασσᾶμεθα
1519 212 1526 225 ,
1549 193 1598 230 τὴν
1616 194 1760 230 μενάνοιαν
1774 197 1841 224 πάν-

216 230 272 259 Deo
286 232 421 266 spondere
438 240 488 259 nos
501 238 623 267 apparet.
651 232 685 260 Et
701 242 764 261 vero
778 235 823 270 qui
841 236 1008 263 dtemonibns

216 275 252 302 ob
284 276 310 303 id
339 276 410 310 quod
438 284 491 304 non
521 278 702 311 resipiscant,
735 280 910 312 renuntiavit,
938 288 1008 315 quo-

217 322 296 349 modo
315 323 337 350 is
366 331 418 350 non
452 324 660 359 impmuitenlia:
690 326 805 360 primum
820 327 1008 354 renuntiavit?

215 368 266 402 Qui
286 369 365 396 etiam
394 370 492 404 prioris
520 379 576 399 sua:
603 372 730 407 nequitiae
754 378 834 408 atque
860 374 1007 409 impietatis

216 414 320 441 veniam
346 416 423 449 petit,
449 417 585 451 quomodo
607 418 630 445 is
651 419 815 450 hominibus,
838 420 884 454 qui
910 421 1006 448 iisdem

214 460 326 488 obnoxii
346 466 409 489 sunt
426 464 608 496 passionibus,
636 465 758 492 eamdem
770 472 850 499 quam
872 474 922 501 per
950 475 1007 501 [NB-

217 504 360 532 nltentiam
385 512 548 536 consecutus
572 513 613 536 est
633 510 858 543 misericordiam,
884 512 1005 540 sceluse-

216 549 252 576 rit
262 549 275 576 τ

252 596 343 631 Atque
359 597 409 624 ista
418 598 526 633 quidem
545 600 596 628 hoc
620 601 709 634 capite
723 601 877 637 complexus
893 607 946 631 est.
963 603 1007 631 in-

214 644 257 682 ter
273 648 334 675 quae
352 641 415 670 illud
428 643 508 670 etiam
527 645 565 671 ait
592 653 641 672 nos
658 646 684 672 in
706 647 905 675 resurrectione
921 655 1005 682 ange-

214 680 294 713 iicam
309 687 391 714 vitam
409 693 526 722 acturos,
545 698 596 717 non
615 691 670 726 jam
701 692 818 726 amplius
842 692 876 720 ad
904 680 1004 720 malum

213 731 297 759 ttllutu
314 741 425 768 pronos,
446 735 492 763 sed
519 737 544 763 in
568 737 701 764 constanti
721 742 793 765 statu
814 739 1003 773 conﬁrmatos;

216 787 268 807 non
287 780 314 808 id
331 782 436 816 quidem
453 790 485 810 ex
507 790 602 811 natura
618 785 766 816 consecuti.
784 786 830 813 sed
845 791 911 814 utet
923 795 1006 821 ange-

217 827 306 854 lorum
325 830 401 862 ordo,
424 830 522 856 virtute
533 831 618 857 sancti
637 831 763 865 Spiritus.
777 831 889 864 Eadem,
907 833 1002 868 inquit,

215 874 320 902 ratione
335 877 415 903 etiam
433 877 496 904 illud
521 877 586 904 dicit
604 886 611 904 :
630 877 682 910 Qui
704 879 791 905 minor
814 883 850 905 est
879 879 908 906 in
924 887 1002 914 regna

214 923 348 954 cartorum,
373 923 459 957 major
474 928 511 950 ert
528 923 631 950 Joanne
652 924 773 959 Baptista
785 932 809 958 ι,
827 926 889 960 quia
901 926 1004 954 scilicet

213 976 270 1004 pra:
282 968 444 996 abundantia
461 970 553 1004 gratim
562 969 694 1004 spiritalis
715 971 811 998 mutari
825 971 939 1006 amplius
957 979 1003 999 ne-

213 1015 280 1049 quit.
296 1014 409 1047 Quando
423 1016 494 1042 enim
513 1016 640 1050 majorem
670 1015 801 1044 Joannem
830 1017 900 1044 inter
925 1022 1003 1045 natos

214 1061 354 1089 mulierum
367 1062 520 1095 appellavit,
531 1062 575 1095 qui
588 1061 614 1088 in
624 1062 741 1096 Spiritus
750 1063 835 1090 sancti
845 1063 922 1090 donis
929 1064 1000 1090 veri—

214 1111 257 1133 tas
270 1110 321 1139 est,
336 1105 466 1133 Conditor
482 1113 514 1132 ac
527 1106 655 1132 Dominus
672 1111 778 1139 noster,
798 1114 857 1133 cum
877 1107 957 1141 hujus
973 1112 1000 1134 et

213 1150 310 1178 futurae
321 1150 383 1177 vita:
398 1150 576 1178 diﬂ'ereutiam
593 1151 748 1178 ostenderet
763 1159 770 1177 :
786 1151 841 1179 Etsi
860 1160 940 1182 nunc.
952 1152 1000 1183 ait,

212 1196 380 1231 spiritalibus
392 1195 469 1223 donis
485 1195 570 1230 major
581 1201 624 1223 est
639 1195 801 1228 Prmcursor,
818 1201 892 1224 tanta
912 1201 999 1224 tamen

210 1244 264 1272 erit
281 1245 307 1271 in
326 1244 414 1270 futura
430 1243 483 1269 vita
503 1243 599 1270 harum
618 1250 705 1269 rcrutn
725 1243 750 1269 in
771 1243 865 1269 melius
881 1250 1002 1270 commu-

213 1291 289 1322 tatio,
301 1295 427 1324 tantaque
440 1288 558 1323 Spiritus
570 1289 657 1322 copia,
671 1293 699 1314 ut
716 1289 760 1322 qui
779 1288 831 1315 illis
851 1289 939 1316 minor
949 1293 1001 1323 est,

212 1336 342 1370 ampliora
357 1336 425 1363 doria
435 1340 630 1362 consecuturus
638 1334 682 1367 sit,
693 1342 773 1368 quam
788 1335 832 1369 qui
846 1334 889 1361 bic
902 1335 1001 1368 majora

211 1386 384 1416 acceperunt.
411 1381 461 1413 Qui
482 1380 553 1407 enim
570 1380 613 1407 hic
630 1380 754 1415 degebat,
778 1381 883 1407 etiamsi
919 1380 1003 1414 majus

211 1428 275 1463 quid
284 1432 354 1454 esset
366 1431 538 1457 consecutus,
548 1425 666 1452 nondum
679 1431 768 1453 tatnen
779 1426 892 1453 habebat
904 1427 1001 1452 immu-

212 1473 382 1506 tabilitatem;
396 1473 441 1507 qui
459 1480 522 1499 vero
535 1472 560 1498 in
570 1472 700 1499 cmlorutn
713 1479 799 1507 regno
814 1472 911 1503 minor,
928 1472 1001 1506 quis-

211 1519 272 1554 quis
286 1519 394 1546 tandem
413 1518 458 1545 ille
475 1517 572 1549 fuerit,
590 1518 660 1552 quod
676 1517 737 1544 tulit
753 1518 867 1548 bonum,
882 1518 907 1544 id
921 1517 1000 1563 siml-tl
1013 1532 1035 1563 Ο

212 1565 309 1592 stabile
317 1568 343 1591 et
354 1571 489 1598 nunquam
500 1563 673 1590 adimendum
685 1563 755 1596 tulit,
770 1561 834 1590 nulli
846 1561 1002 1589 mutationis

212 1610 361 1638 infirmitati
376 1610 519 1637 obnoxius.
905 1607 907 1609 ’

247 1701 346 1736 208η
356 1700 456 1734 Quinto
466 1701 707 1735 etquadragesimo
719 1701 806 1735 capite
821 1702 847 1729 in
857 1711 916 1730 eam
931 1704 1003 1732 venit

211 1747 404 1782 qumstionem:
422 1746 561 1779 Quomodo
582 1747 618 1773 illi
638 1746 709 1779 duo,
730 1748 862 1782 quiprimi
880 1749 906 1776 in
926 1755 1002 1776 ntro-

211 1800 264 1827 que
277 1791 431 1827 [rationalis
445 1791 587 1828 creaturae]
603 1799 701 1827 genere
716 1790 815 1820 conditi
836 1793 921 1826 fuere,
944 1796 1002 1822 dia-

211 1836 288 1864 bolus
309 1836 441 1866 etAdam,
461 1836 551 1862 statim
579 1844 592 1862 a
614 1837 751 1864 creatione
777 1839 953 1866 ceciderunt?
969 1840 1003 1867 Et

209 1882 341 1908 Adamnm
362 1882 469 1915 quidem
495 1881 614 1908 omnium
630 1882 669 1908 sui
689 1883 795 1916 generis
811 1883 926 1917 primum
943 1893 1002 1914 esse

210 1928 360 1959 conditum,
387 1927 486 1954 nemini
513 1927 632 1954 dubium.
653 1927 730 1960 Quod
752 1936 815 1956 vero
834 1935 860 1956 et
882 1930 1003 1959 diabolus

213 1980 341 2008 tanquam
358 1973 412 2000 dux
430 1973 625 2007 antesignanus
641 1972 778 2004 ceciderit,
798 1975 867 2008 apud
884 1975 943 2009 Joh,
962 1977 1003 2004 in-

210 2020 280 2054 quit,
296 2018 415 2054 [legitur]
433 2018 490 2045 Iloc
504 2022 542 2044 est
554 2018 712 2052 principium
723 2019 863 2045 creatiauis
884 2020 1001 2055 Domini,

211 2065 319 2100 factum,
338 2069 365 2090 ul
378 2063 532 2090 illuderelur
548 2065 578 2089 ab
591 2064 688 2099 angelis
701 2065 757 2099 ejus
767 2069 793 2091 3'.
806 2066 839 2092 Et
849 2065 977 2099 propheta
993 2076 1000 2094 ε

211 2111 346 2143 Quomodo
361 2111 453 2137 cecidit
467 2110 581 2142 Lucifer,
595 2111 723 2145 quinmne
736 2112 882 2138 oriebalurl
894 2113 905 2139 ?
920 2112 1000 2140 Luci-

210 2155 250 2182 fer
264 2156 344 2187 enim,
361 2163 421 2182 cum
441 2160 512 2181 motu
529 2155 643 2189 quodam
661 2157 891 2191 suopropinquior
903 2158 937 2184 sit
950 2165 1002 2184 ca:-

1057 245 1112 268 τως
1129 236 1188 272 θεῷ
1209 237 1455 273 καθομολογοῦντες
1482 239 1656 275 δεικνύμεοα.
1681 241 1737 268 Kal
1755 243 1769 268 ό
1786 244 1840 274 τοῖς

1058 282 1209 317 δαιμονίοις
1223 283 1266 310 διὰ
1280 283 1311 310 τὺ
1329 284 1404 318 σφῶν
1431 285 1599 320 ἀμετάθετον
1618 286 1840 321 ἀποτασσόμενος

1059 329 1118 360 πῶς
1133 329 1193 364 οὐχὶ
1206 329 1243 365 τῷ
1263 330 1421 365 ἀμεταοέτῳ
1435 330 1543 365 πρῶτος
1562 331 1643 364 αὐτὸς
1667 333 1839 367 ἀπετάξατος

1057 375 1113 401 Καὶ
1127 374 1142 400 ὁ
1156 375 1207 409 τῆς
1227 376 1364 411 προτέρας
1380 376 1464 402 αὑτοῦ
1487 377 1620 412 πονηρίας
1645 379 1692 404 καὶ
1714 379 1840 411 ἀσεϐείας

1059 420 1223 455 συγγνώμην
1237 420 1321 448 αίτῶν
1341 421 1399 453 πῶς
1414 420 1447 448 ἂν
1461 423 1517 454 τοῖς
1528 423 1721 456 ὁμοιοπαοέσιν
1735 424 1840 459 ἀνθρώ-

1056 473 1129 497 ποις,
1155 465 1185 492 ὃν
1208 466 1274 492 αὐτὸ
1297 465 1341 492 διὰ
1365 466 1508 501 μετανοίας
1538 466 1628 502 ἔσχεν,
1655 467 1840 494 ἀποκλείσειεν

1055 509 1130 537 ἔλεον
1141 519 1150 544 ;

1090 598 1174 626 Ἀλλὰ
1195 599 1282 627 ταῦτα
1303 600 1352 635 μὲν
1372 600 1419 628 καὶ
1434 601 1462 628 ἐν
1476 600 1514 636 τῷ
1540 601 1655 637 παρόντι
1676 601 1817 637 κεφαλαίῳ
1830 610 1838 618 ·

1051 645 1084 671 ’ἐν
1103 643 1144 676 οἷς
1162 645 1210 671 καί
1222 654 1304 680 φησιν
1316 646 1353 677 ὡς
1366 647 1395 672 ἐν
1411 647 1444 682 τῇ
1458 647 1605 674 ἀναστάσει
1626 647 1672 674 τὸν
1695 647 1839 681 ἀγγελικὺν

1056 690 1212 726 βιωσόμεθα
1227 690 1295 725 βίον,
1319 691 1418 726 μηκέτι
1439 692 1507 727 πρός
1527 701 1553 718 τι
1575 692 1629 718 τῶν
1656 691 1766 726 φαύλων
1792 692 1839 719 ὲκ-

1054 737 1200 770 κλίνοντες,
1212 738 1269 764 ἀλλ’
1283 739 1312 764 ἐν
1325 738 1363 774 τῷ
1380 739 1506 775 ἀτρέπτῳ
1521 739 1720 776 στηριζόμενοι,
1735 740 1766 767 οὐ
1787 739 1838 775 φύ-

1055 790 1095 809 σει
1106 782 1185 810 τοῦτο
1198 783 1374 818 κτησάμενοι,
1395 786 1427 819 τῇ
1441 784 1469 811 δὲ
1483 785 1530 811 τοῦ
1544 786 1702 820 Πνεύματος
1713 786 1837 821 δυνάμει.

1054 827 1148 863 ὥσπερ
1169 829 1216 856 καὶ
1233 828 1298 856 αὐτὸ
1323 829 1352 856 τὸ
1370 830 1424 856 τῶν
1439 830 1563 864 ἀγγέλων
1581 831 1718 866 σύστημα.
1745 832 1837 867 Ταύτῃ

1017 862 1040 892 Β
1053 872 1095 899 τοί
1109 862 1175 908 φησι
1201 874 1247 900 καὶ
1272 874 1313 907 τὺ,
1349 874 1376 900 '0
1393 862 1567 910 μικροτερος
1586 876 1620 903 ἐν
1635 862 1676 911 τῇ
1693 862 1839 910 ﬁrmus];

1054 919 1113 946 τῶν
1141 920 1277 954 οἰψανῶν
1298 920 1404 955 μείζων
1427 921 1512 948 ἐστίν
1534 922 1680 954 Ἰωάννου,
1701 922 1765 958 [660
1790 924 1838 959 IL]

1054 965 1176 991 τουτέστι
1191 966 1224 1000 τῇ
1239 966 1307 999 πρὸς
1327 966 1358 992 τὸ
1383 966 1518 1001 ἄτρεπτον
1536 967 1660 1003 δαψιλεῖᾳ
1683 967 1731 994 τοῦ
1755 969 1837 994 Πνεύ-

1056 1017 1148 1043 ματος.
1171 1009 1279 1044 Ἐπειδὴ
1296 1010 1350 1046 γὰρ
1378 1011 1490 1045 μείζονα
1514 1012 1558 1038 τὸν
1581 1012 1707 1047 Ἰωάννην
1725 1014 1754 1039 ἐν
1777 1021 1838 1047 γεν-

1053 1056 1143 1089 νητοῖς
1156 1056 1293 1089 γυναικῶν
1307 1056 1359 1092 [ὲν]
1373 1057 1430 1088 τοῖς
1442 1057 1488 1084 τοῦ
1499 1057 1656 1092 Πνεύματος
1669 1057 1696 1093 [ὴ
1711 1058 1836 1094 ἀλήθεια]

1053 1100 1220 1135 χαρίσμασιν
1230 1102 1243 1127 ὁ
1258 1101 1346 1132 κοινὸς
1354 1103 1524 1138 Δημιουργὸς
1534 1103 1581 1129 καὶ
1593 1104 1727 1139 Δεσπότης
1739 1104 1836 1140 ἔφησε,

1052 1145 1159 1176 δεικνὺς
1175 1145 1205 1171 τὸ
1229 1146 1357 1181 διάφορον
1380 1147 1430 1181 τῆς
1447 1147 1598 1183 μελλούσης
1615 1149 1682 1183 πρὸς
1698 1149 1747 1183 τὴν
1764 1158 1837 1184 παρ-

1052 1190 1135 1216 οῦσαν
1151 1190 1222 1226 ζωὴν
1241 1192 1435 1224 καταστάσεως
1450 1194 1532 1228 φησιν
1543 1194 1590 1225 ὡς,
1605 1195 1630 1220 εί
1651 1195 1697 1221 καὶ
1713 1194 1760 1221 νῦν
1780 1197 1836 1227 τοῖς

1053 1238 1248 1271 πνευματικοῖς
1262 1238 1413 1273 χαρίσμασι
1433 1239 1533 1273 μείζων
1551 1240 1624 1266 ἐστὶν
1639 1241 1653 1266 ὁ
1668 1240 1836 1275 Πρόδρομος,

1052 1281 1110 1308 ἀλλ’
1125 1281 1171 1308 οὖν
1187 1282 1303 1318 τοσαύτη
1321 1292 1363 1315 τις
1380 1284 1456 1310 ἕσται
1472 1284 1542 1311 κατὰ
1563 1285 1592 1311 τδ
1619 1285 1714 1320 μέλλον
1741 1287 1757 1320 ἠ
1783 1286 1837 1312 τῶν

1052 1329 1194 1363 παρόντων
1212 1329 1346 1364 μεταϐολὴ
1361 1331 1430 1366 πρὸς
1444 1331 1474 1357 τὸ
1489 1331 1599 1365 ἄμεινον
1617 1331 1665 1358 καὶ
1679 1332 1695 1366 ὴ
1711 1331 1836 1366 δαψίλεια

1051 1373 1098 1400 τοῦ
1120 1374 1287 1409 Πνεῦμα-τος,
1304 1375 1342 1407 ὡς
1358 1376 1403 1402 καὶ
1420 1376 1464 1402 τὸν
1484 1377 1572 1403 ἐκεῖσε
1601 1377 1762 1412 μικρότερον
1780 1378 1837 1404 τῶν

1051 1418 1168 1445 ἐνταῦθα
1188 1419 1218 1445 τὸ
1240 1419 1333 1454 μεῖζον
1351 1420 1467 1455 ἑχόντων
1482 1421 1776 1457 μεγαλοπρεπεστέρας
1790 1431 1838 1449 τυ-

1051 1464 1108 1499 χεῖν
1124 1464 1238 1500 δωρεᾶς.
1256 1465 1312 1492 Kal
1323 1465 1378 1500 γὰρ
1393 1467 1407 1492 ὁ
1425 1466 1473 1501 μὲν
1489 1466 1615 1498 ἐνταῦθα,
1632 1467 1683 1494 κᾶν
1693 1467 1724 1494 τὸ
1743 1467 1837 1502 μεῖζον

1052 1508 1133 1545 εἶχεν,
1157 1510 1208 1536 οὐκ
1232 1508 1288 1546 εἶχε
1311 1511 1340 1538 τὺ
1351 1513 1485 1547 ἄτρεπτον
1500 1520 1507 1527 ·
1525 1513 1540 1538 ό
1556 1513 1583 1539 δὲ
1604 1513 1634 1539 ὲν
1656 1514 1689 1548 ’τῇ
1712 1513 1838 1549 βασιλείᾳ

1051 1555 1105 1581 τῶν
1131 1555 1254 1590 οὐρανῶν
1282 1557 1453 1591 μικρότερος,
1479 1557 1552 1588 ὅστις
1573 1556 1632 1584 ποτ’
1656 1557 1690 1584 ἂν
1710 1555 1739 1593 ᾖ,
1768 1557 1838 1592 ὅπερ

1051 1600 1084 1627 ἂν
1105 1601 1201 1636 ἔφερεν
1215 1601 1326 1635 ἀγαθὸν,
1343 1602 1525 1636 ἀναφαίρετον
1546 1603 1758 1636 συνεπεφέρετο,
1786 1612 1838 1638 μη-

1051 1647 1144 1681 δαμῶς
1154 1647 1293 1682 ἀρῤωστίᾳ
1302 1648 1406 1682 τροπῆς
1422 1648 1606 1683 ὑποκείμενος.

1093 1693 1138 1720 Ἐν
1151 1693 1180 1720 δὲ
1194 1693 1232 1728 τῷ
1246 1697 1285 1728 με’
1299 1694 1438 1729 κεφαλαίῳ
1453 1695 1492 1724 είς
1512 1694 1635 1727 ἐξέτασιν
1649 1695 1709 1728 ἄγει
1732 1695 1792 1726 πῶς
1812 1696 1837 1722 oi

1051 1738 1097 1765 δύο
1118 1740 1148 1765 ὲν
1159 1740 1281 1778 ἐκατέρῳ
1296 1740 1369 1773 γένει
1397 1740 1615 1775 πρωτόπλαστοι,
1633 1741 1648 1767 ὅ
1663 1749 1692 1767 τε
1713 1741 1838 1772 διάϐολος

1052 1785 1098 1811 καὶ
1112 1785 1126 1811 ὁ
1141 1785 1236 1818 Ἀδὰμ,
1257 1785 1358 1816 εὐθέως
1371 1785 1528 1817 κτισθέντες
1543 1786 1682 1818 ἐξέπεσον.
1702 1787 1774 1812 Ἀλλ’
1796 1787 1838 1813 ὅτι

1054 1831 1104 1865 μὲν
1126 1832 1140 1857 ὁ
1167 1831 1253 1865 Ἀδὰμ
1268 1830 1322 1857 τῶν
1342 1831 1418 1866 ἐντῷ
1434 1831 1508 1865 αὐτῷ
1523 1831 1587 1858 εἴδει
1612 1831 1838 1866 πρωτᾶπλαστος,

1052 1877 1131 1911 δῆλον
1148 1885 1155 1892 ·
1176 1877 1216 1903 ὅτι
1241 1877 1269 1903 δὲ
1292 1877 1339 1903 καὶ
1362 1877 1376 1902 ὁ
1393 1877 1524 1908 διάϐολος,
1540 1878 1568 1904 ὲν
1589 1877 1715 1912 τῷξῚὼϐ
1742 1886 1839 1912 φησιν,

1054 1922 1148 1958 ὥσπερ
1165 1923 1180 1949 ὁ
1200 1923 1352 1958 στρατηγὸς
1368 1924 1564 1960 πρωτοστάτης
1579 1923 1741 1954 πεπτωκὼς,
1769 1924 1840 1950 Τοῦ-

1053 1969 1087 1996 τό
1117 1970 1203 1996 ἐστιν
1229 1969 1307 2004 ἀρχὴ
1331 1971 1440 2003 Κιιρίου
1468 1970 1645 2004 πλάσματος
1675 1971 1841 2004 πεποιημέ-

1052 2025 1108 2043 νον
1117 2018 1160 2049 εἰς
1174 2017 1206 2043 τὸ
1227 2017 1455 2047 καταπαίζεσθαι
1472 2017 1532 2044 ὑπὸ
1549 2017 1609 2044 τῶν
1628 2017 1766 2052 ἀγγέλων
1787 2019 1844 2045 ηὐ-

1052 2061 1116 2088 τοῦ.
1146 2063 1227 2088 Καὶὸ
1245 2063 1401 2097 προφήτης,
1416 2062 1482 2095 Πῶς
1502 2063 1612 2090 ἔπεσεν
1637 2065 1654 2090 ό
1672 2063 1840 2098 ἑωσφόρος.

1053 2110 1069 2136 ό
1092 2109 1168 2142 πρωῒ
1200 2109 1394 2140 ἀνατέ.1λων;
1422 2110 1452 2135 '0
1480 2110 1532 2144 γὰρ
1557 2110 1705 2146 ἑωσφόρος,
1728 2112 1778 2137 ὅτε
1807 2112 1842 2147 δὴ

1053 2155 1211 2188 πλησιάζων
1237 2155 1307 2181 κατά
1325 2163 1385 2181 τινα
1408 2156 1520 2190 πορείαν
1544 2156 1645 2190 μᾶλλον
1672 2156 1726 2182 τῶν
1750 2157 1843 2184 ἄλλων

209 2201 276 2228 teris
291 2200 389 2234 stellis,
413 2200 516 2234 primus
529 2206 571 2227 est
581 2208 685 2227 aurora:
697 2202 815 2229 nuntius.
841 2202 917 2235 Quod
938 2211 998 2236 pro-

1054 2201 1184 2235 ἀστέρων,
1201 2200 1306 2235 πρῶτός
1324 2201 1398 2227 ἐστιν
1422 2201 1498 2235 ἡλίου
1523 2201 1632 2236 κῆρυξ·
1657 2202 1670 2228 ὃ
1694 2202 1842 2236 ἀναλόγως

209 2247 332 2282 portione
343 2248 458 2282 quadam
473 2247 536 2274 olim
552 2247 578 2273 in
592 2248 736 2280 diabolum,
754 2255 876 2283 respectu
889 2251 998 2285 spirita-

210 2292 243 2320 lis
268 2292 470 2326 justitiaa'SolEs
500 2293 669 2325 convenisse,
685 2295 825 2321 obs-curius
859 2296 996 2330 Scriptura

211 2338 320 2366 indicat.
340 2338 392 2366 Sed
407 2339 476 2372 quod
492 2339 546 2373 jam
566 2339 653 2372 agitur
668 2348 674 2366 :
693 2340 760 2372 Etsi,
778 2341 872 2375 inquit,
887 2342 998 2370 minime

210 2385 356 2419 jucundum
364 2388 495 2412 creatura:
510 2386 658 2419 utriusque,
671 2392 723 2412 tant
739 2387 998 2422 intelligibilisqnam

210 2437 271 2463 qua:
285 2437 412 2456 sensuum
437 2430 568 2464 particeps
582 2437 634 2460 est,
653 2431 844 2466 printogeuitos
860 2434 885 2459 iu
903 2434 997 2461 interi-

213 2481 267 2502 tum
288 2476 393 2503 rnisse:
410 2477 523 2510 μυξη-τῖς
540 2482 627 2503 tamen
642 2477 766 2504 omnibus
788 2478 891 2505 illorum
910 2479 1000 2513 lapsus

212 2520 239 2548 in
261 2521 439 2548 connnuniter
455 2521 519 2549 utile
533 2522 673 2556 exemplar
682 2522 849 2556 proponitur.
863 2523 994 2556 praeconis

213 2574 288 2594 more
313 2567 478 2600 exclamans,
494 2575 618 2602 magnum
634 2572 664 2593 ut
680 2567 871 2596 incolumitatis
886 2576 940 2596 sua:
952 2577 998 2597 cn-

213 2620 270 2640 ram
282 2619 387 2648 gerant.
403 2622 436 2641 ne
453 2619 498 2641 aut
510 2621 570 2641 cutn
586 2613 681 2641 istisin
695 2614 787 2641 eadem
798 2614 915 2642 incidant
928 2615 998 2642 mala

212 2663 259 2685 aut
273 2659 365 2686 talium
377 2664 450 2686 certe
462 2667 550 2686 rerum
563 2666 656 2686 amore
670 2663 823 2692 teneantur,
834 2667 881 2694 per
896 2667 962 2693 quas
972 2660 997 2687 in

214 2705 359 2739 perniciem
375 2705 472 2741 aliquis
490 2710 551 2732 ruat
568 2715 574 2732 :
591 2705 637 2732 sed
653 2705 725 2732 omni
740 2704 818 2732 modo
835 2705 960 2740 omnique
973 2706 998 2734 vi

214 2749 433 2780 inobedientlam,
443 2751 567 2785 quodque
581 2758 627 2785 per
641 2751 711 2778 illam
722 2750 898 2777 committitur
906 2759 1001 2785 pecca-

215 2798 271 2821 tum
282 2800 456 2822 exsccrentur
467 2804 472 2822 :
482 2795 587 2830 quando
597 2803 652 2829 Ipsa
662 2803 768 2831 quoque
776 2795 921 2823 crcationis
930 2797 998 2823 velut

251 2854 262 2867 ι
278 2849 369 2877 Matth.
384 2859 412 2881 ll,
430 2851 455 2877 ἓ.

1051 2246 1123 2282 ἔχειν
1143 2246 1207 2272 ποτὲ
1221 2246 1266 2272 τὸν
1283 2246 1405 2273 διάϐολον
1421 2247 1608 2282 αἰνιττόμενον
1624 2247 1653 2273 τὸ
1665 2247 1756 2280 λόγιον
1772 2249 1843 2283 πρὸς

1051 2292 1096 2318 τὸν
1111 2291 1204 2326 νοητὸν
1219 2292 1268 2326 τῆς
1285 2290 1460 2326 δικαιοσύνης
1476 2292 1552 2327 ἥλιόν
1573 2301 1667 2327 φησιν.
1685 2293 1758 2320 Ἀλλ’
1773 2295 1844 2328 ὅπερ

1052 2337 1203 2372 πρόκειται.
1220 2337 1244 2363 εὶ
1267 2338 1312 2363 καὶ
1325 2338 1455 2372 λυπηρὸν,
1471 2339 1556 2373 φησὶ,
1573 2338 1603 2364 τὸ
1618 2339 1752 2374 ἑκατέρας
1784 2339 1847 2366 κτί-

1052 2391 1132 2413 σεως,
1149 2383 1197 2416 τῆς
1211 2391 1241 2408 τε
1253 2382 1352 2417 νοητῆς
1365 2383 1471 2417 καὶτῆς
1486 2383 1654 2418 μετεχούσης
1668 2384 1723 2410 τῶν
1742 2385 1847 2419 αἰσθή-

1049 2436 1129 2456 σεων,
1146 2428 1210 2458 τοὺς
1230 2430 1414 2462 πρωτογενεῖς
1429 2429 1469 2459 είς
1485 2429 1592 2454 ὄλισθον
1614 2430 1755 2460 ἐκπεσεῖν,
1785 2430 1846 2456 ἀλλ’

1048 2471 1094 2500 οὖν
1120 2474 1176 2503 τοῖς
1195 2473 1258 2507 ἑξῆς
1281 2473 1386 2500 ἅπασαι
1400 2474 1431 2499 τὸ
1445 2473 1558 2500 ἐκείνων
1573 2474 1672 2508 πτῶμα
1699 2474 1768 2509 [54⁵2
1797 2475 1846 2511 IL]

1048 2519 1211 2553 κοινωφελὲς
1228 2519 1404 2554 παράδειγμα
1431 2520 1585 2554 πρόκειται,
1609 2521 1731 2556 κήρυκος
1763 2521 1848 2556 δίκην

1051 2564 1209 2599 ἀναφωνοῦν
1234 2565 1336 2599 πολλῆς
1364 2565 1514 2599 ἀσφαλείας
1541 2566 1613 2600 ἔχειν
1631 2566 1777 2602 πρόνοιαν,
1806 2568 1847 2603 μὴ

1050 2613 1108 2644 τοῖς
1122 2613 1213 2644 αὐτοῖς
1229 2614 1402 2648 περιπεσεῖν,
1422 2613 1488 2648 μηδὲ
1506 2613 1629 2648 στέργειν
1643 2613 1676 2639 δι’
1691 2609 1729 2639 ὧν
1743 2614 1779 2640 ἄν
1804 2623 1849 2645 τις

1051 2658 1229 2692 ὸλισθήσειεν,
1258 2658 1324 2685 ἀλλὰ
1349 2660 1431 2685 παντὶ
1454 2659 1547 2694 τρόπῳ
1564 2659 1611 2686 καὶ
1625 2659 1699 2694 πάσῃ
1725 2659 1850 2694 δυνάμει

1052 2704 1101 2739 τὴν
1117 2704 1259 2740 παρακοὴν
1276 2704 1324 2731 καὶ
1339 2705 1389 2740 τὴν
1410 2704 1444 2732 δι’
1464 2705 1551 2739 αὐτῆς
1572 2705 1710 2740 ἁμαρτίαν
1731 2705 1850 2740 $65161-

1053 2749 1156 2782 τεσοαι,
1179 2749 1206 2775 εῐ
1227 2758 1258 2784 γε
1280 2749 1327 2776 καὶ
1342 2750 1410 2777 αὐτὰ
1424 2751 1473 2785 τῆς
1494 2750 1680 2785 δημιουργίας,
1700 2751 1736 2778 τὰ
1761 2753 1849 2778 οἱονεὶ

1055 2795 1142 2831 βάθρα
1170 2795 1219 2822 καὶ
1242 2795 1354 2830 θεμέλια
1372 2795 1408 2831 μὴ
1427 2796 1477 2831 τῆς
1490 2795 1603 2831 δεούσης
1619 2796 1733 2828 ἑαυτοὺς
1757 2796 1847 2830 ἀξιὼ-

496 2856 508 2874 »“
521 2851 579 2879 Job.
596 2859 626 2879 .\L
650 2851 690 2884 Η,
705 2859 755 2878 scr.
772 2849 851 2877 LXX.
890 2856 900 2869 κ
915 2852 963 2879 lsa.
983 2861 1038 2884 xxx,
1057 2853 1098 2880 l2.
