1920 3090
223 158 273 192 831

788 159 919 189 PHOTII
941 159 1193 189 PATRIARCILE
1209 159 1263 190 (ΣΡ.

1799 158 1855 192 832

221 218 272 244 ensi
289 216 407 244 animam
418 216 526 251 quidem
540 224 555 244 ιι
569 216 634 248 l‘ato.
652 222 679 244 et
694 224 709 244 a
727 217 849 244 natalitia
870 216 1009 243 notatione

1076 216 1200 250 ξοὺσιον,
1229 216 1376 244 ὑποτάττει
1406 216 1436 243 δὶ
1462 216 1495 252 τῇ
1522 215 1626 250 ταύτης
1665 214 1799 250 διοικήσει
1822 217 1854 244 τδ

221 269 282 295 qum
297 262 405 294 dicitur,
427 263 539 290 liberam
561 263 695 296 dimittit,
723 263 828 290 arbitrii
857 263 1008 290 libertatem

222 306 260 333 illi
279 308 475 339 conservando,
505 315 602 341 corpus
621 313 722 339 tamen.
748 313 776 336 et
793 316 963 342 quascunque
976 309 1010 336 ad

220 361 320 387 corpus
340 358 474 388 spectant,
489 353 544 379 fato
559 353 732 387 gubernanda
752 354 872 387 sultjieit.
886 354 1009 387 Divitias,

222 399 345 433 inquam,
376 405 534 432 egestatem,
560 399 695 429 morbum,
712 399 814 430 vitam,
844 404 970 431 mortem,
985 403 1013 426 et

221 451 283 478 qna!
304 444 329 470 in
356 448 447 470 nostra
471 451 523 469 uou
544 449 607 470 sunt
627 448 783 477 potestate:
804 451 893 478 eaque
918 444 1008 470 omnia

223 489 271 516 fati
289 497 348 517 esse
366 489 459 518 uirecta
477 490 570 516 tradit.
587 489 655 524 Ergo
682 490 755 517 hune
771 490 909 517 studiosus
923 490 968 517 ille
986 494 1011 517 et

225 536 326 562 sciendi
342 537 456 569 cupidus
471 536 605 563 Diodorus
617 536 689 563 clare
710 544 743 564 ac
763 536 852 563 valide
864 537 1011 568 convincit,

225 583 309 608 verbo
329 581 439 615 quidem
472 581 587 607 mediam
616 582 747 608 dumtaxat
775 582 879 608 erroris
908 587 1012 616 partem

225 627 386 660 praedicare,
397 635 425 653 re
437 631 526 653 autem
539 627 595 660 ipsa
609 632 692 653 totum
704 626 865 653 conﬁrmare
877 633 885 652 :
897 627 1014 661 quando-

225 673 336 707 quidem
352 671 474 706 plurimaa
489 673 611 706 corporis
623 672 679 699 sive
690 672 847 700 allectiones
861 679 908 705 per
917 673 1014 699 auium

226 718 430 753 operationem,
465 719 694 752 cooperatinnem,
723 723 769 746 aut
800 719 882 747 etiam
911 723 1015 746 natura!

226 770 402 795 consensum,
417 762 541 790 accidere
554 763 642 790 solent
662 770 693 790 ac
712 763 815 797 perlici.

263 808 355 836 Primo
373 809 453 843 igitur
467 808 535 835 libro
548 814 608 842 post
630 809 681 835 alia
708 809 743 836 de
762 809 819 835 fato
843 808 939 841 relata,
957 813 1013 836 tum

229 854 302 882 unde
316 859 368 881 tam
386 855 470 882 libere
483 855 580 889 agendi
606 855 746 881 audaciam
763 863 842 882 error
855 855 1013 889 sumpserit.

1067 262 1147 297 σῶμα
1173 262 1220 289 καὶ
1244 262 1278 288 τὰ
1301 261 1366 297 περὶ
1381 260 1413 287 τὺ
1429 261 1520 296 σῶμα,
1535 260 1652 287 πλοῦτον
1672 261 1705 294 δή
1731 261 1753 276 ⁶’
1781 270 1855 297 φημι

1065 308 1114 334 καὶ
1141 308 1238 334 πενίαν
1261 307 1309 334 καὶ
1329 307 1405 334 νόσον
1426 308 1473 334 καὶ
1499 306 1572 342 ζωὴν
1589 308 1638 334 καὶ
1663 307 1779 334 θάνατον
1807 309 1856 334 καὶ

1065 354 1115 380 ὅσα
1128 354 1179 380 οὐκ
1192 354 1236 388 ἐφ’
1254 354 1330 388 ἡμῖν,
1348 354 1395 380 καὶ
1409 353 1496 379 ’ταῦτα
1510 351 1598 379 πάντα
1611 352 1661 386 τῆς
1682 353 1857 388 εἱμαρμένης

1065 398 1136 434 ἔργα
1153 399 1321 434 δογματίζει.
1341 400 1390 425 Ὃν
1409 399 1431 414 ⁸³
1447 399 1461 424 ὁ
1478 398 1629 434 φιλομαθὴς
1644 399 1691 425 καὶ
1710 399 1857 430 σπουδαῖος

1065 445 1198 480 Διόδωρος
1213 444 1307 479 σαφῶς
1321 444 1384 480 [545
1400 443 1447 480 Η.]
1462 452 1492 470 τε
1510 443 1557 470 καὶ
1573 443 1704 477 γενναίως
1719 444 1854 479 διελέγχει

1065 491 1138 526 λόγῳ
1166 490 1216 526 μὲν
1243 490 1378 524 ἡμίτομον
1401 490 1452 523 τὴν
1477 490 1526 524 τῆς
1555 489 1726 524 εἱμαρμένης
1748 489 1856 525 πλάνην

1066 536 1230 572 κηρύττειν,
1253 535 1327 571 ἔργῳ
1350 535 1378 562 δὲ
1406 536 1566 570 συγκροτεῖν
1593 536 1644 569 τὴν
1667 535 1749 571 ὅλην,
1774 537 1857 569 εἴπερ

1066 582 1114 609 καὶ
1129 583 1163 609 τὰ
1177 582 1293 609 πλεῖστα
1306 582 1360 608 τῶν
1375 581 1540 616 σωματικῶν
1554 581 1648 608 παθῶν
1660 590 1689 608 τε
1705 581 1751 608 καὶ
1765 581 1857 616 ἔργων

1066 627 1110 654 διὰ
1121 627 1170 662 τῆς
1187 627 1307 662 ψυχικῆς
1321 627 1462 662 ἐνεργείας
1479 635 1509 653 τε
1524 627 1571 653 καὶ
1587 627 1756 661 συνεργείας,
1773 627 1819 653 ναὶ
1833 627 1858 642 ⁸³

1066 672 1100 707 δὴ
1118 673 1165 699 καὶ
1181 672 1355 708 συμπαθείας
1370 672 1466 699 εἴωθεν
1484 672 1693 708 ὲπισυμόαινειν
1717 672 1766 699 καὶ
1787 673 1857 698 ἀπο-

1067 718 1213 746 τελεῖσθαι.

1103 809 1149 835 ‘Ev
1164 809 1213 844 μὲν
1228 807 1276 836 οὖν
1290 809 1329 845 τῷ
1342 812 1367 836 α’
1384 810 1458 846 λόγῳ
1472 809 1541 837 ἄλλα
1559 810 1591 836 τέ
1605 818 1667 837 τινα
1680 810 1744 845 περὶ
1757 810 1860 846 εἱμαρ-

1071 856 1154 891 μένης
1176 855 1299 888 διελθὼν,
1320 855 1367 882 καὶ
1384 856 1447 882 ὅθεν
1465 855 1527 890 ἔσχε
1543 857 1594 890 τὴν
1607 856 1709 891 τόλμαν
1727 857 1743 890 ή
1765 857 1858 892 πλάνη

229 899 362 927 adversus
375 907 433 927 eam
451 901 566 934 insurgit
592 900 759 934 opinionem,
781 908 840 933 quae
860 901 1016 927 universum

1072 900 1332 936 παρρησιάσασθαι,
1366 901 1414 926 καὶ
1446 901 1517 927 κατὰ
1545 901 1594 935 τῆς
1619 900 1752 936 λεγούσης
1776 900 1860 936 δόξης

230 943 285 970 hoc
295 947 356 970 ortu
374 951 467 970 carere
481 944 579 970 asserit
596 943 683 977 (putat
695 944 767 970 enim
780 951 812 970 ex
825 943 875 970 liac
890 945 1020 978 opinione

230 987 295 1016 illud
311 996 419 1022 quoque
440 989 472 1015 de
496 989 550 1015 lato
570 988 728 1023 ﬁgmentum
749 988 872 1023 conﬂari)
898 989 1021 1024 libroque

232 1032 295 1060 huic
307 1033 350 1067 'jta
368 1035 447 1061 linem
464 1034 587 1068 imponit,
604 1039 631 1060 ut
649 1042 681 1061 ne
709 1035 734 1061 in
750 1034 836 1061 altero
856 1034 965 1069 quidem
984 1034 1019 1062 ab

231 1080 326 1108 eadem
342 1089 431 1116 pugna
443 1081 566 1112 desistat.

267 1169 447 1203 Quamobrem
459 1171 564 1198 decimo
576 1176 636 1206 post
648 1171 704 1199 haec
715 1171 815 1206 capite,
823 1178 877 1199 tam
889 1172 1019 1200 mundum

233 1215 333 1253 ipsum,
353 1223 433 1250 quam
453 1217 478 1243 in
496 1225 529 1244 eo
541 1217 684 1252 degentem
705 1218 843 1245 hominem
861 1223 950 1245 ortum
972 1219 1019 1246 ha-

235 1261 299 1288 bere
315 1262 516 1295 demonstrans.
537 1263 588 1291 hoc
606 1264 661 1290 fere
685 1266 764 1291 modo
788 1264 822 1291 ad
847 1269 1019 1299 argumenta-

234 1307 337 1335 tionem
353 1308 521 1342 aggreditur.
537 1308 773 1344 Quandoquidem,
790 1310 836 1342 ait,
862 1310 1018 1345 singulatim

234 1353 372 1380 hominum
385 1353 483 1388 209a
498 1354 596 1389 singuli
617 1356 783 1390 corruptioni
808 1360 889 1390 atque
905 1363 1021 1391 genera-

235 1398 301 1425 tioni
317 1399 426 1426 obnoxii
441 1404 514 1430 sunt.
531 1401 704 1428 manifestum
730 1409 797 1429 sane
813 1402 897 1436 ipsam
913 1409 1021 1436 quoque

235 1444 332 1472 horum
348 1450 474 1472 naturam
491 1447 524 1472 ad
545 1446 661 1474 similem
689 1448 774 1482 redigi
799 1448 1020 1480 dissolutionem,

234 1495 263 1517 et
279 1491 384 1518 nonnisi
400 1491 425 1518 in
443 1492 508 1518 solis
523 1500 555 1518 ex
571 1500 601 1520 se
616 1498 710 1520 mutuo
725 1494 947 1521 successionibus
960 1503 1023 1530 per—

235 1535 346 1563 durare.
363 1536 455 1571 Neque
481 1538 552 1564 enim
573 1539 644 1572 quod
661 1543 722 1565 ortu
748 1544 838 1571 caret.
860 1540 922 1567 inde
943 1548 1019 1567 suam

236 1580 338 1608 habere
360 1581 644 1616 incorruptibilitatem
673 1588 771 1616 potest,
795 1585 866 1617 quod
892 1592 973 1611 uuunt
993 1585 1019 1612 in

236 1626 350 1654 alterius
377 1627 464 1654 locum
493 1627 640 1655 identidem
673 1630 819 1656 succedere
845 1631 997 1665 cogitemus
1014 1639 1023 1657 :

236 1672 284 1700 sed
294 1673 364 1708 quod
379 1674 403 1700 id
415 1681 463 1708 per
472 1675 601 1709 seipsum,
615 1679 695 1708 atque
705 1682 738 1701 ex
751 1681 857 1702 suamet
873 1675 1024 1704 subsisten—

239 1718 288 1750 tia,
308 1719 361 1746 tale
378 1720 422 1746 sit.
443 1720 527 1748 Porro
541 1721 669 1747 mundum
685 1729 793 1756 quoque
809 1721 896 1756 ipsum
922 1723 1024 1750 habere

237 1771 340 1797 ortum,
365 1767 447 1794 exiis
463 1772 506 1794 est
524 1767 709 1799 manifestum,
739 1769 810 1802 quod
834 1776 893 1802 qua:
916 1769 941 1796 iu
968 1770 1026 1804 ipso

239 1816 313 1842 sunt,
331 1812 411 1847 ignis.
428 1820 508 1846 aqua,
526 1817 609 1845 terra,
624 1821 681 1844 aer,
697 1819 788 1840 ortum
813 1814 942 1842 habeant.
963 1815 1026 1844 Harc

238 1857 310 1885 enim
336 1858 455 1891 quotidie
481 1859 661 1892 particulatim
685 1865 713 1886 et
740 1867 963 1894 corrumpuntur,
998 1868 1026 1889 et

239 1903 396 1938 gignuntur.
414 1902 529 1930 Rursum
549 1911 638 1932 autem
664 1906 736 1940 quod
761 1912 834 1932 terra
861 1909 1027 1942 corruptibi-

239 1949 275 1977 lis
294 1950 338 1981 sit,
354 1958 385 1976 ex
406 1950 438 1976 iis
454 1951 621 1984 perspicuum
639 1953 740 1985 evadit,
759 1954 832 1988 qttod
856 1955 912 1981 sive
933 1955 1024 1987 homo,

242 1994 301 2022 sive
318 1995 370 2022 alia
390 1995 516 2022 animalia
541 2003 761 2032 corrumpantur.
781 2000 806 2025 in
835 2004 935 2026 terram
962 2007 1027 2027 con-

242 2046 393 2068 vertantur.
410 2040 477 2068 Nam
502 2043 572 2076 quod
594 2042 652 2070 haec
668 2043 694 2069 in
717 2043 789 2070 illam
804 2050 1026 2078 corrumpantur,

242 2091 404 2120 argumento
420 2087 512 2122 utique
528 2092 580 2121 est,
598 2095 631 2115 ex
648 2089 692 2115 illa
714 2089 771 2123 ipsa
794 2095 922 2125 corrupta
938 2097 1027 2118 ortum

242 2139 322 2159 suum
346 2132 423 2159 initio
443 2133 592 2167 accepisse.
613 2133 690 2160 Adde
711 2134 782 2168 quod
804 2135 952 2161 etiamnum
969 2135 1029 2161 ani-

242 2179 344 2204 mantia
365 2178 492 2213 pleraque
513 2186 548 2206 ex
573 2179 624 2206 hac
644 2187 722 2206 versa
741 2184 822 2214 atque
838 2184 965 2213 corrupta
987 2180 1028 2213 qi-

1069 946 1129 973 τόδε
1142 946 1172 972 τὸ
1187 947 1242 972 πᾶν
1257 946 1389 981 ἀγένητον
1406 946 1428 962 ⁸⁵
1448 944 1517 973 εἶναι
1535 946 1741 980 διανιστάμενος
1761 947 1860 981 (olent

1069 992 1124 1027 γὰρ
1141 993 1174 1018 ἐκ
1191 993 1239 1026 τῆς
1263 992 1423 1026 ὑπολήψεως
1446 992 1496 1027 τῆς
1524 992 1569 1017 τὸν
1596 993 1711 1027 κόσμον.
1725 991 1862 1026 ἁγένητσν

1070 1039 1210 1073 ποιούσης,
1235 1039 1340 1066 ἐκεῖθεν
1362 1039 1408 1065 καὶ
1432 1038 1463 1065 τὺ
1479 1038 1528 1073 τῆς
1547 1039 1718 1073 εἱμαρμένης
1740 1046 1862 1074 συγκρο-

1071 1085 1178 1111 τεῖσθαι
1196 1084 1321 1120 πλάσμα)
1338 1085 1453 1119 περατοϊ
1471 1084 1517 1110 τὸν
1531 1083 1553 1110 α’
1577 1083 1666 1117 λόγον,
1695 1083 1742 1110 καὶ
1765 1083 1795 1110 ὲν
1820 1081 1864 1118 τῷ

1072 1130 1094 1166 β’
1106 1130 1153 1157 τοῦ
1169 1130 1252 1157 αὐτοῦ
1267 1130 1305 1166 μὴ
1329 1130 1513 1164 ἀφιστάμενος
1529 1128 1731 1164 ἀγωνίσματος.

1106 1176 1151 1202 Διὸ
1176 1176 1224 1202 καὶ
1245 1176 1274 1202 ὲν
1296 1175 1335 1210 τῷ
1363 1174 1379 1201 ι’
1395 1174 1536 1210 κεφαλαίῳ
1548 1174 1662 1208 γενητὸν
1677 1171 1746 1200 εἶναι
1761 1173 1808 1200 τόν
1829 1181 1865 1200 τε

1071 1223 1174 1257 κόσμον
1190 1222 1237 1248 καὶ
1254 1221 1300 1248 τδν
1314 1222 1343 1247 ἐν
1361 1220 1436 1256 αὐτῷ
1459 1220 1603 1256 ἄνθρωπον
1631 1219 1786 1250 ἐπιδεικνὺς
1808 1215 1864 1246 ὦδέ

1071 1276 1130 1299 πως
1142 1266 1277 1294 εἰσϐάλλει
1299 1266 1367 1302 πρὸς
1383 1265 1433 1301 τὴν
1454 1266 1643 1300 ὲπιχείρησιν’
1674 1265 1761 1296 Ἐπεὶ,
1780 1264 1863 1299 φησὶ,

1071 1311 1126 1340 τῶν
1139 1311 1210 1338 κατὰ
1224 1311 1305 1345 μέρος
1316 1310 1467 1346 ἀνθρώπων
1480 1310 1596 1341 ἕκαστος
1608 1309 1726 1344 φθαρτός
1741 1309 1798 1335 ἐστι
1812 1309 1865 1335 καὶ

1071 1358 1194 1393 γενητὸς,
1212 1357 1291 1392 δῆλον
1306 1356 1343 1388 ὡς
1360 1357 1407 1383 καὶ
1419 1357 1435 1390 ή
1448 1355 1550 1383 τούτων
1564 1355 1646 1389 φύσις
1655 1355 1695 1387 είς
1706 1354 1755 1389 τὴν
1763 1354 1867 1388 ὁμοίαν

1072 1404 1168 1438 ἄγεται
1185 1403 1271 1434 λύσιν,
1286 1403 1315 1429 ὲν
1339 1402 1434 1437 μόναις
1457 1403 1517 1433 ταῖς
1541 1401 1570 1433 ἐξ
1591 1401 1713 1435 ἀλλήλων
1727 1400 1868 1434 διαδοχαῖς

1071 1449 1236 1485 διαμένουσα
1246 1457 1253 1464 ·
1269 1449 1299 1475 τὸ
1310 1449 1363 1483 γὰρ
1379 1448 1511 1482 ἀγένητον
1521 1448 1571 1473 οὐκ
1586 1447 1614 1473 ὲν
1623 1447 1646 1462 ⁸⁸
1657 1447 1794 1481 διαδοχαῖς
1807 1447 1868 1472 ἐπι-

1073 1495 1216 1530 νοούμενον
1243 1495 1299 1530 ἔχει
1325 1494 1356 1521 τὸ
1379 1494 1529 1529 ἄφθαρτον,
1544 1493 1612 1520 ἀλλὰ
1633 1492 1694 1520 καθ’
1711 1491 1792 1518 ἑαυτὸ
1818 1492 1869 1518 καὶ

1074 1542 1145 1568 κατὰ
1158 1542 1207 1576 τὴν
1218 1541 1287 1568 ίδίαν
1301 1540 1525 1567 ὑπόστασιν.”οτι
1534 1540 1561 1566 δὲ
1572 1540 1585 1565 ὁ
1598 1539 1699 1574 κόσμος
1710 1538 1824 1573 γενητὸς
1831 1538 1867 1569 ⁸⁷,

1073 1588 1152 1624 δῆλον
1178 1587 1208 1620 ἔξ
1227 1585 1264 1614 ὧν
1281 1587 1328 1614 καὶ
1342 1587 1376 1613 τὰ
1393 1588 1422 1613 ἐν
1436 1586 1510 1621 αὐτῷ
1525 1587 1638 1621 γενητὰ,
1659 1585 1715 1620 πῦρ
1728 1584 1776 1611 καὶ
1792 1583 1871 1618 ὕδωρ

1074 1635 1122 1661 καὶ
1136 1634 1172 1669 γῆ
1193 1635 1240 1660 καὶ
1254 1634 1325 1668 ἀήρ·
1341 1633 1390 1660 καὶ
1409 1633 1464 1667 γὰρ
1486 1632 1572 1658 ταῦτα
1598 1629 1674 1666 παρὰ
1692 1629 1775 1664 μέρος
1799 1628 1872 1655 καθ’

1074 1679 1194 1713 ἑκάστην
1208 1679 1254 1705 καὶ
1266 1678 1409 1712 φθείρεται
1426 1677 1474 1704 καὶ
1489 1677 1603 1710 γίνεται.
1621 1675 1684 1711 [ϐϋι
1700 1673 1746 1710 IL]
1764 1674 1826 1701 ’Ὁτι
1838 1673 1873 1700 δ)

1075 1725 1158 1752 πάλιν
1172 1725 1188 1759 ἡ
1203 1725 1237 1758 γῆ
1249 1723 1367 1758 φθαρτὴ,
1377 1723 1457 1758 δῆλον
1470 1722 1499 1756 ἐξ
1512 1719 1549 1748 ὧν
1563 1723 1604 1753 εἰς
1616 1721 1667 1756 γῆν
1680 1721 1727 1747 καὶ
1740 1721 1753 1746 ὁ
1763 1719 1875 1754 ἄνθρω-

1075 1780 1127 1803 πος
1140 1770 1187 1797 καὶ
1200 1770 1233 1797 τὰ
1244 1770 1312 1797 ἄλλα
1325 1769 1379 1796 τῶν
1390 1769 1467 1800 ζώων
1479 1767 1645 1802 φθειρόμενα
1657 1765 1873 1802 μεταϐάλλεται·

1075 1818 1106 1845 τὺ
1119 1818 1173 1853 γὰρ
1186 1818 1225 1849 εἰς
1239 1817 1341 1851 ταύτην
1354 1815 1514 1851 φθείρεσθαι
1530 1814 1666 1846 ἀπόδειξίς
1677 1813 1734 1839 ἐστι
1746 1811 1793 1838 τοῦ
1802 1812 1826 1827 ⁸⁸
1837 1813 1875 1838 ὲκ

1075 1865 1178 1898 ταύτης
1192 1862 1342 1897 φθαρείσης
1356 1861 1417 1887 κατ’
1433 1860 1520 1895 ἀρχὰς
1535 1858 1622 1886 ταῦτα
1639 1857 1778 1892 γενέσθαι.
1794 1856 1875 1892 Πλὴν

1077 1909 1124 1934 καὶ
1141 1908 1188 1934 νῦν
1207 1907 1247 1932 ἔτι
1262 1906 1297 1932 τὰ
1308 1907 1329 1922 ⁶⁹
1346 1905 1431 1931 πολλὰ
1447 1904 1501 1931 τῶν
1514 1903 1592 1936 ζώων
1606 1903 1709 1937 ταύτης
1733 1901 1875 1937 τρεπομέ-

1076 1962 1126 1988 νης
1138 1953 1184 1978 καὶ
1201 1951 1384 1987 φθειρομένης
1399 1950 1504 1985 γίνεται
1528 1958 1558 1975 τε
1581 1950 1628 1975 καὶ
1643 1948 1815 1974 συνίσταται.
1834 1946 1876 1972 Τὸ

1077 1999 1106 2026 δὲ
1121 1999 1289 2034 τρεπόμενον
1307 1998 1332 2024 εί
1349 1997 1395 2024 καὶ
1412 1997 1449 2031 μὴ
1465 1995 1599 2031 πρόδηλον
1615 1994 1672 2030 εἶχε
1688 1994 1736 2028 τὴν
1753 1992 1873 2027 φθορὰν,

1079 2045 1137 2076 πῶς
1162 2044 1196 2071 ἂν
1212 2046 1255 2079 εἴη
1270 2044 1418 2078 ἀγένητον;
1439 2041 1534 2078 Τροπὴ
1550 2041 1605 2076 γὰρ
1630 2041 1705 2066 πᾶσα
1728 2038 1774 2065 τοῦ
1797 2039 1875 2064 κατὰ

1078 2091 1159 2126 φύσιν
1179 2090 1405 2126 προϋπάρχοντος
1431 2089 1478 2115 καὶ¹
1502 2087 1622 2122 μάλιστα
1642 2087 1692 2121 τῆς
1719 2085 1874 2119 ἁγενησίας

1078 2137 1248 2171 καθέστηκεν
1262 2135 1410 2166 ἔκπτωσις.
1425 2135 1456 2161 Ei.
1475 2134 1504 2160 δὲ
1519 2132 1553 2169 ἦν
1568 2133 1700 2168 ἀγένητον
1715 2130 1873 2165 ἄνθρωπος,

1079 2183 1138 2214 πῶς
1164 2182 1217 2209 ὑπὸ
1240 2182 1289 2217 τῆς
1313 2181 1447 2215 γενέσεως
1471 2181 1531 2215 ἦτοι
1556 2180 1606 2214 τῆς
1632 2177 1803 2213 εἱμαρμένης
1831 2176 1872 2202 δι-

242 2230 373 2259 guuntur,
389 2230 416 2251 et
431 2225 505 2251 ﬂant.
526 2225 601 2257 Quod
626 2229 714 2252 autem
738 2226 916 2257 convertitur,
943 2227 1019 2254 etiatr

1078 2228 1198 2264 ῳκεῖτ’⁷⁰
1213 2229 1264 2262 (iv;
1287 2228 1324 2254 Τὸ
1337 2229 1393 2263 γὰρ
1408 2227 1540 2262 ἀγένητον
1555 2227 1586 2252 οὺ
1603 2223 1689 2251 δεῖταί
1706 2231 1778 2254 τινος
1791 2222 1877 2249 ἀλλο-

242 2269 265 2296 si
284 2269 354 2297 forte
371 2271 459 2297 minus
473 2269 554 2297 fuerit
567 2270 708 2297 manifesta
720 2271 779 2305 ejus
791 2271 940 2306 corruptio,
961 2280 1028 2306 quo-

1081 2273 1156 2308 τρίου
1176 2273 1244 2308 πρὸς
1263 2272 1312 2308 τὴν
1332 2273 1400 2299 ἰδίαν
1420 2271 1560 2298 σύστασιν.

245 2318 325 2344 modo
355 2318 380 2344 id
413 2324 474 2345 ortu
501 2326 596 2346 carere
612 2319 714 2354 possit?
738 2319 870 2352 Quoniam
904 2322 994 2347 omnis
1029 2321 1144 2348 mutatio
1167 2321 1225 2356 ejus
1244 2321 1316 2356 quod
1342 2326 1420 2348 antea
1444 2328 1492 2348 sua
1528 2325 1622 2346 natura
1649 2317 1809 2348 exsistebat,
1832 2317 1877 2344 vel

245 2366 364 2392 maxime
381 2365 407 2392 in
417 2373 498 2393 causa
511 2374 571 2393 esse
584 2366 663 2400 solet,
679 2374 727 2394 cur
745 2367 770 2393 id
783 2372 843 2394 ortu
857 2375 909 2394 non
940 2372 1025 2395 creat.
1044 2376 1104 2396 eam
1120 2370 1143 2396 si
1161 2374 1238 2396 ortus
1253 2371 1343 2397 omnis
1363 2376 1462 2404 expers
1489 2368 1584 2395 inisset
1611 2366 1727 2394 hominis
1763 2370 1877 2398 natura,

246 2411 380 2445 quomodo
393 2419 452 2438 eam
474 2416 520 2439 aut
540 2413 647 2445 genesis
660 2417 706 2439 aut
732 2412 816 2440 fatum
840 2414 1028 2448 dispensaret?
1041 2415 1105 2442 Nam
1120 2415 1192 2451 quod
1207 2420 1267 2444 ortu
1294 2421 1380 2448 caret,
1409 2415 1521 2442 alterius
1561 2420 1733 2448 nequaquam
1757 2412 1877 2446 indiget,

245 2464 275 2486 ut
291 2460 430 2487 subsistat.

286 2505 313 2532 Si
339 2507 399 2539 quis
423 2511 514 2533 autem
535 2506 592 2541 ipsa
626 2513 717 2533 rerum
750 2506 886 2534 evidentia
913 2513 1019 2534 coactus

1120 2507 1151 2534 Εἰ
1165 2507 1193 2533 δέ
1207 2516 1250 2538 τις
1265 2506 1317 2534 ὑπὸ
1331 2507 1382 2542 τῆς
1394 2506 1448 2533 τῶν
1462 2506 1636 2541 πραγμάτων,
1647 2505 1793 2539 ἐναργείας
1816 2506 1879 2541 βια-

247 2551 359 2579 forsitan
372 2551 500 2584 fateatur,
515 2558 574 2579 orta
592 2553 700 2588 quidem
725 2561 788 2580 esse
808 2561 869 2580 cum
885 2555 1019 2582 terrestria

1083 2552 1196 2588 ζόμενος
1217 2552 1343 2587 ὁμολογεῖ
1360 2552 1461 2586 γενητὰ
1478 2551 1527 2586 μὲν
1542 2549 1661 2577 εἶναιτὰ
1683 2551 1728 2577 ἐπὶ
1752 2551 1807 2585 γῆς
1831 2553 1879 2577 καὶ

248 2604 304 2626 tum
325 2600 448 2634 aquatica
463 2604 490 2627 et
505 2607 582 2627 aerea
601 2609 607 2627 :
626 2600 675 2627 scd
703 2600 776 2628 illaut
794 2605 883 2628 tamen
901 2602 1019 2636 genesim

1084 2598 1220 2634 θαλάττης
1234 2599 1281 2625 καὶ
1295 2598 1330 2624 τὰ
1344 2598 1373 2624 ἐν
1388 2598 1448 2633 ἀέρι
1458 2618 1466 2630 ,
1482 2598 1531 2633 τὴν
1544 2597 1572 2623 δὲ
1587 2598 1673 2624 ταῦτα
1688 2597 1879 2623 ἀποτελοῦσαν

249 2652 296 2680 per
310 2652 392 2678 quam
411 2645 468 2672 haec
485 2646 678 2680 perﬁciantur,
704 2654 785 2674 cursu
813 2654 863 2674 suo
876 2646 1019 2674 COIIlilllﬂlll

1083 2646 1190 2680 γένεσιν
1206 2645 1356 2680 τρέχουσαν
1371 2644 1481 2680 διηνεκῆ
1496 2643 1582 2680 φορὰν
1591 2644 1617 2659 ⁸η·
1629 2644 1676 2670 καὶ
1689 2643 1823 2678 ἀγένητον
1839 2645 1880 2670 ὲν-

247 2691 405 2724 quamdam,
431 2696 460 2719 et
480 2697 557 2719 ortus
586 2697 725 2727 expertem
752 2692 955 2728 corruptionem
977 2692 1019 2720 elll

1082 2692 1184 2726 εργεῖν,
1198 2690 1245 2717 καὶ
1256 2689 1421 2725 ἐργάζεσθαι
1434 2690 1469 2717 τὰ
1483 2690 1670 2726 προειρημένα
1681 2689 1771 2716 πάντα
1783 2689 1881 2721 ἁῖδίως

889 2768 1007 2796 VARI/IS
1028 2767 1232 2796 LECTIONES.

286 2828 307 2843 θ’
320 2826 351 2862 δή
364 2827 386 2853 Δ
402 2835 408 2854 :
423 2826 451 2853 δὲ
462 2836 492 2859 ς.
530 2827 554 2843 ⁸³
568 2827 598 2854 ὃν
615 2827 744 2854 Scholtus
760 2833 766 2852 :
782 2825 841 2853 libri
855 2823 904 2853 ὧν.
920 2861 923 2862 ν
943 2825 964 2841 ⁸⁸
979 2825 1024 2851 ναὶ
1037 2824 1058 2851 Δ
1073 2824 1196 2862 [καις.
1216 2823 1249 2862 _“
1270 2823 1417 2862 ἀγέννητον
1433 2823 1464 2862 A.

1516 2823 1539 2838 “
1552 2823 1612 2849 ἐνᾹ
1627 2831 1635 2852 ;
1652 2823 1684 2850 ἂν
1701 2832 1730 2855 ς.
1771 2823 1796 2839 ⁸⁷
1815 2832 1880 2857 γεν-

250 2863 330 2897 νητὴς
346 2861 381 2883 7—
395 2862 510 2898 γεννητὰ
524 2871 554 2895 ς.
593 2863 614 2879 δε
627 2862 685 2898 τοῦ]
705 2862 765 2890 libri
785 2861 824 2889 τό.

863 2862 885 2878 δν
898 2861 932 2888 τὰ
947 2869 1001 2888 om.
1017 2861 1050 2888 Α.
1089 2859 1112 2876 ⁷⁸
1134 2859 1197 2889 libri
1214 2859 1346 2893 Giotxait’,
1369 2865 1394 2887 et
1408 2859 1487 2894 paulo
1502 2863 1563 2894 post
1582 2859 1645 2886 an).
1683 2859 1703 2875 "'
1718 2858 1826 2894 φουρὶν
1844 2868 1878 2893 ς.
