1920 3090
37 125 84 158 833

544 122 807 153 BIBLIOTHECA.
828 133 860 140 -
880 121 962 152 COD.
975 121 1132 152 CCXXIII.

1608 125 1661 158 836

36 184 78 211 καὶ
86 181 229 216 ἀγένητον,
237 177 353 206 αὖτόθεν
360 178 417 215 ἔχει
430 179 476 206 τὸν
486 178 608 214 ἔλεγχον.
617 179 654 205 Οὐ
663 178 718 213 γὰρ
729 176 785 205 οἷόν
795 186 825 205 τε

880 184 948 209 cere,
970 177 1079 212 illaque,
1094 176 1227 212 quatiam
1259 177 1389 211 diximus.
1414 179 1507 208 omnia
1532 187 1662 216 perpetuo

37 230 99 258 αὐτὰ
108 229 158 264 μὲν
174 226 247 254 εἶναι
262 226 364 261 γενητὰ
378 225 427 252 καὶ
440 225 490 252 οὐκ
500 225 584 257 ἀΐδια,
594 224 681 251 ἀΐδιον
691 223 720 250 δὲ
730 223 819 250 αὐτῶν

37 277 78 312 τὴν
95 275 241 311 διοίκησιν.
257 273 299 300 Τὰ
313 273 367 308 γὰρ
378 272 444 299 ὄντα
463 280 505 303 τις
527 271 678 306 συγκρατεῖ
693 270 742 297 καὶ
755 270 821 296 διοι-

38 323 83 352 κεί,
96 321 130 347 τὰ
143 320 173 346 δὲ
187 319 239 346 οὒκ
247 318 312 345 ὅντα
325 318 457 353 πρότερον
472 318 544 344 ποιεῖ
556 317 616 352 μὲν,
627 313 687 343 εἷτα
703 316 822 350 κυὸερνᾷ

37 366 78 393 καὶ
92 366 209 392 διοικεῖ*
227 364 259 391 οὗ
286 363 339 399 μὴν
363 363 417 396 πρὸ
443 363 490 390 τοῦ
515 362 642 396 γενέσθαι
664 362 760 389 διοικεῖ
775 361 823 388 καὶ

39 412 152 447 κυὸερνᾷ
164 411 199 438 τὰ
218 411 257 446 μὴ
271 410 345 443 ὅντα,
359 407 420 437 εἶτα
434 410 605 444 δημιουργεῖ.

870 227 898 251 et
910 223 971 250 sine
996 227 1059 250 ortu
1078 222 1198 257 operari,
1223 223 1268 251 hic
1285 228 1390 252 suamet
1415 225 1501 260 ipsius
1525 227 1661 255 sententia

870 268 1051 304 redarguitur.
1063 267 1120 296 Non
1141 268 1213 296 enim
1230 269 1288 296 ﬁeri
1303 274 1391 304 potest
1413 276 1441 298 ut
1457 271 1514 299 lucc
1528 272 1622 299 eadem
1635 278 1664 300 et

871 320 931 343 orta
947 321 975 342 et
992 323 1046 343 non
1061 315 1226 350 sempiterna
1238 316 1303 349 sint,
1319 322 1347 344 et
1363 321 1453 345 tamen
1467 319 1660 352 sempiternam

872 362 1018 388 admittant
1047 361 1290 396 dispensationem.
1319 362 1386 390 Nam
1418 371 1450 390 ea
1471 365 1579 398 quidem
1602 373 1663 398 qua:

871 407 1006 434 exsistunt
1020 407 1090 434 tueri
1105 407 1239 441 quispiam
1255 415 1287 435 ac
1302 408 1458 443 dispensare
1473 414 1560 445 potest
1578 419 1584 436 :
1600 419 1662 446 qua:

38 465 95 484 vero
111 464 164 483 non
180 455 327 486 exsistunt,
343 454 460 486 primum
485 454 561 486 facit.
575 461 612 480 ac
635 458 691 480 tum
707 453 813 480 demum
835 451 968 486 gubernat
994 457 1076 486 atque
1100 451 1259 487 dispensat:
1277 462 1330 481 non
1356 459 1445 482 autem
1476 456 1562 490 prius,
1599 465 1660 492 quas

39 512 85 532 non
100 506 176 534 sunt,
191 501 331 535 dispensat
346 505 428 534 atque
450 499 592 534 gubernat.
608 506 639 525 ac
652 498 748 526 deinde
767 497 863 524 eadem
877 501 962 525 creat.

67 547 172 584 Γενητὰ
184 547 214 573 δέ
230 555 297 581 φησι
309 547 344 573 τὰ
356 547 475 581 στοιχεῖα
490 546 538 572 καὶ
553 545 583 577 ἐξ
595 542 633 572 ὧν
646 545 742 579 ὁρᾶται
757 543 824 571 καθ’

39 595 151 628 ἑκάστην
178 593 301 628 ἀλλήλων
328 592 458 627 δεόμενα·
481 592 512 619 τὸ
538 591 593 626 γὰρ
618 591 752 625 ἀγένητον
777 589 824 617 καὶ

38 642 165 675 ἄτρεπτον
184 639 232 666 καὶ
248 638 382 669 ἀνενδεές.
399 639 488 664 Δείται
503 637 532 664 δὲ
549 637 584 663 τὰ
599 638 719 672 στοιχεῖα
741 635 823 671 ἀλλή-

39 686 85 712 λων
102 685 150 712 καὶ
167 685 208 716 εἰς
227 684 258 710 τδ
271 683 335 720 [544
347 682 394 719 ἢ]
413 682 548 714 σώζεσθαι
563 683 611 710 καὶ
626 684 665 714 εἰς
678 683 710 709 τὺ
727 682 823 714 σώζειν

38 730 68 756 τὰ
80 731 108 756 ὲν
125 729 219 760 αὐτοῖς
236 728 305 760 ζῶα.
316 727 344 753 Ὀ
360 727 388 753 δὲ
402 727 504 761 κόσμος
525 726 586 758 ὅλος
606 726 729 761 γενητὸς,
745 725 775 757 ἐξ
786 722 823 752 ὧν

39 777 79 803 καὶ
94 774 221 806 σύνθεσις
238 775 346 808 ὁρᾶται,
363 773 392 805 ἐξ
409 772 524 807 οὐρανοῦ
542 772 589 798 καὶ
604 772 655 806 γῆς
668 772 716 798 καὶ
730 771 784 797 τῶν
796 771 825 797 ὲν

40 821 109 856 μέσῳ
126 818 318 853 συγκείμενος.
337 817 369 844 El.
392 818 448 852 γὰρ
468 818 515 844 καὶ
537 817 631 852 ὥσπερ
653 816 792 851 ὀφθαλμὸς
805 816 823 851 ἦ

38 865 139 900 κεφαλὴ
156 864 205 891 τοῦ
228 864 322 891 λοιποῦ
346 863 483 898 σώματος,
497 862 583 894 οὕτως
604 863 619 889 ὁ
635 863 748 897 οὐρανὸς
769 862 825 890 τῶν

38 911 176 947 κωμικῶν
192 911 333 946 στοιχείων
355 910 387 936 τὸ
401 909 574 945 τιμιώτατον,
593 909 650 935 ἀλλ’
667 907 714 935 οὖν
729 909 824 944 ὥσπερ

38 957 140 992 κεξαλὴ
162 957 210 984 καὶ
225 956 364 991 ὀφθαλμὸς
374 976 382 988 ,
397 955 449 983 κᾶν
470 955 645 990 τιμιώτατον,
664 955 826 990 ὁμοιοπαθεῖ

38 1003 71 1038 τῷ
84 1001 174 1037 λοιπῷ
192 1000 311 1036 σώματι,
333 1001 405 1028 οὕτω
427 1000 474 1028 καὶ
490 1001 605 1036 οὐρανὸς
619 1002 654 1035 γῇ
679 1001 726 1027 καὶ
750 1000 825 1026 ὕδατι

39 1049 81 1075 xz".
95 1049 160 1084 ἀέρι
175 1047 224 1074 καὶ
243 1048 300 1078 τοῖς
323 1047 352 1073 ὲν
367 1046 443 1081 αὐτῷ
457 1046 587 1081 φθαρτοῖς
609 1046 711 1072 ἇπασιν
733 1046 825 1080 ὁμοιο-

39 1093 123 1129 παθὴς
137 1094 270 1128 ὑπάρχων
281 1092 330 1127 τὴν
342 1092 434 1127 κοινὴν
445 1091 548 1127 φθορὰν
558 1091 589 1119 οὺ
601 1091 736 1126 διέφυγεν.
746 1091 826 1118 Ἀλλὰ

39 1142 88 1174 γὰρ
102 1139 164 1171 πῶς
180 1139 216 1166 τὰ
236 1137 411 1173 διοικούμενα
424 1137 477 1164 ὑπὸ
493 1137 626 1171 γενέσεως
638 1138 775 1173 arcton-ta;
790 1137 827 1164 ’Ἡ

39 1186 94 1216 πῶς
110 1185 146 1212 τὰ
160 1185 202 1216 εἰς
213 1184 244 1211 τὸ
259 1181 329 1211 εἶναι
349 1183 450 1218 ἑτέρων
472 1183 510 1219 μὴ
529 1183 659 1218 δεηθέντα
675 1183 716 1214 είς
731 1183 827 1219 χρείαν

39 1230 117 1266 ἦλθεν
140 1229 287 1266 ἀλλοτρίας
304 1229 472 1264 διοικήσεως,
490 1228 537 1255 καὶ
553 1228 656 1264 ταύτης
683 1228 734 1256 οὐκ
759 1229 828 1263 ἀγα-

41 1276 103 1310 θῆς
119 1275 154 1301 Τί
175 1275 205 1301 δὲ
221 1274 277 1301 ἀπὸ
289 1273 337 1300 τοῦ
350 1273 510 1300 διοικεῖσθαι
533 1275 658 1309 κρεῖττον
672 1273 728 1307 ἔξει
744 1282 827 1309 προσ-

40 1322 120 1355 ούσης
135 1320 231 1351 αὐτοῖς
242 1319 403 1354 ἀγενησίαςς
417 1318 514 1346 Καίτοι
531 1318 619 1354 τροπὴ
633 1319 710 1345 πᾶσα.
721 1318 828 1353 φύσεως

41 1367 173 1402 ἁγενήτου
199 1365 289 1400 φθορὰ
309 1366 357 1392 καὶ
379 1364 507 1396 ἔκστασις
522 1364 615 1396 οὐσίας
630 1364 758 1400 ἀνάρχου.
774 1365 830 1391 Καὶ

42 1413 95 1444 πῶς
110 1412 215 1447 ἡνεγκι
229 1410 266 1437 τὰ
279 1411 400 1445 ἀγένητα
412 1410 464 1437 ὑπὸ
477 1410 611 1445 γενέσεως
621 1411 644 1426 ⁷³
669 1410 829 1438 διοικεῖσθαι

41 1459 88 1485 σῦκ
101 1458 151 1484 ἐπὶ
166 1457 199 1484 τὸ
213 1456 335 1492 σωθῆναι
345 1456 368 1473 ⁷³
381 1457 474 1488 αὐτοῖς
496 1456 527 1483 τὺ
548 1457 691 1492 ἀγένητον,
715 1457 772 1484 ἀλλ’
785 1457 830 1484 ἐπὶ

41 1505 68 1531 τὸ
84 1503 278 1539 φυλαχθῆναις
294 1502 326 1529 El
345 1502 373 1529 δέ
389 1511 432 1534 τις
446 1503 577 1538 ἀγένητον
591 1502 665 1537 λέγοι
679 1503 769 1529 αὐτῶν
782 1503 831 1538 τὴν

40 1550 155 1587 τροπὴν,
163 1549 196 1576 τδ
207 1549 317 1595 πάντων
329 1547 530 1584 ἀδυνατώτερον
540 1549 645 1595 εἰσάγει
655 1557 662 1565 ·
675 1549 764 1584 τροπὴ
776 1549 830 1584 γὰρ
844 1565 865 1595 c

42 1597 126 1628 πάθος
138 1595 216 1622 ἐστὶν
230 1594 393 1630 ἀρχόμενον,
409 1595 458 1621 καὶ
473 1595 523 1621 οὐκ
538 1594 571 1622 ἄν
583 1603 626 1627 τις
639 1595 712 1621 εῐποι
725 1595 831 1631 τροπὴν

42 1644 170 1678 ἄναρχον,
185 1641 241 1668 Καὶ
259 1640 406 1676 συντόμως
428 1640 527 1672 εἰπεῖν,
543 1639 598 1666 τῶν
621 1640 761 1675 στοιχείων
786 1640 833 1669 καὶ

42 1689 92 1715 τῶν
119 1687 266 1721 ἐξαύτῶν
290 1686 368 1719 ζώων
390 1695 421 1713 τε
443 1686 491 1714 καὶ
516 1686 650 1721 σωμάτων
664 1687 681 1722 ἡ
696 1686 834 1720 πάνσοφος

43 1734 140 1769 τῳπὴ,
154 1734 204 1760 καὶ
219 1733 274 1760 τῶν
296 1732 443 1768 σχημάτων
465 1731 512 1759 καὶ
534 1731 687 1767 χρωμάτων
711 1731 759 1758 καὶ
779 1731 834 1758 τῶν

43 1779 128 1806 ἄλλων
147 1778 302 1812 ποιοτήτων
317 1778 334 1813 ή
347 1776 456 1812 ποικίλη
471 1776 588 1812 διαφορὰ
606 1776 686 1812 μόνον
700 1776 761 1811 οὐχ).
776 1785 834 1810 φω-

44 1825 88 1861 νὴν
110 1825 214 1860 ἀφίησι
228 1825 298 1860 μήτε
313 1823 447 1859 ἀγένητον
464 1823 533 1859 μήτε
548 1823 699 1857 αὐτόματον
714 1823 834 1857 νομίζειν

44 1872 86 1898 τὸν
109 1871 217 1906 κόσμον
229 1891 237 1904 ,
253 1870 318 1906 μήτ’
331 1867 365 1897 αὖ
380 1869 559 1904 ἀπρονόητον,
578 1868 642 1904 {665
656 1867 701 1904 IL]
726 1868 791 1895 Θεὸν
807 1868 836 1895 δὲ

44 1918 134 1949 αὐτοῖς
147 1917 198 1944 καὶ
210 1917 242 1943 τὸ
253 1914 323 1943 εἷναι
337 1915 424 1942 καὶτὸ
436 1913 466 1942 εὖ
480 1913 550 1942 εἴναι
565 1915 773 1950 παρασχόμενον
789 1923 837 1942 σα-

44 1964 101 1998 φῶς
116 1963 220 1990 ειδέναι
235 1963 285 1990 καὶ
296 1962 466 1994 demam»;
477 1961 653 1989 ἐπίστασθαι.

908 544 1005 572 Ortum
1020 549 1110 571 autem
1132 544 1233 571 habere
1258 545 1340 571 etiam
1361 545 1506 578 elementa,
1521 547 1562 574 vel
1577 555 1610 575 ex
1626 557 1659 576 eo

873 588 962 620 docet,
976 589 1047 624 quod
1064 593 1159 616 mutuo
1173 590 1231 617 haec
1247 591 1368 624 quotidie
1380 591 1502 619 subsidio
1516 600 1596 627 egere
1620 595 1661 621 vi-

871 635 994 662 deamus.
1019 636 1151 669 Quoniam
1165 637 1236 670 qttod
1263 642 1324 664 ortu
1347 643 1433 669 caret,
1459 638 1530 666 idem
1555 647 1662 674 quoque

871 681 1040 708 immutabile
1066 687 1105 708 est
1118 686 1145 709 et
1158 682 1404 718 nulliusindigens.
1424 683 1510 711 Porro
1541 685 1661 720 indigenti

876 731 974 752 mutuo
988 725 1134 759 elementa,
1151 734 1203 753 non
1218 727 1305 754 solutn
1326 733 1356 754 ut
1376 728 1431 762 ipsa
1445 735 1599 764 serventur,
1616 738 1663 757 ve-

876 778 937 798 rum
959 771 1041 798 etiam
1066 776 1096 798 ut
1123 772 1293 805 animantia,
1312 781 1372 807 quas
1400 774 1426 800 in
1459 775 1524 808 ipsis
1547 776 1657 811 degunt,

876 823 1046 844 conservent.
1061 817 1190 845 Mundum
1208 818 1240 845 ad
1258 819 1316 846 haec
1337 823 1421 846 totum
1449 820 1550 849 habere
1572 827 1661 850 ortum

876 867 989 897 apparet
1004 870 1037 890 ex
1054 871 1097 896 eo,
1117 864 1188 897 qttod
1208 864 1281 891 ltunc
1295 866 1663 901 coagtnentationentquam-

876 908 935 934 datn
945 914 1006 934 esse
1018 908 1194 942 percipimus,
1211 916 1226 935 e
1246 908 1326 941 cmlo,
1346 914 1428 942 terra,
1440 917 1590 945 eorumque
1603 919 1664 946 quae

876 952 903 978 in
920 953 1014 979 horum
1039 953 1128 980 medio
1158 958 1223 980 sunt
1244 958 1423 981 constantem.
1448 954 1482 981 Et
1498 962 1563 982 vero
1583 956 1618 989 si,
1635 961 1664 983 ιιι

876 997 971 1025 oculus
990 998 1031 1025 vel
1047 1003 1130 1034 caput
1152 999 1178 1026 in
1195 999 1301 1034 reliquo
1316 1007 1439 1034 corpore.
1457 1001 1497 1028 sic
1516 1006 1544 1028 et
1563 1001 1662 1029 caelum

876 1042 948 1070 inter
954 1043 1044 1070 ntttndi
1053 1048 1144 1077 partes
1152 1044 1354 1078 dignissimum:
1364 1044 1664 1079 omnino,quemadmo-

877 1089 940 1116 dttm
955 1093 1035 1123 caput
1053 1093 1082 1116 et
1096 1089 1202 1120 oculus.
1219 1093 1250 1116 et
1262 1089 1284 1117 si
1302 1089 1458 1123 dignissima
1479 1097 1534 1124 prae
1557 1090 1664 1117 caeteris

877 1134 1011 1166 membra,
1024 1134 1120 1161 iisdem
1134 1142 1194 1162 cunt
1206 1134 1313 1169 reliquo
1327 1141 1440 1169 corpore
1450 1136 1664 1170 permotionibus

877 1179 1068 1214 subjiciuntur,
1080 1180 1120 1206 sic
1133 1180 1214 1207 etiam
1227 1181 1325 1207 ctelutn
1340 1181 1424 1215 (quod
1435 1182 1529 1208 iisdem
1546 1181 1664 1209 motibus

877 1231 938 1251 cum
956 1229 1040 1257 terra,
1057 1225 1153 1261 2090
1170 1233 1238 1260 aqtta
1254 1248 1260 1258 ,
1278 1234 1351 1258 aere,
1374 1232 1401 1254 et
1415 1228 1541 1255 omnibus
1556 1235 1616 1262 qua:
1637 1228 1664 1254 in

879 1277 912 1298 co
930 1276 994 1298 sunt
1008 1272 1230 1305 corruptibilibus
1254 1272 1401 1300 obnoxium
1417 1272 1471 1310 est)
1491 1281 1664 1301 communem

879 1324 1052 1351 nequaquam
1065 1317 1157 1352 ell‘ttgit
1175 1318 1375 1353 corruptionem
1390 1319 1507 1346 :etenim
1519 1319 1664 1353 quomodo.

879 1370 939 1397 quae
955 1371 969 1388 a
985 1363 1091 1396 genesis
1110 1363 1311 1397 dispensatione
1324 1364 1451 1398 pendent,
1468 1369 1529 1391 ortu
1544 1368 1666 1398 careant,

880 1408 922 1435 vel
937 1409 1072 1443 quomodo
1089 1416 1149 1444 quae
1164 1410 1197 1436 ad
1217 1411 1404 1437 exsistendum
1422 1410 1536 1437 aliorutn
1556 1417 1609 1436 nott
1624 1410 1666 1436 itt-

880 1454 1037 1488 diguerunt,
1059 1452 1116 1487 jam
1144 1454 1249 1488 alienze,
1268 1459 1295 1481 et
1324 1455 1432 1489 quidem
1454 1462 1506 1481 non
1529 1455 1605 1482 bona:
1628 1454 1668 1481 di-

884 1500 1066 1534 spensationis
1080 1505 1220 1534 cmperunt
1244 1501 1383 1535 indigere?
1401 1500 1470 1533 Quid
1485 1508 1548 1528 vero
1566 1507 1598 1527 cx
1617 1501 1668 1527 hac

881 1543 1081 1578 dispensatione
1108 1544 1282 1572 emolumenti
1310 1546 1428 1580 capient,
1460 1546 1481 1572 si
1504 1546 1560 1580 jam
1585 1551 1667 1572 antea

882 1595 943 1617 ortu
959 1590 1106 1618 carebant?
1118 1590 1213 1618 Omnis
1235 1591 1334 1625 quippe
1357 1597 1462 1618 naturae
1474 1597 1534 1618 ortu
1549 1592 1668 1618 carentis

881 1636 1008 1670 tnutatio,
1029 1637 1166 1671 corruptio
1184 1641 1234 1668 est,
1252 1642 1334 1670 atque
1353 1638 1464 1665 amissio
1485 1637 1557 1665 illius
1579 1638 1667 1665 exsis-

882 1683 1054 1717 tentize,qum
1067 1683 1201 1717 principio
1211 1683 1331 1710 carebat.
1341 1682 1482 1716 Quomodo
1496 1683 1561 1710 itetn
1579 1683 1668 1718 posuit

881 1736 914 1756 ea
929 1736 989 1764 qua?
1004 1734 1064 1756 ortu
1073 1734 1168 1755 carent
1178 1736 1193 1755 a
1205 1729 1313 1763 genesis
1322 1728 1525 1763 dispensatione
1539 1729 1668 1763 pendere,

883 1783 938 1803 non
954 1781 983 1804 ut
998 1777 1038 1803 eis
1055 1777 1170 1804 donetur
1185 1776 1229 1803 illa
1245 1781 1322 1804 ortus
1333 1784 1430 1811 expers
1446 1781 1552 1809 natura,
1573 1776 1620 1804 sed
1640 1781 1670 1804 ttt

883 1827 1066 1849 conservetur
1087 1821 1257 1858 [duntaxat].
1273 1822 1301 1849 Si
1321 1823 1382 1856 quis
1397 1830 1460 1850 vero
1470 1823 1670 1850 dixeriteorum

884 1869 1060 1896 mutationetn
1088 1873 1149 1895 ortu
1177 1876 1282 1901 carere,
1311 1869 1392 1896 etiatn
1418 1869 1468 1896 ltoc
1490 1869 1579 1901 infert,
1597 1869 1669 1904 quod

885 1915 997 1943 minime
1022 1914 1142 1941 omnium
1174 1914 1233 1941 ﬁeri
1260 1919 1357 1948 potest.
1377 1915 1488 1942 Mutatio
1507 1916 1578 1942 enim
1595 1915 1670 1950 ejus-

886 1961 957 1988 modi
986 1961 1110 1995 qutedam
1126 1960 1234 1988 :tll'ectio
1251 1965 1312 1993 est,
1330 1968 1389 1995 qua:
1407 1962 1569 1996 principium
1586 1962 1669 1988 habet

42 2014 69 2035 et
93 2008 186 2036 nullus
209 2015 327 2042 unquam
344 2007 444 2036 dixerit
466 2007 641 2035 mutationem
667 2014 728 2035 esse
760 2007 819 2035 sine
839 2007 981 2042 principio.
997 2006 1135 2040 Quinimo,
1149 2010 1180 2034 ut
1206 2006 1324 2034 breviter
1345 2007 1452 2038 dicam.
1469 2012 1496 2035 et
1521 2008 1669 2035 elemento-

44 2060 114 2086 rum,
137 2057 167 2081 et
188 2052 331 2088 quaeipsis
346 2052 414 2080 ﬁunt
438 2058 500 2079 cum
527 2051 718 2085 animantium,
745 2056 800 2080 tum
828 2060 972 2087 corporum
996 2052 1195 2086 sapientissima
1221 2053 1354 2086 mutatio,
1386 2053 1532 2088 ﬁgurarum
1553 2055 1586 2081 ad
1613 2056 1670 2082 haec

44 2105 125 2133 atque
136 2099 272 2131 colorum,
286 2103 314 2125 et
329 2097 493 2133 reliquarum
523 2097 684 2132 qualitatum
706 2098 780 2125 varia
808 2098 971 2130 diﬂ'erentia,
1000 2102 1103 2125 tantutn
1127 2106 1180 2126 non
1213 2099 1320 2131 clamat,
1344 2100 1391 2127 "ne
1416 2104 1462 2127 aut
1485 2105 1544 2127 ortu
1577 2091 1671 2129 carere

43 2145 190 2178 mundum,
211 2149 259 2172 aut
281 2150 385 2172 natura
399 2149 495 2179 sponte
515 2145 648 2172 exsistere
671 2149 751 2179 atque
776 2146 834 2172 sine
853 2145 1021 2180 providentia
1046 2151 1106 2172 esse
1135 2149 1273 2180 putemus,
1297 2145 1344 2173 sed
1366 2146 1431 2173 illud
1450 2146 1524 2174 clare
1543 2148 1673 2176 sciamus.

44 2196 70 2218 et
92 2191 249 2218 indubitate
284 2195 424 2218 teneamus
455 2190 539 2217 Deum
565 2190 641 2218 hisce
666 2190 791 2217 omnibus
813 2195 841 2217 et
854 2197 924 2222 esse.
940 2195 968 2218 et
984 2191 1053 2218 bene
1066 2198 1126 2218 esse
1139 2191 1244 2226 largiri.

75 2238 159 2272 Τώια
181 2236 211 2262 δὲ
235 2234 338 2270 γενητὰ
355 2234 404 2270 μὲν
417 2234 452 2262 τὰ
466 2234 534 2262 ἄλλα
556 2235 686 2270 φήσουσι,
705 2234 788 2270 μόνην
810 2235 829 2261 δί

927 2234 1028 2262 Verum
1044 2235 1108 2262 illud
1126 2234 1238 2262 forsitan
1254 2235 1359 2269 dicent;
1382 2240 1477 2263 cetera
1502 2237 1609 2271 quidem
1625 2245 1671 2266 or-

43 2283 90 2319 τὴν
115 2282 175 2309 τῶν
201 2280 310 2316 ἄστρων
336 2279 417 2314 φύσιν
436 2279 485 2307 καὶ
506 2279 582 2306 θέσιν
606 2279 837 2314 ἀγένητον.Ἀλλὰ

44 2330 154 2364 πρῶτον
171 2327 223 2363 μὲν
236 2327 310 2358 τίνος
321 2324 357 2361 ἦν
371 2327 388 2361 ἡ
400 2326 506 2360 γένεσις
519 2325 583 2361 πρὶν
596 2325 722 2360 γενέσθαι
733 2325 836 2359 ταῦτα;

44 2376 92 2407 Τίς
107 2375 139 2402 δὲ
156 2375 172 2401 ὁ
186 2375 223 2400 τὰ.
238 2373 357 2408 στοιχεῖα
372 2372 595 2408 δημιουργήσσς;
613 2372 648 2398 Ἣ
671 2372 763 2406 ἔτερος
787 2371 838 2406 μὲν

44 2420 144 2453 ώδεὶς,
161 2419 235 2446 αὐτὰ
254 2418 283 2445 δὲ
302 2417 396 2444 ἑαυτά.
414 2417 451 2444 Τὸ
469 2417 498 2444 δὲ
512 2416 643 2452 ἀγένητον
657 2416 718 2443 οὔτε
732 2415 837 2452 τροπὴν

44 2465 211 2499 αὐθαίρετον
231 2463 266 2490 ἂν
284 2463 464 2499 ὑποσταίη’δ·
480 2463 548 2490 πᾶσι
572 2463 621 2498 μὲν
638 2463 691 2498 γὰρ
715 2463 792 2497 φίλον
806 2462 838 2489 τὺ

44 2511 115 2538 κατὰ
142 2510 238 2545 φύσιν,
260 2509 378 2544 μάλιστα
399 2509 428 2536 δὲ
452 2510 485 2544 τῇ
514 2509 639 2544 ἀγενήτῳ
663 2508 762 2544 φύσει·
778 2509 840 2537 οὔτε

103 2556 204 2591 ἑτέρου
232 2555 271 2590 μὴ
285 2554 457 2590 ’βουλόμενον
480 2555 562 2582 πάθοι
572 2563 579 2570 ·
600 2554 730 2582 ὰϐίαστον
743 2555 797 2591 γὰρ
811 2555 841 2582 τὸ

44 2603 184 2636 κρεῖττον,
206 2602 332 2636 κρεῖττον
345 2601 374 2627 δὲ
389 2601 521 2636 ἁγενήτου
535 2601 627 2633 οὐσίας
637 2601 724 2629 οὐδέν.
740 2602 802 2634 Πῶς
813 2601 841 2628 δ’

44 2647 78 2674 ἂν
91 2647 127 2674 τὰ
144 2646 261 2683 μηδαμῆ
274 2646 409 2682 μηδαμῶς
422 2646 541 2680 γένοιντο
551 2646 614 2682 δίχα
624 2646 671 2673 τοῦ
683 2647 839 2681 ποιοῦντοςς

45 2693 108 2725 Πῶς
121 2693 154 2720 δὲ
169 2693 218 2720 τὸν
232 2692 301 2720 Θεὸν
315 2692 420 2728 ταύτην
432 2693 482 2728 τὴν
498 2693 574 2728 ἰσχὺν
589 2692 770 2727 ἀφαιροῦντες
789 2694 839 2720 αὑ-

43 2740 101 2772 τοῖς
116 2739 207 2768 ἑαυτὰ
229 2739 364 2774 προάγειν
379 2739 412 2765 ὲκ
435 2738 475 2774 μὴ
496 2737 581 2765 ὄντων
605 2738 785 2773 περιάπτουσι
808 2739 840 2765 τὸ

890 2286 947 2309 tum
964 2281 1066 2309 habere
1079 2281 1180 2315 omnia,
1197 2281 1243 2309 sed
1257 2281 1343 2309 solam
1365 2282 1503 2310 stellarum
1520 2284 1577 2311 sive
1593 2290 1673 2312 natu-

889 2335 960 2360 ram,
977 2327 1035 2355 sive
1045 2328 1205 2362 positionem
1219 2332 1279 2355 ortu
1292 2335 1397 2355 carere.
1410 2328 1446 2355 At
1459 2329 1545 2362 primo
1560 2338 1567 2356 :
1581 2331 1674 2364 cujus-

889 2380 952 2400 nam
963 2373 999 2400 sit
1009 2372 1116 2408 genesis
1127 2372 1349 2408 illaJprittsquam
1362 2373 1461 2408 aliquid
1476 2374 1574 2402 factum
1583 2376 1675 2403 esset?

890 2419 957 2452 Quis
970 2425 1034 2446 vero
1049 2418 1184 2446 elementa
1208 2419 1345 2446 creasset?
1362 2426 1396 2446 an
1419 2419 1489 2447 alius
1508 2428 1600 2453 nemo,
1626 2422 1674 2449 sed

891 2465 949 2492 hate
984 2464 1061 2499 ipsa?
1088 2463 1186 2492 Verum
1219 2466 1291 2500 quod
1327 2470 1387 2493 ortu
1422 2470 1507 2498 creat,
1536 2474 1673 2501 nunquam

889 2516 985 2545 sponte
999 2517 1046 2538 sua
1080 2510 1256 2538 mutationem
1282 2511 1363 2538 ullam
1392 2511 1496 2539 subeat.
1518 2511 1586 2539 Nam
1612 2521 1673 2540 cutn

888 2556 1015 2584 omnibus
1036 2556 1100 2584 illud
1121 2562 1227 2592 gratum
1256 2564 1317 2585 esse
1331 2558 1410 2591 solet,
1430 2558 1501 2593 quod
1527 2559 1673 2586 secundum

889 2601 948 2636 ejus
973 2607 1097 2629 naturam
1121 2607 1173 2634 est,
1193 2607 1249 2629 tum
1280 2603 1317 2630 illi
1338 2604 1453 2631 maxime
1474 2610 1597 2638 natum,
1614 2613 1675 2640 qua:

888 2653 950 2676 ortu
961 2653 1064 2676 careat.
1083 2648 1176 2683 Neque
1193 2656 1257 2676 vero
1275 2650 1342 2682 haec,
1362 2650 1385 2678 si
1400 2650 1476 2684 nolit,
1495 2651 1528 2678 ab
1543 2651 1596 2679 alio
1610 2659 1676 2686 quo-

893 2694 965 2729 piam
980 2693 1034 2728 pati
1062 2701 1105 2721 res
1119 2694 1172 2721 ulla
1203 2695 1299 2729 possit.
1320 2695 1451 2728 Quoniam
1469 2696 1539 2730 quod
1558 2696 1674 2724 validius
1705 2693 1715 2717 ί

893 2745 945 2774 est,
961 2740 986 2767 vi
1002 2740 1074 2767 nulla
1091 2739 1220 2776 [minore]
1240 2741 1298 2776 cogi
1318 2746 1414 2776 queat,
1428 2746 1455 2770 et
1468 2750 1533 2770 sane
1546 2743 1612 2771 nihil
1626 2743 1672 2771 illa

681 2797 802 2826 VARIE
820 2798 1025 2828 LECTIONES.

83 2845 108 2862 ⁷³
124 2845 189 2874 libri
206 2844 433 2891 1'sgﬂaew;._""
450 2843 587 2890 σωθῆναέι
596 2843 705 2879 δοθῆναι
732 2845 873 2873 Scltottus.

925 2846 948 2862 ‘”
964 2845 997 2873 ἂν
1022 2846 1186 2883 omnath
1212 2857 1219 2875 :
1243 2848 1423 2881 ὐποσταίεις.
