1920 3090
251 139 305 171 835

825 127 957 160 PlIOTII
977 124 1232 158 PATRIARCHE
1247 124 1304 155 ΟΡ.

1823 121 1877 153 836

252 200 348 222 natura
361 191 487 223 validius,
499 197 558 225 qute
574 192 663 216 ortum
680 187 782 214 nullum
797 186 889 214 babet.
906 184 1045 219 Quomodo

1096 182 1216 218 κράτος;
1239 181 1270 208 Et
1286 180 1316 208 δὲ
1330 180 1377 208 καὶ
1392 178 1462 208 αὗτά
1476 174 1651 215 προαγαγεῖν
1663 178 1773 214 ἴσχυσεν
1795 177 1882 205 ἑαυτά

253 240 328 270 itetn,
345 245 404 272 qua:
424 235 500 263 nullo
525 240 641 269 prorsus
668 232 746 260 modo
770 235 844 263 sunt,
864 230 923 258 sine
944 229 1041 264 opiﬁce

254 284 310 312 ﬁeri
327 282 449 317 possint?
463 285 508 307 aut
521 279 657 315 quomodo
671 279 726 305 Deo
735 278 807 305 hanc
814 276 868 304 vim
878 275 1040 307 auferentes,

254 329 304 357 sibi
331 329 470 354 vindicare.
511 325 668 353 facultatem
695 331 754 351 eam
773 327 895 358 possunt.
909 325 939 350 ut
953 321 1042 356 seipse

253 374 412 408 producant.
433 380 492 407 qua:
515 375 595 398 antea
614 377 669 397 non
680 368 866 396 exsistebant?
879 366 908 395 Si
923 374 988 394 vero
1000 373 1042 394 se-

253 419 365 452 metipsa
394 417 544 452 producere
571 419 716 450 potuerunt
737 413 802 447 quin
830 415 894 441 item
910 420 925 439 ε
946 412 1042 447 seipsis

254 463 427 498 dispensandi
453 462 494 489 sui
513 460 668 488 facultatem
691 463 868 494 acceperunt,
884 459 931 487 sed
955 459 1040 486 aliena

254 518 321 537 cura
345 517 412 544 opus
432 508 602 536 habuerunt?
619 509 700 536 Multo
713 508 786 535 enim
809 507 880 535 factu
908 507 1041 535 difﬁcilius

255 559 308 585 est,
325 554 442 588 primum
460 554 560 587 aliquid
578 553 646 585 ﬁeri.
667 561 748 588 quam
772 557 914 588 postquam
940 553 1039 580 factum

258 600 345 626 fuerit
365 607 536 634 permanere.
549 599 689 632 Quomodo
703 599 786 634 igitur
795 600 865 633 quod
875 603 933 626 erat
947 599 1041 626 diﬁici-

257 647 309 672 lius
323 645 349 681 [ο
364 653 423 672 sese
447 645 624 681 babueruntJ
650 646 721 680 quod
741 650 833 672 autern
858 645 974 676 facilius,
991 653 1042 671 non

260 692 402 724 haberent,
432 691 482 717 nisi
511 694 544 718 ah
568 691 620 718 alio
642 691 828 725 accepissent?
854 690 887 717 Et
909 691 1043 726 quomodo

257 737 363 771 genesis
376 741 485 767 terram,
506 744 609 769 aerem,
633 742 659 764 et
676 737 726 763 alia
740 745 800 771 quae
824 744 876 763 nou
894 737 966 767 fecit,
982 737 1041 764 dis-

257 786 362 816 pensat.
383 781 539 808 Conditoris
559 783 628 809 enim
663 790 759 809 munus
776 786 817 809 est
836 782 917 809 etiam
934 782 1043 817 dispen-

257 826 339 858 satio,
353 835 414 853 curn
431 835 483 854 non
499 827 585 854 solum
600 828 718 854 ornninm
734 836 793 863 qua:
810 828 844 855 ab
858 828 916 862 ipso
935 828 1041 855 condita

257 877 321 899 sunt
342 877 465 898 ttatnram
483 873 564 905 norit,
584 881 673 900 verum
688 873 769 900 etiam
795 881 854 907 qua!
872 873 1042 908 potissintum

258 918 363 944 ratione
386 919 551 950 conservari,
563 924 590 946 et
605 919 790 958 undeurursus
798 919 902 954 210a
915 919 1042 946 confundi

259 968 373 998 queant,
387 967 468 998 atque
480 965 628 998 corrumpi.
645 964 672 990 Si
685 964 729 998 qui
753 972 835 999 porro
852 965 979 996 audeant.
989 965 1044 992 ele-

260 1012 414 1034 mentorum
437 1015 546 1042 quoque
559 1009 724 1036 creationem
739 1009 794 1036 fato
809 1009 939 1042 tribuere,
952 1010 1043 1037 dicant

258 1052 339 1079 velim
362 1053 450 1085 nobis,
464 1053 605 1087 qualenam
630 1058 743 1084 astrum.
763 1055 794 1080 ad
813 1062 892 1081 suum
906 1055 931 1081 in
953 1055 1044 1082 zodia-

259 1106 320 1125 cum
345 1099 474 1126 circulum
491 1100 653 1134 iogressum,
673 1105 771 1127 terram
787 1101 948 1135 perfecerit?
963 1101 1046 1135 Quale

260 1144 341 1170 etiam
358 1152 461 1176 aerem,
488 1145 531 1172 vel
558 1145 657 1180 ignem,
691 1146 733 1173 vel
757 1147 873 1181 aquam?
901 1147 998 1174 Verum
1020 1147 1045 1174 id

260 1197 398 1224 nunquam
410 1191 538 1222 dixerint,
564 1191 668 1218 etiamsi
687 1192 803 1219 maxime
818 1192 935 1227 amplius
951 1193 1045 1226 nugari

260 1236 354 1262 velint.
379 1235 512 1263 Praeterea
529 1237 563 1269 si,
585 1237 654 1271 quod
679 1237 742 1264 facit
759 1238 875 1272 genesis,
893 1246 945 1265 non
965 1238 1047 1266 semel

261 1280 335 1312 facit,
367 1281 415 1308 sed
433 1282 527 1308 eadem
555 1283 652 1316 sa-pins
685 1287 745 1317 post
772 1287 921 1318 temporum
947 1283 1049 1318 aliquot

261 1327 395 1353 curricula
411 1328 519 1361 repetit,
541 1328 686 1354 ostendant
704 1328 782 1355 nobis
813 1329 911 1363 saepius
927 1336 987 1356 esse
1006 1329 1048 1356 fa-

266 1378 325 1399 ctas
338 1373 436 1399 multas
454 1373 572 1407 integras
587 1380 683 1406 terras,
702 1374 935 1410 multasiutegras
952 1383 1047 1409 aquas,

262 1419 347 1446 multa
370 1419 473 1453 integra
493 1420 589 1451 maria,
605 1421 676 1448 unde
694 1421 776 1448 etiam
799 1422 914 1448 tnundos
928 1421 1049 1449 inﬁnitos

262 1465 443 1492 constituant.
465 1465 503 1492 Ac
525 1466 749 1500 quemadmodum
774 1467 825 1494 hoc
846 1467 902 1494 ﬁeri
924 1475 977 1494 non
999 1475 1048 1502 po-

1091 229 1138 256 διά
1150 228 1176 255 τί
1194 227 1232 263 μὴ
1247 226 1294 253 καὶ
1307 226 1338 252 τὺ
1351 224 1510 253 διοικεῖσθαι
1523 223 1631 251 οἴκοθεν
1645 223 1794 258 παρέσχεν,
1810 223 1882 250 ἀλλὰ

1091 275 1142 310 τῆς
1158 274 1252 309 ἐτέρου
1267 272 1433 308 κηδεμονίας
1444 270 1541 306 ἐδεήθη
1553 278 1560 302 ;
1579 269 1617 296 Τδ
1629 269 1684 304 γὰρ
1694 269 1822 303 γενέσθαι
1832 269 1882 295 τοῦ

1091 319 1229 354 διαμένειν
1245 317 1391 352 γενόμενον
1407 315 1497 351 πολλῷ
1510 314 1731 350 δυσχερέστερον.
1744 314 1808 346 Πῶς
1822 312 1882 348 οὖν,

1091 364 1108 391 δ
1130 364 1181 400 μὲν
1205 361 1241 399 ἦν
1263 362 1484 398 δυσχερέστερον,
1501 361 1540 392 είς
1567 360 1667 396 πρᾶξιν
1680 361 1807 395 ἧνεγκεν,
1822 360 1837 387 ὃ
1852 361 1883 387 δὲ

1093 411 1194 447 ῥᾴδιον,
1209 410 1259 436 οὐκ
1274 408 1306 435 ἂν
1321 407 1377 443 ἔχοι
1402 407 1440 443 μὴ
1457 407 1522 441 παρ’
1535 406 1630 441 ἑτέρου
1646 404 1757 438 λαϐών;
1774 405 1838 437 Πῶς
1852 406 1883 432 δὲ

1092 456 1140 483 καὶ
1164 456 1181 491 ἡ
1204 454 1310 488 γένεσις
1332 454 1383 488 γῆν
1398 462 1429 480 τε
1444 453 1491 480 καὶ
1506 453 1574 488 ἀέρα
1591 452 1687 479 καὶτὰ
1702 451 1781 485 ἀλλα,
1800 452 1820 479 ἃ.
1842 453 1881 487 μὴ

1093 501 1243 536 πεποίηκε,
1259 501 1373 533 Sicini;
1390 501 1490 535 Ἔργον
1504 500 1559 535 γὰρ
1573 498 1620 526 τοῦ
1635 499 1816 534 πεποιηκότος
1833 501 1882 525 καὶ

1092 549 1122 576 τδ
1137 549 1257 578 διοικεῖν.
1274 548 1313 574 ὅτι
1329 548 1376 574 καὶ
1393 547 1472 582 μόνος
1486 547 1540 573 τῶν
1557 546 1654 573 ἑαυτοῦ
1670 547 1881 581 δημιουργημά-

1092 604 1146 621 των
1167 595 1217 630 τὴν
1230 593 1310 628 φύσιν
1327 592 1391 626 οῐδε,
1413 593 1460 620 καὶ
1476 593 1550 624 ὅπως
1571 593 1622 627 μὲν
1645 588 1782 627 κρατοττο,
1798 592 1881 618 πόθεν

1075 674 1078 679 Ι
1092 640 1120 666 δὲ
1136 640 1277 674 συγχέοιτο
1293 638 1340 665 καὶ
1355 637 1546 673 διαφθείροιτο.
1564 637 1595 664 Ei
1613 637 1641 664 δὲ
1654 636 1821 672 τολμήσαιεν
1834 636 1883 662 καὶ

1093 685 1147 711 τῶν
1162 684 1300 719 στοιχείων
1313 684 1362 720 τὴν
1377 682 1554 718 δημιουργίαν
1567 682 1697 708 ἀνάπτειν
1703 681 1725 697 ’⁸
1737 682 1771 716 τῇ
1783 681 1884 716 εἱμαρ-

1096 731 1174 766 μένῃ,
1191 729 1318 766 [345311.]
1334 729 1488 764 λεγέτωσαν
1508 729 1574 763 ἡμῖν
1588 728 1661 759 ποῖος
1679 727 1727 762 μὲν
1739 727 1828 761 ἀστὴρ
1841 727 1884 757 είς

1093 777 1152 804 τόδε
1166 777 1196 804 τὸ
1211 776 1304 809 ζώδιον
1321 775 1449 802 εἰσελθὼν
1461 775 1607 802 ἀπετέλεσε
1625 773 1674 809 τὴν
1687 773 1750 808 γῆν,
1764 775 1841 804 ποῖος
1853 773 1884 799 δὲ

1094 824 1139 851 τδν
1156 825 1225 858 ἀέρα
1239 823 1255 859 ἢ
1270 823 1300 849 τὸ
1313 822 1369 858 πῦρ
1382 822 1399 857 ἢ
1414 823 1444 848 τδ
1457 821 1538 856 ὕδωρ.
1548 820 1617 847 ’Δλλ“
1631 820 1681 847 οὐκ
1693 819 1726 847 ἂν
1739 819 1826 855 ἔχοιεν
1838 819 1886 845 λέ-

1094 878 1163 904 γειν,
1179 870 1203 896 εἰ
1220 869 1268 896 καὶ
1287 867 1368 895 πλέον
1379 868 1472 902 ληρεῖν
1488 867 1679 902 μελετήσωσιν.
1691 864 1795 896 Ἄλλως
1808 873 1839 891 τε
1855 865 1885 891 εξ

1095 916 1120 943 εί
1135 916 1183 951 οὐχ
1195 913 1268 947 ἀπαξ
1280 915 1352 941 ποιεῖ
1366 913 1380 940 ὃ
1391 914 1465 940 ποιεῖ
1476 913 1493 948 ἡ
1507 913 1622 946 γένεσις,
1637 910 1767 942 πολλάκις
1778 910 1808 937 δὲ
1819 909 1886 935 ei"

1095 961 1165 988 αὐτὰ
1179 961 1250 987 κατά
1261 969 1336 992 τινας
1350 959 1453 995 χρόνων
1467 959 1617 994 περιόδους,
1626 957 1806 985 δεικνύτωσαν
1817 958 1886 991 ἡμῖν

1096 1006 1224 1038 πολλάκις
1243 1006 1293 1041 μὲν
1311 1005 1496 1041 γεγενημένας
1513 1000 1613 1036 πολλὰς
1636 1004 1764 1038 ὸλότητας
1783 1003 1885 1037 γαιῶν,

1096 1052 1197 1084 ¹ιιολλάς
1220 1052 1248 1078 δὲ
1271 1051 1386 1085 ὐδάτων,
1401 1050 1503 1083 πολλὰς
1515 1050 1545 1077 δὲ
1559 1049 1711 1080 θαλασσῶν,
1731 1049 1761 1082 ἐξ
1779 1046 1818 1076 ὧν
1837 1049 1888 1076 καὶ

1096 1098 1216 1133 κόσμους
1238 1097 1369 1132 ἀπείρους
1384 1097 1575 1132 συστήσουσιν.
1585 1096 1667 1122 Ἀλλά
1683 1095 1737 1131 μὴν
1752 1095 1887 1122 ἀδύνατον

1096 1144 1175 1170 τοῦτο
1185 1150 1194 1160 ⁸
1210 1143 1339 1171 ἀδύνατον
1357 1143 1412 1178 ἄρα
1433 1143 1481 1169 καὶ
1494 1142 1524 1169 τδ
1538 1141 1613 1174 ἅπαξ
1625 1141 1673 1176 τὴν
1689 1142 1795 1175 γένεσιν
1812 1141 1844 1167 ἓν
1858 1149 1887 1167 τι

1096 1190 1151 1218 τῶν
1167 1190 1306 1226 στοιχείων
1319 1189 1497 1224 προαγαγεῖν.
1511 1188 1543 1215 Εί
1556 1188 1584 1215 δὲ
1599 1188 1631 1215 ὲκ
1650 1189 1748 1222 μανὲας
1770 1188 1810 1219 εἰς
1832 1195 1887 1221 μα-

1097 1237 1157 1264 νίαν
1172 1237 1387 1272 μεταπίπτοντες
1403 1235 1456 1262 ὑπὸ
1479 1234 1547 1262 Θεοῦ
1573 1235 1623 1269 μὲν
1647 1232 1888 1268 δημιουργηθῆναι

1098 1283 1177 1316 φαῖεν
1188 1281 1222 1308 τὰ
1236 1281 1367 1315 στοιχεῖα,
1381 1280 1434 1306 ὑπὸ
1445 1279 1474 1306 δὲ
1486 1279 1536 1315 τῆς
1549 1279 1682 1314 γενέσεως
1694 1279 1827 1313 ἀγενήτου
1839 1278 1889 1304 καὶ

1098 1328 1182 1361 αὐτῆς
1196 1327 1289 1362 ὥσπερ
1299 1326 1330 1353 τὸ
1341 1326 1419 1352 Θεϊον
1430 1325 1513 1361 οὔσης
1526 1324 1696 1355 διοικεῖσθαι,
1708 1324 1889 1359 ὲκδηλότεμν

1098 1373 1188 1400 αὐτῶν
1211 1372 1260 1408 τὴν
1283 1371 1377 1399 ἄνοιαν
1395 1370 1623 1406 στηλιτεύουσι⁷⁷.
1647 1370 1696 1396 Διά
1721 1370 1747 1396 τί
1775 1369 1832 1403 γὰρ
1855 1370 1890 1396 τὸ

1098 1419 1175 1446 Θεῖον
1189 1418 1296 1452 ἀτάκτῳ
1311 1418 1415 1452 γενέσει
1425 1417 1456 1443 τὺ
1470 1417 1568 1443 οἰκεῖον
1582 1414 1699 1442 ὑπέϐαλε
1713 1414 1889 1450 δημιούργη-

1101 1473 1160 1500 μα;
1176 1461 1240 1498 Ἆρ’
1253 1463 1292 1495 ὡς
1306 1463 1387 1494 αὐτὸς
1402 1462 1452 1489 οὒκ
1464 1461 1533 1497 ἔχων
1555 1459 1606 1496 τὴν
1627 1459 1674 1488 τοῦ
1699 1460 1826 1496 προνοεῖν
1841 1468 1890 1486 σο-

264 1515 326 1543 test,
349 1511 384 1537 ita
403 1519 452 1539 nec
465 1511 542 1544 illud,
561 1517 590 1538 ut
611 1513 651 1539 vel
669 1513 752 1540 semel
771 1514 878 1547 genesis
893 1521 976 1541 unum
996 1514 1044 1541 ali-

1099 1511 1179 1546 φίαν;
1195 1509 1250 1536 Καὶ
1270 1508 1311 1540 τίς
1335 1507 1368 1534 ἂν
1389 1507 1494 1542 ἐνέγκοι
1514 1506 1545 1534 τὸ
1567 1505 1718 1541 δύσφημον,
1732 1505 1775 1537 τίς
1802 1505 1833 1533 δὲ
1855 1505 1890 1533 τδ

262 1556 334 1591 qttod
370 1556 534 1584 elementum
567 1559 736 1592 produxerit.
757 1559 816 1586 Jatu
841 1560 862 1587 si
884 1560 918 1586 de
943 1560 1048 1587 insania

264 1602 291 1628 in
307 1602 439 1629 insaniam
463 1603 627 1637 delabeutes,
647 1612 661 1630 ιι
680 1603 734 1631 Deo
747 1604 854 1639 quidem
874 1609 965 1632 creata
988 1612 1049 1633 esse

263 1648 380 1675 dixerint
394 1647 538 1681 elementa,
564 1656 656 1676 verum
671 1650 728 1677 lucc
742 1651 776 1678 ab
792 1658 823 1678 ea
841 1651 931 1685 genesi
947 1651 1050 1686 dispen-

264 1693 333 1724 sari,
348 1700 408 1727 quae
429 1701 506 1728 aeque
538 1701 570 1722 ac
603 1695 673 1722 Deus
696 1695 754 1730 ipse
786 1701 863 1723 ortus
883 1703 979 1731 expers
1002 1697 1048 1729 sit,

265 1736 348 1764 inulto
361 1737 444 1764 etiam
459 1738 630 1766 manifestius
653 1739 798 1766 amentiam
824 1747 902 1767 suam
920 1742 1047 1776 produnt.

264 1781 399 1814 Quorsum
422 1784 494 1810 enim
521 1784 591 1812 Deus
604 1785 727 1812 ordinem
742 1786 846 1813 nullutn
861 1787 979 1814 servanli
1003 1795 1050 1822 ge-

267 1829 325 1855 nesi
343 1834 476 1862 ,creatum
492 1837 507 1856 a
526 1837 556 1857 se
571 1837 639 1864 opus
653 1830 800 1865 subjiciat?
826 1831 867 1859 Au
890 1832 961 1867 quod
988 1840 1048 1860 eam

266 1874 323 1908 ipse
343 1875 504 1909 sapientiam
518 1883 571 1902 non
588 1875 698 1907 habeat,
711 1884 764 1910 qua
792 1877 828 1904 illi
843 1879 999 1912 provideat?
1014 1879 1049 1906 At

272 1919 334 1954 quis
362 1920 432 1947 hanc
461 1921 553 1947 tulerit
577 1921 864 1957 blaspltetuiatn?quis
889 1924 1050 1952 amentiam?

273 1965 385 1991 creandi
400 1965 508 1999 quidem
523 1966 671 2000 potentiam
689 1966 788 1993 habere
801 1967 895 1999 Deum,
911 1969 1050 2002 providen-

269 2010 314 2038 tia:
330 2018 381 2037 non
406 2011 508 2038 habere
532 2016 648 2044 tantum,
673 2017 804 2046 quantum
828 2012 980 2040 inordinata
1004 2014 1049 2042 illa

265 2056 373 2092 genesis
390 2056 440 2083 sibi
456 2057 594 2090 rapuerit?
609 2057 679 2090 Quin
690 2063 718 2084 et
734 2058 867 2086 iuﬁnitutn
880 2065 978 2094 praeter
993 2060 1050 2087 hac

265 2102 444 2130 absurdorum
461 2109 576 2128 examen
601 2103 786 2137 consequitur.
797 2103 896 2130 Verqu
905 2105 940 2137 si,
955 2111 1049 2139 quem-

266 2149 411 2176 admodum
440 2147 562 2175 bonitate
593 2155 640 2175 sua
652 2147 815 2185 [creaturas]
836 2149 900 2176 fecit
915 2150 994 2182 Deus,
1007 2150 1048 2178 sic

266 2200 293 2222 et
313 2194 433 2230 providet
449 2201 456 2220 :
475 2200 703 2227 supervacaneum
721 2199 796 2220 certe
809 2183 854 2221 iac
877 2193 988 2221 stultum
1007 2183 1087 2221 estD

266 2241 316 2269 hoc
328 2240 363 2267 de
375 2240 430 2267 fato
445 2240 503 2267 sive
512 2238 604 2274 genesi
619 2245 812 2267 connuentum.
829 2240 968 2273 Quomodo
983 2241 1047 2268 item

267 2289 327 2315 sine
343 2292 403 2314 ortu
420 2286 518 2314 caelum
539 2293 601 2313 esse
623 2286 718 2320 possit,
740 2287 956 2320 quandoquidem
974 2295 1050 2314 com-

266 2333 346 2368 positi
371 2333 476 2365 mundi,
496 2340 577 2366 quem
604 2331 722 2366 undique
744 2331 838 2366 cingit,
865 2339 928 2366 pars
942 2333 1000 2360 est?
1021 2338 1050 2360 at

266 2381 336 2414 quod
364 2384 452 2406 ortum
476 2379 577 2405 nullum
597 2378 689 2411 habet,
711 2378 736 2405 id
749 2385 837 2412 neque
847 2378 956 2413 cingere
970 2379 1049 2414 quid-

266 2433 345 2459 quam
358 2432 446 2460 neque
458 2424 573 2452 aliorum
595 2424 669 2451 locus
686 2431 748 2451 esse
765 2424 860 2458 possit,
875 2424 921 2451 sed
934 2431 996 2452 cum
1014 2425 1048 2453 ab

267 2470 320 2502 bis,
342 2475 397 2497 tum
415 2470 448 2496 ab
463 2469 525 2496 aliis
539 2468 727 2496 adiectionibus
736 2469 984 2497 munibusliberum
996 2475 1047 2498 est.

267 2514 335 2546 Quin
348 2514 389 2542 vel
401 2521 432 2541 ex
450 2514 507 2548 ipsn
525 2521 618 2541 eorum
633 2521 714 2548 quam
726 2514 882 2549 conﬁngunt
898 2515 1048 2550 bypotbesi,

1098 1555 1221 1590 ἀνόητον,
1238 1554 1418 1590 δημιουργίας
1433 1554 1483 1586 μὲν
1497 1553 1597 1588 κράτος
1615 1552 1696 1587 ἐχειν,
1712 1552 1844 1586 προνοίας
1857 1552 1889 1578 δὲ

1100 1601 1163 1637 μηδ’
1175 1602 1237 1627 ὅσον
1260 1601 1277 1634 ὴ
1299 1599 1417 1631 ἄτακτος
1433 1599 1541 1634 ἥρπῖισε
1564 1599 1689 1633 γένεσις;
1711 1599 1766 1625 Καὶ
1788 1598 1891 1634 μυρίος

1099 1646 1177 1677 ἄλλος
1191 1645 1275 1681 ἐσμὸς
1291 1645 1475 1680 ἀτοπημάτων
1487 1645 1593 1671 ἕπεται.
1610 1644 1640 1670 Et
1664 1643 1687 1670 δ’
1701 1643 1797 1679 ὥσπερ
1818 1645 1891 1678 ἁγα-

1100 1693 1191 1728 θότητι
1206 1692 1334 1727 ἐποίησεν
1349 1693 1363 1719 ὁ
1378 1692 1456 1724 Θεὸς,
1471 1691 1542 1718 οὕτω
1563 1691 1611 1718 καὶ
1634 1690 1753 1726 προνοεῖ,
1770 1689 1890 1726 περιττὴ

1100 1739 1146 1766 καὶ
1160 1738 1261 1774 ματαία
1278 1739 1295 1773 ἡ
1310 1738 1415 1765 ἐπίνοια
1430 1737 1480 1772 τῆς
1492 1737 1661 1772 εἱμαρμένης
1673 1736 1732 1772 ἤτοι
1745 1735 1795 1770 τῆς
1809 1736 1892 1768 γενέ-

1100 1793 1180 1815 σεως.
1196 1783 1258 1817 Πῶς
1272 1785 1300 1811 δὲ
1318 1784 1448 1819 ἀγένητος
1463 1785 1477 1810 ό
1490 1782 1614 1818 οὐρανὸς,
1627 1781 1674 1808 τοῦ
1691 1781 1821 1808 συνθέτου
1837 1781 1889 1808 κό-

1100 1842 1169 1868 σμου
1186 1832 1267 1868 μέρος
1283 1831 1412 1865 ὑπάρχων
1425 1830 1472 1856 καὶ
1486 1828 1601 1865 περιοχή
1613 1836 1621 1861 ;
1635 1827 1672 1854 Τδ
1685 1826 1739 1861 γὰρ
1751 1826 1891 1861 ἀγένητον

1099 1879 1160 1906 οὕτε
1177 1878 1291 1914 περιοχή
1309 1884 1351 1908 τις
1371 1876 1433 1903 οὗτε
1447 1875 1529 1907 τόπος
1543 1875 1645 1910 ἑτέρων
1668 1873 1702 1901 ἂν
1726 1873 1781 1909 είη,
1796 1873 1891 1900 καθα-

1101 1926 1174 1961 ρεύει
1187 1924 1216 1951 δι
1229 1924 1283 1951 τῶν
1298 1921 1428 1950 τοιούτων
1441 1929 1471 1948 τε
1485 1923 1532 1948 καὶ
1548 1920 1642 1947 παθῶν
1659 1920 1795 1947 ἁπάντων.
1805 1919 1892 1947 Ἀλλὰ

1100 1971 1148 1998 καὶ
1172 1970 1202 2003 ἐξ
1230 1969 1316 2003 αὐτῆς
1341 1967 1431 1995 αὐτῶν
1446 1967 1497 2002 τῆς
1512 1966 1699 2002 πλαττομένης
1729 1965 1892 1999 ὑποθέσεως

1099 2017 1179 2051 δῆλον
1194 2016 1232 2047 ὡς
1248 2014 1310 2042 οὕτε
1334 2014 1348 2041 ὁ
1371 2013 1486 2048 οὐρανὸς
1499 2012 1561 2039 οὒτε
1577 2013 1602 2039 οί
1617 2012 1731 2048 ἀστέρες
1744 2011 1890 2047 ἀγένητοι.

1099 2063 1154 2090 Καὶ
1169 2062 1224 2098 γάρ
1239 2062 1302 2093 τοὺς
1316 2061 1364 2096 μὲν
1379 2060 1468 2088 αὐτῶν
1482 2059 1663 2093 ἀγαθοποιοὺς
1684 2058 1747 2090 τοὺς
1758 2058 1787 2085 δὲ
1800 2066 1891 2085 κακο-

1099 2108 1193 2138 ποιοὺς
1217 2106 1336 2139 λέγουσι,
1355 2105 1417 2141 [668
1430 2104 1476 2140 R.]
1499 2105 1546 2131 καὶ
1569 2103 1660 2135 οἴκους
1675 2103 1772 2135 ἀλλους
1795 2102 1892 2134 ἄλλοις

1099 2153 1285 2189 ἀφορίζουσιν,
1301 2152 1331 2178 ὲν
1342 2148 1383 2183 οἷς
1396 2151 1534 2185 γινόμενοι
1555 2149 1631 2177 ἄλλοι
1646 2149 1696 2185 μὲν
1710 2147 1890 2180 κακύνονται,

1099 2199 1116 2234 ἢ
1133 2198 1213 2225 πλέον
1225 2197 1241 2233 ῆ
1255 2197 1302 2224 καὶ
1316 2197 1345 2229 ἐξ
1360 2196 1529 2231 ἀγαθότητος
1537 2194 1689 2230 τραπέντες
1699 2193 1741 2225 εἰς
1752 2193 1890 2226 κάκωσιν,

1099 2245 1124 2271 οί
1137 2244 1166 2271 δὲ
1180 2243 1335 2270 τούναντίον
1350 2242 1367 2277 ἢ
1385 2242 1453 2277 πρὸς
1466 2240 1625 2275 ἀγαθότητα
1638 2239 1719 2266 κακοὶ
1734 2238 1811 2270 ὅντες
1823 2246 1892 2273 μετ-

1099 2288 1262 2324 εὸλήθησαν.
1276 2287 1292 2322 ἢ
1310 2286 1390 2314 πλέον
1403 2287 1454 2321 τῆς
1468 2285 1605 2320 προτέρας
1617 2282 1810 2319 ἠγαθύνθησαν
1821 2284 1893 2318 ἀγα-

1100 2335 1221 2370 θὰτητος.
1238 2332 1294 2360 Καὶ
1310 2332 1368 2364 πῶς
1383 2332 1417 2359 ἂν
1429 2332 1458 2358 ἐν
1471 2331 1575 2362 τούτοις
1590 2329 1672 2365 νοηθῇ
1693 2329 1711 2364 ἢ
1732 2329 1764 2356 τὸ
1783 2328 1893 2360 ἀπαθὲς

1100 2381 1117 2416 ἢ
1133 2380 1164 2407 τὸ
1178 2379 1281 2406 ἁπλοῦν
1291 2379 1308 2414 ἢ
1320 2377 1352 2405 τὸ
1361 2377 1506 2404 ἀσύνθετον
1521 2376 1538 2412 ἢ
1552 2376 1583 2402 τὺ
1596 2375 1729 2410 ἀγένητον
1743 2375 1790 2402 καὶ
1803 2375 1892 2410 μυρία

1101 2424 1186 2457 illa;
1210 2424 1254 2450 'Ev
1269 2420 1309 2454 οἷς
1324 2423 1371 2449 καὶ
1391 2422 1405 2448 ὁ
1426 2421 1551 2456 δεύτερος
1565 2419 1642 2455 αὐτῷ
1658 2419 1892 2455 συναπαρτίζεται

1101 2470 1179 2504 λόγος
1195 2469 1242 2496 καὶ
1262 2467 1297 2494 τὰ
1311 2468 1376 2494 δέκα
1396 2467 1539 2501 κεφάλαια,
1553 2465 1753 2501 τελευτήσαντα
1775 2466 1826 2501 μὲν
1848 2467 1891 2498 εἰς

1105 2516 1136 2542 τὺ
1150 2518 1185 2548 κ’,
1202 2514 1288 2550 ἀρχὴν
1302 2513 1331 2541 δὲ
1343 2513 1374 2540 τὸ
1389 2512 1403 2539 ι’
1417 2513 1600 2548 ποιησάμενα.

267 2560 332 2588 satis
351 2565 475 2595 apparet,
489 2560 601 2586 omnino
614 2567 702 2594 neque
729 2561 838 2593 ccelum,
862 2568 949 2595 neque
965 2561 1056 2589 stellas
1070 2567 1129 2589 ortu
1146 2567 1250 2588 carere.
1272 2560 1375 2587 Etenitn
1404 2560 1535 2594 quasdam
1554 2565 1647 2586 earum
1674 2565 1736 2586 esse
1753 2558 1893 2585 beneﬁcus

269 2604 369 2637 volunt,
380 2606 511 2640 quasdam
522 2612 617 2632 rursus
630 2604 769 2633 tualeﬁeas
781 2605 893 2638 faciunt,
905 2607 1053 2641 domosque
1066 2607 1126 2635 aliis
1140 2607 1207 2634 alias
1217 2605 1380 2638 attribuunt,
1395 2606 1422 2632 in
1437 2605 1534 2640 quibus
1558 2604 1622 2632 dum
1653 2607 1809 2636 versentur,
1832 2604 1892 2630 alia:

268 2651 307 2678 vel
325 2651 643 2685 maligniOres‘ﬁant,vel
658 2657 732 2679 certe
742 2660 775 2679 ex
793 2653 916 2688 benignis
932 2654 1056 2689 malignae
1072 2655 1199 2686 evadant,
1224 2654 1283 2681 alia:
1320 2658 1412 2680 contra
1435 2653 1476 2680 vel
1501 2652 1534 2680 ad
1559 2651 1764 2680 beneﬁcentiam
1803 2651 1891 2687 (mehe

265 2704 325 2724 eum
341 2697 406 2733 sint)
425 2697 594 2730 delabantur,
612 2697 653 2725 vel
680 2697 853 2732 benigniores
868 2707 949 2733 quam
967 2704 1048 2727 antea
1071 2701 1228 2727 reddantur.
1244 2698 1384 2733 Quomodo
1399 2705 1465 2731 ergo
1475 2698 1509 2725 de
1525 2697 1568 2726 his
1589 2697 1639 2733 ,vel
1670 2698 1771 2734 mente
1786 2696 1891 2730 concipi

909 2780 1026 2808 νΑιιιΑξ
1040 2779 1243 2808 LECTIONES.

318 2832 341 2848 "'
361 2833 456 2859 ὄιπτειν
469 2835 502 2860 Λ.
540 2834 561 2849 ⁷⁸
573 2834 606 2861 τὰ
619 2840 642 2861 ιιι
659 2834 727 2863 inira
747 2836 841 2868 ἄλλους
856 2837 916 2866 add.
931 2838 963 2864 A.

1018 2838 1039 2854 '”
1061 2837 1260 2873 στηλιτεύσουσι
1272 2845 1301 2870 ς.
