1920 3090
62 126 114 158 837

578 119 842 152 BIBLIOTIIECA.
862 130 897 138 ’-
912 118 994 148 COD.
1006 118 1167 150 CCXXIII.

1646 120 1699 152 838
1736 134 1740 152 t

62 184 160 219 possit,
182 179 394 216 perturbationis
410 186 441 207 ea
457 186 518 207 esse
533 177 669 214 expertia,
683 181 730 204 aut
745 174 888 210 simplicia,
907 179 953 200 aut
985 173 1174 208 incomposita,
1204 180 1250 203 aut
1293 175 1352 202 sine
1380 180 1456 208 ortu,
1490 175 1598 210 aliaque
1620 182 1704 209 prope

63 229 185 257 inﬁnita?
215 226 265 255 Ubi
293 227 402 253 demum
431 225 566 253 secundus
592 224 662 251 liber
693 222 854 254 absolvitur,
872 227 978 254 unaque
1001 221 1095 248 decem
1117 221 1161 248 illa
1179 222 1267 257 capita
1287 222 1362 257 (ﬁl),
1383 230 1443 257 qua:
1471 230 1486 250 a
1518 223 1625 250 decimo
1650 223 1704 250 ini-

62 276 98 302 tio
111 275 196 302 ducto
214 274 240 300 in
252 273 414 300 vicesimum
428 279 513 306 usque
528 271 697 306 pertiugnnt.

94 321 142 348 Ἑν
158 320 188 347 δὲ
203 315 242 355 τῷ
259 319 344 354 τρίτῳ
358 318 488 354 πειρᾶται
513 317 563 353 μὲν
577 317 623 344 διά
643 325 673 343 τε
694 316 742 343 τοῦ
755 318 796 342 κα¹
813 324 856 342 κε-

945 311 1037 340 Tertio
1069 312 1168 339 deinde
1196 312 1265 339 libro
1294 317 1410 339 conatur
1432 312 1540 347 quidem
1572 313 1704 340 vicesimo

61 367 177 401 φαλαίαν
191 367 240 393 καὶ
254 366 301 393 τοῦ
317 365 370 401 κβ’,
384 365 429 391 καὶ
444 364 497 399 μὴν
511 364 558 391 καὶ
573 363 620 390 τοῦ
632 364 656 397 γ’
666 363 714 390 καὶ
728 366 752 390 κ’
766 363 814 389 καὶ
824 362 856 395 δ’,

61 414 186 447 ἐλέγχειν
201 412 266 443 τοὺς
279 411 324 438 τὸν
340 410 453 446 οὐρανὸν
478 409 623 446 σφαιρικὸν
635 409 856 445 ὑποτιθεμένους,

60 460 90 485 οὐ
107 459 203 493 μέντοι
218 465 251 491 γε
268 457 312 484 διὰ
326 457 380 484 τῶν
397 457 474 492 ἰσχὺν
489 457 606 492 ἑχόντων
621 456 648 483 οἱ
661 456 768 491 ἔλεγχοι
788 454 856 490 πρὸ-

61 514 124 531 εισι.
143 505 183 530 Τὸ
194 503 341 538 σφαιρικὸν
356 503 385 530 δὲ
404 504 434 530 οὺ
453 503 579 539 βούλεται
592 503 744 537 συγχωρεῖν
757 501 796 537 τῷ
812 501 858 528 οὺ-

63 550 149 586 ρανῷ,
165 550 235 577 διότι
251 550 358 585 νομίζει
371 550 421 586 τὴν
431 548 604 585 εἱμαρμένην
620 550 653 576 ἐκ
666 548 717 584 τῆς
728 548 857 584 τοιαύτης

60 595 223 630 εἰσάγεσθαι
241 596 352 627 θέσεως.
367 595 464 623 Καίτοι
486 595 601 631 οὐδεμία
621 595 700 622 τοῦτο
721 594 858 628 ἀπόδειξις

61 642 237 674 ὲκῆιάζεται·
253 641 283 668 οὐ
299 641 364 677 γὰρ,
379 642 405 667 εῐ
419 649 452 675 γε
477 641 621 676 σφαιρικδς
639 641 654 667 ὁ
669 641 792 676 οὐρανὸς,
809 640 857 668 καὶ

59 687 90 713 τὸ
102 688 155 722 τῆς
172 686 347 722 είμαρμένης
360 686 391 719 ἐξ
408 686 530 722 ἀνάγκης
547 686 715 713 συνίσταται.

93 776 133 802 Τὸ
145 775 175 802 δὲ
190 775 230 802 κε’
241 775 289 802 καὶ⁴
301 774 329 808 ς’
342 774 491 810 κεφάλαιον
506 774 628 807 εὐσεϐεῖς
642 775 691 810 μὲν
704 774 856 810 προϐάλλε-

59 831 104 850 ται
115 821 229 856 λόγους,
243 820 311 857 πρὸς
325 821 438 856 ἔλεγχον
452 821 482 847 δὲ
495 822 546 856 τῆς
561 821 746 857 προκειμένης
759 820 858 848 ὑποθέ-

60 875 131 897 σεως
145 866 197 901 τὴν
221 866 299 901 ἰσχὺν
322 865 354 892 οὐ
376 865 437 891 λίαν
461 864 762 899 ὲπιδεικνυμένους.Ὲν
776 863 856 899 δὲτῷ

58 914 99 946 κζ’
113 913 196 948 δόξας
220 913 389 948 προθέμενος
414 911 480 948 περί
499 920 530 939 τε
550 912 667 947 οὐρανοῦ
689 912 737 939 καὶ
758 911 812 939 τῶν
828 912 856 939 ὲν

59 960 136 995 αὺτῷ
151 960 286 994 ἀστέρων,
300 958 334 991 ἃς
357 958 431 994 λέγει
447 958 502 986 τῶν
524 958 760 994 ἀστρολογούντων
775 955 855 989 εἴναι,

58 1006 122 1033 οὔτε
137 1004 242 1037 ταύτας
266 1004 331 1041 [546
350 1004 397 1040 Η.]
421 1003 574 1040 ἀκιδδήλως
600 1003 725 1039 προάγει,
739 1003 786 1030 καὶ
809 1003 858 1035 τὰς

60 1052 120 1078 κατ’
137 1050 231 1077 αὐτῶν
253 1050 442 1085 ἐπιχειρήσεις
466 1048 528 1076 οὕτε
558 1049 771 1080 ἀποδεικτικὰς,
794 1048 859 1076 ἀλλ’

60 1096 122 1123 οὐδὲ
139 1096 186 1123 διὰ
201 1095 249 1122 τοῦ
265 1094 379 1122 πιθανοῦ
396 1094 517 1122 δείκνυσι
531 1094 691 1130 προῖούσας.
706 1094 743 1121 Τὸ
764 1094 792 1121 δὲ
815 1101 858 1130 κη1

60 1142 131 1178 πρὸς
141 1141 194 1173 τὰς
206 1141 292 1173 αὑτὰς
307 1141 484 1176 ἐνιστάμενον
500 1140 578 1173 δόξας
601 1140 634 1168 δι’
651 1141 708 1167 ῐσου
733 1139 782 1175 μὲν
803 1140 858 1167 τῶν

59 1188 229 1221 ἀποδείξεων
249 1187 402 1220 διαπίπτει,
415 1187 446 1213 οὐ
464 1186 558 1222 μέντοι
572 1195 604 1221 γε
616 1186 664 1213 καὶ
677 1186 724 1212 τοῦ
742 1185 858 1213 πιθανοῦ

58 1232 256 1269 διαμαρτάνει.
266 1233 310 1258 Ἐν
326 1231 356 1259 δὲ
370 1232 409 1267 τῷ
426 1231 467 1258 κῧ¹
487 1231 566 1266 φησὶ,
587 1230 647 1262 πῶς
663 1230 713 1266 τὴν
728 1230 792 1265 ὃλην
807 1230 858 1265 γῆν

59 1281 99 1312 εἰς
113 1280 160 1306 ἶσα
173 1279 248 1315 μέρη
262 1279 319 1310 τοῖς
335 1277 440 1304 δώδεκα
455 1276 685 1312 καταμερίζοντες
699 1276 814 1308 ςωδίοις,
825 1276 859 1303 τὰ

62 1327 112 1362 μὲν
128 1327 267 1361 τμήματα
283 1326 333 1359 τῆς
355 1323 408 1359 γῆς
423 1324 472 1350 καὶ
490 1324 553 1355 τοὺς
577 1324 606 1351 ὲν
622 1323 713 1355 αὐτοῖς
727 1323 806 1358 δῆλον
820 1323 859 1349 ol-

59 1372 178 1404 κοῦντας
192 1373 234 1404 εἰς
254 1372 371 1399 ἕκαστον
396 1370 594 1405 ἀφωρισμένως
618 1369 782 1405 ἀναφέρουσι
804 1368 858 1395 τῶν

60 1419 180 1450 ζωδίων,
197 1418 247 1445 καὶ
261 1416 425 1444 ὑποκεῖσθαι
445 1415 495 1452 μὲν
510 1415 546 1442 τὰ
558 1415 608 1450 τῆς
621 1415 673 1450 γῆς
690 1415 760 1450 μέρη
771 1434 779 1445 .
795 1415 857 1441 ἐπι-

60 1463 171 1490 κεῖσθαι
193 1462 222 1489 δὲ
243 1462 298 1489 τῶν
320 1461 424 1494 ζωδίων
443 1461 559 1488 ἕκαστον
582 1461 660 1496 δίκην
685 1461 800 1496 νεφέλης
824 1462 857 1497 τῇ

60 1508 245 1544 ἁφωρισμένῃ
264 1507 348 1543 μοίρᾳ
373 1507 425 1542 τῆς
451 1508 504 1542 γῆς
520 1506 770 1543 ἑποχοόμενον.Ἐν
783 1507 859 1542 κινή-

60 1564 103 1582 σει
116 1555 174 1590 γὰρ
188 1554 250 1581 κατ’
266 1555 364 1586 αὐτοὺς
377 1555 498 1588 διηνεκεῖ
508 1554 555 1581 τοῦ
567 1554 694 1588 οὐρανίου
711 1553 792 1580 πόλου
811 1562 859 1587 φε-

61 1601 191 1637 ρομένου,
205 1601 252 1627 καὶ
265 1600 530 1635 συμπεριαγομένων
543 1599 618 1635 αὐτῷ
628 1599 682 1626 τῶν
696 1599 728 1635 ιβ’
742 1599 857 1632 ζωδίων,

59 1647 195 1683 ἀδύνατον
205 1646 237 1672 τὸ
250 1646 316 1672 αὐτὸ
328 1646 378 1680 τῆς
391 1646 443 1681 γῆς
457 1646 502 1672 διὰ
516 1645 616 1677 παντὸς
627 1645 857 1694 ὲπέχεινμτμῆμα,
872 1665 894 1694 c

59 1694 131 1720 ἀλλὰ
144 1692 316 1728 παραλλάξει
336 1692 388 1728 μὲν
412 1692 484 1719 κατὰ
506 1692 556 1728 τὴν
578 1692 690 1726 πορείαν
704 1691 752 1718 τοῦ
777 1692 858 1719 πόλου

59 1740 179 1766 ἕκαστον
193 1738 290 1771 ζώδιον
305 1738 396 1765 πάντα
413 1738 451 1764 τὰ
469 1738 602 1773 τμήματα
616 1738 666 1772 τῆς
682 1738 732 1773 γῆς
742 1758 749 1770 ,
765 1737 860 1764 ἄλλοτε

61 1785 111 1820 μὲν
126 1785 173 1812 ἐπ’
191 1784 326 1819 ἀνατολῆς
340 1783 375 1816 ⁷⁸,
395 1783 490 1810 ἄλλοτε
510 1783 538 1810 δὲ
553 1784 600 1810 ἐπὶ
613 1783 690 1810 δύσιν
700 1803 707 1815 ,
722 1783 817 1810 ἄλλοτε
831 1783 859 1810 δὲ

60 1831 108 1858 ἐπὶ
120 1821 300 1866 μέσημὸρίαν
314 1831 348 1865 τῇ
361 1829 476 1866 οὐρανίᾳ
491 1829 597 1864 κινήσει
611 1829 858 1868 συμπεριδινούμε-

60 1886 118 1910 νον,
134 1877 187 1904 καὶ
211 1878 262 1904 οὐκ
286 1877 329 1912 ἐφ’
344 1877 383 1903 ένί
397 1885 450 1904 τινι
466 1876 672 1912 στηριζόμενον.
680 1876 726 1909 Ἐξ
737 1874 768 1904 οὗ
788 1885 859 1912 συμ-

60 1924 152 1951 ϐαίνει
167 1923 223 1950 τῶν
237 1922 370 1955 ζωδίωνπ
386 1923 502 1950 ἕκαστον
513 1923 590 1950 οὐδὲν
606 1921 688 1958 ἦττον
703 1922 736 1949 τὸ
751 1923 856 1958 ἀφωρι-

60 1970 162 2004 σμένον
178 1968 230 2003 τῆς
243 1969 296 2004 γῆς
311 1969 422 2004 ἐπέχειν
444 1970 542 2005 τμῆμα
555 1968 572 2005 ἢ
586 1968 617 1995 τὸ
637 1968 859 2005 ἀλλότριον.¹’Λλ-

60 2016 115 2047 ὶως
128 2024 159 2042 τε
184 2015 214 2041 δὲ
235 2015 260 2042 ει
275 2015 335 2042 κατ’
350 2015 448 2047 αὐτοὺς
464 2016 480 2050 ἡ
495 2015 532 2050 γῆ
550 2015 662 2050 κέντρου
679 2016 727 2043 καὶ
744 2016 857 2050 σημείου

60 2061 143 2094 λόγον
163 2060 260 2095 ἐπέχει
278 2061 347 2096 πρὸς
368 2061 416 2087 τὸν
438 2060 563 2096 οὒρανὺν,
582 2061 628 2087 καὶ
641 2060 696 2087 τῶν
711 2060 813 2092 ζωδίων
831 2060 860 2087 ἓν

60 2106 207 2134 ὁποιονοῦν
217 2106 256 2141 τῷ
267 2114 298 2133 τε
312 2106 409 2133 πλάτει
420 2107 467 2133 καὶ
480 2107 563 2142 μήκει
575 2106 776 2134 πολλαπλάσιον
786 2108 859 2133 ἐστιν

60 2153 161 2188 αὐτῆς,
177 2151 237 2183 πῶς
250 2148 306 2178 οἷόν
325 2151 356 2178 τέ
378 2152 452 2178 ἐστιν
473 2152 589 2179 ἕκαστον
602 2153 657 2179 τῶν
671 2152 860 2188 δωδεκατημο-

62 2199 130 2235 ρίων
148 2198 202 2233 τῆς
219 2198 269 2233 γῆς
286 2197 393 2233 ἑκάστῳ
406 2197 461 2225 τῶν
482 2197 586 2229 tuath
603 2199 750 2235 ἰσομοιρεῖν
766 2207 794 2224 τε
813 2199 860 2225 καὶ

61 2243 336 2279 συμπαρατείνεσϐαι
350 2243 398 2271 καὶ
412 2244 456 2271 διὰ
469 2243 549 2271 τοῦτο
565 2245 615 2279 τὴν
631 2244 769 2272 οἱκείωσιν
787 2244 859 2280 ἔχειν

58 2291 132 2326 πρὸς
148 2289 232 2322 αὐτός
245 2289 300 2316 Καὶ
315 2289 376 2316 τότε
390 2289 444 2316 οὐδ’
456 2290 542 2325 αὐτῆς
556 2291 620 2325 ὅλης
630 2291 798 2327 οἰκουμένης
809 2292 860 2327 τῆς

913 359 1010 393 primo,
1030 358 1159 390 secundo,
1179 358 1260 385 tertio
1271 362 1298 384 et
1324 362 1422 392 quarto
1446 359 1581 392 capitibus
1608 365 1704 393 repre-

913 405 1030 431 hendere
1043 412 1090 432 eos
1118 405 1163 439 qui
1188 404 1288 431 C(elum
1314 411 1375 431 esse
1397 403 1537 438 globosum
1567 409 1702 436 statuunt,

912 450 1009 484 2101)
1027 449 1073 477 sed
1096 449 1226 483 ejusmodi
1251 456 1423 483 nequaquam
1443 450 1611 484 argumentis
1624 450 1702 476 adhi-

911 496 987 526 bitis,
1027 503 1090 530 quae
1113 496 1292 531 redarguendi
1323 495 1376 522 vim
1402 496 1530 523 habeant.
1558 496 1702 524 Globosam

910 549 978 568 vero
994 541 1110 568 fortnam
1139 542 1209 569 caelo
1226 542 1376 570 concedere
1409 548 1551 576 propterea
1582 549 1703 577 recusat,

911 589 982 622 qttod
999 586 1083 614 fatum
1099 596 1131 614 ex
1155 588 1201 614 tali
1222 588 1354 622 positione
1394 588 1488 615 induci
1509 593 1594 622 putet,
1616 597 1704 623 quatt—

911 642 992 668 quam
1012 634 1082 660 nttlla
1106 634 1133 661 id
1154 635 1350 661 demonstratio
1369 640 1525 669 extorquet.
1540 634 1597 661 Non
1619 636 1702 667 enim,

911 678 933 706 si
946 678 1043 705 cmlum
1066 679 1204 714 glttbt‘Slltll
1219 679 1263 710 sit,
1284 687 1345 706 mox
1367 679 1449 706 etiam
1474 679 1558 706 futuat
1580 686 1704 707 necessa-

911 723 952 750 rio
975 723 1094 757 ponitur.

947 769 1030 796 Porto
1056 769 1214 796 vicesimum
1233 769 1357 804 quintum
1375 775 1402 796 et
1417 776 1523 798 sextum
1540 772 1626 805 caput
1644 771 1703 806 pias

910 814 1032 841 continet
1064 814 1195 847 rationes,
1227 815 1274 842 sed
1303 822 1363 849 quae
1396 816 1428 842 ad
1462 817 1702 850 reprehensionem

909 860 1038 894 subjecta:
1055 860 1214 895 hypotltesis
1229 862 1313 888 robur
1326 869 1378 888 non
1397 862 1465 888 adeo
1480 869 1605 896 magnum
1631 871 1703 898 prue-

910 905 1009 934 ferant.
1024 907 1145 941 Septimo
1157 907 1252 934 dehinc
1267 914 1294 934 et
1314 908 1444 934 vicesimo
1462 908 1495 935 de
1514 908 1594 941 coelo,
1613 910 1701 943 deque

910 952 967 986 ejus
983 953 1077 985 stellis,
1103 953 1278 988 opinionibus
1308 954 1387 989 (quas
1411 954 1612 989 astrologorum
1640 962 1702 983 esse

875 998 896 1025 Β
911 998 959 1034 ait)
976 999 1075 1031 allatis,
1103 1003 1130 1026 et
1145 1007 1196 1026 non
1223 1000 1291 1027 satis
1314 1001 1386 1033 ipsas
1407 1000 1513 1027 sincere
1538 1001 1657 1034 adducit,
1675 1006 1703 1029 et

910 1053 973 1080 qua:
986 1051 1081 1074 contra
1104 1047 1214 1074 easdem
1240 1047 1343 1082 profert
1368 1052 1537 1082 argumenta,
1558 1055 1590 1075 ea
1613 1055 1701 1082 neque

909 1092 1111 1120 demonstrandi
1127 1093 1178 1120 \‘illl
1196 1094 1296 1121 habere
1309 1101 1396 1128 neque
1407 1094 1502 1121 saltem
1515 1094 1589 1122 veris
1600 1094 1700 1122 similia

908 1146 1059 1174 proponere
1074 1138 1207 1166 videntur.
1219 1138 1278 1166 Jant
1302 1139 1459 1166 vicesimum
1475 1145 1600 1167 octavum
1620 1145 1701 1175 caput

908 1186 1039 1214 adversus
1064 1185 1174 1213 easdem
1197 1185 1338 1220 opiniones
1357 1186 1511 1221 insurgens,
1527 1187 1700 1221 persimilem

909 1232 1018 1266 quidem
1037 1231 1241 1259 demonstrandi
1263 1232 1397 1259 rationem
1415 1232 1560 1265 delabitur,
1581 1233 1628 1260 sed
1646 1240 1700 1260 non

909 1278 945 1306 ita
982 1278 1063 1305 etiam
1100 1278 1166 1304 illud
1201 1278 1234 1304 ad
1265 1278 1406 1305 verisimili
1429 1280 1547 1305 aberrat.
1573 1279 1700 1306 Proximo

909 1329 999 1351 autem
1026 1323 1110 1351 refert
1144 1323 1325 1360 [Astrologos]
1358 1329 1458 1351 terram
1485 1325 1642 1353 universam
1673 1326 1699 1352 in

908 1369 1051 1398 duodecim
1073 1378 1164 1404 aequas
1183 1375 1275 1403 partes
1301 1377 1352 1404 pro
1370 1369 1429 1404 pari
1450 1370 1590 1405 signorum
1619 1371 1702 1398 cum»

914 1416 996 1443 stium
1014 1423 1127 1443 numero
1142 1416 1300 1450 partientes,
1318 1415 1439 1450 singulas
1461 1420 1540 1443 terra:
1554 1417 1701 1450 sectiones,

910 1470 963 1488 una
987 1470 1047 1489 cum
1068 1469 1159 1489 earum
1186 1461 1291 1495 incolis,
1311 1461 1347 1488 ita
1373 1462 1484 1490 deﬁnite
1500 1463 1598 1497 cuique
1622 1464 1702 1497 signo

909 1509 1074 1541 attiilutere,
1098 1514 1128 1535 ut
1157 1513 1236 1536 terrm
1262 1509 1383 1542 partibus
1418 1509 1547 1542 Subiectis
1576 1508 1700 1543 singula,

912 1553 1015 1580 zodiaci
1032 1552 1108 1587 signa
1121 1552 1288 1585 ittcmttbattt,
1311 1559 1391 1587 atque
1405 1553 1493 1580 instar
1503 1554 1607 1581 nebula:
1619 1561 1702 1588 supra

909 1598 1048 1625 deﬁnitam
1066 1603 1145 1625 terra:
1164 1602 1269 1632 partem
1289 1599 1466 1626 devehantur.
1482 1600 1518 1625 At
1537 1607 1598 1626 cum
1620 1600 1701 1626 etiam

910 1651 942 1671 ex
956 1644 1063 1671 illorum
1088 1644 1234 1676 sententia,
1254 1649 1383 1679 perpetuo
1398 1644 1496 1671 coelum
1512 1649 1585 1672 motu
1599 1646 1703 1673 feratur

911 1697 1019 1725 unaque
1032 1698 1093 1717 cum
1108 1690 1167 1724 ipso
1180 1696 1206 1717 et
1219 1690 1361 1717 duodecim
1375 1690 1450 1725 signa
1463 1683 1683 1726 circutnagantur
1692 1712 1702 1726 ,

912 1737 969 1764 ﬁeri
986 1736 1060 1764 nullo
1076 1736 1155 1764 modo
1171 1744 1249 1772 posse
1266 1735 1369 1772 [docet]
1383 1741 1413 1763 ut
1425 1736 1546 1763 eamdem
1565 1736 1609 1764 illa
1624 1742 1702 1765 terra:

910 1782 1056 1810 sectionem
1075 1788 1207 1818 perpetuo
1221 1782 1373 1816 obtineant,
1387 1782 1433 1811 sed
1450 1783 1639 1818 pertransibit,
1652 1785 1702 1819 ait,

907 1828 985 1863 juxta
1002 1828 1061 1855 οωῐί
1084 1836 1257 1863 progressum
1285 1836 1380 1857 omnes
1404 1835 1485 1858 terrae
1505 1830 1641 1858 sectiones
1663 1831 1702 1858 si-

910 1882 991 1909 gnum
1006 1875 1153 1909 quodlibet,
1167 1875 1230 1902 dum
1246 1875 1312 1902 alias
1328 1876 1361 1902 ad
1376 1880 1477 1911 ortum,
1488 1877 1556 1905 alias
1571 1879 1606 1906 ad
1621 1886 1703 1907 occa-

909 1928 968 1948 sum
992 1920 1068 1953 solis,
1087 1921 1207 1956 aliasque
1225 1922 1258 1948 ad
1282 1921 1423 1949 meridiem
1442 1930 1494 1950 una
1519 1931 1580 1951 cum
1598 1924 1702 1952 cmlesti

910 1969 983 1993 motu
1001 1966 1205 2001 circumagitur,
1221 1970 1248 1994 et
1264 1975 1399 2003 nunquam
1414 1969 1440 1996 iu
1456 1977 1508 1996 una
1529 1970 1617 2005 aliqua
1641 1979 1701 1999 sec-

910 2011 982 2039 tione
1017 2012 1099 2039 ﬁxum
1117 2018 1218 2040 tnanct.
1245 2013 1322 2041 Unde
1338 2013 1367 2042 ﬁt
1383 2019 1412 2042 ut
1427 2015 1530 2049 singula
1548 2016 1624 2051 signa
1647 2025 1700 2046 non

910 2059 1000 2086 minus
1011 2057 1083 2086 illam
1098 2058 1149 2086 sibi
1168 2059 1309 2086 deﬁnitam
1331 2064 1411 2088 terra:
1428 2062 1576 2090 sectionem
1595 2067 1699 2097 regant,

909 2111 989 2137 quam
1003 2103 1131 2132 alienam.
1146 2104 1231 2138 Adde,
1247 2105 1270 2132 si
1282 2106 1430 2134 secundum
1438 2115 1530 2134 eorum
1545 2109 1699 2143 opinionem

909 2157 982 2177 terra
997 2149 1082 2177 centri
1099 2158 1131 2178 ac
1156 2151 1249 2185 puncti
1272 2152 1405 2180 rationem
1424 2154 1505 2181 habet
1530 2155 1564 2181 ad
1587 2155 1699 2188 «mlum,

909 2201 936 2222 et
957 2196 1096 2231 quodlibet
1121 2197 1261 2224 zodiacum
1275 2197 1381 2232 signum
1404 2205 1465 2226 cum
1478 2199 1631 2231 latitudine,
1641 2205 1697 2227 tum

909 2241 1077 2277 longitudine
1093 2242 1186 2270 multis
1199 2243 1323 2277 partibus
1340 2249 1392 2277 est,
1415 2253 1495 2280 quam
1511 2245 1567 2278 illa,
1585 2245 1672 2280 majus
1688 2254 1696 2274 :

909 2287 955 2322 qui
974 2287 1031 2314 ﬁeri
1059 2287 1170 2315 omnino
1194 2293 1290 2322 potest.
1315 2294 1344 2316 ut
1362 2289 1489 2324 quaelibet
1511 2290 1697 2318 duodenarum

61 2335 125 2371 τῆς,
141 2335 216 2362 κατὰ
229 2335 259 2362 δὲ
271 2335 303 2362 τὸ
319 2336 454 2369 πλεῖστον,
465 2335 496 2362 τδ
513 2336 562 2371 μὲν
574 2336 619 2363 διὰ
634 2337 775 2372 καύματος
787 2338 818 2364 τὺ
828 2337 855 2364 δὲ

910 2338 988 2361 terra:
1004 2334 1120 2368 partium
1133 2334 1271 2369 signorum
1302 2335 1413 2363 cuilibet
1429 2344 1460 2363 ex
1485 2343 1562 2371 atquo
1582 2344 1697 2371 respon-

59 2382 105 2409 διὰ
129 2381 237 2416 ψύχους
258 2381 423 2417 ὑπερϐολὴν,
438 2381 590 2418 ἀνθρώπων
616 2382 700 2417 οὔσης
716 2383 856 2417 ἀοικήτου,

60 2428 108 2455 καὶ
118 2426 266 2458 παντελῶς
282 2426 330 2453 ἀπ’
344 2427 433 2462 ἀρχῆς
449 2427 655 2463 ἁφωρισμένης.
671 2428 704 2455 El
717 2428 746 2455 δὲ
762 2428 799 2464 μὴ
811 2437 857 2455 το-

61 2473 152 2504 πικῶς
166 2471 224 2498 τῶν
239 2472 290 2507 τῆς
305 2471 359 2506 γῆς
372 2472 525 2507 τμημάτων
539 2472 574 2499 τὰ
586 2472 670 2504 ζῴδια
685 2475 796 2509 κρατεῖν
807 2474 858 2500 λέ-

60 2527 147 2552 γοιεν,
167 2517 238 2553 μηδὲ
261 2516 411 2552 σωματικῷ
426 2516 538 2552 μεγέθει
552 2517 624 2544 κατὰ
642 2518 672 2544 τὸ
687 2518 760 2553 ἔχειν
775 2518 859 2553 αὐτῆς

61 2565 91 2591 τὸ
107 2564 224 2596 πλάτος,
233 2563 297 2599 [669
310 2562 359 2600 R.]
375 2563 471 2590 ἀλλὰ⁸⁰
489 2564 610 2598 φυσικῶς
622 2564 727 2600 χαίρειν
741 2564 856 2591 ἕκαστον

60 2609 115 2636 τῶν
132 2608 240 2642 ζωδίων
253 2608 363 2644 ἑκάστῳ
385 2609 465 2644 μέρει
485 2608 537 2643 τῆς
550 2608 618 2644 γῆς,
637 2609 772 2644 περιττῶς
788 2609 857 2645 πρὴς

907 2380 979 2411 deat,
993 2385 1075 2414 atque
1090 2382 1295 2413 coexteudatur,
1314 2389 1347 2408 ac
1361 2387 1504 2416 propterea
1519 2383 1601 2410 etiam
1611 2382 1698 2411 aﬁiui-
1753 2405 1758 2410 .

907 2429 989 2452 tatem
1008 2425 1080 2452 illam
1095 2433 1157 2453 cum
1171 2433 1204 2454 eo
1220 2427 1346 2462 habeat?,
1358 2427 1512 2456 Praesertim
1531 2436 1594 2456 cum
1610 2437 1697 2464 neque

909 2476 979 2498 terra
992 2472 1118 2498 universa
1132 2472 1168 2499 sit
1181 2473 1348 2506 habitabilis,
1360 2473 1406 2500 sed
1419 2481 1468 2508 pro
1480 2475 1596 2502 maxima
1609 2480 1696 2510 parte.

908 2524 964 2552 pra‘
979 2517 1062 2544 nimio
1077 2517 1175 2552 partim
1204 2518 1304 2551 calore,
1324 2519 1425 2553 partim
1447 2520 1557 2554 frigore,
1580 2521 1697 2548 habitari

909 2564 944 2590 ab
963 2563 1119 2590 hominibus
1134 2568 1259 2598 nequeat,
1278 2565 1312 2592 ab
1326 2565 1432 2593 ceteris
1451 2566 1515 2594 item
1539 2572 1618 2594 terra:
1636 2574 1699 2602 par-

912 2608 986 2635 tibus
997 2607 1054 2642 jam
1066 2607 1134 2635 ‘inde
1153 2615 1168 2634 a
1185 2609 1318 2644 principio
1333 2610 1442 2644 penitus
1467 2611 1606 2639 distincta.
1621 2611 1698 2645 Quod

714 2668 841 2705 vani/13'
857 2676 1060 2706 moriones.

97 2724 122 2740 "
137 2722 285 2759 ἀνατολῆς]
300 2723 355 2751 imo
369 2723 512 2759 ἀνατολὴν.
551 2724 573 2740 ⁷⁹
589 2723 690 2757 ceam,
700 2729 729 2751 ut
745 2724 823 2756 solet,
841 2724 873 2750 A.
913 2722 934 2739 ⁸⁸
949 2722 1016 2749 ἀλλὰ
1041 2722 1109 2757 μηδὲ
1124 2730 1188 2756 φυσ.
1200 2730 1230 2753 ς.

830 2793 898 2822 ΝΟΤ
901 2793 947 2822 1E.
1638 2830 1641 2832 .

100 2840 158 2876 (6|)
172 2840 294 2868 Ἕνδεκα
309 2839 460 2875 legendum,
478 2843 508 2868 ut
523 2840 641 2869 calculus
653 2841 786 2875 quadret:
800 2841 851 2869 nisi
864 2839 933 2868 libro
948 2839 1102 2875 insequenti
1125 2840 1282 2869 vicesimum
1296 2846 1377 2877 caput
1394 2841 1506 2870 Photius
1529 2842 1661 2872 omiserit.
