1920 3090
219 109 274 141 839

797 101 929 132 ΡΠΟΤΙῘ
948 99 1201 132 ΡΛΤῐὶῘΑΒΟΗΑΞ
1220 99 1274 130 CP.

1795 97 1849 129 840

218 167 241 194 si
258 173 310 193 non
326 164 431 192 ratione
451 163 521 191 situs
531 161 644 196 singulis
664 165 743 188 terrae
757 159 921 187 sectionibus
932 158 1005 193 signa

1058 157 1093 184 τὰ
1107 158 1233 193 σχήματα
1244 156 1299 183 τῶν
1311 155 1414 188 ζωδίων
1425 155 1472 182 καὶ
1486 155 1538 190 γῆς
1553 154 1653 187 τόπους
1666 154 1847 190 ἀπονέμουσιν

219 212 353 245 imperare
362 207 489 240 dixerint,
503 214 590 241 neque
603 206 706 234 ratione
721 211 859 240 corporea:
873 204 1009 239 magnitu-

219 257 299 287 dinis,
308 256 384 290 quasi
395 260 471 281 terrm
480 254 605 280 nimirum
614 252 731 279 habeant
739 250 952 284 amplitudinem,
962 249 1009 277 sed

220 309 308 336 neque
322 301 422 335 211a
434 299 538 326 ratione
549 303 652 325 natura:
660 298 776 331 gaudere
790 295 909 332 singulas
923 293 1008 329 signi-

223 347 272 374 feri
291 352 381 381 partes
403 345 517 380 singulis
532 350 611 372 terra:
628 343 760 378 partibus,
783 343 881 369 frustra
898 339 1009 368 omnino

1062 203 1123 234 ταῖς
1140 202 1190 237 μὲν
1202 201 1250 228 τοῦ
1264 201 1394 236 καρκίνου
1412 200 1508 236 χηλαῖς
1523 199 1620 235 ἐξοχάς
1639 209 1716 231 τινας
1739 201 1787 227 καὶ
1801 201 1849 228 ἐκ·

1061 247 1154 278 τάσεις
1169 246 1248 278 ἐκτὸς
1259 246 1307 273 τοῦ
1321 246 1383 273 ὅλου
1407 245 1551 280 μεγέθους,
1565 247 1622 278 τοῖς
1634 245 1663 272 δὲ
1681 245 1729 272 τοῦ
1746 246 1848 281 ταύρου

1061 293 1160 328 κέρασι
1175 292 1224 319 καὶ
1244 292 1302 323 τοῖς
1323 292 1402 318 ποσὶν
1418 292 1528 328 ἑτέρους
1539 291 1580 326 τῷ
1593 292 1643 327 τῆς
1659 291 1767 327 φύσεως
1783 293 1850 327 σχή-

1063 346 1128 373 ματι
1143 337 1362 372 παραπλησίους.

219 393 297 428 juxta
315 393 415 428 ﬁguras
436 394 586 427 signorum,
598 391 678 417 etiam
694 394 772 417 terra:
788 390 844 417 loca
854 387 1020 415 distribuunt
1038 393 1046 412 :
1064 388 1093 411 ut
1119 391 1180 412 cum
1205 384 1295 411 cancri
1322 383 1407 411 chelis
1435 382 1493 410 sive
1513 382 1658 418 forcipibus
1696 384 1847 412 eminentes

220 440 350 476 quasdam
376 445 456 474 atque
485 442 660 473 exporrectas
686 441 762 464 extra
789 436 871 462 totius
906 433 1002 461 molem
1022 437 1111 467 partes
1128 431 1347 459 attribuuntzet
1360 431 1430 458 tauri
1446 438 1551 459 rursum
1580 432 1708 459 cornibus
1735 439 1768 459 ac
1798 439 1847 466 pe—

221 486 299 514 dibus
313 486 366 512 alia
382 486 505 520 quaedam
533 486 601 516 loca,
620 491 679 517 quae
699 483 808 517 propius
828 482 861 509 ad
891 479 1045 508 naturalem
1060 479 1157 506 borum
1176 478 1288 513 figuram
1310 478 1452 505 accedant.

261 533 360 560 Adth
375 531 421 568 [si]
441 531 544 566 singula
566 531 687 566 signiferi
702 531 777 565 signa
795 529 909 564 singulis
924 533 1004 555 terra:

221 578 399 608 sectionibus.
415 578 451 604 ita
476 582 578 603 naturae
591 576 696 603 ratione
712 575 857 609 gaudeant,
874 579 904 600 ut
918 578 946 600 et
961 573 1006 600 lae-

224 625 289 652 dant
304 623 363 658 ejus
375 628 465 658 partes
482 631 513 650 ac
532 621 639 652 vitient,
663 622 703 648 vel
721 627 799 648 terra:
815 620 942 653 motibus,
965 620 1008 647 vel

223 670 312 698 bellis.
323 669 364 696 vel
376 668 445 703 ignis
457 668 664 699 vastationibus,
678 667 719 694 vel
735 666 889 697 sterilitate,
902 666 1009 700 quoties

224 714 371 748 malignum
396 713 503 748 aliquod
528 714 602 740 sidus
627 717 749 747 apparet,
765 717 791 740 et
807 717 899 739 contra
915 712 1011 747 juvent

224 761 352 792 maxime,
379 758 556 793 agricultura,
580 758 767 790 aedificatione,
791 759 923 790 ubertate,
947 758 1008 784 dum

223 803 369 837 benignum
387 802 495 836 aliquod
519 803 594 828 sidus
610 802 642 828 ad
660 809 707 828 cas
722 801 862 834 defertur;
877 801 1010 836 quomodo

224 849 317 875 adhaec
342 848 398 875 loca
421 848 543 882 quaedam
566 848 747 880 reperiuntur,
766 856 825 882 qua:
842 848 876 875 ob
898 848 1009 875 nimium

224 894 281 921 sive
303 892 399 928 frigus,
414 893 472 919 sive
488 893 605 919 calorem
620 893 732 920 omnino
749 893 857 920 deserta
881 897 1009 926 perpetuo

224 943 367 966 remanent.
388 947 395 965 :
417 946 505 973 neque
534 938 576 965 vel
603 938 752 966 beneficum
778 938 886 972 aliquod
906 942 1007 964 astrutn

224 985 330 1012 sublata
357 984 506 1011 solitudine
523 985 680 1018 temperiem
705 985 780 1012 hisce
798 984 896 1015 attulit,
915 984 956 1010 vel
975 983 1008 1011 ad

224 1030 387 1058 habitabiles
412 1031 485 1057 locos
506 1031 651 1065 malignum
677 1031 782 1064 signant
805 1030 964 1062 ascendens,
981 1030 1007 1057 in

223 1084 326 1104 meram
342 1084 390 1104 eos
401 1076 574 1103 solitudinem
592 1084 624 1104 ac
639 1077 790 1103 vastitatem
815 1076 937 1111 redegit?
952 1076 1008 1103 Etsi

223 1123 294 1150 enim
307 1123 351 1150 hic
365 1123 530 1158 contigerint
545 1123 691 1157 aliquando
703 1123 851 1156 eluviones,
866 1123 907 1150 vel
927 1130 1007 1156 gran-

223 1169 317 1195 dinum
340 1174 386 1195 aut
404 1169 545 1195 fulminum
559 1169 641 1200 ictus,
656 1169 756 1203 quibus
778 1175 809 1194 ea
827 1175 886 1202 quae
902 1167 928 1194 in
942 1167 1007 1202 ipsis

210 1219 296 1250 ‘sunt,
312 1215 431 1248 perirent
444 1222 450 1240 :
469 1219 588 1241 attamen
604 1214 760 1250 συμμετρία
772 1221 864 1240 rursus
878 1213 936 1241 haec
948 1213 1008 1240 loca

223 1259 257 1286 ad
279 1260 428 1286 naturalem
446 1260 596 1287 ubertatem
613 1261 732 1292 reduxit,
750 1267 809 1286 cum
828 1259 880 1287 illis
892 1259 1008 1286 desertis

224 1311 360 1337 nunquam
385 1305 493 1338 aliquod
516 1306 647 1332 hactenus
667 1304 729 1331 felix
746 1309 848 1331 astrum
867 1303 1007 1339 profuerit.

225 1349 278 1376 Sed
290 1354 387 1376 natura
406 1350 532 1377 nimirum
550 1350 663 1383 obtinet,
679 1357 739 1376 cum
764 1350 790 1376 in
806 1349 1006 1382 solitudinibus,

1091 526 1151 552 Ἔτι
1164 526 1198 559 ,δὲ
1213 526 1238 552 εί
1253 525 1344 561 χαίρει
1362 525 1416 551 τῶν
1438 524 1541 557 ζωδίων
1563 525 1679 551 ἕκαστον
1710 525 1836 559 φυσικῶς

1055 572 1163 608 ἑκάστῳ
1184 572 1261 608 μέρει
1281 571 1333 606 τῆς
1355 571 1417 606 τῆς,
1433 571 1481 597 καὶ
1508 571 1622 605 βλάπτει
1645 571 1695 604 μὲν
1711 571 1798 605 αὐτῆς
1812 572 1847 597 τὰ

1058 618 1127 653 μέρη
1143 619 1190 644 καὶ
1205 617 1332 652 ἀφανίζει
1351 617 1367 652 ἢ
1387 618 1507 652 σεισμοῖς
1519 617 1541 633 ³¹
1557 616 1574 652 ἢ
1591 616 1722 651 πολέμοις
1736 617 1753 651 ἢ
1770 625 1841 651 πυρ-

1057 664 1204 700 πολήσεσιν
1227 664 1245 699 ἥ
1277 663 1404 698 ἀφορίαις
1430 662 1579 689 κακοποιοῦ
1608 662 1736 696 φανέντος
1764 662 1812 688 τοῦ
1822 663 1847 678 ⁸¹

1059 710 1183 746 ἀστέρος,
1198 709 1300 744 ὠφελεῖ
1312 708 1340 735 δὲ
1355 708 1389 735 τὰ
1410 708 1527 743 μέγιστα
1541 707 1596 734 τῶν
1617 707 1788 741 ἀγαθοποιῶν
1806 716 1849 734 τιο

1059 764 1104 787 νος
1124 756 1165 787 εἰς
1181 755 1247 782 αὐτὸ
1270 755 1432 791 ἐρχομένου,
1447 754 1601 789 γηπονίαις,
1620 754 1770 789 εὖφορίαις,
1785 755 1846 787 πῶς

1059 801 1112 827 είσι
1125 802 1203 828 τόποι
1211 800 1255 827 διὰ
1270 800 1370 835 κρύους
1384 799 1400 835 ἢ
1415 800 1531 831 Θάλπους
1545 799 1698 835 ὑπερϐολὴν
1710 799 1756 826 διὰ
1773 808 1845 826 παν-

1058 847 1104 879 τὸς
1132 848 1241 874 πάντων
1267 846 1376 882 ἔρημοι,
1404 846 1449 873 καὶ
1473 845 1534 872 οὔτε
1561 845 1727 880 ἀγαθοποιδς
1752 846 1846 877 αὐτοῖς

1059 893 1151 927 ἀφεῖλε
1179 892 1228 928 τὴν
1252 893 1381 928 ἐρημίαν,
1399 892 1520 926 παρέσχε
1534 891 1563 918 δὲ
1576 891 1626 926 τὴν
1649 891 1798 926 εὐκρασίαν
1808 891 1845 924 ⁸³,

1058 939 1120 965 οὔτε
1133 939 1198 970 τοὺς
1211 939 1375 974 οίκησίμους
1391 939 1490 969 τύπους
1501 937 1647 968 κακοποιὸς
1661 936 1748 968 οὐδεὶς
1760 937 1847 971 ὲπεμμ-

1058 983 1160 1010 ϐαίνων
1182 983 1237 1010 τῶν
1265 983 1369 1016 ζωδίων
1388 983 1429 1015 εἰς
1444 982 1562 1017 παντελῆ
1580 982 1697 1017 ἐρημίαν
1707 982 1755 1008 καὶ
1769 983 1845 1016 ἀφα-

1058 1030 1152 1065 νισμὸν
1179 1029 1398 1064 μετεσκεύασενς
1414 1029 1439 1055 εί
1454 1029 1509 1064 γάρ
1523 1028 1571 1054 καὶ
1584 1027 1704 1062 γένοιντο
1717 1027 1780 1064 [547
1795 1028 1843 1064 Η.]

1058 1075 1246 1110 κατακλυσμοὶ
1261 1075 1278 1110 ἢ
1297 1075 1418 1110 χαλάζης
1445 1075 1461 1110 ἢ
1489 1074 1629 1110 κεραυνῶν
1648 1074 1735 1109 βολαὶ,
1757 1075 1790 1100 τὰ
1814 1075 1846 1101 ὲν

1058 1122 1150 1153 αὐτοῖς
1175 1120 1362 1155 ἀφανίζοντες,
1377 1121 1435 1147 ἀλλ’
1450 1121 1467 1155 ἡ
1482 1121 1639 1156 συμμετρία
1662 1120 1744 1147 πάλιν
1759 1121 1800 1151 είς
1812 1120 1846 1147 τὸ

1058 1168 1130 1195 κατὰ
1143 1167 1222 1202 φύσιν
1235 1167 1349 1203 εὔφορον
1363 1167 1461 1199 αὐτοὺς
1475 1167 1643 1203 ἐπανήγαγε.
1655 1167 1725 1199 Τοὺς
1738 1167 1766 1194 δὲ
1778 1167 1845 1202 ἐρή-

1060 1223 1125 1249 μους
1135 1214 1235 1245 τόπους
1257 1214 1334 1240 οῠπω
1350 1222 1392 1245 τις
1408 1213 1548 1249 ὠφέλησεν
1561 1213 1726 1247 ἀγαθοποιδς
1741 1213 1842 1248 ἀστὴρ,

1059 1260 1116 1287 ἀλλ’
1133 1261 1150 1295 ή
1169 1260 1249 1294 φύσις
1268 1261 1366 1295 κρατεῖ
1390 1260 1437 1286 καὶ
1449 1260 1478 1286 ιν
1492 1260 1621 1295 ἐρημίαις
1639 1260 1687 1287 καὶ
1699 1260 1840 1294 πανταχοῦ

1060 1307 1135 1341 παρά
1160 1305 1229 1332 Θεοῦ
1243 1307 1299 1337 τοῖς
1316 1305 1375 1332 οὖσι
1394 1306 1531 1341 διαφόρως
1545 1305 1665 1338 δοθεῖσα,
1679 1306 1726 1332 καὶ
1739 1305 1796 1332 οὒτ’
1808 1305 1844 1332 ἂν

1058 1352 1134 1382 ὑετὸς
1158 1350 1333 1385 κατενεχθείη
1348 1351 1416 1377 ὅπου
1437 1352 1474 1386 μὴ
1492 1351 1626 1384 πέφυκεν,
1646 1349 1702 1377 οὔτ’
1716 1350 1748 1377 ἂν
1767 1359 1846 1386 νιφε-

224 1401 280 1421 tum
306 1395 476 1430 ubicunque,
493 1404 544 1422 non
567 1395 660 1423 eadem
681 1396 723 1422 illa
749 1397 829 1423 rebus
851 1396 975 1423 omnibus
992 1403 1005 1423 a

1057 1397 1112 1424 τῶν
1139 1396 1310 1430 ἀπαλλαγείη
1338 1396 1373 1423 τὰ
1397 1397 1440 1423 διὰ
1461 1396 1561 1428 παντὸς
1577 1396 1694 1431 φέροντα
1719 1395 1844 1431 xpugno;

225 1441 278 1468 Deo
296 1441 390 1474 indita,
406 1447 434 1468 nt
456 1449 542 1475 neque
558 1442 646 1476 pluvia
661 1441 697 1469 ibi
712 1442 819 1469 decidat
833 1442 877 1469 tibi
895 1449 943 1476 per
959 1450 1005 1469 na-

1057 1442 1178 1477 ἀγρίους.
1199 1442 1231 1469 Et
1243 1441 1271 1468 δὲ
1284 1442 1350 1469 αὐτὸ
1370 1442 1420 1477 τῆς
1434 1442 1489 1469 τῶν
1505 1442 1595 1468 τόπων
1609 1441 1718 1477 φύσεως
1730 1441 1761 1468 τὺ
1773 1442 1844 1477 ἀμε-

223 1489 310 1511 turam
328 1492 381 1511 non
409 1484 490 1515 solet,
514 1493 601 1519 neque
625 1486 733 1512 nivibus
750 1493 867 1520 unquam
894 1485 937 1512 illa
962 1493 1005 1512 ca-

1057 1488 1189 1523 τάϐλητον
1212 1488 1312 1522 δεῖγμα
1328 1487 1497 1522 λαμϐάνουσι
1523 1486 1570 1513 τοῦ
1598 1488 1703 1522 χαίρειν
1726 1487 1844 1514 ἕκαστον

222 1534 309 1562 reaut,
327 1538 495 1566 quaecunque
514 1531 641 1558 immania
660 1531 713 1566 pati
739 1531 840 1566 frigora
859 1539 1005 1559 consueve-

1057 1535 1153 1567 ζώδιον
1169 1533 1278 1569 ἑκάστῳ
1293 1534 1370 1569 μέρει
1384 1534 1447 1568 γῆς,
1467 1534 1495 1560 αἱ
1509 1533 1563 1559 ἀπὸ
1578 1533 1711 1568 εὐφριῶν
1722 1533 1763 1564 εἰς
1774 1534 1846 1567 ἀφο-

223 1582 295 1602 runt.
310 1577 385 1609 Quod
411 1579 432 1604 si
456 1577 502 1611 qtti
521 1576 635 1603 forsitan
663 1576 858 1604 immutabilem
882 1577 953 1604 hunc
979 1577 1005 1604 itt

1059 1582 1118 1616 ρίας
1135 1580 1282 1615 μεταϐολαὶ
1307 1581 1354 1606 καὶ
1372 1581 1396 1606 οἱ
1411 1579 1518 1614 σεισμοὶ
1540 1579 1570 1606 τὸ
1588 1579 1733 1614 λεγόμενον
1748 1579 1845 1610 αὐτοῖς

221 1622 340 1649 locorum
361 1627 457 1650 natura
480 1624 603 1651 ordinem
621 1630 671 1657 pro
694 1623 796 1650 indicio
818 1629 900 1658 atque
926 1631 1007 1657 argn-

221 1676 315 1700 menlo
331 1675 481 1702 assumant,
505 1671 577 1705 quod
596 1669 701 1704 singula
720 1668 841 1704 signiferi
859 1669 935 1704 signa
952 1670 1008 1697 sin-

220 1718 290 1750 gulis
311 1723 391 1744 terra:
405 1716 528 1751 partibus
544 1716 699 1749 gaudeant:
715 1719 788 1742 certe
810 1715 956 1742 fertilitatis
981 1715 1006 1742 in

221 1764 394 1790 sterilitatem
408 1762 645 1793 commutationes,
662 1767 795 1795 terraeque
809 1760 894 1795 ipsius
906 1764 1006 1793 motus,

221 1809 384 1837 imbecillum
399 1815 462 1836 esse
475 1808 570 1834 horum
586 1812 775 1842 argumentum
795 1807 861 1833 satis
877 1810 1003 1841 arguunt.

219 1853 286 1881 Nam
300 1855 349 1882 etsi
364 1853 481 1881 felicium
496 1853 615 1880 locorum
631 1858 873 1887 temperamentum
886 1858 1005 1886 persaepe

220 1900 342 1934 perierit,
369 1899 544 1927 solitudinum
564 1903 653 1926 tamen
670 1897 856 1926 inhabitabilis
871 1898 1004 1933 asperitas

220 1952 357 1979 nunquam
376 1945 516 1971 immutata
539 1948 592 1970 est.
610 1942 671 1970 Haec
697 1943 779 1978 igitur
794 1943 837 1970 illa
856 1948 918 1970 sunt
944 1950 1004 1977 quae

1057 1626 1167 1658 ἀσθενὲς
1182 1626 1364 1661 διελέγχουσι·
1381 1625 1436 1652 τῶν
1464 1626 1513 1660 μὲν
1529 1625 1584 1660 γὰρ
1611 1625 1722 1658 ἀγαθῶν
1748 1626 1844 1652 τόπων

1056 1672 1185 1703 πολλάκις
1208 1671 1344 1706 ἠφανίσθη
1357 1671 1387 1697 τὸ
1404 1670 1548 1707 εὔκρατον,
1560 1671 1615 1697 τῶν
1626 1671 1655 1696 δὲ
1669 1671 1782 1706 ἐρήμων
1799 1671 1844 1697 οὖ-

1055 1714 1194 1742 δεπώποτε
1218 1714 1373 1750 μετεϐλήθη
1389 1715 1420 1741 τὸ
1435 1715 1530 1749 ἄγριον
1555 1715 1602 1741 καὶ
1626 1716 1764 1750 ἀοίκητον.
1779 1715 1845 1742 Τῶν

1058 1761 1107 1796 μὲν
1123 1760 1168 1786 οὖν
1184 1761 1213 1787 ὲν
1239 1759 1278 1794 τῷ
1292 1760 1313 1786 λ’
1328 1759 1468 1795 κεφαλαίῳ
1489 1760 1538 1786 ὅσα
1554 1759 1585 1785 τὸ
1610 1760 1756 1786 ἀκόλουθόν
1781 1769 1844 1792 πως

1059 1806 1129 1842 μετὰ
1144 1806 1193 1840 τοῦ
1207 1805 1320 1833 πιθανοῦ
1337 1803 1404 1840 εἶχε,
1434 1805 1520 1832 ταῦτά
1542 1806 1617 1832 ἐστι’
1632 1806 1685 1832 τῶν
1705 1806 1727 1832 δ’
1752 1806 1843 1832 ἄλλων

1057 1851 1091 1878 τὰ
1118 1851 1167 1886 μὲν
1181 1852 1238 1883 τοῖς
1262 1851 1428 1886 προλαϐοῦσι
1444 1851 1602 1885 κεφαλαίοις
1617 1852 1787 1887 προείρηται,
1805 1852 1844 1878 τὰ

1055 1897 1085 1924 δὲ
1113 1898 1184 1924 κατὰ
1203 1897 1233 1923 τὺ
1255 1897 1416 1932 φαινόμενον
1432 1897 1531 1932 μᾶλλον
1546 1897 1594 1924 καὶ
1607 1897 1766 1925 ἐπιπόλαιον
1799 1898 1843 1924 δι-

1057 1942 1233 1970 εσκεὺασται.

220 1989 357 2016 tricesimo
378 1989 466 2024 capite
488 1988 526 2015 ita
548 1993 707 2021 tractantur,
726 1993 755 2015 ut
782 1990 1003 2023 consequentiam
1024 1990 1143 2024 aliquam
1170 1993 1199 2015 et
1225 1987 1442 2022 probabilitatem
1474 1988 1601 2020 habeant,
1633 1994 1730 2015 caetera
1761 1996 1840 2023 vero,

219 2035 318 2070 partim
332 2035 465 2070 capitibus
488 2034 559 2061 dicta
577 2039 639 2062 sunt
655 2035 881 2069 praecedentibus,
905 2037 1002 2071 partim
1024 2037 1051 2064 in
1069 2036 1186 2071 speciem
1201 2036 1330 2062 duntaxat
1342 2036 1503 2062 exteriorem
1521 2035 1651 2061 instructa
1667 2035 1800 2063 videntur.

255 2083 288 2108 At
302 2082 388 2116 primo
410 2087 437 2108 et
455 2081 593 2109 tricesimo
616 2083 706 2117 capite
729 2083 927 2117 astrologorum
944 2084 1003 2118 opi-
1020 2086 1043 2114 D

218 2127 327 2154 nionem
350 2126 525 2157 labefactans.
547 2127 583 2154 ita
599 2127 714 2161 quaerit:
731 2127 786 2154 Cur
803 2128 907 2155 zodiaci
926 2129 1002 2163 signa

216 2173 365 2199 errantium
380 2173 521 2199 stellarqu
534 2173 628 2200 domos
644 2173 799 2207 appellant?
811 2173 852 2200 An
868 2174 930 2208 quia
947 2175 1003 2202 haec

218 2219 244 2245 in
269 2218 339 2246 ccelo
362 2219 412 2245 lixa
429 2218 515 2245 sunt?
540 2218 610 2253 Ergo
639 2223 773 2253 quotquot
797 2219 921 2246 similiter
949 2220 1001 2247 ﬁxa

217 2269 325 2291 manent
349 2268 434 2295 astra,
450 2264 569 2298 ipsorum
584 2272 660 2298 atque
682 2265 778 2292 domus
795 2265 906 2292 fuerint.
923 2265 999 2298 Non;

216 2310 262 2335 sed
277 2310 340 2343 quia
362 2317 413 2336 non
431 2309 583 2336 errantium
603 2309 743 2336 stellarum
761 2310 889 2345 qualibet
903 2310 1002 2345 gaudet

215 2356 313 2390 211b
334 2361 453 2383 errante.
471 2355 540 2388 Quin
561 2356 641 2390 igitur
661 2361 689 2383 et
715 2356 830 2391 planetae
859 2356 998 2391 signorum

216 2402 317 2428 zodiaci
348 2402 457 2428 domus
476 2401 666 2436 appellantur?
695 2402 836 2435 Quomodo
858 2409 910 2428 non
936 2402 1000 2429 item

215 2448 310 2473 domus
330 2447 444 2474 invicem
461 2451 523 2474 sunt
548 2447 662 2473 benefici
680 2448 858 2482 prosperiqne
874 2447 999 2481 planetae,

214 2496 242 2518 et
257 2491 372 2518 maleﬁci
386 2501 394 2519 :
413 2492 468 2519 imo
483 2496 510 2518 et
524 2500 585 2527 qua:
597 2493 648 2519 sibi
666 2497 761 2519 ututuo
778 2493 920 2519 familiaria
937 2497 1000 2520 sunt

214 2537 318 2564 zodiaci
346 2537 432 2572 signa.
452 2537 481 2564 Si
510 2545 574 2565 vero
602 2543 756 2573 propterea,
783 2538 853 2573 quod
879 2538 955 2573 signa
983 2546 1000 2566 e

214 2583 308 2610 multis
334 2588 529 2617 componantur
555 2584 653 2616 stellis,
676 2591 737 2611 cum
764 2584 861 2619 singuli
884 2584 998 2619 planetas

212 2630 293 2657 unius
310 2629 416 2664 generis
438 2630 507 2663 sint;
528 2637 591 2657 mox
610 2630 692 2657 etiam
709 2630 856 2664 quamlibet
881 2630 995 2656 lixarum

1098 2084 1142 2110 Ἐν
1154 2083 1182 2110 δὲ
1196 2082 1234 2117 τῷ
1247 2082 1287 2109 λα’
1301 2082 1426 2117 διαπορεῖ
1440 2081 1490 2117 τὴν
1501 2082 1556 2108 τῶν
1574 2082 1744 2117 ἀστρολόγων
1757 2083 1839 2116 δόξαν

1051 2128 1187 2160 διασείων,
1205 2128 1252 2154 καί
1276 2135 1353 2161 φησι·
1371 2127 1422 2153 Διὰ
1435 2127 1461 2153 τί
1487 2127 1540 2161 γὰρ
1568 2127 1651 2159 ζώδια
1677 2128 1766 2160 οἴκους
1780 2130 1839 2156 τῶν

1050 2173 1192 2208 πλανήτων
1207 2172 1355 2205 καλοῦσιν;
1372 2171 1416 2208 ἆρ’
1431 2173 1473 2199 ὅτι
1488 2172 1611 2207 πέπηγεν
1620 2172 1643 2188 ⁸⁵
1657 2174 1686 2199 ἐν
1702 2173 1741 2209 τῷ
1753 2175 1839 2209 οὺρσρ

1049 2218 1106 2253 νῷ;
1130 2218 1178 2245 καὶ
1197 2218 1299 2250 πάντες
1326 2217 1380 2253 ἄρα
1407 2218 1432 2244 oi.
1455 2218 1556 2253 ὁμοίως
1579 2219 1734 2253 πεπηγότες
1765 2217 1838 2248 οἶκοι

1048 2263 1187 2290 Esaia-cat"
1201 2263 1313 2290 τούτων.
1338 2263 1406 2290 Ἀλλ’
1422 2264 1463 2290 ὅτι
1489 2263 1625 2291 κινοῦνται
1645 2265 1669 2290 οἱ
1682 2264 1836 2300 πλάνητες

1049 2308 1097 2335 καὶ
1110 2308 1182 2335 οὕτω
1198 2309 1279 2336 πάλιν
1293 2309 1393 2340 πάντες
1409 2309 1434 2336 oi
1445 2310 1604 2344 πεπηγότες
1614 2308 1684 2337 οἶκοι
1699 2311 1733 2338 ἂν
1742 2313 1838 2339 αὐτῶν

1049 2355 1143 2390 εἴησαν
1168 2354 1292 2386 εἰκότως.
1312 2354 1382 2381 Ἀλλ’
1408 2355 1449 2381 ὅτι
1474 2355 1528 2382 τῶν
1557 2355 1684 2383 ἀπλανῶν
1719 2358 1840 2391 ἑκαστος

1049 2400 1139 2435 χαίρει
1157 2400 1196 2434 τῷ
1211 2400 1327 2435 πλάνητι
1345 2409 1353 2434 ;
1369 2400 1414 2427 διὰ
1429 2400 1456 2426 τί
1475 2399 1521 2428 οὖν
1541 2401 1578 2436 μὴ
1596 2402 1644 2428 καὶ
1658 2403 1683 2428 οἱ
1697 2403 1841 2438 πλάνητες

1050 2444 1119 2472 οἶκοι
1138 2445 1193 2472 τῶν
1208 2445 1312 2477 ζωδίων
1327 2454 1334 2478 ;
1351 2446 1410 2478 πῶς
1426 2446 1455 2473 δὲ
1472 2447 1508 2482 μὴ
1523 2447 1646 2482 ἀλλήλων
1667 2445 1737 2475 οἶκοι
1753 2449 1839 2475 mw

1049 2491 1075 2518 οἱ
1092 2491 1250 2525 ἀγαθοποιοὶ
1262 2491 1397 2526 πλάνητες
1407 2493 1455 2518 καὶ
1468 2494 1492 2519 oi
1511 2494 1666 2526 κακοποιοὶ,
1685 2494 1732 2520 καὶ
1747 2495 1789 2521 ἐτι
1801 2496 1838 2522 τὰ

1048 2536 1173 2571 ἀλλήλοις
1189 2535 1317 2571 χαίροντα
1327 2536 1350 2552 ⁵⁸
1363 2536 1419 2563 τῶν
1437 2536 1558 2572 (uidit-tv;
1575 2539 1599 2565 εί
1618 2539 1640 2565 δ’
1655 2539 1699 2566 ὄτι
1725 2540 1761 2566 τὰ
1784 2541 1838 2574 μὲν

1045 2581 1128 2614 ζώδια
1145 2581 1286 2616 σύγκειται
1306 2583 1338 2608 ὲκ
1350 2582 1464 2616 πολλῶν,
1482 2583 1596 2616 ἕκαστος
1612 2584 1640 2610 δὲ
1655 2585 1711 2611 τῶν
1727 2585 1838 2621 πλανὴε

1048 2637 1102 2654 των
1123 2627 1274 2663 μονοειδὴς,
1291 2627 1339 2655 καὶ
1359 2629 1479 2665 ἑκάστην
1496 2629 1620 2657 σύνθεσιν
1633 2630 1688 2657 τῶν
1705 2631 1838 2658 ἀπλανῶν

828 2727 831 2734 '
856 2718 973 2746 νΑιιΙΑΞ
996 2719 1198 2748 LECTIONES.

245 2780 265 2796 ⁵¹
279 2781 368 2814 ﬂante
386 2780 507 2814 σεισμοῖς
531 2787 586 2805 om.
605 2779 636 2804 A.
691 2779 712 2794 "
725 2777 770 2804 τοῦ
787 2786 841 2814 om.
863 2777 895 2805 C.

208 2815 270 2844 add.
290 2813 344 2844 AC.
381 2815 404 2830 ⁸⁸
418 2815 547 2849 χαίροντα
565 2819 593 2841 et
611 2821 673 2841 ntox
691 2814 752 2845 τοὺς
764 2813 813 2840 add
829 2814 861 2840 A.

955 2778 977 2794 ⁸³
993 2778 1127 2813 ἀκρασίαν
1142 2787 1172 2811 ς.

1222 2778 1245 2794 υ
1269 2777 1313 2813 ἀρ’
1341 2777 1388 2805 οὖν
1413 2778 1454 2806 ὅτι
1477 2787 1508 2812 ς.
1562 2780 1699 2808 ’δέσονται
1714 2777 1840 2807 -οἶκοι
