1920 3090
60 167 109 198 Sil

579 163 839 194 BIBLIOTHECA.
853 176 887 180 —
904 163 986 194 COD.
1001 163 1156 193 CCXXIII.

1628 163 1683 198 842

59 225 130 254 οἷκον
155 224 297 259 ὀφείλουσι
317 224 405 251 ποιεῖν
423 223 479 249 τῶν
493 222 637 257 πλανήτων
650 230 656 236 ·
676 221 775 253 πολλὰς
790 222 844 258 γὰρ

905 223 1037 249 stellarum
1062 222 1288 257 compositionem
1318 223 1488 258 planetarum
1514 224 1683 252 constituere

58 273 91 299 ἄν
109 280 152 303 τις
172 271 251 306 εὖροι
277 269 427 302 συνθέσεις,
443 268 585 304 βουληθεὶς
604 267 706 301 ζητεῖν,
730 268 778 294 καὶ
791 267 846 294 τῶν

59 318 145 345 ἄλλων
160 316 302 343 ἀπλανῶν.
319 317 351 342 Et
363 315 391 342 δὲ
406 316 447 342 ὅτι
469 314 537 350 μόνα
548 313 583 341 τὰ
600 314 684 346 ζώδια
709 315 766 345 τοῖς
782 313 847 340 πλά-

59 371 134 398 νησιν
152 363 196 392 εἰς
210 362 246 388 τὰ
263 361 473 396 ἀποτελέσματα
497 361 634 395 συνεργεῖ,
648 359 692 386 διὰ
702 360 728 386 τί
742 359 780 394 μὴ
799 359 847 386 καὶ

58 411 78 435 nl
93 409 233 443 πλάνητες
247 404 318 434 οἶκοι
334 407 388 434 τῶν
404 406 508 438 ζωδίων
523 406 718 441 συνεργοῦντες
734 405 846 438 αὐτοῖςς

58 455 122 482 εἰδὲ
135 454 207 480 διότι
223 453 274 485 τάς
292 453 349 479 τῶν
365 453 469 485 ζωδίων
493 451 634 487 ἐνεργείας
657 451 704 478 καὶ
728 451 848 485 ἀκύρους

59 500 103 527 καὶ
126 500 254 534 ὲνεργείς
274 498 402 526 δύνανται
431 498 530 529 ποιεὶν,
551 496 617 532 [672
637 495 683 532 IL]
709 495 767 527 πῶς
785 495 848 530 οὐχὶ

59 546 105 572 καὶ
118 545 245 580 ἀλλήλων
263 543 333 571 οἶκοί
350 545 414 573 εἰσι,
431 544 488 574 τοῖς
507 542 632 577 ἀλλήλων
647 541 848 576 ἀποτελέσμασι

57 592 102 617 καὶ
117 591 204 625 κῦρος
216 589 264 617 καὶ
276 589 423 616 κατάλυσιν
438 589 565 622 ἐπάγειν,
578 587 615 618 ὦς
633 595 727 621 φασιν,
745 587 848 622 ἰσχύον-

60 644 116 669 ιες;
131 635 193 667 πῶς
208 636 238 662 δὲ
256 635 325 670 μόνα
340 635 375 661 τὰ
389 633 473 666 ζώδια
486 635 543 664 τοῖς
558 633 679 667 πλάνησι
703 633 846 667 συνεργεϊ;

58 680 112 716 ἆρα
127 680 245 716 μάταιός
272 680 347 706 ἐστιν
370 680 385 706 ὸ
406 679 499 710 λοιπὸς
523 678 578 705 τῶν
592 677 723 705 ἀπλανῶν
747 677 847 713 χορόςς

58 727 114 758 πιῖις
135 726 166 752 δὲ
186 726 251 757 τοὺς
272 724 412 759 πλάνητας
437 724 614 759 ἀγαθοποιεῖν
627 723 675 751 καὶ
691 724 849 750 κακοποιεῖν

57 772 124 804 ὅλως
139 770 273 798 δύνασθαί
290 779 389 805 φασιν,
404 768 460 805 ἆρα
480 769 524 796 διὰ
539 769 570 795 τὸ
586 768 720 796 κινεῖσθαι
730 777 739 801 ;
751 767 849 795 οὐκοῦν

57 817 108 844 τῶν
123 816 158 852 ιβ’
175 816 280 849 ζωδιων
298 815 376 842 οὐδὲν
395 815 458 842 οὕτε
476 815 674 849 ἀγαθοποιήσει
687 813 749 841 οὔτε
764 822 848 840 κακο-

57 863 165 896 ποιήσει
177 869 183 876 ·
203 861 261 888 ἀλλ’
280 861 341 887 ούδέ
364 869 407 892 τις
424 859 504 892 ἄλλος
531 859 585 887 τῶν
606 859 746 887 ἀπλανῶν.
766 859 798 886 Εἰ
819 859 849 885 δὲ

899 268 1009 294 domum
1024 268 1152 301 astrologi
1166 274 1310 303 coguntur.
1324 268 1421 298 Multas
1431 269 1516 302 enim.
1534 269 1581 305 qui
1609 269 1686 297 inve-

898 313 1002 348 stigare
1015 313 1089 344 velit,
1112 313 1194 340 etiam
1214 314 1328 341 aliarum
1343 314 1457 342 lixarum
1475 314 1686 349 compositiones

899 359 1025 392 reperiat.
1036 358 1084 386 Sin
1101 359 1174 394 quod
1196 359 1276 386 nulla!
1293 365 1390 394 prater
1413 361 1516 388 zodiaci
1540 360 1617 394 signa
1633 368 1684 387 una

899 412 960 431 cum
983 404 1099 438 planetis
1118 404 1232 433 eli'ectus
1254 405 1352 433 fatales
1365 410 1533 440 operentur,
1555 413 1607 433 cur
1632 413 1684 432 non

897 454 925 476 et
936 449 1050 484 planetae
1064 449 1162 477 domus
1176 454 1240 477 sunt
1255 451 1394 485 signorum
1407 450 1571 484 etelestium,
1588 458 1685 486 quem-

898 494 1043 522 admodum
1070 502 1132 522 cum
1163 495 1216 522 illis
1230 503 1283 522 una
1300 497 1467 530 operantur?
1482 495 1530 524 Sin
1544 496 1614 524 forte
1626 503 1687 531 pro.

899 545 992 574 plerea
1012 540 1083 575 quod
1100 541 1240 574 signorum
1261 541 1415 569 caelestium
1434 543 1607 576 operationes
1622 548 1686 575 pos-

899 586 955 613 sint
969 586 1085 620 planetm
1099 591 1144 614 aut
1168 587 1270 619 irritas,
1292 592 1339 614 aut
1351 587 1477 615 ellicaces
1493 587 1593 619 facere,
1618 594 1687 622 quo-

900 633 980 659 modo
997 639 1050 660 non
1064 632 1147 660 etiam
1165 632 1279 665 aliorum
1296 633 1342 660 alii
1358 633 1454 661 domus
1468 638 1542 666 sunt,
1554 632 1686 667 quemad-

899 678 1009 705 modum
1026 682 1134 705 mutuos
1144 676 1270 710 eti‘ectus.
1284 683 1315 705 ut
1334 677 1372 705 illi
1389 677 1520 710 fatentur,
1535 683 1563 705 et
1576 682 1649 705 ratos
1659 681 1688 704 et

899 723 993 751 irritos
1009 723 1122 751 reddere
1135 723 1255 758 queunt?
1275 722 1415 757 Quomodo
1438 723 1503 750 item
1527 722 1584 750 sola
1601 721 1688 757 signi-

899 769 951 797 feri
972 766 1048 806 signa
1068 770 1188 806 planetis
1208 771 1410 806 cooperantur?
1426 769 1495 798 Num
1524 777 1687 804 supervaca-

900 823 967 843 neus
981 820 1022 843 est
1036 815 1158 850 reliquus
1178 815 1295 843 flxarum
1310 816 1415 844 cretusl
1433 816 1575 849 Quomodo
1591 816 1687 843 adha'e

900 861 1024 895 planetas
1046 866 1092 889 aut
1121 861 1244 897 ibenigne
1270 862 1373 896 facere,
1406 865 1453 889 aut
1481 869 1582 889 nocere
1604 869 1686 896 posse

56 908 135 940 διότι,
149 907 231 942 φησὶ,
244 906 280 933 δι’
293 906 383 934 αὐτῶν
396 906 558 941 πορεύονται
568 906 593 932 οἱ
605 905 752 941 πλάνητες,
763 904 852 939 πολλῷ

905 906 1052 934 asserunt?
1071 914 1104 934 an
1118 896 1229 942 propter
1252 913 1355 935 motum
1367 907 1379 934 ?
1393 906 1501 934 Nullum
1523 907 1605 941 igitur
1619 914 1635 934 e
1647 913 1685 934 nl

59 952 161 986 μᾶλλον
191 952 221 979 αἱ
247 950 331 983 ζῶναι
360 951 409 978 καὶ
434 952 460 978 οἱ
483 951 531 978 τοῦ
557 951 639 987 ἀέρος
654 951 746 981 τόποι.
762 950 795 977 δι’
811 947 849 978 ὧν

58 997 193 1028 ὁδεύουσι,
213 996 260 1023 τοῦ
287 996 443 1023 καλοποιεῖν
466 996 515 1023 καὶ
542 997 700 1023 κακοποιεῖν
732 996 849 1030 δύναμιν

57 1042 166 1074 ἑξουσιν
177 1049 185 1057 ·
199 1041 315 1076 οὐρανοῦ
331 1041 396 1076 γὰρ,
411 1042 440 1068 ἐν
455 1038 478 1075 ᾧ
495 1042 522 1068 οι
537 1041 683 1076 πλάνητες,
707 1041 849 1077 οὐμενοῦν,

58 1088 94 1120 ὦς
108 1096 178 1122 φασι
193 1107 201 1120 ,
231 1087 321 1123 πολλῷ
344 1087 491 1121 κατωτέρω
503 1087 578 1119 ὄντες
590 1087 641 1123 οὐχ
658 1088 800 1115 ἅπτονται.
817 1088 850 1114 Τί

57 1133 84 1160 δὲ
101 1133 135 1167 δή
156 1142 225 1160 ποτε
242 1134 342 1169 σελήνη
369 1133 419 1169 μὲν
439 1134 471 1160 τὺ
488 1133 629 1168 μειοῦσθαι
658 1133 707 1161 καὶ
725 1133 850 1166 αὐξάνειν

59 1178 202 1215 ὑπομένει,
219 1179 275 1205 τῶν
285 1179 307 1205 δ’
320 1179 408 1206 ἀλλων
424 1179 568 1215 πλανήτων
581 1179 784 1214 προποδισμοὺς
803 1179 850 1206 καὶ

60 1226 232 1261 πηριγμοὺς
245 1225 293 1251 καλ¹
314 1225 515 1260 ἀναποδισμοὺς
530 1225 698 1260 εἰσάγοντες,
710 1225 786 1261 ἥλιον
801 1226 850 1252 καὶ

58 1271 177 1306 σελήνην
191 1271 242 1306 τῆς
257 1271 386 1307 τοιαύτης
400 1271 464 1307 [548
478 1270 525 1307 Η.]
540 1271 725 1306 παλιντρόπου
747 1271 851 1306 πλάνης

58 1317 221 1352 ἐλευθέρους
247 1317 347 1350 ὲῶσιν;
368 1318 416 1344 καὶ
440 1318 465 1344 εἰ
495 1317 667 1352 μικροφανὴς
694 1318 708 1344 ὸ
732 1317 850 1352 Κρόνος,

58 1362 164 1397 μείζων
182 1388 191 1403 ,
211 1362 250 1395 ὥς
282 1371 347 1397 φασι
367 1384 374 1396 ,
394 1363 449 1390 τῶν
475 1363 566 1390 ἄλλων
592 1364 723 1400 ὑπάρχων
749 1364 852 1399 πλανή-

60 1417 122 1440 οων,
146 1409 191 1435 ὃτι
214 1409 318 1435 τούτων
352 1408 488 1444 ἀνώτερον
516 1409 652 1445 διατρέχει
682 1409 792 1442 κύκλον,
807 1409 852 1436 διὰ

59 1455 84 1481 τί
101 1454 208 1490 μείζων
224 1455 240 1481 ὁ
253 1455 330 1489 ἥλιος
346 1455 396 1490 τῆς
414 1455 541 1490 σελήνης,
554 1455 689 1490 τετάρτην
704 1455 752 1482 ἀπ’
766 1455 852 1490 αὐτῆς

57 1500 150 1536 ζώνην
162 1500 303 1533 clausum;
318 1500 402 1536 ὲχρῆν
419 1501 473 1535 γὰρ
489 1501 571 1528 αὑτὸν
582 1500 673 1536 πολλῷ
690 1499 792 1536 ταύτης
807 1509 852 1536 μι-

59 1547 191 1583 κρότερον
205 1545 365 1582 φαίνεσθαι.
379 1546 461 1574 Ὥστε
475 1547 565 1573 πάντα
579 1546 664 1581 ψευδῆ
679 1547 726 1573 καὶ
745 1545 851 1574 πεπλα-

59 1594 160 1628 σμένα,
180 1594 199 1621 ἀ
221 1594 271 1629 τῆς
293 1593 472 1629 ἀστρολογίας
498 1594 523 1619 οἱ
553 1593 630 1619 πόνοι
663 1591 853 1628 κρατύνουσιν.

57 1641 139 1667 Οὕτω
158 1639 210 1676 μὲν
229 1637 277 1666 οὖν
291 1639 338 1666 καὶ
351 1639 382 1666 τὸ
392 1639 433 1666 λα’
449 1639 609 1673 κεφάλαιον.

901 952 956 980 illis
973 952 1077 980 zodiaci
1094 953 1179 988 signis
1197 960 1356 988 prosperum
1377 953 1431 980 erit
1455 952 1499 980 vel
1519 952 1684 980 adversum:

900 999 947 1027 sed
962 1006 1050 1034 neque
1062 999 1114 1027 alia
1132 999 1188 1027 ulla
1201 1007 1252 1027 non
1271 1006 1367 1027 errans
1380 999 1471 1027 stella.
1492 999 1540 1026 Sin
1556 1000 1627 1031 ideo,
1642 999 1686 1026 in-

901 1045 971 1080 quit,
991 1045 1061 1078 quod
1077 1052 1125 1079 per
1151 1045 1197 1072 illa
1215 1045 1378 1080 gradiuntur
1391 1045 1516 1079 planetae,
1531 1044 1586 1077 jam
1601 1044 1686 1071 multo

901 1090 994 1124 potius
1011 1091 1068 1117 sive
1079 1097 1163 1124 zonae,
1182 1091 1239 1117 sive
1253 1090 1323 1117 aeris
1338 1090 1381 1117 illa
1402 1090 1470 1121 loca.
1491 1097 1539 1125 per
1561 1097 1621 1124 quae
1639 1089 1685 1116 isti

900 1136 1072 1172 gradiuntur,
1088 1136 1158 1164 hanc
1181 1137 1250 1164 bene
1266 1140 1313 1163 aut
1327 1136 1396 1163 male
1410 1136 1506 1170 agendi
1523 1139 1683 1169 potestatem

901 1181 1049 1209 habebunt.
1074 1180 1167 1216 Neque
1188 1182 1260 1209 enim
1281 1183 1338 1209 haec
1384 1182 1551 1216 planetarum
1574 1180 1684 1213 coelum,

901 1234 963 1254 cum
987 1228 1072 1254 multo
1095 1227 1150 1254 sint
1169 1227 1211 1262 (ut
1237 1227 1325 1258 aiunt)
1348 1226 1488 1259 inferiora,
1514 1226 1684 1259 contingunt.

901 1272 1036 1306 Quorsum
1056 1274 1163 1301 tandem
1177 1273 1240 1300 luna
1259 1273 1342 1300 minui
1357 1279 1438 1307 atque
1464 1272 1556 1307 augeri
1576 1276 1686 1307 potest:

901 1323 1006 1346 etcum
1032 1323 1192 1346 caeterorum
1218 1318 1388 1353 planetarum
1414 1325 1585 1353 progressus,
1601 1322 1689 1345 status

905 1365 985 1397 fixos,
1001 1372 1033 1392 ac
1049 1365 1279 1401 retrogressiones
1295 1365 1443 1398 adducant,
1458 1365 1542 1393 solem
1555 1369 1646 1392 tamen
1662 1368 1690 1391 et

902 1409 993 1437 lunam
1005 1409 1039 1437 ab
1060 1410 1111 1437 hoc
1127 1409 1285 1444 retrogrado
1296 1416 1390 1437 errore
1408 1409 1509 1437 liberos
1525 1409 1621 1438 sinunt
1632 1409 1645 1436 ἲ
1656 1408 1692 1436 Et

902 1455 925 1483 si
947 1463 1047 1491 parvus
1064 1455 1111 1491 qui
1131 1456 1237 1484 videtur
1263 1456 1408 1488 Saturnus,
1436 1455 1498 1483 aliis
1523 1460 1613 1482 tamen
1648 1454 1692 1490 (ut

902 1502 990 1535 aiunt)
1014 1501 1099 1535 major
1118 1506 1161 1529 est
1186 1501 1311 1536 planetis.
1335 1508 1368 1529 eo
1398 1503 1469 1537 quod
1493 1509 1542 1535 per
1567 1501 1690 1528 altiorem

904 1547 996 1574 orbem
1010 1545 1186 1579 obambulet;
1209 1553 1257 1573 cur
1273 1546 1360 1580 major
1386 1546 1450 1573 luna
1478 1553 1559 1580 quam
1581 1545 1632 1578 sol,
1644 1541 1692 1579 qui

908 1596 1006 1627 quarto
1017 1598 1098 1625 supra
1125 1591 1196 1618 illam
1212 1591 1278 1618 orbe
1293 1590 1440 1618 decurrit?
1453 1590 1598 1625 oportebat
1619 1591 1692 1618 enim

911 1637 998 1672 ipsum
1013 1637 1097 1664 multo
1110 1636 1155 1663 illa
1178 1637 1309 1664 minorem
1322 1644 1463 1671 apparere.
1488 1636 1579 1670 Quare
1601 1637 1694 1665 omnia

59 1687 126 1715 falsa
147 1693 214 1715 sunt
229 1693 311 1722 atque
323 1687 450 1718 conticta.
465 1694 525 1721 quae
535 1686 853 1722 astrologorumscriptis
869 1689 1039 1713 astruuntur.
1057 1684 1104 1712 Sic
1123 1685 1230 1719 quidem
1246 1684 1362 1719 primum
1381 1690 1408 1711 et
1423 1685 1587 1712 tricesimum
1613 1689 1695 1721 caput

60 1734 223 1762 absolvitur.

94 1782 171 1809 Τὸδὲ
184 1781 224 1817 λβ¹
233 1782 255 1798 ³⁷
264 1782 341 1808 οὐδὲν
356 1781 411 1808 τῶν
420 1781 530 1818 ἀληθῶν
543 1782 610 1817 πρὸς
618 1781 785 1817 ἀνατροπὴν,
797 1780 852 1807 οὐδ’

59 1830 123 1857 ὅσον
138 1830 181 1862 εις
198 1830 229 1856 τὺ
247 1829 420 1864 φαινόμενον,
445 1830 598 1864 ἀναγράφει
609 1837 615 1844 ·
633 1828 691 1856 ἀλλ’
708 1829 771 1855 ὅσον
785 1829 853 1864 ὁρᾶ-

60 1885 105 1903 ται
129 1875 274 1903 κάνταῦθα
292 1876 355 1907 τοὺς
379 1875 529 1911 λογισμοὺς
547 1874 669 1902 εὐσεϐῶν
685 1875 699 1901 ὁ
720 1874 855 1909 ἀνὴρ,το-

64 1922 160 1949 σοῦτον
180 1921 239 1957 ἔχει
258 1922 289 1948 τὸ
303 1922 408 1954 ἄτονον,
425 1921 477 1948 ὅσα
497 1929 530 1955 γε
548 1921 618 1957 πρὸς
637 1921 687 1955 τὴν
701 1920 856 1955 ἀνασκευὴν

61 1969 113 2004 τῆς
130 1968 249 2003 πλάνης.
275 1968 331 1995 Καὶ
351 1968 382 1994 τὸ
406 1968 498 2002 τρίτον
511 1967 539 1994 δὲ
561 1967 609 1994 καὶ
627 1966 789 2002 τριακοστὸν
806 1966 856 2001 τῆς

61 2015 149 2050 αὐτῆς
171 2016 232 2042 ἐστι
256 2015 329 2041 κατά
347 2014 396 2050 τὴν
409 2014 523 2049 δύναμιν
539 2013 626 2044 ἱδάας·
640 2013 658 2039 ἃ
670 2012 724 2048 γὰρ
741 2012 781 2044 εις
793 2013 859 2038 ἀνα-

64 2061 172 2096 τροπὴν
183 2060 367 2095 προδάλλεται
382 2059 429 2087 τοῦ
447 2059 484 2095 μὴ
503 2060 620 2094 σφαῖραν
633 2055 704 2084 εἶναι
715 2058 762 2084 τὸν
774 2057 858 2092 οὐρα-

63 2107 121 2140 νὸν,
137 2107 218 2133 κοινά
242 2106 275 2133 ἂν
302 2107 470 2142 ἀπορήματα
493 2105 537 2140 εἴη
566 2104 613 2132 καὶ
635 2104 705 2139 πρὸς
718 2104 781 2135 τοὺς
797 2104 859 2138 ἢμι-

66 2154 198 2187 σφαίριον
212 2153 294 2179 αὑτὸν
321 2152 446 2183 τιθέντας
467 2151 483 2186 ἢ
507 2151 636 2186 καμάραν
649 2151 666 2185 ἦ
682 2159 708 2176 τι
725 2149 790 2177 ἄλλο
805 2149 859 2175 τῶν

66 2200 271 2234 παραπλησίων
286 2199 444 2234 σχημάτων.
465 2198 509 2225 Ἐν
519 2195 560 2229 οἷς
573 2198 620 2224 καὶ
634 2198 648 2223 ὁ
661 2197 753 2233 τρίτος
767 2196 857 2229 λόγος.

105 2333 155 2359 ‘Ev
180 2331 209 2358 δὲ
234 2330 274 2366 τῷ
288 2331 310 2358 δ’
327 2331 378 2365 μὲν
391 2331 474 2366 λόγῳ,
489 2331 512 2357 λ’
525 2330 554 2357 δὲ
579 2330 599 2357 δ’
617 2329 758 2364 κεφαλαίῳ
781 2330 829 2356 καὶ
841 2331 861 2355 ε’

66 2378 114 2405 u‘t
130 2381 170 2411 ς’,
185 2377 296 2410 διέξεισι
306 2376 393 2403 ταῦτα
404 2385 410 2392 ·
428 2376 493 2403 Ἀπὸ
507 2376 557 2411 τῆς
571 2376 703 2410 διαφορᾶς
715 2375 750 2409 ἦν
764 2375 821 2410 ἔχει
832 2374 862 2401 τὸ

65 2423 231 2459 οικούμενον
245 2423 316 2458 πρὸς
331 2423 362 2450 ἰδ
382 2423 511 2458 ἀοίκητον
527 2423 574 2449 καὶ
583 2422 618 2458 ἢν
629 2422 696 2458 πρὸς
709 2421 813 2456 ἄλληλα
828 2421 863 2447 τὰ

67 2471 194 2505 κλίματα
218 2469 323 2504 ἔχουσι,
345 2469 397 2503 τὴν
419 2467 577 2504 ἀνατροπὴν
593 2467 642 2503 τῆς
657 2467 790 2501 γενέσεως
803 2467 862 2501 ἦτοι

68 2517 116 2552 τῆς
131 2515 306 2551 εἱμαρμένης
320 2516 447 2542 ποιεῖται.
465 2515 532 2551 Φησὶ
548 2515 613 2551 γὰρ,
630 2514 696 2540 ποια
713 2513 765 2539 τῶν
778 2512 859 2539 ἀστέ-

72 2571 127 2596 ρων
150 2562 301 2597 ἐργάζεται
324 2562 431 2595 κίνησις
456 2561 505 2596 τὴν
529 2561 578 2596 μὲν
594 2561 722 2596 ἀοίκητον
739 2555 809 2586 εἶναι
825 2558 860 2584 δι’

72 2605 229 2641 ὑπερϐολὴν
248 2605 363 2641 ψύχους,
377 2606 426 2641 τὴν
447 2606 476 2633 δὲ
489 2606 523 2633 δι’
539 2605 693 2641 ὑπερϐολὴν
708 2604 860 2639 καύματος,

72 2654 119 2679 καὶ
135 2653 187 2688 τὴν
204 2653 254 2688 μὲν
274 2653 320 2679 διὰ
340 2653 441 2684 παντὸς
465 2653 542 2687 μόλις
557 2651 692 2678 οἰκεῖσθαι
705 2649 861 2686 τηκομένην

72 2696 110 2731 τῷ
127 2699 261 2732 καύματι,
276 2697 326 2732 τὴν
344 2697 373 2724 δὲ
389 2697 527 2732 δυσχερῶς
541 2697 641 2732 ὁμοίως
655 2695 819 2730 οἰκουμένην
828 2694 862 2727 ⁸⁸,

74 2741 121 2768 ἁτε
133 2742 166 2777 δὴ
183 2742 305 2777 συνεχῶς
318 2742 482 2777 νειφομένην
490 2742 512 2758 ⁸⁹
530 2742 577 2768 καὶ
591 2742 624 2776 τῇ
641 2739 688 2766 τοῦ
703 2739 804 2775 κρύους
817 2739 865 2764 ἐκ·

63 2787 259 2829 ,Θηριουμένην
270 2788 431 2823 ἀγριότητας
445 2787 489 2814 διὰ
501 2787 528 2814 τι
539 2787 568 2814 δὲ
582 2787 673 2817 αὐτοῖς
685 2786 716 2812 οὐ
729 2784 865 2820 μεταὸἀλ-

934 1778 1060 1806 Alterum
1085 1784 1149 1805 vero
1166 1784 1246 1812 supra
1269 1777 1436 1804 tricesimum
1461 1777 1529 1804 nihil
1564 1777 1599 1805 ad
1623 1777 1694 1805 refu-

904 1824 1000 1852 tandos
1014 1823 1185 1851 adversarios
1198 1821 1286 1853 alfert.
1298 1822 1373 1857 quod
1384 1822 1439 1849 veri
1449 1822 1568 1856 speciem
1580 1822 1692 1850 habeat.

905 1869 971 1898 Sed‘
989 1876 1071 1904 quam
1108 1869 1168 1903 pius
1194 1869 1221 1896 in
1245 1869 1303 1896 suis
1317 1869 1569 1897 ratiocinationibus
1581 1874 1695 1904 apparet

906 1916 953 1944 hic
966 1916 1018 1949 vir,
1031 1921 1084 1943 tam
1107 1915 1190 1943 etiam
1207 1914 1291 1949 (quod
1312 1915 1408 1941 saltem
1426 1915 1459 1942 ad
1472 1917 1575 1943 erroris
1587 1915 1693 1943 refuta-

907 1961 1120 1996 tionemattinet)
1137 1960 1291 1995 languidum
1304 1961 1429 1988 eumdem
1440 1961 1543 1989 videas.
1562 1961 1621 1989 iam
1639 1967 1693 1989 ter-

907 2007 973 2035 tium
988 2012 1015 2035 et
1026 2007 1190 2035 tricesimum
1206 2010 1288 2040 caput
1299 2006 1419 2040 ejusdem
1430 2012 1485 2039 est,
1500 2009 1589 2042 quoad
1601 2007 1694 2035 etlica-

907 2054 977 2080 ciam
992 2052 1097 2080 formae.
1116 2051 1181 2085 Quae
1194 2051 1266 2079 enim
1289 2051 1326 2078 ibi
1345 2052 1378 2078 ad
1403 2051 1575 2079 refutandum
1595 2054 1694 2080 caelum

907 2105 969 2125 esse
986 2098 1131 2125 rotundum
1147 2096 1234 2128 aliert,
1250 2097 1355 2132 212a
1370 2104 1526 2125 communes
1545 2105 1607 2125 esse
1623 2097 1696 2124 diffi-

907 2143 1023 2170 cultates
1041 2147 1143 2178 queant
1167 2143 1297 2170 adversus
1318 2150 1376 2175 eos,
1394 2143 1439 2177 qui
1459 2143 1695 2177 liemisphwrlcum

911 2188 979 2215 illud
995 2195 1057 2215 esse
1082 2193 1215 2220 statuunt,
1232 2188 1275 2214 vel
1286 2188 1398 2215 fornicis
1417 2188 1443 2215 in
1462 2189 1569 2216 modum
1585 2196 1694 2220 cavum.

915 2234 955 2261 vel
973 2233 1092 2261 similem
1112 2234 1136 2260 ei
1153 2233 1270 2267 aliquam
1291 2233 1405 2260 fortnam
1431 2234 1561 2261 tribuunt.
1589 2233 1641 2262 Ubi
1668 2240 1697 2263 et

876 2273 897 2301 ί)
915 2279 1010 2308 tertius
1023 2279 1091 2307 liber
1105 2279 1212 2307 desinit.

946 2326 1048 2360 Quarto
1067 2326 1166 2354 dehinc
1179 2325 1257 2358 libro,
1268 2325 1357 2360 capite
1367 2332 1431 2353 vero
1441 2326 1578 2353 tricesimo
1588 2331 1696 2360 quarto,

909 2372 1005 2407 quinto
1018 2376 1046 2399 et
1063 2377 1151 2404 sexto,
1174 2372 1232 2399 haec
1260 2371 1318 2398 fere
1347 2375 1456 2400 tractat.
1492 2371 1513 2398 E
1529 2372 1697 2406 diversitate,

911 2425 1049 2452 quaecum
1065 2417 1137 2444 inter
1151 2415 1329 2444 habitabilem
1342 2417 1416 2444 orbis
1437 2421 1541 2450 partem
1558 2421 1640 2452 atque
1657 2418 1699 2444 in-

911 2462 1098 2493 habitabilem.
1119 2465 1175 2488 tum
1200 2462 1270 2489 inter
1287 2461 1344 2496 ipsa
1374 2462 1489 2489 invicem
1514 2462 1624 2490 climata
1658 2470 1700 2489 re-

908 2507 1020 2542 peritur,
1054 2507 1173 2534 refutare
1196 2507 1307 2542 genesin
1327 2507 1384 2534 sive
1412 2507 1496 2534 fatum
1526 2508 1698 2542 aggreditur.

909 2553 1038 2586 Quisnam
1050 2554 1123 2580 enim
1149 2558 1283 2581 astrorum
1298 2553 1342 2580 ille
1355 2559 1444 2580 motus
1470 2558 1522 2586 est,
1541 2555 1700 2587 interrogat.

910 2607 964 2634 quo
981 2599 1021 2633 fit,
1048 2599 1176 2626 utaltera
1192 2599 1303 2634 quidem
1319 2604 1398 2626 teme
1407 2607 1470 2634 pars
1493 2601 1528 2627 ob
1551 2601 1636 2634 frigus
1661 2601 1698 2626 ni-

913 2645 1006 2678 mium,
1031 2645 1114 2672 altera
1145 2647 1178 2672 ob
1202 2645 1399 2672 intolerabilem
1437 2646 1554 2673 calorem
1584 2643 1702 2673 habitari

912 2691 1024 2719 omnino
1048 2691 1190 2725 nequeat?
1205 2699 1367 2726 rursumque
1384 2692 1445 2719 alia.
1457 2693 1499 2719 vel
1520 2698 1649 2727 perpetuo
1666 2692 1701 2719 li-

919 2743 1050 2771 qnescens
1063 2737 1163 2769 calore,
1180 2737 1222 2764 vel
1235 2738 1354 2764 assiduis
1380 2744 1509 2771 percussa
1536 2738 1655 2770 nivibus,
1676 2744 1704 2764 et

921 2783 1030 2818 frigoris
1048 2782 1195 2817 asperitate
1209 2783 1282 2810 velut
1295 2783 1419 2817 ell‘erata,
1433 2784 1539 2811 nonnisi
1561 2784 1705 2811 diliirulter

712 2839 830 2868 VAlll/E
845 2838 1048 2868 LECTIONES.

112 2892 133 2908 "'
149 2890 187 2926 λβ¹
204 2892 227 2918 Α
240 2898 248 2915 :
263 2890 390 2924 δεύτερον
406 2899 436 2922 ς.

236 2938 375 2968 Parnm.
397 2937 455 2967 Gtt.
480 2937 555 2966 (IIII.

474 2890 496 2904 ⁸⁸
512 2887 686 2923 οἰκουμένην]
702 2892 809 2923 ιπειξδιιιι
831 2886 976 2913 οἰκεῖσθαι.

1015 2886 1037 2902 ⁴⁹
1053 2886 1201 2920 νιφομένην
1216 2893 1246 2917 ς.

1512 2932 1548 2963 21⁷
