1920 3090
239 173 294 206 843

828 171 956 203 ΡΗΟΤΙῙ
971 169 1223 201 PATRIARCH/E
1238 169 1295 201 ΕΡ.

1819 164 1872 195 8“

240 231 323 259 incoli
355 231 440 266 possit
451 231 474 258 ?-
487 229 544 258 Cur
559 237 613 258 non
636 235 665 257 et
688 230 713 257 in
740 230 783 258 his
799 231 870 258 aeris
895 229 1023 258 constitu~

1082 229 1123 256 λει
1137 229 1188 264 τὴν
1200 228 1248 256 τοῦ
1265 228 1347 264 ἀέρος
1367 227 1535 255 κατάστασιν
1548 226 1565 261 ἡ
1579 225 1697 260 γένεσις,
1713 225 1835 259 συνεχεῖς
1848 224 1872 239 ’⁸

239 277 340 304 tionem
359 277 485 304 immutat
498 280 626 310 perpetua
639 276 683 304 illa
696 277 814 311 genesis,
830 283 890 311 quae
902 280 942 303 tot
956 283 1031 304 sem-

238 329 287 357 per
302 322 328 349 in
341 321 401 349 aliis
417 321 572 349 elimatibus
583 321 746 350 mutationes
753 322 902 357 producit?
916 321 1030 350 Certum

239 369 321 403 igitur
348 367 424 399 illud,
457 374 543 403 neque
574 367 744 403 planetarum
782 376 904 401 cursum,
943 375 1030 402 neque

237 414 375 447 signorum
384 412 536 440 cmlestium
550 413 788 448 compositionem,
801 413 848 441 sed
862 421 943 440 unam
965 413 1030 441 solis

241 464 367 486 naturam
378 466 427 494 pro
441 459 584 486 intervallo
599 459 773 494 locorumque
802 460 855 487 situ
876 467 933 492 eas,
960 467 1030 495 quas

234 500 292 534 iam
320 504 446 536 diximus,
461 503 606 531 varietates
619 503 733 532 eﬂicere.
747 503 802 532 Cur
814 505 888 537 item,
908 512 969 532 cum
984 511 1029 531 re-

237 549 309 584 liqua
333 549 432 583 ubique
450 553 522 576 terra
542 549 672 577 imbribus
685 549 829 584 irrigetur,
844 550 928 578 solam
943 550 1028 585 ΔΕΗ·

238 600 313 630 ptum
330 594 416 628 Nilus,
440 594 503 622 dum
519 595 601 622 certis
619 595 682 622 anni
712 595 878 630 temporibus
894 596 1024 629 exundat,

236 646 316 675 atque
339 641 365 668 in
383 641 456 667 illam
471 647 500 668 se
514 640 637 672 effundit,
649 640 764 668 fertilem
780 641 902 677 frugibus
921 642 1028 669 reddit?

235 686 290 714 Cur
303 687 394 714 adhaec
408 687 562 714 Thebaidos
587 687 743 715 interiorem
767 689 918 723 regionem,
941 695 1024 723 quam

235 732 318 760 0asin
341 734 492 767 nominant,
504 741 592 768 neque
620 733 731 765 ﬂuvius.
747 742 835 770 neque
853 735 938 762 imber
954 734 1025 762 ullus

235 778 340 812 Irrigat,
357 779 404 806 sed
420 779 534 807 fontium
549 780 681 807 duntaxat
704 779 794 808 ﬂuxus
809 780 959 813 laniﬁcam,
977 782 1024 816 qui

235 832 333 860 magno
350 825 544 860 inquilinorum
564 826 660 854 labore
687 827 833 859 exsistunt,
859 835 910 854 non
927 832 1023 862 sponte

236 878 297 904 sua,
315 878 402 906 neque
426 871 556 900 imbribus
573 873 599 900 in
629 877 731 900 terram
756 872 953 905 delabentibus,
974 874 1023 901 iis-

1085 274 1130 301 ἀεὶ
1147 274 1198 306 τάς
1222 272 1375 308 μεταϐολὰς
1390 273 1420 300 ὲν
1440 273 1498 303 τοῖς
1520 271 1611 302 ἄλλοις
1633 269 1794 305 παρέχουσα
1811 268 1872 295 κλί-

1081 327 1164 355 μασιν
1176 326 1183 353 ;
1205 319 1221 354 ἢ
1235 319 1313 354 δῆλον
1326 317 1446 353 ὼςρΰτε
1464 317 1607 352 πλανήτων
1617 315 1717 351 δρόμος
1728 314 1791 341 οὔτε
1807 313 1872 341 σύν-

1080 365 1155 396 θεσις
1169 362 1284 397 ζωδίων,
1304 363 1372 400 μόνη
1388 363 1417 390 δὲ
1433 362 1481 390 τοῦ
1495 362 1571 398 ἡλίου
1581 362 1603 378 ⁸¹
1619 362 1636 396 ή
1651 361 1732 396 φύσις
1749 359 1820 395 πρὸς
1834 360 1872 386 τὰ

1078 411 1254 446 διαστήματα
1276 411 1323 437 καὶ
1339 410 1393 437 τῶν
1404 409 1494 436 τόπων
1511 409 1561 440 τὰς
1572 407 1663 439 Θέσεις
1675 406 1725 438 τὰς
1739 414 1872 442 προειρηι

1081 456 1165 492 μένας
1189 455 1336 491 ἐργάζεται
1358 455 1501 491 διαφοράς.
1515 454 1565 481 Διά
1589 454 1615 480 τί
1641 453 1670 480 δὲ
1696 453 1787 484 πάλιν,
1816 452 1870 486 τῆς

1078 503 1131 538 γῆς
1148 503 1235 534 ὑετοῖς
1250 501 1402 538 ἀρδομένης
1432 500 1600 536 ἁπανταχοῦ,
1631 500 1716 535 μόνην
1740 499 1790 534 τὴν
1819 499 1870 525 Ατ-

1077 557 1182 584 γυπτον
1201 548 1374 584 πλημμυρῶν
1387 548 1402 574 ό
1418 547 1513 579 Νεῖλος
1535 547 1607 574 κατά
1624 554 1685 572 τινα
1706 545 1802 580 χρόνον
1819 545 1868 570 τοῦ

1077 593 1204 621 ἐνιαυτοῦ
1217 594 1265 621 καὶ
1282 594 1465 629 ἀναχεόμενος
1476 594 1517 625 εἰς
1533 592 1618 627 αὐτὴν
1631 591 1808 627 καρποφόρον
1822 591 1868 624 ἐρ-

1075 640 1208 674 γάζεταις
1230 640 1274 667 διὰ
1294 639 1321 667 τι
1339 639 1368 666 δὲ
1388 639 1439 675 τὴν
1456 638 1587 674 ἐνδοτέρω
1603 637 1737 672 Θηϐαΐδος
1761 635 1866 671 χώραν,

1069 687 1110 722 τὴν
1126 686 1305 722 ὀνομάζουσιν
1331 686 1438 718 Ὄασιν,
1468 684 1530 711 οὐτε
1554 683 1676 719 ποταμὸς
1699 682 1762 710 οὐτε
1789 682 1869 713 ὑετὸς

1076 733 1163 768 ἄρδει,
1188 731 1256 759 ἀλλά
1272 731 1369 767 πηγῶν
1386 730 1528 766 εὐφραίνει
1553 729 1678 765 ῥεύματα
1702 728 1867 763 πολυχειρίᾳ

1074 778 1129 804 τῶν
1144 777 1307 813 οίκητόρων,
1324 776 1382 803 ἀλλ’
1396 776 1446 802 οὐκ
1470 775 1632 810 αὐτομάτως
1654 773 1866 808 ἀναδιδομένων,

1074 822 1135 850 οὐδὲ
1157 822 1242 849 ὑετῶν
1268 823 1355 858 φορᾶς
1379 822 1426 848 ἐπὶ
1439 821 1494 856 γῆς
1510 820 1661 856 ἐρχομένης
1676 819 1740 855 [675
1754 817 1802 854 Κ]
1818 818 1869 844 καὶ

1073 868 1118 895 διὰ
1132 868 1189 895 τῶν
1207 869 1236 895 ὲν
1249 868 1317 903 αὐτῇ
1334 867 1440 902 φλεϐῶν
1454 866 1662 901 ἀναδιδομένης,
1677 866 1745 899 ὅπερ
1756 865 1867 898 γίνεται

234 917 349 952 demque
365 925 460 946 rursus
477 926 525 952 per
553 918 624 947 illius
638 926 721 947 venas
744 920 869 951 redditis.
895 924 924 947 ut
943 920 1016 955 apud

1075 914 1133 950 παρ’
1158 915 1235 949 ἡμῖν.
1265 914 1321 940 Καὶ
1350 913 1447 940 τούτου
1474 914 1586 948 σημεῖον
1607 913 1638 938 τὸ
1662 913 1711 944 τὰς
1740 912 1789 947 μὲν
1811 911 1867 938 ὑπ-

233 970 284 991 nos
303 964 445 998 contingit.
465 963 548 999 Cujus
563 965 672 1000 quidem
690 966 729 993 rei
748 966 814 993 illud
830 966 937 1001 signum
949 971 1017 999 esto,

236 1009 307 1044 quod
327 1017 387 1044 quae
408 1010 544 1038 montibus
565 1010 686 1044 subjecta
700 1016 763 1038 sunt
793 1011 862 1044 loca,
885 1012 1019 1046 ejusmodi

235 1055 324 1082 fontes
346 1055 484 1088 emittant,
500 1056 545 1090 qui
571 1056 675 1091 integra
706 1057 788 1084 etiam
824 1057 934 1085 ﬂumina
966 1065 1021 1085 non

234 1101 324 1128 minus
340 1101 448 1135 limpida
461 1109 540 1136 quam
565 1101 650 1129 dulcia
665 1103 823 1138 producant,
838 1111 899 1131 cum
914 1103 1021 1132 interim

237 1146 416 1182 patentissimi
442 1147 542 1182 quique
562 1148 650 1183 campi
666 1156 681 1175 a
697 1149 834 1176 montibus
849 1150 1020 1181 remotiores,

239 1189 413 1225 maximeque
436 1190 520 1225 plani,
537 1191 579 1218 vel
597 1191 697 1219 nullam
715 1192 831 1221 habeant
853 1201 962 1228 aquam,
979 1194 1022 1222 vel

235 1237 342 1264 nonnisi
373 1237 506 1265 modicam
532 1245 646 1273 eantque
660 1247 769 1274 gravent
800 1245 828 1267 et
844 1241 955 1274 salsam,
969 1248 1022 1269 nec

235 1282 427 1310 seaturientem
441 1283 524 1316 illam,
540 1285 586 1311 sed
598 1284 623 1311 in
637 1284 716 1312 fossis
728 1286 877 1319 inventam,
890 1294 921 1314 at:
932 1294 1019 1322 neque

237 1332 292 1355 tota
318 1333 410 1356 testate
433 1328 476 1356 siti
503 1329 689 1358 suliicientem.
716 1331 791 1364 Quod
817 1332 838 1359 si
860 1334 951 1360 omnia
975 1340 1022 1367 per

235 1373 355 1406 genesim
379 1374 612 1409 administrantur,
631 1377 675 1410 qui
694 1377 723 1403 fit
743 1378 813 1411 quod
827 1378 854 1405 in
881 1378 1021 1406 humidum

236 1419 343 1454 aliquod
353 1420 460 1456 signum
484 1421 589 1456 sibique
610 1423 743 1449 familiare
764 1424 870 1457 plaueta
888 1424 1021 1460 ingresso,

236 1472 289 1492 non
310 1473 418 1493 omnem
432 1466 519 1493 simul.
529 1472 630 1495 terram
645 1468 758 1503 impleat
775 1469 878 1504 pluvia,
895 1470 942 1497 sed
956 1471 1019 1498 alibi

236 1510 414 1538 nihilominus
438 1519 570 1546 aquarum
587 1513 764 1545 abundantia,
785 1513 848 1541 alibi
869 1514 1021 1549 pluviarum

240 1556 343 1591 inopia,
357 1558 450 1585 eodem
469 1565 580 1592 prorsus
598 1564 735 1594 tempore,
752 1567 838 1595 neque
855 1568 951 1596 magno
976 1563 1022 1589 ad-

1072 960 1172 994 ωρείας
1186 959 1329 995 προΐεσθαι
1345 959 1435 994 πηγὰς
1448 958 1586 993 ποταμοὺς
1596 957 1783 992 ὲργαζομένας
1797 957 1867 983 διεισ

1072 1005 1127 1036 δεῖς
1141 1013 1170 1031 τε
1185 1004 1232 1031 καὶ
1249 1004 1370 1038 γλυκεῖς,
1386 1004 1419 1030 τά
1436 1004 1465 1030 δὲ
1487 1004 1534 1030 ἐπὶ
1562 1003 1686 1029 πλεῖστον
1712 1002 1866 1038 ήπ).ωμένα

1073 1049 1153 1076 πεδία
1180 1049 1228 1076 καὶ
1255 1050 1304 1083 τῆς
1327 1049 1381 1076 τῶν
1403 1048 1474 1084 ὀρῶν
1495 1047 1646 1084 ὲγγύτητος
1667 1047 1698 1074 οὐ
1715 1047 1867 1083 μετέχοντα

1075 1095 1123 1122 καὶ
1140 1093 1258 1130 μάλιστα
1277 1094 1389 1120 Ισόπεδα
1409 1093 1447 1129 μὴ
1465 1093 1537 1128 ἔχειν
1549 1092 1631 1128 ὕδωρ,
1647 1092 1663 1128 ἢ
1684 1092 1785 1127 σφόδρα
1797 1092 1867 1127 βρα-

1074 1139 1119 1174 χὺ,
1136 1139 1183 1165 καὶ
1191 1137 1277 1169 τοῦτοί
1286 1137 1354 1173 βαρὺ
1370 1138 1418 1165 καὶ
1432 1137 1602 1174 ἁλμυρῶδες,
1616 1137 1647 1164 οὐ
1664 1137 1788 1173 mwan
1803 1137 1866 1164 ἀλλ’

1075 1185 1104 1211 ἐν
1115 1184 1268 1220 ὀρύγμασιν
1285 1183 1489 1220 εὑρισκόμενον,
1505 1180 1567 1214 οὐδὲ
1580 1184 1615 1210 δι’
1628 1183 1690 1210 ὅλου
1705 1183 1750 1210 τοῦ
1766 1183 1868 1218 θέρους

1074 1229 1170 1265 ἀρκεῖν
1195 1229 1353 1264 δυνάμενον.
1369 1229 1401 1256 El
1416 1229 1506 1256 πάντα
1530 1229 1671 1255 διοικεῖται
1692 1229 1725 1264 τῇ
1744 1228 1866 1262 γενέσει,

1075 1275 1134 1308 πῶς
1150 1275 1285 1312 πλάνητος
1310 1275 1439 1307 είσιδντος
1454 1276 1494 1307 είς
1510 1274 1592 1310 ὑγρὸν
1615 1273 1720 1306 ζώδιον,
1734 1273 1798 1309 [549
1815 1273 1867 1308 Η.]

1075 1319 1098 1358 ᾧ
1110 1322 1211 1359 χαίρει,
1227 1323 1258 1349 οὺ
1270 1323 1360 1349 πᾶσιν
1375 1321 1442 1357 ὁμοῦ
1460 1322 1510 1355 τὴν
1523 1321 1575 1356 γῆν
1593 1320 1693 1356 πληροῖ
1706 1320 1793 1352 ὑετὸς,
1806 1319 1867 1346 ἀλλ’

1075 1369 1094 1404 ἡ
1109 1368 1157 1404 μὲν
1173 1368 1277 1396 ὑδάτων
1303 1367 1400 1402 πλήθει
1421 1367 1470 1394 καὶ
1492 1366 1625 1401 διεφθάρη
1647 1365 1786 1397 πολλάκις,
1802 1366 1820 1399 ὴ
1835 1365 1869 1391 δὲ

1076 1414 1239 1450 ἀνομϐρίαις
1258 1414 1329 1440 κατά
1348 1413 1396 1440 τὸν
1421 1413 1503 1440 αὐτὸν
1514 1412 1620 1448 καιρὸν,
1638 1412 1726 1438 καίτοι
1743 1419 1775 1445 γε
1801 1411 1868 1437 οὐδὲ

1075 1460 1143 1488 πολὺ
1159 1460 1255 1496 πόρρω
1273 1458 1452 1494 διισταμένων
1468 1458 1606 1494 ἀλλήλων;
1628 1457 1756 1484 τάναντία
1779 1456 1803 1483 δ’
1819 1454 1870 1483 οὖν

1076 1507 1157 1534 πάλιν
1171 1507 1210 1538 εἰς
1222 1506 1317 1541 καιρὸν
1331 1505 1425 1540 ἕτερον
1437 1504 1553 1536 ταύταις
1565 1505 1661 1540 ὁρᾶται
1669 1502 1868 1539 συμϐαίνοντα.

1078 1553 1154 1588 Τάχα
1169 1551 1215 1579 τοῦ
1228 1552 1321 1583 ἔθνους
1331 1551 1353 1567 ⁹²
1368 1550 1508 1583 ίδιάζουσά.
1525 1559 1566 1582 τις
1581 1550 1697 1585 γένεσις,
1712 1549 1750 1581 ὡς
1766 1548 1799 1576 ἂν
1815 1549 1871 1576 αὑ-

238 1602 347 1629 tnodutn
363 1602 481 1631 locorum
497 1604 650 1638 intervallo,
677 1610 749 1633 terra
780 1594 912 1634 vitieturi
936 1615 1023 1642 quan-

1075 1599 1116 1626 τοι
1139 1598 1298 1630 πλάσαιντο,
1323 1598 1341 1633 ἦ
1355 1606 1383 1624 τι
1408 1597 1611 1633 παρανατέλλον
1629 1597 1701 1628 ἰδίως
1720 1595 1817 1628 ζὼδιον
1830 1597 1870 1622 τὰ

238 1655 319 1682 quam
342 1653 370 1676 et
388 1650 524 1677 contraria
544 1650 641 1678 iterum
657 1652 683 1678 in
695 1651 737 1679 his
754 1651 807 1679 alio
823 1657 943 1687 tempore
958 1661 1026 1681 con-

239 1694 343 1728 tingere
354 1695 455 1727 videas,
471 1696 521 1722 nisi
535 1695 604 1723 forte
615 1697 655 1724 vel
670 1697 816 1731 peculiaris
832 1698 957 1731 quaedam
987 1699 1023 1726 sit

239 1739 310 1767 illius
324 1740 412 1774 populi
430 1741 546 1775 genesis,
564 1746 594 1768 ut
614 1741 663 1776 ipsi
678 1741 776 1776 212!)
792 1742 906 1777 lingunt,
925 1743 969 1770 vel
994 1744 1020 1771 in

239 1786 390 1820 propinquo
405 1787 503 1814 alicubi
522 1787 651 1822 singulari
665 1789 782 1823 quodam
795 1790 875 1817 modo
893 1790 1022 1818 exoriens

239 1830 346 1866 signum
358 1839 515 1860 communes
548 1833 607 1861 illas
622 1841 753 1868 gencscos
767 1835 925 1864 eﬂ'ectiones
944 1843 1023 1864 ever-

239 1882 288 1909 tat,
307 1877 449 1912 inanisque
469 1879 505 1906 sit
527 1879 689 1908 universalis
706 1888 836 1915 geneseos
850 1881 901 1914 vis,
923 1882 944 1909 si
963 1890 1021 1910 non

239 1928 263 1950 et
281 1924 450 1958 particularis
465 1926 571 1959 genesis
581 1932 745 1954 concurrat.
755 1927 928 1962 Siugularum
942 1929 1024 1962 igitur

239 1973 317 1996 terrae
328 1969 443 2003 partium
455 1977 568 2004 geneses
576 1979 664 1999 aerem
676 1978 797 2004 movent,
815 1981 903 2008 neque
915 1974 1021 2009 signum

240 2015 379 2042 humidum
401 2023 454 2043 una
476 2024 537 2043 cum
555 2017 606 2044 sibi
637 2017 709 2045 aiiinl
740 2018 847 2054 planeta
873 2020 1020 2054 quidquam

238 2058 346 2086 efﬁcere
371 2060 478 2094 poterit,
498 2061 655 2095 particulari
677 2061 733 2089 fato
759 2063 913 2090 resistente.
932 2063 1021 2095 Quare

241 2108 373 2137 praeterea
402 2104 428 2131 in
453 2104 520 2132 locis
535 2104 698 2139 quibusdam
725 2105 813 2132 rarior
833 2110 875 2132 est
899 2105 1024 2140 potabilis

239 2157 320 2184 aqua,
337 2150 364 2177 in
375 2150 534 2184 quibusdam
543 2158 608 2178 vero
621 2151 751 2184 abundat,
762 2156 790 2178 et
802 2151 899 2178 calidis
912 2152 1024 2186 insuper

239 2195 379 2230 potiuntur
403 2196 481 2230 aquis
517 2197 612 2224 incolae
635 2201 732 2231 sponte
750 2197 909 2232 productis?
924 2197 1024 2225 Siciliae

1075 1645 1153 1672 κοινά
1171 1645 1222 1680 τῆς
1243 1644 1378 1679 γενέσεως
1391 1643 1603 1679 ἀποτελέσματα
1615 1642 1733 1675 διέλυσε,
1749 1641 1798 1668 καὶ
1812 1642 1870 1676 μά-

1074 1690 1150 1717 ταιόν
1165 1690 1225 1717 ἐστι
1245 1689 1277 1716 τὸ
1289 1690 1340 1725 τῆς
1362 1689 1496 1723 γενέσεως
1517 1688 1672 1720 καθολικδν,
1688 1688 1721 1715 ἂν
1740 1687 1778 1723 μὴ
1801 1695 1871 1714 συν-

1073 1737 1159 1773 τρέχῃ
1173 1737 1248 1772 καὶὴ
1266 1736 1378 1772 μερική.
1392 1735 1497 1762 Οὐκοῦν
1517 1735 1546 1762 αἱ
1560 1735 1614 1761 τῶν
1631 1734 1682 1769 τῆς
1698 1733 1750 1769 γῆς
1772 1734 1872 1770 μερῶν

1074 1783 1197 1817 γενέσεις
1223 1782 1270 1809 τὸν
1287 1782 1358 1817 ἀέρα
1391 1780 1509 1814 κινοῦσι,
1538 1780 1586 1807 καὶ
1611 1779 1687 1806 οὐδὲν
1705 1779 1802 1806 ἀνύσει
1833 1779 1872 1806 τὸ

1075 1830 1159 1866 ὑγρὸν
1183 1829 1279 1862 ζώδιον
1297 1828 1368 1864 μετὰ
1378 1829 1401 1845 ’⁸
1416 1827 1464 1855 τοῦ
1479 1827 1580 1854 οἰκείου
1596 1826 1731 1862 πλάνητος
1747 1825 1797 1860 τῆς
1814 1834 1871 1860 με-

1077 1876 1157 1912 ρικῆς
1173 1874 1344 1910 εἱμαρμένης
1366 1873 1591 1908 ἀντιπιπτούοης.
1607 1872 1663 1899 Καὶ
1675 1872 1718 1899 διὰ
1730 1871 1756 1898 τί
1767 1871 1797 1898 ἐν
1809 1879 1870 1898 τισι

1077 1923 1125 1958 μὲν
1142 1921 1236 1953 τόποις
1251 1920 1375 1952 σπανίζει
1388 1920 1419 1946 τὸ
1433 1920 1547 1954 πότιμον
1563 1918 1646 1954 ὕδωρ,
1661 1918 1690 1944 ἐν
1702 1926 1757 1944 τισι
1773 1917 1802 1943 δὲ
1817 1918 1870 1944 καὶ

1074 1968 1155 1995 τοῦτο
1181 1967 1306 2003 πληθύει,
1333 1967 1380 1993 καὶ
1408 1965 1517 2001 θερμῶν
1546 1965 1650 1992 ὑδάτων
1682 1963 1870 1992 ἀπολαύωσιν

1074 2013 1236 2049 αὐτομάτως
1259 2012 1477 2047 ἀναδιδομένων;
1507 2010 1632 2042 Σικελίας
1660 2010 1688 2037 δὲ
1719 2010 1766 2036 καὶ
1794 2009 1870 2036 Γαλ-

1073 2059 1133 2091 λίας
1143 2060 1166 2076 ’⁸
1183 2060 1230 2087 καὶ
1248 2058 1351 2091 Δυκίας
1376 2059 1424 2085 καὶ
1458 2057 1557 2093 ἑτέρων
1572 2057 1657 2085 ἐθνῶν
1684 2057 1735 2084 οὐκ
1762 2057 1868 2091 ὀλίγων

1074 2105 1125 2141 δρη
1149 2105 1267 2140 μέγιστα
1290 2105 1346 2140 πῦρ
1376 2104 1503 2130 ἀέναον⁹⁵
1515 2104 1649 2130 ἐκδιδόασι
1673 2102 1811 2133 τοσοῦτον,
1826 2103 1868 2134 ὡς

1074 2153 1123 2180 καὶ
1140 2154 1196 2185 τοῖς
1225 2153 1254 2179 ὲν
1270 2145 1360 2180 ’νυκτὶ
1376 2151 1520 2187 φαίνεσθαι
1541 2150 1694 2187 πόρρωθεν,
1714 2151 1782 2186 μήτε
1810 2150 1867 2177 ὑπὸ

1075 2197 1176 2233 κρύους
1202 2197 1408 2232 ἐλαττούμενον,
1427 2198 1495 2232 μήτε
1518 2196 1570 2223 ὑπὸ
1593 2195 1699 2231 δμὸρου
1710 2195 1734 2211 ³⁸
1749 2195 1868 2222 σϐεννύ-

237 2249 356 2276 quoque,
376 2241 480 2273 Galliae,
508 2241 607 2278 Lycia,
622 2242 791 2278 aliarumque
820 2243 942 2278 gentium
969 2251 1021 2271 non

1077 2252 1168 2278 μενον,
1186 2243 1255 2279 μήτε
1278 2244 1334 2274 τοῖς
1357 2243 1405 2277 τῆς
1427 2243 1480 2278 γῆς
1495 2242 1667 2277 βλαστήμασι
1698 2241 1869 2277 λυμαινόμε-

238 2288 423 2322 minimarum,
438 2288 547 2316 maximi
565 2294 683 2321 moutes,
702 2296 851 2324 perennem
875 2289 966 2324 ignem
983 2289 1022 2316 sic

240 2333 383 2364 emittunt,
407 2334 532 2361 utetiam
557 2334 636 2370 longe
660 2334 756 2369 positis
775 2340 855 2362 noctu
882 2340 1022 2369 appareat,

238 2387 328 2415 neque
344 2380 386 2408 vel
415 2380 561 2415 frigoribus
592 2382 781 2414 imminuatur,
812 2381 854 2408 vel
891 2381 1023 2408 imbribus

241 2426 443 2462 exstinguatur,
458 2428 499 2454 vel
517 2432 596 2455 terra
623 2428 791 2464 germinibus
820 2432 936 2455 noceat:
961 2434 1023 2453 cum

237 2473 283 2507 qui
301 2473 343 2500 his
373 2473 439 2507 ipsis
457 2473 546 2508 populi
562 2473 694 2508 adjacent,
710 2473 763 2501 tale
778 2472 845 2500 nihil
873 2473 1023 2508 patiantur,

241 2526 330 2553 neque
343 2519 488 2546 ostendere
502 2518 565 2555 [illi]
576 2519 691 2554 possint,
699 2519 766 2554 quid
777 2523 879 2546 tantam
891 2519 1024 2550 locorum,

239 2565 321 2598 aeris,
337 2572 481 2599 aquarum,
497 2573 667 2600 camporum,
678 2565 822 2596 montium,
845 2564 1024 2591 differentiam

237 2610 353 2638 dederit.
372 2611 439 2638 Nam
452 2611 474 2638 si
490 2610 634 2638 duodecim
654 2610 730 2644 signa
741 2610 856 2643 zodiaci,
876 2615 904 2637 et
919 2614 1024 2644 septem

238 2656 352 2689 planeta
378 2656 416 2692 [id
433 2655 590 2692 praestent],
617 2663 703 2691 quare
731 2656 814 2691 igitur
843 2664 896 2684 non
929 2657 1024 2685 eadem

238 2702 339 2737 ubique
350 2703 519 2738 operantur?
534 2703 632 2738 inopes
646 2708 777 2738 praeterea
789 2708 818 2732 et
842 2703 950 2736 divites,
969 2704 1020 2731 im-

1075 2297 1130 2322 vov,
1148 2289 1203 2316 τῶν
1219 2288 1432 2324 παρακειμένων
1453 2289 1545 2320 αὐτοῖς
1560 2288 1630 2323 μήτε
1650 2295 1677 2314 τι
1689 2287 1795 2314 τοιοῦτο
1809 2295 1868 2314 πα-

1074 2335 1192 2371 σχόντων
1212 2335 1281 2370 μήτε
1303 2334 1529 2366 ὲπιδεικνύντωνς
1553 2334 1581 2360 τί
1609 2333 1744 2370 τοσαύτην
1758 2333 1867 2366 τόπων,

1073 2382 1173 2417 ἀέρων,
1197 2381 1314 2412 ὑδάτων.
1330 2380 1440 2413 πεδίων,
1454 2380 1525 2416 ὀρῶν
1548 2379 1648 2406 δέδωκε
1665 2379 1816 2415 διαφοράν;
1832 2381 1866 2406 οὐ

1074 2428 1108 2463 ιβ’
1121 2429 1158 2455 τὰ
1172 2426 1255 2459 ςώδια
1281 2427 1328 2453 καὶ
1338 2427 1364 2453 ol
1379 2426 1515 2462 πλάνητες
1529 2425 1551 2458 ζ’
1561 2434 1569 2458 ς
1585 2425 1630 2453 διὰ
1641 2425 1669 2452 τί
1683 2425 1730 2453 οὖν
1751 2427 1782 2453 οὐ
1796 2435 1870 2454 παν-

1073 2473 1156 2508 ταχοῦ
1165 2473 1200 2500 τὰ
1213 2473 1283 2500 αὐτά
1295 2472 1451 2508 ὲνεργοῦσι;
1461 2472 1509 2499 καὶ
1525 2472 1578 2507 μὴν
1588 2472 1709 2508 πένητας
1722 2473 1768 2500 καὶ
1779 2473 1869 2500 πλου-

1075 2520 1160 2552 σίους.
1194 2519 1329 2554 ἄρχοντας
1351 2518 1400 2545 καὶ
1431 2517 1611 2553 ἀρχομένους,
1646 2517 1793 2548 νοσοῦντας
1819 2519 1870 2545 καὶ

1075 2567 1245 2601 ὑγιαίνοντας
1263 2567 1311 2593 καὶ
1323 2566 1358 2593 τὰ
1372 2566 1436 2601 ἑξῆς
1452 2565 1545 2601 εὕροις
1561 2565 1595 2592 ἂν
1611 2565 1782 2600 ἁπανταχοῦ.
1803 2566 1870 2596 Πῶς

1074 2613 1121 2640 οὖν
1137 2613 1168 2640 οὐ
1190 2613 1329 2648 πανταχοῦ
1354 2613 1401 2639 καὶ
1425 2612 1499 2638 ὑετοὶ
1524 2611 1572 2638 καὶ
1593 2611 1695 2646 αὐχμοὶ
1705 2612 1727 2627 ³⁷
1743 2611 1791 2637 καὶ
1814 2611 1870 2637 ὅσα

1075 2660 1297 2694 προειρήκαμενς
1325 2657 1426 2694 χρυσοῦ
1450 2658 1478 2684 δὲ
1510 2657 1641 2692 μέταλλον
1659 2657 1676 2692 ἢ
1701 2657 1824 2693 ἀργύρου
1849 2658 1868 2692 ἢ

1077 2705 1179 2741 χαλκοῦ
1206 2705 1223 2740 ἢ
1246 2703 1440 2739 κασσιτέρουῆ
1458 2702 1583 2739 μολίϐδου
1606 2702 1623 2738 ἢ
1639 2703 1692 2730 τῶν
1707 2703 1869 2738 (mqu:—

866 2795 984 2824 VARUE
1003 2794 1208 2824 LECTIONES.

272 2850 427 2887 ὀνσυνεχεῖς
441 2858 512 2878 corr.
531 2852 552 2878 Α
569 2861 576 2879 τ
590 2852 705 2887 συνεχὴς
719 2861 750 2885 ς.

788 2852 809 2868 ¹¹
825 2852 852 2879 δὲ
865 2853 913 2879 τοῦ
927 2851 1014 2888 ἡλίου]
1029 2852 1077 2888 τοῦ
1086 2852 1161 2886 ἡλίου
1177 2853 1205 2888 δὲ
1218 2853 1251 2879 Α.
1289 2854 1311 2869 ¹¹
1324 2853 1416 2884 ἔθνους
1431 2853 1474 2880 AC
1491 2852 1583 2883 εέθους
1597 2861 1627 2885 ς.

237 2886 308 2913 κατὰ
321 2895 351 2918 ς.
389 2887 412 2903 ’⁵
422 2886 546 2923 Γαλλίας]
559 2896 591 2916 an
611 2886 746 2920 Ἰταλίαςῖ
781 2888 803 2905 ’⁸
819 2886 976 2920 ἁένναονζ.
1006 2886 1112 2924 “libri
1133 2887 1264 2923 δμὸρους.

1676 2851 1699 2868 ’³
1715 2849 1787 2886 μετά
1797 2848 1842 2877 AC
1855 2858 1864 2876 :

1303 2890 1324 2905 '7
1340 2890 1386 2915 καὶ
1396 2889 1420 2914 οἱ
1439 2888 1539 2923 αὐχμοὶ
1552 2889 1584 2914 Δ.
