1920 3090
58 174 110 206 διδ

579 175 844 206 BIBLIOTHECA.
865 187 899 193 -
913 176 995 206 COD.
1013 175 1168 207 CCXXIII.

1628 179 1680 211 846

56 230 192 258 ταλλικῶν
215 230 270 258 ἀπὸ
289 230 370 263 ποίας
392 231 525 265 γενέσεως
542 233 558 268 ἡ
574 233 655 266 φύσις
669 233 844 266 adplausu;

895 237 1022 267 parantes
1036 238 1064 260 et
1079 233 1212 266 subditos.
1228 240 1316 269 aegros
1329 237 1411 269 atque
1427 241 1520 268 sanos,
1537 238 1565 262 et
1580 240 1680 264 ctetera

42 277 121 304 ἓθεὸν
133 276 184 312 μὲν
199 275 247 304 οὖν
261 277 396 312 τοσαύτην
412 277 542 314 διαφορὰν
564 279 612 306 καὶ
638 279 737 314 μυρίαν
763 278 847 313 ἄλλην

58 322 219 358 κεχαρίσθαι
229 324 264 358 τῇ
274 324 309 358 γῇ
321 323 354 350 δι’
371 323 445 358 ἡμᾶς
456 324 649 359 ὁμολογοῦντες
665 325 829 360 εὺσεδοῦμεν
838 333 845 339 ·

56 369 230 403 εἱμαρμένην
238 368 262 385 ’⁸
285 369 314 395 δὲ
334 369 379 395 διὰ
400 369 480 396 τοῦτο
499 370 623 404 τεχνίτας
647 370 784 404 πλάττειν,
803 371 847 397 ἵνα

56 416 212 450 χρήσωνται
228 415 290 445 ταῖς
306 414 393 446 ὕλαις,
413 414 470 442 οὔτ’
489 416 524 442 ἂν
545 417 626 452 ἡμεῖς
648 416 772 451 εἴποιμεν
785 415 846 442 οὔτε

56 461 148 495 ἕτερος
163 459 194 486 εὖ
210 460 329 495 φρονῶν.
347 460 407 487 Ἔτι
431 460 460 487 δὲ
481 460 507 487 εί
524 461 611 496 κλίμα
624 461 739 488 ἕκαστον
753 461 847 496 διαμέ-

56 514 93 531 νει
111 504 227 540 μυρίαις
241 506 302 537 ταῖς
317 505 385 540 πρὸς
400 505 502 541 ἄλληλα
524 506 665 540 διαφοραῖς
688 507 742 533 ἀπὸ
763 515 847 534 κατα-

55 551 135 585 δολῆς
149 551 269 582 κτίσεως
287 550 485 586 κοσμούμενον,
502 552 550 578 καὶ
571 552 704 587 ἀκίνητον
719 552 767 580 ἀπ’
780 553 847 579 αἰῶ-

55 605 96 627 νος
114 596 235 630 ἕστηκεν
260 596 313 622 ὑπὸ
322 596 345 612 ⁹⁹
364 595 435 622 τῶν¹
455 597 506 631 τῆς
518 597 653 631 γενέσεως
675 597 844 632 μεταὸολῶν,

55 642 147 668 οὐδέν’
165 641 352 677 βλαπτόμενον
365 641 437 677 (οὔτε
457 642 511 678 γὰρ
533 642 690 678 παλίρροιαι
709 643 847 679 θαλάσσης

54 688 228 723 ἐπαύθησαν,
242 688 273 714 οὒ
287 688 374 722 πυρὸς
387 687 516 715 ἅσὸεστοι
532 690 630 723 πηγαὶ,
643 689 673 716 ού
684 689 762 721 ζώων
779 690 845 716 ἑκά-

56 742 118 759 στου
132 733 268 768 κλίματος
279 733 418 768 διαφοραὶ,
437 733 467 760 οὺ
496 734 600 768 μυρίων
617 733 704 760 ἄλλων
721 733 846 769 ἑτερότη-

55 788 98 811 τες
113 779 323 814 ἀμετάσλητοι),
348 779 484 805 τοσούτων
511 781 680 814 πραγμάτων
710 780 759 814 τῆς
781 779 846 815 παρ’

54 824 171 856 αὐτοῖς’
188 823 322 857 γενέσεως
342 823 560 859 ἀπηλλαγμένων
587 824 646 855 πῶς
676 823 751 851 οὐδὲν
781 824 845 851 ἄνευ

54 870 161 904 ταύτης
176 868 241 896 οὕτε
265 868 388 902 γίνεσθαι
411 868 536 902 λέγουσιν
551 868 613 896 οὔτε
634 869 772 904 διαμένειν
783 868 845 896 οὔτε

898 279 998 313 ubique
1016 279 1161 314 reperias:
1179 280 1243 314 quin
1269 287 1334 315 ergo
1357 281 1440 308 etiam
1460 281 1560 317 ubique
1584 282 1682 317 pluviae

897 329 925 352 et
947 325 1104 358 ariditates,
1129 329 1158 352 et
1183 333 1352 360 quascunque
1376 331 1455 354 antea
1483 335 1682 356 commemora-

897 370 1007 397 vimus?
1030 369 1090 397 Jatn
1104 370 1165 397 auri
1180 370 1330 404 metallum,
1346 372 1462 407 argenti,
1485 373 1559 405 teris.
1577 374 1680 407 stanni,
1709 369 1711 402 ἓ

897 415 1010 450 plumbi,
1034 416 1077 443 vel
1103 420 1263 443 cancrorum
1298 417 1495 445 metallicorum
1530 423 1637 452 natura,
1665 427 1681 446 a
1708 413 1711 445 ξ

897 459 968 495 quali
986 460 1093 488 tandem
1106 461 1197 495 genesi
1211 464 1270 487 orla
1291 461 1448 496 reperitur?
1481 462 1571 496 Itaque
1598 462 1681 489 Deum

896 506 1005 540 quidem
1023 511 1050 534 et
1063 506 1134 534 hanc
1148 511 1263 540 tantam,
1279 511 1307 534 et
1322 506 1389 534 alias
1405 507 1615 534 innumerabiles
1632 515 1681 534 va-

897 552 1006 579 rietates
1019 556 1111 579 nostra
1123 552 1293 586 potissimum
1308 560 1389 580 causa
1404 557 1484 580 terrm
1499 553 1682 588 impertivissc

896 598 940 633 pie
959 597 1077 625 fatemur
1095 607 1102 625 ι
1120 606 1135 625 a
1152 598 1207 626 fato
1220 606 1285 627 vero
1299 604 1442 634 propterea
1456 599 1548 628 fabros
1564 600 1682 628 artiﬁces

899 642 998 673 creari.
1014 650 1069 678 quo
1084 643 1176 670 nmndi
1192 643 1273 679 hujus
1291 644 1375 671 rebus
1390 645 1429 672 nti
1447 645 1564 680 possint,
1582 646 1609 673 id
1636 653 1683 673 ne-

896 695 949 723 que
974 696 1023 715 nos
1047 688 1214 721 dixerimus,
1247 696 1335 723 neque
1375 689 1446 716 alius
1472 695 1544 717 recte
1562 690 1684 719 sentiens

896 735 1050 769 quisquam.
1068 733 1168 762 Praeter
1189 735 1240 762 ista
1253 755 1260 767 ,
1278 736 1301 763 si
1321 735 1426 770 singula
1441 735 1550 763 climata
1577 744 1684 770 perma-

897 784 972 812 nent,
998 780 1133 808 sexcentis
1165 780 1237 808 inter
1258 788 1288 808 se
1314 780 1472 808 differentiis
1497 781 1552 815 jam
1580 781 1642 808 inde
1668 789 1682 808 ιι

896 825 1004 852 condito
1011 826 1076 853 orbe
1089 831 1229 860 exornata,
1241 831 1268 853 et
1283 825 1348 853 nihil
1361 834 1376 853 a
1391 833 1519 861 geneseos
1530 827 1685 855 mutationi-

897 871 946 899 bus
957 872 1031 904 lassa,
1042 872 1188 899 immobilia
1197 880 1310 907 prorsus
1321 873 1355 900 ab
1366 878 1467 900 aeterno
1483 873 1685 900 constituerunt

53 915 230 948 amurcam;
245 915 381 950 πυθοίμην
396 914 418 941 δ’
442 914 476 942 ἂν
491 914 580 942 αὐτῶν
593 915 690 951 ἡδέως,
702 915 767 942 ποία
782 915 843 951 δρό-

897 915 960 951 (ηοη
976 916 1047 943 enim
1065 921 1112 944 aut
1130 917 1227 944 alterni
1243 917 1330 944 ﬂuxus
1347 917 1438 950 maris,
1463 922 1509 945 aut
1523 918 1592 953 ignis
1606 919 1684 945 inex-

54 971 104 997 μου
117 962 227 996 κίνησις
241 961 281 992 εἰς
291 961 322 987 τὸ
332 958 401 987 εἶναι
411 960 461 995 τὴν
471 961 558 997 ἀρχὴν
572 961 692 996 παρέσχε
701 962 760 992 ταῖς
769 960 844 996 βοτά-

53 1017 121 1040 ναις,
133 1009 193 1039 τοῖς
203 1007 308 1042 φυτοῖς,
324 1007 379 1038 τοῖς
391 1006 469 1039 ζώοις
479 1014 486 1039 ;
500 1007 541 1033 δεῖ
551 1006 605 1042 γὰρ
616 1007 732 1034 ἑκάστου
742 1007 844 1034 τούτων

53 1053 199 1088 φαίνεσθαι
211 1054 262 1089 τὴν
269 1055 317 1088 τῆς
326 1054 460 1087 γενέσεως
471 1052 557 1089 ὥραν,
569 1053 614 1080 ὅτε
623 1053 676 1080 ἀπὸ
684 1053 737 1088 γῆς
745 1053 844 1080 ἐπλάτ-

53 1108 140 1127 ceno.
155 1099 222 1135 [6'76
237 1099 282 1135 [L]
294 1099 341 1126 καὶ
357 1099 452 1134 ἑτέραν
469 1100 517 1135 μὲν
534 1097 602 1126 εἶναι
616 1099 746 1134 φοίνικος,
760 1099 844 1134 ἄλλην

53 1147 80 1173 δὲ
95 1146 196 1180 συκῆς,
210 1145 259 1172 καὶ
273 1145 354 1178 κυνὸς
372 1145 527 1178 ἰδιάζουσαν
539 1146 586 1173 καὶ
597 1145 722 1181 καμήλου
732 1154 739 1162 ε
753 1147 784 1173 οὐ
794 1146 844 1182 τὴν

52 1192 137 1226 αὐτὴν
155 1191 254 1223 ἵππου,
269 1192 443 1227 περιστερᾶς,
457 1190 618 1226 ἀνθρώπων,
631 1191 678 1218 καὶ
691 1191 746 1218 τῶν
756 1191 843 1219 ἀλλων

53 1238 163 1273 ὁμοίως.
182 1238 232 1264 Ἂν
247 1239 295 1273 μὲν
306 1235 353 1264 οὖν
368 1238 451 1273 ἔχωσι
465 1237 555 1272 λέγειν
575 1238 620 1264 διὰ
633 1238 660 1265 τί
676 1239 713 1274 μὴ
734 1239 781 1266 καὶ
796 1239 843 1266 νῦν

52 1285 107 1311 ἀπὸ
121 1284 177 1318 γῆς
188 1284 199 1300 δ
213 1285 231 1320 ἡ
245 1284 354 1318 γένεσις
369 1285 481 1311 πλάττει
503 1285 537 1311 τὰ
561 1285 756 1320 προειρημένα,
772 1285 844 1312 διδα-

55 1330 196 1356 σκέτωσαν
207 1336 216 1343 ·
231 1329 308 1355 οὐδὲν
322 1328 376 1363 γὰρ
394 1328 467 1362 ἅπαξ
482 1328 497 1355 ὁ
513 1329 562 1364 τῆς
588 1329 721 1363 γενέσεως
744 1329 843 1361 κύκλος

52 1375 227 1406 ἀποτελέσει,
241 1375 271 1401 τὸ
285 1375 307 1401 δ’
321 1375 386 1402 αὐτὸ
399 1376 470 1402 ποιεῖ
482 1375 623 1407 πολλάκις.
646 1375 696 1402 Διὰ
716 1376 743 1402 τί
753 1376 782 1402 δὲ
793 1374 842 1412 τὴν

53 1421 103 1456 μὲν
119 1420 210 1456 ἀρχὴν
230 1420 280 1446 οὐκ
304 1420 337 1446 ἃν
351 1418 386 1456 ἦν
398 1420 416 1447 ἃ
430 1420 568 1456 προήχθη,
585 1420 623 1456 μὴ
644 1421 699 1447 ἀπὸ
709 1422 761 1457 γῆς
775 1421 843 1448 πλα-

53 1467 163 1500 σθέντα,
183 1466 249 1502 [550
261 1465 307 1502 l|.]
325 1465 394 1501 μετὰ
410 1466 438 1493 δὲ
450 1466 537 1493 ταῦτα
552 1466 629 1493 οὐδὲν
641 1466 674 1494 ἂν
687 1467 776 1494 αὐτῶν
789 1468 843 1494 ἀπὸ

53 1514 104 1548 γῆς
119 1513 296 1548 βλαστήσειε.
311 1512 355 1539 διὰ
370 1512 399 1539 δὲ
412 1514 460 1548 τῆς
476 1512 505 1546 ἐξ
520 1512 641 1548 ἀλλήλων
652 1513 777 1548 διαδοχῆς
789 1513 842 1540 σώ-

52 1562 148 1592 (aut;
171 1560 188 1595 ἢ
204 1559 265 1591 πῶς
282 1559 313 1585 τδ
335 1558 504 1593 κυριώτατον
529 1559 577 1585 καὶ
599 1559 842 1594 ἀναγκαιότατον-ἡ

52 1608 161 1640 γένεσις
172 1605 224 1633 οὐκ
240 1606 351 1640 ἔχουσα,
371 1605 442 1639 λέγω
462 1605 494 1640 δὴ
508 1604 539 1631 τὸ
554 1605 608 1632 ἀπὸ
625 1606 677 1640 γῆς
694 1605 798 1632 πλάσαι
809 1605 843 1632 τὰ

54 1652 155 1683 πάντα,
172 1650 222 1678 τοῦ
241 1652 406 1686 συγκρατεῖν
416 1649 463 1676 καὶ
485 1650 628 1677 ἀποτελεῖν
643 1651 689 1677 καὶ
704 1651 844 1685 ἀφανίζειν

54 1698 112 1724 ἐστὶ
127 1697 213 1732 κυρία
226 1704 233 1730 ;
249 1696 290 1723 ἔτι
306 1696 334 1722 δὲ
346 1697 370 1722 ei
380 1696 390 1712 ⁵
403 1696 457 1723 ἀπὸ
471 1697 520 1730 τῆς
533 1696 604 1724 κατὰ
616 1696 665 1732 τὴν
678 1696 754 1732 ὥραν
769 1697 845 1732 ἀκρι-

54 1744 117 1776 ϐοῦς
136 1743 317 1777 ἐπιγνώσεως
331 1742 438 1778 ἑκάστῳ
452 1743 508 1769 τῶν
525 1742 675 1777 γινομένων
688 1743 721 1769 τὰ
736 1743 845 1778 συμϐη-

55 1789 155 1822 σόμενα
161 1787 300 1821 λέγουσιν,
307 1785 355 1812 ἀνθ
360 1785 452 1821 ρώπῳ,
460 1794 497 1821 φη
502 1786 542 1821 μὶ,
553 1787 599 1813 καὶ
608 1786 649 1821 βοῒ
654 1787 699 1813 καὶ
705 1787 791 1822 ὀρνέῳ
798 1787 845 1814 καὶ

55 1833 138 1868 πλοίῳ
150 1833 200 1859 καὶ
215 1832 302 1864 πόλει,
312 1833 359 1859 καὶ
373 1833 482 1860 πάντων
495 1829 532 1859 ὧν
546 1833 594 1868 τὴν
604 1833 758 1868 πρόγνωσιν
773 1832 844 1868 ἔχειν

55 1879 254 1915 ἰσχυρίζονται,
261 1878 321 1910 πῶς
333 1879 385 1913 γῆς
397 1879 445 1905 καὶ
453 1878 590 1914 θαλάσσης
597 1879 697 1906 καὶτοῦ
710 1880 789 1915 ἀέρος
795 1880 844 1907 οὐκ

54 1926 155 1958 εἰδότες
167 1925 225 1952 τῶν
237 1925 372 1959 γενέσεων
384 1925 448 1957 τοὺς
465 1925 590 1960 καιροὺς,
604 1925 640 1952 τὰ
653 1925 727 1961 πάθη
741 1926 844 1953 τούτων

53 1973 101 1999 καὶ
116 1972 168 2003 τὰς
184 1971 308 2006 κινήσεις
321 1971 368 1997 καὶ
387 1971 437 2002 τὰς
453 1971 606 2006 μεταϐολὰς
628 1971 844 2006 ἐπαγγέλλονται

53 2018 160 2051 λέγειν;
178 2017 227 2043 καὶ
242 2016 301 2048 πῶς
319 2016 369 2043 οὐκ
385 2016 418 2043 ἄν
437 2025 479 2048 τις
493 2017 584 2049 αὐτοῖς
599 2017 770 2051 ἀπιστήσειε,
786 2018 845 2050 πῶς

52 2065 79 2090 δὲ
95 2064 148 2090 οὐκ
165 2063 200 2090 ἂν
219 2063 310 2089 αὐτῶν
332 2062 532 2097 ἀποστραφεῑεν
546 2062 595 2097 τὴν
620 2063 737 2098 ἄμετρον
750 2063 846 2096 ἀλαζο-

53 2111 143 2142 νείανς
155 2109 219 2136 οὐδὲ
234 2108 289 2143 γὰρ
301 2107 357 2134 τῶν
369 2107 439 2134 κατά
452 2108 533 2142 μέρος
546 2108 675 2135 ἁπάντων
690 2108 844 2140 ἰδιαζούσας

54 2156 204 2191 παρέξουσι
227 2154 277 2185 τὰς
300 2153 432 2187 γενέσεις.
450 2153 504 2180 Καὶ
520 2154 574 2189 μὴν
595 2154 739 2181 ἀκόλουθον
751 2155 845 2181 τοσαύ·

52 2211 98 2233 τας
111 2199 185 2227 εἶναι
200 2200 334 2234 γενέσεων
352 2199 493 2235 διαφορὰς,
506 2199 556 2226 ὅσα
574 2201 608 2226 τὰ
627 2199 692 2235 γένη
706 2200 761 2226 τῶν
776 2208 844 2235 προ-

894 962 985 989 stincti
1011 961 1100 990 fontes
1119 967 1166 989 aut
1182 962 1340 989 animalium
1361 963 1386 989 in
1400 963 1512 998 singulis
1531 963 1684 991 climatibus

895 1007 1054 1035 diilcrentia
1070 1013 1116 1035 aut
1132 1008 1191 1035 alite
1208 1008 1429 1041 innumerabiles,
1440 1009 1486 1036 sed
1503 1009 1684 1036 immutabile:

893 1059 985 1080 rerum
1007 1053 1179 1081 alterationes
1195 1060 1314 1088 unquam
1335 1053 1484 1089 cessarunt)
1501 1057 1562 1081 :tot
1576 1054 1683 1080 interim

894 1099 975 1126 rebus
991 1106 1038 1133 per
1053 1099 1137 1134 ipsam
1153 1099 1272 1134 genesim
1291 1099 1450 1131 immutatis,
1478 1099 1613 1134 quomodo
1626 1100 1686 1126 sine

895 1146 946 1172 hac
955 1150 1002 1172 aut
1017 1144 1074 1172 ﬁeri
1088 1145 1233 1180 quidquam
1242 1149 1288 1172 aut
1304 1153 1463 1180 permanere
1478 1150 1525 1172 aut
1538 1145 1683 1179 guhcrnan

893 1199 974 1226 posse
997 1192 1121 1226 negant?
1137 1191 1263 1219 Libenter
1284 1196 1372 1218 autent
1390 1192 1423 1218 ab
1449 1192 1488 1219 eis
1513 1191 1682 1226 quaesierim.

893 1237 1043 1273 qualisnam
1067 1237 1138 1265 forte
1165 1237 1292 1265 curriculi
1312 1242 1401 1265 motus
1416 1237 1516 1269 herbis,
1537 1237 1636 1272 plantis
1656 1243 1686 1264 et.

894 1283 1075 1311 animantibus
1100 1283 1294 1311 exsistentibus
1314 1283 1472 1319 principium
1488 1282 1593 1310 dederit
1610 1291 1617 1310 :
1635 1283 1684 1310 de-

895 1332 1067 1360 monstranda
1086 1333 1158 1360 enim
1185 1332 1318 1368 genituras
1337 1332 1431 1359 hormn
1448 1330 1579 1366 cujusque
1604 1330 1684 1360 hora.

894 1385 944 1412 qua
958 1385 973 1405 e
998 1381 1069 1404 terra
1089 1377 1275 1405 formabatur:
1292 1381 1320 1405 et
1329 1377 1409 1404 aliam
1427 1377 1535 1412 quidem
1553 1383 1614 1404 esse
1627 1376 1684 1411 pal-

894 1433 954 1458 mae,
978 1424 1058 1453 aliam
1083 1425 1161 1456 ﬁcus.
1182 1425 1257 1452 canis
1285 1425 1349 1452 item
1369 1432 1445 1451 suam
1458 1431 1519 1452 esse
1533 1424 1684 1460 propriam,

894 1471 1073 1506 similiterque
1093 1471 1192 1506 213a
1219 1471 1324 1503 cameli,
1343 1478 1430 1506 neque
1458 1469 1582 1497 eamdem
1610 1469 1684 1496 illam

895 1525 957 1545 esse
982 1517 1055 1552 equi,
1075 1516 1219 1549 columbae,
1246 1520 1294 1543 aut
1318 1515 1469 1546 hominum.
1495 1519 1523 1542 et
1545 1514 1572 1541 id
1599 1520 1685 1547 genus

858 1572 880 1602 ρ
897 1563 1026 1590 aliorum.
1046 1562 1074 1588 Si
1089 1569 1155 1595 ergo
1177 1565 1290 1595 possunt
1308 1561 1410 1593 dicere,
1427 1568 1476 1588 cur
1504 1567 1557 1587 non
1571 1564 1599 1586 et
1610 1566 1682 1585 nunc

895 1614 995 1636 eterra
1018 1607 1124 1642 genesis
1139 1606 1236 1634 formet
1254 1606 1393 1642 praedicta,
1409 1607 1523 1633 doceant
1536 1612 1594 1632 nos.
1612 1604 1684 1631 Nihil

895 1654 978 1685 enim,
1001 1652 1071 1688 quod
1086 1653 1169 1680 semel
1191 1653 1320 1680 duntaxat
1337 1660 1385 1687 per
1402 1659 1533 1686 geneseos
1549 1651 1680 1678 ambitum

896 1700 1062 1734 perﬁciatur,
1084 1699 1132 1726 sed
1146 1699 1216 1726 idem
1234 1698 1316 1725 etiatn
1331 1706 1402 1732 saape
1417 1696 1508 1725 cilicii.
1541 1696 1596 1724 Cur
1611 1697 1685 1723 insn-

895 1753 943 1780 per
959 1745 994 1773 ab
1004 1745 1082 1772 initio
1093 1744 1200 1779 quidem
1217 1751 1269 1771 non
1281 1748 1377 1771 essent
1391 1751 1451 1778 quas
1464 1743 1594 1777 producta
1609 1747 1683 1772 sunt.

896 1791 948 1817 nisi
975 1798 991 1818 e
1015 1795 1087 1817 terra
1116 1790 1232 1816 formata
1253 1788 1390 1816 fuissent:
1419 1792 1479 1823 post
1501 1792 1592 1814 autem
1615 1786 1683 1814 nihil

897 1838 992 1864 horum
1012 1843 1027 1864 e
1050 1841 1120 1862 terra
1138 1834 1291 1869 germinare
1306 1834 1401 1868 possit,
1419 1833 1466 1861 sed
1486 1840 1534 1868 per
1560 1836 1684 1859 mutuam

895 1881 993 1910 debeat
1008 1881 1209 1908 successionem
1222 1878 1377 1906 conservari
1389 1878 1401 1905 ἳ
1413 1878 1467 1905 Ant
1480 1877 1614 1910 quomodo
1622 1885 1683 1904 cum

895 1935 954 1964 qua:
974 1926 1082 1962 propria
1109 1925 1280 1959 maximeque
1305 1925 1457 1951 necessaria
1480 1928 1552 1956 sunt,
1577 1923 1685 1958 genesis

896 1983 946 2002 non
963 1973 1134 2008 habeat(rim
1151 1972 1224 1999 illam
1239 1976 1304 2006 puto
1316 1971 1447 1998 formandi
1462 1979 1477 1998 e
1493 1975 1564 1998 terra
1580 1970 1684 2004 omnia)

895 2019 1073 2048 conservandi
1096 2016 1223 2054 [tamen],
1238 2016 1408 2051 perficiendi,
1427 2021 1508 2051 atque
1528 2016 1682 2054 destruendi

895 2072 990 2102 potens
1005 2065 1040 2092 sit
1053 2064 1065 2090 ?
1079 2063 1213 2090 Praeterea
1225 2062 1248 2090 si
1264 2070 1296 2090 ex
1312 2061 1491 2089 accuratailla
1505 2061 1576 2088 horae
1593 2061 1686 2096 cogni-

896 2113 979 2144 tione,
993 2109 1108 2145 singulis
1120 2116 1179 2144 quae
1192 2109 1338 2144 gignuntur
1351 2113 1479 2135 eventura
1495 2107 1625 2139 referunt,
1636 2108 1685 2134 ho-

896 2157 973 2188 mini,
1003 2157 1124 2190 inquam.
1150 2158 1177 2181 et
1193 2153 1331 2188 bovi,|avi
1346 2157 1428 2187 atque
1441 2153 1514 2184 navi,
1543 2153 1602 2180 urbi
1619 2153 1683 2179 item

895 2208 923 2231 et
936 2202 1042 2231 caeteris
1053 2201 1189 2232 omnibus,
1205 2207 1320 2235 quorum
1331 2199 1568 2234 prmcognitionem
1582 2198 1685 2225 habere

53 2247 209 2282 πινομένων.
225 2245 288 2277 Πῶς
314 2245 369 2280 γὰρ
392 2245 425 2271 ἂν
440 2245 457 2279 ή
471 2245 550 2279 αὑτὴζ
563 2244 609 2271 τοῦ
622 2245 722 2280 δρόμου
737 2246 844 2280 γένεσις

895 2257 925 2278 se
934 2253 1076 2276 asserunt:
1087 2247 1198 2284 [at]qna
1212 2247 1315 2273 ratione
1330 2253 1391 2273 cum
1404 2251 1493 2276 terra},
1506 2245 1601 2277 maris,
1612 2245 1684 2272 aeris

53 2294 120 2320 κύνα
132 2293 182 2319 καὶ
201 2292 299 2319 λέοντα
314 2291 482 2327 ὲργάσαιτο⁶
500 2293 549 2317 καὶ
570 2290 714 2326 ἄνθρωπον
736 2292 783 2318 καὶ
803 2291 844 2317 τπ-

54 2348 111 2371 πον,
125 2339 194 2369 τοὺς
211 2335 339 2364 τοσοῦτον
363 2336 487 2372 ἀλλήλων
509 2335 730 2369 διαλλάττονταςς
748 2337 806 2368 πῶς
821 2337 843 2363 δ’

54 2386 83 2411 Ξιν
99 2385 146 2419 εἴη
165 2383 291 2410 ποικιλία
315 2382 479 2418 χρωμάτων,
499 2382 656 2417 σχημάτων,
680 2383 842 2417 ποιοτήτων.

54 2432 89 2466 μὴ
109 2430 205 2459 πάντα
220 2427 347 2463 ποικίλης
368 2427 501 2462 γενέσεως
524 2427 720 2462 ἀποτελούσης,
741 2427 778 2459 ὣς
795 2437 842 2462 φα-

54 2485 112 2508 σι·.ι;
128 2475 160 2501 οὐ
188 2474 253 2509 μίαν
279 2473 309 2499 δὲ
331 2473 447 2508 ἑχόντων
470 2472 571 2507 πρᾶξιν
593 2472 609 2506 ἢ
638 2472 724 2504 πάθος
743 2472 773 2499 ἓν
789 2473 844 2499 τῶν

53 2523 184 2549 ἁπάντων
200 2518 396 2554 ἀνθρώπων⁷ῆ
412 2518 505 2544 ἵππων
518 2518 587 2544 ὅλων
599 2517 616 2552 ἢ
628 2517 738 2553 χοίρων,
749 2518 779 2544 οὐ
796 2518 845 2553 μέ-

54 2568 144 2602 γεθος,
153 2566 187 2593 οὺ
197 2565 293 2600 τάχος,
305 2564 354 2590 οὐκ
370 2564 459 2599 ἰσχὺν,
472 2563 501 2590 οὐ
518 2563 621 2598 φωνὴν,
633 2563 712 2598 δῆλον
732 2563 770 2595 ὡς
784 2564 845 2599 οὐχὶ

55 2615 116 2649 μίαν
129 2612 268 2648 γενέσεως
284 2611 381 2647 ῥοπὴν,
396 2610 463 2636 ἀλλά
473 2610 605 2641 τοσαύτας
622 2609 844 2645 ἀναγκασθήσον-

53 2669 95 2686 ται
108 2660 213 2693 λέγειν,
232 2658 284 2692 ὅση
306 2658 353 2683 καὶ
367 2657 420 2683 τῶν
440 2656 663 2691 ἀποτελουμένων
680 2657 696 2691 ή
715 2656 841 2691 διαφορὰ,

54 2707 82 2733 οὐ
99 2707 184 2743 μόνον
199 2703 280 2737 ζώων
299 2703 435 2738 χερσαίων
450 2703 497 2729 καὶ
512 2701 622 2737 πτηνῶν
640 2702 687 2728 καὶ
714 2701 841 2737 ἐνύδρων,

892 2293 1021 2329 geniturae
1036 2298 1155 2326 tempora
1178 2299 1230 2318 non
1249 2290 1383 2320 noverint,
1395 2290 1490 2317 horntn
1513 2289 1682 2322 affectiones,

892 2347 924 2366 ac
950 2338 1091 2368 motiones.
1109 2336 1328 2370 mutationesque
1343 2336 1504 2363 denuntiare
1526 2343 1556 2362 se
1571 2335 1686 2370 promit-

893 2384 975 2412 tunt?
996 2382 1130 2418 quomodo
1148 2382 1213 2418 quis
1238 2382 1298 2409 istis
1319 2382 1421 2414 credat,
1440 2386 1487 2408 aut
1502 2388 1554 2415 qua
1578 2381 1684 2409 ratione

892 2428 1102 2458 immoderatam
1121 2415 1239 2462 ipsorum
1258 2428 1442 2463 arrogantiam
1455 2435 1507 2455 non
1521 2427 1684 2455 aversetur?

897 2483 1032 2508 nunquam
1040 2474 1111 2501 enim
1123 2473 1278 2509 singulatim
1289 2473 1409 2500 omnium
1419 2473 1548 2500 exhibere
1561 2473 1683 2508 proprias

895 2521 1036 2557 genituras
1058 2524 1194 2555 poterunt.
1209 2519 1243 2547 Et
1261 2526 1327 2546 vero
1342 2518 1424 2546 etiam
1448 2526 1618 2553 consequens
1641 2522 1684 2546 est

897 2572 936 2594 tot
955 2574 1015 2594 esse
1029 2566 1214 2601 geniturarum
1230 2564 1407 2598 dilferentias,
1423 2569 1489 2599 quot
1506 2569 1569 2592 sunt
1588 2571 1683 2591 eorum

895 2619 956 2646 quae
982 2612 1168 2645 producuntur
1193 2615 1301 2644 genera.
1328 2609 1396 2636 Nam
1431 2609 1565 2644 quomodo
1587 2609 1682 2635 eadem

897 2657 1022 2684 curriculi
1038 2656 1143 2690 genesis
1159 2663 1253 2684 canent
1269 2660 1297 2683 et
1310 2655 1415 2682 leonem
1435 2655 1576 2689 producat,
1594 2654 1682 2681 homi-

898 2710 958 2730 nem
976 2703 1039 2729 item
1057 2707 1085 2730 et
1103 2709 1203 2737 equum
1222 2706 1362 2736 tantopere
1387 2701 1457 2728 inter
1479 2709 1508 2728 se
1526 2701 1683 2735 discrepan-

691 2789 809 2818 VARhE
825 2789 1027 2818 LECTIONES.

90 2853 111 2869 "'
127 2853 283 2888 εἱμαρμένη
297 2852 330 2878 Δ.
362 2851 391 2888 Α“¹
407 2850 472 2885 ὑπὸ]
487 2849 635 2888 liltri_&f.6._
674 2849 682 2864 ‘
698 2849 824 2888 sibyatld.
840 2849 872 2876 Λ.

58 2888 67 2903 δ
79 2889 102 2914 εἰ
116 2884 177 2915 add.
191 2884 225 2916 'A'.
262 2884 439 2921 ἐἰργάσατο
456 2894 486 2917 ς.
525 2885 534 2900 ⁷
551 2884 703 2920 ἀνθρώπιον
713 2884 775 2911 add.
790 2885 822 2912 A.

922 2850 932 2865 ⁹
949 2849 1024 2877 οὐδὲν
1037 2850 1058 2877 Α
1076 2857 1083 2877 :
1100 2849 1131 2876 οὐ
1149 2858 1180 2882 ς.
1234 2849 1342 2886 ἀὐτῆς
1358 2859 1388 2882 ς.
1442 2850 1452 2865 ⁸
1463 2848 1517 2876 ἀπὸ
1527 2849 1576 2884 τῆς
1589 2847 1639 2883 γῆς
1651 2857 1680 2881 ς.
