1920 3090
230 201 281 237 8H
806 186 939 218 PHOTII
949 183 1064 216 PATRI

230 259 272 282 tes
286 253 298 281 τ
311 250 447 288 quomodo
458 248 523 276 item
540 244 673 277 colorum,
688 243 846 278 ﬁgurarum,
857 240 1020 276 qualitatum
1035 243 1059 269 Α

230 301 348 328 varietas
358 298 405 329 sit,
416 296 469 323 nisi
479 292 553 322 varia
566 298 674 327 quoque
685 289 792 325 genesis
806 289 863 316 haec
875 286 965 314 omnia
980 285 1022 313 ef-

231 348 334 376 ﬁceret.
346 349 374 372 ut
385 341 477 370 aiunt?
488 339 556 368 Cum
571 344 636 365 vero
650 344 703 364 non
717 342 770 362 una
785 334 820 362 sit
833 333 953 361 omnium
968 331 1026 359 sive

231 393 313 423 actio,
326 391 383 418 sive
395 386 514 418 affectio,
530 391 583 412 non
597 389 727 418 equorum
738 380 860 408 omnium
875 378 916 405 vel
930 384 1027 413 porco-

230 446 291 467 rum
303 437 397 465 cadem
410 429 728 468 magnitudoﬁceleritas,
741 425 883 458 fortitudo,
896 430 959 456 vox,
972 430 1027 451 non

234 490 317 512 unum
335 482 415 509 etiam
433 481 574 514 cogentur,
584 479 614 503 ut
631 477 746 504 constat,
760 472 889 508 geniturae
901 476 1024 497 momen-

234 536 290 557 tum
308 526 400 558 fateri,
414 525 461 553 sed
478 529 517 551 tot
532 523 622 558 plane,
638 524 704 555 quot
718 522 797 546 erunt
808 524 901 544 eorum
916 522 976 550 quae
990 514 1024 542 ab

232 584 264 604 ea
295 574 473 610 perﬁciuntur
485 567 657 600 diﬁerentiae,
682 574 735 594 non
749 563 921 592 terrestrium
943 560 1024 588 modo

234 619 390 648 animalium
415 620 479 652 puta
504 619 531 643 et
555 613 722 644 volantium,
746 614 828 644 atque
852 607 1024 642 aquatilium,

234 667 281 695 sed
298 670 326 694 et
340 665 508 700 plantarum.
526 664 554 688 et
576 658 735 688 herbarum,
751 660 776 683 et
792 655 813 683 si
830 655 893 690 quid
907 653 978 680 aliud
995 653 1022 679 in

235 718 308 740 terra
326 714 462 738 nascatur.
489 707 522 734 Et
536 705 672 740 quomodo
693 704 852 730 immensam
870 699 938 726 adeo
956 703 1024 726 tem-

236 759 309 794 poris
318 760 516 785 momentorum
525 751 725 780 multitudinem
736 748 853 775 forment
860 746 872 773 ?
880 745 1022 779 Nunquam

237 813 302 833 sane
320 806 458 839 poterunt,
470 808 523 828 non
539 799 562 826 si
574 799 666 826 decem
683 795 786 823 dierum
802 792 921 820 millibus
937 796 1023 817 annus

237 851 302 886 ipsis
318 852 434 877 constet.
461 847 500 874 lta
519 851 584 873 vero
599 842 718 870 maxime
732 840 829 867 horum
853 837 1023 865 mendacium

237 895 434 932 prosternitur,
451 893 473 920 si
491 892 552 927 quis
575 887 705 917 animalia
717 885 743 913 fr

239 919 433 932 r-"—-v------r:
456 919 471 920 η
500 919 508 927 .

238 951 297 978 qua:
312 942 368 976 jam
382 940 515 975 plurimos
530 935 611 966 simul
627 934 739 970 gignunt
754 931 848 958 ﬁctus.
859 928 927 956 Nam
940 927 1026 963 porci,
1041 927 1144 962 pisces,
1184 932 1277 960 canes,
1302 924 1395 952 multis
1421 919 1560 957 pariendis
1591 922 1619 946 et

239 971 354 1028 spatium
379 971 543 1019 absumunt._
566 984 601 1011 Et
627 989 692 1008 vero
718 979 801 1016 piscis
815 978 956 1013 (quantum
978 982 1030 1011 ego
1047 976 1124 1010 puto)
1150 974 1251 1002 multos
1275 980 1384 1008 quoque
1404 971 1481 1002 dies,
1507 975 1540 996 eo
1565 974 1619 1002 quo

760 1026 766 1028 _
802 1025 808 1028 .
978 1022 993 1028 ..
1053 1027 1057 1028 ν
1129 1021 1141 1028 ις
1219 1026 1223 1028 .
1326 1019 1342 1028 ν·
1379 1017 1471 1028 ›-ε-,ι-
1499 1013 1595 1028 -ι..,...1;

240 1022 381 1067 multitudo
405 1033 502 1070 ξιιμ
527 1032 554 1059 in
577 1027 714 1066 myriadas
741 1025 857 1061 piscium
882 1030 916 1051 ex
935 1022 1032 1050 ordine
1051 1027 1075 1049 tr

240 1087 291 1114 bus
310 1083 418 1120 quidem
442 1080 537 1109 diebus
561 1077 620 1105 ﬁeri
642 1074 717 1103 nullo
735 1073 816 1101 modo
838 1075 937 1107 potest,
965 1070 1031 1104 quin
1048 1069 1169 1097 volatilia
1190 1068 1232 1096 vel
1248 1065 1389 1096 terrestria
1410 1065 1437 1092 in
1453 1066 1510 1091 toto
1526 1060 1637 1092 mundo,

242 1135 268 1161 in
289 1137 344 1160 toto
357 1130 426 1158 mari
443 1133 471 1156 et
484 1126 574 1155 ﬁuviis
588 1129 617 1153 et
628 1122 732 1158 stagnis
749 1122 904 1157 gignantur.

278 1179 381 1207 Verum
410 1176 473 1204 hinc
496 1174 591 1205 etiam,
608 1170 681 1207 quod
700 1169 774 1204 volo,
792 1168 894 1196 certius
917 1166 978 1203 quis
994 1166 1036 1193 di--
1052 1169 1075 1197 Β

242 1231 316 1254 seat:
341 1222 449 1260 quando
462 1229 509 1249 ver
532 1220 601 1248 bene
614 1221 793 1254 temperatum
817 1214 923 1248 incipit,
943 1212 1032 1240 omnis

243 1273 317 1300 lloret
337 1269 420 1298 herba
445 1272 473 1295 et
488 1265 616 1302 parturit,
642 1263 786 1298 omnisque
809 1260 943 1296 lignorum
972 1266 1033 1293 spe-

244 1319 310 1350 cies,
322 1316 368 1344 sed
381 1319 409 1342 et
425 1313 507 1341 multa
519 1311 576 1340 sive
589 1309 749 1340 volucrium,
760 1307 818 1334 sive
841 1303 1032 1336 animantium,

245 1366 302 1392 sive
326 1362 440 1398 piscium
468 1365 565 1394 genera
602 1355 683 1383 mista
718 1353 833 1381 invicem
866 1350 1032 1386 concipiunt.

247 1396 351 1438 Inﬁnita
379 1398 692 1441 quoquelplantarum]
709 1405 808 1441 genera
841 1396 935 1424 eodem
964 1399 1034 1422 tem-

247 1462 312 1489 pore
335 1438 455 1488 perlecta
482 1438 571 1475 lerunt
600 1443 715 1475 semina,
738 1440 903 1474 inﬁnitaeque
922 1438 1034 1465 arbores

247 1507 310 1528 suos
331 1499 444 1526 fructus,
463 1501 517 1521 non
541 1498 594 1520 uno
607 1489 715 1525 quidem
731 1490 879 1517 momento,
902 1484 949 1512 sed
964 1483 1035 1510 mnl-

247 1549 283 1574 tis
297 1545 401 1576 diebus,
419 1542 481 1568 dum
500 1539 526 1566 in
543 1538 637 1565 eadem
652 1535 743 1570 planta
757 1533 801 1560 alii
817 1531 964 1559 etiamnum
985 1529 1035 1556 llo-

248 1596 318 1624 rent,
335 1590 380 1617 alii
395 1590 531 1617 crescunt,
552 1584 596 1611 alii
620 1583 816 1610 maturescunt.
841 1577 898 1605 Nec
918 1575 1035 1604 dissimi-

250 1639 283 1665 lis
295 1642 336 1664 est
350 1636 377 1663 in
395 1632 561 1661 animalibus
577 1628 713 1659 omnibus,
727 1630 821 1661 partus
834 1627 1035 1657 conceptusque

250 1681 401 1718 proportio:
419 1685 479 1714 quae
493 1677 565 1704 idem
584 1673 696 1702 omnino
715 1670 847 1707 genitura:
870 1671 1036 1695 momentum

251 1712 349 1757 lntbere
370 1712 444 1753 nullo
468 1722 547 1750 modo
572 1723 695 1755 possunt.
719 1716 794 1743 Adde
813 1713 886 1748 quod
912 1712 963 1738 alia
989 1717 1038 1745 per

250 1781 350 1801 annum
385 1771 518 1801 integrum
551 1765 635 1792 fetum
666 1767 743 1789 utero
770 1764 888 1795 gestant,
916 1757 1038 1792 quadam

252 1819 389 1847 mensibus
420 1817 524 1844 decem,
557 1810 678 1846 quzedam
707 1807 804 1834 diebus
847 1802 1036 1840 quadraginta,

251 1867 357 1901 aliaque
374 1864 400 1890 in
420 1862 462 1888 his
474 1859 586 1895 plurima
617 1855 750 1890 reperitur
775 1850 939 1879 diﬁ'erentia.
954 1848 1040 1882 Quale
1053 1857 1075 1886 ο

254 1895 335 1946 igitdr
363 1913 466 1936 astrum
489 1906 515 1932 in
541 1902 621 1938 quale
641 1901 746 1935 signum
766 1897 919 1933 ingrediens
938 1895 1043 1922 dimen-

252 1941 310 1984 sim.
342 1954 487 1988 unicuique
506 1949 597 1986 generi
627 1948 710 1975 letum
737 1945 838 1972 ferendi
866 1948 971 1977 tempus
996 1941 1041 1968 de-

215 2024 221 2028 .
253 2000 395 2031 terminat?
421 1998 476 2026 Cur
501 2000 602 2027 autem,
618 2001 678 2022 cum
707 1990 883 2019 animantium
903 1988 930 2015 in
945 1993 1043 2022 genere

254 2050 314 2076 vita:
328 2053 433 2081 tempus
448 2042 550 2078 aequale
575 2048 627 2068 non
659 2036 851 2073 sit,;equalem
878 2038 969 2061 tamen
997 2031 1042 2059 illa

254 2096 322 2124 uteri
342 2092 520 2129 gestationem
547 2084 666 2115 habent?
684 2085 780 2111 Dicant
806 2081 897 2116 igitur,
912 2087 957 2106 .an
984 2078 1043 2105 haec

254 2144 334 2170 etiam
350 2149 363 2168 a
379 2139 470 2176 genesi
484 2135 689 2172 proliciscantur
699 2151 707 2164 ,
722 2134 751 2156 ιιι
765 2129 849 2163 magis
860 2126 1035 2154 irrideantur.

255 2190 303 2216 Sin
324 2172 527 2222 per'silentiunt
553 2180 668 2207 dedecus
694 2183 771 2204 suum
799 2172 955 2201 declinent:
972 2176 1041 2204 quo-

255 2235 333 2263 modo
358 2231 459 2266 aliquid
474 2229 531 2256 sine
552 2225 642 2261 genesi
668 2223 725 2250 ﬁeri
754 2219 873 2255 negant?
896 2217 986 2251 Neque
1002 2221 1042 2241 ta-

256 2290 315 2309 tuen
342 2279 385 2306 hic
413 2278 512 2304 fetuum
546 2270 713 2300 diﬁ'erentias
733 2267 836 2294 aﬁero:
854 2270 968 2298 quorum
995 2261 1040 2287 alii

247 2324 423 2361 genitoribus
446 2320 546 2348 similes
562 2321 636 2349 sunt,
660 2319 690 2342 ut
717 2312 852 2341 homines,
883 2309 958 2344 equi,
987 2307 1042 2334 leo-

249 2380 319 2405 ,nes;
338 2370 381 2397 alii
405 2376 456 2395 non
478 2367 553 2397 item,
568 2368 597 2390 ut
616 2369 695 2392 ursm.
716 2366 816 2393 vespa‘,
838 2363 911 2391 apes,
928 2359 954 2381 et
968 2360 1042 2388 qua:-

255 2424 362 2452 cunque
384 2422 416 2442 ex
434 2413 492 2441 ovis
507 2410 650 2445 prodeunt.
678 2407 743 2434 Pars
757 2410 863 2431 rursum
885 2401 944 2429 sine
970 2399 1042 2426 coitu

254 2467 430 2499 generantur,
465 2465 528 2494 pars
556 2456 658 2489 absque
677 2460 710 2479 eo
729 2455 909 2484 nequaquam.
930 2445 962 2473 Et
983 2444 1044 2479 quis

257 2513 423 2538 innumeras,
452 2512 512 2540 qua:
542 2503 567 2530 in
592 2502 633 2528 his
664 2498 844 2533 reperiuntur,
879 2491 1043 2520 diﬁ‘erentias

455 2529 510 2540 γη
543 2529 547 2530 ν
696 2529 702 2533 _

257 2553 467 2585 enumeraverit,
480 2558 533 2578 non
543 2546 729 2585 pnimantium
745 2544 835 2573 modo,
852 2547 945 2568 verum
961 2539 1042 2565 etiam
1055 2529 1083 2559 D

258 2602 381 2637 stirpium
393 2604 420 2627 et
443 2596 601 2626 herbarum,
623 2591 792 2623 aliorumque
808 2584 958 2614 similium?
977 2590 1046 2618 quo-

259 2657 319 2677 rum
342 2647 462 2675 omnium
489 2648 587 2670 causas
605 2639 639 2666 ab
657 2638 700 2665 liis
718 2635 767 2663 fati
798 2632 955 2661 auctoribus
973 2636 1048 2665 qua:—

260 2702 320 2722 rere
330 2725 334 2728 _
346 2693 447 2729 justum
463 2693 524 2718 est:
539 2685 671 2722 siquidem
687 2681 777 2710 omnia
791 2679 938 2708 secundum
951 2678 1047 2704 horum

259 2724 420 2767 sententiam
432 2743 466 2763 ex
476 2732 567 2770 genesi
595 2730 721 2765 pendent,
735 2731 762 2754 et
778 2726 847 2760 quod
863 2724 1005 2754 exsistant,
1021 2725 1048 2748 et

261 2784 355 2812 modus
364 2790 416 2818 quo
427 2781 570 2810 exsistunt,
582 2781 610 2805 et
621 2774 719 2811 gestari
732 2777 818 2804 utero,
831 2775 858 2798 et
869 2770 923 2805 pati
934 2773 960 2796 et
968 2774 1050 2802 agere

1069 180 1204 212 ARCHIE
1219 179 1273 209 GP;
1801 166 1859 199 858

1072 236 1141 273 ἀλλὰ
1160 236 1208 261 καὶ
1228 232 1321 268 φυτῶν
1338 231 1387 258 καὶ
1401 228 1519 266 βοτανῶν
1537 227 1584 254 καὶ
1603 225 1630 252 ει
1639 232 1666 251 τι
1681 223 1746 251 ἄλλο
1761 223 1791 248 ἐν
1811 224 1861 248 κό-

1074 268 1137 318 σμῳ
1151 281 1259 316 φύεται.
1275 279 1332 307 Kal.
1348 277 1406 308 πῶς
1429 275 1463 302 ἂν
1485 273 1611 301 τοσοῦτον
1623 271 1737 306 ἀπειρον
1754 268 1863 304 πλῆθος

1073 328 1129 355 τῶν
1145 326 1251 362 καιρῶν
1273 320 1511 353 ἀναπλάσουσιν³;
1526 318 1583 346 ἀλλ’
1601 318 1650 352 οὐχ
1673 316 1791 349 ἕξουσιν,
1806 312 1864 341 οὐδ’

1074 375 1100 401 εί
1120 361 1250 409 μυριάδες
1267 370 1378 406 ἡμερῶν
1401 368 1494 398 αὐτοῖς
1512 366 1558 392 τὸν
1575 362 1699 390 ἑνιαυτδν
1713 361 1866 396 ἐπλήρουν.

1075 407 1205 448 Μάλιστα
1223 418 1253 445 δὲ
1270 416 1361 444 αὐτῶν
1374 415 1405 442 τὸ
1420 413 1518 448 ψεῦδος
1539 409 1719 445 κατάφωρον⁹
1745 407 1866 441 γίνεται,

1076 467 1101 494 ει
1116 465 1150 493 τὰ
1166 464 1286 499 συνεχῶς
1301 462 1428 489 τίκτοντα
1445 456 1594 492 σκοπήσειέ
1608 464 1661 487 τις,
1674 455 1760 484 κύνας
1776 451 1793 487 ἢ
1810 451 1869 486 χοὶ-

1076 521 1139 549 ρους
1154 511 1171 547 ἢ
1185 497 1285 546 ὄρνεις,
1303 508 1353 536 καὶ
1380 507 1430 542 οὐχ
1457 505 1560 539 ἥκιστα
1583 501 1620 528 τὰ
1641 497 1866 533 πολυγονώτατα.

1073 544 1170 594 δίοῖροί
1183 544 1238 592 γάρ
1256 555 1304 583 καὶ
1332 553 1422 589 ἰχθύες
1446 551 1494 578 καὶ
1520 549 1601 579 κύνες
1619 545 1706 573 πολλὰ
1727 544 1869 573 τίκτοντες

1073 605 1118 632 τὸν
1127 587 1181 638 ’τῆς
1189 587 1303 637 ¹ἡμέρας
1316 587 1492 627 ἀναλίσκουσι
1506 594 1611 629 καιρὸν,
1622 593 1636 619 ὁ
1646 593 1668 618 δ’
1680 591 1768 627 ἰχθὺς,
1777 587 1868 624 οἶμαι,

1076 651 1123 678 καὶ
1140 635 1242 680 πολλάς
1254 635 1379 683 ίὴμέρας,
1395 645 1445 680 τῆς
1460 643 1516 670 τῶν
1531 641 1594 668 ὼῶν
1611 638 1730 674 πληθύος
1750 638 1779 663 ὲν
1791 635 1870 667 τάξει

1078 682 1278 732 μορφουμένηςί
1301 694 1340 724 εἰς
1371 690 1504 727 μυριάδας
1526 687 1627 722 ἰχθύων
1640 683 1712 712 κατὰ
1732 682 1816 718 μέρος
1831 689 1872 707 τι-

1076 727 1230 777 κτομένων,
1246 727 1275 767 έν
1290 736 1334 770 αἷς
1352 738 1492 773 ἀμήχανον
1511 735 1548 770 μὴ
1563 732 1692 767 γενέσθαι
1709 729 1800 764 πτηνὰ
1817 727 1834 762 ἦ
1848 727 1872 745 ι’

1076 773 1191 825 χερσαῖα
1207 788 1236 814 ὲν
1260 787 1313 822 ὅλῳ
1329 793 1367 820 τῳ
1390 784 1486 818 κόσμῳ
1510 781 1528 817 ἢ
1547 779 1636 816 νηκτὰ
1654 777 1683 806 ὲν
1699 776 1746 812 ὅλῃ
1771 773 1874 801 θαλάτ-

1075 836 1139 872 τῃίι
1156 836 1205 862 καὶ
1223 833 1355 869 ποταμοῖς
1374 831 1421 858 καὶ
1433 830 1552 865 λίμναις.

745 889 878 920 equenter
901 882 1036 918 parientia
1054 881 1218 914 considerat,
1228 885 1257 907 ut
1268 867 1361 909 canes.
1373 884 1480 912 porcos,
1491 874 1618 910 gallinas,
1643 875 1672 898 et
1699 867 1874 905 potissimum

1621 918 1675 944 iam
1700 915 1753 942 diri
1773 914 1846 945 inte;
1852 911 1875 938 ri

1622 965 1637 993 d
1668 970 1783 992 ovorum
1827 960 1876 988 illa

1623 1011 1778 1046 pariuntur.
1810 1007 1877 1040 Qui-

1669 1057 1712 1086 vel
1749 1055 1878 1083 natatilia

1076 1021 1270 1053 ansformetur,
1298 1019 1343 1055 qui
1375 1017 1472 1046 deinde
1499 1013 1596 1048 singuli

1125 1161 1185 1188 Ἔτι
1202 1160 1230 1186 δὲ
1246 1157 1441 1194 ἀκριϐέστερον
1454 1154 1487 1182 ἂν
1507 1161 1550 1184 τις
1567 1148 1692 1178 ἐντεῦθεν
1705 1147 1720 1174 8
1733 1146 1806 1181 λέγω
1822 1154 1876 1172 κα-

1082 1206 1202 1243 ταμάθοι
1215 1213 1223 1221 ·
1246 1190 1343 1230 Ἦνίκα
1357 1201 1386 1228 τὸ
1402 1200 1451 1236 ἔαρ
1464 1197 1597 1234 εὔκρατον
1611 1193 1720 1228 ἐπιστῇ,
1734 1192 1810 1218 πᾶσα
1825 1190 1878 1226 μὲν

1082 1237 1158 1280 ἀνθεῖ
1174 1249 1272 1286 βοτάνη
1298 1247 1347 1275 xal.
1370 1245 1509 1280 κυοφορεῖ,
1536 1243 1611 1268 πᾶσα
1633 1239 1660 1266 δὲ
1677 1237 1763 1271 ξύλων
1776 1237 1876 1272 φύσις,

1083 1284 1219 1325 πολλὰ-δὲ
1242 1293 1352 1330 πτηνῶν
1369 1291 1417 1318 καὶ
1443 1288 1579 1325 χερσαίων
1597 1286 1642 1313 καὶ
1666 1284 1782 1311 ἐναλίων
1807 1284 1879 1317 γένη

1085 1344 1239 1381 μιγνύμενα
1252 1341 1323 1368 κύει.
1338 1339 1392 1366 Καὶ
1409 1338 1493 1373 μυρία
1510 1336 1559 1371 μὲν
1571 1334 1637 1369 γένη
1650 1332 1720 1360 κατὰ
1733 1331 1779 1358 τὸν
1793 1330 1880 1357 αὐτὸν

1084 1377 1180 1426 καιρὸν
1195 1387 1356 1423 τελεσφορεῖ
1374 1385 1408 1412 τὰ
1426 1384 1572 1419 σπέρματα
1583 1401 1590 1414 ,
1611 1379 1697 1415 μυρία
1711 1378 1740 1405 δὲ
1755 1378 1812 1405 τῶν
1828 1377 1880 1410 ξύ-

1084 1423 1208 1468 λων-τοὺς
1221 1434 1353 1470 καρποὺς,
1365 1431 1414 1458 οὑκ
1424 1431 1453 1457 ὲν
1469 1429 1518 1464 μιᾷ
1529 1429 1612 1464 ῥοπῇ,
1623 1425 1681 1453 ἀλλ’
1693 1426 1722 1452 ἐν
1733 1423 1881 1454 πλείσταις

1084 1483 1213 1518 ἡμέραις,
1232 1468 1288 1506 τῶν
1306 1478 1355 1514 μὲν
1368 1475 1522 1504 ἀνθούντων
1538 1472 1579 1499 ἔτι
1595 1472 1624 1498 ὲν
1637 1470 1676 1506 τῷ
1693 1469 1768 1504 αύτῷ
1786 1468 1880 1503 φυτῷ,

1085 1515 1187 1564 ἐτέρων
1215 1526 1244 1553 δὲ
1275 1524 1434 1559 αὐξομένων
1461 1521 1508 1548 καὶ
1535 1519 1624 1546 ἄλλων
1653 1515 1879 1550 πεπαινομένων.

1086 1561 1148 1611 [δὴ
1163 1572 1210 1609 Β.]
1231 1572 1264 1598 Ἠ
1289 1571 1358 1605 αὑτὴ
1383 1569 1406 1596 δ’
1422 1565 1553 1600 ἀναλογία
1581 1564 1629 1592 τοῦ
1656 1563 1737 1589 τόκου
1757 1562 1807 1588 καὶ
1828 1561 1882 1594 τῆς

1085 1622 1211 1656 κυήσεως
1223 1618 1270 1645 καὶ
1284 1617 1332 1643 ἐπὶ
1346 1617 1401 1643 τῶν
1418 1614 1496 1647 ζώων
1513 1613 1634 1643 πάντων,
1657 1606 1696 1637 ὧν
1713 1609 1762 1644 οὐχ
1776 1605 1834 1634 οἶόν
1850 1617 1882 1634 τε

1149 1666 1234 1700 αὐτὴν
1250 1664 1300 1699 τῆς
1315 1662 1450 1697 γενέσεως
1463 1661 1535 1695 ἔχειν
1552 1658 1651 1694 ῥοπήν.
1666 1656 1728 1683 Ἔτι
1739 1655 1768 1681 δὲ
1779 1655 1816 1680 τὰ
1830 1655 1884 1688 μὲν

1087 1699 1217 1739 ἐνιαυτὸν
1228 1710 1369 1745 κυοφορεῖ,
1386 1707 1421 1734 τὰ
1436 1707 1464 1734 δὲ
1482 1706 1570 1741 μῆνας
1589 1703 1615 1736 ι’,
1630 1704 1664 1730 τὰ
1677 1703 1705 1729 δὲ
1719 1700 1829 1737 ἡμέρας
1843 1699 1883 1734 μ’,

1088 1759 1135 1785 καὶ
1153 1757 1237 1792 μυρία
1259 1755 1327 1790 ἄλλη
1339 1753 1466 1788 διαφορά.
1491 1752 1571 1782 Ποῖος
1584 1747 1631 1776 οὖν
1642 1748 1731 1783 ἀστὴρ
1747 1747 1787 1778 εἰς
1803 1747 1885 1772 ποῖον

1089 1791 1292 1834 ζὼδιονίείσιὼν
1314 1797 1525 1835 μεμετρημένον
1541 1795 1602 1832 [551
1617 1793 1663 1829 Η.]
1680 1793 1788 1826 ἑκάστῳ
1806 1791 1886 1825 γένει

1091 1849 1136 1875 τὸν
1156 1848 1205 1883 τῆς
1226 1846 1376 1881 κυοφορίας
1396 1843 1521 1879 ἀφορίζει
1544 1841 1657 1877 χρόνον;
1679 1839 1722 1866 διὰ
1739 1838 1765 1864 τί
1780 1838 1810 1864 δὲ
1826 1837 1887 1863 τῶν

1093 1894 1164 1922 κατὰ
1175 1893 1205 1920 τὸ
1214 1893 1294 1927 γένος
1303 1891 1381 1924 ζώων
1389 1891 1403 1916 ὁ
1411 1890 1461 1925 τῆς
1469 1889 1542 1924 ζωῆς
1550 1887 1645 1924 νρὸνος
1655 1886 1705 1912 οὐκ
1716 1884 1773 1916 ῐσος
1783 1883 1822 1910 ὢν
1831 1884 1887 1919 τὴν

1092 1941 1191 1976 κύησιν
1201 1940 1262 1974 ἴσην
1273 1938 1345 1974 ἔχει;
1357 1937 1389 1964 El
1402 1936 1452 1972 μὲν
1463 1935 1510 1962 οὖν
1521 1934 1567 1960 καὶ
1576 1932 1662 1960 ταῦτα
1670 1931 1723 1958 ἀπὸ
1733 1930 1886 1965 γενέσεως,

1092 1987 1255 2022 λεγέτωσαν,
1279 1985 1323 2011 ἵνα
1348 1983 1430 2010 πλέον
1459 1981 1598 2017 ὀφλήσωσι
1615 1980 1660 2006 τὸν
1673 1979 1694 1994 ¹¹
1714 1977 1839 2012 γέλωτα·
1861 1978 1887 2002 εὶ

1091 2033 1120 2060 δὲ
1135 2034 1198 2068 σιγῇ
1214 2032 1263 2067 τὴν
1285 2030 1417 2066 αἰσχύνην
1439 2027 1631 2057 ἀποκλίνουσι,
1649 2024 1707 2056 πῶς
1719 2023 1797 2050 οὐδὲν
1816 2023 1887 2049 ἄνευ

1091 2079 1224 2114 γενέσεως
1236 2075 1307 2104 εἶναι
1322 2077 1449 2110 λέγουσι;
1463 2074 1518 2101 Καὶ
1534 2072 1611 2099 οὔπω
1633 2071 1705 2105 λέγω
1723 2070 1771 2101 τὰς
1786 2069 1888 2103 διαφο-

1095 2125 1145 2161 ρὰς
1158 2123 1212 2151 τῶν
1229 2123 1406 2158 τικτομένων.
1421 2121 1461 2147 Τὰ
1476 2120 1525 2155 μὲν
1539 2119 1592 2154 γὰρ
1607 2118 1687 2153 ὅμοια
1697 2116 1752 2143 τῶν
1764 2115 1888 2150 γεννών-

1091 2179 1146 2197 των
1163 2169 1247 2201 tam,
1262 2169 1300 2200 ὡς
1323 2167 1462 2203 ἅνθρωποι
1476 2165 1524 2193 καὶ
1543 2164 1621 2191 ἵπποι
1639 2162 1687 2190 καὶ
1708 2161 1831 2193 λέοντες,
1850 2162 1888 2188 τὰ

1091 2217 1120 2243 δὲ
1138 2216 1187 2251 οὺχ
1211 2214 1308 2248 οὕτως,
1331 2213 1369 2246 ὡς
1392 2213 1488 2248 ἄρκτοι
1510 2210 1558 2238 καὶ
1577 2209 1682 2245 σφῆκες
1695 2208 1743 2235 καὶ
1758 2208 1888 2242 μέλιτται

1092 2261 1139 2288 καὶ
1152 2261 1201 2287 ὅσα
1213 2260 1257 2287 διὰ
1285 2259 1340 2286 τῶν
1355 2258 1416 2285 ὠῶν
1432 2257 1549 2293 πρόεισι.
1563 2256 1618 2283 Kal.
1630 2254 1690 2281 τινὰ
1703 2254 1752 2289 μὲν
1763 2254 1811 2279 καὶ
1823 2253 1890 2288 δίχα

1094 2309 1194 2345 μίξεως
1212 2307 1351 2338 τίκτεται,
1379 2304 1441 2331 τινὰ
1457 2303 1486 2330 δὲ
1510 2303 1595 2338 χωρὶς
1618 2301 1719 2336 ταύτης
1745 2300 1888 2335 οὐδαμῶς.

1094 2357 1148 2383 Kal.
1163 2355 1204 2386 τίς
1220 2353 1253 2380 ἂν
1270 2351 1474 2388 ἀπαριθμήσειε
1493 2349 1542 2381 τὰς
1560 2348 1590 2375 ὲν
1607 2348 1713 2379 τούτοις
1730 2347 1892 2382 ἀναριθμή-

1093 2410 1157 2434 τους
1169 2400 1311 2435 διαφορὰς,
1324 2398 1355 2425 οὐ
1370 2396 1424 2424 τῶν
1441 2395 1518 2428 ζώων
1533 2395 1625 2430 μόνον,
1640 2393 1708 2421 ἀλλὰ
1727 2394 1777 2420 καὶ
1792 2394 1891 2427 φυτῶν

1093 2447 1141 2475 καὶ
1167 2445 1286 2482 βοτανῶν
1305 2444 1353 2470 καὶ
1373 2442 1427 2469 τῶν
1454 2440 1670 2477 παραπλησίων;
1690 2435 1727 2466 ὧν
1754 2439 1892 2465 ἁπάντων

1094 2493 1144 2524 τὰς
1158 2491 1247 2522 αἰτίας
1263 2489 1339 2524 παρὰ
1353 2487 1406 2514 τῶν
1428 2487 1478 2523 τῆς
1492 2485 1666 2521 εἱμαρμένης
1689 2485 1820 2519 πατέρων
1841 2483 1891 2519 ζη-

1096 2539 1151 2564 τεῖν
1163 2537 1277 2566 δίκαιον,
1295 2535 1374 2569 εἴπερ
1387 2533 1477 2560 πάντα
1489 2532 1539 2567 τῆς
1554 2531 1689 2566 γενέσεως
1710 2530 1770 2557 κατ’
1787 2530 1893 2563 αὐτοὺς

1096 2582 1224 2618 ἢρτηται,
1237 2580 1285 2607 καὶ
1298 2579 1328 2606 τὺ
1346 2576 1417 2605 εἶναι
1428 2577 1475 2605 καὶ
1490 2577 1504 2604 ό
1517 2576 1564 2604 τοῦ
1576 2574 1647 2603 εῖναι
1659 2575 1770 2610 τρόπος,
1786 2583 1892 2609 κυοφο-

1097 2627 1202 2664 ρεῖσθαί
1215 2635 1246 2653 τε
1270 2626 1317 2652 καὶ
1341 2624 1457 2659 πάσχειν
1483 2622 1530 2650 καὶ
1544 2622 1611 2658 δρᾷν
1625 2622 1673 2648 καὶ
1687 2619 1892 2655 ἀποθνήσκειν.

1098 2675 1134 2701 Ἢ
1153 2672 1224 2700 κατὰ
1238 2671 1292 2699 τῶν
1314 2669 1415 2697 ἀθλίων
1430 2667 1582 2703 ἀνθρώπων
1598 2667 1691 2698 αὐτοῖς
1709 2662 1791 2700 μόνον
1807 2665 1893 2700 ἠκρι-

1097 2718 1233 2754 ϐολογήθη
1247 2717 1282 2743 τὰ
1294 2716 1343 2751 τῆς
1357 2715 1504 2750 γενέσεως,
1519 2713 1562 2740 ἵνα
1572 2712 1603 2740 τὸ
1617 2713 1727 2739 πάντων
1741 2710 1892 2738 κάλλιστον

1104 2764 1157 2791 τῶν
1167 2764 1188 2779 ¹³
1203 2764 1231 2789 ἐν
1245 2763 1310 2797 ἡμῖν
1329 2761 1359 2787 τὸ
1372 2759 1534 2794 αὐθαίρετον
1548 2757 1679 2794 ἀγνοηθῇ,
1704 2756 1751 2784 καὶ
1766 2756 1836 2788 Θεὸς
1855 2761 1893 2795 μὴ

896 2821 1015 2850 ἻΑΚΙᾸΞ
1038 2816 1246 2848 LECTIONES.

297 2886 308 2902 ³
323 2882 540 2912 ἁναπλάσσουσιν
552 2889 582 2913 ς.
634 2878 654 2913 ⁸-
665 2875 817 2913 καταφορον
834 2880 863 2912 ς.
982 2875 1037 2895 om.
1051 2869 1082 2895 Δ.

263 2922 285 2938 ¹³
299 2921 407 2948 πάντων
432 2904 574 2945 κάλλιστοῖ
588 2911 656 2948 τῶν]
672 2912 732 2938 libri
743 2904 803 2935 ἰτ-ἃν
815 2908 868 2934 τῶν
881 2904 1041 2932 καλλίστων.

1135 2867 1154 2882 ¹¹
1173 2862 1295 2897 θαλάσσῃ
1313 2870 1343 2893 ς.
1397 2861 1419 2877 "
1432 2861 1484 2895 Ιτδν
1506 2867 1533 2889 et
1555 2859 1618 2888 iufr.
1634 2859 1682 2886 καὶ
1700 2862 1763 2894 post
1779 2857 1841 2893 μέλ.
1856 2857 1891 2883 Α.
