1920 3090
63 114 115 146 849

586 114 848 145 BlBLlO’PHECA.
866 126 902 132 -
916 114 997 146 COD.
1018 115 1175 148 CCXXIII.

1632 119 1684 151 856

62 167 247 203 εὐχαριστηθῇ
257 166 298 199 οῖς
310 167 340 194 τὸ
349 167 429 202 γένος
439 167 625 203 εὐηργέτησεν
634 176 642 200 ;
659 167 716 199 πῶς
730 168 758 194 δὲ
768 167 848 194 πάλιν

905 172 926 196 et
951 169 1031 196 mori.
1060 170 1100 196 An
1110 170 1179 197 forte
1200 169 1330 197 adversus
1341 169 1462 204 miseros?
1472 171 1598 199 mortales
1622 174 1689 200 duu—

63 215 78 249 ἡ
91 214 199 248 γένεσις
209 213 342 249 ἀκαίρους
361 214 411 249 μὲν
426 213 584 248 προσθήκας
597 213 698 245 δίδωσι,
719 213 851 249 τετρακέ-

63 259 135 294 φαλα
151 258 215 286 κατ’
237 259 337 290 αὐτοὺς
359 258 527 286 ἀποτελοῦσα
553 258 602 285 καὶ
626 260 719 294 χεῖρας
743 258 852 291 πλείους

63 305 109 332 καὶ
132 305 219 337 πόδας
242 305 297 332 τῶν
314 305 385 332 κατὰ
401 304 492 340 φύσιν,
507 305 563 336 “rei;
576 304 604 331 δὲ
619 305 743 340 ἑρπετοῖς
763 305 793 331 οὐ
810 305 851 331 δί-

62 351 126 378 δωσι
150 350 247 384 πόδας,
273 350 299 377 οἳ
319 350 482 385 παρέξουσιν
499 350 591 382 αὐτοῖς
608 349 638 376 τδ
651 350 679 376 ὲν
694 351 726 385 τῇ
749 349 851 384 βαδίσει

62 397 212 431 χρήσιμον,
234 395 285 422 οὐκ
307 395 462 430 ὀφθαλμοὺς
475 396 532 426 τοῖς
548 394 710 429 ὰσφάλαξιν,
725 393 780 420 οὐδ’
803 393 851 420 ἆλ-

62 442 117 473 λοις
131 438 171 468 ὧν
184 438 374 474 δέονται;εῐτα
383 440 433 476 ζῇν
449 440 498 476 μὲν
507 437 547 472 οἷς
559 440 609 472 τὰς
622 439 753 475 ἀκαίρους
768 448 852 475 προσ-

63 487 149 522 θήκας
162 487 263 514 ἔδωκεν
286 487 336 513 οὐκ
358 487 391 522 ἐᾷ
408 486 514 521 (πάντα
530 486 585 520 γὰρ
607 485 745 521 βραχύὸια
760 484 794 511 τὰ
807 493 851 511 τε-

64 533 256 569 ρατόμορφα),
278 533 326 560 καὶ
351 535 383 569 τῇ
406 532 549 568 προσθήκη
574 532 623 568 τὴν
638 532 702 566 ὅλην
726 530 852 566 ἀφανίζει

63 579 144 614 φύσιν
155 587 162 594 ·
178 575 216 606 ὧν
228 579 256 605 δὲ
275 579 311 606 τὰ
329 578 400 605 κατὰ
412 578 493 613 φύσιν
508 578 613 612 ἀφεῖλε,
628 578 723 612 χεῖρας
736 576 752 612 ἢ
769 576 852 608 πόδας

63 628 78 661 ἦ
93 627 264 662 ὀφθαλμοὺς,
279 626 367 654 ταῦτα
379 625 429 662 ζῇν
441 627 484 661 ἑᾷ,
494 625 544 662 τὴν
556 626 715 661 σωματικὴν
728 626 852 660 πήρωσιν

63 672 283 708 ἀπαραμύθητον
298 673 403 709 ἔχοντα.
418 673 450 699 ΕΞ
466 672 518 708 μὲν
533 670 579 699 οὖν
594 681 637 704 τις
659 672 699 703 εἰς
721 670 853 707 εἱμαρμέ-

63 726 110 751 νην
127 718 263 753 ἀναφέρει
278 718 373 751 ταῦτα,
389 717 470 749 αὐτὸς
484 718 506 734 ιδ
522 718 572 744 σὺν
591 718 659 753 αὐτῇ
675 718 725 752 τῆς
737 717 852 749 ἀτοπίας

62 765 74 789 ό
88 765 196 795 αἴτιος·
223 765 248 790 ει
275 764 305 790 δὲ
320 764 369 799 τῆς
393 763 502 798 φύσεως
528 761 581 790 οἶδε
602 763 632 789 τὸ
646 762 850 799 διαμαρτάνειν,

63 809 168 844 ἐξαιρεῖ
181 809 212 835 τδ
237 809 315 836 Θεῖον
330 809 380 844 τῆς
397 809 572 845 κατηγορίας.
594 809 700 843 Ὠσπερ
712 809 766 844 γὰρ
782 809 849 844 αὐτῇ

62 855 172 890 τρέχειν
187 854 306 886 οἰκείους
319 855 417 890 νόμους
441 855 576 890 διώρισεν.
598 854 669 881 οὓτω
686 855 734 881 καὶ
752 855 851 890 θνητὴν
865 848 889 878 Β

63 900 240 935 συνεχώρησε
262 900 335 927 κατά
346 909 407 927 τινα
422 901 596 935 συμφέροντα
619 900 708 934 λόγον.
734 900 809 935 Αὕτη
825 901 854 927 δὲ

63 945 190 977 σώζουσα
203 945 254 980 μὲν
268 946 302 972 τὰ
318 947 406 972 οἰκεῖα
425 946 512 981 μέτρα
531 946 607 973 οὐδὲν
623 945 787 982 ὑϐρισμένον
803 945 853 980 φέ-

63 998 119 1025 ρει,
136 991 299 1023 ἐξοκεὶλσσα
311 991 332 1007 ⁸⁵
347 991 374 1018 δὲ
389 992 456 1027 πρὸς
479 991 614 1027 ἀμετρίας
628 991 644 1026 ἢ
661 991 765 1023 ἐνδείας
778 991 794 1026 ἢ
807 991 854 1026 φό-

62 1036 126 1068 δους
145 1036 163 1072 ῆ
191 1037 265 1072 πάθη
293 1037 340 1064 καὶ
367 1038 430 1070 τοὺς
452 1038 578 1069 δοθέντας
605 1038 854 1073 παραχαράττουσα

62 1082 162 1117 νόμους
178 1083 234 1109 οὐδ’
248 1084 277 1110 ὲν
289 1085 347 1115 τοῖς
369 1084 542 1119 τικτομένοις
558 1083 588 1110 τὸ
601 1083 745 1118 ἀκίὸδηλον
758 1083 850 1115 σώζει.

63 1128 112 1154 Διά
128 1129 155 1154 τί
172 1129 201 1154 δέ
223 1138 285 1156 τινα
306 1129 362 1156 τῶν
376 1129 454 1162 ζώων
466 1130 496 1156 οὐ
519 1130 614 1165 τρέφει
629 1130 663 1156 τὰ
676 1130 851 1165 γεννήματα,

63 1173 161 1210 ὥσπερ
174 1175 286 1210 πτηνῶν
301 1176 381 1211 μὲν¹⁶
393 1176 480 1210 γῦπες
501 1175 548 1202 καὶ
563 1177 690 1211 κόρακες,
718 1175 809 1210 ἰχθύες
823 1175 852 1202 δὲ

65 1222 167 1257 μικροῦ
186 1221 346 1257 σύμπαντες
357 1230 364 1237 ·
387 1222 421 1249 τὰ
434 1221 462 1249 δὲ
477 1222 524 1248 καὶ
540 1222 706 1257 γηροτροφεῖ
726 1222 790 1253 τοὺς
807 1230 852 1249 τε-

63 1268 180 1301 κόντας
195 1269 244 1295 καὶ
259 1268 293 1295 τὰ
304 1269 354 1303 μὲν
369 1269 416 1295 καὶ
428 1267 504 1295 νόθον
516 1266 698 1295 ὑποϐάλλεται
714 1268 795 1303 γονὴν
805 1267 853 1294 καὶ

62 1313 170 1348 τρέφει,
185 1315 221 1340 τὰ
235 1313 350 1340 πλεῖστα
366 1313 393 1340 δὲ
406 1312 453 1346 ob;
471 1313 518 1339 καὶ
533 1313 575 1343 τις
591 1312 624 1339 ἂν
636 1312 686 1344 τὰς
702 1311 854 1348 ἀναριθμῆ-

62 1367 124 1390 seu;
140 1359 197 1386 τῶν
213 1359 298 1386 ὄντων
313 1360 443 1395 διαφορὰς
458 1359 647 1392 καταλέξειεν;
672 1357 753 1386 ΙΑλλὰ
767 1358 854 1386 ταῦτα

64 1403 113 1437 μὲν
128 1404 177 1430 καὶ
192 1404 222 1430 ἐν
234 1403 274 1438 τῷ
290 1403 311 1429 δ’
330 1403 411 1438 λόγῳ.

903 217 979 241 taxat
994 218 1048 241 tam
1068 219 1212 242 accuratus
1230 214 1264 242 de
1283 214 1374 250 genesi
1401 222 1490 243 sermo
1508 217 1542 245 ab
1561 217 1626 251 ipsis
1647 218 1690 245 in-

904 259 1015 287 stitutus
1027 264 1085 287 est:
1099 264 1138 293 ut,
1149 260 1221 295 quod
1235 261 1262 288 in
1278 261 1356 288 nobis
1368 262 1487 289 omnium
1502 267 1542 290 est
1556 263 1691 290 honestis-

906 306 1017 339 simum,
1035 306 1147 334 libertas
1166 307 1282 339 arbitrii.
1303 307 1444 343 ignoretur
1466 316 1475 335 ι
1502 309 1611 343 Deoque
1641 317 1690 344 pro

905 351 1010 379 collatis
1029 351 1056 378 in
1079 358 1165 385 genus
1178 352 1325 378 humanum
1341 352 1490 385 beneﬁciis,
1518 354 1612 388 gratiae
1637 362 1689 382 non

905 397 1040 432 agantur?
1071 397 1106 424 At
1129 398 1263 432 quomodo
1290 405 1397 425 rursum
1428 399 1532 433 genesis
1557 399 1690 434 intempe-

904 444 976 471 stiva
1005 443 1048 470 illa
1066 443 1248 470 additamenta
1277 443 1379 478 adjicit,
1407 444 1469 471 dum
1496 446 1691 480 quadricipiles

905 488 977 516 fetus
993 489 1139 516 secundum
1158 489 1218 521 hos,
1231 493 1277 516 aut
1290 488 1381 523 plures
1391 497 1472 524 quam
1487 495 1581 520 natura
1594 491 1690 526 exigit,

904 534 962 562 sive
978 541 1074 561 manus
1093 534 1151 561 sive
1170 534 1250 568 pedes
1272 534 1394 568 perﬁciat
1416 543 1423 562 :
1443 542 1504 562 cum
1536 543 1623 570 neque
1647 543 1691 563 ra-

904 579 1015 614 ptilibus
1031 580 1111 614 pedes
1125 580 1235 613 tribuat,
1250 581 1297 615 qui
1309 581 1361 608 illis
1374 581 1406 608 ad
1421 581 1612 609 ambulandum
1637 582 1692 609 sint

905 625 976 658 usui,
1003 632 1089 660 neque
1115 625 1214 661 215a
1237 626 1328 654 oculos
1355 626 1445 661 talpis,
1478 634 1566 662 neque
1585 627 1646 654 aliis
1658 633 1692 654 ea

905 671 1003 705 quibtts
1019 671 1149 705 indigent.
1166 671 1241 698 Adde
1257 672 1327 706 quod
1342 679 1375 699 ea
1397 672 1505 707 quidem
1529 672 1629 707 quibus
1650 672 1693 699 in-

905 718 1064 750 tempestiva
1083 717 1126 743 illa
1143 717 1326 745 additamenta
1346 717 1429 751 dedit,
1448 724 1500 744 non
1522 717 1586 744 sinit
1601 717 1695 746 vivere

905 760 1084 796 (quaecunque
1104 762 1175 788 enitn
1192 762 1352 796 prodigiosae
1377 762 1470 790 formae
1502 766 1575 795 sunt,
1601 762 1692 790 brevis

906 815 1012 843 quoque
1024 808 1072 835 aevi
1089 815 1149 835 esse
1166 808 1276 842 solent),
1287 813 1315 836 et
1329 808 1468 836 additione
1493 815 1542 836 Sua
1557 813 1639 836 totam
1654 809 1692 836 si.

903 854 959 882 mul
978 855 1073 882 horum
1094 859 1217 882 naturam
1241 855 1345 883 abolet:
1363 855 1462 890 quibus
1487 862 1551 882 vero
1564 863 1578 883 a
1594 862 1690 882 natura

902 900 992 927 debita
1014 900 1071 927 sive
1087 901 1179 935 pedes,
1197 900 1254 928 sive
1276 908 1384 933 manus,
1408 901 1465 928 sive
1486 901 1581 928 oculos
1598 901 1690 928 abstu-

901 946 942 978 lit,
957 953 988 973 ea
1005 946 1041 973 ita
1057 946 1149 973 vivere
1168 947 1309 981 permittit,
1325 952 1354 974 ut
1376 947 1493 974 mutilati
1510 947 1631 982 corporis
1646 954 1690 974 so-

901 990 995 1018 latium
1017 991 1119 1018 nullum
1138 991 1267 1018 habeant.
1288 990 1316 1018 Si
1330 992 1391 1026 quis
1411 992 1470 1019 haec
1497 992 1580 1027 igitur
1601 992 1634 1019 ad
1651 992 1692 1019 fa-

887 1069 893 1075 _
904 1040 961 1062 tum
978 1035 1085 1067 referat,
1108 1036 1131 1063 is
1143 1035 1319 1064 absurditatis
1333 1041 1427 1064 auctor
1438 1044 1491 1064 non
1507 1036 1597 1064 minus
1609 1044 1689 1070 quam

905 1081 970 1108 illud
996 1080 1119 1108 edicitur.
1141 1080 1188 1108 Sin
1205 1086 1308 1110 naturae
1322 1089 1382 1110 esse
1399 1087 1538 1117 peccatutn
1557 1083 1689 1117 agnoscit.

905 1134 1011 1155 omnem
1025 1128 1166 1155 accusandi
1179 1127 1300 1155 Numinis
1309 1129 1478 1156 occasionem
1495 1129 1575 1156 tollit.
1589 1128 1691 1162 Quem-

906 1172 1049 1200 admodum
1065 1173 1136 1200 enim
1151 1173 1236 1207 ipsam
1261 1173 1318 1200 suis
1340 1173 1499 1208 quibusdam
1518 1181 1629 1201 currere
1651 1173 1692 1200 le-

905 1219 983 1254 gibus
997 1218 1100 1249 statuit,
1115 1218 1153 1245 sic
1167 1223 1195 1245 et
1209 1219 1342 1251 eamdem,
1360 1219 1464 1247 ratione
1483 1220 1598 1254 quadam
1619 1219 1691 1252 utili,

899 1264 978 1299 juxta
998 1264 1153 1292 mortalium
1174 1264 1357 1292 conditionem
1380 1264 1445 1292 ferri
1467 1266 1614 1293 concessit.
1632 1264 1695 1299 lpsa

901 1311 993 1346 igitur,
1007 1318 1085 1338 suum
1106 1309 1214 1337 modum
1239 1317 1363 1343 servans,
1384 1310 1452 1337 nihil
1483 1310 1555 1345 quod
1579 1310 1631 1337 ulla
1658 1310 1694 1338 sit

902 1356 1028 1384 aliectum
1043 1355 1139 1389 injuria
1154 1355 1274 1389 profert:
1288 1359 1316 1382 at
1327 1355 1350 1382 si
1364 1356 1390 1382 in
1405 1355 1572 1384 nimietatem
1587 1355 1630 1383 vel
1646 1356 1694 1382 de-

905 1402 1016 1434 fectum,
1045 1401 1072 1429 in
1100 1409 1239 1437 pavorem,
1263 1401 1307 1429 vel
1339 1402 1512 1429 vehementes
1538 1401 1695 1429 affectiones

63 1449 185 1484 delapsa,
212 1450 343 1477 adversus
371 1449 440 1476 latas
460 1449 511 1477 sibi
535 1448 608 1484 leges
630 1448 769 1484 quidpiam
795 1448 921 1477 admittat
937 1468 946 1481 ,
962 1455 1026 1476 mox
1044 1455 1131 1482 neque
1163 1447 1190 1475 iu
1208 1447 1242 1474 iis
1271 1454 1331 1482 quas
1361 1447 1509 1482 gignuntur
1552 1447 1693 1475 sincerita-

63 1501 116 1522 tem
132 1500 237 1523 servat.
265 1495 319 1522 Cur
346 1495 455 1529 insuper
472 1495 594 1530 quaedam
618 1495 766 1522 animantia
782 1501 847 1523 suos
866 1494 934 1522 fetus
957 1501 1012 1521 non
1041 1494 1172 1528 nutriunt,
1199 1493 1425 1528 quemadmodum
1456 1493 1488 1520 in
1535 1494 1693 1523 volatilibus

62 1542 197 1573 vultures,
227 1541 313 1573 corvi,
343 1541 485 1576 piscesque
508 1541 566 1569 fere
584 1549 698 1574 omnes;
725 1541 849 1576 quasdam
868 1548 934 1568 vero
949 1541 1031 1568 etiam
1044 1545 1169 1575 parentes
1185 1539 1213 1567 in
1227 1539 1304 1567 senio
1323 1539 1416 1573 alunt;
1431 1540 1495 1567 item
1525 1540 1577 1568 alia
1609 1540 1692 1568 etiam

62 1590 235 1624 illegitimutn
249 1589 299 1616 sibi
318 1590 486 1624 suppositum
508 1589 593 1618 fetum
627 1589 761 1622 nutriunt,
782 1588 910 1624 pleraque
943 1595 1008 1615 vero
1031 1587 1162 1615 minime?
1203 1587 1239 1615 At
1260 1586 1321 1623 quis
1358 1586 1570 1615 innumerabiles
1605 1594 1696 1616 rerum

61 1635 185 1662 omnium
208 1634 376 1663 dill‘erentias
396 1636 557 1664 recenseat?
576 1636 659 1671 Igitur
673 1636 731 1664 hac
744 1636 853 1672 quidem
872 1635 941 1663 libro
957 1638 1054 1669 quarto
1069 1634 1255 1662 continentur.

102 1679 149 1706 Ἑν
163 1678 194 1705 δὲ
206 1679 246 1714 τῷ
261 1682 283 1706 ε’
297 1679 368 1714 λόγῳ
379 1679 447 1707 ἄλλα
461 1688 491 1707 τε
501 1679 625 1714 διέξεισι,
639 1680 686 1707 καὶ
701 1681 755 1716 πρὸ
768 1680 854 1709 αὐτῶν

944 1679 1026 1707 Libro
1058 1679 1153 1714 quinto
1177 1687 1239 1708 cum
1256 1679 1310 1708 alia
1336 1679 1519 1715 persequitur,
1545 1683 1602 1706 tum
1628 1684 1692 1707 ante

61 1726 164 1760 ὁμοίως
180 1726 254 1754 κατά
266 1726 317 1762 τῆς
329 1727 500 1763 εἱμαρμένης
512 1727 602 1755 τοῦτο.
619 1728 650 1755 Εἰ
666 1728 721 1760 τοῖς
736 1728 857 1761 γονεῦσι.

63 1770 127 1808 [680
143 1770 192 1807 3.]
217 1772 303 1807 φασὶ,
317 1772 347 1799 τὸ
369 1773 472 1800 τίκτειν
491 1773 546 1800 ἀπὸ
567 1773 701 1808 γενέσεως
727 1773 856 1809 ὑπάρχει,

62 1816 142 1851 δῆλον
155 1815 196 1848 ὡς
211 1816 269 1843 ἀπὸ
280 1817 330 1852 τῆς
346 1816 401 1844 τῶν
415 1817 542 1852 πατέρων
557 1818 693 1852 γενέσεως
708 1818 755 1845 καὶ
771 1819 788 1854 ἠ
801 1818 858 1845 τῶν

63 1861 131 1888 υἱῶν
143 1861 254 1896 γένεσις
269 1861 318 1891 καὶ
330 1863 348 1898 ἡ
363 1862 466 1898 ταύτης
478 1862 538 1899 ὥρα
554 1863 697 1899 διωρίσθη.
716 1863 749 1890 Εἰ
763 1863 793 1891 δὲ
807 1863 855 1900 μὴ,

62 1908 91 1934 οὐ
105 1908 163 1935 τῶν
177 1909 368 1944 γεννησάντων
383 1910 399 1944 ἡ
417 1909 524 1943 γένεσις
545 1909 674 1936 ἀποτελεῖ
690 1910 753 1942 τοὺς
767 1918 858 1937 τικτο-

64 1954 174 1988 μένους,
192 1954 242 1981 καὶ
267 1954 358 1990 μάτην
380 1955 394 1982 ὁ
410 1955 494 1987 πολὺς
510 1955 561 1990 τῆς
576 1956 748 1992 εἱμαρμένης
765 1955 856 1990 λόγος.

64 1999 95 2026 Ei
110 2000 168 2036 γὰρ
191 2001 223 2027 τὸ
246 2000 387 2036 σπαρῆναι
401 2002 449 2027 καὶ
467 2001 672 2038 κυοφορηθῆναι
694 2002 742 2028 καὶ
756 2002 857 2028 τέλειον

63 2046 208 2081 προελθεῖν
227 2046 244 2081 ἣ
271 2046 365 2078 ἀτελὲς
385 2046 459 2083 [552
483 2046 530 2083 Η.]
548 2048 598 2082 τῆς
619 2047 753 2082 γενέσεως
777 2047 858 2083 ἔργον
881 2063 884 2067 -

62 2093 122 2119 ἐστὶ
146 2092 203 2119 τῶν
228 2092 388 2126 τικτόντων,
412 2093 491 2127 δῆλον
506 2093 547 2120 ὃτι
565 2095 613 2120 καὶ
626 2095 643 2129 ή
659 2094 762 2121 τούτων
776 2094 837 2130 ὥρα
847 2102 856 2110 '

63 2137 128 2164 εἰδὲ
157 2137 197 2173 μὴ
221 2137 303 2172 αὕτη,
328 2138 388 2164 οὐδὲ
414 2140 517 2166 ἐκεῖνα.
544 2139 576 2166 Ei
593 2139 616 2167 δ’
632 2139 661 2166 αἱ
680 2139 802 2174 γενέσεις
826 2140 856 2173 ἐξ

63 2184 167 2219 ἑτέρων
189 2185 244 2210 εἰσὶ
261 2185 406 2218 γενέσεων,
430 2186 476 2212 καὶ
491 2186 505 2211 ὁ
529 2185 577 2212 τοῦ
596 2186 743 2220 γεννᾶσθαι
761 2186 856 2222 καιρὸς

61 2229 116 2255 ἀπὸ
140 2228 194 2263 τῆς
207 2228 262 2256 τῶν
278 2230 483 2265 γεγεννηκότων
505 2231 687 2266 εἱμαρμένης,
708 2231 798 2267 ῥᾴδιον
822 2230 856 2258 ἂν

62 2275 104 2308 εἰη
116 2275 177 2306 τοῖς
192 2273 295 2309 ταύτης
308 2275 438 2310 ἐρασταῖς
461 2276 527 2310 μίαν
543 2277 592 2311 μὲν
607 2275 752 2312 ἀνθρώπου
764 2276 856 2303 λαϐεῖν

61 2321 182 2355 γένεσιν,
198 2320 228 2353 ἐξ
243 2321 329 2356 αὐτῆς
343 2321 372 2347 δὲ
384 2322 434 2358 τήν
448 2330 479 2348 τε
493 2322 548 2349 τῶν
563 2323 690 2358 πατέρων
704 2324 794 2350 εἰπεῖν
807 2323 855 2350 καὶ

62 2366 115 2393 τῶν
140 2367 266 2393 πάππων
285 2367 333 2393 καὶ
351 2367 406 2394 τῶν
427 2367 468 2394 ἔτι
486 2368 711 2403 προπατόρων¹⁷,
730 2368 778 2394 καὶ
794 2367 858 2394 τού-

61 2420 115 2439 των
133 2412 267 2438 ἁπάντων
282 2412 318 2438 τά
330 2420 361 2438 τε
382 2413 455 2448 πάθη
472 2413 520 2440 καὶ
536 2413 586 2445 τὰς
602 2413 716 2448 πράξεις
744 2413 795 2448 τῆς
808 2413 860 2448 tim-

61 2456 110 2491 χῆς
125 2456 176 2487 ml.
193 2455 244 2482 τοῦ
267 2456 400 2491 τώματος,
415 2457 450 2484 τά
467 2466 496 2484 τε
521 2458 648 2494 σχήματα
663 2458 709 2485 καὶ
725 2458 859 2494 χρώματα

63 2503 108 2529 καὶ
137 2502 262 2538 μεγέθη,
281 2504 313 2530 οὑ
334 2503 414 2530 τοῦτο
436 2504 465 2530 δὲ
485 2504 575 2539 μόνον,
593 2504 651 2532 ἀλλ’
666 2506 698 2531 ὲκ
710 2505 759 2539 τῆς
771 2504 859 2539 αὐτῆς

62 2548 110 2577 καὶ
127 2548 177 2575 τοῦ
193 2548 256 2580 ἑνὸς
277 2550 410 2582 γενέσεως
424 2550 497 2582 τίνες
513 2551 537 2577 οι
553 2549 749 2586 τεχθησόμενοι
765 2558 859 2585 προει-

64 2595 136 2625 πεῖν,
155 2594 207 2623 καὶ
219 2595 313 2623 πᾶσαν
323 2594 372 2630 τὴν
389 2596 523 2631 ἐσομένην
537 2596 570 2622 ἐκ
584 2596 632 2631 τῆς
647 2595 771 2630 διαδοχῆς
791 2603 858 2629 συγ-

63 2638 186 2671 γένειαν,
215 2640 264 2666 καὶ
296 2639 399 2675 ταύτης
426 2640 477 2672 τὰς
506 2641 621 2676 πράξεις
646 2641 694 2668 καὶ
720 2641 770 2668 ὅσα
790 2640 859 2668 ἄλλα

65 2685 241 2721 προείρηται,
255 2686 304 2714 καὶ
316 2687 385 2721 μήτε
395 2686 460 2718 τοὺς
471 2687 656 2721 παρελθόντας
665 2687 774 2721 ἀγνοεῖν
788 2687 858 2722 μήτε

66 2730 119 2757 τῶν
132 2731 275 2767 ἐσομένων
293 2732 412 2767 μηδένα·
430 2733 444 2759 ὃ
456 2733 503 2760 καὶ
514 2733 592 2760 αὐτοὶ
605 2733 640 2761 ἂν
656 2733 856 2768 διαγελάσαιεν·

907 1727 965 1754 haec
979 1726 1012 1754 de
1035 1725 1091 1754 fato
1113 1726 1241 1753 similiter
1265 1727 1328 1754 ista.
1357 1726 1386 1754 Si
1413 1725 1485 1761 quod
1508 1729 1636 1760 parentes
1655 1726 1697 1760 gi-

907 1777 999 1807 gnant,
1013 1772 1061 1805 ait,
1078 1779 1092 1797 a
1108 1771 1200 1807 genesi
1215 1771 1358 1807 contingit,
1373 1770 1546 1798 manifestum
1563 1775 1604 1798 est
1615 1778 1629 1798 a
1647 1779 1696 1805 pa-

907 1823 1014 1845 rentum
1028 1817 1121 1853 genesi
1134 1822 1161 1845 et
1176 1817 1291 1845 ﬁliorum
1317 1817 1448 1853 genesim,
1466 1821 1493 1845 et
1505 1817 1585 1852 hujus
1601 1817 1696 1845 horam

907 1864 1047 1893 deﬁnitam
1063 1871 1133 1893 esse.
1156 1864 1204 1892 Sin
1221 1865 1322 1897 minus,
1337 1872 1401 1899 ergo
1423 1862 1590 1900 gignentium
1612 1873 1696 1900 gene-

907 1910 946 1937 sis
962 1917 1010 1937 eos
1026 1909 1070 1944 qui
1086 1909 1234 1945 gignuntur
1247 1917 1302 1936 non
1323 1909 1438 1944 perﬁcit,
1463 1909 1619 1944 frustraque
1636 1909 1693 1937 lon-

906 1962 956 1991 gus
972 1955 1005 1983 de
1018 1954 1075 1982 fato
1088 1961 1177 1982 sermo
1192 1954 1316 1982 habetur.
1340 1953 1369 1982 Si
1383 1955 1455 1982 enim
1470 1956 1541 1990 quod
1561 1954 1632 1982 fetus
1653 1962 1697 1983 se-

912 2001 1042 2033 minetur,
1068 2000 1416 2035 gesteutrgperfectusque
1450 2001 1492 2028 vel
1524 2000 1697 2036 imperfectus

907 2045 1058 2082 proveniat,
1075 2054 1091 2073 ιι
1105 2051 1248 2082 parentum
1266 2048 1358 2082 genesi
1373 2047 1490 2079 exsistit,
1508 2047 1612 2075 clarum
1625 2046 1697 2082 quod

907 2093 1010 2127 horum,
1029 2100 1138 2128 quoque
1159 2093 1225 2120 hora
1249 2093 1282 2120 ab
1310 2094 1405 2121 eadem
1427 2093 1625 2128 proﬁciscatur.
1648 2093 1697 2121 Sin

907 2139 996 2167 minus
1018 2139 1085 2172 haec,
1099 2146 1164 2174 ergo
1194 2146 1243 2167 nec
1267 2139 1322 2168 illa.
1345 2138 1406 2167 Jam
1420 2140 1442 2167 si
1458 2147 1570 2175 geneses
1584 2139 1643 2166 aliae
1662 2147 1697 2167 ex

907 2185 968 2212 aliis
995 2190 1069 2216 sunt.
1100 2185 1243 2219 ipsumque
1259 2185 1388 2212 nascendi
1402 2189 1580 2218 {momentum
1599 2184 1634 2211 ab
1650 2192 1697 2212 eo-

906 2238 965 2258 rum
976 2231 1021 2266 qui
1035 2236 1186 2265 genuerunt
1199 2231 1255 2258 l‘ato
1269 2231 1462 2266 proﬁciscitur,
1477 2231 1557 2258 facile
1567 2231 1603 2258 sit
1617 2229 1697 2264 hujus

906 2277 1072 2305 amatoribus
1087 2285 1166 2303 unam
1186 2277 1302 2311 aliquam
1319 2277 1436 2304 hominis
1453 2283 1551 2311 capere
1559 2277 1695 2311 genesim,

906 2327 987 2358 atque
999 2330 1033 2350 ex
1041 2323 1099 2357 ipsa
1115 2327 1169 2349 lum
1182 2327 1299 2356 patrum,
1320 2327 1375 2349 tum
1391 2329 1513 2354 avorum,
1529 2322 1583 2349 imo
1598 2326 1625 2349 et
1638 2329 1696 2349 ma-

872 2367 895 2396 ι)
908 2368 999 2404 jorum
1024 2368 1145 2403 genesim
1173 2368 1304 2399 indicare,
1317 2369 1467 2402 horumque
1494 2368 1615 2395 omnium
1641 2372 1695 2395 tam

909 2413 993 2440 animi
1005 2420 1084 2448 quam
1097 2413 1219 2447 corporis
1233 2412 1391 2441 aiIectiones
1406 2413 1594 2448 actionesque,
1609 2421 1642 2441 ac
1658 2414 1695 2441 si-

909 2459 964 2487 mul
975 2460 1086 2494 ﬁguras,
1100 2459 1205 2487 colores
1218 2464 1246 2487 et
1274 2459 1483 2494 magnitudines.
1505 2459 1562 2488 Nec
1577 2460 1629 2487 hoc
1652 2467 1694 2487 so-

910 2505 975 2537 lum,
990 2506 1037 2533 sed
1056 2506 1138 2533 etiam
1155 2513 1190 2533 ex
1206 2505 1257 2534 hac
1279 2506 1336 2540 Ipsa
1355 2510 1384 2533 et
1398 2506 1470 2534 illius
1497 2505 1578 2534 unius
1605 2510 1698 2540 genesi

910 2550 1001 2578 licebit
1022 2551 1131 2585 quinam
1158 2552 1304 2586 generandi
1325 2552 1380 2578 sint
1401 2552 1558 2586 pradicere,
1577 2559 1699 2579 omnem-

911 2604 964 2631 que
979 2596 1047 2624 adeo
1056 2596 1175 2624 futuram
1189 2605 1223 2624 ex
1234 2598 1330 2624 ordine
1341 2597 1541 2632 cognationem,
1556 2604 1616 2624 cum
1641 2597 1699 2624 suis

911 2641 1074 2673 actionibus,
1089 2645 1116 2668 et
1131 2649 1300 2676 quacunque
1319 2641 1372 2669 alia
1393 2643 1547 2677 supradicta
1569 2645 1649 2669 sunt:
1670 2646 1700 2667 ut

913 2694 999 2721 neque
1023 2687 1230 2721 prteteritorum,
1257 2695 1345 2722 neque
1372 2687 1525 2716 futurorum
1554 2687 1698 2722 quisquam

912 2732 1060 2766 ignoretur.
1076 2732 1153 2766 Quod
1179 2737 1208 2761 et
1221 2733 1328 2768 ipsimet
1340 2733 1438 2771 ξιιμ
1453 2734 1596 2763 irriserint.
1611 2733 1648 2762 At
1671 2737 1700 2759 tu

711 2781 830 2809 VARM‘I
852 2781 1056 2810 LECTIONES.

104 2825 125 2841 “
137 2826 220 2859 αὐτὸς
240 2827 281 2855 A:
297 2828 383 2864 αὐτῆς
396 2838 425 2862 ς.
442 2830 463 2848 ¹³
480 2829 656 2865 ἰξοιιέλλουσα
666 2831 699 2858 Δ.
739 2830 762 2846 ¹⁶
775 2830 825 2866 μὲν
836 2834 864 2858 et
879 2837 939 2858 mox
957 2831 1004 2858 καὶ
1020 2830 1082 2859 add.
1097 2831 1128 2860 Δ.
1168 2831 1189 2847 ⁸⁷
1205 2832 1427 2868 προπατέρωνλ.
