1920 3090
227 115 278 149 851

803 122 932 152 ΡΙῙΟἸἹΙ
945 123 1196 154 PATRIARCHE
1215 125 1269 154 CP.

1793 121 1848 153 852

223 173 288 200 mihi
305 172 370 201 illud
389 180 495 209 quoque
507 174 627 209 inspice:
644 174 785 206 Filiorum.
800 177 886 210 aiunt,
903 179 1009 213 genesis

1061 179 1134 214 Ὅρα
1154 179 1183 206 δὲ
1209 178 1320 206 κάκεῖνο
1333 187 1340 193 ·
1367 178 1427 205 Τῶν
1453 177 1565 208 παίδων,
1594 175 1685 212 φασὶν,
1702 176 1720 212 ἡ
1737 175 1848 210 γένεσις

222 217 346 245 Infelices
368 218 456 245 reddit
480 223 616 253 parentes,
636 221 742 249 etiamsi
759 221 829 249 forte
855 231 869 249 τι
894 223 1003 257 propria

224 264 318 297 genesi
336 263 451 292 felicitas
470 264 536 299 ipsis
560 266 691 294 attributa
712 268 758 294 sit.
774 268 911 295 Interdum
923 268 1004 296 etiam

224 308 293 336 tollit
308 314 335 336 et
355 309 437 336 vincit
453 314 561 344 patrum
581 311 700 345 genesim
714 312 771 347 ipsa
798 313 925 346 ﬁliorum,
941 321 1008 348 quo-

224 355 274 381 ties
305 355 428 382 videlicet.
450 356 508 383 hate
526 355 616 384 fatalis
649 357 721 385 illius
745 357 858 386 ell'ectus
884 365 940 386 est:
960 360 1008 387 sed

222 404 250 427 et
263 405 368 434 patrum
391 402 498 436 genesis
514 402 635 431 infelices
660 404 749 431 reddit
779 405 879 433 liberos
899 412 927 434 et
953 406 1007 433 fra—

224 449 293 471 trum
311 443 420 478 fratres,
435 446 615 481 eumdemque
635 448 662 474 in
682 448 788 475 modum
814 449 895 476 etiam
912 449 1006 485 conju-

223 497 301 524 gum;
322 491 497 524 quantumvis
517 489 587 518 forte
606 492 686 520 aliam
707 493 775 520 alter
805 494 903 522 habeat
924 502 1007 530 gene-

223 534 283 565 sim,
303 537 331 561 et
354 534 464 562 aliunde
491 542 570 563 natus
601 536 648 563 sit.
679 536 712 564 Et
745 537 817 572 quod
852 539 894 566 his
920 539 1008 566 omni-

223 578 275 606 bus
299 579 386 615 magis
412 580 617 615 deplorandum,
633 584 741 617 genesis
761 585 833 618 cogit
847 590 1008 619 generantes

227 624 319 652 odium
340 625 478 660 suscipere
494 634 543 661 pro
561 635 654 656 amore
682 636 744 665 erga
767 629 883 660 liberos:
909 630 1010 660 liberos

224 669 290 695 item
305 670 473 703 parentibus,
496 676 578 706 atque
604 673 674 700 inter
686 681 716 701 se
742 674 852 709 fratres,
868 678 1010 712 coniuges-

225 719 277 747 que
295 713 407 743 infestos
431 716 529 750 reddit,
548 723 576 745 et
595 719 628 746 ad
651 720 738 748 caedes
758 728 900 756 provocat,
919 724 1011 758 itaque

225 759 357 788 adversus
370 761 485 789 invicem
503 769 591 791 armat
618 771 754 800 naturam,
780 772 810 795 ut
827 773 909 796 totam
922 771 1011 798 turbet

227 805 428 839 cognationem.
440 807 472 834 Et
485 807 528 835 ille
539 809 648 843 quidem
665 810 839 847 lamentatur,
852 815 923 849 quod
936 815 1011 842 labo-

1057 223 1289 259 κακοδαίμονας¹⁸
1313 225 1386 250 ποιεῖ
1409 223 1473 255 τοὺς
1499 222 1632 259 πατέρας.
1657 222 1710 249 γὰν
1730 221 1786 248 ἀπὸ
1797 221 1848 256 τῆς

1060 269 1128 301 ἰδίας
1151 270 1285 304 γενέσεως
1310 270 1341 296 τδ
1365 269 1493 304 εὔδαιμον
1504 268 1525 285 η
1546 268 1638 300 αὐτοῖς
1662 266 1846 316 έδρασεύετο·
1866 306 1869 316 Ι

1060 314 1116 340 ἐσθ’
1137 315 1182 341 ὅτε
1205 315 1234 342 δὲ
1250 316 1297 342 καὶ¹
1312 316 1419 350 ἀναιρεί
1432 314 1479 341 καὶ
1502 314 1565 349 νικᾷ
1579 314 1630 349 τὴν
1642 312 1697 340 τῶν
1717 312 1849 347 πατέρων

1060 359 1166 393 γένεσιν
1180 359 1197 394 ἡ
1211 359 1265 386 τῶν
1285 360 1388 386 τέκνων
1408 359 1526 394 γένεσις,
1545 358 1723 392 ἀποτέλεσμα
1738 357 1850 391 ὲκείνης

1059 403 1135 432 οὖσα.
1158 405 1238 431 Ἀλλὰ
1251 405 1298 432 καὶ
1312 406 1329 440 ἡ
1341 405 1395 432 τῶν
1412 406 1539 440 πατέρων
1552 404 1660 438 γένεσις
1673 404 1737 434 τοὺς
1747 403 1850 434 παῖδας

1059 451 1262 486 κακοδαίμονας
1287 452 1369 483 ποιεῖ,
1395 451 1442 478 καὶ
1464 450 1594 484 ἀδελφοὺς
1608 451 1624 485 ἡ
1640 449 1695 477 τῶν
1712 449 1849 483 ἀδελφῶν.

1059 497 1107 524 καὶ
1124 496 1178 523 τῶν
1199 497 1399 532 γεγαμηκότων
1414 497 1524 531 ὁμοίως,
1539 496 1591 522 κᾶν
1615 495 1698 530 ἄλλης
1715 494 1787 525 τινος
1803 495 1849 529 εἴη

1059 543 1202 576 γενέσεως,
1218 543 1270 570 κᾶν
1281 543 1414 578 ἑτέρωθεν
1424 542 1484 577 ἔφυ.
1500 542 1556 568 Καὶ
1567 541 1598 568 τὺ
1611 541 1720 567 πάντων
1737 539 1851 575 ἀνιαρό-

1059 597 1145 624 τερον,
1171 590 1247 624 μίσος
1271 589 1288 624 ή
1315 589 1422 623 γένεσις
1450 588 1574 623 βιάζεται
1592 587 1656 618 τοὺς
1681 586 1784 621 φύντας
1807 586 1850 617 εις

1059 634 1122 666 τοὺς
1139 634 1292 669 φυομένους
1307 634 1369 661 ἀντὶ
1388 633 1438 669 τῆς
1455 633 1570 669 στοργῆς
1594 632 1676 667 ἔχειν,
1698 633 1746 659 καὶ
1763 631 1850 658 τέκνα.

1059 680 1116 711 τοῖς
1135 680 1313 715 γεγεννηκόσι
1332 679 1379 706 καὶ
1403 679 1537 714 ἀδελφοὺς
1556 679 1625 715 πρὸς
1646 678 1778 713 ἀλλήλους
1801 678 1849 704 καὶ

1059 725 1123 756 τοὺς
1140 724 1335 760 γεγαμηκότας
1347 725 1418 751 ποιεῖ
1435 724 1598 759 πολεμίους,
1619 723 1666 749 καὶ
1682 723 1751 758 πρὸς
1764 724 1849 750 ’ἀναι-

1061 771 1150 805 ρέσεις
1175 769 1310 806 ἑρεδίζει,
1335 771 1382 797 καὶ
1417 770 1477 797 κατ’
1500 768 1622 804 ἀλλήλων
1662 768 1768 800 ὁπλίζει
1796 767 1850 802 τὴν

1065 815 1156 851 φύσιν,
1182 816 1246 851 ὃλην
1271 816 1447 851 ταράσσουσα
1475 814 1525 850 τὴν
1552 814 1723 848 συγγένειαν.
1749 813 1805 839 Καὶ
1832 813 1850 839 ὁ

226 854 269 877 ret
285 850 365 883 illius,
378 851 419 880 vel
430 857 535 880 mortua
551 855 586 881 sit
601 863 679 890 uxor,
694 863 742 884 aut
758 860 870 887 maritus
882 879 890 892 ,
906 860 1010 895 ignaruS

1067 849 1117 897 μὲν
1130 849 1285 897 “Operm”
1301 849 1367 888 διότι
1398 861 1472 888 νοσεῖ
1541 861 1606 892 παῖς
1637 859 1803 894 ἢτέθνηκεν
1831 859 1851 893 ἡ

228 895 335 923 interim
362 897 432 931 quod
451 898 548 926 horum
572 899 701 936 cujusque
722 908 748 930 et
762 905 878 938 genesis,
894 911 921 933 et
937 914 1011 934 amo-

226 948 284 968 rem
310 942 424 970 invicem
449 946 603 973 necessaria
632 948 793 981 conciliarit.
808 955 835 978 et
852 951 1010 986 infortunia,

225 985 289 1013 dum
308 993 402 1014 eorum
426 989 471 1023 qui
491 991 653 1019 amabantur
678 993 753 1021 exitu
771 995 878 1023 dolores
897 998 1011 1027 acerbos

225 1031 330 1065 objicit.
345 1032 470 1062 Hreccine
498 1036 607 1070 sapiens
627 1039 771 1075 quisquam
793 1041 1010 1072 ferat?Rursum

226 1078 348 1107 infelices
365 1086 459 1108 servos
481 1088 541 1109 esse
551 1089 599 1117 per
621 1084 792 1114 dominorum
808 1089 929 1123 genesim
948 1097 1010 1124 pro-

225 1125 328 1159 «ligiose
341 1125 421 1154 iidem
437 1127 577 1156 referunt:
604 1130 722 1166 itemque
743 1139 897 1168 caprarum,
917 1136 1009 1168 boum,

225 1175 253 1197 et
265 1170 378 1200 aliorum
390 1173 566 1202 animantium
579 1183 685 1212 greges,
703 1185 751 1213 per
772 1180 891 1214 genesim
904 1188 1011 1216 posses-

225 1218 314 1250 soris;
337 1223 366 1244 ut
386 1223 413 1246 et
428 1219 551 1255 integros
565 1223 701 1250 exercitus
720 1231 768 1259 per
784 1227 905 1260 genesim
929 1228 1010 1262 regis.

225 1262 264 1290 lla
280 1263 491 1293 innumerabiles
513 1274 627 1301 geneses
643 1276 692 1303 per
711 1270 820 1298 unicam
843 1271 918 1300 illam
931 1275 1010 1301 unius

226 1311 331 1336 tantum
359 1310 485 1344 hominis,
511 1313 570 1341 sive
596 1314 629 1341 ad
646 1315 768 1348 meliora,
791 1317 848 1345 sive
873 1319 906 1345 ad
933 1319 1007 1346 dete-

226 1353 296 1380 riora
323 1361 496 1385 avertuntur:
522 1363 549 1385 et
571 1360 679 1393 quidem
706 1366 761 1388 tam
788 1361 906 1391 felicium
927 1372 1008 1399 quam

226 1396 384 1432 infelicium,
400 1408 459 1435 quae
480 1402 514 1429 ob
525 1403 605 1430 unius
623 1406 743 1439 genesim
767 1407 885 1436 inﬁnitas
910 1396 1010 1438 habent

225 1444 372 1473 varietates
400 1451 519 1481 aetatum,
544 1456 689 1484 annorum,
716 1453 861 1486 mensium,
892 1455 1007 1490 dierutn,

226 1488 365 1523 horarum,
394 1496 511 1526 patrum,
539 1500 668 1529 matrum,
693 1502 888 1533 cognatorum:
909 1500 964 1528 imo
982 1505 1010 1528 et

229 1532 300 1560 idem
319 1535 481 1571 quandoque
506 1539 601 1566 mortis
623 1548 708 1575 genus
739 1542 796 1570 sive
825 1543 925 1579 gladio,
952 1545 1010 1573 sive

226 1578 306 1612 mari,
322 1579 379 1607 sive
392 1581 473 1608 sintili
486 1582 577 1617 aliquo
599 1592 664 1612 casu
684 1586 810 1614 sttbeunt.
830 1578 1010 1617 Attameniu-

226 1624 306 1652 venio
318 1632 367 1660 ego
385 1631 413 1653 et
444 1635 583 1656 servorum
620 1637 701 1666 atque
728 1632 844 1660 militum
876 1635 1009 1669 genesim,

225 1672 357 1706 quomodo
367 1673 415 1709 ipsi
427 1674 580 1710 loquuntur,
595 1678 675 1706 heros
689 1686 817 1714 regesque
828 1687 1010 1715 superantem.

226 1716 352 1746 Fallaciis
375 1721 447 1747 enim
465 1721 490 1748 hi
509 1727 556 1748 aut
574 1722 709 1751 lenocinio
734 1725 868 1753 interdum
886 1727 1012 1756 dominos

225 1763 268 1791 vel
290 1764 342 1791 alia
369 1767 497 1802 quapiam
526 1769 632 1797 ratione
654 1771 858 1806 aggrediuntur,
881 1781 928 1801 sna
952 1774 1013 1802 illos

225 1809 318 1843 genesi
345 1809 370 1836 in
388 1811 512 1839 dominos
543 1820 676 1842 armante.
697 1815 774 1848 Quod
794 1817 816 1844 si
832 1817 903 1846 forte
925 1821 1012 1853 patris

225 1852 343 1882 familias
365 1857 486 1890 genesim
508 1857 578 1885 hanc
596 1860 682 1888 servis
704 1861 772 1889 dare
788 1864 901 1891 nocendi
919 1869 1013 1899 poten-

224 1901 434 1936 tiaut,dixerint,
458 1905 544 1938 magis
561 1902 643 1933 etiam
667 1907 850 1936 difﬁcultatem
865 1912 1012 1945 augebunt.

224 1945 282 1973 Non
299 1947 385 1976 solum
398 1950 470 1976 enim
486 1949 567 1987 [non]
581 1952 722 1982 inferiores
741 1962 802 1982 esse
830 1956 953 1984 subditos
967 1965 1015 1985 co-

225 1993 279 2027 egit
293 1994 462 2023 dominorum
478 1999 596 2032 genesis,
611 2001 658 2027 sed
677 2005 808 2035 praeterea
831 2002 904 2030 illum
926 2003 1014 2038 ipsum

224 2040 344 2074 vincere,
354 2041 430 2076 cujus
442 2048 484 2070 est
498 2046 621 2079 genesis;
634 2050 715 2080 atque
725 2053 772 2074 eos
784 2048 830 2082 qui
844 2055 894 2083 pro
901 2057 949 2076 suo
959 2050 1015 2078 fato

224 2093 362 2120 nunquam
381 2093 484 2116 tantum
504 2091 561 2118 ausi
578 2091 702 2125 fuissent,
719 2094 790 2128 regis
807 2093 852 2121 illa
865 2096 972 2129 genesis
987 2097 1014 2123 in

224 2133 368 2166 ipsmmnet
383 2136 534 2170 t‘provocat.
564 2137 632 2165 Nam
659 2139 716 2166 fieri
736 2140 848 2169 omnino
865 2143 970 2176 nequit,
987 2148 1016 2170 ut

1061 908 1130 944 γυνὴ
1155 908 1172 943 ἢ
1187 908 1201 934 ό
1219 908 1299 943 ἀνὴρ,
1311 908 1402 941 ἀγνοεῖ
1415 907 1444 933 δὲ
1457 907 1499 933 ὅτι
1512 907 1529 942 ἡ
1544 905 1647 932 τούτων
1662 905 1720 936 ἑνὸς
1733 905 1850 931 ἑκάστου

1059 953 1167 988 γένεσις
1189 952 1236 979 καὶ
1257 952 1367 986 ἀγαπᾷν
1384 951 1516 985 ἀλλήλους
1534 949 1673 985 ἠνάγκασε
1698 949 1746 976 καὶ
1762 957 1851 976 κακο-

1060 998 1207 1033 δαιμονεῖν.
1225 996 1362 1032 δριμείαις
1375 996 1483 1028 ὀδύναις
1501 995 1713 1044 περιῦάλλουσα,
1729 995 1789 1026 ταῖς
1802 1003 1851 1044 τεο

1060 1043 1167 1075 λευταῐς
1176 1043 1230 1070 τῶν
1244 1041 1442 1078 στεργομένων.
1454 1040 1549 1067 Ταῦτα
1561 1040 1675 1072 ἀνέξοιτ*
1686 1040 1719 1067 ἂν
1730 1048 1772 1071 τις
1785 1040 1851 1066 νοῦν

1060 1089 1145 1124 ἔχωνς
1172 1088 1254 1115 πάλιν
1282 1087 1392 1120 δούλους
1417 1086 1627 1121 κακοδαιμονεῖν
1650 1085 1702 1112 ὑπὸ
1731 1085 1782 1120 τῆς
1799 1085 1850 1111 τοῦ

1060 1134 1191 1161 δεσπότου
1213 1134 1348 1168 γενέσεως
1363 1131 1564 1168 τερατεύοντατ,
1582 1131 1630 1158 καὶ
1645 1130 1731 1165 αἰγῶν
1745 1131 1851 1163 ἀγέλας

1061 1181 1107 1207 καὶ
1134 1180 1201 1216 βοῶν
1222 1179 1239 1214 ἢ
1262 1179 1317 1206 τῶν
1331 1179 1420 1206 ἄλλων
1445 1177 1523 1210 ζώων
1548 1177 1601 1204 ὑπὸ
1621 1177 1670 1211 τῆς
1684 1175 1731 1203 τοῦ
1747 1184 1852 1211 κεκτη-

1061 1227 1154 1261 μένου,
1169 1226 1218 1253 καὶ
1238 1225 1407 1262 στρατόπεδα
1424 1224 1507 1251 πάλιν
1518 1223 1562 1250 διὰ
1575 1223 1625 1259 τὴν
1637 1223 1685 1250 τοῦ
1699 1222 1850 1258 βασιλέωςο

1060 1272 1107 1298 καὶ
1131 1270 1262 1298 τοσαῦται
1286 1270 1414 1306 μυριάδες
1438 1268 1572 1304 γενέσεων
1587 1267 1784 1302 ἀνατρέπονται
1804 1266 1853 1293 διὰ

1059 1317 1108 1352 τὴν
1131 1317 1178 1343 τού
1202 1317 1262 1349 sva;
1277 1317 1294 1352 ἢ
1317 1316 1384 1351 πρὸς
1397 1315 1428 1342 τὸ
1450 1316 1542 1350 χεῖρον
1558 1314 1574 1349 ἢ
1593 1313 1662 1350 πρὸς
1675 1312 1706 1339 τὸ
1722 1313 1833 1347 ἄμεινον
1843 1332 1851 1343 ,

1060 1364 1148 1390 καίτοι
1174 1370 1206 1397 γε
1229 1363 1284 1389 τῶν
1311 1361 1498 1396 εὐτυχούντων
1520 1360 1538 1395 ἣ
1556 1358 1786 1394 δυσπραγοῦντων
1806 1358 1853 1384 διὰ

1059 1409 1109 1444 τὴν
1121 1408 1168 1436 τοῦ
1182 1408 1242 1440 ὲνὺς
1256 1407 1365 1442 γένεσιν
1394 1407 1494 1443 μυρίας
1516 1405 1631 1441 ἑχόντων
1644 1404 1775 1439 διαφορὰς
1790 1404 1854 1439 ἡλι-

1060 1454 1139 1488 κιῶν,
1164 1453 1306 1486 ἐνιαυτῶν,
1334 1453 1437 1489 μηνῶν,
1450 1452 1574 1488 ἡμερῶν,
1600 1450 1690 1486 ὡρῶν,
1711 1449 1853 1485 πατέρων,

1022 1519 1044 1548 C
1062 1501 1197 1537 μητέρων,
1214 1500 1365 1534 συγγενῶν,
1393 1498 1497 1525 καὶτὸν
1512 1498 1594 1525 αὐτὸν
1604 1497 1721 1548 saetas:
1736 1496 1782 1548 τού
1800 1496 1854 1548 (Ξα-

1040 1542 1044 1553 !
1060 1547 1140 1574 νάτου
1162 1546 1263 1582 τρόπον
1285 1545 1492 1581 ὑπερχομένων,
1513 1545 1558 1572 τὸν
1572 1544 1617 1571 διὰ
1642 1543 1750 1578 σιδήρου
1768 1542 1785 1577 ἢ
1800 1542 1855 1568 Θα-

1059 1595 1162 1629 λάσσης
1175 1593 1193 1629 ἦ
1203 1601 1278 1625 τινος
1286 1591 1478 1628 παραπλησίου
1492 1590 1705 1626 συμπτώματος.
1721 1588 1856 1623 Εὑρίσκω

1059 1641 1094 1667 δὲ
1103 1639 1190 1675 ἔγωγε
1203 1639 1250 1667 καὶ
1261 1639 1311 1674 τὴν
1323 1639 1377 1666 τῶν
1390 1638 1505 1665 οἰκετῶν
1516 1638 1532 1673 ἢ
1547 1635 1721 1672 στρατιωτῶν
1730 1635 1854 1684 γένεο·ιέ

1060 1688 1098 1720 ὼς
1119 1687 1152 1714 ἂν
1168 1686 1245 1714 αὐτοὶ
1267 1686 1356 1720 φαῖεν,
1378 1684 1533 1720 κρατοῦσαν
1550 1682 1597 1709 τοῦ
1613 1681 1743 1708 δεσπότου
1762 1680 1779 1715 ἤ
1799 1680 1851 1706 τοῦ

1062 1735 1209 1770 βασιλέως·
1235 1731 1363 1760 ἀπατῶσι
1385 1731 1441 1766 γὰρ
1463 1730 1480 1766 ἢ
1507 1729 1713 1779 (ραρμάττουσιν
1735 1727 1792 1779 εἶθ’
1807 1727 1856 1754 ὅτε

1061 1782 1124 1812 τοὺς
1146 1778 1288 1811 δεσπότας,
1308 1777 1325 1813 ἢ
1345 1777 1392 1804 καὶ
1415 1776 1502 1807 ἄλλως
1521 1775 1707 1806 ἐπιτίθενται,
1727 1775 1779 1808 τῆς
1802 1781 1855 1807 γε-

1062 1826 1162 1858 νέσεως
1177 1823 1276 1855 αὐτοὺς
1296 1823 1367 1850 κατὰ
1381 1822 1436 1849 τῶν
1451 1821 1554 1857 κυρίων
1576 1819 1751 1854 ὁπλιζούσης.
1773 1819 1807 1845 Εἰ
1823 1818 1857 1844 δὲ

1061 1873 1166 1907 λέγοιεν
1187 1871 1237 1907 τὴν
1255 1870 1304 1897 τοῦ
1327 1868 1518 1897 οἰκοδεσπότου
1535 1867 1642 1916 γένεσιν
1668 1867 1724 1916 τοῖς
1747 1864 1858 1916 δούλοις

1062 1918 1161 1945 διδόναι
1175 1917 1225 1951 τὴν
1240 1916 1317 1951 ἰσχὺν
1330 1915 1377 1942 τοῦ
1399 1914 1599 1949 κακοποιῆσαι,
1614 1912 1728 1939 πλείονα
1745 1912 1858 1938 ποιοῦσι

1063 1963 1111 1999 τὴν
1127 1963 1253 1998 ἀπορίαν.
1273 1961 1335 1998 [681
1352 1959 1406 1996 3.]
1425 1960 1461 1987 Uti
1477 1959 1531 1995 γὰρ
1548 1959 1628 1995 μόνον
1640 1957 1776 1993 ἡττᾶσθαι
1789 1957 1860 1988 τοὺς

1064 2009 1203 2044 ὑπηκόους
1217 2008 1357 2043 ἠνάγκασε
1384 2006 1430 2033 τοῦ
1454 2005 1590 2041 βασιλέως
1605 2005 1622 2040 ἡ
1643 2004 1762 2039 γένεσις,
1786 2002 1861 2030 ἀλλὰ

1064 2056 1113 2083 καὶ
1131 2054 1214 2082 αὑτοῦ
1237 2054 1350 2090 κρατεῖν
1374 2049 1404 2080 οὗ
1427 2053 1486 2079 ἐστι
1512 2051 1577 2087 [555
1599 2050 1646 2087 IL]
1664 2050 1790 2084 γένεσις,
1807 2049 1860 2076 καὶ

1064 2102 1128 2133 τοὺς
1149 2101 1199 2127 οὐκ
1223 2099 1256 2127 ἂν
1272 2100 1326 2126 ἀπὸ
1339 2098 1443 2130 οἰκείας
1465 2098 1636 2134 εἱμαρμένης
1652 2096 1731 2123 τοῦτο
1750 2096 1860 2131 τολμή-

1067 2155 1166 2178 σαντας
1189 2147 1206 2182 ἡ
1229 2145 1276 2172 τοῦ
1297 2145 1428 2181 βασιλέως
1443 2145 1545 2179 ἐγείρει
1562 2144 1623 2171 κατ’
1637 2142 1721 2170 αὑτοῦ
1732 2150 1739 2157 ”
1753 2142 1784 2168 οὺ
1801 2141 1860 2175 γὰρ

227 2184 266 2206 lot
276 2180 354 2208 simul
367 2181 480 2209 militum
493 2191 605 2218 geneses
623 2184 654 2212 in
671 2185 771 2221 215a
786 2187 888 2215 domini
899 2193 1010 2216 mortem

1067 2189 1123 2219 οἷόν
1137 2200 1167 2218 τε
1190 2180 1325 2218 τοσούτων
1344 2190 1411 2227 όμοῦ
1429 2191 1604 2226 στρατιωτῶν
1620 2191 1741 2223 γενέσεις
1755 2188 1797 2219 εἰς
1811 2187 1862 2214 τὸν

224 2226 391 2260 ronspireut.
410 2227 535 2264 Civitatis
555 2229 620 2257 item
632 2233 738 2266 genesis
751 2233 777 2260 in
795 2233 948 2262 universam
967 2235 1011 2263 in-

224 2272 344 2299 colarum
362 2274 564 2306 ptitltitudiueui
591 2276 732 2308 imperium
752 2279 867 2308 obtinet.
896 2280 1010 2314 Quando

224 2318 295 2346 enim
312 2319 368 2346 haec
387 2320 496 2353 decidit,
522 2321 641 2353 inﬁnitas
664 2328 774 2352 aetatum
787 2325 933 2355 varietates
952 2328 1010 2362 plu-

224 2365 300 2392 ribus
325 2367 469 2401 genesibus
488 2367 656 2396 distinctase
679 2371 768 2398 medio
784 2371 862 2405 tollit,
887 2381 941 2401 uno
959 2375 1011 2403 hoc

224 2411 375 2446 cadentque
402 2413 509 2441 excidio
535 2418 672 2444 evertens.
696 2416 737 2444 Ad
764 2418 889 2445 eumdem
905 2426 1013 2454 quoque

225 2458 334 2485 modum
350 2463 377 2485 et
393 2465 440 2486 aer
455 2461 626 2497 [corruptus]
640 2467 667 2490 et
682 2462 816 2491 diluvium
838 2468 924 2493 totam
940 2473 1013 2502 saepe

225 2508 331 2538 gentem
343 2504 429 2539 delet;
444 2514 531 2541 neque
545 2507 618 2535 enim
631 2514 742 2542 possunt
751 2513 791 2537 tot
801 2518 915 2545 geneses
929 2520 1013 2540 unum

226 2550 320 2578 mortis
334 2558 419 2586 genus
435 2553 565 2581 nancisci.
578 2554 607 2581 Si
626 2555 687 2589 quis
702 2562 782 2589 porro
798 2557 862 2585 illud
886 2559 937 2585 etsi
962 2558 1012 2585 im-

226 2597 353 2629 possibile
371 2598 419 2630 sit,
434 2599 559 2627 admittat
576 2605 667 2629 lamen
690 2609 807 2636 rursum,
821 2603 934 2641 [dicam]
946 2605 1013 2632 οἰνί-

227 2642 289 2669 tatis
298 2643 339 2670 vel
350 2645 422 2671 aeris
433 2645 540 2679 genesis
552 2653 567 2673 a
580 2647 760 2676 multitudinis
771 2650 868 2684 genesi
883 2651 1013 2682 vertitur,

226 2692 328 2723 atqnee
337 2690 442 2717 duobus
454 2690 566 2720 alterum
574 2691 810 2733 [concedendum],
818 2693 860 2722 vel
871 2695 1015 2723 multorum

1063 2238 1136 2266 κατὰ
1158 2237 1206 2264 τοῦ
1229 2238 1360 2264 δεσπότου
1376 2237 1492 2264 θάνατον
1520 2237 1686 2272 συμφωνεῖν.
1705 2235 1814 2270 Κρατεῖ
1829 2233 1862 2259 δὲ

1066 2284 1111 2310 καὶ
1133 2283 1183 2318 τῆς
1208 2282 1311 2315 πόλεως
1339 2283 1357 2318 ἠ
1380 2282 1488 2317 γένεσις
1504 2281 1552 2308 τοῦ
1570 2281 1691 2317 πλήθους
1712 2279 1768 2306 τῶν
1782 2280 1860 2306 ένοι-

1063 2330 1184 2356 κούντων
1194 2337 1201 2343 '
1219 2329 1431 2356 καταπίπτουσα
1446 2329 1501 2364 γὰρ
1514 2327 1628 2363 ἡλικιῶν
1647 2326 1750 2362 μυρίας
1764 2325 1864 2359 διαφο-

1064 2370 1142 2411 ρὰς(
1164 2375 1277 2412 μυρίαις
1307 2375 1432 2409 γενέσεσι
1462 2373 1673 2409 διοικουμένας,
1707 2371 1819 2406 ἀναιρεῖ
1834 2371 1860 2387 ¹¹

1062 2422 1151 2458 φθορᾷ
1173 2421 1223 2457 μιᾷ
1246 2421 1293 2447 καὶ
1318 2422 1351 2456 τῇ
1379 2421 1449 2456 αὐτῇ
1466 2419 1672 2454 διαφθείρουσα.
1689 2417 1745 2444 Καὶ
1760 2417 1776 2443 ὁ
1803 2415 1863 2452 ἀὴρ

1061 2469 1173 2504 ὁμοίως,
1189 2468 1236 2494 καὶ
1257 2467 1451 2502 κατακλυσμὸς
1468 2466 1600 2497 ὡσαύτως
1615 2464 1764 2500 ὀλόκληρον
1779 2462 1864 2494 ἔθνος

1063 2514 1219 2549 ἀφανίζων·
1236 2504 1277 2540 Ὶοὺ
1301 2514 1356 2549 γὰρ
1375 2511 1431 2540 οἷόν
1445 2521 1475 2540 τε
1502 2512 1636 2543 τοσαύτας
1648 2511 1774 2545 γενέσεις
1792 2508 1863 2545 μίαν

1066 2561 1137 2596 ἔχειν
1153 2559 1224 2586 ἰδέαν
1249 2560 1375 2587 θανάτου.
1402 2559 1435 2586 Εἰ
1461 2558 1491 2585 δέ
1520 2566 1562 2589 τις
1594 2556 1643 2584 καὶ
1667 2556 1699 2583 τὺ
1724 2554 1866 2582 ἀδύνατον

1066 2607 1145 2633 τοῦτο
1160 2606 1327 2642 συγχωροὶη,
1351 2605 1433 2632 πάλιν
1453 2605 1505 2640 ﬁ"
1518 2604 1568 2639 τῆς
1590 2603 1695 2634 πόλεως
1714 2601 1826 2636 γένεσις
1843 2601 1864 2636 ἢ

1066 2652 1112 2679 τοῦ
1127 2652 1207 2688 ἀέρος
1221 2652 1276 2679 ὑπὸ
1289 2652 1340 2687 τῆς
1350 2651 1405 2678 τῶν
1417 2651 1526 2678 πολλῶν
1540 2650 1745 2684 ἀνατέτραπται
1756 2655 1764 2662 ⁸
1777 2648 1826 2674 καὶ
1836 2647 1865 2663 ⁸⁸

1069 2697 1142 2724 δυοῖν
1154 2697 1279 2733 θάτερον,
1291 2698 1308 2733 ἢ
1323 2698 1372 2729 τὰς
1383 2697 1436 2725 τῶν
1449 2696 1553 2724 πολλῶν
1564 2695 1706 2732 ἀκυρῶσαι
1719 2693 1769 2730 τὴν
1781 2692 1863 2730 μίαν,

868 2765 985 2794 VARle
1010 2765 1211 2795 LECTIONES.

277 2818 288 2833 ⁸
303 2820 495 2864 κακιζδαίμογος
513 2829 543 2863 ςε
584 2821 606 2862 ξ’
620 2822 746 2863 εὐδαίμον
758 2825 789 2853 Α.
831 2826 1043 2864 "resupnum
1054 2837 1060 2855 τ
1072 2828 1190 2864 ὠδύρετο
1207 2836 1240 2860 ς.
1273 2826 1412 2862 ¹¹ἀναιρεί
1428 2827 1473 2861 φο.
1489 2836 1519 2859 ς.
1553 2825 1576 2841 ”
1590 2823 1618 2860 ἢ]
1631 2823 1647 2859 ἦ
1661 2824 1678 2859 ἡ
1693 2822 1724 2850 C.
1764 2822 1787 2839 "
1801 2821 1866 2860 καὶι

229 2853 343 2882 fortasse
368 2855 507 2889 legendum
527 2856 573 2890 ὡς,
587 2857 604 2885 i.
623 2865 646 2885 ε.
666 2853 746 2887 ὥστε.
