1920 3090
48 122 98 156 853

578 122 842 153 BIBLIOTHECA.
862 134 897 140 —
915 122 997 152 COD.
1018 122 1175 153 CCXXIII.

1619 127 1672 160 ϐοά

49 180 182 218 ηταύτην
207 182 242 217 τῇ
265 180 320 208 τῶν
341 179 447 208 πολλῶν
467 180 648 216 ἀκολουθῆσαι
670 181 720 216 τῆς
734 181 838 212 οἰκείας

899 181 1010 216 genesim
1024 181 1057 208 ab
1076 181 1120 209 illa
1138 188 1191 208 una
1214 181 1322 210 irritam
1340 181 1426 214 reddi,
1449 183 1490 210 vel
1509 189 1585 214 certe
1599 185 1681 219 hanc,

48 227 252 262 ἁποσπωμένην
275 226 425 262 ἐνεργείας.
446 227 487 254 Τὰ
503 226 526 254 δ’
545 227 616 254 αὐτὰ
631 227 722 262 λέγειν
736 227 771 255 ἂν
794 228 838 263 εῐη

49 275 93 301 καὶ
108 273 175 308 περὶ
189 273 278 305 ξύλων
298 273 352 301 xuii
366 273 472 308 χόρτων
492 273 540 300 καὶ
553 273 672 308 βοτανῶν
694 274 742 301 καὶ
759 273 837 306 ζώων

49 321 187 347 ἁπάντων.
207 321 238 346 Et
250 320 342 346 τοίνυν
367 320 397 347 αι
411 319 535 354 γενέσεις
560 319 606 346 ὑπ’
626 320 749 355 ἀλλήλων
771 320 839 347 ἀνα-

48 365 203 401 τρέπονται,
221 366 269 392 καὶ
283 367 312 391 αἱ
328 365 377 400 μὲν
385 365 440 392 τῶν
452 365 555 392 παίδων
569 365 618 397 τὰς
632 365 686 392 τῶν
699 365 837 401 πατέρων,

50 413 75 438 al
98 412 127 438 δὲ
155 411 261 438 τούτων
284 412 334 443 τὰς
362 411 476 439 ἐκείνων
503 411 657 447 ἀναιροῦσι,
674 412 720 438 καὶ
735 411 764 438 αι
784 411 839 438 τῶν

51 457 184 490 συζυγιῶν
206 457 257 488 τὰς
279 457 404 491 ἀλλήλων
419 478 427 490 ,
453 457 501 484 καὶ
521 458 548 484 αἱ
571 456 625 484 τῶν
654 457 748 484 οἰκιῶν
775 457 840 489 τοὺς

50 503 222 533 ἐνοικοῦντας
237 503 254 538 ἢ
271 503 299 529 at
326 503 430 530 τούτων
453 503 503 535 τὰς
526 503 582 530 τῶν
605 503 771 538 οἰκημάτων,
793 503 839 530 καὶ

51 551 140 582 ἁπλῶς
169 551 221 577 ὅσα
245 549 419 585 προείρηται,
436 549 607 585 πανταχόθεν
625 550 642 584 ἡ
658 550 764 583 γένεσις
776 550 839 576 ἐαυ-

50 598 96 633 τὴν
108 596 245 632 ἀνέτρεψε
268 597 316 624 καὶ
329 596 460 624 διέλυσεν.
479 596 549 623 Ἀλλ’
565 595 637 624 οὕτω
653 596 702 632 μὲν
717 596 748 623 τὺ
759 596 781 632 β’
792 596 841 624 καὶ

54 647 76 679 μ’
89 643 253 678 κεφάλαιον.

87 736 131 763 Ἑν
139 735 170 762 δὲ
181 734 255 771 τῷγ¹
268 734 315 762 καὶ
327 736 353 770 μ’
367 734 450 769 φησὶν
461 734 502 761 δτι
518 733 654 766 ποικίλαις
668 733 717 769 μὲν
725 734 842 769 πράξεσι

51 782 95 809 καὶ
106 781 227 809 πάθεσιν
243 781 261 817 ἢ
277 781 406 815 φυσικαῖς
421 780 618 816 ἢαύθαιρέτοις
628 780 664 808 τὰ
671 782 717 808 ἐπὶ
729 782 781 817 γῆς
795 781 843 809 καὶ

51 828 83 854 τὰ
96 828 126 854 ἐν
143 827 209 863 ἀέρι
227 827 276 855 καὶ
302 828 330 853 ἐν
349 826 469 864 Θαλάττῃ
492 827 539 853 καὶ
557 827 637 863 ἡμεῖς
657 827 842 863 ὁμολογοῦμεν

52 874 210 901 ὑποκεῖσθαι
221 881 229 888 ·
237 872 269 900 τὺ
277 873 306 900 δὲ
317 872 440 907 ἀνάγκην
451 873 621 908 εἱμαρμένην
633 872 742 899 πάντων
754 873 843 900 αίτίαν
860 864 881 892 Β

52 918 123 947 εἶναι
138 920 188 946 καὶ
201 918 395 954 ἐκτρεπόμεθα
404 918 450 945 καὶ
459 918 642 953 διελέγχομεν,
649 918 704 945 ἀπὸ
718 918 772 945 τῶν
780 918 848 953 ἀψύ-

51 974 102 999 χων
112 965 266 1000 ἀρχόμενοι
280 964 328 990 καὶ
339 964 379 995 εἰς
390 964 424 990 τὰ
435 963 520 1004 ἄλογα
540 962 598 995 ζῶα
621 962 844 999 μεταϐαίνοντες,

52 1010 153 1037 ἐκεῖθεν
166 1010 208 1041 εἰς
221 1009 287 1041 τοὺς
309 1009 437 1043 λογικοὺς
456 1008 616 1044 ἀνθρώπους
631 1009 845 1042 διαϐιϐάζοντες.

52 1056 165 1092 Μάγνης
173 1055 241 1090 γοῦν
251 1055 266 1082 ό
275 1055 348 1086 λίθος
358 1055 466 1090 σίδηρον
477 1054 606 1089 ἁρπάζει,
616 1054 664 1081 καὶ
672 1055 721 1089 οὐχ
729 1053 846 1090 ἁρπάζει

54 1104 132 1138 μόνον
143 1123 152 1133 ,
168 1102 239 1129 ἀλλά
254 1103 302 1129 καὶ
315 1101 430 1137 δύναμιν
445 1100 582 1136 ἐντίθησιν
598 1101 692 1136 ⁴ἐτερον
707 1101 843 1136 ἁρπάσαι,

53 1151 179 1181 κάκεῖνος
196 1148 278 1176 πάλιν
298 1148 377 1175 ὧλλον
396 1148 477 1184 μέχρι
500 1147 642 1176 πλειόνων.
663 1147 847 1183 Δίκταμνος¹⁸

53 1196 177 1232 lignei-Ir)
192 1195 276 1222 πάλιν
290 1196 347 1227 τοῖς
363 1195 476 1226 ίοὸόλοις
488 1194 548 1221 ἐστὶ
561 1194 691 1230 πολέμιος
703 1202 710 1209 ·
726 1195 774 1221 καὶ
790 1193 846 1230 γὰρ

54 1244 97 1269 καὶ
108 1242 198 1277 μόνης
209 1241 261 1276 τῆς
275 1241 364 1276 ὀσμῆς
377 1240 634 1276 ἀντιλαμϐανόμενα
647 1241 687 1272 είς
699 1240 728 1267 τὺ
738 1239 846 1275 ἀνενέρ-

53 1295 133 1321 γητον
159 1286 338 1322 μεταϐάλλει.
365 1285 419 1312 Καὶ
445 1285 565 1320 βοτανῶν
583 1285 756 1320 ἅγλαοφωτὶς
778 1285 846 1320 μόνη

53 1333 180 1360 τοσοῦτον
197 1334 227 1360 ἐν
249 1330 328 1360 νυκτὶ
339 1332 443 1367 λάμπει
457 1332 520 1358 ὅσον
531 1332 548 1366 ἡ
565 1331 736 1367 προσηγορία
751 1330 845 1366 δηλοῖ,

53 1381 96 1406 καὶ
108 1380 156 1407 τὸν
170 1378 363 1413 ἐπιθυμοῦντα
376 1378 469 1406 λαϐεῖν
482 1378 579 1413 φεύγει
592 1398 599 1411 ,
613 1378 661 1404 καὶ
673 1377 760 1404 ταῦτα
772 1377 848 1413 ἐρῤι-

53 1426 162 1461 ζωμὲνη
178 1425 266 1452 τόπον
287 1425 320 1451 ἐκ
334 1425 418 1451 τόπου
435 1424 511 1460 παρὰ
526 1423 608 1459 φύσιν
627 1423 827 1459 μεταϐαίνουσα
838 1430 846 1438 ·

52 1471 80 1498 οὗ
95 1471 151 1506 γὰρ
170 1471 304 1506 πρόσεστι
322 1471 378 1502 τοῖς
395 1470 594 1505 ὲρῤιζωμένοις
611 1469 747 1504 κίνησιςὴ
766 1477 847 1504 μετα-

53 1517 164 1551 ᾱιτική.
184 1516 350 1552 Χαμαιλέων
369 1516 399 1542 τὸ
413 1516 483 1548 ζῶον
502 1515 543 1547 είς
558 1515 644 1542 πολλὰ
667 1515 801 1565 χρώματα
816 1514 847 1541 τὺ
860 1536 882 1565 c

53 1563 133 1598 σῶμα
151 1562 320 1598 μεταϐάλλει
332 1582 340 1594 ,
354 1563 401 1589 καὶ
419 1561 540 1593 τοιοῦτος
548 1562 572 1577 ³⁸
587 1562 714 1596 φαίνεται
739 1558 796 1588 οἷον
817 1560 848 1587 τὸ

53 1609 206 1644 πλησιάζον
222 1609 271 1635 καὶ
292 1608 499 1644 παρακείμενον
514 1607 590 1643 αὺτῷ
602 1628 610 1641 ,
635 1607 687 1635 κᾶν
703 1607 781 1640 ξύλον
794 1606 848 1634 κᾶν

52 1656 122 1688 λίθος
140 1655 197 1682 κᾶν
209 1654 274 1682 ἄλλο
284 1655 308 1670 ’⁸
324 1663 350 1681 τι
362 1652 511 1691 τοιοῦτονῇ
524 1661 532 1670 ·
548 1653 617 1689 πρὸς
631 1654 686 1689 γὰρ
703 1653 753 1690 τὴν
775 1652 849 1680 ἐκεί-

54 1711 96 1728 νου
119 1701 220 1737 χροιὰν
235 1700 367 1736 ἁρμόττει
377 1701 400 1716 ¹⁷
414 1700 463 1736 τὴν
484 1699 593 1727 ἑαυτοῦ.
618 1699 674 1727 Καὶ
689 1700 706 1735 ἡ
721 1699 850 1730 σελευκὶς

55 1749 82 1776 τὸ
97 1748 205 1784 τπηνδν
222 1746 311 1778 οὕτως
328 1747 402 1774 ἐστὶν
429 1746 538 1782 ἀκρίσιν
559 1744 681 1781 ὀλέθριον
693 1767 700 1778 ,
717 1745 787 1773 ὥστε
801 1745 850 1772 καὶ

55 1796 112 1821 am
127 1794 164 1821 ἂν
187 1794 222 1828 τῇ
245 1793 310 1827 σκιᾷ
333 1791 435 1826 ταύτης
453 1791 655 1827 καταληφθεῖεν
679 1790 848 1826 φθείρονται.

57 1842 164 1872 Ἀλλοις
181 1840 267 1867 πάλιν
282 1839 300 1874 ἡ
316 1839 364 1872 νὺξ
374 1859 381 1871 ,
397 1838 454 1866 ἀλλ’
469 1838 529 1873 οὐχὶ
543 1838 574 1864 τὸ
591 1837 649 1872 φῶς
668 1837 726 1863 ἐστι
742 1837 775 1871 τῇ
791 1835 851 1870 ὄψει

57 1887 198 1922 ἁρμόδιον.
220 1885 279 1913 Καὶ
293 1885 381 1921 τροφὴ
400 1884 480 1911 πάλιν
497 1884 588 1915 ἄλλοις
604 1884 620 1918 ἡ
634 1883 721 1919 ἑτέρῳ
730 1882 753 1901 ’9
770 1881 851 1909 θανά-

59 1941 148 1969 σιμος.
162 1931 249 1959 Ἀλλὰ
262 1931 310 1958 καὶ
321 1931 352 1958 τὺ
365 1931 447 1957 ποτδν
465 1931 495 1957 οὐ
513 1931 580 1956 πᾶσι
593 1930 648 1960 τοῖς
661 1928 741 1961 ζώοις
755 1928 852 1963 χρήσι-

60 1990 119 2015 μον.
134 1979 174 2009 To
185 1978 217 2006 δέ
227 1987 260 2013 γε
273 1977 366 2012 οὐρεῖν
380 1976 554 2011 τετραπόδων
568 1975 618 2011 μὲν
631 1975 712 2006 ἐνίοις
725 1974 755 2000 οὐ
768 1973 857 2009 πρόσ-,

58 2035 113 2053 εστι
121 2047 130 2059 ,
142 2024 258 2060 πτηνῶν
269 2024 296 2051 δὲ
306 2023 405 2050 οὐδενί.
420 2022 477 2050 Καὶ
488 2021 516 2048 τί
529 2022 570 2048 δεῖ
580 2021 670 2056 λέγειν
684 2019 755 2047 κατὰ
770 2020 852 2055 μέρος

58 2072 103 2103 τέις
113 2072 144 2098 ἐν
157 2072 217 2102 τοῖς
232 2069 314 2102 ζώοις
329 2068 393 2105 [554
408 2067 461 2104 IL]
478 2067 581 2103 τροφῆς
598 2075 628 2093 τε
645 2065 792 2093 καὶπότου
804 2064 853 2091 καὶ

58 2117 230 2144 διαπλάσεων
245 2116 294 2142 καὶ
305 2114 378 2150 ᾠδῆς
401 2115 448 2141 καὶ
464 2113 544 2148 σιγῆς
559 2112 609 2139 καὶ
624 2112 707 2148 μονῆς
724 2111 771 2138 καὶ
785 2112 853 2138 ἁπο-

58 2164 158 2199 ὀημίας
168 2163 219 2190 καὶ
231 2162 365 2189 ἐπανόδου
386 2161 435 2188 καὶ
454 2159 606 2196 ὑπηρεσίας
625 2158 673 2186 καὶ
697 2156 854 2193 ἐλευθερίας

891 227 1000 262 propria
1027 231 1136 254 exutam
1150 227 1280 260 eﬂicacia,
1301 228 1336 255 ab
1356 227 1399 258 illa
1415 229 1563 258 multorum
1582 232 1681 267 abripi.

891 273 1048 307 Eademque
1069 272 1159 300 dicere
1173 272 1233 307 quis
1246 278 1337 307 posset
1349 273 1383 301 de
1394 274 1485 308 lignis,
1500 277 1682 310 graminibus,

891 319 984 348 herbis
1005 325 1033 347 et
1057 320 1182 347 omnibus
1206 320 1379 348 animalibus.
1409 320 1439 349 Si
1464 321 1546 357 igitur
1570 330 1684 358 genescs

891 365 950 393 alia:
968 364 1002 393 ab
1016 365 1076 393 aliis
1092 365 1207 394 invicem
1220 371 1389 400 avertantur,
1402 367 1439 395 ita
1454 371 1484 395 ut
1501 369 1618 396 filiorum
1634 377 1684 404 ge-

891 419 969 440 ueses
995 416 1138 447 parentum
1165 413 1297 447 genesim,
1311 417 1337 440 et
1352 413 1448 441 horum
1463 423 1558 443 rursus
1576 415 1682 443 illorum

891 458 1046 491 destruant,
1066 462 1094 485 et
1108 458 1233 486 similiter
1250 459 1393 493 coniugum
1411 459 1481 488 inter
1498 468 1539 493 se,
1555 465 1620 488 utet
1631 461 1684 488 do-

891 511 997 531 morum
1024 503 1132 539 genesis
1149 503 1209 531 illas
1238 504 1435 540 habitantium,
1456 505 1499 533 vel
1521 511 1616 533 contra
1632 506 1683 534 ho-

890 557 950 578 rum
965 551 1050 586 ipsam
1071 551 1211 578 domorum
1240 551 1377 586 genesim,
1393 556 1486 586 atque,
1500 557 1529 579 ut
1544 553 1627 583 semel
1643 554 1684 580 di-

892 603 963 626 cam,
987 603 1019 624 ea
1042 595 1110 623 fiant
1128 604 1188 631 qum
1211 596 1266 631 jam
1288 597 1359 629 dicta
1388 602 1466 630 sunt,
1485 598 1599 631 ipsamot
1625 606 1685 627 sese

892 642 1000 678 genesis
1025 643 1146 678 undique
1172 643 1271 671 evertit
1293 648 1320 670 et
1346 643 1480 672 dissolvit.
1502 644 1549 672 Sic
1572 644 1684 679 quidem

892 689 981 723 capite
994 689 1201 724 quadragesimo
1221 690 1342 717 secundo
1354 690 1483 725 disputat.

932 733 1035 762 Deinde
1049 735 1138 769 capite
1163 735 1297 770 proximo,
1322 735 1404 763 variis
1424 735 1578 763 actionibus
1604 740 1686 770 atque

894 779 1091 813 affectionibus,
1112 780 1198 815 iisque
1210 780 1250 808 vel
1266 781 1434 809 naturalibus
1450 781 1491 809 vel
1500 781 1604 815 liberis,
1619 783 1684 809 eub-

892 826 938 862 jici
955 831 1008 853 tam
1020 833 1081 861 qua:
1093 827 1119 853 in
1133 831 1216 859 terra,
1231 834 1314 862 quam
1330 834 1389 860 qum
1418 827 1444 854 in
1469 834 1532 854 aere
1559 831 1586 857 et
1616 827 1684 854 mari

896 873 1042 906 exsistunt,
1058 873 1139 900 etiam
1159 880 1217 905 nos,
1237 873 1335 907 inquit,
1353 872 1488 901 fatemur:
1510 881 1542 901 ac
1565 874 1684 903 necessi-

897 923 978 946 tatem
995 918 1104 946 fatalem
1116 919 1212 946 horum
1228 918 1348 945 omnium
1367 926 1477 946 causam
1492 926 1563 951 esse,
1581 919 1606 946 id
1620 927 1685 946 vero

896 968 924 992 et
944 971 1112 998 aversamur,
1129 969 1156 991 et
1175 965 1374 999 redarguimus,
1393 964 1474 991 ducto
1507 964 1541 991 ab
1555 964 1685 992 inanimis

897 1011 975 1038 initio
987 1011 1021 1038 ad
1035 1010 1148 1038 rationis
1163 1011 1284 1044 expertia
1304 1010 1452 1037 animantia
1476 1010 1682 1043 descendentes,

897 1057 1014 1092 indeque
1028 1057 1060 1084 ad
1075 1056 1214 1084 hominem
1239 1057 1346 1083 ratione
1367 1056 1509 1090 praeditum
1530 1063 1683 1083 sermonem

897 1107 1096 1131 convertentes.
1113 1102 1311 1137 Maguesigitur
1321 1102 1387 1136 lapis
1402 1102 1502 1129 ferrum
1516 1102 1550 1129 ad
1564 1110 1593 1129 se
1605 1102 1684 1136 rapit,

896 1157 947 1178 nec
959 1150 1016 1184 ipse
1042 1150 1112 1184 rapit
1129 1149 1327 1180 tantummodo,
1340 1150 1387 1177 sed
1402 1153 1430 1177 et
1448 1149 1510 1176 huic
1536 1148 1689 1184 aliquid‘ad:

896 1204 926 1224 se
942 1195 1043 1224 ferrum
1064 1196 1187 1230 rapiendi
1211 1196 1264 1222 vim
1292 1196 1395 1228 tribuit,
1429 1200 1457 1223 et
1485 1196 1551 1228 huic
1577 1203 1692 1227 rursum,

896 1242 981 1275 aliud,
1011 1242 1046 1270 ad
1074 1243 1150 1277 plura
1177 1249 1274 1277 usque.
1294 1242 1433 1271 Dictamus
1460 1249 1568 1277 quoque
1601 1241 1686 1270 herba

896 1288 1036 1315 venenatis
1052 1281 1215 1318 animalibus
1228 1278 1306 1315 adeo
1321 1287 1430 1315 inimica
1448 1292 1500 1319 est,
1519 1292 1549 1314 ut
1575 1287 1616 1314 vel
1630 1289 1688 1317 solo

896 1333 1012 1360 odoratu
1025 1337 1145 1367 recepta,
1160 1332 1276 1360 nocendi
1292 1332 1345 1359 vim
1373 1340 1480 1360 omnem
1495 1332 1603 1367 eripiat.
1624 1332 1686 1360 Sola

897 1379 961 1407 item
976 1379 1047 1406 inter
1062 1378 1161 1406 herbas
1184 1378 1355 1413 aglaophotis
1373 1378 1428 1413 (62)
1447 1378 1484 1405 ita
1507 1384 1586 1406 noctu
1602 1378 1687 1411 lucet,

897 1430 927 1453 ut
941 1425 1060 1453 nominis
1076 1425 1258 1459 veriloquium
1277 1425 1389 1457 indicat,
1407 1429 1434 1452 et
1453 1432 1566 1459 carpere
1583 1432 1697 1452 couan-.

898 1475 952 1499 tem
969 1471 1087 1505 refugit;
1103 1471 1184 1504 idque
1205 1471 1325 1498 radicata
1341 1478 1402 1497 eum
1417 1471 1464 1504 sit,
1479 1470 1567 1498 locum
1584 1479 1617 1498 ex
1629 1471 1697 1502 loco.

899 1520 994 1545 contra
1010 1521 1134 1543 naturam
1147 1521 1256 1543 mutans
1271 1523 1278 1541 ι
1292 1522 1380 1550 neque
1393 1515 1465 1542 enim
1479 1523 1539 1550 quae.
1553 1515 1690 1542 radicibus

902 1562 1007 1590 haerent
1025 1561 1174 1588 transitive
1201 1565 1275 1587 motu
1292 1561 1404 1595 praedita
1422 1565 1496 1588 sunt.
1518 1560 1692 1593 Chamaaleon

899 1608 992 1635 adhtec
1007 1606 1107 1634 animal
1133 1607 1159 1634 in
1177 1606 1276 1633 multos
1293 1606 1398 1634 colores
1416 1613 1517 1641 corpus
1532 1611 1690 1641 mulatLta:

902 1653 990 1688 lisque
1010 1653 1123 1680 omnino
1143 1651 1368 1688 apparettquale
1383 1653 1455 1687 quod
1471 1652 1508 1679 illi
1530 1652 1687 1687 adiunctum

901 1705 982 1735 atque
1003 1699 1154 1735 subjectum
1170 1704 1220 1730 est.
1242 1699 1301 1731 sive
1330 1699 1444 1734 lignum,
1471 1697 1528 1726 sive
1544 1699 1623 1733 lapis,
1641 1706 1688 1726 seu

901 1745 965 1780 quid
989 1744 1061 1772 aliud
1089 1743 1187 1772 fuerit:
1205 1743 1332 1779 adimus
1358 1743 1430 1771 enim
1459 1744 1577 1771 colorem
1606 1743 1688 1771 etiam

901 1799 978 1819 suum
995 1794 1079 1825 aptat.
1096 1789 1216 1818 Seleucis
1240 1790 1351 1825 insuper
1380 1789 1438 1816 avis
1455 1797 1541 1824 usque
1564 1789 1632 1816 adeo
1647 1789 1687 1816 lo-

901 1837 985 1865 custis
996 1836 1169 1866 estinimica.
1182 1835 1280 1870 2151:
1305 1839 1335 1862 ut
1349 1839 1482 1870 quotquot
1494 1834 1553 1870 eius
1566 1834 1689 1862 umbram

902 1883 1028 1916 subeunt,
1045 1882 1191 1909 intereant.
1205 1880 1273 1907 Aliis
1291 1888 1397 1907 rursum
1417 1888 1470 1908 nox
1491 1884 1533 1908 est
1552 1880 1585 1907 ad
1599 1879 1692 1907 viden-

902 1929 966 1957 dum
977 1936 1057 1963 quam
1068 1927 1125 1955 dies
1141 1926 1371 1954 accommodatior
1386 1935 1392 1952 :
1408 1925 1468 1953 aliis
1481 1926 1562 1953 etiam
1576 1925 1690 1953 alimen-

905 1981 961 2002 tum
981 1974 1045 2001 illud
1060 1978 1113 2006 est,
1135 1973 1207 2008 quod
1229 1972 1307 2000 alteri
1327 1971 1427 2000 lethale
1439 1972 1485 2004 sit,
1505 1971 1552 1999 sed
1567 1977 1594 1999 et
1610 1976 1690 2007 potus

903 2028 956 2049 non
971 2020 1097 2048 omnibus
1110 2018 1237 2046 convenit
1248 2018 1442 2046 animantibus.
1461 2017 1589 2051 Qmedam
1599 2017 1692 2044 adhzec

904 2067 931 2095 in
961 2064 1193 2100 quadrupedibus,
1222 2063 1344 2092 volatilia
1369 2071 1435 2091 vero
1456 2063 1559 2095 omnia,
1584 2063 1690 2090 urinam

905 2111 1035 2141 reddendi
1063 2111 1194 2139 facultate
1221 2109 1414 2139 destituuntur.
1441 2110 1473 2136 Et
1500 2109 1565 2145 quid
1594 2109 1692 2136 attinet

906 2159 1044 2195 sigillatim
1061 2157 1241 2185 animantium
1265 2156 1387 2184 infinitas
1405 2154 1573 2183 differentias
1590 2158 1647 2186 tum
1665 2154 1702 2186 in,

60 2209 118 2245 [684
131 2208 181 2245 R.]
197 2207 379 2243 σωφροσύνης
394 2215 424 2233 τε
440 2205 488 2233 καὶ
505 2204 684 2239 πολυγαμίαςι
697 2203 744 2230 καὶ
766 2203 846 2238 ἐργα-

906 2205 977 2238 cibo,
991 2209 1047 2232 tum
1060 2204 1087 2232 in
1103 2208 1179 2240 potu,
1196 2203 1222 2230 in
1238 2203 1335 2238 figura.
1348 2203 1376 2229 in
1392 2207 1474 2236 cantu
1490 2205 1517 2229 et
1529 2201 1654 2234 silentio,
1666 2201 1701 2231 in,

61 2255 116 2286 σίας
132 2254 184 2281 καὶ
206 2252 309 2288 ἀργίας
325 2251 494 2287 θρασύτητός
509 2259 539 2277 τε
553 2250 602 2277 καὶ
612 2248 716 2280 δειλίας
730 2248 779 2275 καὶ
798 2247 853 2274 τῶν

62 2292 144 2326 ἄλλων
160 2298 362 2334 ἀναριθμήτων
375 2297 528 2331 διαφοράς;
550 2295 617 2322 Ποία
639 2295 729 2322 τοίνυν
752 2294 853 2329 δρόμου

61 2346 165 2380 κίνησις
180 2344 300 2371 ἕκαστον
313 2343 391 2377 γένος
408 2343 528 2370 τοιοῦτον
544 2342 699 2377 ὑπέστησεῖς
723 2341 767 2368 διὰ
781 2340 808 2367 τί
824 2340 854 2367 δὲ

60 2394 86 2419 :‘o
105 2393 169 2419 ὅλον
191 2392 273 2425 γένος
292 2390 428 2423 τοιοῦτον,
447 2391 495 2417 καὶ
518 2389 584 2416 οὔτε
604 2387 695 2422 λαγὼς
711 2387 852 2424 θρασυνθῇ

61 2438 116 2465 οὔτε
130 2438 206 2464 λέων
225 2437 358 2464 δειλιάσει
369 2437 391 2452 ⁸³
403 2457 409 2468 ,
424 2436 479 2463 οὐδ’
497 2435 561 2463 ἄλλο
573 2443 601 2462 τι
616 2434 666 2470 τῆς
685 2434 757 2461 κατὰ
773 2433 854 2467 γένος

62 2487 103 2511 ναὶ
116 2483 318 2520 προσηκούσης
333 2483 407 2518 αὑτῷ
417 2482 558 2517 ἐνεργείας
568 2480 618 2516 τὴν
634 2480 725 2515 φυγὴν
741 2479 854 2515 μελετή-

63 2538 127 2557 πειεν
137 2551 146 2562 ,
173 2529 233 2556 ἀλλ’
254 2527 372 2555 ἕκαστον
386 2528 465 2562 γένος
478 2527 539 2554 ὅλον
563 2527 658 2562 ὅμοιον
669 2544 678 2557 ,
696 2524 776 2560 μόνον
788 2525 810 2541 ¹⁰
823 2524 853 2551 δὲ

62 2578 115 2608 ταῖς
129 2575 300 2612 μεταϐολαῖς
310 2574 341 2601 τὺ
350 2575 405 2602 τῶν
418 2573 571 2609 ἀνθρώπων
581 2573 660 2608 γένος
671 2570 851 2605 ποικίλλεται;

905 2251 1045 2279 mansione
1059 2255 1086 2278 et
1110 2249 1272 2285 migratione
1289 2256 1321 2276 ac
1337 2248 1433 2280 reditu,
1459 2247 1487 2275 in
1514 2246 1645 2283 obsequio
1666 2250 1695 2273 et

906 2297 1042 2330 libertate,
1061 2296 1089 2323 in
1112 2295 1291 2330 temperantia
1307 2299 1334 2322 et
1352 2293 1476 2326 libidine,
1499 2293 1526 2320 in
1550 2292 1644 2326 labore
1667 2295 1695 2319 et

905 2341 972 2374 otio,
989 2341 1016 2368 in
1032 2340 1145 2368 audacia
1157 2344 1184 2367 et
1199 2339 1355 2371 timiditate,
1369 2343 1451 2373 atque
1464 2338 1492 2365 in
1504 2337 1564 2371 aliis
1577 2337 1695 2366 itttiuitis

907 2386 1075 2415 recensere?
1093 2385 1186 2420 Qualis
1201 2393 1266 2420 ergo
1279 2384 1408 2412 curriculi
1435 2383 1526 2411 fatalis
1547 2388 1637 2411 motus
1652 2388 1695 2410 ta-

908 2432 942 2460 lis
957 2436 986 2459 ut
1000 2435 1082 2463 esset,
1095 2438 1180 2467 genus
1194 2431 1333 2466 quodlibet
1351 2429 1443 2457 effecit
1456 2429 1468 2457 τ
1486 2437 1534 2456 cur
1557 2437 1622 2457 vero
1634 2429 1697 2456 uni-

907 2485 1015 2505 versum
1027 2484 1112 2511 genus
1130 2476 1261 2509 ejusmodi
1278 2480 1329 2508 est,
1345 2480 1374 2502 ut
1388 2482 1477 2510 neque
1491 2474 1568 2510 lepus
1584 2474 1695 2506 audeat.

906 2530 995 2558 neque
1010 2523 1052 2550 leo
1066 2527 1170 2557 paveat,
1184 2529 1270 2556 neque
1280 2522 1351 2549 aliud
1364 2521 1446 2549 ullum
1455 2520 1566 2553 animal,
1576 2521 1696 2548 innatam

906 2577 955 2597 suo
970 2569 1062 2604 generi
1078 2568 1265 2603 operationem
1277 2567 1363 2595 vitare
1383 2573 1497 2596 conetur
1510 2575 1519 2600 ;
1535 2567 1582 2595 sed
1598 2574 1697 2598 unum,

722 2664 842 2694 VARIE
861 2662 1066 2692 LECTIONES.

96 2715 119 2730 “
131 2715 213 2742 δίκτα

216 2723 267 2750 tto;
277 2714 299 2741 C
312 2723 357 2750 ς,
382 2716 405 2737 Ῥ
416 2714 523 2746 τοιοῦτο
533 2715 565 2740 Λ.
589 2713 626 2750 71³
639 2713 702 2750 ἄλλο
710 2721 739 2750 τι
753 2713 774 2739 Α
792 2721 798 2738 :
815 2712 876 2750 5,}:
893 2720 923 2750 ς.
938 2745 944 2750 Ι
962 2711 984 2725 ’⁷
996 2710 1126 2745 ἁρμόττει
1135 2711 1157 2737 Δ
1168 2719 1174 2737 :
1186 2709 1333 2746 ἀρμολογεῖ
1343 2717 1374 2742 ς.
1412 2708 1434 2725 ²¹
1445 2708 1531 2744 ἑτέρῳ
1544 2706 1673 2735 Sehottus
1686 2723 1695 2733 .

66 2747 123 2778 ﬁbri
137 2745 232 2786 ἑτέρα.
258 2745 296 2766 7”
311 2745 435 2786 δειλιάσῃ
450 2758 481 2781 ς.
519 2750 542 2765 ³⁸
560 2749 642 2784 μόνον
673 2748 802 2779 Schottus
818 2757 825 2775 :
839 2746 900 2774 libri
911 2745 1019 2782 μόναις.

813 2802 929 2834 ΝΟΤΕ.

102 2853 157 2892 {62)
176 2852 250 2891 Lege
269 2854 398 2888 Plinium,
416 2855 462 2886 lib.
481 2862 627 2892 uincat).
645 2854 688 2888 i'l,
701 2857 728 2884 et
747 2852 849 2883 {Ellam
870 2851 907 2880 Dc
919 2850 1031 2880 animal.
1047 2849 1095 2879 lib.
1108 2857 1164 2884 ςιν,
1177 2856 1237 2884 cap.
1252 2848 1296 2880 27,
