1920 3090
235 127 288 160 855

813 126 927 157 ΡΗΟΤΙ
932 127 944 156 Ι
956 126 1210 157 PATRIARCHE)
1223 128 1277 158 ΟΡ.

1803 131 1858 162 85ἦ

234 183 360 218 quodque
377 190 461 219 genus
483 187 568 211 totum
593 183 708 211 inlorme
731 183 777 217 sit,
801 184 927 218 solusque
943 184 1023 210 homo

1079 183 1098 209 ai
1113 183 1136 210 δ’
1158 184 1174 219 ἡ
1197 184 1303 218 γένεσις
1320 184 1436 212 ἕκαστον
1447 185 1524 219 γένος
1538 186 1567 212 ἐν
1583 185 1622 221 τῷ
1635 186 1729 222 οἰκείῳ
1743 186 1793 222 τῆς
1809 187 1862 222 φύ-

235 229 431 256 mutationibus
441 229 580 257 varietur?
596 228 671 262 Quod
685 229 708 256 si
724 236 772 264 per
792 229 913 265 genesim
925 237 1021 256 unum-

235 279 361 309 quodque
372 281 457 310 genus
473 275 499 302 in
514 274 622 309 proprio
635 279 737 302 natura;
753 282 830 302 more
842 275 942 310 ubique
957 282 1023 301 con-

236 326 370 352 servatur,
387 321 523 356 quomodo
537 321 703 348 contrarium
722 320 749 348 in
765 320 921 348 hominibus
942 328 1022 356 repe-

238 369 307 395 ritur
317 368 330 394 ?
341 368 446 395 Etenim
462 368 489 395 in
503 375 535 395 eo
550 367 682 395 timiditas
694 372 723 394 et
737 367 862 401 audacia,
880 367 1020 394 iracundia

238 418 265 440 et
279 413 466 445 mansuetudo,
481 412 642 448 improbitas
664 417 691 440 et
717 412 851 448 probitas,
879 413 1024 446 omniaque

237 459 305 486 adeo
318 459 466 486 contraria.
485 457 536 486 Ubi
549 463 590 486 est
601 458 736 494 igiturille
752 465 883 494 geneseos
902 458 1022 486 cursus?

238 505 285 533 ubi
308 510 411 540 septem
432 504 556 540 planetae,
581 509 610 532 et
631 505 772 533 duodecim
795 504 900 533 zodiaci
925 505 1026 539 signa?

239 551 308 585 Quid
325 551 434 578 tandem
446 551 603 579 hominibus
620 556 721 579 tantam
736 552 838 586 praebet
850 551 1025 579 aﬂ‘ectionum

239 597 443 632 studiorumque
459 597 627 628 varietatem.
647 598 754 625 caeteris
769 605 820 624 non
833 597 1027 624 item?Asinus

239 642 312 670 enim
327 642 427 676 ubique
443 650 525 669 onera
544 647 641 678 gestat,
659 643 780 677 pardalis
798 650 880 676 rapax
910 646 961 675 est,
975 650 1027 669 cte-

240 691 353 722 teraque
365 688 465 722 speciei
481 695 537 715 sua:
551 689 674 715 ordinem
691 693 810 716 servant.
831 688 931 716 Eodem
947 696 1026 723 pror-

241 740 288 761 sus
304 733 384 761 modo
408 738 435 761 et
460 741 520 769 qua:
548 734 635 762 brutis
660 735 844 762 animantibus
878 735 1027 762 secundum

241 778 375 814 cujusque
394 780 512 814 speciem
528 780 599 807 inest
613 786 720 814 natura,
738 788 798 807 cum
813 780 945 815 genesim,
970 785 1026 806 tum

242 824 354 852 circiter
369 832 428 852 eam
453 827 609 853 exorientes
631 826 736 858 stellas,
761 833 926 860 omnemque
951 825 1025 852 illam

1074 236 1142 260 σεως
1165 228 1225 263 ἤθει
1251 229 1389 265 πανταχοῦ
1402 230 1529 263 διασώζει
1549 251 1556 264 ,
1571 232 1630 263 πῶς
1653 232 1683 258 ἐν
1704 232 1862 268 ἀνθρώποις

1072 273 1226 301 τούναντίον
1250 275 1426 310 εὖρίσκεται;
1442 275 1558 312 καὶγὰρ
1582 276 1669 304 δειλία
1685 277 1732 304 καὶ
1755 277 1862 313 θρασύ-

1072 328 1122 353 της
1132 340 1139 352 ,
1157 320 1243 356 θυμδς
1255 322 1302 348 καί
1317 322 1438 358 πραότης
1447 343 1455 354 ,
1469 324 1623 359 κακουργία
1635 323 1683 351 καὶ
1696 325 1861 360 χρηστότης,

1073 366 1121 393 καὶ
1137 367 1267 394 τάναντία
1282 368 1380 395 πάντα.
1398 368 1453 395 Ποῦ
1476 366 1522 397 οὖν
1536 370 1551 395 6
1566 370 1616 405 τῆς
1640 370 1774 405 γενέσεως
1801 370 1863 406 δρί-

1075 421 1142 448 μος;
1159 413 1209 449 οὐχ
1223 414 1293 441 ἑπτὰ
1310 414 1334 441 oi
1359 414 1494 451 πλάνητες
1517 416 1565 442 καὶ
1587 415 1672 448 costa
1696 416 1819 449 δώδεκα;
1836 417 1864 442 τί

1074 458 1106 493 δή
1123 459 1181 486 ποτ’
1198 459 1245 487 οὖν
1260 461 1317 492 τοῖς
1336 460 1489 496 ἀνθρώπως
1504 461 1625 497 παρέσχε
1641 461 1737 488 παθῶν
1757 471 1787 488 τε
1798 471 1863 488 τοσ-

1076 505 1163 540 αύτην
1177 506 1224 532 καὶ
1241 506 1466 542 ἐπιτηδευμάτων
1476 507 1608 543 διαφοράν
1617 528 1625 541 ,
1647 509 1703 540 τοῖς
1716 508 1744 534 δὲ
1759 508 1865 540 λοιποῖς

1076 554 1185 586 οὺκέτις
1206 555 1287 582 Ἀλλὰ
1306 554 1444 590 πανταχοῦ
1463 555 1512 590 μὲν
1535 555 1595 587 ὄνος
1608 555 1771 591 άχθοφορεῖ.
1794 557 1870 593 παρτ

1077 596 1151 628 δαλις
1163 596 1191 623 δὲ
1207 595 1340 632 ἁρπάζει,
1358 598 1405 624 καὶ
1417 597 1451 623 τά
1468 597 1537 625 ἄλλα
1546 597 1593 624 τοῦ
1605 597 1692 629 εῐδους
1703 598 1750 625 τὸν
1768 598 1867 633 εἱρμὸν

1079 643 1207 678 συντηρεῖ
1217 642 1317 678 ὁμοίως
1329 663 1337 676 ,
1353 643 1400 670 καὶ
1416 644 1478 678 νικᾷ
1493 643 1547 670 τῶν
1561 643 1667 678 ἀλόγων
1684 644 1786 680 ζώωνή
1805 645 1867 671 κατ’

1078 686 1148 720 εἴδος
1158 687 1239 722 φύσις
1249 689 1299 724 τήν
1312 697 1340 716 τε
1354 689 1460 723 γένεσιν
1473 689 1521 716 καὶ
1533 690 1597 720 τοὺς
1612 690 1869 725 παρανατι-Άλοντας

1079 734 1127 762 καὶ
1152 734 1241 761 πάντα
1261 735 1307 762 τὸν
1328 735 1434 770 μακρὸν
1449 735 1553 761 ἐκεῖνον
1574 735 1657 771 λῆρον
1667 735 1699 762 ³⁸.
1714 735 1771 762 Ποῦ
1786 735 1844 771 γὰρ
1855 736 1870 762 6

1081 781 1184 816 Ἀρης;
1209 781 1282 812 τίνος
1308 781 1363 807 τῶν
1382 781 1487 815 ἀλόγων
1510 780 1614 808 ὥπλισε
1637 781 1708 816 ξίφει
1725 781 1833 814 δεξιάν,
1851 782 1869 816 ἢ

1081 827 1185 863 θώρακι
1201 827 1231 854 τὸ
1246 827 1336 862 σῶμα,
1350 826 1367 861 ἢ
1387 827 1484 861 κράνει
1498 827 1546 862 τὴν
1561 827 1683 862 κεφαλὴν
1700 827 1871 861 ἠσφαλίσατο

241 871 350 907 longam
365 871 506 900 domorum
517 873 665 900 sortionem
680 873 774 900 vineit.
795 872 844 900 Ubi
859 873 930 900 enim
941 872 1028 899 Mars?

1079 873 1096 909 ἢ
1111 860 1219 909 κνήμας
1236 873 1252 909 ἢ
1266 860 1366 904 πόδαςξ
1383 860 1422 900 Οῦ
1437 873 1491 908 7&9
1505 860 1607 904 λῦκουςγ
1615 860 1717 899 ὥπλισε
1737 860 1809 899 κατὰ
1824 872 1872 899 λύ-

240 917 382 952 eujusnam
399 918 470 945 bruti
483 919 630 946 animantis
642 918 782 946 dexteram
797 919 886 954 gladio
900 918 1027 951 armavit,

240 962 285 990 vel
303 970 401 998 corpus
415 963 499 991 lorica
515 965 592 996 texit,
601 964 644 992 vel
658 965 734 1000 galea
753 969 835 1000 caput
851 969 956 992 tutatus
975 970 1027 996 est,

241 1013 287 1036 aut
301 1017 380 1037 crura
397 1015 443 1037 aut
460 1011 541 1045 pedes
552 1010 565 1037 τ
580 1010 635 1039 Nec
651 1012 722 1039 enim
735 1011 828 1047 lupum
840 1011 866 1039 in
879 1011 971 1047 lupum
986 1019 1029 1038 ar-

241 1056 335 1088 mavit,
355 1057 557 1092 nequelennum
571 1066 690 1094 unquam
705 1058 779 1087 acies
794 1059 865 1086 inter
875 1067 904 1086 se
913 1059 1030 1087 commi-

240 1103 285 1130 sit.
304 1103 368 1137 Quis
381 1108 470 1131 autem
486 1112 702 1133 commemorare
717 1107 835 1137 studeat,
848 1113 908 1140 qme
932 1112 1028 1133 recen-

240 1155 302 1176 sere
326 1153 407 1183 queat
422 1157 501 1177 nemo
518 1149 531 1177 ἲ
549 1149 578 1177 Si
590 1150 661 1178 enim
674 1150 741 1178 nihil
756 1155 833 1178 extra
851 1151 970 1186 genesim
989 1151 1028 1182 lit,

241 1196 378 1229 quomodo
389 1195 490 1222 nullum
504 1196 589 1230 sidus,
605 1204 660 1223 non
677 1203 773 1224 errans
786 1197 874 1229 stella,
892 1196 1028 1231 noujuxta

241 1240 339 1268 alicubi
368 1241 504 1272 exoriens,
529 1249 581 1269 non
601 1243 726 1278 signiferi
749 1243 854 1278 signum
879 1243 937 1270 haec
963 1250 1028 1270 con-

241 1286 341 1320 genitis
351 1286 438 1314 brutis
454 1287 566 1321 prtebet,
585 1295 645 1322 quae
660 1295 722 1315 cum
740 1288 850 1316 homine
873 1289 1028 1316 communi-

240 1333 340 1360 cavit?
358 1340 411 1360 non
430 1333 574 1360 textoriam
590 1338 689 1367 artem,
700 1341 754 1362 non
765 1334 924 1362 ferrariam:
940 1342 1029 1370 neque

241 1378 310 1405 alios
326 1378 435 1413 quidem
451 1379 597 1414 magistros
617 1379 679 1406 aliis
693 1379 739 1414 qui
753 1379 787 1407 ab
799 1379 919 1413 ejusdem
927 1381 1028 1415 speciei

242 1423 327 1451 sociis
344 1423 482 1451 discerent
511 1423 678 1452 constituit?
696 1424 724 1452 Si
744 1424 806 1460 quis
822 1424 892 1452 forte
913 1432 928 1453 a
949 1425 1028 1453 nobis

243 1468 333 1496 doceri
353 1469 480 1496 animalia
493 1469 650 1504 contendat,
666 1470 784 1505 primum
806 1471 915 1506 quidem
939 1478 1026 1506 pauca

243 1514 374 1548 ejusmodi
387 1515 522 1548 ostendet.
538 1520 565 1543 et
580 1523 629 1543 cur
644 1523 696 1544 non
715 1517 797 1545 etiam
809 1517 900 1545 omnia
914 1517 1029 1546 docean-
1043 1529 1065 1559 α

244 1565 298 1593 tur.
322 1559 457 1589 dillicilius
479 1562 532 1588 erit
553 1561 754 1590 demonstrare.
776 1562 878 1591 Deinde
893 1572 1030 1600 nunquam

243 1613 335 1634 mente
347 1611 395 1634 aut
409 1607 599 1642 intelligentia,
621 1609 848 1643 quemadmodum
862 1610 942 1638 homo
958 1620 965 1646 ;
983 1612 1031 1641 sed

248 1653 342 1681 fraude
355 1652 396 1681 vel
414 1653 511 1682 timere
535 1654 664 1681 animalia
681 1655 823 1683 docentur.
847 1655 1030 1688 Quemadmo-

244 1698 306 1725 dum
330 1698 418 1732 canis,
437 1698 480 1725 vel
508 1699 599 1732 simia,
629 1699 671 1727 vel
700 1707 799 1735 equus,
824 1702 845 1730 si
873 1702 1032 1732 verberibus

244 1750 414 1776 coerceatur,
431 1752 461 1770 ea
479 1752 540 1779 qum
552 1749 659 1772 ostensa
677 1746 714 1773 illi
728 1752 792 1774 sunt
807 1748 953 1776 observat:
973 1756 1027 1777 non

244 1789 317 1823 quod
333 1789 389 1816 haec
413 1789 513 1825 216a
530 1790 640 1818 domino
655 1791 730 1819 utilia
749 1791 807 1820 fore
823 1794 971 1828 existimet,
985 1796 1032 1824 sed

245 1835 317 1869 quod
333 1835 461 1867 caedatur,
479 1835 506 1862 ni
524 1835 616 1863 faciat.
636 1835 771 1865 Psittacus
787 1845 898 1874 quoque
913 1845 975 1868 astu
986 1841 1033 1869 de-

245 1884 341 1914 ceptus
366 1879 525 1916 [humanam
558 1881 667 1917 vocem]
687 1882 818 1916 imitatur,
846 1884 955 1918 quando
985 1893 1034 1920 per

247 1924 386 1958 speculum
409 1926 562 1960 appositum
584 1934 637 1954 non
653 1927 852 1956 animadvertit
866 1937 946 1964 quem
969 1930 1033 1958 imi-

246 1975 329 1999 tetur.
344 1971 474 1999 Clancqu
482 1972 554 2000 enim
570 1977 631 2008 post
646 1974 788 2008 speculum
806 1975 878 2010 quod
893 1975 1029 2012 objectum

245 2022 288 2044 cst
302 2017 456 2053 loquuntur,
475 2026 534 2052 quze
552 2019 660 2047 discere
685 2019 759 2055 ipsos
776 2021 906 2056 cupiunt:
933 2022 1033 2057 psitta-

246 2071 296 2099 cus
314 2071 390 2095 vero,
406 2069 482 2092 ratus
497 2071 528 2092 se
548 2065 630 2092 alium
646 2065 792 2100 psittacum
822 2067 924 2101 videre,
950 2075 1034 2096 voces

246 2107 306 2136 illas
322 2109 477 2143 exprimere
489 2115 613 2144 conatur,
632 2111 699 2138 nihil
712 2111 822 2140 interim
836 2121 896 2147 qua:
906 2114 1035 2142 dicuntur

246 2153 413 2189 intelligens,
430 2161 493 2184 cum
504 2155 596 2184 omnia
611 2157 756 2185 articulate
769 2158 906 2187 didicerit.
922 2159 955 2187 Et
968 2168 1032 2188 vero

246 2200 323 2237 solus
345 2201 487 2236 psittacus,
517 2210 571 2230 non
597 2208 686 2231 autem
711 2204 812 2239 aquila,
844 2213 932 2240 neque
960 2207 1032 2233 aliud
1049 2191 1072 2219 Β

247 2247 330 2274 ullum
354 2248 454 2275 animal
481 2248 521 2276 sic
536 2249 660 2278 docetur.
699 2250 734 2282 At
748 2251 885 2286 quomodo
900 2260 953 2280 non
969 2252 1035 2287 illud

247 2301 354 2328 rursum
372 2298 465 2321 contra
485 2295 593 2329 genesis
613 2294 708 2329 legem,
727 2297 799 2332 quod
813 2305 874 2324 cum
893 2299 951 2326 haec
979 2306 1035 2326 ca:—

247 2344 306 2367 tera
330 2341 457 2368 animalia
487 2342 593 2369 ratione
616 2342 743 2371 destituta
768 2344 914 2380 producat,
937 2352 1034 2373 eorum

248 2390 337 2413 tamen
355 2386 445 2422 aliqua
457 2386 491 2414 ab
513 2387 668 2420 hominibus
691 2390 852 2422 doceantur,
870 2397 1034 2426 superetque

247 2439 378 2467 geneseos
399 2433 531 2461 terminos
554 2433 578 2461 is
603 2434 649 2469 qui
667 2442 804 2469 nunquam
827 2436 908 2471 hujus
930 2436 1034 2471 legibus

246 2477 370 2505 solvitur.
391 2478 418 2506 Si
442 2486 506 2506 vero
521 2479 603 2507 etiam
633 2488 698 2515 apes
714 2481 747 2508 ab
761 2481 877 2509 invicem
890 2483 981 2510 doceri
992 2484 1034 2510 αι.

245 2523 348 2556 xerint,
373 2524 400 2551 in
418 2525 460 2552 his
479 2533 588 2560 quoque
614 2525 711 2554 falsum
738 2531 865 2556 tuentur:
896 2536 911 2555 a
934 2534 1031 2556 natura

246 2570 331 2603 enim,
359 2578 412 2598 non
433 2571 467 2599 ab
480 2576 539 2600 arte
556 2578 685 2607 operatur
709 2574 778 2608 apis.
810 2574 974 2610 Quanquam
992 2576 1031 2605 sic

245 2616 328 2643 etiam
356 2615 499 2644 diﬂicultas
524 2623 668 2652 augeatur.
688 2618 745 2647 Cur
773 2620 846 2647 enim
862 2629 952 2656 neque
977 2622 1029 2653 alia

246 2662 275 2689 in
291 2669 340 2690 suo
356 2670 471 2699 quaeque
483 2670 582 2696 genere
594 2664 665 2692 inter
680 2672 709 2693 se
725 2670 771 2693 aut
788 2666 896 2699 docent,
917 2672 965 2694 aut
986 2668 1031 2696 do-

245 2709 361 2737 nentur?
385 2708 451 2744 Quis
463 2710 537 2738 enim
551 2717 650 2739 corvos
664 2716 711 2744 aut
738 2711 859 2747 vultures
882 2712 976 2740 volare
988 2713 1033 2740 do-

1079 928 1153 953 κων,
1180 919 1242 947 οὐδὲ
1265 919 1383 946 λεόντων
1408 919 1590 954 συνεκρότησε
1611 919 1764 954 φάλαγγας.
1788 918 1872 946 Ἀλλὰ

1078 965 1120 996 τίς
1135 964 1260 997 διεξιέναι
1273 964 1440 1000 φιλονεικοίη
1453 965 1488 991 τὰ
1502 964 1672 1000 Misit-rma;
1685 965 1708 991 εί
1721 965 1776 1000 7&9
1791 964 1872 991 οὐδὲν

1079 1010 1155 1041 me;
1168 1011 1301 1044 γενέσεως
1310 1031 1317 1043 ,
1340 1011 1400 1043 πῶς
1414 1011 1501 1042 οὐδεὶς
1515 1011 1603 1046 ἀστὴρ
1614 1031 1621 1044 ,
1642 1011 1673 1038 οὺ
1690 1010 1796 1045 πλάνης
1806 1031 1814 1042 ,
1838 1010 1871 1037 οὐ

1079 1056 1306 1091 παρανατέλλων,
1319 1057 1349 1084 οὐ
1357 1057 1452 1088 ζώδιον
1470 1056 1558 1084 ταῦτα
1572 1057 1630 1088 τοῖς
1646 1056 1796 1092 όμοφυέσιν
1811 1056 1874 1082 άλὸ-

1079 1109 1138 1136 γοις
1158 1101 1274 1137 παρέχει
1287 1123 1294 1134 ,
1312 1099 1353 1134 οἷς
1363 1102 1409 1128 τὸν
1427 1101 1570 1137 ἄνθρωπον
1593 1101 1796 1137 κατεμέρισενς
1820 1100 1872 1135 οὐχ

1079 1147 1246 1181 ὑφαντικὴν,
1261 1148 1292 1174 οὐ
1305 1147 1504 1183 χαλκευτικήνς
1517 1147 1548 1174 οὐ
1560 1147 1614 1174 τῶν
1628 1147 1676 1182 μὲν
1689 1148 1728 1178 εἰς
1742 1147 1873 1174 διδασκά-

1079 1194 1142 1226 λους
1154 1214 1162 1227 ,
1188 1194 1253 1226 τοὺς
1267 1194 1296 1221 δὲ
1314 1195 1390 1230 παρὰ
1409 1194 1464 1221 τῶν
1487 1194 1617 1229 ὁμοειδῶν
1643 1193 1789 1229 μανθάνειν
1806 1201 1873 1219 συν-

1080 1240 1214 1274 έστησενς
1242 1240 1265 1266 εί
1292 1240 1321 1266 δέ
1352 1248 1394 1271 τις
1404 1240 1470 1274 παρ’
1484 1239 1563 1275 ἡμῶν
1587 1239 1759 1266 διδάσκεσθαι
1783 1239 1875 1265 ταῦτα

1080 1285 1138 1321 ἐρεῖ
1148 1305 1155 1317 ,
1173 1285 1281 1320 πρῶτον
1298 1285 1347 1320 μὲν
1357 1285 1437 1319 ὀλίγα
1449 1285 1547 1318 δείξει,
1562 1286 1608 1312 καὶ
1621 1285 1665 1312 διὰ
1679 1285 1704 1311 τί
1717 1285 1754 1320 μὴ
1769 1285 1873 1316 πάντα,

1081 1331 1162 1358 πλέον
1175 1331 1455 1368 ἀπορήσει-δεύτερον
1470 1332 1530 1367 οὐχὶ
1545 1332 1584 1368 νῷ
1599 1332 1647 1358 καὶ
1663 1331 1803 1367 ἐπιστήμῃ
1818 1331 1876 1358 ὥσ-

1080 1386 1133 1413 περ
1142 1378 1294 1414 ἄνθρωπος,
1305 1377 1464 1414 ἀλλ’άπάτῃ
1476 1379 1493 1414 ἢ
1508 1378 1582 1413 φόϐῳ
1592 1378 1762 1409 διδάσκεται,
1775 1377 1854 1404 ὥσπε
1859 1386 1877 1412 ρ

1080 1423 1156 1451 κύων
1167 1423 1337 1459 τυπτόμενος
1351 1424 1368 1459 ἢ
1385 1423 1500 1459 πίθηκος
1514 1423 1529 1459 ἢ
1543 1423 1626 1455 ἵππος
1635 1424 1714 1458 τηρεῖ
1722 1423 1756 1449 τὰ
1766 1422 1877 1450 δεικνύ-

1082 1478 1151 1505 μενα
1163 1490 1170 1503 ,
1183 1470 1232 1506 οὐχ
1249 1470 1290 1497 ὅτι
1303 1469 1390 1498 ταῦτα
1402 1470 1441 1505 τῷ
1454 1470 1572 1505 δεσπότῃ
1584 1470 1707 1505 χρήσιμα
1716 1469 1800 1502 νοῶν,
1815 1469 1876 1496 ἀλλ’

1081 1516 1122 1543 ὅτι
1140 1515 1179 1552 μὴ
1201 1515 1288 1543 ποιῶν
1303 1516 1447 1543 τύπτεται.
1468 1516 1523 1543 Καὶ
1541 1515 1673 1550 ψιττακὸς
1691 1515 1878 1549 ἀπατώμενος

1083 1564 1224 1598 μιμεῖται·
1240 1562 1367 1598 ἐσόπτρῳ
1384 1561 1439 1598 γὰρ
1464 1561 1661 1597 παρακειμένῳ
1684 1561 1732 1597 τὴν
1755 1560 1878 1597 μίμησιν

1081 1609 1237 1637 κλέπτεται.
1266 1609 1451 1640 Λανθάνοντες
1480 1608 1535 1644 γὰρ
1561 1607 1672 1635 ὄπισθεν
1690 1607 1802 1635 λαλοῦσι
1824 1608 1879 1635 τοῦ

1081 1654 1282 1690 παρατεθέντος
1297 1655 1431 1690 ἐσόπτρου
1443 1675 1450 1688 ,
1465 1653 1484 1681 ἃ
1501 1653 1647 1689 μανθάνειν
1668 1653 1790 1685 ἐκείνους
1811 1653 1880 1688 βού-

1081 1701 1188 1728 λονται·
1203 1702 1217 1728 6
1238 1701 1266 1728 δὲ
1288 1701 1417 1736 ψιττακὸς
1441 1699 1521 1728 ἄλλον
1540 1699 1625 1726 δοκῶν
1646 1700 1713 1735 ὁρᾷν
1738 1699 1879 1734 ψιττακδν

1083 1746 1192 1773 σπεύδει
1210 1745 1280 1782 πρὸς
1304 1745 1422 1782 μίμησιν
1438 1745 1493 1772 τῶν
1515 1744 1617 1771 ἐκείνου
1638 1745 1751 1778 φωνῶνζ,
1771 1745 1802 1770 οὺ
1819 1745 1881 1771 τῶν

1082 1792 1239 1827 λεγομένων
1256 1792 1326 1827 ἔχων
1340 1792 1450 1828 νόησιν·
1468 1791 1558 1818 πάντα
1574 1790 1628 1825 γὰρ
1651 1791 1684 1817 ἂν
1692 1791 1715 1806 ³⁸
1733 1791 1881 1826 ὲνάρθρως

1084 1839 1234 1874 ἐμάνθανε.
1247 1839 1303 1866 Καὶ
1321 1838 1375 1874 μὴν
1396 1839 1444 1867 καὶ
1468 1838 1601 1873 ψιττακὸς
1628 1837 1728 1872 μόνος,
1752 1837 1810 1864 ἀλλ’
1825 1838 1881 1864 οὐκ

1084 1885 1163 1917 ἀετὸς
1177 1885 1236 1912 οὐδὲ
1246 1885 1281 1912 τά
1294 1883 1362 1912 άλλα
1375 1884 1430 1911 τῶν
1441 1884 1520 1916 ζώων
1533 1885 1569 1911 τὰ
1584 1885 1690 1910 ἐκείνου
1705 1882 1878 1919 διδάσκεται.

1090 1930 1170 1957 Ἀλλά
1185 1931 1233 1958 καὶ
1248 1930 1306 1962 πῶς
1321 1930 1372 1958 οὐκ
1387 1930 1454 1957 αὐτὸ
1473 1928 1553 1956 τοῦτο
1577 1929 1658 1956 πάλιν
1675 1927 1749 1963 παρὰ
1762 1927 1810 1953 τὸν
1824 1927 1882 1961 τῆς

1083 1977 1217 2012 γενέσεως
1231 1976 1333 2012 νόμον;
1355 1976 1441 2010 ἄλογα
1461 1975 1516 2011 7&9
1539 1974 1632 2009 ἐκείνη
1659 1973 1695 2000 τὰ
1721 1972 1802 2000 ὅλαν
1818 1972 1881 2005 ζῶα

1085 2023 1159 2049 ποιεῖ
1170 2041 1178 2055 ,
1194 2022 1315 2050 διδάσκει
1330 2021 1359 2049 δὲ
1368 2021 1457 2048 αὐτῶν
1468 2022 1483 2048 6
1497 2021 1642 2056 ἄνθρωπος
1657 2020 1731 2054 ἔνια,
1749 2019 1798 2047 καὶ
1814 2021 1883 2056 νικᾷ

1084 2071 1136 2106 τῆς
1148 2071 1283 2104 γενέσεως
1293 2069 1356 2102 τοὺς
1369 2069 1451 2104 ὅρους
1463 2069 1478 2096 6
1494 2068 1630 2105 μηδέποτε
1642 2067 1744 2095 τούτων
1759 2068 1881 2094 ἀπολυό-

1086 2125 1176 2152 μενος.
1201 2116 1232 2143 ΕΞ
1251 2116 1280 2143 δὲ
1303 2116 1352 2143 καὶ
1371 2115 1421 2148 τὰς
1447 2115 1577 2151 μελίττας
1595 2114 1732 2142 διδάσκειν
1757 2114 1882 2149 ἀλλήλας

1085 2162 1180 2195 φαῖεν,
1205 2159 1346 2187 κάνταῦθα
1369 2159 1400 2186 τὸ
1423 2159 1519 2195 ψεῦδος
1541 2161 1695 2195 ἐτίμησαν·
1713 2160 1746 2186 ἐκ
1767 2159 1881 2193 φύσεως

1088 2207 1155 2242 γὰρ,
1172 2206 1236 2243 [555
1253 2205 1300 2242 H.]
1317 2205 1375 2232 ἀλλ’
1387 2206 1437 2232 οὐκ
1459 2207 1513 2233 ἀπὸ
1539 2206 1637 2242 τέχνης
1660 2205 1809 2241 ἐργάζεται
1828 2207 1879 2241 μὲ-

1084 2253 1175 2280 λισσα.
1202 2253 1275 2287 Πλὴν
1301 2253 1348 2280 καὶ
1373 2252 1447 2288 οὕτω
1469 2253 1500 2280 τὸ
1521 2253 1624 2288 ἄπορον
1640 2252 1772 2285 αὔξεται·
1792 2253 1837 2279 διὰ
1853 2253 1882 2279 τί

1084 2299 1140 2334 γὰρ
1156 2299 1194 2334 μὴ
1208 2299 1255 2326 καὶ
1271 2298 1306 2325 τά
1321 2298 1390 2326 ἄλλα
1403 2286 1474 2326 κατὰ
1489 2298 1566 2332 γένος
1578 2286 1682 2334 mw
1693 2299 1741 2325 καὶ
1754 2298 1882 2325 διδάσκει

1084 2345 1132 2372 καὶ
1148 2344 1322 2376 Siliana-rat;
1337 2343 1385 2375 Τίς
1400 2343 1429 2370 δὲ
1447 2343 1568 2379 κόρακας
1583 2343 1630 2370 καὶ
1651 2343 1742 2377 γῦπας
1757 2342 1883 2375 ἐδίδαξεν

1086 2389 1216 2416 ἵπτασθαι
1228 2409 1236 2421 ,
1263 2388 1311 2420 οὒς
1330 2388 1392 2415 οὐδὲ
1407 2389 1517 2424 τρέφειν
1532 2389 1556 2415 οξ
1575 2388 1773 2424 γεγεννηκότες
1789 2388 1882 2423 πεφύ-

1086 2445 1150 2464 κασι
1161 2445 1169 2469 ;
1181 2436 1247 2472 [685
1259 2434 1306 2470 IL]
1320 2435 1379 2467 πῶς
1393 2435 1416 2462 δ’
1431 2435 1490 2462 ὲν¹⁸
1503 2435 1595 2466 αὐτοῖς
1603 2435 1625 2451 ³³
1639 2436 1757 2461 ἀπεῖπεν
1768 2436 1786 2470 ἠ
1803 2435 1883 2470 βασι-

1084 2483 1148 2514 λέας
1164 2482 1279 2509 ποιοῦσα
1302 2481 1349 2508 καὶ
1373 2481 1507 2517 ἄρχοντας
1525 2480 1651 2515 γένεσις;
1669 2480 1732 2507 οὗτε
1746 2481 1802 2516 γὰρ
1818 2481 1883 2513 όνος

1083 2528 1153 2555 ὅνων
1173 2528 1234 2554 οὔτε
1252 2527 1342 2555 λύκων
1363 2527 1522 2554 ἐϐασίλευσε
1540 2524 1622 2558 λύκος
1634 2535 1642 2542 ·
1658 2527 1718 2554 οὐδὲ
1731 2527 1746 2553 ό
1760 2527 1812 2562 μὲν
1832 2528 1884 2554 αὑ-

1084 2575 1139 2601 τῶν
1154 2575 1284 2608 πένεται,
1299 2575 1314 2601 6
1327 2574 1356 2601 δὲ.
1376 2573 1485 2601 πλουτεῑ
1496 2581 1503 2590 ·
1520 2574 1581 2600 οὐδὲ
1597 2573 1652 2600 τῶν
1670 2573 1758 2600 ἄλλων
1785 2573 1882 2607 οὐδὲν,

1086 2619 1126 2653 οἷς
1137 2621 1168 2648 τὸ
1188 2621 1361 2657 ἀνθρώπινον
1378 2622 1456 2656 γένος
1475 2621 1700 2656 καταμερίζεται.
1715 2620 1773 2647 Ποῦ
1789 2620 1838 2647 οῦν
1856 2621 1884 2647 οἱ

1087 2668 1336 2703 παρανατέλλοντες
1348 2669 1396 2696 καὶ
1410 2669 1427 2704 ἡ
1444 2668 1550 2702 γένεσις
1567 2667 1614 2694 καί⁵
1630 2667 1660 2694 τὺ
1674 2667 1728 2694 τῶν
1747 2667 1884 2694 ἀποτελε-

1089 2714 1201 2749 σμάτων
1213 2714 1306 2747 αὐτοῖς
1326 2715 1446 2750 πλῆθος;
1467 2714 1485 2750 ἢ
1504 2714 1576 2742 κατὰ
1600 2713 1689 2750 μόνων
1707 2713 1764 2740 τῶν
1777 2713 1883 2741 ἀθλίων

900 2771 1019 2800 VARle
1031 2771 1236 2801 LECTIONES.

293 2816 314 2832 "
327 2816 411 2852 λῆρον
431 2818 474 2846 AC
503 2827 510 2847 :

539 2818 639 2854 κλῆρον
662 2827 692 2851 ς.

247 2849 270 2867 ³³
284 2849 405 2884 ἑκείνους
422 2861 451 2885 ς.

743 2818 765 2835 ³³
788 2819 821 2846 ἂν
852 2823 879 2847 et
909 2827 971 2847 mox
996 2818 1076 2846 τοῦτο
1105 2821 1166 2849 add.
1183 2822 1215 2848 A.

1272 2821 1294 2838 ³³
1311 2820 1372 2857 ὃλα]
1401 2820 1462 2849 libri
1488 2820 1565 2849 ἄλλα.
1624 2820 1648 2837 ³⁵
1661 2820 1690 2847 ἐν
1717 2819 1741 2846 Δ
1758 2827 1765 2845 :
1782 2818 1817 2846 ἂν
1847 2826 1879 2851 ς.
