1920 3090
70 135 119 170 357
588 141 847 172 BIBLIOTHECA.
859 153 894 159 —
908 141 990 172 COD.
1002 143 1147 173 CCXXIII
1643 147 1696 179 858

69 193 225 230 ἀνθρώπων
238 194 270 221 τὺ
293 199 393 230 κρατοῖ
410 191 560 232 ἧρπυσαν;
579 196 669 224 καίτοι
697 197 752 223 τῶν
775 197 827 224 ﬁni

938 199 979 229 iit,
997 205 1066 232 quos
1083 206 1116 226 ne
1135 203 1260 233 parentes
1283 200 1391 234 quidem
1409 201 1482 228 alere
1498 201 1609 229 solent?
1622 203 1696 236 Quo-

68 239 149 273 ζώων
167 240 315 276 κράτιστον
330 241 483 277 ἄνθρωπος.
498 242 554 269 Καὶ
574 242 629 277 γὰρ
652 242 699 269 καὶ
712 242 766 268 τῶν
782 242 826 268 δυν

936 243 992 270 κοιίο
1013 244 1076 270 item
1094 245 1211 279 genesis,
1243 252 1303 279 quas
1333 253 1409 281 rcges
1426 253 1457 273 ac
1475 247 1611 282 principes
1627 255 1694 275 con-

69 285 197 320 rurrépmv
211 286 319 313 συνέσει
331 289 442 322 κρατεῖ,
458 287 506 315 καὶ
517 288 572 314 τῶν
583 287 740 323 ίπταμένων
753 289 799 314 ἐπὶ
809 297 826 322 γ

940 291 1026 318 ituere
1043 290 1125 322 solet,
1142 291 1190 318 bos
1205 291 1246 318 eis
1264 292 1393 326 negavit?
1412 300 1474 319 nam
1493 300 1582 328 neque
1602 295 1696 324 asinus

53 329 188 373 ’βαδίζων
203 331 300 365 κύριος
315 331 438 364 γίνεται,
457 332 504 358 καὶ
520 332 554 358 τὰ
581 333 621 364 είς
645 332 725 367 βυθὸν
748 333 811 367 ἀγρε

939 336 1061 367 ιίιιοιιιιηι,
1086 343 1173 370 neque
1189 336 1267 370 lupus
1293 337 1417 372 luporum
1448 346 1496 366 rex
1527 344 1578 373 est,
1608 348 1697 376 neque

67 376 224 410 νηχόμενα,
242 376 291 403 καὶ
312 377 407 410 ἁπλῶς
428 378 537 405 πάντων
556 377 615 404 ἐστὶ
625 378 665 412 τῷ
679 378 751 413 λόγῳ
762 378 809 404 καὶ

942 386 983 408 ter
1008 382 1057 408 hos
1082 381 1151 409 alius
1185 389 1286 417 pauper
1313 389 1368 415 est,
1399 384 1469 412 alius
1490 385 1576 417 dives,
1607 394 1696 420 neque

67 421 178 448 συνέσει
198 423 404 459 κραταιότερος,
429 424 492 455 Πῶς
512 424 559 451 οὖν
575 425 592 458 ὴ
611 423 716 458 γένεσις
740 423 787 451 τοῦ
810 433 825 459 μ

939 427 1025 454 iorum
1041 427 1078 454 ibi
1090 427 1249 462 quidquam,
1262 429 1359 463 quibus
1376 431 1522 458 humanum
1545 440 1629 466 genus
1645 433 1694 460 ob-

65 469 238 504 κρατοῦντος
255 471 364 498 πάντων
381 473 493 507 κρατεῖ,
504 472 558 498 τῶν
572 473 594 498 δ’
610 473 657 499 ὑπ’
673 472 777 499 ἐκείνου
792 481 823 508 κρ

933 473 1022 501 axium
1050 477 1102 501 est.
1121 473 1172 501 Ubi
1196 474 1279 507 igitur
1294 482 1346 502 una
1371 476 1492 504 orienles
1521 478 1605 505 stella:
1621 479 1691 506 ?ubi

65 515 210 550 τουμένων
232 516 328 552 ἄρχειν
349 518 399 544 οὐκ
427 519 554 552 ῐσχυσεν;
572 518 629 545 ἀλλ’
644 518 682 549 ὼς
696 518 783 549 ἔοικε,
800 527 823 545 κ(

933 527 1030 547 »δοτιιῐη
1052 519 1169 554 genesis,
1186 523 1266 554 atque
1284 520 1327 547 illa
1345 521 1567 555 apotelesmatum
1599 524 1691 550 multi-

66 561 226 598 ἀνθρώπων
250 563 319 599 αὕτη
344 564 421 599 παρὰ
433 564 480 591 τοῦ
500 564 620 600 πονηροῦ
638 564 821 600 προϐἐὸληται

935 566 1000 593 ido‘.’
1013 567 1054 593 An
1071 566 1130 593 haec
1150 565 1177 592 in
1203 566 1276 593 solos
1292 567 1407 594 miseros
1436 567 1564 595 mortales
1591 573 1692 596 tantam

69 608 181 643 μηχανὴ
193 629 201 639 ,
224 609 268 635 ῐνα
282 609 311 636 τὺ
323 609 446 636 εὐσεὸεἴν
459 610 506 636 καὶ
518 610 724 644 δικαιοπραγεῖν
736 609 825 644 ἀνάγκ

936 611 1055 645 )ripnere
1070 601 1216 645 potentiam
1229 610 1241 636 ‘l
1254 611 1334 645 Atqui
1355 611 1380 638 vi
1395 616 1556 639 camerarum
1574 613 1694 641 omnium

68 654 150 689 ἔργον
162 654 326 689 νομίσαντες
339 655 541 691 ἀλλοτριωθῶσι
556 654 624 682 Θεοῦ
634 675 641 688 ,
657 655 704 682 καὶ
718 655 749 681 τὸ
763 655 826 682 τάνο

938 656 1089 683 iimantium
1101 657 1305 690 potentissimus
1315 658 1404 684 homo.
1419 657 1526 685 Etenim
1539 664 1566 686 et
1579 658 1695 686 fortiori-

67 699 111 725 τία
138 701 274 735 πράττειν
299 700 348 735 τῆς
375 701 461 736 αὐτῆς
484 701 575 732 αἰτίας
601 700 757 734 πειθόμενοι
783 700 825 727 οὑξ

936 709 964 729 us
987 702 1126 730 intellectu
1155 707 1276 736 praestat,
1291 707 1318 730 et
1341 710 1423 738 super
1441 708 1543 731 terram
1566 705 1694 739 gradiens

68 746 213 773 ἀποκνῶσι
226 747 249 763 ³⁸
265 746 334 781 πρὸς
348 747 382 773 τὰ
395 747 504 782 ἀμαρτή
509 755 591 781 ματα.
604 746 709 774 Οὐκοῦν
721 746 771 773 οὐκ
785 746 826 773 ἔστ

935 747 1063 775 olatilium
1082 752 1170 774 tamen
1186 748 1310 775 dominus
1323 753 1374 780 est,
1389 753 1417 775 et
1443 748 1469 776 in
1486 750 1554 776 mari
1571 751 1693 777 natantia

68 793 84 827 ὴ
103 793 216 826 γένεσις
227 813 234 825 ,
255 793 402 820 πλάττεται
425 793 453 819 δὲ
470 793 521 825 ὑπὸ
539 793 593 819 τῶν
612 792 716 828 ἐχθρῶν
728 793 778 828 τῆς
792 792 825 819 ἀλ

938 796 1011 826 iptat,
1024 796 1066 823 et,
1084 796 1114 819 ut
1135 791 1215 819 simul
1232 792 1330 824 dicam,
1362 793 1488 822 omnibus
1513 795 1696 822 animantlius

67 838 143 870 θείας
159 839 233 866 κατά
243 840 294 873 τῆς
313 839 459 874 ἀληθείας,
482 838 576 875 ὥσπερ
600 839 653 866 ὑπὸ
677 838 732 866 τῶν
754 838 825 865 ταύτη

944 838 1015 865 tione
1044 843 1125 873 atque
1144 838 1306 874 intelligendi
1327 838 1454 867 facultate
1470 841 1616 868 antecellit.
1625 841 1697 874 Quo-

68 884 213 921 ἐλέγχεται
232 871 330 920 φίλων.
360 871 366 874 Π
561 871 567 875 1

938 885 987 912 odo
1001 871 1088 920 igitur?
1098 886 1203 920 genesis
1267 871 1338 912 Veum
1363 886 1445 914 habet
1468 887 1611 922 imperium
1626 871 1696 922 :qui

68 931 174 958 ceteris
189 931 305 965 imperat
319 931 454 962 omnibus,
464 931 497 959 iis
510 939 576 958 vero
593 930 728 964 imperare
745 929 848 964 nequit,
871 936 931 964 qua:
941 929 1020 963 hujus
1031 930 1144 964 imperio
1161 930 1333 958 continentur
1347 930 1469 959 ?Verum
1481 951 1489 964 ,
1518 936 1546 959 ut
1574 939 1696 968 apparet.

68 977 125 1004 hac
144 976 278 1004 adversus
306 977 429 1004 homines
455 983 470 1003 a
499 977 570 1004 malo
593 979 713 1004 daemone
747 976 878 1003 instructa
899 974 1024 1001 machina
1039 979 1091 1008 est,
1101 979 1130 1001 ut
1142 975 1220 1010 etpie
1239 975 1330 1003 vivere
1347 975 1474 1010 justeque
1485 984 1565 1011 agere
1578 980 1698 1006 necessi-

68 1023 131 1051 tatis
145 1029 209 1050 esse
228 1022 354 1050 effectum
376 1023 439 1058 rati,
455 1023 538 1051 alieni
557 1031 571 1050 a
585 1023 641 1051 Deo
659 1022 849 1054 efﬁcerentur;
885 1025 912 1048 et
943 1028 1003 1055 qua:
1028 1020 1071 1047 his
1095 1021 1231 1048 contraria
1256 1022 1489 1049 committerentur
1504 1041 1512 1055 ,
1535 1024 1569 1050 ab
1597 1024 1691 1051 eadem

68 1070 203 1104 proﬁcisci
222 1076 303 1096 causa
321 1069 565 1103 persuasi,nullum
582 1069 693 1095 Omnino
708 1071 848 1102 peccatum
867 1065 1116 1100 praetermitterent.
1149 1066 1227 1093 Nulla
1261 1071 1303 1093 est
1322 1066 1403 1101 igitur
1428 1075 1541 1101 prorsus
1575 1069 1693 1103 genesis,

67 1116 136 1144 sed:
152 1115 279 1142 veritatis
301 1115 424 1142 hostibus
446 1120 541 1142 contra
562 1114 705 1142 veritatem
729 1114 851 1148 ﬁngitur.
871 1112 1097 1146 quemadmodum
1114 1112 1147 1139 ab
1167 1111 1247 1145 hujus
1259 1112 1354 1140 amicis
1372 1113 1583 1141 demonstratur.

116 1160 187 1187 Οὐδὲ
198 1161 254 1195 γὰρ
269 1160 320 1194 τὴν
336 1159 448 1194 ἀλογίαν
461 1159 538 1195 εὖροι
553 1168 596 1191 τις
614 1159 648 1186 ἂν
663 1157 858 1195 ἀκρισολογοὺ-

942 1156 1034 1192 Neque
1055 1156 1128 1184 enim
1143 1157 1213 1191 quod
1240 1157 1366 1184 animalia
1394 1158 1498 1186 ratione
1525 1164 1646 1192 careant,
1668 1162 1697 1189 in

70 1215 146 1240 μενος
162 1206 255 1232 αἰτίαν
267 1205 315 1232 τοῦ
329 1205 365 1240 μὴ
389 1205 534 1240 μανθάνειν
550 1206 586 1232 τὰ
598 1205 657 1237 ζῶα
680 1205 730 1232 ὅσα
745 1205 792 1231 καὶ
813 1204 828 1231 ἃ

930 1209 989 1229 ausa
1005 1209 1065 1229 esse
1079 1202 1195 1236 diligens
1220 1209 1310 1229 rerum
1335 1208 1523 1237 perscrutator
1537 1205 1688 1239 deprchen-

67 1252 195 1287 θρωπος,
222 1251 316 1286 ὥσπερ
339 1251 399 1277 οὐδὲ
422 1251 453 1277 τὸ
472 1251 580 1285 λογικὸν
600 1250 638 1285 τῷ
653 1249 787 1286 ἀνθρώπῳ
803 1252 825 1277 τί

936 1252 961 1279 et,
977 1247 1122 1281 quominus
1139 1248 1218 1274 bruta
1237 1247 1342 1274 discant
1358 1247 1464 1281 eadem,
1485 1256 1546 1283 quae
1569 1249 1694 1278 homines

70 1298 176 1332 μυρίων
189 1296 417 1331 ἐπιτηδευμάτων
436 1296 533 1323 αἴτιον,
549 1295 652 1327 Πόσους
671 1295 725 1331 γὰρ
737 1296 796 1322 κατ’
809 1305 827 1323 σ.

940 1293 1006 1325 lent,
1021 1296 1051 1319 ut
1066 1300 1153 1328 neque
1171 1293 1303 1320 rationem
1317 1293 1344 1319 in
1357 1293 1467 1321 homine
1491 1295 1608 1328 efﬁcere,
1624 1299 1696 1330 quod

65 1344 127 1374 τοὺς
141 1344 159 1378 ἡ
177 1343 286 1376 γένεσις
295 1343 441 1377 ἐργάζεται
452 1342 572 1376 κωφοὺς,
587 1342 721 1376 ἀφώνους.
737 1342 823 1378 μωροί

937 1339 1010 1374 16b
1030 1339 1190 1374 disciplinas
1215 1347 1298 1374 prope
1323 1340 1445 1367 inﬁnitas
1471 1342 1693 1375 cornprelicndat.

70 1391 216 1426 ἀτέχνους,
241 1390 338 1423 ἀφυεῖς
353 1389 403 1415 ΙΤί
431 1386 477 1415 οὖν
497 1387 621 1423 ὠφέλησε
637 1388 667 1414 τὸ
686 1387 795 1422 λογικὸν
811 1396 827 1414 τ

935 1393 993 1411 nam
1018 1385 1117 1412 multos
1129 1385 1200 1412 enim
1227 1392 1260 1412 ex
1286 1385 1392 1413 illorqu
1421 1387 1554 1414 sententia
1588 1388 1693 1422 genesis

68 1436 99 1463 ὲκ
123 1435 235 1471 μήτρας
261 1434 425 1467 προελθόντα
451 1433 551 1468 τυφλὸν
579 1434 626 1461 καὶ
654 1434 776 1470 κωφδνῆ
793 1443 826 1461 το

930 1429 988 1458 licit
1023 1431 1130 1464 surdos,
1159 1434 1260 1463 mutos,
1283 1430 1393 1464 stultos,
1417 1431 1531 1463 inertes.
1561 1432 1688 1468 ineptos!

64 1481 203 1512 τοιούτους
215 1500 223 1513 ,
242 1479 290 1506 καὶ
300 1480 392 1506 πόσων
417 1480 522 1514 ἀλόγων
537 1480 589 1507 οὐκ
608 1480 662 1507 ιίσὶ
683 1480 792 1515 χείρους
808 1488 822 1506 κ

936 1476 974 1503 iid
1005 1476 1086 1510 igitur
1122 1476 1191 1504 ratio
1226 1475 1328 1511 profuit
1361 1483 1395 1504 ex
1438 1481 1516 1505 utero
1549 1479 1693 1512 prodeunti

66 1527 133 1562 πρὸς
149 1527 208 1562 βίον
223 1527 270 1553 καὶ
282 1526 351 1561 προς
365 1526 499 1561 μάθησινς
512 1527 539 1553 τί
551 1526 580 1553 δὲ
598 1526 725 1561 μέλιτταν
738 1526 824 1561 ιὸλαψ

931 1528 992 1554 aco,
1013 1522 1096 1549 surdo
1117 1525 1164 1549 aut
1175 1521 1257 1549 simili
1271 1521 1375 1549 alicui?
1394 1522 1427 1550 Et
1440 1523 1538 1558 quibus
1562 1524 1689 1552 animan-

65 1552 223 1608 ἧῐέράίχνην
237 1572 253 1607 ἢ
266 1552 400 1608 μύρμηκα
411 1552 586 1607 νὴιάλογίαξεί
596 1552 712 1608 θεράττέι
724 1572 743 1600 ἃ
755 1572 778 1588 ιτ
790 1552 823 1599 Vg;

935 1569 980 1595 bus
1009 1568 1150 1595 inferiores
1179 1575 1233 1595 non
1254 1571 1328 1602 sunt,
1358 1568 1416 1596 sive
1441 1570 1474 1597 ad
1493 1570 1594 1597 victum
1616 1579 1693 1606 quae-

66 1627 126 1645 στον
150 1618 302 1649 ἀκωλύτως
335 1617 407 1645 κατά
428 1617 508 1652 φύσιν
529 1619 621 1650 αὐτοῖς
649 1618 824 1653 ἔπιτηδεὺετα

933 1614 1032 1645 indum,
1046 1614 1104 1641 sive
1117 1614 1151 1641 ad
1163 1614 1322 1641 discendum
1331 1614 1344 1641 ί
1357 1615 1427 1647 Quid
1439 1623 1504 1643 vero
1512 1617 1627 1650 apicula;
1643 1625 1691 1644 uo-

65 1663 90 1689 τί
105 1663 133 1689 δὲ
149 1664 186 1689 τὰ
202 1663 270 1689 ἀλλα
285 1662 342 1688 τῶν
357 1662 435 1694 ζώων
450 1663 611 1698 παρέωαψε
631 1664 700 1698 πρὸς
712 1664 744 1691 τὺ
757 1665 823 1691 οἰκεῖ

938 1659 974 1691 iit,
990 1660 1030 1686 vel
1046 1666 1162 1692 araneae,
1183 1659 1224 1686 vel
1239 1659 1369 1693 formicae,
1385 1661 1457 1694 quod
1467 1661 1578 1688 rationis
1593 1669 1696 1696 expers

65 1708 144 1743 ἔργον
156 1727 165 1739 ,
183 1707 248 1734 ἀντὶ
263 1706 309 1734 τοῦ
325 1707 434 1742 λογικοῦ
451 1707 566 1735 λαϐόντα
578 1708 610 1735 τὸ
621 1708 737 1743 morati;
754 1709 792 1744 μὴ
803 1717 823 1735 τι

934 1709 954 1738 t,
968 1704 990 1732 si
1007 1705 1101 1732 borum
1122 1704 1262 1740 quodlibet
1278 1704 1346 1732 facit
1367 1706 1405 1738 id,
1418 1706 1488 1741 quod
1503 1706 1527 1733 ei
1539 1708 1689 1734 secundum

65 1755 176 1788 πτεροῖς
196 1753 271 1789 ᾅδειν
290 1753 338 1780 τὸν
351 1753 451 1781 κύκνον
471 1754 489 1789 ή
511 1754 607 1789 ἀλογία
632 1754 816 1787 συνέστειλεν,

934 1756 1033 1779 ituram
1057 1751 1205 1779 convenit?
1226 1751 1296 1784 Quid
1312 1752 1428 1787 denique
1445 1752 1507 1780 aliis
1529 1752 1617 1781 obfuit
1634 1755 1692 1781 ani-

64 1799 125 1831 τοὺς
139 1799 291 1833 τέττιγαςς
308 1799 366 1826 ἀλλ’
383 1800 439 1834 ἀρα
465 1799 578 1827 δύναται
596 1800 644 1827 καὶ
667 1800 747 1834 φύσει
770 1808 822 1827 ποιι

940 1798 1044 1826 antibus
1062 1799 1095 1825 ad
1113 1805 1191 1826 suum
1223 1797 1355 1834 cuiusque
1373 1806 1452 1833 opus,
1478 1799 1550 1834 quod
1579 1800 1698 1828 rationis

65 1846 81 1880 ὴ
93 1846 203 1880 γένεσις
218 1845 365 1880 μουσικούς
378 1853 386 1862 ’
401 1845 449 1873 καὶ
462 1845 523 1877 πῶς
536 1845 598 1881 οὐχὶ
612 1846 661 1873 καὶ
680 1847 798 1882 ῥήτορας
810 1855 823 1873 κ

935 1844 1030 1879 :pertia
1047 1844 1126 1871 sint?
1150 1843 1285 1878 Numquid
1315 1849 1457 1879 propterea
1483 1846 1555 1880 quod
1587 1847 1693 1875 ratione

67 1889 198 1924 σοφιστὰς
221 1889 388 1924 ἀπετέλεσες
410 1890 455 1918 διὰ
478 1891 505 1917 τί
527 1890 645 1918 δὲκαθὰ
671 1892 801 1926 γινώσκει
822 1900 825 1909 ι

930 1894 1040 1922 irerent,
1060 1889 1180 1924 impediti
1206 1889 1283 1917 fuere
1309 1889 1367 1917 sive
1388 1890 1479 1926 cycni,
1508 1892 1565 1918 sive
1577 1892 1688 1924 cicadae.

65 1935 168 1970 ἄλογα,
184 1935 223 1970 μὴ
239 1936 286 1963 καὶ
302 1937 382 1972 ἡμεῖς
401 1937 481 1972 ῐσμεν
505 1937 591 1973 χωρὶς
605 1936 654 1968 τοῦ
687 1937 823 1972 μανθάνειε

936 1937 1051 1964 nominus
1065 1936 1115 1964 alis
1135 1936 1192 1964 suis
1216 1941 1324 1964 cantum
1344 1936 1478 1964 ederent?
1494 1937 1548 1965 Sed
1573 1946 1635 1973 qum
1658 1946 1694 1969 ex

66 1982 132 2009 ἀλλὰ
147 1981 184 2008 τὰ
199 1981 254 2008 τῶν
268 1982 385 2016 λογικῶν
402 1982 446 2010 διὰ
463 1982 494 2010 τὸ
506 1983 604 2017 ἄλογον
618 1983 649 2010 οὐ
663 1982 776 2010 δύναται
788 1992 824 2019 μα

927 1989 964 2009 isa
982 1986 1077 2009 natura
1102 1980 1216 2009 canendi
1231 1981 1333 2016 peritos
1355 1982 1506 2016 producere
1519 1983 1627 2017 genesis
1637 1990 1685 2018 po-

66 2027 157 2055 θάνειν
170 2028 206 2054 τὰ
222 2028 317 2062 ἄλογα.
328 2028 384 2055 Καὶ
395 2028 454 2060 πῶς
462 2028 497 2055 τὰ
506 2028 629 2065 ἀλλήλων
641 2029 686 2056 διὰ
698 2029 748 2065 τὴν
762 2038 824 2056 κοιν

928 2032 971 2061 :st,
988 2027 1122 2062 quomodo
1142 2034 1195 2054 non
1221 2026 1378 2061 eloquentes
1397 2035 1430 2055 ac
1448 2028 1565 2056 disertos
1592 2029 1686 2056 eadem

65 2073 177 2108 ἀλογίαν
190 2073 222 2100 οὺ
232 2073 403 2100 διδάσκονται
414 2094 422 2107 ,
434 2075 545 2109 γέρανοι
560 2074 594 2102 τὰ
605 2075 713 2102 κύκνων
724 2094 733 2106 ,
750 2075 805 2102 όνοι
820 2085 823 2092 ι

923 2072 1040 2101 addidit?
1056 2072 1110 2100 Cur
1119 2073 1198 2100 bruta
1209 2072 1322 2100 damnas
1332 2072 1344 2098 ?
1355 2072 1490 2107 Numquid
1508 2081 1557 2101 nos
1570 2073 1681 2109 aliquid,

65 2120 153 2146 κυνῶν
166 2140 174 2152 ,
201 2119 249 2145 καὶ
269 2119 305 2146 τὰ
331 2119 456 2155 μελίττης
479 2121 604 2156 ἀράχνη,
622 2121 669 2148 καὶ
690 2121 804 2148 ἕκαστον

930 2118 959 2146 isi
986 2119 1136 2151 discamus,
1154 2117 1296 2146 n0vimus?
1320 2117 1513 2149 Verumlbruta
1527 2119 1688 2151 animantia,

64 2164 222 2200 ἀλλότριον;
243 2165 294 2191 οὐκ
305 2164 359 2199 ἄρα
372 2165 416 2192 διὰ
429 2165 478 2201 τὴν
487 2165 598 2200 ἀλογίαν
609 2168 625 2202 ἠ
638 2166 691 2193 τῶν
705 2165 822 2202 ἀνθρώπ4

934 2172 967 2192 Im
985 2165 1091 2192 ratione
1106 2164 1298 2196 destituantur,
1311 2171 1405 2192 eorum
1420 2172 1480 2199 qua:
1500 2165 1533 2192 ad
1557 2165 1692 2193 rationem

65 2210 184 2245 μάθησις
205 2211 315 2245 ἀλόγοις
328 2212 517 2248 ἀωράδεκτος
529 2232 538 2246 ,
558 2213 627 2240 ἀλλὰ
642 2213 687 2240 διὰ
700 2213 749 2248 τὴν
763 2213 823 2247 διαᾳ

927 2215 1040 2243 sectam,
1057 2210 1160 2238 discere
1189 2210 1274 2245 nihili
1283 2215 1407 2244 possunt.
1429 2210 1499 2244 Quin
1524 2219 1600 2246 ergo,
1624 2220 1685 2239 cum

65 2256 112 2289 plna
129 2255 181 2290 τῆς
199 2256 253 2282 ὑπὸ
268 2256 315 2283 τοῦ
327 2257 499 2293 Δημιουργοῦ
516 2258 700 2294 προαχθείσης
725 2258 823 2293 φύσεω.

926 2256 1016 2284 θῐίηάε
1044 2256 1134 2283 omnia
1157 2255 1264 2292 ratione
1296 2261 1417 2289 careant,
1443 2264 1496 2283 non
1523 2263 1554 2284 ea
1587 2257 1684 2284 saltem

63 2300 110 2332 Τίς
125 2301 157 2327 δὲ
172 2301 261 2336 ἀστὴρ
277 2301 336 2328 τόδε
351 2302 513 2329 καταλαϐὼν
527 2303 558 2329 τὸ
572 2303 666 2335 ζὼδιον
676 2303 740 2339 [556
756 2303 804 2340 Η.]

930 2307 1018 2334 scunt,
1038 2310 1097 2337 quae
1111 2302 1144 2329 ad
1167 2306 1264 2329 czeteru
1282 2301 1360 2328 bruta
1383 2302 1543 2335 pertinent;
1561 2307 1590 2329 ut
1606 2311 1688 2338 grues

63 2346 137 2379 γένος
151 2346 255 2373 ἔπλασε
270 2347 324 2373 τῶν
334 2347 434 2382 θηρίων
448 2349 502 2375 ἀπὸ
514 2348 564 2383 τῆς
576 2350 627 2383 γῆς
638 2349 654 2384 ἠ
668 2350 723 2376 τῶν
734 2350 821 2385 κτηνῶ

933 2356 962 2376 ue
985 2348 1018 2375 ad
1046 2347 1145 2378 olores.
1162 2347 1230 2374 asini
1257 2354 1318 2381 quas
1345 2347 1378 2374 ad
1403 2355 1497 2381 canes,
1514 2352 1542 2375 et
1567 2348 1601 2376 ad
1623 2356 1691 2383 apes

63 2391 78 2424 ἦ
91 2392 146 2417 ἀπὸ
158 2391 298 2426 θαλάσσης
311 2392 365 2419 τῶν
377 2393 500 2427 νηκτῶνς
515 2394 561 2420 καὶ
574 2394 619 2420 διὰ
641 2394 668 2421 τί
681 2394 718 2430 μὴ
743 2396 791 2421 καὶ
804 2404 821 2421 νη

929 2401 1011 2423 ‘anea.
1029 2397 1054 2419 et
1070 2392 1108 2419 sic
1124 2392 1251 2427 deinceps
1266 2392 1413 2427 quodlibet,
1429 2393 1501 2428 quod
1515 2393 1549 2420 ad
1572 2393 1687 2422 alterum

62 2437 91 2462 τὸ
104 2437 173 2463 αὐτὸ
203 2436 416 2472 διαπράττεται;
437 2439 453 2473 ἡ
466 2438 495 2464 δὲ
509 2439 572 2470 τοὺς
587 2439 694 2475 ἀώρους
720 2441 819 2467 θανάτο

930 2438 1023 2466 ,θεωιι
1040 2437 1099 2465 Non
1113 2442 1187 2465 certe
1205 2437 1268 2472 quia
1297 2438 1403 2466 ratione
1426 2437 1597 2472 destituitur,
1624 2448 1688 2475 pro-

63 2481 204 2515 ἑπάγουσα
216 2483 325 2516 γένεσις
335 2483 392 2515 πῶς
407 2484 467 2518 οὐχ).
480 2484 527 2510 καὶ
537 2484 603 2512 δέκα
624 2484 692 2511 ἐτῶν
709 2485 820 2521 ἄνθρωπ

926 2492 992 2513 .erea
1010 2485 1136 2512 humana;
1149 2484 1329 2524 institutionis
1340 2484 1450 2512 brutum
1464 2493 1551 2520 capax
1566 2494 1619 2513 non
1633 2492 1684 2519 est,

63 2526 146 2559 εδειξε
169 2527 307 2562 γέροντα,
327 2526 343 2561 ἢ
363 2526 482 2562 πρώτοις
490 2527 513 2543 ³⁸
537 2528 634 2559 ἰούλοις
654 2528 684 2554 τὺ
707 2529 821 2562 πρόσωπ

927 2531 947 2557 ιιι
962 2530 997 2557 ob
1012 2534 1126 2562 naturas,
1141 2537 1220 2563 quam
1247 2528 1378 2557 Conditor
1401 2531 1540 2564 produxit,
1557 2530 1685 2559 diﬂ'eren-

64 2571 303 2606 στεφανούμενον;
327 2573 374 2598 καὶ
401 2573 425 2599 εί
452 2572 499 2599 τοῦ
522 2573 618 2608 χρόνου
643 2573 674 2599 τὸ
697 2574 782 2608 μῆκος
803 2576 822 2600 τ

929 2583 977 2603 im.
994 2574 1134 2608 Quodnam
1149 2582 1215 2602 vero
1238 2574 1301 2602 illud
1320 2579 1422 2603 astrum
1443 2581 1496 2608 est,
1516 2577 1587 2611 quod
1604 2578 1687 2605 hocce

64 2617 179 2643 ἑκάστου
199 2616 272 2653 ζωῆς
282 2618 323 2649 είς
333 2618 412 2644 πέντε
422 2619 468 2644 καὶ
477 2618 507 2650 ἒξ
516 2619 538 2634 ⁸³
548 2637 555 2650 ,
568 2618 652 2645 ἐνίοτε
662 2618 691 2646 δὲ
705 2620 753 2646 καὶ
764 2620 822 2646 suo

925 2621 1021 2657 gniferi
1033 2625 1166 2655 occupato
1186 2621 1262 2655 signo
1277 2620 1396 2648 ferarum
1410 2627 1490 2656 atque
1500 2622 1683 2657 iumentorum

64 2671 155 2697 κριτον
181 2664 254 2691 κατά
276 2663 309 2690 τὸ
333 2663 443 2690 ἔλαττον
456 2664 552 2700 ἔτεμε,
569 2665 633 2701 [688
647 2665 693 2701 IL]
708 2665 766 2698 πῶς
782 2667 822 2693 otii

930 2674 990 2694 alius
1014 2675 1030 2694 θ
1056 2671 1127 2694 terra
1145 2671 1192 2694 aut
1213 2674 1247 2694 ex
1265 2667 1331 2694 mari
1357 2667 1511 2694 natalitium
1537 2667 1688 2695 formavit?

67 2717 129 2736 me
141 2708 347 2737 πενταπλάσιον
359 2709 377 2744 ἢ
393 2709 590 2744 δεκαπλάσιον;
605 2712 653 2738 καί
662 2711 688 2738 τί
701 2711 774 2746 λέγω
786 2720 825 2739 πεε

929 2717 996 2741 tcur
1012 2713 1082 2750 idem
1110 2719 1181 2741 nunc
1199 2719 1306 2747 quoque
1328 2720 1381 2740 non
1419 2712 1515 2740 efﬁcit?
1537 2712 1597 2740 Jam
1627 2721 1687 2748 qua:

720 2767 837 2796 VARle
858 2767 1061 2797 LECTIONES.

79 2812 124 2851 ..".
137 2810 345 2851 ἀπῩΥΞῚῈῦΞιΡ
358 2820 373 2851 ,ἶ
385 2811 532 2840 ἀποκνοῧσι
551 2821 580 2846 ς·
619 2814 641 2829 ³⁷
654 2813 672 2840 ἃ
685 2819 743 2845 onst
753 2814 902 2847 ἀκωλύτως
919 2814 1161 2851 transponenduin.
1211 2814 1233 2832 "
1254 2814 1369 2851 πρώτοις
1379 2802 1498 2850 Scaliger
1516 2824 1523 2843 :
1538 2814 1612 2851 παρὰ
1629 2816 1687 2849 τεῖί

69 2845 137 2876 libri.
178 2847 200 2863 ³⁸
213 2845 255 2882 ἐξ]
269 2845 289 2878 ξ’
304 2846 434 2882 Scaliger.
