1920 3090
232 118 286 150 859

808 119 921 151 PHOTI
925 120 939 150 Ι
951 119 1203 154 PATRIARCII/E
1223 119 1276 150 (ΣΡ.

1804 115 1859 149 860

231 177 404 203 imumturam
431 180 545 202 mortem
564 175 674 203 adducit
695 176 811 211 genesis,
837 184 885 204 cur
900 184 953 203 non
969 176 1010 204 vel

1065 175 1215 203 ταπλάσιον
1227 195 1235 208 ,
1251 175 1309 203 ἀλλ’
1324 174 1384 201 οὐδὲ
1399 175 1438 206 εἰς
1457 173 1486 200 τδ
1504 172 1664 210 τριπλάσιον
1680 171 1697 208 ἢ
1713 173 1859 201 διπλάσιον

230 223 376 249 tlecenuem
393 221 508 255 aliquem
526 221 591 248 fecit
613 229 675 249 esse
693 229 797 255 senem,
814 222 856 249 vel
870 222 1012 258 glanugine

1065 221 1239 257 παρεξέτεινε
1250 230 1258 255 ;

231 270 325 296 saltem
336 270 430 296 faciem
443 268 552 295 vestivit
565 268 577 294 τ
592 268 626 296 Et
642 269 664 295 si
680 269 741 295 vitae
753 269 870 303 spatium
901 269 1034 305 cujusque
1054 275 1180 296 nostrum
1193 269 1227 296 ad
1256 269 1381 304 quintum
1405 272 1434 295 et
1457 267 1654 301 sexagesimum
1687 273 1800 298 annum,
1828 271 1859 294 et

232 321 423 348 nonnunquam
439 314 521 341 etiam
537 313 694 348 longissime
714 313 782 341 infra
797 321 858 340 eum
870 314 1014 341 terminum
1033 313 1163 347 resecuit,
1182 315 1229 349 qui
1245 314 1284 347 lit,
1297 313 1368 348 quod
1382 319 1521 346 nunquam
1533 311 1598 338 illud
1626 311 1654 338 in
1683 310 1857 346 quintuplutn

231 364 277 386 aut
289 358 428 393 decuplum
441 358 453 384 ?
468 359 565 393 atquid
578 359 637 386 dico
655 359 837 393 quintuplum,
861 359 914 386 imo
929 358 970 385 vel
990 358 1016 385 iu
1029 358 1140 392 triplum
1156 364 1203 386 aut
1219 359 1245 386 in
1260 358 1370 393 dttplutn
1386 358 1509 386 extendit
1521 357 1543 383 ?.

266 406 330 438 Quae
342 405 386 432 ubi
406 405 446 431 vir
469 405 515 432 ille
541 404 620 437 dixit,
635 412 695 432 mox
711 405 879 433 climacteris
903 405 1011 433 descri-

230 452 349 486 ptionetn
364 450 489 484 subjecit,
500 455 530 478 ut
546 455 573 477 et
588 451 811 486 astrologicorum
827 452 968 479 nominum
982 459 1014 480 ac

231 498 412 529 schematum,
439 497 592 524 accuratius
618 497 713 524 horutn
737 497 934 531 expositionem
952 505 1013 532 per-

229 544 377 578 sequendo.
395 543 477 570 Addit
498 542 605 575 deinde,
620 543 642 570 si
664 550 712 577 per
738 543 877 570 stellarum
901 551 1010 570 cursum

229 594 310 624 atque
322 589 459 616 schemata
477 589 565 616 omnia
582 589 708 616 animalia
726 590 922 624 gubernantur,
943 597 1012 624 quo-

229 635 308 661 tnodo
325 634 426 661 nullum
436 641 554 669 unquam
566 639 669 661 astrum
682 638 728 661 aut
740 635 862 666 schema,
872 640 919 661 attt
929 635 1011 662 vicini

229 681 326 708 sideris
337 686 448 708 exortus
459 681 500 707 vel
526 686 628 715 patrem
657 687 719 708 esse
742 680 846 707 mulum
871 679 947 712 fecit,
969 680 1012 708 vel

229 731 342 753 matrem
359 726 469 758 mulam,
488 733 547 753 cum
564 731 653 753 tamen
682 725 709 753 hi
724 725 846 753 fecundis
867 733 920 753 non
951 734 1013 753 raro

230 771 390 800 animalibus
407 771 590 799 misceantur?
606 771 704 798 Natura
723 772 850 798 nimirum
864 771 942 805 hujus
957 772 1012 799 vim

230 817 318 850 elidit,
341 821 369 844 et
384 817 482 851 ubique
498 824 557 844 eam
574 816 675 844 vincit:
702 817 727 844 in
755 816 885 851 temporis
906 817 1008 851 produ-

1100 404 1193 431 Ταῦτα
1208 403 1293 431 εἰπὼν
1313 405 1327 431 ό
1341 403 1411 440 ἀνὴρ
1431 404 1478 430 καὶ
1496 403 1682 439 κλιμακτῆρος
1707 411 1855 439 καταγρα-

1063 449 1117 485 φὴν
1132 449 1241 485 ὑπήχθη
1256 450 1344 476 ποιεῖν
1364 449 1411 476 καί
1426 458 1509 476 τινων
1528 448 1730 484 ἀστρολογικῶν
1750 449 1857 483 ὀνομά-

1063 504 1119 523 των
1141 497 1189 523 καὶ
1215 496 1379 531 σχημάτων,
1397 496 1446 529 τὴν
1470 496 1573 522 τούτων
1589 495 1859 530 ἀκριϐολογούμενος

1062 540 1180 568 ἔκθεσιν.
1200 541 1314 575 Ἐπάγει
1335 541 1364 567 δὲ
1382 541 1420 573 ὡς
1443 542 1467 568 εί
1481 541 1520 576 τῷ
1541 541 1634 577 δρόμῳ
1659 541 1713 567 τῶν
1729 541 1859 576 ἀστέρων

1063 587 1110 614 καὶ
1133 587 1190 618 τοῖς
1214 587 1336 622 σχήμασι
1365 587 1454 614 πάντα
1475 587 1615 614 διοικεῖται
1635 586 1671 614 τὰ
1691 587 1766 619 ζῶα,
1793 587 1858 619 πῶς

1064 633 1152 664 οὐδεὶς
1164 633 1252 668 ἀστὴρ
1265 633 1327 660 οὐδὲ
1343 633 1435 668 σχῆμα
1448 633 1508 659 οὐδὲ
1519 632 1730 667 παρανατέλλων
1739 633 1856 668 ἡμίονον

1065 679 1172 714 πατέρα
1185 679 1201 714 ἢ
1219 680 1325 715 μητέρα
1336 700 1343 713 ,
1353 679 1442 706 καίτοι
1457 679 1504 706 καὶ
1518 680 1575 710 τοῖς
1585 679 1708 714 γονίμοις
1721 679 1857 711 πολλάκις

1067 725 1265 759 μιγνυμένους,
1280 725 1408 752 οὐδέποτε
1424 725 1630 760 ἀπειργάσατο;
1647 726 1703 752 ἀλλ’
1727 727 1743 759 ὴ
1770 727 1858 761 φύσις

1065 770 1096 797 τὸ
1117 771 1227 804 ἐκείνης
1239 771 1298 797 λύει
1312 771 1411 806 κράτος
1420 791 1429 804 ,
1443 772 1490 798 καὶ
1507 772 1644 807 πανταχοῦ
1657 772 1758 807 ταύτην
1771 774 1856 808 νικᾷ,

1065 815 1095 841 ὲν
1108 815 1261 851 παρατάσει
1285 816 1390 851 χρόνων
1401 836 1409 849 ,
1429 817 1457 842 tv
1469 816 1562 852 ὁμιλίᾳ
1575 817 1708 852 σωμάτων
1718 838 1726 850 ,
1742 818 1771 844 ὲν
1786 827 1856 845 κυο-

229 865 332 896 ctione,
357 864 383 891 in
400 871 543 898 corporum
557 870 715 898 congressu,
738 863 764 890 in
789 863 912 896 gestandi
942 863 1010 890 fetus

1065 861 1165 897 φοριῶν
1175 861 1316 897 διαφοραῖς
1328 881 1336 895 ,
1347 861 1376 887 ἐν
1388 860 1549 896 ἐξαλλαγαῖς
1564 862 1680 897 ἡλικιῶν,
1688 863 1734 889 καὶ
1751 864 1780 889 ἐν
1794 865 1857 896 τοῖς

229 911 370 941 varietate,
378 909 404 935 in
414 913 522 936 aetatum
537 907 732 938 immutatione,
741 907 767 934 in
781 908 886 934 caneris
896 926 903 939 ,
914 906 1012 942 217a

230 963 289 990 qua
303 955 451 983 secundum
470 958 593 981 naturam
614 953 681 979 llunt
696 952 823 979 omnibus
835 959 950 986 quorum
969 953 1012 979 illa

231 1002 297 1030 nihil
311 1005 400 1037 potest
414 1001 568 1027 immutare.
583 998 638 1026 Cur
665 999 738 1026 enim
753 1005 839 1033 equus
856 998 944 1026 nullus
971 998 1012 1026 vel

229 1050 322 1077 asinus
338 1048 478 1075 hominum
490 1046 582 1081 effugit
601 1045 746 1080 ﬂagellum,
763 1053 824 1072 cum
843 1050 940 1072 caetera
952 1045 1014 1072 ani-

233 1096 331 1123 mantia
355 1095 450 1121 hOrum
472 1094 553 1120 ictum
572 1100 625 1120 non
643 1091 730 1119 ferant
743 1092 755 1118 ?
770 1091 805 1118 At
818 1091 840 1119 si
869 1100 934 1127 qua,
948 1099 1009 1127 quae

230 1148 318 1169 tamen
339 1148 398 1168 rara
424 1144 499 1172 sunt,
515 1138 659 1171 sustinent,
686 1146 719 1166 ne
746 1140 786 1166 sic
821 1139 932 1173 quidem
958 1138 1013 1166 dif-

229 1187 334 1223 licultas
361 1185 486 1213 solvitur.
506 1183 561 1212 Cur
580 1183 653 1210 enim
674 1190 726 1210 non
750 1188 777 1211 et
799 1189 899 1211 caetera
920 1184 1012 1211 omnia

228 1234 378 1261 sustineant
397 1238 510 1259 numero
535 1229 618 1257 multo
632 1230 730 1265 plura?
748 1229 857 1265 .Deiude
881 1230 953 1257 inter
968 1237 1010 1262 ea,

228 1288 288 1315 quae
299 1278 391 1314 ﬂagris
405 1278 556 1310 (aa-duntur,
568 1278 653 1305 libera
668 1282 730 1305 sunt
744 1279 833 1310 bruta,
844 1277 907 1304 dum
921 1276 1014 1304 adole-

227 1326 337 1353 Veriut:
363 1331 424 1351 nam
440 1331 498 1350 mox
514 1329 543 1350 ut
566 1330 649 1350 onera
674 1321 747 1349 ferre
773 1322 914 1356 coeperint.
927 1322 1011 1349 etiam

228 1370 365 1398 verberari
379 1369 518 1404 incipiunt.
535 1368 570 1395 At
583 1369 664 1396 homo
677 1368 845 1403 potissimum
860 1368 886 1395 in
898 1368 1012 1403 pueritia

228 1417 392 1452 ﬂagellatur:
411 1423 472 1443 cum
484 1420 573 1442 autem
586 1415 619 1442 ad
644 1414 750 1442 virilem
763 1418 871 1441 aetatem
883 1413 1011 1447 creverit,

229 1469 275 1490 aut
286 1469 433 1497 nunquam,
446 1461 596 1488 autsaltem
608 1467 668 1488 raro
679 1460 800 1488 caeditur.
817 1459 910 1493 Quare
920 1459 1012 1487 adhaec

230 1509 316 1542 libris,
334 1508 440 1539 suibus,
455 1507 533 1542 gallis
547 1506 719 1542 gallinaceis,
737 1506 903 1539 hominibus,
920 1505 1010 1541 equis,

228 1561 257 1582 et
275 1553 433 1589 quibusdam
455 1553 525 1582 [orte
537 1553 607 1585 aliis,
625 1553 750 1588 genitalia
771 1557 944 1586 exsecantur,
957 1552 1013 1580 fer-

229 1605 341 1632 rumque
366 1597 437 1632 ipsos
467 1604 516 1632 pro
543 1597 665 1624 fecundis
682 1597 791 1625 steriles
820 1597 928 1625 reddit:
945 1605 1011 1625 cum

228 1647 325 1670 uetera
355 1647 444 1669 tattten
463 1642 611 1669 animantia
636 1650 689 1670 nou
706 1643 785 1669 modo
813 1642 848 1669 ab
874 1647 1011 1670 astrorum

228 1688 467 1716 uecessilateuiltil
491 1688 635 1720 laedantur,
654 1688 702 1715 sed
720 1696 778 1715 eam
794 1688 877 1715 etiam
897 1688 1012 1716 irriden-

228 1736 288 1762 dam
313 1734 483 1769 proponant?
495 1734 550 1762 Cur
565 1734 671 1761 taudettt
686 1734 781 1762 eadem
806 1734 946 1762 stellarum
962 1742 1012 1770 po-

228 1781 313 1809 situra
336 1782 460 1809 eumdem
485 1788 596 1808 cursum
623 1785 742 1814 tenente,
755 1781 778 1809 si
804 1781 904 1816 plantae
916 1789 1012 1816 ampu-

228 1833 329 1861 tentur,
346 1835 452 1856 rursum
486 1835 578 1855 ramos
602 1828 741 1860 emittunt,
769 1832 797 1856 et
826 1829 1011 1856 circumtonsa

227 1876 311 1904 herba
327 1882 403 1909 atque
419 1880 448 1902 ut
459 1875 621 1909 antea,quin
635 1875 716 1902 etiam
730 1874 810 1902 altius
817 1875 939 1910 erigitur,
947 1883 1009 1903 cum

227 1922 254 1949 in
267 1921 437 1953 animalibus,
465 1921 488 1948 si
519 1921 590 1956 quod
611 1920 681 1948 forte
696 1921 846 1948 membrum
862 1921 1010 1949 dissectum

228 1967 320 2000 fuerit,
336 1967 441 1998 oculus,
472 1967 512 1994 vel
528 1974 620 2000 nasus,
642 1967 683 1994 vel
708 1966 820 2001 digitus,
838 1967 906 1994 nihil
932 1967 1011 2001 plane

228 2014 312 2039 l‘atum
343 2012 376 2039 ad
402 2012 482 2047 hujus
504 2012 618 2040 membri
637 2013 865 2040 restaurationem
888 2013 1009 2047 adjuvat,

227 2059 278 2086 etsi
294 2059 344 2086 hoc
361 2059 448 2093 ipsum
474 2059 595 2093 praebere
607 2058 651 2086 illa
668 2067 726 2093 quae
749 2060 789 2089 sic
803 2059 925 2092 abstulit,
943 2066 1009 2086 cen-

225 2105 305 2132 senti
319 2105 354 2131 At
367 2112 417 2132 non
431 2110 532 2132 naturae
541 2105 703 2140 proprietas,
715 2106 762 2133 sed
771 2110 905 2133 astrorum
919 2111 1008 2134 motus

226 2151 334 2185 quidam
348 2157 430 2186 atque
448 2144 685 2179 constitutio'illud
707 2152 806 2187 partim
820 2152 926 2185 bestiis,
942 2161 1006 2187 par-

1063 908 1152 939 ἇλλοις
1165 908 1232 935 πᾶσι
1248 908 1305 940 τοῖς
1318 907 1390 934 κατὰ
1402 907 1484 942 φύσιν
1496 927 1504 939 ,
1519 905 1557 935 ὧν
1569 908 1645 935 οὐδὲν
1661 909 1755 944 ἐκείνη
1769 909 1856 942 ἐξαλ-

1063 954 1169 981 λάττειν
1193 953 1314 982 δύναται.
1337 954 1388 980 Διά
1412 953 1439 980 τί
1452 953 1507 990 γὰρ
1534 953 1603 981 ὄνων
1616 954 1666 990 μὲν
1687 955 1733 981 καὶ
1759 955 1857 982 ἵππων

1063 1002 1151 1033 οὐδεὶς
1165 1001 1215 1033 τὰς
1229 1001 1258 1034 ἐξ
1272 1001 1425 1037 ἀνθρώπων
1447 1002 1588 1036 διαφεύγει
1604 1003 1738 1037 μάστιγας
1747 1024 1754 1035 ,
1767 1003 1858 1031 τεὺλα

1062 1047 1090 1073 δὲ
1104 1047 1159 1073 τῶν
1174 1047 1281 1081 ἀλόγων
1304 1046 1382 1079 ζώων
1396 1047 1446 1082 τὴν
1468 1047 1522 1073 ἀπὸ
1547 1047 1650 1074 τούτων
1675 1047 1780 1082 πληγὴν
1803 1048 1858 1083 οὐχ

1063 1092 1227 1128 ὑπέμεινενς
1256 1094 1281 1120 ει
1300 1093 1328 1120 δέ
1346 1101 1398 1120 που
1416 1093 1465 1120 καὶ
1488 1093 1605 1126 σπάνῖα,
1627 1094 1657 1122 τὸ
1681 1093 1783 1129 ἄπορον
1803 1094 1859 1120 οὐκ

1063 1141 1184 1168 ἀνίεται·
1198 1141 1243 1168 διὰ
1254 1142 1281 1168 τί
1295 1141 1350 1177 γὰρ
1367 1141 1404 1177 μὴ
1417 1141 1464 1168 καὶ
1479 1142 1513 1168 τὰ
1527 1142 1594 1168 ἄλλα
1609 1141 1675 1168 πολὺ
1688 1141 1772 1168 πλείω
1787 1150 1858 1176 τυγ-

1062 1186 1195 1221 χάνοντα;
1209 1184 1269 1214 εἶτα
1291 1187 1338 1214 καὶ
1365 1187 1456 1214 αὐτῶν
1471 1187 1525 1214 τῶν
1537 1188 1565 1206 ⁸οι
1587 1187 1792 1223 μαστιζομένων
1817 1188 1858 1215 τὰ

1064 1231 1114 1266 μὲν
1130 1231 1230 1266 ἄλογα,
1257 1231 1310 1264 ἕως
1329 1232 1370 1265 [ἂν
1390 1232 1531 1268 ἀνδρωθῇ,
1550 1233 1687 1268 μαστίγων
1702 1233 1835 1269 ἐλεύθερα
1847 1254 1858 1267 ,

1062 1276 1227 1312 ἁχθοφορεῖν
1239 1277 1268 1304 δὲ
1279 1277 1418 1313 ἀρχόμενα
1431 1277 1637 1313 προσλαμϐάνει
1652 1278 1739 1305 καὶτὸ
1752 1278 1859 1305 τύπτε-

1063 1322 1144 1350 σθαι·
1159 1323 1301 1358 ἄνθρωπος
1315 1323 1343 1349 δὲ
1362 1323 1391 1349 ὲν
1417 1324 1496 1350 παισὶ
1512 1324 1561 1360 μὲν
1576 1323 1614 1350 ὢν
1630 1323 1728 1359 μᾶλλον
1753 1325 1859 1360 μαστί-

1063 1368 1157 1401 ζεται,
1183 1368 1267 1404 ἄνδρα
1291 1369 1319 1396 δὲ
1341 1369 1391 1402 τῆς
1418 1369 1529 1404 ἡλικίας
1557 1369 1638 1396 αὑτὸν
1662 1369 1809 1405 δεικνύσης
1836 1371 1856 1405 ἢ

1061 1415 1186 1449 οὐδαμῶς
1200 1415 1216 1451 ἢ
1228 1415 1271 1442 ἐπ’
1285 1415 1394 1442 ἔλαττον
1411 1415 1463 1442 ὑπὸ
1484 1415 1619 1450 μάστιγας
1635 1415 1746 1450 ἄγεται.
1763 1416 1814 1442 Διά
1827 1417 1859 1442 τί

1061 1462 1091 1489 δὲ
1106 1462 1239 1498 κάστορες
1257 1462 1306 1497 μὲν
1331 1462 1380 1489 καὶ
1407 1461 1454 1494 ὒες
1472 1462 1518 1488 καὶ
1540 1462 1717 1497 ἀλεκτρυόνες
1739 1463 1788 1489 καὶ
1804 1463 1858 1490 ἀν-

1063 1507 1171 1542 θρωποι
1185 1507 1232 1534 καὶ
1251 1508 1329 1534 ἵπποι
1339 1528 1346 1540 ,
1359 1507 1408 1534 καὶ
1422 1507 1487 1534 εἴτι
1502 1507 1566 1534 ἄλλο
1580 1508 1742 1541 ὑπόλοιπον,
1757 1507 1789 1534 τὸ
1807 1517 1860 1542 γε-

1062 1554 1221 1590 νεσιουργδν
1240 1554 1285 1580 ὑπ’
1296 1553 1447 1590 ἀνθρώπων
1466 1554 1648 1590 ἀποτέμνεται
1658 1574 1665 1586 ,
1677 1554 1733 1592 καὶ,
1745 1554 1859 1590 σίδηρος

1063 1600 1154 1632 αὐτοῖς
1168 1600 1229 1628 ἀντὶ
1254 1599 1428 1634 παιδογονίας
1444 1600 1550 1633 δικάζει
1568 1601 1598 1628 τὸ
1621 1601 1734 1634 ἄγονον,
1767 1601 1803 1628 τὰ
1832 1602 1858 1628 δ’

1062 1646 1131 1674 ἄλλα
1144 1646 1199 1673 τῶν
1220 1646 1297 1678 ζώων
1316 1646 1366 1680 τὴν
1379 1646 1433 1673 ἀπὸ
1454 1646 1509 1673 τῶν
1527 1646 1636 1681 ἄστρων
1653 1646 1777 1680 ἀνάγκην
1791 1647 1860 1673 ἀντὶ

1061 1691 1109 1718 τοῦ
1130 1691 1269 1718 σινοῦσθαι
1288 1690 1448 1726 γελωμένην
1463 1691 1676 1725 καταλείπουσι;
1701 1691 1728 1718 τί
1751 1691 1859 1726 δήποτε

1061 1737 1090 1764 δὲ
1102 1737 1151 1772 τῆς
1166 1736 1252 1772 αὐτῆς
1269 1736 1449 1772 ἀστροθεσίας
1464 1737 1510 1763 τὸν
1524 1737 1606 1764 αὐτὸν
1620 1737 1719 1773 δρόμον
1734 1737 1859 1774 ἐχούσης

1063 1783 1136 1817 φυτὰ
1152 1783 1202 1818 μὲν
1214 1783 1434 1818 περιτεμνόμενα
1457 1783 1538 1810 πάλιν
1559 1783 1636 1815 αῦξει
1651 1784 1766 1816 κλάδους
1777 1804 1785 1815 .
1806 1785 1860 1812 καὶ

1061 1829 1273 1865 περικειρομένη
1287 1828 1386 1865 βοτάνη
1403 1828 1507 1864 ἀνίσχει
1521 1829 1570 1864 τὴν
1588 1829 1649 1865 τσην
1663 1829 1679 1864 ἢ
1695 1830 1742 1856 καὶ
1760 1830 1860 1857 πλεῖον

1061 1883 1109 1907 να,
1126 1874 1165 1910 τῷ
1176 1874 1206 1901 δὲ
1225 1873 1288 1910 ζώῳ
1302 1874 1335 1908 ⁸¹,
1353 1875 1378 1901 ετ
1387 1883 1413 1901 τι
1426 1874 1480 1901 τῶν
1493 1874 1581 1910 μελῶν
1590 1877 1725 1910 περικωιῇ
1734 1896 1742 1908 ,
1753 1876 1862 1910 ὀφθαλο

1062 1917 1113 1953 μὸν
1126 1917 1143 1953 ἢ
1158 1919 1219 1953 ρτνα
1232 1917 1248 1954 ἢ
1262 1918 1413 1953 δάκτυλονξ,
1425 1918 1501 1945 οὐδὲν
1513 1920 1529 1953 ή
1545 1919 1698 1955 εἱμαρμένη
1716 1920 1788 1955 πρὸς
1804 1921 1861 1956 τὴν

1062 1962 1110 1990 τοῦ
1128 1963 1225 1998 μέλους
1241 1963 1377 1998 ἀνάφυσιν
1395 1964 1630 1998 συλλαμϐάνεται;
1648 1965 1736 1992 καίτοι
1749 1965 1860 2002 ταύτην

1061 2008 1218 2040 καθίζουσιν
1231 2009 1346 2040 ἐκείνοις
1359 2008 1540 2044 χαριζομένην
1563 2009 1634 2046 ἅπερ
1648 2010 1774 2044 ἀφεῖλεν.
1795 2011 1859 2038 ἀλλ’

1061 2053 1124 2088 οὐχὶ
1140 2054 1190 2089 τῆς
1204 2053 1310 2088 φύσεως
1325 2053 1356 2080 τὸ
1372 2054 1479 2089 ἰδίωμα.
1495 2055 1566 2082 Αὑτο
1580 2055 1608 2082 δὲ
1624 2055 1704 2082 τοῦτο
1717 2055 1759 2087 τίς
1772 2056 1862 2082 ἁστέφ

1062 2109 1117 2136 ρων
1132 2100 1239 2134 κίνησις
1252 2099 1300 2127 καὶ
1315 2099 1408 2135 σχῆμα
1418 2100 1452 2126 τὰ
1466 2099 1517 2134 μὲν
1532 2101 1572 2132 είς
1586 2100 1702 2134 ἀλόγους
1717 2101 1752 2127 τὰ
1762 2100 1792 2127 δὲ
1813 2101 1861 2133 είς

1060 2145 1184 2180 λογικοὺς
1195 2144 1360 2180 διεκλήρωσε
1373 2153 1382 2178 ;
1405 2145 1447 2176 τίς
1461 2145 1490 2171 δὲ
1505 2145 1550 2172 ὑσὶ
1566 2145 1615 2180 μὲν
1626 2147 1673 2173 καὶ
1690 2145 1861 2181 ἀλεκτρυόσι

227 2199 275 2225 tim
304 2197 465 2232 hominibus
483 2197 634 2225 distribuit.
669 2197 729 2225 Jatn
760 2205 825 2226 vero
844 2199 906 2233 quis
931 2206 1005 2232 sues,

1065 2190 1109 2218 καὶ
1128 2189 1185 2222 αἰεὶ
1198 2191 1245 2217 καὶ
1261 2189 1359 2225 βουσὶ,
1371 2191 1418 2217 καὶ
1435 2191 1462 2217 εῐ
1475 2190 1617 2223 τιτούτοις
1631 2191 1737 2226 ὅμοιον,
1747 2191 1794 2218 τὸν
1810 2193 1862 2221 διὰ

225 2245 307 2278 gallos
329 2244 504 2279 gallinaceos,
525 2251 633 2279 capras,
649 2244 745 2277 boves,
773 2249 801 2271 et
823 2244 847 2272 si
875 2244 940 2278 quid
967 2245 1010 2272 his

224 2290 314 2318 simile
325 2293 377 2324 est,
390 2290 422 2317 ad
437 2295 550 2317 mortem
569 2298 617 2325 per
629 2290 748 2325 gladium
779 2290 948 2318 subeundam
963 2291 1011 2318 ad-

221 2336 360 2370 judicavil,
379 2343 439 2363 cum
451 2336 565 2370 plurima
577 2336 724 2363 animantia
734 2337 785 2364 hoc
798 2336 894 2364 tnortis
912 2343 1012 2370 genere

225 2390 277 2409 non
303 2381 436 2416 pereant?
462 2380 532 2409 Olim
556 2388 697 2417 praeterea.
721 2389 783 2409 cum
813 2381 892 2410 idolis
918 2382 1006 2410 sacri-

224 2427 320 2454 ﬁcandi
333 2427 400 2454 ritus
409 2427 521 2462 viget-et,
533 2427 740 2455 innumerabilis
751 2428 847 2454 horum
859 2434 919 2463 quae
929 2427 1008 2463 jugu-

223 2472 312 2498 lantur
328 2472 471 2500 multitudo
493 2480 546 2499 una
556 2479 628 2507 saepe
644 2471 835 2499 immolabatur
848 2472 925 2499 hora.
949 2471 1007 2499 Hoc

222 2523 287 2543 vero
298 2523 373 2544 more
386 2522 520 2549 cessante,
539 2523 592 2544 non
607 2516 781 2552 perindejam
799 2517 857 2545 haec
878 2517 1007 2544 animalis

223 2561 309 2596 gladio
339 2562 688 2596 subjiciunturISiderum
715 2566 804 2590 tamen
831 2563 1003 2595 canstitutio,

224 2612 251 2633 ut
278 2606 315 2634 illi
333 2606 519 2642 loquerentur,
542 2612 700 2635 constanter
731 2608 856 2635 eumdem
889 2616 1000 2636 cursum

224 2658 319 2686 leues,
336 2653 505 2689 inaequaliter
529 2654 596 2681 adeo
616 2655 710 2681 horum
729 2654 887 2682 animalium
911 2655 1008 2683 condi-

224 2699 325 2727 tionem
337 2699 502 2732 immutavit,
515 2707 575 2735 qua:
591 2705 750 2727 cancrorum
763 2701 888 2735 priscum
897 2701 1005 2729 vivendi

1063 2237 1201 2272 μαχαίρας
1211 2236 1321 2264 ἐδίκασε
1331 2236 1353 2252 δ’
1370 2236 1487 2266 θάνατον
1498 2258 1506 2270 ,
1522 2237 1557 2264 τὰ
1568 2237 1598 2264 δὲ
1614 2238 1728 2265 πλεῖστα
1740 2238 1796 2264 τῶν
1809 2239 1862 2266 ἆλ-

1060 2282 1115 2309 λων
1126 2281 1203 2313 ζώων
1216 2281 1266 2317 τὴν
1288 2281 1417 2317 τοιαύτην
1432 2283 1482 2309 οὐκ
1497 2281 1566 2309 οἶδεν
1576 2282 1598 2298 ⁸³
1611 2283 1744 2318 ἐπήρειαν
1755 2291 1762 2316 ;
1785 2283 1862 2311 ἀλλὰ

1061 2329 1109 2355 καὶ
1122 2327 1226 2354 τούτων
1241 2328 1295 2354 τῶν
1305 2327 1329 2344 ⁸⁸
1347 2327 1552 2363 ἀναιρουμένων
1563 2328 1648 2355 πάλαι
1663 2329 1728 2364 μὲν,
1742 2329 1794 2364 τῆς
1814 2331 1863 2356 εἰ-

1061 2372 1226 2404 δωλοθυσίας
1237 2373 1457 2408 ἐπικρατούσης,
1477 2373 1591 2408 ἄπειρον
1606 2373 1669 2410 [557
1684 2373 1729 2409 1L]
1746 2375 1775 2400 ἐν
1795 2374 1864 2412 ὥρᾳ

1062 2420 1112 2455 μιᾷ
1131 2417 1278 2446 κατεθύετο
1304 2418 1404 2453 πλῆθος
1417 2426 1424 2434 ·
1453 2418 1500 2445 νῦν
1522 2419 1551 2445 δὲ
1577 2419 1727 2454 παυθείσης
1744 2420 1863 2456 ἐκείνης

1061 2466 1111 2501 οὐχ
1124 2465 1225 2500 ὁμοίως
1238 2466 1269 2492 τὸ
1283 2464 1360 2498 ξίφος
1374 2464 1538 2500 ὑπέρχονται
1554 2473 1562 2498 ;
1574 2465 1631 2492 Καὶ
1652 2465 1706 2492 τῶν
1729 2466 1863 2502 ἀστέρων

1061 2513 1076 2540 ό
1099 2513 1292 2549 σχηματισμὸς
1304 2532 1312 2545 ,
1326 2512 1363 2543 ὥς
1380 2511 1413 2538 ἂν
1429 2512 1528 2539 ἐκεῖνοι
1544 2512 1623 2547 φαῖεν
1636 2532 1644 2545 ,
1664 2512 1863 2546 ὰναλλοιώτως

1061 2560 1107 2588 τὸν
1117 2560 1199 2586 αὐτὸν
1213 2559 1383 2595 ὲξομαλίζων
1393 2558 1492 2594 δρόμον
1501 2577 1510 2591 ,
1527 2558 1598 2586 οὕτω
1610 2559 1660 2594 μὲν
1671 2558 1704 2585 τὰ
1717 2559 1782 2594 περὶ
1792 2560 1862 2586 τοὺ-

1061 2615 1117 2633 των
1132 2606 1285 2641 ἀνωμάλως
1302 2606 1462 2641 ἰξηλλοὶωσε
1472 2625 1480 2638 ,
1501 2605 1556 2632 τῶν
1571 2605 1594 2632 δ’
1617 2605 1704 2632 ἄλλων
1717 2605 1796 2637 ζώων
1809 2606 1862 2633 τὸν

1062 2655 1163 2690 τρόπον
1186 2655 1236 2689 τῆς
1259 2654 1376 2689 ἀρχαίας
1397 2653 1471 2687 ζωῆς
1484 2653 1515 2679 οὐ
1534 2652 1691 2688 μετέΰαλεν.
1716 2653 1747 2679 Ei
1760 2651 1791 2679 δὲ
1808 2661 1864 2680 και

1063 2710 1125 2729 τινα
1140 2701 1341 2737 παραπλησίως
1358 2701 1463 2728 τούτων
1489 2700 1710 2736 μεταὸέόληκεν,
1733 2699 1794 2726 ἀλλ’
1813 2700 1850 2727 ὄπ

875 2778 994 2807 VARl/E
1007 2777 1213 2808 LECTIONES.

253 2835 277 2851 “
290 2835 344 2864 τῶν
353 2837 413 2865 ad.l.
427 2839 458 2866 Δ.
498 2838 517 2853 υ
531 2837 582 2864 τῶν
599 2837 625 2863 δὲ
641 2836 717 2869 ζώων
735 2845 766 2870 ς.
805 2838 827 2854 ⁵⁸
845 2837 986 2865 ἐδικαίωσε
1002 2847 1033 2870 ς.
1074 2838 1096 2853 ⁸³
1110 2835 1178 2864 εἶδεν
1259 2837 1283 2853 ⁸⁵
1296 2835 1351 2863 τῶν
1381 2844 1435 2864 out.
1471 2836 1542 2863 libri.
