1920 3090
59 109 114 142 861
595 114 844 145 ΒΙΒΙᾸΟΤΗΕΟΑ

900 126 910 131 ·
927 115 1012 145 COD.
1034 115 1192 146 CCXXIII.
1629 114 1682 147 862

60 166 98 201 μὴ
110 164 201 193 πάντα
216 166 284 203 μηδὲ
298 167 332 194 τὰ
346 167 459 195 πλεῖστα
468 189 476 201 ,
489 168 565 196 οΰδὲν
578 167 661 206 ἦττον
676 172 690 198 6
700 171 756 197 τῶν
767 170 848 198 ἀστέ-

900 172 1009 199 modum
1037 172 1197 200 invariatum
1223 172 1342 207 reliquit.
1373 172 1453 206 Quod
1478 174 1503 200 si
1528 173 1599 200 forte
1624 173 1675 199 alia

60 220 116 247 ρων
130 212 234 247 ὁμαλὸς
252 213 351 249 δρόμος
368 215 415 242 καὶ
431 215 530 250 τιρὺςδι¹
547 216 726 252 ἀπαράϐατον
740 217 848 252 ἀνάγκη

902 225 1008 252 quoque
1023 219 1152 246 nonnulla
1169 219 1203 245 ad
1225 219 1296 246 hunc
1317 218 1377 246 fere
1401 218 1510 246 modum
1542 219 1682 246 immutata

57 257 262 292 διεχλεύασται.
285 260 356 287 Ἀλλ’
369 261 410 293 εἰς
418 261 498 288 τοῦτο
506 262 529 278 ⁸⁸
545 262 594 296 μὲν
609 263 727 298 πέρατος
741 263 788 290 καὶ
801 263 816 289 6
829 266 848 288 ε·

903 266 978 294 sunt,
994 264 1101 296 quando
1116 263 1142 290 id
1159 270 1246 298 neque
1259 263 1285 290 in
1301 263 1439 296 omnibus,
1451 270 1538 297 neque
1554 263 1579 289 in
1598 261 1682 296 pluri-

58 301 137 337 λόγος
154 305 201 330 καὶ
214 304 244 331 τὸ
254 308 278 339 γ’
294 306 341 333 καὶ
356 309 384 341 μ’
400 306 551 341 κεφάλαιον
570 308 730 344 καταλήγει.

903 307 955 335 mis
965 307 1073 340 accidit.
1088 308 1228 343 aequabilis
1242 309 1419 336 nihilominus
1445 314 1582 335 astrorunt
1612 314 1679 334 cur-

59 355 117 380 sus,
133 351 162 375 et
185 349 296 384 insuper
312 351 540 379 incommutabilis
556 353 602 380 illa
626 353 772 382 necessitas
781 351 898 380 ludibrio
911 353 1032 387 exposita
1045 358 1098 382 est.
1116 354 1150 381 Et
1159 354 1211 382 hoc
1240 355 1347 389 quidem
1379 354 1439 381 libri
1472 362 1498 386 ν,
1533 354 1683 388 capitisque

57 395 259 430 quadragesimi
275 395 346 423 tertii
362 401 511 424 extremum
526 403 579 427 est.

95 439 161 476 [689
179 440 225 476 R.]
243 441 289 468 ‘Ev
304 441 332 468 δὲ
346 442 386 477 τῷ
409 446 437 475 ς’
453 444 502 479 μὲν
517 444 600 479 λόγῳ,
616 444 636 471 δ’
649 444 677 471 δὲ
694 445 742 472 καὶ
759 447 785 479 μ’
801 453 848 472 κε-

933 442 1044 478 2176.
1062 441 1144 470 Sexto
1177 448 1268 470 autem
1292 443 1360 471 libro
1379 448 1407 471 et
1424 444 1512 478 capite
1532 444 1682 478 (prodi-age—

58 487 169 522 φαλαιῳ
183 486 271 514 ταῦτα
286 487 442 516 ὑποϐάλλειι
458 490 489 516 El
505 490 554 525 τῆς
568 490 712 524 γενέσεως,
729 489 822 524 φησὶν,
835 491 848 516 6

900 486 966 514 timo
980 491 1077 521 quarto
1086 487 1143 515 hac
1156 488 1276 522 subjicil.
1293 489 1321 515 Si
1335 496 1464 523 geneseos
1479 496 1584 520 cursus,
1596 489 1644 520 ait,
1666 497 1682 516 c

57 531 159 566 δρόμος
173 531 228 558 ἀπὸ
242 532 295 567 γῆς
305 533 351 560 τὸν
360 533 502 569 ἄνθρωπον
517 536 563 561 καὶ
576 535 610 562 τὰ
622 535 690 562 ἄλλα
704 535 760 562 τῶν
771 535 850 567 ζώων

58 577 219 609 ἀπετέλεσε,
237 579 296 610 πῶς
319 579 377 606 νυνὶ
400 580 485 614 χωρὶς
509 579 599 615 γάμου
622 580 683 607 οὔτε
707 581 850 616 ἄνθρωπον

58 623 122 649 οὔτε
137 623 174 650 τὰ
193 624 279 659 μυρία
294 624 350 660 εἴδη
361 625 416 652 τῶν
430 625 507 657 ζάκον
521 626 645 662 οὐδαμῶς
660 627 819 662 προάγουσα
827 625 850 642 ⁵⁷

59 668 201 695 δείκνυται
210 677 218 702 ;
230 669 263 696 El
275 669 304 696 δέ
313 678 374 696 τινα
384 669 485 697 τούτων
498 670 545 697 καὶ
555 671 851 706 νυνὶίπροάγει,ὥσπερ

60 713 210 749 σκώληκας
221 715 268 740 καὶ
280 714 393 742 τοιαῦτα
401 715 424 731 ⁸⁸
436 715 505 747 ἔνια,
517 716 575 748 πῶς
591 716 629 752 μὴ
640 716 686 743 καὶ
698 715 788 743 πάντα
799 717 850 743 ὅσα

61 760 165 794 ὁμοίως
180 760 230 786 ἀπ’
244 760 332 795 ἀρχῆς
346 761 396 796 τῆς
414 761 467 796 γῆς
487 761 571 794 ἔδειξε
584 762 722 796 φυόμενα;
742 761 811 788 Ἀλλ’
825 763 849 788 εἰ

62 804 110 830 καὶ
123 804 228 840 δρόμος
250 805 373 840 ἀστέρων
387 806 450 837 τοὺς
463 805 623 842 ἀνθρώπους
636 807 690 833 ἀπὸ
711 806 765 842 γῆς
783 808 850 834 κατ’

58 849 149 884 ἀρχὰς
171 849 285 881 ἔπλασε,
303 850 362 881 πῶς
375 850 436 886 οὐχ).
459 851 507 878 καὶ
525 853 649 887 τεχνίτας
663 852 762 880 αὐτίκα
777 861 848 888 συμ-

57 895 231 930 προήγαγεν,
247 895 315 922 ἀλλὰ
325 895 415 932 πολλῷ
424 897 514 932 χρόνῳ
524 897 637 933 ὕστερον
648 898 790 934 τεκτονικὴ
801 900 849 926 καὶ

57 941 195 975 ὑφαντικὴ
214 941 261 968 καὶ
284 941 406 978 ἱστορικὴ
421 943 576 978 γεωμετρία
591 952 621 970 τε
644 943 693 970 καὶ
717 944 848 981 ῥητορικὴ

57 987 105 1014 καὶ
120 987 219 1022 μυρίαι
234 987 328 1023 τέχναι
341 988 421 1016 ἄλλαι
436 989 577 1024 λογισμοῖς
596 989 778 1025 ἀνθρωπίνοις
800 991 848 1017 εὐ-

58 1032 179 1067 ρέθησάν
195 1041 226 1059 τε
242 1034 290 1060 καὶ
303 1033 479 1068 ἐπεγένοντω
494 1035 525 1062 Et
535 1035 563 1061 δὲ
578 1035 626 1061 καὶ
640 1035 782 1071 προελθεῖν
794 1037 849 1064 ἀπὸ

56 1079 108 1113 γῆς
119 1079 309 1115 ἐπιστήμονας
320 1080 383 1112 τοὺς
395 1080 555 1116 ἀνθρώπους
565 1082 848 1117 τερατεύσοιντο,πῶς

56 1125 116 1151 τότε
133 1126 184 1161 μὲν
197 1127 262 1153 ἄνευ
275 1125 419 1162 μαθήσεως
431 1126 612 1162 ἐπιστήμονες
623 1127 780 1162 ἀνεφύοντο,
790 1130 848 1156 νυνὶ

56 1171 83 1197 δὲ
98 1171 193 1203 πόνοις
207 1172 254 1198 καὶ
268 1171 395 1206 μελέταις
413 1171 489 1206 μόλις
504 1171 666 1206 κατορθοῦσι
689 1172 740 1208 τὴν
761 1174 848 1209 μάθη-

58 1225 116 1249 σιν;
135 1216 193 1244 Ποῦ
208 1216 231 1244 δ’
246 1216 294 1244 οὖν
313 1217 416 1251 οἴχεται
429 1216 527 1252 δρόμος
541 1217 643 1249 ἐκεῖνος
658 1218 672 1243 6
686 1217 816 1252 παλαιὸς,
833 1221 848 1246 6

59 1263 119 1294 τοὺς
143 1262 205 1297 ἅμα
228 1264 260 1299 τῇ
287 1263 392 1298 προόδῳ
417 1264 515 1297 σοφοὺς
527 1263 548 1278 ⁸³
575 1263 767 1297 ἀναπλάττων;
793 1265 848 1292 Καὶ

58 1308 138 1335 πόθεν
155 1308 191 1335 τὰ
203 1308 252 1335 νῦν
264 1309 412 1344 ὰντανέστη
427 1309 441 1335 6
456 1308 520 1340 τοὺς
534 1309 681 1343 αὐτοφυεῖς
696 1309 848 1346 ἐπιστήμο-

57 1364 103 1387 νας
117 1356 213 1386 πόνοις
229 1354 402 1390 προὸιὸάζων
416 1355 464 1382 καὶ
480 1356 572 1391 μακρᾷ
587 1356 703 1392 μελέτης
720 1357 753 1383 Τί
767 1357 789 1383 δ’
801 1355 847 1384 οὖν

57 1401 71 1426 6
83 1401 227 1435 μιαιφόνος
243 1400 377 1435 ἔπραττεν
387 1401 473 1436 ’Δρης
483 1401 543 1428 τότε
555 1401 609 1428 τῶν
622 1401 772 1437 ἀνθρώπων
782 1403 848 1430 κατ’

57 1446 182 1482 ἀλλήλων
205 1446 255 1481 οὐχ
278 1445 481 1480 ὸπλιζομένων;
504 1446 560 1475 Ποῦ
583 1447 606 1474 δ’
621 1449 635 1474 6
659 1448 786 1482 βασιλέας
800 1449 847 1478 καὶ

898 536 970 560 terra
986 533 1121 561 hominem
1137 539 1289 568 ceteraque
1306 535 1432 561 animalia
1456 536 1597 569 produxit,
1614 544 1682 569 quo-

900 579 981 606 modo
996 586 1070 606 nunc
1083 579 1142 606 sine
1154 578 1280 614 conjugio
1292 587 1459 615 nequaquam
1476 580 1517 607 vel
1533 581 1680 611 hominem.

900 624 942 651 vel
956 625 1044 652 varias
1065 624 1124 652 illas
1139 625 1318 652 animantium
1334 626 1437 660 species
1468 627 1618 661 producere
1633 627 1681 653 de-

900 670 1099 704 prehenditur?
1112 669 1188 703 Quod
1211 670 1234 698 si
1252 676 1279 698 et
1299 679 1372 699 nunc
1388 673 1513 706 quaedam
1534 678 1626 698 eorum
1642 671 1681 698 sic

901 715 1034 749 producit,
1049 723 1155 744 vermes
1171 721 1235 751 puta
1259 721 1287 744 et
1304 717 1329 744 id
1345 724 1430 751 genus
1453 717 1592 749 nonnulla,
1614 724 1681 751 nuo-

901 762 980 788 tnodo
1005 769 1057 789 non
1078 763 1158 790 etiam
1188 763 1279 790 omnia
1321 763 1373 790 alia
1401 769 1567 797 quacunque
1586 763 1680 790 eodem

900 809 980 836 modo
998 815 1014 835 ο
1039 813 1110 836 terra
1135 809 1168 836 ab
1193 809 1269 836 initio
1297 812 1426 844 prognata
1451 807 1592 835 exhibuit?
1606 807 1641 834 At
1656 807 1679 834 si

899 854 971 882 forte
984 854 1124 882 stellarum
1144 862 1241 882 cursus
1261 855 1386 882 homines
1410 862 1426 882 θ
1450 860 1521 882 terra
1536 855 1612 882 initio
1627 855 1681 881 lor.

899 899 993 932 mavit,
1009 906 1058 926 cur
1070 906 1122 926 nou
1145 907 1194 927 eos
1210 900 1247 926 ita
1270 899 1405 934 produxil,
1424 904 1454 926 ut
1475 899 1555 926 simul
1576 899 1680 926 artibus

900 945 1024 972 instructi
1045 945 1208 980 prodirent?
1224 946 1271 972 sed
1285 945 1364 981 longo
1382 950 1442 979 post
1457 950 1578 980 tempore
1595 950 1623 972 et
1640 944 1680 971 fo-

898 990 975 1018 brilis
995 997 1041 1017 ars
1061 995 1143 1024 atque
1164 991 1292 1023 textorio.
1312 995 1340 1018 et
1363 990 1503 1023 historica,
1520 990 1678 1024 geometria,

898 1037 1046 1068 rhetorica,
1070 1036 1185 1071 aliaeque
1221 1037 1368 1064 innumera;
1390 1041 1462 1064 artes
1481 1037 1599 1064 humano
1615 1041 1679 1064 sunt

899 1083 1007 1117 ingenio
1018 1082 1134 1117 primum
1152 1082 1311 1117 excogitatae
1326 1087 1407 1116 atque
1423 1082 1560 1109 inductae?
1572 1082 1600 1109 Si
1615 1089 1680 1108 vero

898 1129 1053 1165 provenisse
1066 1128 1189 1156 homines
1204 1128 1267 1155 olim
1281 1128 1392 1155 scientia
1412 1128 1558 1155 instructos
1571 1135 1587 1154 e
1607 1132 1678 1154 terra

903 1179 1039 1209 nugentur
1049 1183 1056 1202 :
1068 1174 1203 1209 quomodo
1221 1178 1284 1201 tunc
1299 1173 1359 1201 sine
1372 1173 1514 1208 disciplina
1529 1173 1601 1200 docti
1615 1178 1679 1199 sunt

898 1222 966 1254 uati,
985 1220 1032 1256 qui
1047 1228 1118 1248 nttnc
1131 1220 1174 1248 vix
1193 1219 1284 1247 multis
1299 1219 1435 1247 laboribus
1447 1224 1530 1254 atque
1544 1218 1678 1246 exercita-

899 1266 1016 1293 tionibus
1039 1265 1190 1293 doctrinam
1206 1264 1323 1300 parant?
1341 1264 1399 1297 Quo
1421 1271 1492 1290 nunc
1507 1263 1588 1298 igitur
1603 1267 1680 1290 vetus

901 1311 947 1338 ille
964 1319 1060 1339 cursus
1075 1311 1199 1341 recessit.
1213 1311 1258 1346 qui
1271 1311 1305 1337 ab
1322 1310 1381 1344 ipso
1396 1315 1456 1337 ortu
1473 1309 1609 1343 sapientes
1629 1308 1679 1336 ho-

898 1358 984 1385 mines
1011 1356 1209 1392 lingebat‘laut
1232 1357 1302 1383 unde
1325 1355 1370 1383 hic
1396 1359 1488 1382 noster
1507 1355 1616 1389 prodiit,
1633 1355 1679 1388 qui

898 1407 993 1430 natura
1008 1410 1056 1430 sua
1073 1402 1173 1438 peritos
1195 1402 1302 1429 nonnisi
1329 1408 1378 1436 per
1397 1400 1502 1428 labores
1519 1408 1552 1427 ac
1575 1400 1679 1434 Iungam

897 1448 1119 1476 exercitationem
1137 1447 1284 1482 provehit?
1296 1445 1364 1480 Quid
1382 1446 1463 1481 igitur
1479 1445 1595 1473 crudelis
1609 1445 1680 1473 Mars

57 1494 191 1528 ἄρχοντας
205 1492 291 1520 ποιῶν
301 1492 355 1519 τῶν
364 1493 485 1529 ἀστέρων
497 1493 606 1529 δρόμος,
620 1493 731 1526 πολλαῖς
742 1496 847 1529 γενεαῖς

900 1500 955 1522 tum
976 1494 1103 1527 faciebat,
1119 1501 1180 1521 cutn
1196 1493 1323 1521 homines
1337 1493 1363 1520 in
1376 1498 1495 1519 mutuam
1511 1491 1611 1518 caedem
1627 1498 1680 1517 nou

57 1539 172 1573 ὕστερον
185 1539 234 1565 καὶ
248 1539 278 1565 τὸ
291 1538 362 1566 κατὰ
375 1538 471 1574 κώμας
486 1540 580 1572 οἰκεῖν,
598 1541 635 1576 μή
650 1540 677 1567 τί
691 1549 723 1575 γε
741 1541 847 1578 πόλινῆ

56 1584 144 1619 ἀρχὴν
168 1584 268 1610 εἰδέναι
293 1584 513 1620 ἐπινοησάντων;
529 1584 574 1612 διὰ
593 1585 620 1612 τι
640 1585 670 1613 δὲ
692 1586 774 1613 πάλαι
798 1588 848 1622 μὲν

56 1630 198 1665 ἄνθρωποι
215 1629 320 1665 τεχνῶν
341 1630 522 1665 ἐχρημάτιζον
544 1631 666 1667 εὑρεταὶ,
683 1632 731 1659 νῦν
745 1632 774 1659 δὲ
789 1634 849 1665 ταῖς

55 1675 255 1710 ὲξευρημέναις
277 1675 440 1710 ἀρκούμενοι
461 1676 617 1712 περαιτέρω
641 1678 781 1713 προελθεῖν
798 1679 849 1706 οὐκ

55 1720 229 1752 ἐπινοοῦσινς
246 1721 284 1747 Ἣ
301 1721 379 1756 δῆλον
393 1722 433 1748 ὅτι
455 1723 470 1748 6
488 1722 565 1758 παρὰ
579 1723 646 1751 Θεοῦ
667 1725 724 1756 τοῖς
743 1725 849 1761 ἀνθρώ-

54 1776 118 1799 ποις
130 1767 221 1799 δοθεὶς
235 1767 308 1799 νοῦς,
326 1768 414 1804 χρόνῳ
428 1769 475 1795 καὶ
489 1769 563 1804 πόνῳ
577 1770 624 1797 xa‘t
637 1772 691 1806 πρό
703 1780 735 1806 γε
746 1771 849 1800 τούτων

53 1814 86 1847 τῇ
100 1811 210 1839 ἄνωθεν
225 1812 356 1847 συνεργίᾳ
368 1813 403 1840 τὰ
417 1813 485 1848 πρὸς
502 1814 547 1841 τὸν
562 1814 620 1849 βίον
633 1816 757 1852 χρήσιμα
772 1817 849 1850 ἐξευ-

56 1858 122 1892 ρὼν,
139 1859 209 1894 ἔστη
224 1857 273 1885 τοῦ
287 1859 454 1894 πορρωτέρω
467 1860 515 1887 καὶ
531 1860 620 1896 μάτην
636 1863 850 1898 ὲνταλαιπωρεϊ-

56 1904 119 1931 σθαι
132 1905 197 1935 ταῖς
213 1904 358 1935 ἐπινοίαις.
373 1905 436 1936 Πῶς
455 1905 484 1932 δὲ
504 1905 552 1932 τοῦ
566 1906 649 1934 αὑτοῦ
664 1908 759 1941 γένους
773 1909 849 1941 ἔθνος

56 1950 106 1984 μὲν
119 1948 269 1983 ὁλόκληρον
282 1949 365 1983 κομᾷ,
377 1949 441 1976 ἄλλο
452 1949 481 1976 δὲ
493 1950 632 1986 κείρεται;
649 1952 705 1979 Καὶ
719 1952 783 1980 ἄλλο
799 1954 848 1988 μὲν

55 1995 243 2031 μητρογαμεί,
253 1995 288 2020 τὰ
303 1994 388 2021 πλείω
399 1995 427 2021 δὲ
440 1996 565 2031 μυσαρᾰν
577 1997 626 2032 τὴν
639 1998 739 2032 πρᾶξιν
751 1999 849 2033 ἡγοῦν-

52 2048 117 2073 ut;
139 2041 197 2067 Kal.
215 2040 327 2076 μυρίαις
341 2041 433 2073 ἄλλαις
449 2043 696 2078 κατατέμνονταισθ
708 2044 850 2080 διαφοραῖς

52 2086 157 2120 νόμων,
177 2085 253 2120 βίων,
269 2086 339 2113 ἐθῶν
349 2093 355 2100 ·
372 2087 420 2113 καὶ
432 2087 520 2118 οὐδεὶς
532 2087 655 2123 ἀστέρων
671 2088 771 2124 δρόμος
786 2089 848 2116 οὕτε

51 2133 118 2164 τοὺς
142 2132 271 2167 κομήτας
285 2131 373 2167 κείρει
383 2153 392 2166 ,
408 2133 471 2159 οὔτε
486 2133 548 2164 τοὺς
566 2128 744 2170 κειρομένους
760 2136 848 2171 κομᾷν

897 1541 1092 1569 armarentur?
1115 1540 1166 1568 Ubi
1193 1544 1329 1567 astrorum
1352 1545 1451 1566 cursus
1476 1537 1521 1565 ille
1538 1544 1630 1570 regum
1653 1541 1682 1563 et

897 1586 1050 1621 principum
1069 1584 1161 1612 multis
1187 1588 1247 1618 post
1270 1582 1386 1614 seculis.
1407 1586 1437 1608 ut
1457 1586 1484 1609 et
1502 1588 1583 1616 pagos
1605 1580 1681 1607 habi-

898 1630 972 1658 tandi
985 1634 1088 1660 auctor,
1098 1637 1159 1657 cum
1169 1634 1255 1663 neque
1267 1631 1356 1655 mente
1371 1625 1478 1661 quidem
1493 1625 1585 1652 urbem
1599 1624 1681 1652 ullum

898 1682 945 1706 aut
971 1676 1115 1711 imperium
1141 1674 1264 1702 homines
1281 1669 1500 1706 excogitasset“?
1514 1669 1568 1697 Cur
1589 1669 1681 1696 adluec

898 1724 962 1753 olim
981 1722 1105 1751 homines
1129 1721 1226 1748 artium
1245 1719 1400 1746 inventores
1421 1720 1510 1748 erant.
1523 1723 1595 1742 nunc
1615 1722 1682 1742 vero

899 1769 1016 1798 inventis
1038 1767 1157 1795 contenti
1182 1765 1288 1799 longius
1311 1763 1437 1799 progredi
1466 1769 1519 1789 non
1545 1760 1681 1788 student?

898 1814 1068 1842 Manifestum
1090 1816 1166 1839 certe
1187 1812 1277 1838 datam
1293 1816 1308 1836 a
1323 1808 1379 1836 Deo
1403 1807 1557 1835 hominibus
1581 1805 1682 1832 intelli-

899 1859 978 1896 gendi
993 1859 1059 1890 vim,
1073 1861 1134 1892 post
1146 1857 1252 1883 inventa
1270 1861 1330 1882 cum
1352 1858 1473 1886 tempore
1491 1856 1518 1879 et
1535 1851 1636 1882 labore,
1650 1858 1681 1877 ac

900 1895 1070 1940 potissimum
1094 1907 1154 1928 cum
1172 1897 1277 1926 caelesti
1303 1896 1403 1924 auxilio
1423 1903 1454 1923 ea
1471 1902 1530 1930 qua:
1544 1895 1577 1921 ad
1600 1895 1681 1921 vitam

900 1950 1027 1977 tuendam
1047 1951 1126 1975 erant
1145 1946 1232 1977 utilia,
1248 1945 1304 1980 jam
1320 1943 1486 1976 constitisse,
1505 1949 1592 1977 neque
1612 1942 1681 1969 ultra

899 1996 1046 2030 quidquam
1061 1992 1165 2020 frustra
1181 1990 1418 2019 comminiscendis
1429 1989 1507 2016 novis
1520 1988 1680 2015 allaborare.

899 2041 1041 2075 Quomodo
1057 2040 1122 2067 item
1134 2038 1255 2074 ejusdem
1273 2036 1418 2072 provinciae
1436 2037 1579 2062 tota-natio
1593 2034 1682 2068 aliqua

899 2095 1005 2115 comam
1020 2085 1118 2117 nutrit,
1133 2085 1185 2112 alia
1198 2082 1343 2111 tondetur?
1363 2082 1396 2109 Et
1409 2081 1531 2116 quzedam
1545 2088 1611 2116 gens
1626 2088 1682 2107 tna-
1701 2110 1704 2113 λ

901 2135 986 2162 tribus
1000 2133 1141 2163 miscetur,
1153 2131 1242 2165 plures
1253 2137 1317 2156 vero
1329 2129 1399 2156 ltunc
1412 2126 1610 2155 exsecrandum
1623 2133 1684 2153 esse

52 2164 226 2210 ἐκϐιάζεται,
242 2177 303 2206 οὐδὲ
319 2164 447 2214 [35811.]
462 2178 496 2206 τὰ
510 2178 578 2206 ἄλλα
592 2164 722 2214 πξιάίττειν
734 2164 845 2214 mag,

900 2187 1003 2208 morem
1027 2164 1221 2207 ducuntiEtsi
1241 2176 1300 2203 aliis
1314 2176 1425 2209 insuper
1444 2172 1684 2201 innumerabilibus

52 2225 103 2251 ὅσα
116 2225 176 2255 τοῖς
194 2223 271 2259 παρὰ
287 2223 363 2258 σφίσι
378 2223 472 2260 νόμοις
487 2224 537 2251 οὐκ
549 2224 661 2259 ἔμαθον.
677 2225 733 2254 Καὶ
748 2227 783 2254 τὰ
796 2227 847 2262 μὲν

52 2270 98 2296 τοῦ
113 2270 251 2305 παρόντος
265 2268 414 2304 κεφαλαίου
428 2269 551 2297 τοιαῦτα.

900 2224 1061 2253 diil'erentiis
1084 2224 1184 2258 legum,
1202 2222 1274 2254 Viue,
1290 2228 1321 2248 ac
1341 2219 1568 2247 consuetudinum
1587 2218 1684 2244 distin-

900 2276 1030 2307 guuntur,
1055 2276 1142 2304 neque
1165 2274 1254 2295 tamen
1279 2266 1348 2293 ullus
1370 2265 1491 2292 siderum
1518 2270 1615 2290 cursus
1638 2265 1685 2289 aut

52 2322 178 2343 comatos
196 2315 300 2347 t0ndet,
320 2320 367 2341 aut
378 2319 504 2342 attonsos
517 2322 624 2343 comam
636 2316 709 2345 alere
725 2319 805 2354 copit,
819 2325 867 2349 aut
886 2321 939 2349 alia
955 2321 1022 2348 alios
1034 2319 1135 2349 facere,
1155 2323 1214 2350 quae
1228 2314 1285 2341 suis
1303 2312 1353 2348 ipsi
1389 2312 1495 2346 legibus
1521 2311 1594 2339 docti
1630 2317 1684 2338 non

53 2368 126 2391 sunt.
142 2362 209 2389 l-l:cc
220 2367 310 2389 autem
325 2361 385 2396 ipso
398 2362 487 2396 capite
502 2362 685 2390 continentur.

87 2409 134 2436 Ἐν
148 2408 179 2435 δὲ
192 2407 232 2442 τῷ
250 2407 314 2443 ἑξῆς
325 2408 423 2442 ἐπάγει
438 2408 486 2439 ὡς,
499 2408 582 2434 είῖκαὶ
593 2408 698 2441 δόξαιεν
711 2412 848 2446 καταφεύ-

53 2463 111 2488 γειν
124 2455 153 2482 οἱ
167 2454 219 2490 τῆς
243 2454 416 2490 εἱμαρμένης
443 2454 558 2489 ἐρασταὶ
573 2455 620 2481 ἐπὶ
635 2456 700 2487 τοὺς
723 2465 848 2493 παρανα-

53 2502 210 2532 τέὶλσντας,
226 2500 252 2527 οἳ
277 2499 332 2527 τῶν
355 2499 459 2532 ζωδίων
476 2500 523 2526 καὶ
543 2500 598 2527 τῶν
619 2500 762 2538 πλανήτων
776 2505 847 2531 εἰσὶν

54 2547 142 2583 ἕτεροι
171 2547 219 2574 καὶ
243 2546 306 2574 οὔτε
329 2547 385 2578 τοῖς
407 2548 457 2582 τῆς
483 2547 618 2581 γενέσεως
641 2549 845 2586 ἀποτελέσμασι

54 2593 195 2628 χαίρουσιν
211 2591 276 2619 οὔτε
298 2591 424 2628 ἀλλήλοις
437 2592 595 2628 συνᾴδουσιν
607 2613 614 2627 ,
630 2594 699 2621 ἀλλὰ
714 2595 786 2622 κατὰ
798 2597 847 2628 τὰς

55 2639 107 2665 τῶν
128 2637 272 2674 κλιμάτων
297 2637 429 2673 διαφορὰς
452 2638 567 2670 ἕκαστος
591 2638 681 2666 αὐτῶν
702 2641 737 2667 τὰ
760 2641 847 2669 οἰκεῖα

58 2685 170 2719 χορηγεῖ
191 2683 413 2718 ἀποτελέσματα,
429 2683 585 2713 εἰπάτωσαν
600 2685 667 2720 ἡμῖν
681 2687 733 2713 ποῦ
751 2687 781 2713 τὸ
797 2688 847 2722 τῆς

938 2409 1065 2438 Proximo
1079 2414 1143 2434 vero
1156 2404 1220 2432 illttd
1238 2403 1364 2431 adducit:
1379 2402 1408 2430 Si
1420 2401 1501 2429 etiam
1515 2400 1562 2428 lati
1581 2404 1685 2427 amato-

900 2463 947 2485 res
969 2455 1008 2483 illi
1031 2451 1186 2488 fugiendutn
1202 2454 1296 2485 putent
1314 2448 1348 2475 ad
1370 2448 1519 2475 vicinarum
1545 2446 1685 2474 stellarum

899 2506 1011 2531 exortus
1022 2503 1092 2534 (qua:
1103 2506 1117 2525 a
1128 2496 1211 2531 signis
1220 2499 1302 2529 atque
1317 2493 1431 2529 planetis
1447 2493 1560 2520 diversae
1569 2511 1577 2524 ,
1587 2491 1686 2526 218:1

898 2547 1028 2576 fatalibus
1043 2549 1172 2579 geneseos
1195 2540 1300 2568 eventis
1326 2539 1420 2566 aﬂines
1434 2545 1487 2565 non
1503 2542 1579 2569 sunt,
1597 2542 1684 2570 neque

900 2595 974 2622 inter
990 2599 1020 2620 se
1034 2589 1220 2619 consentiunt,
1233 2587 1279 2614 sed
1294 2592 1342 2621 pro
1356 2585 1493 2612 climatum
1515 2581 1684 2612 differentiis.

899 2639 1013 2675 singula:
1028 2644 1092 2665 suos
1102 2634 1274 2670 suppeditant
1283 2630 1421 2665 eventus),
1440 2630 1530 2657 dicant
1544 2628 1621 2675 velint
1636 2635 1686 2654 nn-

901 2673 958 2717 bis:
972 2684 1081 2711 ubinam
1095 2681 1131 2709 sit
1145 2685 1275 2715 gettcseos
1288 2678 1449 2705 inconcussa
1461 2675 1505 2702 illa
1519 2673 1633 2702 ﬁrmitas
1646 2676 1686 2698 at-

706 2741 822 2770 VARl/‘E
841 2740 1051 2770 LECTIONES.

88 2785 111 2824 ξ’
127 2785 213 2824 πρδςῚ,
231 2786 270 2818 ὡς
284 2783 318 2812 Α·
332 2785 377 2824 __“
390 2785 484 2824 τοῦτρν
507 2794 536 2817 ς.
573 2785 596 2801 ⁸⁷
612 2788 786 2824 προσάγοντα
811 2798 840 2821 ς’.
880 2789 902 2805 ³³
916 2788 1013 2824 ὥσπερ
1034 2786 1081 2814 καὶ
1103 2784 1185 2812 amb)“
1213 2781 1262 2810 καὶ
1285 2780 1319 2809 τὰ
1341 2777 1453 2806 τοιαῦτα
1467 2785 1498 2811 ς.
1535 2777 1558 2794 "
1577 2775 1685 2812 προέδφ

57 2820 117 2852 τοὺς
138 2820 239 2855 eam;
263 2829 293 2853 τ.
331 2820 354 2836 ⁸⁰
368 2821 567 2856 κατατέμνεται
582 2829 612 2852 ς.
