1920 3090
248 125 300 158 863

821 122 954 153 PHOTII
968 121 1221 152 PATRIARCH/E
1239 121 1294 153 ΟΡ.

1820 118 1879 150 864

246 189 299 216 que
315 180 493 209 constantia?
510 180 547 207 Ex
562 179 597 207 iis
608 179 680 207 enim
697 186 757 214 quae
771 178 823 213 ipsi
837 178 959 206 referunt
969 183 1004 205 sal

1120 177 1219 208 νέσεως
1234 176 1343 212 βέϐαιον
1366 174 1413 201 καὶ
1432 173 1596 202 ἅσάλευτονο
1609 172 1724 204 ἕκαστος
1740 172 1796 207 γὰρ
1810 173 1878 199 τοὺ-

247 233 370 263 apparet,
380 226 497 262 propriis
509 226 610 254 viribus
623 227 719 253 barum
734 225 856 260 singulas
871 225 944 253 illius
969 224 1032 251 ei’l‘e-

247 279 308 301 cttts
323 273 491 301 rescindere.
507 272 667 306 Quanquam
686 279 738 298 non
749 278 845 298 omnes
861 271 932 298 idem
953 274 1032 297 teme

247 318 363 352 spatium
379 318 523 344 obtinent:
538 317 627 352 qualis
643 317 678 343 sit
691 316 836 343 Persarum
851 320 932 350 alque
945 315 1032 342 Ibero-

248 371 305 390 rum
327 364 424 397 portio,
451 362 492 389 vel
508 363 639 390 Lazorum
660 367 741 396 alque
770 362 965 393 Romanorum,
983 368 1030 388 seu

248 409 361 435 aliorum
377 416 613 443 quorumcunqne.
631 408 772 440 Quomodo
787 407 871 442 igitur
891 407 949 433 luec
966 413 1032 441 gens

246 455 376 488 oppositis
389 454 455 481 adeo
471 454 542 481 illius
559 454 647 487 gentis
661 453 767 480 vivendi
784 453 897 483 normis,
927 452 1031 487 legibus

247 508 278 527 ac
290 501 411 528 moribus
425 499 614 534 gubernatur?
629 498 730 526 Deinde
745 498 880 532 quomodo
895 497 1031 532 pleraeque

245 548 338 578 gentes
352 551 538 579 suosquteque
555 543 622 570 lines
638 543 795 574 incolentes,
806 542 832 569 in
845 542 1030 569 Romanorum

247 588 376 615 terminos
394 588 552 615 irruerunt?
567 588 659 615 Tertio
677 595 750 618 vero,
763 587 890 622 migravit
903 587 968 614 olim
984 593 1030 620 po-

245 634 323 667 pulus
336 633 466 661 Judaieus
478 635 504 660 in
517 633 675 669 Egyptum,
689 640 776 667 neque
793 638 882 660 tamen
897 639 911 659 a
934 632 1031 666 patriis

245 676 349 710 legibus
371 678 499 705 recessit:
524 686 556 704 ex
578 677 695 713 [Egypto
710 677 807 705 deinde
835 677 907 704 idem
930 677 1030 704 iterum

244 723 414 755 demigrans,
437 722 609 749 Palaestinam
638 726 666 750 et
696 723 824 750 Arabiam
849 722 1028 756 inhabitavit,

244 766 392 793 itlnlolatris
413 766 488 800 prius
504 767 572 794 bello
585 766 689 800 pulsis;
708 774 757 794 nec
784 775 800 793 a
824 766 942 794 Massica
969 767 1030 794 ideo

243 811 301 846 lege
316 811 439 845 descivit,
467 817 495 838 ut
521 820 608 847 neque
628 817 701 845 tunc,
724 819 785 840 cum
801 812 827 838 in
844 813 1027 847 captivitatem

242 857 405 892 Babylonem
423 858 556 886 deductus
570 863 622 891 est,
640 859 687 885 sed
704 865 754 886 nec
772 863 864 892 postea
881 866 929 893 per
943 863 1027 886 totam

242 908 343 930 terram
372 903 509 938 dispersus
543 904 643 938 patrias
668 903 741 939 leges
769 904 899 931 deseruit.
924 903 1029 931 Nullius

243 949 316 976 enim
333 953 410 976 extra
426 950 566 976 zodiacum
586 950 680 984 positze
695 950 780 978 stellae
792 956 879 982 ortus,
897 958 929 978 ac
942 958 1029 986 neque

245 994 352 1029 genesis
367 994 436 1029 ipsa,
449 995 666 1022 circumcisionis
679 995 740 1023 illos
762 999 808 1022 aut
825 996 931 1023 sabbati
957 1003 1027 1030 μηδι

241 1043 348 1073 ceptum
366 1040 472 1068 solvere
484 1041 582 1075 coegit.
591 1041 661 1073 Quin
673 1046 700 1069 et
709 1047 832 1069 nostrum
845 1049 942 1076 genus.
953 1041 1029 1070 Chri-

241 1084 390 1112 stianorum
400 1086 520 1120 inquam,
533 1087 739 1121 quadringentis
750 1087 850 1115 abhinc
861 1087 939 1115 anuis
951 1095 1029 1115 exor-

241 1134 309 1163 tum,
331 1131 422 1159 subito
445 1132 550 1166 orbem,
565 1141 618 1167 qua
643 1138 727 1167 patet,
750 1135 910 1168 occupavit,
929 1141 945 1161 a
971 1136 1027 1162 suis

240 1181 320 1210 gente
335 1177 455 1212 qualibet
469 1177 566 1206 ritibus
582 1178 709 1211 abducta.
723 1172 804 1214 alque
825 1181 858 1207 ad
878 1180 1026 1208 ducendam

241 1229 271 1249 ex
282 1224 391 1256 pietatis
406 1224 563 1258 praescripto
578 1225 662 1252 vitam
677 1224 772 1252 tralata
785 1234 792 1252 :
808 1233 860 1253 non
875 1225 901 1253 id
912 1227 1026 1260 patriam

241 1269 379 1303 nmtaudo,
398 1270 444 1298 sed
468 1271 494 1298 iu
520 1272 625 1303 eadem,
651 1276 679 1298 ut
705 1271 839 1304 solebant,
858 1273 1026 1307 habitando;

240 1319 322 1348 atque
337 1316 373 1342 ita
387 1320 493 1343 vetusta
506 1316 549 1343 illa
567 1317 706 1343 stellarum
719 1317 815 1344 barum
831 1319 1026 1352 apotelesmata

241 1361 376 1388 imbecilla
396 1368 423 1389 et
442 1362 497 1389 risu
511 1363 590 1396 digna
608 1362 793 1397 relinquendo.
814 1363 907 1397 Itaque
922 1365 955 1391 ab
978 1365 1027 1391 Ιιο-

241 1407 358 1434 minibus
376 1407 493 1436 indoctis
516 1409 620 1442 prolata
635 1409 771 1442 doctrina,
786 1411 843 1437 haec
863 1410 921 1445 ipsa
937 1412 1026 1438 mani-

240 1452 309 1480 feste
331 1454 441 1488 evertit,
467 1454 566 1488 quibus
588 1455 744 1489 pudibunda
772 1458 885 1485 cedebat
910 1458 1027 1488 imbellis

1082 232 1137 250 των
1164 223 1242 255 ἰδίαις
1266 221 1418 257 ἐνεργείαις
1430 220 1464 247 τὰ
1479 221 1582 255 ταύτης
1594 219 1767 248 ἀνακόπτων.
1781 218 1812 250 ἐξ
1837 216 1880 246 ὧν

1082 278 1176 304 φασιν,
1192 269 1375 296 ἐπιδείκνυται
1386 268 1605 302 ἀποτελέσματα.
1620 265 1716 292 Καίτοι
1731 264 1792 291 οὐδὲ
1805 265 1879 292 πάν-

1081 315 1128 346 τες
1141 315 1172 342 τὺ
1186 315 1253 342 αὐτὸ
1265 315 1315 350 τῆς
1332 316 1385 350 γῆς
1407 315 1501 349 ἔχουσι
1524 313 1631 348 μέτρον,
1647 308 1702 338 οἷον
1726 312 1742 346 ἡ
1758 311 1880 346 Περσῶν

1082 361 1130 388 καὶ
1147 361 1258 396 Ἰϐήρων
1276 362 1358 396 μοῖρα
1374 359 1391 396 ἢ
1415 361 1432 395 ἡ
1454 358 1552 391 Λαζῶν
1566 358 1614 384 καὶ
1629 358 1772 392 Ῥωμαίων
1786 357 1803 392 ἢ
1818 358 1879 383 τῶν

1081 407 1178 434 ἄλλων.
1198 407 1260 438 Πῶς
1282 405 1329 434 οὖν
1354 406 1414 433 τόδε
1428 405 1488 432 ab“
1503 405 1580 436 ἔθνος
1601 404 1699 440 acpbe"
1713 404 1772 430 τόδε
1798 404 1880 430 ἀντι-

1081 455 1221 490 κειμένοις
1244 455 1292 482 καὶ
1315 454 1365 490 βίῳ
1386 454 1433 481 καὶ
1448 454 1541 489 νόμοις
1556 453 1603 480 καὶ
1618 452 1697 487 ἧθεσι
1709 451 1856 478 διοικεῖται
1871 459 1879 483 ;

1080 500 1213 535 Δεύτερον
1227 500 1256 527 δὲ
1270 500 1329 532 πῶς
1340 500 1375 527 τὰ
1387 499 1499 526 πλεῖστα
1513 498 1567 525 τῶν
1581 498 1665 524 ἐθνῶν
1685 498 1715 524 ἐν
1726 497 1782 528 τοῖς
1806 496 1880 528 ἰδίας

1079 546 1133 581 γῆς
1145 546 1220 581 ὅροις
1243 546 1372 581 ιδρυμένα
1386 546 1426 577 εις
1440 545 1475 572 τὰ
1491 544 1546 572 τῶν
1562 543 1706 579 Ῥωμαίων
1724 542 1881 577 μετέϐαλεν

1080 591 1133 627 ἢθη
1146 600 1154 624 ;
1168 591 1232 628 [692
1249 591 1296 627 IL]
1317 591 1397 618 Ἀλλὰ
1422 590 1470 618 καὶ
1493 590 1596 625 τρίτον,
1623 587 1764 624 μετῴκησε
1773 588 1798 603 ¹³
1826 587 1880 621 μὲν

1079 636 1111 663 τὸ
1121 636 1145 653 ³⁸
1166 636 1301 665 Ἰουδαίων
1316 636 1391 668 ἔθνος
1404 636 1445 668 εἰς
1455 635 1592 669 Αιγυπτον
1602 653 1610 665 ,
1626 633 1681 660 τῶν
1697 632 1725 659 δὲ
1738 631 1880 667 πατρῴων

1079 681 1170 717 νόμων
1182 682 1213 708 οὐ
1228 682 1391 717 μετανέστη.
1406 681 1546 715 Αἰγύπτου
1556 679 1586 706 δέ
1600 678 1682 706 πάλιν
1696 678 1880 704 ἀπαναστάν-

1079 735 1125 759 τες
1151 726 1334 761 Παλαιστίνην
1358 726 1407 760 μὲν
1424 725 1471 752 καὶ
1486 723 1616 760 Ἀραϐίαν
1639 721 1793 753 ἐποικοῦσι,
1811 721 1880 752 τοὺς

1079 773 1146 808 πρὶν
1176 772 1318 804 οἰκοῦντας
1341 771 1539 805 είδωλολάτρας
1560 769 1690 805 πολέμοις
1707 769 1854 804 dicithaut
1870 776 1878 784 ·

1080 818 1194 846 καὶτῶν
1210 817 1365 846 Μωσαῑιιῶν
1390 817 1421 844 οὐ
1445 816 1662 852 παρετράπησαν
1681 814 1784 850 νόμων.
1792 813 1882 841 Ἀλλ’

1079 864 1135 892 οὐδ’
1146 864 1190 891 ὅτε
1201 863 1269 900 πρὸς
1280 863 1429 890 Βαϐυλῶνα
1442 862 1605 897 δοριάλωτον
1614 861 1646 887 τὸ
1659 860 1734 892 ἔθνος
1745 860 1881 895 ἀπήχθη,

1079 908 1129 936 καὶ
1155 909 1225 944 μετὰ
1247 908 1359 944 χρόνους
1382 907 1422 939 εἰς
1445 907 1537 933 πᾶσαν
1551 905 1599 940 τὴν
1615 905 1668 941 γῆν
1681 904 1881 939 διεσκεδάσθη,

1083 953 1153 990 [καὶ]
1165 953 1219 981 τῶν
1235 952 1372 988 πατρῴων
1385 953 1436 980 οὐκ
1449 951 1623 986 ἀπεστάτησε
1639 950 1739 986 νόμων,
1750 950 1800 976 καὶ
1810 949 1882 977 οὔτε

1077 1009 1120 1032 τις
1134 999 1188 1026 τῶν
1209 997 1468 1035 παρανατελλόντων
1492 996 1554 1024 οὐτε
1571 998 1588 1032 ἡ
1604 997 1710 1031 γένεσις
1730 996 1882 1031 κατηνάγ-

1078 1053 1162 1073 κασεν
1184 1045 1283 1077 αὐτοὺς
1308 1044 1325 1080 ἢ
1350 1045 1399 1078 τῆς
1423 1043 1575 1079 περιτομῆς
1592 1043 1609 1078 ἢ
1624 1042 1671 1069 τοῦ
1688 1041 1831 1069 σαϐϐάτου
1848 1042 1884 1069 τὸ

1077 1090 1263 1126 παράγγελμα
1278 1090 1368 1116 λῦσαι.
1383 1089 1420 1115 Τὸ
1434 1088 1463 1115 δέ
1475 1097 1507 1122 γε
1520 1088 1655 1123 ἡμέτερον
1669 1087 1761 1122 γένος,
1775 1087 1808 1113 τὺ
1818 1087 1885 1114 τῶν

1077 1136 1250 1172 Χριστιανῶν
1273 1135 1356 1170 λέγω,
1372 1134 1426 1171 πρὸ
1448 1134 1634 1170 τετρακοσίων
1661 1133 1710 1168 μὲν
1727 1132 1798 1160 ἐτῶν
1824 1134 1884 1169 τὴν

1077 1182 1164 1219 ἀρχὴν
1177 1182 1268 1218 ἔσχεν,
1282 1181 1380 1216 ἀθρόον
1391 1180 1420 1208 δὲ
1434 1181 1525 1207 πᾶσαν
1538 1179 1618 1206 ἔλαϐε
1632 1178 1683 1214 τὴν
1693 1179 1880 1214 οἰκουμένην,

1077 1229 1126 1256 καὶ
1138 1229 1192 1255 τῶν
1209 1228 1259 1264 μὲν
1271 1228 1380 1255 οἰκείων
1398 1226 1467 1253 ἐθῶν
1484 1227 1600 1255 ἕκαστον
1614 1225 1768 1258 ἀπέστησεν
1783 1225 1883 1258 ἔθνος,

1077 1275 1118 1307 είς
1139 1274 1168 1300 δέ
1188 1273 1235 1300 τὸν
1247 1274 1297 1309 τῆς
1310 1271 1453 1303 εὐσεϐείας
1470 1270 1672 1306 μετερρύθμισε
1686 1269 1753 1304 βίον,
1771 1270 1804 1296 οὗ
1824 1270 1883 1305 τῆς

1077 1320 1205 1355 πατρίδος
1231 1318 1445 1355 μεθισταμένους
1456 1318 1492 1350 ⁸⁸,
1508 1316 1576 1344 ἀλλὰ
1589 1317 1639 1352 τὴν
1663 1316 1748 1351 αὐτὴν
1771 1316 1812 1347 ὡς
1829 1316 1884 1342 καὶ

1078 1367 1210 1403 πρότερον
1227 1365 1379 1397 οἰκοῦντας,
1396 1364 1445 1391 καὶ
1461 1364 1526 1390 τὰ⁵⁸
1542 1363 1597 1389 τῶν
1612 1361 1884 1397 παρανατελλόντων

1077 1414 1284 1449 ἀποτελέσματα
1300 1411 1467 1447 πολυχρόνια
1483 1410 1572 1446 σαθρὰ
1597 1410 1645 1437 καὶ
1656 1409 1791 1444 γελᾶσθαι
1808 1418 1885 1436 κατ-

1077 1459 1170 1486 έλιπεν
1184 1458 1262 1491 ἄξια·
1278 1457 1326 1484 καὶ
1347 1457 1416 1493 πρὸς
1428 1456 1447 1483 ἃ.
1463 1456 1479 1492 ἠ
1493 1456 1600 1490 γένεσις
1619 1455 1695 1490 ἰσχὺν
1708 1455 1759 1485 οὐκ
1772 1454 1886 1490 ἔχουσα

239 1500 356 1533 genesis.
376 1500 480 1528 Etenim
496 1502 587 1536 paruit
600 1503 709 1537 quidem
725 1504 789 1531 olim
808 1504 927 1541 Assyriis
955 1508 997 1534 sul

1131 1505 1233 1536 εδύετο,
1247 1503 1335 1531 ταῦτα
1361 1502 1521 1538 περιφανῶς
1545 1502 1576 1528 τδ
1599 1501 1655 1528 τῶν
1679 1501 1885 1536 ἀγραμμάτων

242 1544 321 1572 nctus
333 1545 418 1578 orbis,
441 1546 505 1574 hinc
531 1546 649 1582 Babylon
665 1548 817 1582 imperavit.
832 1550 930 1578 deinde
956 1552 1024 1580 Medi

241 1590 382 1624 imperium
396 1598 572 1625 exceperunt,
586 1597 614 1620 et
627 1598 687 1627 post
701 1594 761 1622 illos
778 1595 878 1628 Persae.
896 1598 983 1626 donec
1000 1599 1025 1625 id

241 1638 350 1664 tandem
375 1638 408 1665 ad
437 1637 598 1666 Macedonas
622 1641 751 1668 transiit:
773 1647 892 1670 attamen
913 1651 1026 1679 qumque

240 1690 306 1719 gens
325 1690 388 1711 suos
403 1685 537 1712 retinebat
553 1693 654 1718 mores,
670 1691 698 1714 et
717 1694 732 1714 a
749 1688 806 1716 suis
820 1690 965 1723 regebatur
981 1698 1027 1718 re-

241 1732 330 1766 gibus,
354 1740 386 1760 ac
404 1732 499 1760 saltem
520 1741 691 1762 communem
713 1733 807 1767 illum,
831 1736 878 1771 qui
902 1738 1029 1768 omnibus

241 1778 402 1813 imperabat,
414 1780 580 1814 agnoscebat
594 1780 749 1809 Dominum.
761 1782 838 1810 Nunc
850 1790 926 1817 vero,
935 1792 1028 1819 quem-

241 1823 385 1852 admodum
409 1833 461 1852 uua
482 1826 612 1854 duntaxat
630 1832 673 1855 est
695 1828 800 1864 religio.
816 1830 856 1858 sic
873 1834 900 1858 et
920 1832 1024 1867 regium

241 1869 383 1904 imperium
409 1879 479 1899 unus
510 1876 605 1906 tenet,
629 1874 811 1909 trecentisque
833 1877 961 1910 gentibus
982 1882 1030 1906 aut

242 1916 368 1951 amplius,
379 1918 485 1945 nonnisi
503 1925 558 1945 una
586 1918 705 1954 legitima
719 1920 824 1955 imperii
843 1922 1027 1951 Romanorum

243 1961 370 1994 tnajestas
395 1967 503 1995 praeest,
526 1962 625 1999 218a
644 1965 871 1998 quemadmodum
889 1971 917 1994 et
934 1968 1028 2002 religio

243 2007 349 2035 nonnisi
365 2015 417 2034 tina
446 2012 498 2035 est.
517 2008 610 2044 Neque
633 2014 723 2037 tamen
746 2011 863 2045 aliquem
889 2011 942 2040 hoc
959 2018 1028 2042 tem-

242 2061 308 2088 pore
326 2054 398 2089 cogit
420 2054 530 2088 genesis
552 2055 593 2082 vel
621 2055 692 2083 idola
707 2056 806 2090 colere,
829 2063 876 2085 aut
895 2060 1027 2087 matribus

243 2099 362 2130 misceri.
374 2104 420 2126 aut
430 2099 481 2126 alia
495 2100 619 2134 quaedam
634 2105 753 2134 patrare,
766 2102 864 2136 quibus
877 2105 1028 2132 metuenda:

243 2151 336 2179 gentes
352 2144 405 2172 illae
418 2152 471 2172 non
491 2145 561 2172 inter
573 2152 603 2172 se
618 2147 805 2174 tantummodo
822 2147 1026 2183 discrepabant,

1078 1551 1211 1580 κατέλυσε
1226 1551 1370 1586 κήρυγμα.
1379 1548 1537 1576 Ἐδούλευσε
1555 1547 1604 1583 μὲν
1625 1545 1672 1574 οὖν
1688 1547 1856 1582 ’Δσσυριοις
1873 1548 1888 1574 ὁ

1078 1598 1180 1631 κόσμος
1194 1595 1290 1627 πάλαι,
1308 1593 1368 1621 εῑτα
1382 1592 1513 1620 Βαϐυλὼν
1528 1592 1651 1627 ἐκράτει,
1665 1592 1712 1618 καὶ
1724 1591 1817 1626 Μῆδοι
1832 1592 1889 1626 τὴν

1079 1643 1167 1679 ἀρχὴν
1183 1640 1382 1674 ἐξεδέξαντοίτ,
1405 1640 1453 1666 καὶ
1473 1639 1532 1674 μετ’
1548 1638 1670 1669 ἐκείνους
1695 1637 1817 1671 Πέρσαι,
1835 1639 1892 1664 καὶ

1079 1688 1149 1724 πρὸς
1156 1688 1179 1704 ⁵⁸
1194 1685 1352 1717 Μακεδόνας
1370 1684 1483 1720 ὕστερον
1508 1684 1539 1711 τδ
1559 1683 1661 1719 κράτος
1681 1682 1741 1709 ὅλον
1755 1682 1890 1716 μετέϐα-

1080 1734 1136 1761 λεν,
1156 1732 1229 1760 Ἀλλ’
1245 1731 1361 1758 ἕκαστον
1388 1729 1463 1761 ἔθνος
1491 1731 1547 1761 τοῖς
1573 1728 1683 1760 οἰκείοις
1710 1727 1853 1762 ἐνέμενεν
1865 1729 1891 1745 ³·

1080 1779 1164 1812 ἔθεσι,
1177 1778 1224 1806 καὶ
1238 1777 1394 1814 βασιλεῦσιν
1411 1776 1486 1808 ίδίοις
1501 1774 1700 1804 ἐπολιτεύοντο.
1714 1774 1739 1800 εί
1749 1775 1802 1801 καὶ
1814 1773 1892 1811 [μὴ]

1079 1825 1126 1852 τὸν
1136 1825 1246 1852 πάντων
1255 1822 1409 1859 κρατοῦντα
1424 1821 1514 1849 κοινὸν
1525 1820 1665 1855 Δεσπότην
1677 1818 1890 1854 ἐπεγίνωσκον.

1080 1871 1149 1899 Νυνὶ
1163 1870 1192 1898 δὲ
1207 1870 1302 1904 ὥσπερ
1315 1870 1332 1904 ή
1348 1867 1478 1895 εὐσέϐεια
1502 1867 1562 1903 μία,
1576 1867 1648 1893 οὕτω
1662 1867 1709 1893 καὶ
1725 1866 1739 1892 ό
1751 1864 1786 1892 τδ
1801 1865 1893 1901 βασί-

1080 1917 1151 1944 λειον
1172 1916 1273 1952 κράτος
1296 1915 1366 1950 ἔχων
1393 1911 1444 1946 εἷς,
1462 1913 1510 1940 καὶ
1524 1912 1689 1949 τριακοσίων
1712 1911 1805 1938 ἐθνῶν
1832 1913 1853 1948 ἦ
1867 1914 1893 1928 ιο

1080 1963 1129 1990 καὶ
1142 1962 1273 1989 πλειόνων
1297 1961 1348 1996 μία
1369 1968 1413 1992 τις
1440 1959 1550 1995 ἔννομος
1569 1960 1586 1995 ἡ
1605 1958 1760 1994 Ῥωμαίων,
1782 1958 1893 1994 ὥσπερ

1080 2009 1128 2046 ﬂ“
1143 2007 1287 2042 εὐσέϐεια,
1302 2007 1417 2042 ἐπάρχει
1434 2005 1506 2041 ἀρχή
1516 2013 1523 2020 '
1542 2005 1590 2032 καὶ
1603 2004 1699 2032 οὐδένα
1714 2003 1854 2039 βιάζεται
1872 2007 1891 2041 ὴ

1080 2055 1187 2090 γένεσις
1209 2054 1258 2081 νῦν
1285 2052 1348 2079 οὔτε
1370 2051 1574 2086 είδωλολατρεῖν
1597 2050 1659 2077 οὔτε
1684 2053 1893 2086 μητρογαμείν

1080 2100 1141 2127 οὐδέ
1157 2099 1191 2126 τὰ
1205 2098 1283 2129 ἄλλα,
1300 2098 1372 2129 ὅσοις
1383 2097 1418 2123 τὰ
1431 2096 1548 2132 διάφορα
1555 2097 1577 2112 ⁶¹
1595 2096 1650 2123 τῶν
1670 2095 1756 2121 ἐθνῶν
1770 2096 1829 2123 οὐκ
1844 2098 1893 2129 ἐξ·

1081 2146 1195 2181 ήλλαττε
1210 2145 1290 2180 μόνον
1305 2143 1439 2178 ἀλλήλων,
1451 2143 1519 2170 ἀλλὰ
1530 2142 1576 2169 καὶ
1590 2141 1659 2178 πρὸς
1669 2142 1692 2157 ⁸³
1705 2141 1741 2168 τὰ
1751 2141 1827 2177 [559
1839 2143 1891 2179 1-1.]

242 2191 289 2218 sed
304 2190 385 2218 etiam
402 2191 436 2217 ab
453 2191 585 2224 oppositis
603 2191 654 2218 sibi
667 2191 782 2219 invicem
797 2193 953 2221 nationibus
971 2194 996 2220 di

1134 2191 1255 2226 ικείμενα
1268 2189 1459 2224 κατετέμνετο.
1467 2189 1570 2215 Ἐκεῖνο
1580 2188 1609 2215 δὲ
1624 2189 1689 2223 ἡμῖν
1704 2188 1892 2222 λεγέτωσαν,

243 2237 446 2270 tinguebantur.
464 2236 531 2263 Illud
547 2243 612 2271 ergo
627 2237 706 2264 nobis
728 2237 875 2273 explicent,
892 2240 1027 2274 quomodo

242 2281 380 2315 religionis
395 2286 478 2316 atque
492 2282 678 2313 doctrinarum
696 2283 873 2310 mutationem
886 2285 970 2312 latum
987 2286 1028 2312 in-

242 2328 333 2360 ducat,
365 2335 452 2362 neque
475 2331 565 2354 tamen
593 2332 689 2355 caetera
718 2329 841 2358 mutandi
865 2329 918 2356 vim
946 2330 1027 2358 ullam

242 2373 360 2401 habeat?
373 2371 514 2400 Neminem
532 2373 603 2400 enim
624 2381 742 2408 unquam
754 2379 801 2401 aut
818 2375 967 2408 suadendo,
981 2379 1029 2403 aut

244 2420 270 2447 vi
283 2420 404 2454 cogendo
414 2426 446 2446 eo
459 2419 604 2446 adduxisse
616 2419 730 2452 videtur,
747 2425 776 2446 ut
787 2427 848 2447 eum
862 2420 1027 2455 ignominiae,

242 2466 419 2501 paupertatis,
444 2465 648 2497 luvaletudinis,
671 2466 823 2497 servitutis,
841 2466 957 2501 injuriae,
981 2471 1028 2494 aut

241 2511 355 2545 alicujus
375 2519 410 2539 ex
425 2511 538 2538 inlinitis
564 2510 625 2538 aliis
643 2511 738 2538 borum
761 2511 895 2539 similibus
919 2513 1028 2540 deside-

242 2558 313 2585 rium
325 2562 444 2592 caperet.
462 2557 515 2584 Sed
533 2556 760 2592 quemadmodum
790 2558 889 2592 ubique
909 2558 964 2585 visa
984 2563 1028 2586 est

241 2607 337 2630 natura
360 2602 498 2638 potentior
520 2610 601 2637 quam
625 2602 721 2630 fatales
736 2603 904 2637 cli'ectiones,
937 2605 976 2631 sic
1000 2610 1028 2632 et

243 2648 324 2679 ratio,
337 2647 453 2682 propria:
467 2647 602 2674 libertatis
613 2647 744 2682 dignitate
755 2653 876 2680 servata,
885 2649 1028 2677 manifeste

1076 2238 1146 2270 πῶς,
1161 2237 1256 2272 ὥσπερ
1278 2236 1327 2271 ﬁ“
1348 2235 1504 2271 εἱμαρμένη
1530 2233 1681 2270 μεταϐολὰς
1707 2236 1786 2261 ποιεῖ
1814 2235 1895 2271 θρη-

1077 2283 1173 2315 σκείας
1189 2283 1236 2309 καὶ
1252 2282 1408 2317 δογμάτων,
1424 2281 1486 2316 οὐχὶ
1512 2280 1560 2307 καὶ
1573 2281 1608 2307 τὰ
1623 2280 1690 2307 ἄλλα
1706 2281 1789 2316 ἰσχὺν
1806 2282 1897 2308 οὐδε-

1078 2330 1143 2366 μίαν
1167 2328 1327 2364 μεταϐαλεῖν
1348 2328 1443 2362 ἕσχεν;
1459 2327 1555 2354 οὐδένα
1580 2327 1634 2362 γὰρ
1651 2326 1737 2362 ἐφάνη
1754 2328 1897 2356 πείσασα

1076 2375 1137 2402 οὐδέ
1154 2374 1305 2409 βιασαμένη
1329 2373 1436 2404 ἀδοξίας
1460 2373 1477 2407 ἦ
1499 2371 1637 2407 πτωχείας
1651 2371 1667 2406 ἢ
1683 2372 1861 2406 ἀρρωστίας
1876 2376 1896 2410 ἦ

1080 2420 1202 2451 δουλείας
1217 2420 1233 2454 ἢ
1249 2419 1385 2450 κολάσεως
1408 2418 1424 2453 ἢ
1449 2418 1555 2454 ὕϐρεως
1578 2418 1638 2444 οὐδὲ
1664 2417 1772 2452 μυρίων
1792 2418 1898 2446 ἄλλων

1080 2467 1209 2495 τοιούτων
1223 2466 1304 2492 πόθον
1318 2466 1427 2492 λαϐεῖν·
1443 2465 1501 2491 ἀλλ’
1513 2464 1607 2499 ὥσπερ
1619 2465 1636 2499 ή
1649 2463 1728 2498 φύσις
1741 2465 1899 2498 κρείττων

1081 2513 1160 2548 ὤφθη
1183 2512 1323 2547 πανταχοῦ
1339 2511 1394 2538 τῶν
1408 2511 1458 2545 τῆς
1473 2511 1607 2545 γενέσεως
1631 2509 1898 2545 ἀποτελεσμάτων,

1080 2559 1151 2586 οὕτω
1168 2558 1215 2585 καὶ
1231 2558 1246 2584 ὁ
1258 2557 1387 2591 λογισμὸς
1400 2556 1430 2583 τὸ
1444 2557 1543 2582 οἰκεῖον
1557 2556 1606 2590 τῆς
1621 2555 1783 2589 ἐλευθερίας
1797 2557 1900 2589 ἀξίω-

1083 2613 1121 2640 μα
1135 2604 1285 2636 διασώζων,
1304 2604 1334 2630 ὲν
1347 2601 1388 2634 οἷς
1406 2602 1576 2636 αὐθαιρέτως
1593 2602 1718 2637 πράττει,
1732 2602 1793 2629 τῶν
1809 2605 1901 2632 ὲ.κεί-

1082 2649 1129 2677 θεν
1141 2649 1279 2676 δείκνυται
1291 2646 1509 2679 κατεξουσιάςων
1524 2647 1625 2682 λήρων.

242 2696 309 2724 satis
326 2696 353 2723 in
374 2696 418 2729 iis,
433 2701 493 2730 quae
509 2695 661 2723 voluntarie
675 2701 820 2730 _operatur,
843 2704 929 2731 nugas
946 2697 1012 2724 istas
1034 2697 1144 2725 vincere
1157 2698 1370 2724 demonstratur.

885 2773 1004 2802 VAle
1022 2775 1229 2804 LECTIONES.

279 2823 302 2838 "
317 2822 380 2849 τδΑ
396 2830 402 2848 :
418 2829 449 2847 τε.
459 2830 491 2853 ς.
528 2821 550 2837 ¹¹
565 2818 645 2854 πρὸς]
655 2819 692 2851 ὡς
708 2819 739 2847 Α,
779 2819 802 2836 ¹³
815 2818 876 2846 libri

906 2820 1052 2854 μετῴκισε.

1093 2822 1118 2838 ⁸⁵
1131 2821 1161 2847 τὸ
1175 2822 1197 2848 Λ
1215 2829 1222 2846 :
1242 2821 1296 2847 τῶν
1313 2829 1333 2852 ς
1383 2821 1407 2838 ³³
1426 2819 1631 2855 μεθισταμένης
1715 2817 1739 2833 ³⁸
1756 2818 1798 2846 τὰ
1819 2821 1897 2849 add.

245 2857 279 2906 ῥ’
300 2847 506 2906 ιῆὂῐεξέξαὶζῗιξ
514 2864 545 2898 ῗι
578 2847 607 2906 Γ
715 2854 760 2906 [bis
769 2856 822 2906 θ’,
839 2854 861 2870 ι’
872 2847 971 2891 ἔμενεν
985 2865 1015 2888 Co
1047 2847 1076 2874 7"
1088 2857 1104 2893 ἦ
1115 2857 1136 2883 Α
1151 2865 1158 2884 ³
1172 2847 1226 2883 ἑτῶν
1242 2864 1271 2888 ς·
1311 2847 1332 2872 ᾖ
1346 2856 1362 2892 ἢ
1380 2857 1401 2882 Α
1417 2847 1488 2884 ἰικπὶ
1503 2855 1519 2890 ὴ
1603 2847 1628 2870 δέ
1641 2852 1760 2889 διάφορα
1772 2855 1800 2882 Δ
1815 2863 1825 2883 :

246 2891 316 2927 σιμὰ
325 2900 358 2925 ς.
395 2892 417 2909 ⁸³
430 2890 507 2928 πρὸς]
522 2890 560 2924 ὡς
573 2891 606 2918 Δ.
643 2889 666 2906 “
683 2889 701 2925 ἠ
728 2889 790 2918 add.
804 2890 838 2918 Α.
