1920 3090
35 166 92 198 865

577 163 841 200 BIBLIOTIIECA,
851 176 885 182 -
897 164 980 196 COD.
997 165 1155 196 CCXXIII.

1618 170 1670 202 866

66 222 154 250 Ἀλλὰ
169 222 225 259 γὰρ
242 223 268 249 ει
278 221 301 239 ⁸⁸
317 222 350 249 τὸ
362 222 484 249 εὐσεϐεῖν
507 221 555 249 καὶ
567 221 710 248 δυσσεὸεἴν
724 220 779 247 ἀπὸ
791 230 834 256 γε-

920 218 1114 248 Verumtamen
1130 220 1153 248 si
1166 220 1210 256 ple
1225 224 1272 249 aut
1285 221 1367 257 impie
1383 230 1489 259 ageroa
1500 224 1593 260 genesi
1609 223 1672 260 pro-

29 270 147 302 νὲσεως,
160 269 316 304 λεγέτωσαν
340 269 408 304 ἡμῖν
429 268 472 300 τίς
496 268 602 302 γένεσις
619 269 739 296 Στωϊκὸν
751 269 832 302 ποιεῖ,

29 316 73 347 τίς
89 315 121 342 δὲ
140 315 341 350 Ἐπικούρειον,
357 314 578 349 Περιπατητικὸν
598 314 627 341 δὲ
648 315 713 341 ποία
728 315 745 351 ἢ
760 315 833 342 Πλα-

33 361 172 394 τωνικόν;
189 361 239 392 Τίς
252 359 397 396 λατρεύειν
416 359 543 386 Διόνυσον
554 359 572 395 ἦ
587 360 736 396 Δήμητραν
750 360 768 396 ἢ
783 361 834 388 Σε-

33 405 119 441 λήνην
145 405 164 442 ἦ
182 405 290 439 Ἥλιον,
316 405 334 441 ἢ
356 406 402 432 τὸν
427 404 578 440 Αἰγύπτιον
603 406 758 433 συνελαύνει
784 406 834 433 λα-

34 452 146 488 τρεύειν
161 451 193 478 τὸ
209 451 345 487 πρόϐατον
359 452 376 487 ἢ
391 451 436 478 τὸν
449 451 518 478 κύνα
532 451 549 487 ἢ
566 451 612 478 τὸν
625 451 767 488 αἲλουρον;
785 453 834 484 Τις

35 499 61 525 δὲ
72 499 229 534 Μα-ιιχαῖον
241 498 380 531 ἀποτελεῖ,
389 498 432 530 τίς
443 497 636 529 Οὐαλεντίνους
647 498 686 530 ⁶⁶ς
700 498 732 525 Εἰ
745 498 773 525 δὲ
785 498 833 528 οὐκ

36 545 68 571 ἃν
83 546 168 579 φαῖεν
183 545 240 571 οὐδ’
253 544 287 571 ἂν
313 544 395 571 πλέον
420 543 606 580 θρασυνθεῖεν,
622 544 651 571 ἐν
674 544 742 579 ἡμῖν
768 544 833 579 ἄρα,

34 591 81 616 καὶ
96 590 128 616 οὐ
144 590 198 625 τῆς
212 590 347 624 γενέσεως
360 590 451 626 ἔργον,
466 589 496 616 τὸ
507 590 620 617 τοιῶσδε
634 589 651 626 ἢ
664 589 775 617 τοιῶσδε
792 590 836 617 σέ-

34 638 104 664 ϐειν.
121 638 157 664 El
169 638 199 664 δὲ
210 638 301 670 τοῦτο,
314 638 362 665 καὶ
377 638 409 664 τὸ
425 637 516 665 σέϐειν
532 637 627 669 άπλῶς
641 637 689 664 καὶ
706 637 744 673 μὴ
753 637 776 653 ⁵⁷
790 637 827 664 σέ-

35 684 110 709 ϐειν·
124 685 160 710 ὲκ
173 683 229 710 τῶν
245 683 338 719 μερῶν
353 683 408 719 γὰρ
426 683 457 711 τὺ
468 684 531 711 ὅλον
547 683 717 711 συνίσταται.
730 683 793 715 Πῶς
806 683 836 711 δὲ

36 730 86 757 οὐκ
100 730 279 764 ἀλογώτατον
294 730 413 766 πονηρὸν
423 729 551 764 γενέσθαι
563 730 617 756 ἀπὸ
630 730 775 765 γενέσεως,
788 730 832 757 καιὶ

38 776 181 809 μισεῖσθαι
205 776 261 802 ἀπὺ
283 775 365 811 siis“
376 776 463 812 αὐτῆς
478 776 523 803 διὰ
540 776 591 812 τὴν
605 776 754 811 πονηρίαν;
770 775 835 812 [695

38 820 83 857 1L]
97 821 205 857 ὁμοίως
227 821 275 848 καὶ
291 821 394 855 ἀγαθδν
414 821 543 856 γενέσθαι
568 830 599 848 τε
627 822 676 850 καὶ
697 820 836 857 θαυμάζε-

38 866 118 899 σθαι;
138 866 236 901 μοιχὸν
248 866 348 902 ὁμοίως
363 866 380 903 ἢ
397 867 491 901 φονέα,
504 868 553 895 καὶ
566 867 634 904 δρᾷν
645 867 692 895 ὑπ’
703 867 787 902 αὐτῆς
800 867 835 894 τὰ

37 914 128 940 item:
143 911 319 948 βιαζόμενον,
344 913 392 940 καὶ
413 914 458 941 διὰ
476 913 557 942 τοῦτο
573 914 770 950 κολαζόμενονς
787 922 833 940 vo-

39 959 160 993 ;mOé-rag
176 958 318 991 καθίζειν,
334 959 460 992 κολάζειν
472 960 537 992 τοὺς
552 960 771 995 ἁμαρτάνοντας,
787 960 835 987 καὶ

39 1004 151 1040 ἐτέρους
165 1003 299 1030 συνωθεῖν
315 1005 362 1032 καὶ
375 1005 492 1038 ἄκοντας
502 1005 602 1041 πρὸςθν
614 1005 649 1033 τὰ
665 1006 775 1042 ἁμαρτῆ
780 1014 833 1041 μα-

38 1060 81 1084 τα,
95 1051 146 1078 καὶ
164 1051 235 1077 ὅσων
248 1050 337 1078 ἄλλων
350 1051 480 1078 τοιούτων
496 1051 595 1087 μεστὸς
613 1052 627 1078 ὸ
643 1051 700 1087 βίος
717 1053 832 1087 ὀρᾶταις

40 1098 130 1132 ’Δπερ
156 1098 182 1124 ει
200 1097 250 1132 μὲν
265 1097 384 1133 ἑφ⁹ήμίν
392 1099 427 1130 ⁷⁸,
451 1099 585 1135 ἡμέτερον
603 1099 650 1125 καὶ
664 1098 695 1125 τὸ
709 1098 836 1134 ἔγκλημα

40 1143 92 1169 τῶν
112 1142 326 1178 ἐργαζομένων·
344 1143 368 1170 εἰ
388 1143 418 1170 δὲ
434 1143 485 1178 τῆς
499 1143 633 1178 γενέσεως
646 1144 676 1170 τὸ
690 1144 802 1181 κράτος,
817 1144 836 1180 ἠ

43 1188 147 1223 μέμψις
172 1187 284 1223 ἐκείνης
305 1188 323 1224 ἢ
348 1188 396 1215 τοῦ
422 1188 524 1225 ταύτην
548 1189 741 1224 πεποιηκότος.
757 1188 836 1216 Οὕτω

42 1233 213 1269 πανταχόθεν
235 1233 266 1260 τὸ
287 1234 338 1269 τῆς
350 1234 522 1270 εἱμαρμένης
538 1235 607 1270 μετὰ
619 1235 666 1262 τοῦ
682 1235 836 1262 ἀσυστάτου

42 1280 140 1311 ἁσεὸές
153 1288 185 1306 τε
203 1279 251 1307 καὶ
266 1279 457 1315 παλίμφημον.
467 1281 546 1308 Ἀλλὰ
563 1281 617 1318 γὰρ
633 1282 662 1308 ἐν
674 1281 779 1313 τούτοις
790 1282 836 1309 καὶ

42 1327 93 1353 τῶν
108 1327 200 1361 λόγων
214 1327 229 1353 ὁ
244 1325 324 1358 ἕκτος
338 1326 428 1353 καὶτὸ
441 1326 462 1353 ε’
476 1327 523 1354 καὶ
538 1326 565 1362 μ’
576 1326 737 1363 ἐπερατώθη
751 1327 837 1361 κεφά-
853 1357 857 1362 ,

42 1374 128 1400 λαιον.

78 1507 123 1534 Ἐν
145 1507 177 1534 δὲ
198 1506 238 1542 τῷ
254 1506 277 1539 ζ’
293 1506 366 1543 λόγῳ
382 1506 501 1542 ἀπορίαν
524 1507 586 1534 τινὰ
608 1507 690 1543 δῆθεν
710 1508 764 1535 ὑπὸ
782 1509 838 1536 τῶν

43 1553 219 1589 ἀστρολόγων
236 1552 430 1588 προαγομένην
445 1552 592 1586 διατιθεὶς,
607 1554 706 1588 ἐπάγει
724 1555 773 1582 καὶ
787 1555 838 1590 τὴν

42 1601 127 1627 ὶώσιν.
147 1599 267 1633 Λέγουσι
280 1599 347 1635 γὰρ,
360 1599 454 1633 φησὶν,
471 1599 497 1626 εἰ
514 1599 552 1635 μὴ
567 1599 621 1626 ἀπὸ
637 1600 686 1635 τῆς
699 1601 837 1636 εἱμαρμέ-

42 1655 101 1682 νης,
117 1645 204 1672 πόθεν
221 1645 256 1672 τὰ
270 1644 358 1678 κακά;
375 1642 423 1677 Οἷς
436 1645 702 1681 άποκρίνεται⁷¹,ὼς
711 1647 743 1674 Ei
755 1648 804 1682 μὲν
820 1647 839 1675 ἃ

43 1691 221 1726 διατιθέαμεν
230 1690 362 1727 ἀλλήλους
375 1692 448 1718 κακὰ
461 1692 484 1708 ⁷²
499 1692 597 1728 μαθεῖν
615 1692 732 1720 ἐθέλοιτε
744 1694 838 1726 πόθεν,

43 1739 105 1770 τοὺς
119 1738 246 1773 δρῶντας
258 1738 376 1773 ὁρῶντες
392 1739 482 1774 μάτην
504 1739 594 1766 αἰτίαν
616 1739 700 1775 ἀλλην
713 1741 818 1776 ζητεῖτε
830 1749 838 1757 ’

42 1786 65 1811 εἰ
87 1785 118 1812 δὲ
140 1784 159 1811 ἃ
185 1784 330 1818 πάσχομεν
352 1784 475 1817 ἄκοντες,
493 1784 633 1812 καὶτοῦτο
647 1786 769 1822 φανερὰν
783 1787 840 1822 ἔχει

43 1830 91 1865 τὴν
103 1829 195 1856 λύσιν.
206 1829 395 1865 Ἑθολώσαμεν
418 1830 595 1866 παντοδαπῆς
617 1832 727 1864 κακίας»
741 1832 840 1870 θυέλλῃ

42 1876 87 1902 τὸν
103 1876 176 1911 βίον,
193 1876 349 1911 πράττομεν
360 1876 378 1903 ἃ
394 1877 469 1911 μισεῖ
477 1877 524 1904 καὶ
536 1877 686 1913 ἀποτρέπει
698 1878 778 1910 Θεός·
795 1878 840 1906 διὰ

43 1921 125 1948 τοῦτο
141 1921 287 1956 πάσχομεν
304 1921 322 1948 ἃ
347 1922 385 1957 μὴ
409 1922 533 1958 θέλομεν,
550 1923 594 1950 ἶνα
611 1924 711 1959 μηκέτι
725 1924 794 1961 πρὸς
809 1924 840 1952 τὸ

43 1968 156 1995 πταίειν
188 1967 383 2003 ἐκφερώμεθα.
401 1969 439 1995 Ἦ
469 1969 553 2004 ἐχρῆν
581 1969 739 2002 ὑπευθύνως
768 1969 840 1998 οὕτω

44 2014 174 2050 βιοῦντας
189 2014 365 2048 εὐδαιμονίας
384 2015 543 2048 ἀπολαύειν,
560 2016 603 2043 ἵνα
624 2024 655 2042 τε
678 2016 760 2043 πλέον
773 2017 841 2049 Θεδς

43 2059 169 2095 ἠγνοήοη
187 2060 236 2086 καὶ
253 2059 456 2095 προθυμότερον
471 2060 569 2096 πρὺς¹¹
583 2061 617 2088 τὰ
630 2061 703 2097 πάθη
722 2070 841 2097 καταφε-

44 2106 178 2141 ρὼμεθα;
193 2105 225 2131 Et
241 2105 268 2131 δὲ
284 2105 414 2141 πράττειν
425 2105 461 2132 τά
471 2106 561 2134 ἄτοπα
582 2106 627 2140 διᾲ
640 2107 689 2142 τῆς
702 2107 840 2143 εἱμαρμέ-

43 2161 92 2185 νης
105 2152 121 2178 ὸ
131 2151 201 2183 Θεὸς
214 2151 287 2186 ἡμᾶς
302 2151 505 2187 κατηνάγκαζε,
518 2152 576 2184 πῶς
588 2152 669 2179 πάλιν
682 2153 792 2185 κολάζει
803 2153 841 2185 ὡς

43 2199 237 2230 mitiusve“;
253 2197 348 2234 ἕτερον
371 2198 400 2224 δέ
424 2199 508 2230 ἐστιν,
524 2198 562 2230 ὠς
582 2198 673 2232 δῆλον,
688 2198 718 2225 τὸ
733 2207 841 2234 συγχω-

45 2245 101 2278 ρεῖν
116 2243 240 2279 χρᾶσθαι
254 2243 294 2278 τῷ
308 2243 475 2279 αὐτεξουσίῳ
490 2243 537 2270 καὶ
548 2243 686 2278 αἱρεῖσθαι
701 2243 840 2271 ἕκαστονό
852 2263 879 2293 D

44 2289 186 2323 βούλεται,
202 2289 251 2316 καὶ
266 2289 297 2316 τὺ
308 2289 527 2324 καταναγκάζειν
545 2289 676 2324 πράττειν
690 2290 725 2317 τὰ
740 2289 839 2317 ἄτοπα.

44 2337 105 2368 Πῶς
119 2336 151 2363 δὲ
167 2336 242 2370 ὑμῖν,
260 2336 353 2370 φησὶν,
367 2336 468 2370 ἐπῆλθε
491 2334 556 2371 [560
569 2335 615 2371 [1.]
638 2335 693 2362 τῶν
709 2335 757 2362 τοῦ
772 2336 841 2364 Θεοῦ

41 2381 209 2416 οεκονομιῶν
225 2380 353 2415 ἀγνοοῦσι
368 2380 400 2407 τὸ
420 2380 512 2416 βάθος,
528 2381 569 2412 είς
589 2380 621 2407 τὸ
637 2382 686 2416 τῆς
707 2382 842 2415 γενέσεως

42 2426 244 2462 ἀποτραπῆναι
258 2425 373 2461 πλάσμα
385 2435 394 2460 ς
409 2427 463 2453 Καὶ
479 2427 520 2453 ὄτι
536 2425 574 2462 μὴ
588 2426 635 2453 ἐπὶ
646 2426 698 2462 γῆς
710 2427 842 2463 ἓρποντες

41 2474 81 2505 εἰς
97 2472 129 2499 τὸ
143 2472 193 2499 τοῦ
209 2472 382 2508 Δημιουργοῦ
400 2473 455 2499 τῶν
475 2473 618 2508 χριμάτων
635 2472 702 2507 ὕψος
715 2473 842 2509 ἀνέὁητε,

39 2518 86 2544 διὰ
98 2517 184 2544 τοῦτο
197 2517 242 2544 ἐπ’
257 2518 377 2553 ἀστέρας
388 2518 435 2545 καὶ
450 2518 565 2554 σελήνην
583 2518 631 2545 καὶ
644 2518 721 2553 ἥλιον
736 2518 787 2550 τὰς
801 2520 844 2547 αἱ·

40 2565 103 2596 τίας
119 2564 257 2591 ἀνάπτειν
273 2565 434 2601 παρήχθητε
447 2565 503 2592 τῶν
524 2564 591 2600 παρ’
605 2565 673 2600 ἡμῖν
688 2566 843 2601 πραττομέ-

41 2619 108 2643 νων,
128 2611 178 2637 καὶ
195 2611 215 2638 ἃ
237 2610 288 2646 μὲν
302 2611 417 2643 ἑαυτοὺς
439 2611 550 2646 ὁρῶμεν
564 2611 776 2647 ἐργαζομένους,
794 2612 844 2646 οὺχ

42 2657 172 2692 ἡμέτερα
199 2655 269 2683 εἶναι
296 2657 501 2692 τερατεύεσθαι,
516 2656 534 2684 ἃ
558 2656 587 2684 δὲ
610 2657 661 2684 οὐκ
687 2656 760 2684 ἔστιν
779 2657 844 2684 ἰδεῖν

42 2704 107 2736 τοὺς
129 2704 253 2740 ἀστέρας
274 2705 456 2740 πράττοντας,
477 2706 590 2733 ἐκείνων
613 2702 683 2731 εἶναι
707 2703 739 2730 τὸ
761 2703 844 2740 ἔργον

883 265 1168 302 ﬁciscitur,explicent
1175 267 1253 296 velim
1265 270 1354 302 nobis,
1364 277 1423 305 quae
1432 271 1539 305 genesis
1550 270 1672 299 Stoicum

884 313 1073 348 reddatiqtue
1089 313 1277 348 Epicureum?
1295 314 1507 351 Peripateticum
1524 317 1588 344 item
1606 324 1674 352 qua-

883 359 928 392 lis,
953 365 1000 386 aut
1022 358 1190 387 Platonicum
1206 360 1217 387 1
1234 367 1294 395 qua:
1317 361 1457 389 immolare
1478 362 1597 396 Baccho,
1626 367 1673 389 aut

883 405 988 439 Cereri,
1013 404 1104 432 Solive
1130 410 1176 433 aut
1199 405 1304 433 Luna?
1320 406 1385 440 Quae
1406 406 1563 443 Egyptium
1590 415 1672 443 pecus

884 451 1009 485 adorare,
1022 451 1063 479 vel
1077 457 1172 478 canem
1185 450 1301 479 feleuwe
1313 451 1324 478 ’ἶ
1339 460 1399 487 qua!
1417 452 1597 480 Manichaaum
1611 454 1674 480 red-

885 497 951 524 dat?
969 505 1030 532 quae
1047 497 1322 530 Valentinus'IQuod
1348 498 1371 525 si
1397 498 1519 526 indicare
1544 499 1674 533 nequive-

885 544 950 577 rint,
967 551 1001 571 ne
1015 550 1123 579 quoque
1138 543 1210 570 ultra
1225 546 1286 571 sese
1307 542 1433 576 eti'erant,
1453 551 1560 572 moneo.
1579 543 1606 570 lu
1623 550 1673 570 no-

885 589 928 618 bis
947 589 1030 624 igitur
1042 589 1136 622 situm,
1156 595 1210 616 non
1237 588 1264 616 in
1287 595 1419 624 geneseos
1442 589 1611 624 operatione,
1633 589 1675 616 sie

886 633 928 661 vel
942 635 983 661 sic
998 641 1097 662 numen
1110 634 1211 662 colere.
1226 633 1256 661 Si
1267 641 1332 662 vero
1350 634 1402 662 hoc
1415 642 1422 662 :
1437 634 1531 669 utique
1542 639 1569 662 et
1586 634 1675 661 colere

885 680 1056 715 simpliciter,
1077 684 1105 708 et
1132 679 1268 717 [omnino]
1291 687 1344 708 non
1372 680 1482 708 colere:
1509 687 1525 708 e
1551 680 1675 714 patribus

885 727 959 754 enim
981 732 1068 754 totum
1089 731 1208 755 constat.
1225 727 1368 761 Quomodo
1384 732 1476 755 autem
1498 735 1551 755 non
1576 727 1676 755 absur-

886 771 1029 799 dissimum
1047 772 1112 800 illud
1130 773 1177 806 sit,
1193 773 1348 808 improbum
1363 780 1412 808 per
1427 773 1550 809 genesim
1564 773 1634 803 fieri.
1648 777 1677 800 et

888 819 976 847 eidem
995 823 1085 847 tamen
1102 819 1288 854 improbitatis
1302 820 1414 847 nomine
1425 819 1489 847 odio
1501 827 1562 847 esse
1573 819 1586 846 2
1601 819 1677 847 simi-

887 863 950 892 lite'r
963 869 991 893 et
1008 865 1109 893 bonum
1131 865 1202 899 fieri,
1216 869 1300 900 atque
1309 865 1484 893 admirationi
1506 872 1578 898 esse,
1593 870 1621 893 et
1634 866 1676 894 si-

889 911 990 938 militer
1000 910 1165 944 adulterum,
1179 915 1227 939 aut
1242 911 1407 939 homicidam
1419 911 1431 938 τ
1442 911 1484 939 Ab
1496 912 1592 938 eadem
1613 912 1676 939 item

889 962 938 991 per
953 955 1008 983 vim
1022 960 1148 984 coactum
1172 956 1243 983 mala
1267 960 1439 991 perpetrare,
1455 960 1485 983 et
1511 963 1618 983 rursum
1640 956 1676 983 ob

889 1001 954 1030 illud
969 1001 1059 1036 ipsum
1075 1001 1188 1037 puniri?
1206 1001 1392 1036 Legislatores
1416 1001 1596 1034 constituere,
1616 1008 1678 1028 sco-

888 1047 991 1075 leratos
1006 1047 1114 1082 punire,
1133 1052 1161 1074 et
1176 1047 1357 1075 nihilominus
1372 1046 1441 1075 alios
1455 1046 1498 1074 vel
1513 1046 1613 1074 invitos
1628 1047 1678 1074 im-

888 1093 989 1128 pellere
1005 1092 1040 1120 ad
1056 1093 1240 1128 peccandum,
1263 1100 1310 1120 seu
1331 1093 1364 1120 ad
1381 1092 1434 1119 alia
1455 1092 1555 1127 quibus
1574 1091 1676 1119 referta

889 1144 933 1167 est
952 1139 1092 1167 hominum
1110 1138 1186 1167 vita?
1201 1138 1267 1172 Quae
1293 1139 1428 1174 siquidem
1451 1139 1478 1166 iu
1496 1142 1589 1166 nostra
1613 1141 1678 1165 sunt

889 1189 1044 1220 potestate,
1063 1184 1144 1212 nobis
1165 1191 1274 1220 thque
1301 1191 1396 1212 eorum
1423 1191 1484 1219 quae
1507 1183 1574 1211 fiunt
1597 1183 1678 1218 culpa

889 1229 1069 1261 sustinenda;
1091 1229 1134 1258 sin
1153 1229 1261 1264 genesis
1275 1236 1409 1256 summam
1431 1233 1593 1264 potestatem
1608 1229 1679 1256 obti-

889 1279 945 1308 net,
967 1280 1013 1302 aut
1033 1276 1092 1303 hzec
1110 1275 1254 1310 culpanda.
1270 1281 1316 1302 aut
1330 1276 1354 1303 is
1372 1282 1458 1308 certe,
1470 1275 1515 1310 qui
1532 1277 1601 1303 hanc
1612 1282 1679 1302 cou-

891 1321 971 1349 didit.
991 1321 1029 1348 lta
1062 1322 1181 1356 undique
1207 1322 1292 1349 fatum
1319 1329 1371 1349 non
1395 1322 1547 1350 consistere
1573 1326 1677 1349 tantum

890 1367 966 1395 nullo
983 1368 1064 1395 modo
1079 1375 1170 1402 posse,
1187 1369 1234 1396 sed
1253 1369 1365 1403 impium
1381 1369 1494 1404 insuper
1510 1375 1582 1402 esse,
1597 1373 1679 1404 atque

889 1416 1052 1451 probrosum
1067 1415 1257 1452 [ostenditur].
1278 1416 1379 1443 Verum
1395 1416 1438 1444 his
1458 1420 1487 1444 et
1500 1415 1569 1444 liber
1584 1421 1679 1444 sextus

889 1467 918 1491 et
936 1463 1061 1497 quintum
1072 1470 1104 1490 ac
1117 1463 1355 1497 quadragesimum
1370 1467 1453 1498 caput
1466 1463 1626 1490 absolvitur.

926 1509 1047 1544 Septimo
1065 1514 1154 1536 autem
1180 1508 1250 1535 libro
1275 1509 1451 1542 quaestionem
1479 1509 1513 1536 ab
1538 1508 1681 1544 astrologis

891 1556 1005 1591 proponi
1017 1555 1123 1583 solitam
1134 1553 1267 1582 dissolvit.
1282 1553 1382 1582 Dicunt
1404 1554 1488 1587 enim,
1501 1555 1539 1582 ait
1558 1563 1566 1582 :
1580 1555 1680 1590 219a

890 1602 968 1631 Unde
984 1601 1122 1630 exsistunt
1134 1600 1216 1633 mala,
1229 1601 1251 1628 si
1270 1607 1323 1627 non
1340 1608 1354 1628 a
1370 1600 1427 1628 fato
1445 1601 1655 1635 proficiscuntur
1670 1601 1682 1628 3

890 1649 994 1683 Quibus
1017 1649 1059 1676 sic
1078 1647 1246 1682 respondet:
1267 1645 1294 1674 Si
1317 1654 1377 1681 quae
1399 1647 1478 1674 nobis
1492 1652 1584 1674 mutuo
1608 1649 1680 1674 mala

889 1696 1031 1727 struimus.
1042 1695 1149 1723 discere
1163 1693 1252 1721 velitis
1267 1694 1338 1720 unde
1352 1692 1494 1725 exsistant,
1511 1692 1573 1719 dum
1587 1700 1680 1720 eorum

890 1746 1043 1777 patratores
1058 1740 1156 1768 vestris
1169 1738 1256 1767 oculis
1270 1738 1440 1773 conspicitis,
1456 1738 1556 1765 frustra
1569 1745 1679 1766 causam

891 1788 971 1815 aliam
994 1786 1116 1821 quaeritis
1135 1795 1142 1813 :
1168 1785 1209 1812 sin
1224 1792 1255 1812 ea
1275 1785 1356 1816 mala,
1380 1792 1440 1819 quae
1458 1783 1536 1811 inviti
1552 1785 1680 1819 patimur,

889 1834 972 1861 etiam
993 1831 1074 1867 hujus
1092 1831 1192 1859 solutio
1220 1832 1253 1858 sd
1280 1830 1389 1857 oculum
1413 1835 1495 1865 patet.
1513 1830 1684 1864 Perturbavi-

890 1885 951 1906 mus
975 1877 1126 1912 omnigenus
1150 1876 1330 1911 improbitatis
1352 1876 1459 1903 turbine
1479 1875 1566 1910 ipsam
1586 1876 1681 1908 vitam,

889 1924 1003 1952 facimus
1025 1930 1086 1959 qua:
1099 1922 1156 1950 odit
1167 1926 1196 1949 et
1212 1927 1351 1949 aversatur
1371 1921 1440 1949 Deus
1455 1930 1463 1954 ;
1481 1922 1540 1949 ideo
1565 1922 1682 1956 patimur

890 1978 951 2005 quae
973 1970 1111 2003 nolumus,
1124 1972 1157 1997 ut
1174 1975 1208 1996 ne
1223 1968 1351 2003 deinceps
1374 1968 1402 1996 in
1418 1968 1484 1995 vitia
1497 1967 1681 2003 prolabamur.

890 2016 949 2043 Nisi
963 2015 1032 2042 forte
1046 2014 1166 2048 oportuit
1177 2013 1213 2041 ita
1230 2013 1390 2041 criminibus
1409 2013 1542 2041 obnoxios
1555 2012 1682 2040 felicitate

890 2062 1002 2097 insuper
1023 2060 1116 2095 potiri,
1131 2067 1184 2095 quo
1202 2059 1273 2087 Deus
1295 2059 1412 2095 amplius
1433 2060 1515 2087 etiam
1533 2059 1681 2094 ignoretur,

891 2111 918 2133 et
932 2113 979 2133 nos
1006 2106 1118 2139 pronius
1140 2106 1167 2132 iu
1184 2105 1254 2132 mala
1279 2105 1414 2133 feramur.
1427 2105 1463 2131 At
1483 2104 1506 2132 si
1526 2108 1682 2139 perpetrare

891 2154 963 2180 mala
989 2160 1036 2188 per
1056 2152 1140 2179 fatum
1165 2152 1235 2179 Deus
1247 2159 1297 2179 nos
1318 2151 1399 2186 cogit,
1415 2152 1549 2185 quomodo
1574 2158 1682 2178 rursum

891 2200 965 2227 velut
979 2203 1124 2235 peccantes
1146 2198 1262 2232 castigat
1274 2198 1286 2224 ἰ
1300 2197 1379 2224 Aliud
1401 2202 1490 2224 autem
1503 2202 1554 2230 est,
1572 2202 1602 2224 ut
1627 2196 1683 2224 cla-

893 2253 963 2276 rum.
993 2244 1150 2279 permittere
1172 2243 1318 2279 quemlibet
1338 2242 1423 2270 libero
1447 2242 1561 2270 arbitrio
1585 2243 1634 2275 uti,
1654 2247 1683 2269 et

891 2291 964 2326 quod
980 2290 1043 2318 velit
1054 2290 1170 2325 eligere;
1187 2289 1271 2323 aliud,
1286 2289 1319 2316 ad
1332 2289 1523 2317 committenda
1541 2289 1610 2316 mala
1629 2290 1682 2315 im-

890 2336 1000 2370 pellere.
1020 2335 1162 2369 Quomodo
1186 2343 1252 2363 vero
1269 2335 1356 2368 vobis,
1373 2335 1422 2367 ait,
1434 2335 1531 2363 divina:
1545 2335 1682 2370 guberna-

890 2383 971 2411 tionis
984 2383 1196 2419 profunditatem
1219 2382 1418 2417 ignorantibus,
1433 2382 1460 2409 iu
1475 2387 1592 2410 mentem
1608 2383 1684 2409 venit

892 2428 926 2457 ad
949 2436 1080 2464 geneseos
1105 2429 1172 2457 illud
1201 2429 1356 2464 figmentum
1377 2429 1498 2456 converti
1517 2428 1530 2455 ?
1544 2428 1611 2462 Quia
1635 2435 1684 2461 per

891 2480 991 2503 terram
1015 2479 1154 2510 reptantes
1172 2482 1221 2502 vos
1236 2474 1269 2501 ad
1285 2474 1442 2502 Conditoris
1469 2474 1553 2508 ipsius
1566 2473 1684 2509 judicio-

891 2529 952 2548 rum
969 2520 1139 2549 altitudinem
1163 2527 1333 2555 nequaquam
1351 2520 1526 2553 ascendistis,
1540 2525 1682 2555 propterea

892 2568 919 2596 in
943 2568 1049 2598 stellas.
1078 2567 1343 2602 lunam,solemque,
1368 2574 1461 2594 eorum
1486 2574 1576 2602 qutea
1604 2567 1683 2594 nobis

892 2614 961 2641 ﬁunt
983 2621 1067 2642 causa
1092 2613 1197 2641 referre
1225 2612 1316 2640 conati
1340 2613 1420 2644 estis.
1431 2618 1457 2640 et
1471 2621 1532 2648 quae
1548 2620 1596 2640 nos
1609 2613 1683 2647 ipsos

891 2660 999 2688 edicere
1020 2660 1152 2693 videmus,
1166 2667 1197 2686 ea
1214 2667 1267 2686 non
1285 2667 1346 2687 esse
1366 2664 1458 2687 nostra
1475 2659 1568 2695 nugari
1587 2668 1594 2692 ;
1610 2667 1684 2694 quaa—

891 2714 945 2741 que
964 2711 1037 2734 astra
1062 2705 1169 2734 edicere
1183 2705 1256 2733 nullo
1276 2705 1357 2733 modo
1380 2711 1504 2741 possunt,
1519 2706 1576 2733 haec
1592 2710 1683 2732 tamen

687 2794 805 2823 VARIAE
822 2792 1027 2822 LECTIONES.

83 2851 107 2867 “
119 2848 146 2877 εἴ
158 2852 179 2888 Α
197 2859 205 2878 ε
219 2849 267 2888 εἷς,
279 2859 319 2888 ς,
349 2853 372 2869 ⁸·
387 2852 630 2885 Οὐαλεντινιανοῦς
642 2852 774 2888 Scaliger.
803 2852 839 2888 ,⁸⁷7
853 2851 891 2888 μὴ
903 2851 924 2878 Α
940 2859 947 2879 :
961 2851 992 2888 τὸ
1004 2850 1046 2888 μὴ,
1057 2859 1088 2883 ς.
1109 2850 1149 2888 _"
1162 2851 1217 2888 ἀπὸ
1229 2851 1278 2887 τῆς
1293 2853 1317 2888 5
1332 2859 1340 2878 :
1358 2850 1413 2888 ὐπῖξ
1425 2852 1475 2888 τῆς
1491 2860 1523 2883 ς.
1561 2851 1583 2867 ⁸⁸
1599 2848 1682 2885 πρὸς]

48 2884 84 2918 ὡς
100 2888 132 2912 Δ.
172 2887 196 2903 ⁷⁸
211 2886 268 2921 ἐφ’]
294 2887 354 2916 libri
367 2889 395 2915 ἐν
407 2894 435 2917 et
450 2889 494 2917 hic
508 2894 535 2917 et
551 2884 635 2917 infra.
673 2888 696 2905 "
710 2886 752 2919 oi;
767 2887 814 2915 καὶ
828 2884 929 2919 ἀπ.’ς·.

969 2887 992 2903 ⁷³
1007 2886 1067 2914 ἀλλ.
1086 2886 1121 2913 τὰ
1136 2886 1210 2917 κακὰ
1223 2885 1262 2918 ς(
1293 2886 1318 2903 ⁷³
1334 2885 1414 2922 πρὸς]
1429 2887 1468 2918 ὡς
1483 2888 1517 2914 Δ.
