  <div class='ocr_page' id='page_1' title='image "/cluster/home/n/w/nwhite01/storage/ocr_20150623/103/njp.32101010943882/557.png"; bbox 0 0 1920 3090; ppageno 0'>
   <div class='ocr_carea' id='block_1_1' title="bbox 221 169 272 200">
    <p class='ocr_par' dir='ltr' id='par_1_1' title="bbox 221 169 272 200">
     <span class='ocr_line' id='line_1_1' title="bbox 221 169 272 200; baseline 0 0"><span class='ocrx_word' id='word_1_1' title='bbox 221 169 272 200; x_wconf 76' lang='lat'><strong>867</strong></span> 
     </span>
    </p>
   </div>
   <div class='ocr_carea' id='block_1_2' title="bbox 221 216 1051 260">
    <p class='ocr_par' dir='ltr' id='par_1_2' title="bbox 221 216 1051 260">
     <span class='ocr_line' id='line_1_2' title="bbox 221 216 1051 260; baseline -0.007 -10"><span class='ocrx_word' id='word_1_2' title='bbox 221 233 269 260; x_wconf 73' lang='lat' dir='ltr'><strong>per</strong></span> <span class='ocrx_word' id='word_1_3' title='bbox 282 223 326 250; x_wconf 84' lang='lat' dir='ltr'><strong>illa</strong></span> <span class='ocrx_word' id='word_1_4' title='bbox 347 221 404 249; x_wconf 90' lang='lat' dir='ltr'><strong>lleri</strong></span> <span class='ocrx_word' id='word_1_5' title='bbox 429 218 595 248; x_wconf 74' lang='lat' dir='ltr'><strong>mendaciter</strong></span> <span class='ocrx_word' id='word_1_6' title='bbox 619 217 745 254; x_wconf 78' lang='lat' dir='ltr'><strong>lingere?</strong></span> <span class='ocrx_word' id='word_1_7' title='bbox 767 216 836 251; x_wconf 84' lang='lat' dir='ltr'><strong>Quin</strong></span> <span class='ocrx_word' id='word_1_8' title='bbox 870 225 920 253; x_wconf 89' lang='lat' dir='ltr'><strong>ego</strong></span> <span class='ocrx_word' id='word_1_9' title='bbox 944 218 1013 252; x_wconf 87' lang='lat' dir='ltr'><strong>ipse,</strong></span> <span class='ocrx_word' id='word_1_10' title='bbox 1027 221 1051 249; x_wconf 72' lang='grc' dir='ltr'><strong>Α</strong></span> 
     </span>
    </p>
   </div>
   <div class='ocr_carea' id='block_1_3' title="bbox 224 264 1013 304">
    <p class='ocr_par' dir='ltr' id='par_1_3' title="bbox 224 264 1013 304">
     <span class='ocr_line' id='line_1_3' title="bbox 224 264 1013 304; baseline -0.006 -8"><span class='ocrx_word' id='word_1_11' title='bbox 224 270 322 304; x_wconf 86' lang='lat' dir='ltr'><strong>inquit,</strong></span> <span class='ocrx_word' id='word_1_12' title='bbox 347 268 410 294; x_wconf 88' lang='lat' dir='ltr'><strong>dqu</strong></span> <span class='ocrx_word' id='word_1_13' title='bbox 436 267 495 294; x_wconf 64' lang='lat' dir='ltr'><strong>haec</strong></span> <span class='ocrx_word' id='word_1_14' title='bbox 510 265 612 297; x_wconf 87' lang='lat' dir='ltr'><strong>scribo,</strong></span> <span class='ocrx_word' id='word_1_15' title='bbox 627 272 642 292; x_wconf 88' lang='lat' dir='ltr'><strong>a</strong></span> <span class='ocrx_word' id='word_1_16' title='bbox 658 264 930 300; x_wconf 84' lang='lat' dir='ltr'><strong>genesi,&#39;secundum</strong></span> <span class='ocrx_word' id='word_1_17' title='bbox 954 271 1013 297; x_wconf 89' lang='lat' dir='ltr'><strong>vos,</strong></span> 
     </span>
    </p>
   </div>
   <div class='ocr_carea' id='block_1_4' title="bbox 221 307 1014 344">
    <p class='ocr_par' dir='ltr' id='par_1_4' title="bbox 221 307 1014 344">
     <span class='ocr_line' id='line_1_4' title="bbox 221 307 1014 344; baseline -0.008 -4"><span class='ocrx_word' id='word_1_18' title='bbox 221 317 334 340; x_wconf 77' lang='lat' dir='ltr'><strong>coactus</strong></span> <span class='ocrx_word' id='word_1_19' title='bbox 344 319 402 338; x_wconf 91' lang='lat' dir='ltr'><strong>sum</strong></span> <span class='ocrx_word' id='word_1_20' title='bbox 415 310 464 337; x_wconf 87' lang='lat' dir='ltr'><strong>has</strong></span> <span class='ocrx_word' id='word_1_21' title='bbox 474 308 534 344; x_wconf 82' lang='lat' dir='ltr'><strong>ejus</strong></span> <span class='ocrx_word' id='word_1_22' title='bbox 547 308 668 336; x_wconf 84' lang='lat' dir='ltr'><strong>scribere</strong></span> <span class='ocrx_word' id='word_1_23' title='bbox 679 308 903 342; x_wconf 77' lang='lat' dir='ltr'><strong>reprehensiones</strong></span> <span class='ocrx_word' id='word_1_24' title='bbox 916 316 922 335; x_wconf 93' lang='lat'>:</span> <span class='ocrx_word' id='word_1_25' title='bbox 935 307 1014 341; x_wconf 55' lang='lat' dir='ltr'><strong>utgita</strong></span> 
     </span>
    </p>
   </div>
   <div class='ocr_carea' id='block_1_5' title="bbox 221 353 1012 392">
    <p class='ocr_par' dir='ltr' id='par_1_5' title="bbox 221 353 1012 392">
     <span class='ocr_line' id='line_1_5' title="bbox 221 353 1012 392; baseline -0.004 -9"><span class='ocrx_word' id='word_1_26' title='bbox 221 358 304 384; x_wconf 71' lang='lat' dir='ltr'><strong>etiam</strong></span> <span class='ocrx_word' id='word_1_27' title='bbox 318 358 432 392; x_wconf 82' lang='lat' dir='ltr'><strong>ipsumet</strong></span> <span class='ocrx_word' id='word_1_28' title='bbox 446 355 536 383; x_wconf 86' lang='lat' dir='ltr'><strong>acrius</strong></span> <span class='ocrx_word' id='word_1_29' title='bbox 548 354 679 382; x_wconf 77' lang='lat' dir='ltr'><strong>adversus</strong></span> <span class='ocrx_word' id='word_1_30' title='bbox 694 353 824 388; x_wconf 79' lang='lat' dir='ltr'><strong>seipsam,</strong></span> <span class='ocrx_word' id='word_1_31' title='bbox 841 361 923 388; x_wconf 86' lang='lat' dir='ltr'><strong>quam</strong></span> <span class='ocrx_word' id='word_1_32' title='bbox 940 353 1012 381; x_wconf 85' lang='lat' dir='ltr'><strong>ullus</strong></span> 
     </span>
    </p>
   </div>
   <div class='ocr_carea' id='block_1_6' title="bbox 221 398 1013 435">
    <p class='ocr_par' dir='ltr' id='par_1_6' title="bbox 221 398 1013 435">
     <span class='ocr_line' id='line_1_6' title="bbox 221 398 1013 435; baseline -0.003 -6"><span class='ocrx_word' id='word_1_33' title='bbox 221 403 292 429; x_wconf 84' lang='lat' dir='ltr'><strong>alius</strong></span> <span class='ocrx_word' id='word_1_34' title='bbox 313 402 486 428; x_wconf 81' lang='lat' dir='ltr'><strong>extrinsecus</strong></span> <span class='ocrx_word' id='word_1_35' title='bbox 511 407 571 427; x_wconf 85' lang='lat' dir='ltr'><strong>eam</strong></span> <span class='ocrx_word' id='word_1_36' title='bbox 588 406 747 434; x_wconf 85' lang='lat' dir='ltr'><strong>oppugnans</strong></span> <span class='ocrx_word' id='word_1_37' title='bbox 767 399 852 426; x_wconf 85' lang='lat' dir='ltr'><strong>hostis</strong></span> <span class='ocrx_word' id='word_1_38' title='bbox 878 398 1013 435; x_wconf 81' lang='lat' dir='ltr'><strong>insurgat.</strong></span> 
     </span>
    </p>
   </div>
   <div class='ocr_carea' id='block_1_7' title="bbox 257 445 1013 481">
    <p class='ocr_par' dir='ltr' id='par_1_7' title="bbox 257 445 1013 481">
     <span class='ocr_line' id='line_1_7' title="bbox 257 445 1013 481; baseline -0.004 -6"><span class='ocrx_word' id='word_1_39' title='bbox 257 448 291 475; x_wconf 84' lang='lat' dir='ltr'><strong>At</strong></span> <span class='ocrx_word' id='word_1_40' title='bbox 313 455 378 474; x_wconf 85' lang='lat' dir='ltr'><strong>vero</strong></span> <span class='ocrx_word' id='word_1_41' title='bbox 396 447 460 481; x_wconf 82' lang='lat' dir='ltr'><strong>quid</strong></span> <span class='ocrx_word' id='word_1_42' title='bbox 472 445 548 479; x_wconf 85' lang='lat' dir='ltr'><strong>juvat</strong></span> <span class='ocrx_word' id='word_1_43' title='bbox 564 453 594 473; x_wconf 90' lang='lat' dir='ltr'><strong>ea</strong></span> <span class='ocrx_word' id='word_1_44' title='bbox 618 445 734 476; x_wconf 83' lang='lat' dir='ltr'><strong>discere.</strong></span> <span class='ocrx_word' id='word_1_45' title='bbox 752 453 811 479; x_wconf 71' lang='lat' dir='ltr'><strong>quae</strong></span> <span class='ocrx_word' id='word_1_46' title='bbox 823 453 837 472; x_wconf 74' lang='grc' dir='ltr'><strong>ει</strong></span> <span class='ocrx_word' id='word_1_47' title='bbox 852 445 941 480; x_wconf 77' lang='lat' dir='ltr'><strong>genesi</strong></span> <span class='ocrx_word' id='word_1_48' title='bbox 964 453 1013 472; x_wconf 87' lang='lat' dir='ltr'><strong>ex-</strong></span> 
     </span>
    </p>
   </div>
   <div class='ocr_carea' id='block_1_8' title="bbox 221 490 1013 528">
    <p class='ocr_par' dir='ltr' id='par_1_8' title="bbox 221 490 1013 528">
     <span class='ocr_line' id='line_1_8' title="bbox 221 490 1013 528; baseline -0.001 -9"><span class='ocrx_word' id='word_1_49' title='bbox 221 493 404 528; x_wconf 69' lang='lat' dir='ltr'><strong>spectantur?</strong></span> <span class='ocrx_word' id='word_1_50' title='bbox 428 492 496 519; x_wconf 86' lang='lat' dir='ltr'><strong>Nam</strong></span> <span class='ocrx_word' id='word_1_51' title='bbox 512 492 534 519; x_wconf 93' lang='lat' dir='ltr'><strong>si</strong></span> <span class='ocrx_word' id='word_1_52' title='bbox 559 491 666 526; x_wconf 85' lang='lat' dir='ltr'><strong>quidem</strong></span> <span class='ocrx_word' id='word_1_53' title='bbox 680 491 767 518; x_wconf 83' lang='lat' dir='ltr'><strong>vitare</strong></span> <span class='ocrx_word' id='word_1_54' title='bbox 787 490 1013 526; x_wconf 80' lang='lat' dir='ltr'><strong>cognoscentibus</strong></span> 
     </span>
    </p>
   </div>
   <div class='ocr_carea' id='block_1_9' title="bbox 221 537 1013 572">
    <p class='ocr_par' dir='ltr' id='par_1_9' title="bbox 221 537 1013 572">
     <span class='ocr_line' id='line_1_9' title="bbox 221 537 1013 572; baseline 0 -8"><span class='ocrx_word' id='word_1_55' title='bbox 221 538 389 570; x_wconf 76' lang='lat' dir='ltr'><strong>conceditur,</strong></span> <span class='ocrx_word' id='word_1_56' title='bbox 403 545 462 572; x_wconf 71' lang='lat' dir='ltr'><strong>qua:</strong></span> <span class='ocrx_word' id='word_1_57' title='bbox 474 538 530 565; x_wconf 82' lang='lat' dir='ltr'><strong>fato</strong></span> <span class='ocrx_word' id='word_1_58' title='bbox 542 537 676 564; x_wconf 82' lang='lat' dir='ltr'><strong>destinata</strong></span> <span class='ocrx_word' id='word_1_59' title='bbox 696 541 770 570; x_wconf 84' lang='lat' dir='ltr'><strong>sunt,</strong></span> <span class='ocrx_word' id='word_1_60' title='bbox 784 537 872 571; x_wconf 84' lang='lat' dir='ltr'><strong>inepta</strong></span> <span class='ocrx_word' id='word_1_61' title='bbox 886 541 927 564; x_wconf 88' lang='lat' dir='ltr'><strong>est</strong></span> <span class='ocrx_word' id='word_1_62' title='bbox 943 545 1013 572; x_wconf 68' lang='lat' dir='ltr'><strong>prm-</strong></span> 
     </span>
    </p>
   </div>
   <div class='ocr_carea' id='block_1_10' title="bbox 221 582 1013 618">
    <p class='ocr_par' dir='ltr' id='par_1_10' title="bbox 221 582 1013 618">
     <span class='ocr_line' id='line_1_10' title="bbox 221 582 1013 618; baseline -0.001 -7"><span class='ocrx_word' id='word_1_63' title='bbox 221 585 314 611; x_wconf 86' lang='lat' dir='ltr'><strong>dictio.</strong></span> <span class='ocrx_word' id='word_1_64' title='bbox 331 583 421 611; x_wconf 81' lang='lat' dir='ltr'><strong>Vincit</strong></span> <span class='ocrx_word' id='word_1_65' title='bbox 440 584 511 611; x_wconf 89' lang='lat' dir='ltr'><strong>enim</strong></span> <span class='ocrx_word' id='word_1_66' title='bbox 528 590 587 617; x_wconf 65' lang='lat' dir='ltr'><strong>quae</strong></span> <span class='ocrx_word' id='word_1_67' title='bbox 604 583 629 610; x_wconf 92' lang='lat' dir='ltr'><strong>in</strong></span> <span class='ocrx_word' id='word_1_68' title='bbox 651 583 729 610; x_wconf 82' lang='lat' dir='ltr'><strong>nobis</strong></span> <span class='ocrx_word' id='word_1_69' title='bbox 747 587 789 610; x_wconf 80' lang='lat' dir='ltr'><strong>est</strong></span> <span class='ocrx_word' id='word_1_70' title='bbox 805 582 918 610; x_wconf 80' lang='lat' dir='ltr'><strong>facultas</strong></span> <span class='ocrx_word' id='word_1_71' title='bbox 931 589 1013 618; x_wconf 87' lang='lat' dir='ltr'><strong>gene-</strong></span> 
     </span>
    </p>
   </div>
   <div class='ocr_carea' id='block_1_11' title="bbox 221 628 1012 664">
    <p class='ocr_par' dir='ltr' id='par_1_11' title="bbox 221 628 1012 664">
     <span class='ocr_line' id='line_1_11' title="bbox 221 628 1012 664; baseline -0.003 -6"><span class='ocrx_word' id='word_1_72' title='bbox 221 631 272 658; x_wconf 88' lang='lat' dir='ltr'><strong>sim</strong></span> <span class='ocrx_word' id='word_1_73' title='bbox 301 639 308 658; x_wconf 88' lang='lat'>:</span> <span class='ocrx_word' id='word_1_74' title='bbox 342 636 370 657; x_wconf 90' lang='lat' dir='ltr'><strong>et</strong></span> <span class='ocrx_word' id='word_1_75' title='bbox 399 631 526 661; x_wconf 85' lang='lat' dir='ltr'><strong>maxime.</strong></span> <span class='ocrx_word' id='word_1_76' title='bbox 557 629 655 664; x_wconf 80' lang='lat' dir='ltr'><strong>quibus</strong></span> <span class='ocrx_word' id='word_1_77' title='bbox 684 628 769 656; x_wconf 78' lang='lat' dir='ltr'><strong>fatum</strong></span> <span class='ocrx_word' id='word_1_78' title='bbox 797 637 850 657; x_wconf 93' lang='lat' dir='ltr'><strong>non</strong></span> <span class='ocrx_word' id='word_1_79' title='bbox 881 629 1012 664; x_wconf 85' lang='lat' dir='ltr'><strong>ignotum,</strong></span> 
     </span>
    </p>
   </div>
   <div class='ocr_carea' id='block_1_12' title="bbox 221 675 1014 711">
    <p class='ocr_par' dir='ltr' id='par_1_12' title="bbox 221 675 1014 711">
     <span class='ocr_line' id='line_1_12' title="bbox 221 675 1014 711; baseline -0.003 -7"><span class='ocrx_word' id='word_1_80' title='bbox 221 677 327 704; x_wconf 77' lang='lat' dir='ltr'><strong>solvere</strong></span> <span class='ocrx_word' id='word_1_81' title='bbox 355 676 438 711; x_wconf 86' lang='lat' dir='ltr'><strong>ipsius</strong></span> <span class='ocrx_word' id='word_1_82' title='bbox 464 676 561 703; x_wconf 82' lang='lat' dir='ltr'><strong>seriem</strong></span> <span class='ocrx_word' id='word_1_83' title='bbox 593 680 719 710; x_wconf 92' lang='lat' dir='ltr'><strong>poterunt</strong></span> <span class='ocrx_word' id='word_1_84' title='bbox 744 683 753 708; x_wconf 79' lang='grc' dir='ltr'><strong>ς</strong></span> <span class='ocrx_word' id='word_1_85' title='bbox 781 682 842 702; x_wconf 86' lang='lat' dir='ltr'><strong>cum</strong></span> <span class='ocrx_word' id='word_1_86' title='bbox 873 675 899 702; x_wconf 89' lang='lat' dir='ltr'><strong>hi</strong></span> <span class='ocrx_word' id='word_1_87' title='bbox 928 675 1014 709; x_wconf 78' lang='lat' dir='ltr'><strong>magis</strong></span> 
     </span>
    </p>
   </div>
   <div class='ocr_carea' id='block_1_13' title="bbox 221 720 1013 757">
    <p class='ocr_par' dir='ltr' id='par_1_13' title="bbox 221 720 1013 757">
     <span class='ocr_line' id='line_1_13' title="bbox 221 720 1013 757; baseline -0.004 -8"><span class='ocrx_word' id='word_1_88' title='bbox 221 730 302 757; x_wconf 85' lang='lat' dir='ltr'><strong>quam</strong></span> <span class='ocrx_word' id='word_1_89' title='bbox 319 722 421 753; x_wconf 67' lang='lat' dir='ltr'><strong>caueri,</strong></span> <span class='ocrx_word' id='word_1_90' title='bbox 436 729 497 756; x_wconf 68' lang='lat' dir='ltr'><strong>qua:</strong></span> <span class='ocrx_word' id='word_1_91' title='bbox 508 728 521 748; x_wconf 89' lang='lat' dir='ltr'><strong>a</strong></span> <span class='ocrx_word' id='word_1_92' title='bbox 533 721 624 756; x_wconf 80' lang='lat' dir='ltr'><strong>genesi</strong></span> <span class='ocrx_word' id='word_1_93' title='bbox 637 720 762 748; x_wconf 86' lang='lat' dir='ltr'><strong>ordinata</strong></span> <span class='ocrx_word' id='word_1_94' title='bbox 772 724 835 747; x_wconf 84' lang='lat' dir='ltr'><strong>sunt</strong></span> <span class='ocrx_word' id='word_1_95' title='bbox 849 727 1013 754; x_wconf 83' lang='lat' dir='ltr'><strong>cognoscen-</strong></span> 
     </span>
    </p>
   </div>
   <div class='ocr_carea' id='block_1_14' title="bbox 223 765 1012 801">
    <p class='ocr_par' dir='ltr' id='par_1_14' title="bbox 223 765 1012 801">
     <span class='ocr_line' id='line_1_14' title="bbox 223 765 1012 801; baseline -0.003 -7"><span class='ocrx_word' id='word_1_96' title='bbox 223 774 273 799; x_wconf 87' lang='lat' dir='ltr'><strong>tes,</strong></span> <span class='ocrx_word' id='word_1_97' title='bbox 300 767 366 794; x_wconf 91' lang='lat' dir='ltr'><strong>nihil</strong></span> <span class='ocrx_word' id='word_1_98' title='bbox 383 774 477 794; x_wconf 89' lang='lat' dir='ltr'><strong>eorum</strong></span> <span class='ocrx_word' id='word_1_99' title='bbox 497 774 556 801; x_wconf 78' lang='lat' dir='ltr'><strong>qua:</strong></span> <span class='ocrx_word' id='word_1_100' title='bbox 572 767 628 801; x_wconf 86' lang='lat' dir='ltr'><strong>ipsa</strong></span> <span class='ocrx_word' id='word_1_101' title='bbox 648 766 799 798; x_wconf 85' lang='lat' dir='ltr'><strong>minitatur,</strong></span> <span class='ocrx_word' id='word_1_102' title='bbox 821 766 946 793; x_wconf 88' lang='lat' dir='ltr'><strong>accidere</strong></span> <span class='ocrx_word' id='word_1_103' title='bbox 960 765 1012 792; x_wconf 86' lang='lat' dir='ltr'><strong>sibi</strong></span> 
     </span>
    </p>
   </div>
   <div class='ocr_carea' id='block_1_15' title="bbox 221 812 1012 849">
    <p class='ocr_par' dir='ltr' id='par_1_15' title="bbox 221 812 1012 849">
     <span class='ocr_line' id='line_1_15' title="bbox 221 812 1012 849; baseline -0.001 -9"><span class='ocrx_word' id='word_1_104' title='bbox 221 815 366 849; x_wconf 84' lang='lat' dir='ltr'><strong>patientur.</strong></span> <span class='ocrx_word' id='word_1_105' title='bbox 382 813 416 840; x_wconf 81' lang='lat' dir='ltr'><strong>At</strong></span> <span class='ocrx_word' id='word_1_106' title='bbox 429 819 478 840; x_wconf 88' lang='lat' dir='ltr'><strong>nec</strong></span> <span class='ocrx_word' id='word_1_107' title='bbox 491 812 553 844; x_wconf 84' lang='lat' dir='ltr'><strong>hoc,</strong></span> <span class='ocrx_word' id='word_1_108' title='bbox 571 813 668 840; x_wconf 91' lang='lat' dir='ltr'><strong>iterum</strong></span> <span class='ocrx_word' id='word_1_109' title='bbox 685 812 720 840; x_wconf 85' lang='lat' dir='ltr'><strong>illi</strong></span> <span class='ocrx_word' id='word_1_110' title='bbox 735 813 820 845; x_wconf 86' lang='lat' dir='ltr'><strong>aiunt,</strong></span> <span class='ocrx_word' id='word_1_111' title='bbox 838 817 915 839; x_wconf 83' lang='lat' dir='ltr'><strong>extra</strong></span> <span class='ocrx_word' id='word_1_112' title='bbox 929 818 1012 847; x_wconf 85' lang='lat' dir='ltr'><strong>gene-</strong></span> 
     </span>
    </p>
   </div>
   <div class='ocr_carea' id='block_1_16' title="bbox 220 858 1011 894">
    <p class='ocr_par' dir='ltr' id='par_1_16' title="bbox 220 858 1011 894">
     <span class='ocr_line' id='line_1_16' title="bbox 220 858 1011 894; baseline -0.003 -8"><span class='ocrx_word' id='word_1_113' title='bbox 220 867 281 886; x_wconf 82' lang='lat' dir='ltr'><strong>scos</strong></span> <span class='ocrx_word' id='word_1_114' title='bbox 294 860 392 886; x_wconf 89' lang='lat' dir='ltr'><strong>seriem</strong></span> <span class='ocrx_word' id='word_1_115' title='bbox 406 863 457 891; x_wconf 88' lang='lat' dir='ltr'><strong>est,</strong></span> <span class='ocrx_word' id='word_1_116' title='bbox 469 859 543 894; x_wconf 90' lang='lat' dir='ltr'><strong>quod</strong></span> <span class='ocrx_word' id='word_1_117' title='bbox 554 858 600 893; x_wconf 85' lang='lat' dir='ltr'><strong>qui</strong></span> <span class='ocrx_word' id='word_1_118' title='bbox 615 859 672 886; x_wconf 76' lang='lat' dir='ltr'><strong>luec</strong></span> <span class='ocrx_word' id='word_1_119' title='bbox 693 858 880 894; x_wconf 86' lang='lat' dir='ltr'><strong>cognoverint,</strong></span> <span class='ocrx_word' id='word_1_120' title='bbox 893 858 1011 893; x_wconf 85' lang='lat' dir='ltr'><strong>eripian-</strong></span> 
     </span>
    </p>
   </div>
   <div class='ocr_carea' id='block_1_17' title="bbox 222 901 1049 940">
    <p class='ocr_par' dir='ltr' id='par_1_17' title="bbox 222 901 1049 940">
     <span class='ocr_line' id='line_1_17' title="bbox 222 901 1049 940; baseline -0.004 -8"><span class='ocrx_word' id='word_1_121' title='bbox 222 910 277 933; x_wconf 88' lang='lat' dir='ltr'><strong>tur.</strong></span> <span class='ocrx_word' id='word_1_122' title='bbox 298 905 382 940; x_wconf 81' lang='lat' dir='ltr'><strong>Igitur</strong></span> <span class='ocrx_word' id='word_1_123' title='bbox 394 906 502 940; x_wconf 77' lang='lat' dir='ltr'><strong>genesis</strong></span> <span class='ocrx_word' id='word_1_124' title='bbox 513 905 538 932; x_wconf 92' lang='lat' dir='ltr'><strong>in</strong></span> <span class='ocrx_word' id='word_1_125' title='bbox 551 905 687 932; x_wconf 81' lang='lat' dir='ltr'><strong>contraria</strong></span> <span class='ocrx_word' id='word_1_126' title='bbox 705 904 844 937; x_wconf 84' lang='lat' dir='ltr'><strong>dividitur,</strong></span> <span class='ocrx_word' id='word_1_127' title='bbox 860 905 1012 938; x_wconf 85' lang='lat' dir='ltr'><strong>partimque</strong></span> <span class='ocrx_word' id='word_1_128' title='bbox 1029 901 1049 929; x_wconf 91' lang='lat' dir='ltr'><strong>B</strong></span> 
     </span>
    </p>
   </div>
   <div class='ocr_carea' id='block_1_18' title="bbox 221 950 1010 986">
    <p class='ocr_par' dir='ltr' id='par_1_18' title="bbox 221 950 1010 986">
     <span class='ocr_line' id='line_1_18' title="bbox 221 950 1010 986; baseline -0.001 -7"><span class='ocrx_word' id='word_1_129' title='bbox 221 952 419 986; x_wconf 70' lang='lat' dir='ltr'><strong>praedictionem</strong></span> <span class='ocrx_word' id='word_1_130' title='bbox 446 951 565 982; x_wconf 88' lang='lat' dir='ltr'><strong>adhibet.</strong></span> <span class='ocrx_word' id='word_1_131' title='bbox 586 951 682 986; x_wconf 84' lang='lat' dir='ltr'><strong>partim</strong></span> <span class='ocrx_word' id='word_1_132' title='bbox 702 958 762 978; x_wconf 88' lang='lat' dir='ltr'><strong>eam</strong></span> <span class='ocrx_word' id='word_1_133' title='bbox 785 951 870 986; x_wconf 91' lang='lat' dir='ltr'><strong>ipsam</strong></span> <span class='ocrx_word' id='word_1_134' title='bbox 893 950 1010 978; x_wconf 84' lang='lat' dir='ltr'><strong>irridet:</strong></span> 
     </span>
    </p>
   </div>
   <div class='ocr_carea' id='block_1_19' title="bbox 220 996 1012 1033">
    <p class='ocr_par' dir='ltr' id='par_1_19' title="bbox 220 996 1012 1033">
     <span class='ocr_line' id='line_1_19' title="bbox 220 996 1012 1033; baseline 0 -10"><span class='ocrx_word' id='word_1_135' title='bbox 220 1006 274 1032; x_wconf 82' lang='lat' dir='ltr'><strong>quo</strong></span> <span class='ocrx_word' id='word_1_136' title='bbox 296 998 358 1031; x_wconf 87' lang='lat' dir='ltr'><strong>quid</strong></span> <span class='ocrx_word' id='word_1_137' title='bbox 378 999 465 1033; x_wconf 84' lang='lat' dir='ltr'><strong>magis</strong></span> <span class='ocrx_word' id='word_1_138' title='bbox 484 997 626 1025; x_wconf 85' lang='lat' dir='ltr'><strong>ridiculum</strong></span> <span class='ocrx_word' id='word_1_139' title='bbox 651 1004 711 1024; x_wconf 88' lang='lat' dir='ltr'><strong>esse</strong></span> <span class='ocrx_word' id='word_1_140' title='bbox 727 1002 808 1031; x_wconf 82' lang='lat' dir='ltr'><strong>queat</strong></span> <span class='ocrx_word' id='word_1_141' title='bbox 827 996 1012 1031; x_wconf 86' lang='lat' dir='ltr'><strong>?Quanquam</strong></span> 
     </span>
    </p>
   </div>
   <div class='ocr_carea' id='block_1_20' title="bbox 219 1042 1010 1079">
    <p class='ocr_par' dir='ltr' id='par_1_20' title="bbox 219 1042 1010 1079">
     <span class='ocr_line' id='line_1_20' title="bbox 219 1042 1010 1079; baseline 0 -9"><span class='ocrx_word' id='word_1_142' title='bbox 219 1049 248 1071; x_wconf 85' lang='lat' dir='ltr'><strong>ct</strong></span> <span class='ocrx_word' id='word_1_143' title='bbox 269 1044 319 1070; x_wconf 83' lang='lat' dir='ltr'><strong>alia</strong></span> <span class='ocrx_word' id='word_1_144' title='bbox 343 1052 440 1072; x_wconf 88' lang='lat' dir='ltr'><strong>rursus</strong></span> <span class='ocrx_word' id='word_1_145' title='bbox 456 1052 489 1072; x_wconf 85' lang='lat' dir='ltr'><strong>ex</strong></span> <span class='ocrx_word' id='word_1_146' title='bbox 506 1048 583 1079; x_wconf 87' lang='lat' dir='ltr'><strong>parte</strong></span> <span class='ocrx_word' id='word_1_147' title='bbox 609 1044 691 1071; x_wconf 78' lang='lat' dir='ltr'><strong>nmlta</strong></span> <span class='ocrx_word' id='word_1_148' title='bbox 712 1048 754 1072; x_wconf 86' lang='lat' dir='ltr'><strong>est</strong></span> <span class='ocrx_word' id='word_1_149' title='bbox 774 1043 802 1071; x_wconf 86' lang='lat' dir='ltr'><strong>in</strong></span> <span class='ocrx_word' id='word_1_150' title='bbox 817 1044 858 1071; x_wconf 89' lang='lat' dir='ltr'><strong>&#39;ea</strong></span> <span class='ocrx_word' id='word_1_151' title='bbox 879 1042 1010 1076; x_wconf 77' lang='lat' dir='ltr'><strong>iniustitia</strong></span> 
     </span>
    </p>
   </div>
   <div class='ocr_carea' id='block_1_21' title="bbox 220 1089 1011 1125">
    <p class='ocr_par' dir='ltr' id='par_1_21' title="bbox 220 1089 1011 1125">
     <span class='ocr_line' id='line_1_21' title="bbox 220 1089 1011 1125; baseline 0 -9"><span class='ocrx_word' id='word_1_152' title='bbox 220 1098 303 1125; x_wconf 77' lang='lat' dir='ltr'><strong>atque</strong></span> <span class='ocrx_word' id='word_1_153' title='bbox 319 1090 495 1125; x_wconf 63' lang='lat' dir='ltr'><strong>inaequalitas.</strong></span> <span class='ocrx_word' id='word_1_154' title='bbox 509 1090 564 1117; x_wconf 91' lang='lat' dir='ltr'><strong>Cur</strong></span> <span class='ocrx_word' id='word_1_155' title='bbox 581 1090 654 1117; x_wconf 89' lang='lat' dir='ltr'><strong>enim</strong></span> <span class='ocrx_word' id='word_1_156' title='bbox 672 1097 723 1116; x_wconf 96' lang='lat' dir='ltr'><strong>non</strong></span> <span class='ocrx_word' id='word_1_157' title='bbox 739 1089 864 1117; x_wconf 89' lang='lat' dir='ltr'><strong>omnibus</strong></span> <span class='ocrx_word' id='word_1_158' title='bbox 884 1089 935 1117; x_wconf 87' lang='lat' dir='ltr'><strong>hoc</strong></span> <span class='ocrx_word' id='word_1_159' title='bbox 947 1096 1011 1123; x_wconf 86' lang='lat' dir='ltr'><strong>per-</strong></span> 
     </span>
    </p>
   </div>
   <div class='ocr_carea' id='block_1_22' title="bbox 220 1135 1013 1170">
    <p class='ocr_par' dir='ltr' id='par_1_22' title="bbox 220 1135 1013 1170">
     <span class='ocr_line' id='line_1_22' title="bbox 220 1135 1013 1170; baseline 0 -7"><span class='ocrx_word' id='word_1_160' title='bbox 220 1136 315 1168; x_wconf 82' lang='lat' dir='ltr'><strong>suasit,</strong></span> <span class='ocrx_word' id='word_1_161' title='bbox 333 1141 361 1163; x_wconf 88' lang='lat' dir='ltr'><strong>ut</strong></span> <span class='ocrx_word' id='word_1_162' title='bbox 386 1142 515 1163; x_wconf 86' lang='lat' dir='ltr'><strong>eventura</strong></span> <span class='ocrx_word' id='word_1_163' title='bbox 529 1136 578 1163; x_wconf 88' lang='lat' dir='ltr'><strong>sibi</strong></span> <span class='ocrx_word' id='word_1_164' title='bbox 595 1135 744 1168; x_wconf 83' lang='lat' dir='ltr'><strong>discerent,</strong></span> <span class='ocrx_word' id='word_1_165' title='bbox 763 1143 817 1170; x_wconf 92' lang='lat' dir='ltr'><strong>quo</strong></span> <span class='ocrx_word' id='word_1_166' title='bbox 833 1135 898 1162; x_wconf 88' lang='lat' dir='ltr'><strong>item</strong></span> <span class='ocrx_word' id='word_1_167' title='bbox 916 1142 1013 1163; x_wconf 84' lang='lat' dir='ltr'><strong>omnes</strong></span> 
     </span>
    </p>
   </div>
   <div class='ocr_carea' id='block_1_23' title="bbox 220 1180 1014 1218">
    <p class='ocr_par' dir='ltr' id='par_1_23' title="bbox 220 1180 1014 1218">
     <span class='ocr_line' id='line_1_23' title="bbox 220 1180 1014 1218; baseline -0.001 -9"><span class='ocrx_word' id='word_1_168' title='bbox 220 1190 254 1210; x_wconf 80' lang='lat' dir='ltr'><strong>ex</strong></span> <span class='ocrx_word' id='word_1_169' title='bbox 279 1183 320 1210; x_wconf 87' lang='lat' dir='ltr'><strong>his</strong></span> <span class='ocrx_word' id='word_1_170' title='bbox 342 1181 625 1218; x_wconf 84' lang='lat' dir='ltr'><strong>eriperentur?Quod</strong></span> <span class='ocrx_word' id='word_1_171' title='bbox 654 1183 677 1208; x_wconf 87' lang='lat' dir='ltr'><strong>si</strong></span> <span class='ocrx_word' id='word_1_172' title='bbox 692 1189 757 1208; x_wconf 84' lang='lat' dir='ltr'><strong>vero</strong></span> <span class='ocrx_word' id='word_1_173' title='bbox 780 1181 805 1208; x_wconf 90' lang='lat' dir='ltr'><strong>ei</strong></span> <span class='ocrx_word' id='word_1_174' title='bbox 823 1180 869 1216; x_wconf 88' lang='lat' dir='ltr'><strong>qui</strong></span> <span class='ocrx_word' id='word_1_175' title='bbox 891 1180 942 1208; x_wconf 86' lang='lat' dir='ltr'><strong>ista</strong></span> <span class='ocrx_word' id='word_1_176' title='bbox 966 1187 1014 1208; x_wconf 85' lang='lat' dir='ltr'><strong>co-</strong></span> 
     </span>
    </p>
   </div>
   <div class='ocr_carea' id='block_1_24' title="bbox 221 1223 1014 1262">
    <p class='ocr_par' dir='ltr' id='par_1_24' title="bbox 221 1223 1014 1262">
     <span class='ocr_line' id='line_1_24' title="bbox 221 1223 1014 1262; baseline -0.004 -8"><span class='ocrx_word' id='word_1_177' title='bbox 221 1227 355 1262; x_wconf 78' lang='lat' dir='ltr'><strong>gnoverit,</strong></span> <span class='ocrx_word' id='word_1_178' title='bbox 379 1226 498 1260; x_wconf 79' lang='lat' dir='ltr'><strong>ell&#39;ugere</strong></span> <span class='ocrx_word' id='word_1_179' title='bbox 514 1231 602 1253; x_wconf 86' lang='lat' dir='ltr'><strong>tamen</strong></span> <span class='ocrx_word' id='word_1_180' title='bbox 625 1233 678 1252; x_wconf 90' lang='lat' dir='ltr'><strong>non</strong></span> <span class='ocrx_word' id='word_1_181' title='bbox 706 1225 767 1252; x_wconf 87' lang='lat' dir='ltr'><strong>licet</strong></span> <span class='ocrx_word' id='word_1_182' title='bbox 790 1233 799 1258; x_wconf 83' lang='lat'><strong>;</strong></span> <span class='ocrx_word' id='word_1_183' title='bbox 827 1224 891 1259; x_wconf 85' lang='lat' dir='ltr'><strong>quid</strong></span> <span class='ocrx_word' id='word_1_184' title='bbox 915 1223 1014 1251; x_wconf 77' lang='lat' dir='ltr'><strong>frustra</strong></span> 
     </span>
    </p>
   </div>
   <div class='ocr_carea' id='block_1_25' title="bbox 221 1269 1012 1308">
    <p class='ocr_par' dir='ltr' id='par_1_25' title="bbox 221 1269 1012 1308">
     <span class='ocr_line' id='line_1_25' title="bbox 221 1269 1012 1308; baseline -0.005 -8"><span class='ocrx_word' id='word_1_185' title='bbox 221 1281 386 1308; x_wconf 63' lang='lat' dir='ltr'><strong>cognoscere</strong></span> <span class='ocrx_word' id='word_1_186' title='bbox 410 1274 495 1308; x_wconf 80' lang='lat' dir='ltr'><strong>juvat.</strong></span> <span class='ocrx_word' id='word_1_187' title='bbox 518 1272 646 1305; x_wconf 80' lang='lat' dir='ltr'><strong>curisque</strong></span> <span class='ocrx_word' id='word_1_188' title='bbox 662 1276 725 1298; x_wconf 87' lang='lat' dir='ltr'><strong>ante</strong></span> <span class='ocrx_word' id='word_1_189' title='bbox 751 1275 855 1306; x_wconf 81' lang='lat' dir='ltr'><strong>tempus</strong></span> <span class='ocrx_word' id='word_1_190' title='bbox 875 1269 1012 1302; x_wconf 82' lang='lat' dir='ltr'><strong>consumi,</strong></span> 
     </span>
    </p>
   </div>
   <div class='ocr_carea' id='block_1_26' title="bbox 222 1315 1014 1354">
    <p class='ocr_par' dir='ltr' id='par_1_26' title="bbox 222 1315 1014 1354">
     <span class='ocr_line' id='line_1_26' title="bbox 222 1315 1014 1354; baseline -0.004 -9"><span class='ocrx_word' id='word_1_191' title='bbox 222 1319 330 1354; x_wconf 67' lang='lat' dir='ltr'><strong>porcelli</strong></span> <span class='ocrx_word' id='word_1_192' title='bbox 348 1323 410 1346; x_wconf 85' lang='lat' dir='ltr'><strong>ante</strong></span> <span class='ocrx_word' id='word_1_193' title='bbox 427 1318 519 1348; x_wconf 83' lang='lat' dir='ltr'><strong>ictum.</strong></span> <span class='ocrx_word' id='word_1_194' title='bbox 532 1322 559 1344; x_wconf 88' lang='lat' dir='ltr'><strong>et</strong></span> <span class='ocrx_word' id='word_1_195' title='bbox 582 1315 682 1352; x_wconf 61' lang='lat' dir='ltr'><strong>219i»</strong></span> <span class='ocrx_word' id='word_1_196' title='bbox 696 1321 760 1344; x_wconf 85' lang='lat' dir='ltr'><strong>ante</strong></span> <span class='ocrx_word' id='word_1_197' title='bbox 773 1319 888 1343; x_wconf 88' lang='lat' dir='ltr'><strong>mortem</strong></span> <span class='ocrx_word' id='word_1_198' title='bbox 904 1315 1014 1351; x_wconf 82' lang='lat' dir='ltr'><strong>gravius</strong></span> 
     </span>
    </p>
   </div>
   <div class='ocr_carea' id='block_1_27' title="bbox 221 1363 610 1401">
    <p class='ocr_par' dir='ltr' id='par_1_27' title="bbox 221 1363 610 1401">
     <span class='ocr_line' id='line_1_27' title="bbox 221 1363 610 1401; baseline -0.008 -9"><span class='ocrx_word' id='word_1_199' title='bbox 221 1374 307 1401; x_wconf 85' lang='lat' dir='ltr'><strong>quam</strong></span> <span class='ocrx_word' id='word_1_200' title='bbox 323 1369 410 1392; x_wconf 89' lang='lat' dir='ltr'><strong>morte</strong></span> <span class='ocrx_word' id='word_1_201' title='bbox 428 1363 484 1398; x_wconf 79' lang='lat' dir='ltr'><strong>ipso</strong></span> <span class='ocrx_word' id='word_1_202' title='bbox 503 1363 584 1398; x_wconf 82' lang='lat' dir='ltr'><strong>aﬂiigi</strong></span> <span class='ocrx_word' id='word_1_203' title='bbox 599 1363 610 1390; x_wconf 70' lang='grc' dir='ltr'><strong><em>τ</em></strong></span> 
     </span>
    </p>
   </div>
   <div class='ocr_carea' id='block_1_28' title="bbox 257 1418 1013 1456">
    <p class='ocr_par' dir='ltr' id='par_1_28' title="bbox 257 1418 1013 1456">
     <span class='ocr_line' id='line_1_28' title="bbox 257 1418 1013 1456; baseline -0.005 -7"><span class='ocrx_word' id='word_1_204' title='bbox 257 1422 312 1449; x_wconf 89' lang='lat' dir='ltr'><strong>Hoc</strong></span> <span class='ocrx_word' id='word_1_205' title='bbox 335 1429 416 1456; x_wconf 90' lang='lat' dir='ltr'><strong>porro</strong></span> <span class='ocrx_word' id='word_1_206' title='bbox 436 1421 562 1448; x_wconf 89' lang='lat' dir='ltr'><strong>omnibus</strong></span> <span class='ocrx_word' id='word_1_207' title='bbox 584 1419 767 1455; x_wconf 87' lang='lat' dir='ltr'><strong>perspicuum,</strong></span> <span class='ocrx_word' id='word_1_208' title='bbox 790 1427 847 1452; x_wconf 88' lang='lat' dir='ltr'><strong>eos,</strong></span> <span class='ocrx_word' id='word_1_209' title='bbox 863 1418 908 1453; x_wconf 88' lang='lat' dir='ltr'><strong>qui</strong></span> <span class='ocrx_word' id='word_1_210' title='bbox 929 1418 1013 1446; x_wconf 81' lang='lat' dir='ltr'><strong>fatum</strong></span> 
     </span>
    </p>
   </div>
   <div class='ocr_carea' id='block_1_29' title="bbox 221 1465 1012 1502">
    <p class='ocr_par' dir='ltr' id='par_1_29' title="bbox 221 1465 1012 1502">
     <span class='ocr_line' id='line_1_29' title="bbox 221 1465 1012 1502; baseline -0.004 -7"><span class='ocrx_word' id='word_1_211' title='bbox 221 1473 357 1498; x_wconf 78' lang='lat' dir='ltr'><strong>asserunt.</strong></span> <span class='ocrx_word' id='word_1_212' title='bbox 374 1472 401 1494; x_wconf 83' lang='lat' dir='ltr'><strong>et</strong></span> <span class='ocrx_word' id='word_1_213' title='bbox 411 1467 556 1502; x_wconf 89' lang='lat' dir='ltr'><strong>proborum</strong></span> <span class='ocrx_word' id='word_1_214' title='bbox 565 1466 659 1493; x_wconf 84' lang='lat' dir='ltr'><strong>laudes</strong></span> <span class='ocrx_word' id='word_1_215' title='bbox 670 1470 750 1500; x_wconf 88' lang='lat' dir='ltr'><strong>atque</strong></span> <span class='ocrx_word' id='word_1_216' title='bbox 764 1472 879 1493; x_wconf 88' lang='lat' dir='ltr'><strong>coronas</strong></span> <span class='ocrx_word' id='word_1_217' title='bbox 892 1472 908 1493; x_wconf 92' lang='lat' dir='ltr'><strong>e</strong></span> <span class='ocrx_word' id='word_1_218' title='bbox 921 1465 1012 1492; x_wconf 89' lang='lat' dir='ltr'><strong>medio</strong></span> 
     </span>
    </p>
   </div>
   <div class='ocr_carea' id='block_1_30' title="bbox 222 1509 1014 1546">
    <p class='ocr_par' dir='ltr' id='par_1_30' title="bbox 222 1509 1014 1546">
     <span class='ocr_line' id='line_1_30' title="bbox 222 1509 1014 1546; baseline -0.004 -7"><span class='ocrx_word' id='word_1_219' title='bbox 222 1513 335 1545; x_wconf 90' lang='lat' dir='ltr'><strong>tollere,</strong></span> <span class='ocrx_word' id='word_1_220' title='bbox 365 1516 392 1538; x_wconf 88' lang='lat' dir='ltr'><strong>et</strong></span> <span class='ocrx_word' id='word_1_221' title='bbox 415 1510 546 1546; x_wconf 83' lang='lat' dir='ltr'><strong>improbis</strong></span> <span class='ocrx_word' id='word_1_222' title='bbox 574 1515 668 1538; x_wconf 88' lang='lat' dir='ltr'><strong>contra</strong></span> <span class='ocrx_word' id='word_1_223' title='bbox 700 1510 827 1546; x_wconf 84' lang='lat' dir='ltr'><strong>injustam</strong></span> <span class='ocrx_word' id='word_1_224' title='bbox 852 1509 1014 1537; x_wconf 82' lang='lat' dir='ltr'><strong>denuntiare</strong></span> 
     </span>
    </p>
   </div>
   <div class='ocr_carea' id='block_1_31' title="bbox 223 1556 1046 1600">
    <p class='ocr_par' dir='ltr' id='par_1_31' title="bbox 223 1556 1046 1600">
     <span class='ocr_line' id='line_1_31' title="bbox 223 1556 1046 1600; baseline -0.001 -15"><span class='ocrx_word' id='word_1_225' title='bbox 223 1566 330 1594; x_wconf 75' lang='lat' dir='ltr'><strong>pcenam</strong></span> <span class='ocrx_word' id='word_1_226' title='bbox 355 1562 436 1593; x_wconf 85' lang='lat' dir='ltr'><strong>atque</strong></span> <span class='ocrx_word' id='word_1_227' title='bbox 461 1557 668 1584; x_wconf 84' lang='lat' dir='ltr'><strong>correctionem.</strong></span> <span class='ocrx_word' id='word_1_228' title='bbox 702 1556 769 1584; x_wconf 80' lang='lat' dir='ltr'><strong>Nam</strong></span> <span class='ocrx_word' id='word_1_229' title='bbox 796 1557 819 1584; x_wconf 89' lang='lat' dir='ltr'><strong>si</strong></span> <span class='ocrx_word' id='word_1_230' title='bbox 849 1556 1046 1600; x_wconf 72' lang='lat' dir='ltr'><strong>necessitatec</strong></span> 
     </span>
    </p>
   </div>
   <div class='ocr_carea' id='block_1_32' title="bbox 221 1601 1007 1638">
    <p class='ocr_par' dir='ltr' id='par_1_32' title="bbox 221 1601 1007 1638">
     <span class='ocr_line' id='line_1_32' title="bbox 221 1601 1007 1638; baseline -0.003 -7"><span class='ocrx_word' id='word_1_231' title='bbox 221 1605 352 1631; x_wconf 78' lang='lat' dir='ltr'><strong>adductus</strong></span> <span class='ocrx_word' id='word_1_232' title='bbox 378 1608 420 1632; x_wconf 88' lang='lat' dir='ltr'><strong>est</strong></span> <span class='ocrx_word' id='word_1_233' title='bbox 443 1602 570 1631; x_wconf 88' lang='lat' dir='ltr'><strong>uterlibet</strong></span> <span class='ocrx_word' id='word_1_234' title='bbox 591 1604 624 1630; x_wconf 85' lang='lat' dir='ltr'><strong>ad</strong></span> <span class='ocrx_word' id='word_1_235' title='bbox 648 1610 690 1636; x_wconf 82' lang='lat' dir='ltr'><strong>ea.</strong></span> <span class='ocrx_word' id='word_1_236' title='bbox 706 1611 766 1638; x_wconf 83' lang='lat' dir='ltr'><strong>qua:</strong></span> <span class='ocrx_word' id='word_1_237' title='bbox 783 1602 849 1638; x_wconf 84' lang='lat' dir='ltr'><strong>agit,</strong></span> <span class='ocrx_word' id='word_1_238' title='bbox 877 1602 932 1637; x_wconf 85' lang='lat' dir='ltr'><strong>jam</strong></span> <span class='ocrx_word' id='word_1_239' title='bbox 950 1601 1007 1636; x_wconf 79' lang='lat'><strong>(63)</strong></span> 
     </span>
    </p>
   </div>
   <div class='ocr_carea' id='block_1_33' title="bbox 222 1648 1011 1685">
    <p class='ocr_par' dir='ltr' id='par_1_33' title="bbox 222 1648 1011 1685">
     <span class='ocr_line' id='line_1_33' title="bbox 222 1648 1011 1685; baseline -0.003 -7"><span class='ocrx_word' id='word_1_240' title='bbox 222 1659 307 1685; x_wconf 87' lang='lat' dir='ltr'><strong>neque</strong></span> <span class='ocrx_word' id='word_1_241' title='bbox 325 1651 417 1677; x_wconf 77' lang='lat' dir='ltr'><strong>virtuti</strong></span> <span class='ocrx_word' id='word_1_242' title='bbox 433 1658 537 1677; x_wconf 81' lang='lat' dir='ltr'><strong>merces</strong></span> <span class='ocrx_word' id='word_1_243' title='bbox 561 1649 614 1676; x_wconf 85' lang='lat' dir='ltr'><strong>ulla</strong></span> <span class='ocrx_word' id='word_1_244' title='bbox 631 1654 683 1682; x_wconf 88' lang='lat' dir='ltr'><strong>est,</strong></span> <span class='ocrx_word' id='word_1_245' title='bbox 700 1655 788 1684; x_wconf 85' lang='lat' dir='ltr'><strong>neque</strong></span> <span class='ocrx_word' id='word_1_246' title='bbox 808 1648 941 1676; x_wconf 81' lang='lat' dir='ltr'><strong>scelerqu</strong></span> <span class='ocrx_word' id='word_1_247' title='bbox 953 1655 1011 1683; x_wconf 71' lang='lat' dir='ltr'><strong>pa:-</strong></span> 
     </span>
    </p>
   </div>
   <div class='ocr_carea' id='block_1_34' title="bbox 221 1695 1012 1732">
    <p class='ocr_par' dir='ltr' id='par_1_34' title="bbox 221 1695 1012 1732">
     <span class='ocr_line' id='line_1_34' title="bbox 221 1695 1012 1732; baseline -0.003 -9"><span class='ocrx_word' id='word_1_248' title='bbox 221 1705 282 1724; x_wconf 79' lang='lat' dir='ltr'><strong>nam</strong></span> <span class='ocrx_word' id='word_1_249' title='bbox 313 1697 422 1732; x_wconf 78' lang='lat' dir='ltr'><strong>exigere</strong></span> <span class='ocrx_word' id='word_1_250' title='bbox 445 1696 506 1723; x_wconf 85' lang='lat' dir='ltr'><strong>licet</strong></span> <span class='ocrx_word' id='word_1_251' title='bbox 522 1705 529 1723; x_wconf 85' lang='lat'><strong>:</strong></span> <span class='ocrx_word' id='word_1_252' title='bbox 545 1696 616 1731; x_wconf 89' lang='lat' dir='ltr'><strong>quod</strong></span> <span class='ocrx_word' id='word_1_253' title='bbox 636 1703 692 1723; x_wconf 89' lang='lat' dir='ltr'><strong>non</strong></span> <span class='ocrx_word' id='word_1_254' title='bbox 710 1699 803 1731; x_wconf 83' lang='lat' dir='ltr'><strong>potest</strong></span> <span class='ocrx_word' id='word_1_255' title='bbox 826 1702 878 1722; x_wconf 94' lang='lat' dir='ltr'><strong>non</strong></span> <span class='ocrx_word' id='word_1_256' title='bbox 904 1695 1012 1729; x_wconf 85' lang='lat' dir='ltr'><strong>penitus</strong></span> 
     </span>
    </p>
   </div>
   <div class='ocr_carea' id='block_1_35' title="bbox 221 1742 1012 1778">
    <p class='ocr_par' dir='ltr' id='par_1_35' title="bbox 221 1742 1012 1778">
     <span class='ocr_line' id='line_1_35' title="bbox 221 1742 1012 1778; baseline -0.004 -8"><span class='ocrx_word' id='word_1_257' title='bbox 221 1748 342 1770; x_wconf 84' lang='lat' dir='ltr'><strong>nostram</strong></span> <span class='ocrx_word' id='word_1_258' title='bbox 367 1743 449 1770; x_wconf 76' lang='lat' dir='ltr'><strong>vitam</strong></span> <span class='ocrx_word' id='word_1_259' title='bbox 462 1742 629 1770; x_wconf 79' lang='lat' dir='ltr'><strong>confundere</strong></span> <span class='ocrx_word' id='word_1_260' title='bbox 643 1747 726 1778; x_wconf 87' lang='lat' dir='ltr'><strong>atque</strong></span> <span class='ocrx_word' id='word_1_261' title='bbox 748 1742 894 1773; x_wconf 80' lang='lat' dir='ltr'><strong>invertere,</strong></span> <span class='ocrx_word' id='word_1_262' title='bbox 912 1746 939 1768; x_wconf 86' lang='lat' dir='ltr'><strong>et</strong></span> <span class='ocrx_word' id='word_1_263' title='bbox 952 1748 1012 1767; x_wconf 92' lang='lat' dir='ltr'><strong>om-</strong></span> 
     </span>
    </p>
   </div>
   <div class='ocr_carea' id='block_1_36' title="bbox 221 1786 1012 1823">
    <p class='ocr_par' dir='ltr' id='par_1_36' title="bbox 221 1786 1012 1823">
     <span class='ocr_line' id='line_1_36' title="bbox 221 1786 1012 1823; baseline -0.005 -7"><span class='ocrx_word' id='word_1_264' title='bbox 221 1790 299 1816; x_wconf 85' lang='lat' dir='ltr'><strong>nibus</strong></span> <span class='ocrx_word' id='word_1_265' title='bbox 327 1789 353 1816; x_wconf 92' lang='lat' dir='ltr'><strong>in</strong></span> <span class='ocrx_word' id='word_1_266' title='bbox 368 1788 452 1815; x_wconf 87' lang='lat' dir='ltr'><strong>Deum</strong></span> <span class='ocrx_word' id='word_1_267' title='bbox 472 1787 590 1823; x_wconf 89' lang='lat' dir='ltr'><strong>linguam</strong></span> <span class='ocrx_word' id='word_1_268' title='bbox 608 1795 685 1816; x_wconf 88' lang='lat' dir='ltr'><strong>suam</strong></span> <span class='ocrx_word' id='word_1_269' title='bbox 709 1786 871 1814; x_wconf 84' lang='lat' dir='ltr'><strong>acuentibus</strong></span> <span class='ocrx_word' id='word_1_270' title='bbox 886 1793 948 1813; x_wconf 86' lang='lat' dir='ltr'><strong>esse</strong></span> <span class='ocrx_word' id='word_1_271' title='bbox 961 1786 1012 1812; x_wconf 88' lang='lat' dir='ltr'><strong>im-</strong></span> 
     </span>
    </p>
   </div>
   <div class='ocr_carea' id='block_1_37' title="bbox 220 1833 1014 1871">
    <p class='ocr_par' dir='ltr' id='par_1_37' title="bbox 220 1833 1014 1871">
     <span class='ocr_line' id='line_1_37' title="bbox 220 1833 1014 1871; baseline -0.003 -10"><span class='ocrx_word' id='word_1_272' title='bbox 220 1836 372 1871; x_wconf 83' lang='lat' dir='ltr'><strong>pudentius.</strong></span> <span class='ocrx_word' id='word_1_273' title='bbox 389 1834 448 1862; x_wconf 80' lang='lat' dir='ltr'><strong>Non</strong></span> <span class='ocrx_word' id='word_1_274' title='bbox 461 1834 610 1861; x_wconf 83' lang='lat' dir='ltr'><strong>sulliciehal</strong></span> <span class='ocrx_word' id='word_1_275' title='bbox 625 1834 753 1862; x_wconf 90' lang='lat' dir='ltr'><strong>nimirum</strong></span> <span class='ocrx_word' id='word_1_276' title='bbox 768 1833 886 1865; x_wconf 85' lang='lat' dir='ltr'><strong>miseris,</strong></span> <span class='ocrx_word' id='word_1_277' title='bbox 897 1833 919 1860; x_wconf 91' lang='lat' dir='ltr'><strong>si</strong></span> <span class='ocrx_word' id='word_1_278' title='bbox 931 1840 1014 1868; x_wconf 85' lang='lat' dir='ltr'><strong>coge-</strong></span> 
     </span>
    </p>
   </div>
   <div class='ocr_carea' id='block_1_38' title="bbox 222 1879 1010 1915">
    <p class='ocr_par' dir='ltr' id='par_1_38' title="bbox 222 1879 1010 1915">
     <span class='ocr_line' id='line_1_38' title="bbox 222 1879 1010 1915; baseline -0.006 -6"><span class='ocrx_word' id='word_1_279' title='bbox 222 1886 315 1909; x_wconf 84' lang='lat' dir='ltr'><strong>rentur</strong></span> <span class='ocrx_word' id='word_1_280' title='bbox 328 1881 397 1908; x_wconf 89' lang='lat' dir='ltr'><strong>mala</strong></span> <span class='ocrx_word' id='word_1_281' title='bbox 411 1881 542 1915; x_wconf 77' lang='lat' dir='ltr'><strong>cogitare,</strong></span> <span class='ocrx_word' id='word_1_282' title='bbox 555 1881 656 1912; x_wconf 86' lang='lat' dir='ltr'><strong>dicere.</strong></span> <span class='ocrx_word' id='word_1_283' title='bbox 672 1879 763 1908; x_wconf 74' lang='lat' dir='ltr'><strong>facere</strong></span> <span class='ocrx_word' id='word_1_284' title='bbox 773 1888 780 1906; x_wconf 91' lang='lat'><strong>:</strong></span> <span class='ocrx_word' id='word_1_285' title='bbox 791 1880 838 1906; x_wconf 82' lang='lat' dir='ltr'><strong>sed</strong></span> <span class='ocrx_word' id='word_1_286' title='bbox 846 1886 907 1906; x_wconf 90' lang='lat' dir='ltr'><strong>cum</strong></span> <span class='ocrx_word' id='word_1_287' title='bbox 917 1886 1010 1906; x_wconf 89' lang='lat' dir='ltr'><strong>eorum</strong></span> 
     </span>
    </p>
   </div>
   <div class='ocr_carea' id='block_1_39' title="bbox 222 1925 1009 1962">
    <p class='ocr_par' dir='ltr' id='par_1_39' title="bbox 222 1925 1009 1962">
     <span class='ocr_line' id='line_1_39' title="bbox 222 1925 1009 1962; baseline -0.008 -6"><span class='ocrx_word' id='word_1_288' title='bbox 222 1928 344 1956; x_wconf 87' lang='lat' dir='ltr'><strong>misereri</strong></span> <span class='ocrx_word' id='word_1_289' title='bbox 351 1931 499 1962; x_wconf 89' lang='lat' dir='ltr'><strong>oporteret,</strong></span> <span class='ocrx_word' id='word_1_290' title='bbox 510 1926 601 1954; x_wconf 89' lang='lat' dir='ltr'><strong>odium</strong></span> <span class='ocrx_word' id='word_1_291' title='bbox 613 1926 725 1960; x_wconf 86' lang='lat' dir='ltr'><strong>insuper</strong></span> <span class='ocrx_word' id='word_1_292' title='bbox 741 1925 867 1960; x_wconf 89' lang='lat' dir='ltr'><strong>adjicitur</strong></span> <span class='ocrx_word' id='word_1_293' title='bbox 875 1929 903 1951; x_wconf 93' lang='lat' dir='ltr'><strong>et</strong></span> <span class='ocrx_word' id='word_1_294' title='bbox 921 1932 1009 1959; x_wconf 65' lang='lat' dir='ltr'><strong>paena.</strong></span> 
     </span>
    </p>
   </div>
   <div class='ocr_carea' id='block_1_40' title="bbox 258 1971 1012 2008">
    <p class='ocr_par' dir='ltr' id='par_1_40' title="bbox 258 1971 1012 2008">
     <span class='ocr_line' id='line_1_40' title="bbox 258 1971 1012 2008; baseline -0.007 -6"><span class='ocrx_word' id='word_1_295' title='bbox 258 1974 308 2002; x_wconf 88' lang='lat' dir='ltr'><strong>Ubi</strong></span> <span class='ocrx_word' id='word_1_296' title='bbox 324 1974 347 2002; x_wconf 83' lang='lat' dir='ltr'><strong>si</strong></span> <span class='ocrx_word' id='word_1_297' title='bbox 365 1974 426 2008; x_wconf 84' lang='lat' dir='ltr'><strong>quis</strong></span> <span class='ocrx_word' id='word_1_298' title='bbox 439 1973 549 2006; x_wconf 74' lang='lat' dir='ltr'><strong>dixerit,</strong></span> <span class='ocrx_word' id='word_1_299' title='bbox 564 1975 695 2006; x_wconf 59' lang='lat' dir='ltr'><strong>{nostrum</strong></span> <span class='ocrx_word' id='word_1_300' title='bbox 723 1979 775 1999; x_wconf 92' lang='lat' dir='ltr'><strong>non</strong></span> <span class='ocrx_word' id='word_1_301' title='bbox 789 1978 850 1999; x_wconf 73' lang='lat' dir='ltr'><strong>eese</strong></span> <span class='ocrx_word' id='word_1_302' title='bbox 872 1971 943 1998; x_wconf 85' lang='lat' dir='ltr'><strong>scire</strong></span> <span class='ocrx_word' id='word_1_303' title='bbox 963 1978 1012 1997; x_wconf 89' lang='lat' dir='ltr'><strong>cur</strong></span> 
     </span>
    </p>
   </div>
   <div class='ocr_carea' id='block_1_41' title="bbox 223 2017 1012 2054">
    <p class='ocr_par' dir='ltr' id='par_1_41' title="bbox 223 2017 1012 2054">
     <span class='ocr_line' id='line_1_41' title="bbox 223 2017 1012 2054; baseline -0.006 -6"><span class='ocrx_word' id='word_1_304' title='bbox 223 2021 294 2048; x_wconf 87' lang='lat' dir='ltr'><strong>Deus</strong></span> <span class='ocrx_word' id='word_1_305' title='bbox 322 2020 403 2048; x_wconf 84' lang='lat' dir='ltr'><strong>talem</strong></span> <span class='ocrx_word' id='word_1_306' title='bbox 419 2019 573 2047; x_wconf 86' lang='lat' dir='ltr'><strong>condiderit</strong></span> <span class='ocrx_word' id='word_1_307' title='bbox 593 2019 713 2054; x_wconf 82' lang='lat' dir='ltr'><strong>genesim</strong></span> <span class='ocrx_word' id='word_1_308' title='bbox 730 2026 738 2051; x_wconf 86' lang='lat'><strong>;</strong></span> <span class='ocrx_word' id='word_1_309' title='bbox 760 2017 783 2045; x_wconf 88' lang='lat' dir='ltr'><strong>is</strong></span> <span class='ocrx_word' id='word_1_310' title='bbox 801 2018 864 2044; x_wconf 89' lang='lat' dir='ltr'><strong>dum</strong></span> <span class='ocrx_word' id='word_1_311' title='bbox 891 2017 1012 2044; x_wconf 83' lang='lat' dir='ltr'><strong>modeste</strong></span> 
     </span>
    </p>
   </div>
   <div class='ocr_carea' id='block_1_42' title="bbox 223 2063 1011 2102">
    <p class='ocr_par' dir='ltr' id='par_1_42' title="bbox 223 2063 1011 2102">
     <span class='ocr_line' id='line_1_42' title="bbox 223 2063 1011 2102; baseline -0.006 -8"><span class='ocrx_word' id='word_1_312' title='bbox 223 2073 303 2102; x_wconf 83' lang='lat' dir='ltr'><strong>agere</strong></span> <span class='ocrx_word' id='word_1_313' title='bbox 316 2073 346 2093; x_wconf 89' lang='lat' dir='ltr'><strong>se</strong></span> <span class='ocrx_word' id='word_1_314' title='bbox 361 2065 448 2100; x_wconf 85' lang='lat' dir='ltr'><strong>tingit,</strong></span> <span class='ocrx_word' id='word_1_315' title='bbox 464 2065 592 2099; x_wconf 83' lang='lat' dir='ltr'><strong>pietatem</strong></span> <span class='ocrx_word' id='word_1_316' title='bbox 610 2064 778 2099; x_wconf 85' lang='lat' dir='ltr'><strong>perstringit,</strong></span> <span class='ocrx_word' id='word_1_317' title='bbox 799 2071 831 2090; x_wconf 78' lang='lat' dir='ltr'><strong>ac</strong></span> <span class='ocrx_word' id='word_1_318' title='bbox 850 2071 898 2098; x_wconf 86' lang='lat' dir='ltr'><strong>per</strong></span> <span class='ocrx_word' id='word_1_319' title='bbox 911 2070 941 2090; x_wconf 84' lang='lat' dir='ltr'><strong>ea</strong></span> <span class='ocrx_word' id='word_1_320' title='bbox 955 2063 1011 2096; x_wconf 83' lang='lat' dir='ltr'><strong>ipsa</strong></span> 
     </span>
    </p>
   </div>
   <div class='ocr_carea' id='block_1_43' title="bbox 222 2108 1011 2147">
    <p class='ocr_par' dir='ltr' id='par_1_43' title="bbox 222 2108 1011 2147">
     <span class='ocr_line' id='line_1_43' title="bbox 222 2108 1011 2147; baseline -0.006 -7"><span class='ocrx_word' id='word_1_321' title='bbox 222 2114 302 2140; x_wconf 86' lang='lat' dir='ltr'><strong>etiam</strong></span> <span class='ocrx_word' id='word_1_322' title='bbox 328 2112 413 2147; x_wconf 85' lang='lat' dir='ltr'><strong>magis</strong></span> <span class='ocrx_word' id='word_1_323' title='bbox 443 2110 472 2138; x_wconf 84' lang='lat' dir='ltr'><strong>ﬁt</strong></span> <span class='ocrx_word' id='word_1_324' title='bbox 491 2111 599 2145; x_wconf 89' lang='lat' dir='ltr'><strong>impius,</strong></span> <span class='ocrx_word' id='word_1_325' title='bbox 624 2117 674 2145; x_wconf 91' lang='lat' dir='ltr'><strong>per</strong></span> <span class='ocrx_word' id='word_1_326' title='bbox 687 2117 747 2143; x_wconf 61' lang='lat' dir='ltr'><strong>quae</strong></span> <span class='ocrx_word' id='word_1_327' title='bbox 771 2111 910 2136; x_wconf 86' lang='lat' dir='ltr'><strong>moderate</strong></span> <span class='ocrx_word' id='word_1_328' title='bbox 939 2108 1011 2143; x_wconf 90' lang='lat' dir='ltr'><strong>loqui</strong></span> 
     </span>
    </p>
   </div>
   <div class='ocr_carea' id='block_1_44' title="bbox 222 2154 1012 2191">
    <p class='ocr_par' dir='ltr' id='par_1_44' title="bbox 222 2154 1012 2191">
     <span class='ocr_line' id='line_1_44' title="bbox 222 2154 1012 2191; baseline -0.005 -6"><span class='ocrx_word' id='word_1_329' title='bbox 222 2159 338 2185; x_wconf 88' lang='lat' dir='ltr'><strong>videtur.</strong></span> <span class='ocrx_word' id='word_1_330' title='bbox 356 2157 385 2184; x_wconf 88' lang='lat' dir='ltr'><strong>Si</strong></span> <span class='ocrx_word' id='word_1_331' title='bbox 399 2157 472 2185; x_wconf 90' lang='lat' dir='ltr'><strong>enim</strong></span> <span class='ocrx_word' id='word_1_332' title='bbox 487 2164 552 2184; x_wconf 83' lang='lat' dir='ltr'><strong>vere</strong></span> <span class='ocrx_word' id='word_1_333' title='bbox 567 2157 635 2184; x_wconf 88' lang='lat' dir='ltr'><strong>bona</strong></span> <span class='ocrx_word' id='word_1_334' title='bbox 655 2155 762 2191; x_wconf 84' lang='lat' dir='ltr'><strong>genesis</strong></span> <span class='ocrx_word' id='word_1_335' title='bbox 781 2160 832 2188; x_wconf 89' lang='lat' dir='ltr'><strong>est,</strong></span> <span class='ocrx_word' id='word_1_336' title='bbox 847 2162 907 2189; x_wconf 65' lang='lat' dir='ltr'><strong>quas</strong></span> <span class='ocrx_word' id='word_1_337' title='bbox 934 2154 1012 2182; x_wconf 85' lang='lat' dir='ltr'><strong>nobis</strong></span> 
     </span>
    </p>
   </div>
   <div class='ocr_carea' id='block_1_45' title="bbox 223 2200 1009 2237">
    <p class='ocr_par' dir='ltr' id='par_1_45' title="bbox 223 2200 1009 2237">
     <span class='ocr_line' id='line_1_45' title="bbox 223 2200 1009 2237; baseline -0.004 -8"><span class='ocrx_word' id='word_1_338' title='bbox 223 2202 291 2230; x_wconf 85' lang='lat' dir='ltr'><strong>mala</strong></span> <span class='ocrx_word' id='word_1_339' title='bbox 313 2206 438 2237; x_wconf 84' lang='lat' dir='ltr'><strong>apparet,</strong></span> <span class='ocrx_word' id='word_1_340' title='bbox 468 2206 496 2228; x_wconf 85' lang='lat' dir='ltr'><strong>et</strong></span> <span class='ocrx_word' id='word_1_341' title='bbox 517 2201 543 2228; x_wconf 87' lang='lat' dir='ltr'><strong>id</strong></span> <span class='ocrx_word' id='word_1_342' title='bbox 563 2201 673 2236; x_wconf 90' lang='lat' dir='ltr'><strong>quidem</strong></span> <span class='ocrx_word' id='word_1_343' title='bbox 691 2208 739 2235; x_wconf 88' lang='lat' dir='ltr'><strong>per</strong></span> <span class='ocrx_word' id='word_1_344' title='bbox 762 2200 848 2235; x_wconf 85' lang='lat' dir='ltr'><strong>ipsam</strong></span> <span class='ocrx_word' id='word_1_345' title='bbox 868 2200 1009 2234; x_wconf 80' lang='lat' dir='ltr'><strong>genesim:</strong></span> 
     </span>
    </p>
   </div>
   <div class='ocr_carea' id='block_1_46' title="bbox 794 160 1273 194">
    <p class='ocr_par' dir='ltr' id='par_1_46' title="bbox 794 160 1273 194">
     <span class='ocr_line' id='line_1_46' title="bbox 794 160 1273 194; baseline 0 0"><span class='ocrx_word' id='word_1_346' title='bbox 794 162 927 194; x_wconf 82' lang='grc' dir='ltr'><strong>ΡῘΙΟΤΙΙ</strong></span> <span class='ocrx_word' id='word_1_347' title='bbox 942 160 1196 193; x_wconf 73' lang='grc' dir='ltr'><strong>ΡΛΤΒῙΑΒΟΗᾸΞ</strong></span> <span class='ocrx_word' id='word_1_348' title='bbox 1215 163 1273 194; x_wconf 86' lang='lat' dir='ltr'><strong>CP.</strong></span> 
     </span>
    </p>
   </div>
   <div class='ocr_carea' id='block_1_47' title="bbox 1065 217 1871 255">
    <p class='ocr_par' dir='ltr' id='par_1_47' title="bbox 1065 217 1871 255">
     <span class='ocr_line' id='line_1_47' title="bbox 1065 217 1871 255; baseline 0.004 -11"><span class='ocrx_word' id='word_1_349' title='bbox 1065 217 1286 252; x_wconf 79' lang='grc' dir='ltr'>καταψεύδεσθαι</span> <span class='ocrx_word' id='word_1_350' title='bbox 1299 227 1306 251; x_wconf 88' lang='grc'>;</span> <span class='ocrx_word' id='word_1_351' title='bbox 1321 217 1408 253; x_wconf 79' lang='grc' dir='ltr'>Κάγὼ</span> <span class='ocrx_word' id='word_1_352' title='bbox 1424 218 1464 251; x_wconf 72' lang='grc' dir='ltr'>δὲ,</span> <span class='ocrx_word' id='word_1_353' title='bbox 1478 217 1556 254; x_wconf 83' lang='grc' dir='ltr'>φησὶ,</span> <span class='ocrx_word' id='word_1_354' title='bbox 1570 217 1657 246; x_wconf 79' lang='grc' dir='ltr'>ταῦτα</span> <span class='ocrx_word' id='word_1_355' title='bbox 1673 218 1788 255; x_wconf 82' lang='grc' dir='ltr'>γράφων</span> <span class='ocrx_word' id='word_1_356' title='bbox 1807 221 1871 247; x_wconf 79' lang='grc' dir='ltr'><strong>ὑπὸ</strong></span> 
     </span>
    </p>
   </div>
   <div class='ocr_carea' id='block_1_48' title="bbox 1067 263 1869 301">
    <p class='ocr_par' dir='ltr' id='par_1_48' title="bbox 1067 263 1869 301">
     <span class='ocr_line' id='line_1_48' title="bbox 1067 263 1869 301; baseline 0.004 -12"><span class='ocrx_word' id='word_1_357' title='bbox 1067 263 1201 298; x_wconf 80' lang='grc' dir='ltr'>γενέσεως</span> <span class='ocrx_word' id='word_1_358' title='bbox 1215 263 1281 301; x_wconf 71' lang='grc' dir='ltr'>καθ’</span> <span class='ocrx_word' id='word_1_359' title='bbox 1297 264 1369 300; x_wconf 80' lang='grc' dir='ltr'>ὑμᾶς</span> <span class='ocrx_word' id='word_1_360' title='bbox 1384 263 1561 299; x_wconf 72' lang='grc' dir='ltr'>ἠναγκάσθην</span> <span class='ocrx_word' id='word_1_361' title='bbox 1576 263 1694 299; x_wconf 83' lang='grc' dir='ltr'><strong>γράφειν</strong></span> <span class='ocrx_word' id='word_1_362' title='bbox 1714 264 1778 296; x_wconf 80' lang='grc' dir='ltr'>τοὺς</span> <span class='ocrx_word' id='word_1_363' title='bbox 1798 265 1869 292; x_wconf 74' lang='grc' dir='ltr'>κατ’</span> 
     </span>
    </p>
   </div>
   <div class='ocr_carea' id='block_1_49' title="bbox 1066 308 1871 346">
    <p class='ocr_par' dir='ltr' id='par_1_49' title="bbox 1066 308 1871 346">
     <span class='ocr_line' id='line_1_49' title="bbox 1066 308 1871 346; baseline 0.001 -10"><span class='ocrx_word' id='word_1_364' title='bbox 1066 309 1152 344; x_wconf 80' lang='grc' dir='ltr'>αὐτῆς</span> <span class='ocrx_word' id='word_1_365' title='bbox 1160 309 1183 325; x_wconf 70' lang='grc'><strong>’⁵</strong></span> <span class='ocrx_word' id='word_1_366' title='bbox 1198 309 1345 346; x_wconf 70' lang='grc' dir='ltr'>ιλὲγχους,</span> <span class='ocrx_word' id='word_1_367' title='bbox 1362 309 1433 337; x_wconf 80' lang='grc' dir='ltr'>ὥστε</span> <span class='ocrx_word' id='word_1_368' title='bbox 1456 309 1503 336; x_wconf 76' lang='grc' dir='ltr'><strong>καὶ</strong></span> <span class='ocrx_word' id='word_1_369' title='bbox 1518 308 1605 341; x_wconf 71' lang='grc' dir='ltr'>οὕτως</span> <span class='ocrx_word' id='word_1_370' title='bbox 1627 309 1698 345; x_wconf 83' lang='grc' dir='ltr'>αὐτὴ</span> <span class='ocrx_word' id='word_1_371' title='bbox 1722 310 1784 337; x_wconf 84' lang='grc' dir='ltr'>καθ’</span> <span class='ocrx_word' id='word_1_372' title='bbox 1797 311 1871 337; x_wconf 75' lang='grc' dir='ltr'>ἑαυ-</span> 
     </span>
    </p>
   </div>
   <div class='ocr_carea' id='block_1_50' title="bbox 1066 353 1870 390">
    <p class='ocr_par' dir='ltr' id='par_1_50' title="bbox 1066 353 1870 390">
     <span class='ocr_line' id='line_1_50' title="bbox 1066 353 1870 390; baseline 0 -8"><span class='ocrx_word' id='word_1_373' title='bbox 1066 354 1118 389; x_wconf 81' lang='grc' dir='ltr'>τῆς</span> <span class='ocrx_word' id='word_1_374' title='bbox 1126 354 1149 370; x_wconf 87' lang='lat'><strong>&quot;</strong></span> <span class='ocrx_word' id='word_1_375' title='bbox 1163 353 1246 382; x_wconf 81' lang='grc' dir='ltr'>πλέον</span> <span class='ocrx_word' id='word_1_376' title='bbox 1261 355 1317 382; x_wconf 85' lang='grc' dir='ltr'><strong>τῶν</strong></span> <span class='ocrx_word' id='word_1_377' title='bbox 1331 354 1431 388; x_wconf 75' lang='grc' dir='ltr'>ἔξωθεν</span> <span class='ocrx_word' id='word_1_378' title='bbox 1455 354 1525 390; x_wconf 82' lang='grc' dir='ltr'>αὐτῇ</span> <span class='ocrx_word' id='word_1_379' title='bbox 1540 354 1703 390; x_wconf 81' lang='grc' dir='ltr'><strong>μαχομένων</strong></span> <span class='ocrx_word' id='word_1_380' title='bbox 1714 355 1870 382; x_wconf 73' lang='grc' dir='ltr'>ἐπανιστα-</span> 
     </span>
    </p>
   </div>
   <div class='ocr_carea' id='block_1_51' title="bbox 1065 409 1121 428">
    <p class='ocr_par' dir='ltr' id='par_1_51' title="bbox 1065 409 1121 428">
     <span class='ocr_line' id='line_1_51' title="bbox 1065 409 1121 428; baseline 0 0"><span class='ocrx_word' id='word_1_381' title='bbox 1065 409 1121 428; x_wconf 80' lang='grc' dir='ltr'>ται.</span> 
     </span>
    </p>
   </div>
   <div class='ocr_carea' id='block_1_52' title="bbox 1101 445 1870 482">
    <p class='ocr_par' dir='ltr' id='par_1_52' title="bbox 1101 445 1870 482">
     <span class='ocr_line' id='line_1_52' title="bbox 1101 445 1870 482; baseline -0.001 -8"><span class='ocrx_word' id='word_1_382' title='bbox 1101 447 1134 474; x_wconf 85' lang='grc' dir='ltr'>Τί</span> <span class='ocrx_word' id='word_1_383' title='bbox 1156 446 1187 478; x_wconf 73' lang='grc' dir='ltr'>δὲ</span> <span class='ocrx_word' id='word_1_384' title='bbox 1209 447 1257 474; x_wconf 78' lang='grc' dir='ltr'><strong>καὶ</strong></span> <span class='ocrx_word' id='word_1_385' title='bbox 1277 446 1373 481; x_wconf 75' lang='grc' dir='ltr'>δφιλος</span> <span class='ocrx_word' id='word_1_386' title='bbox 1388 446 1419 473; x_wconf 82' lang='grc' dir='ltr'>τὸ</span> <span class='ocrx_word' id='word_1_387' title='bbox 1434 445 1581 482; x_wconf 79' lang='grc' dir='ltr'><strong>μανθάνειν</strong></span> <span class='ocrx_word' id='word_1_388' title='bbox 1600 446 1635 474; x_wconf 77' lang='grc' dir='ltr'>τὰ</span> <span class='ocrx_word' id='word_1_389' title='bbox 1649 446 1703 473; x_wconf 75' lang='grc' dir='ltr'>ἀπὸ</span> <span class='ocrx_word' id='word_1_390' title='bbox 1723 447 1870 480; x_wconf 80' lang='grc' dir='ltr'>γενέσεως</span> 
     </span>
    </p>
   </div>
   <div class='ocr_carea' id='block_1_53' title="bbox 1066 492 1868 529">
    <p class='ocr_par' dir='ltr' id='par_1_53' title="bbox 1066 492 1868 529">
     <span class='ocr_line' id='line_1_53' title="bbox 1066 492 1868 529; baseline 0.001 -10"><span class='ocrx_word' id='word_1_391' title='bbox 1066 493 1296 529; x_wconf 73' lang='grc' dir='ltr'>προσδοκώμενας</span> <span class='ocrx_word' id='word_1_392' title='bbox 1314 493 1346 521; x_wconf 75' lang='lat' dir='ltr'><strong>El</strong></span> <span class='ocrx_word' id='word_1_393' title='bbox 1363 492 1413 528; x_wconf 84' lang='grc' dir='ltr'>μὲν</span> <span class='ocrx_word' id='word_1_394' title='bbox 1424 493 1479 528; x_wconf 85' lang='grc' dir='ltr'><strong>γὰρ</strong></span> <span class='ocrx_word' id='word_1_395' title='bbox 1494 492 1551 520; x_wconf 78' lang='grc' dir='ltr'>ἔστι</span> <span class='ocrx_word' id='word_1_396' title='bbox 1571 493 1668 527; x_wconf 80' lang='grc' dir='ltr'>φυγεῖν</span> <span class='ocrx_word' id='word_1_397' title='bbox 1680 494 1743 525; x_wconf 84' lang='grc' dir='ltr'>τοὺς</span> <span class='ocrx_word' id='word_1_398' title='bbox 1758 493 1868 528; x_wconf 78' lang='grc' dir='ltr'>μαθόν-</span> 
     </span>
    </p>
   </div>
   <div class='ocr_carea' id='block_1_54' title="bbox 1065 538 1868 575">
    <p class='ocr_par' dir='ltr' id='par_1_54' title="bbox 1065 538 1868 575">
     <span class='ocr_line' id='line_1_54' title="bbox 1065 538 1868 575; baseline -0.002 -9"><span class='ocrx_word' id='word_1_399' title='bbox 1065 548 1116 571; x_wconf 87' lang='grc' dir='ltr'><strong>τας</strong></span> <span class='ocrx_word' id='word_1_400' title='bbox 1130 540 1148 567; x_wconf 77' lang='grc' dir='ltr'><strong>θ.</strong></span> <span class='ocrx_word' id='word_1_401' title='bbox 1161 539 1301 567; x_wconf 79' lang='grc' dir='ltr'>ἐπέκλωσε</span> <span class='ocrx_word' id='word_1_402' title='bbox 1310 558 1319 571; x_wconf 86' lang='lat'><strong>,</strong></span> <span class='ocrx_word' id='word_1_403' title='bbox 1335 539 1418 575; x_wconf 85' lang='grc' dir='ltr'>λῆρος</span> <span class='ocrx_word' id='word_1_404' title='bbox 1431 539 1448 574; x_wconf 79' lang='grc' dir='ltr'><strong>ἡ</strong></span> <span class='ocrx_word' id='word_1_405' title='bbox 1461 539 1616 575; x_wconf 68' lang='grc' dir='ltr'>πρόρρησις</span> <span class='ocrx_word' id='word_1_406' title='bbox 1625 546 1632 554; x_wconf 90' lang='grc'><strong>·</strong></span> <span class='ocrx_word' id='word_1_407' title='bbox 1648 539 1745 575; x_wconf 81' lang='grc' dir='ltr'>κρατεῖ</span> <span class='ocrx_word' id='word_1_408' title='bbox 1759 539 1817 574; x_wconf 81' lang='grc' dir='ltr'><strong>γὰρ</strong></span> <span class='ocrx_word' id='word_1_409' title='bbox 1833 538 1868 565; x_wconf 78' lang='grc' dir='ltr'>τὸ</span> 
     </span>
    </p>
   </div>
   <div class='ocr_carea' id='block_1_55' title="bbox 1066 584 1867 622">
    <p class='ocr_par' dir='ltr' id='par_1_55' title="bbox 1066 584 1867 622">
     <span class='ocr_line' id='line_1_55' title="bbox 1066 584 1867 622; baseline -0.004 -9"><span class='ocrx_word' id='word_1_410' title='bbox 1066 586 1109 621; x_wconf 76' lang='grc' dir='ltr'><strong>ἐφ’</strong></span> <span class='ocrx_word' id='word_1_411' title='bbox 1120 587 1187 622; x_wconf 80' lang='grc' dir='ltr'>ἡμῖν</span> <span class='ocrx_word' id='word_1_412' title='bbox 1199 585 1249 621; x_wconf 86' lang='grc' dir='ltr'>τῆς</span> <span class='ocrx_word' id='word_1_413' title='bbox 1265 585 1410 620; x_wconf 80' lang='grc' dir='ltr'>γενέσεως.</span> <span class='ocrx_word' id='word_1_414' title='bbox 1426 585 1552 612; x_wconf 83' lang='grc' dir='ltr'><strong>Μάλιστα</strong></span> <span class='ocrx_word' id='word_1_415' title='bbox 1566 584 1596 611; x_wconf 79' lang='grc' dir='ltr'>δὲ</span> <span class='ocrx_word' id='word_1_416' title='bbox 1616 586 1672 616; x_wconf 82' lang='grc' dir='ltr'>τοῖς</span> <span class='ocrx_word' id='word_1_417' title='bbox 1693 585 1742 620; x_wconf 80' lang='grc' dir='ltr'>τῆς</span> <span class='ocrx_word' id='word_1_418' title='bbox 1757 585 1867 620; x_wconf 72' lang='grc' dir='ltr'>εἱμαρ-</span> 
     </span>
    </p>
   </div>
   <div class='ocr_carea' id='block_1_56' title="bbox 1067 629 1868 667">
    <p class='ocr_par' dir='ltr' id='par_1_56' title="bbox 1067 629 1868 667">
     <span class='ocr_line' id='line_1_56' title="bbox 1067 629 1868 667; baseline -0.004 -9"><span class='ocrx_word' id='word_1_419' title='bbox 1067 631 1152 667; x_wconf 80' lang='grc' dir='ltr'><strong>μένης</strong></span> <span class='ocrx_word' id='word_1_420' title='bbox 1176 630 1342 665; x_wconf 77' lang='grc' dir='ltr'>ὲπιστήμοσι</span> <span class='ocrx_word' id='word_1_421' title='bbox 1367 629 1398 656; x_wconf 83' lang='grc' dir='ltr'><strong>τὸ</strong></span> <span class='ocrx_word' id='word_1_422' title='bbox 1422 629 1497 656; x_wconf 86' lang='grc' dir='ltr'>λύειν</span> <span class='ocrx_word' id='word_1_423' title='bbox 1512 629 1598 664; x_wconf 82' lang='grc' dir='ltr'>αὐτῆς</span> <span class='ocrx_word' id='word_1_424' title='bbox 1614 629 1660 656; x_wconf 80' lang='grc' dir='ltr'>τὸν</span> <span class='ocrx_word' id='word_1_425' title='bbox 1676 629 1772 665; x_wconf 80' lang='grc' dir='ltr'><strong>εἱρμὸν</strong></span> <span class='ocrx_word' id='word_1_426' title='bbox 1791 638 1868 664; x_wconf 66' lang='grc' dir='ltr'>συμμ-</span> 
     </span>
    </p>
   </div>
   <div class='ocr_carea' id='block_1_57' title="bbox 1065 674 1868 713">
    <p class='ocr_par' dir='ltr' id='par_1_57' title="bbox 1065 674 1868 713">
     <span class='ocr_line' id='line_1_57' title="bbox 1065 674 1868 713; baseline -0.004 -8"><span class='ocrx_word' id='word_1_427' title='bbox 1065 678 1195 712; x_wconf 82' lang='grc' dir='ltr'>6ήσεται·</span> <span class='ocrx_word' id='word_1_428' title='bbox 1211 674 1284 704; x_wconf 69' lang='grc' dir='ltr'>οὗτοι</span> <span class='ocrx_word' id='word_1_429' title='bbox 1299 675 1353 713; x_wconf 84' lang='grc' dir='ltr'><strong>γὰρ</strong></span> <span class='ocrx_word' id='word_1_430' title='bbox 1369 675 1424 702; x_wconf 81' lang='grc' dir='ltr'>τῶν</span> <span class='ocrx_word' id='word_1_431' title='bbox 1437 675 1526 702; x_wconf 79' lang='grc' dir='ltr'>ἄλλων</span> <span class='ocrx_word' id='word_1_432' title='bbox 1541 675 1641 710; x_wconf 79' lang='grc' dir='ltr'>μᾶλλον</span> <span class='ocrx_word' id='word_1_433' title='bbox 1659 675 1694 702; x_wconf 79' lang='grc' dir='ltr'>τὰ</span> <span class='ocrx_word' id='word_1_434' title='bbox 1712 675 1766 702; x_wconf 74' lang='grc' dir='ltr'><strong>ἀπὸ</strong></span> <span class='ocrx_word' id='word_1_435' title='bbox 1774 675 1798 691; x_wconf 81' lang='grc'><strong>⁷⁸</strong></span> <span class='ocrx_word' id='word_1_436' title='bbox 1814 683 1868 710; x_wconf 79' lang='grc' dir='ltr'>γε·</span> 
     </span>
    </p>
   </div>
   <div class='ocr_carea' id='block_1_58' title="bbox 1065 720 1867 757">
    <p class='ocr_par' dir='ltr' id='par_1_58' title="bbox 1065 720 1867 757">
     <span class='ocr_line' id='line_1_58' title="bbox 1065 720 1867 757; baseline -0.006 -6"><span class='ocrx_word' id='word_1_437' title='bbox 1065 724 1168 754; x_wconf 81' lang='grc' dir='ltr'>νέσεως</span> <span class='ocrx_word' id='word_1_438' title='bbox 1184 722 1276 754; x_wconf 85' lang='grc' dir='ltr'>αὐτοῖς</span> <span class='ocrx_word' id='word_1_439' title='bbox 1291 721 1480 757; x_wconf 73' lang='grc' dir='ltr'>ἑπιστάμενοι,</span> <span class='ocrx_word' id='word_1_440' title='bbox 1495 721 1574 748; x_wconf 79' lang='grc' dir='ltr'>οὐδὲν</span> <span class='ocrx_word' id='word_1_441' title='bbox 1599 720 1654 748; x_wconf 85' lang='grc' dir='ltr'><strong>τῶν</strong></span> <span class='ocrx_word' id='word_1_442' title='bbox 1677 720 1732 747; x_wconf 78' lang='grc' dir='ltr'><strong>ἀπὸ</strong></span> <span class='ocrx_word' id='word_1_443' title='bbox 1753 720 1867 755; x_wconf 77' lang='grc' dir='ltr'><strong>ταύτης</strong></span> 
     </span>
    </p>
   </div>
   <div class='ocr_carea' id='block_1_59' title="bbox 1065 768 1864 804">
    <p class='ocr_par' dir='ltr' id='par_1_59' title="bbox 1065 768 1864 804">
     <span class='ocr_line' id='line_1_59' title="bbox 1065 768 1864 804; baseline -0.005 -7"><span class='ocrx_word' id='word_1_444' title='bbox 1065 771 1158 802; x_wconf 80' lang='grc' dir='ltr'>αὐτοῖς</span> <span class='ocrx_word' id='word_1_445' title='bbox 1180 769 1386 804; x_wconf 78' lang='grc' dir='ltr'><strong>ἀπειλουμένων</strong></span> <span class='ocrx_word' id='word_1_446' title='bbox 1414 769 1565 804; x_wconf 84' lang='grc' dir='ltr'>συμπεσεῖν</span> <span class='ocrx_word' id='word_1_447' title='bbox 1594 768 1864 803; x_wconf 80' lang='grc' dir='ltr'><strong>παραχωρήσουσιν.</strong></span> 
     </span>
    </p>
   </div>
   <div class='ocr_carea' id='block_1_60' title="bbox 1065 812 1866 848">
    <p class='ocr_par' dir='ltr' id='par_1_60' title="bbox 1065 812 1866 848">
     <span class='ocr_line' id='line_1_60' title="bbox 1065 812 1866 848; baseline -0.004 -5"><span class='ocrx_word' id='word_1_448' title='bbox 1065 815 1142 847; x_wconf 79' lang='grc' dir='ltr'>Εἶτα,</span> <span class='ocrx_word' id='word_1_449' title='bbox 1165 816 1236 842; x_wconf 88' lang='grc' dir='ltr'>’Λλλ’</span> <span class='ocrx_word' id='word_1_450' title='bbox 1250 815 1300 842; x_wconf 85' lang='grc' dir='ltr'>οὐκ</span> <span class='ocrx_word' id='word_1_451' title='bbox 1315 814 1404 847; x_wconf 79' lang='grc' dir='ltr'>ἐκτὸς,</span> <span class='ocrx_word' id='word_1_452' title='bbox 1420 813 1498 848; x_wconf 76' lang='grc' dir='ltr'>φασὶ,</span> <span class='ocrx_word' id='word_1_453' title='bbox 1512 813 1645 848; x_wconf 77' lang='grc' dir='ltr'>γενέσεως</span> <span class='ocrx_word' id='word_1_454' title='bbox 1662 813 1692 840; x_wconf 82' lang='grc' dir='ltr'><strong>τὺ</strong></span> <span class='ocrx_word' id='word_1_455' title='bbox 1705 812 1866 848; x_wconf 77' lang='grc' dir='ltr'>μανθάνον-</span> 
     </span>
    </p>
   </div>
   <div class='ocr_carea' id='block_1_61' title="bbox 1064 860 1866 896">
    <p class='ocr_par' dir='ltr' id='par_1_61' title="bbox 1064 860 1866 896">
     <span class='ocr_line' id='line_1_61' title="bbox 1064 860 1866 896; baseline -0.006 -5"><span class='ocrx_word' id='word_1_456' title='bbox 1064 863 1145 895; x_wconf 87' lang='grc' dir='ltr'>τας⁷⁷</span> <span class='ocrx_word' id='word_1_457' title='bbox 1160 861 1388 890; x_wconf 75' lang='grc' dir='ltr'>ἀπαλλάττεσθαι,</span> <span class='ocrx_word' id='word_1_458' title='bbox 1403 860 1508 888; x_wconf 74' lang='grc' dir='ltr'>Οὐκοῦν</span> <span class='ocrx_word' id='word_1_459' title='bbox 1522 861 1538 896; x_wconf 84' lang='grc' dir='ltr'>ὴ</span> <span class='ocrx_word' id='word_1_460' title='bbox 1554 860 1660 895; x_wconf 82' lang='grc' dir='ltr'>γένεσις</span> <span class='ocrx_word' id='word_1_461' title='bbox 1676 860 1716 892; x_wconf 83' lang='grc' dir='ltr'>εἰς</span> <span class='ocrx_word' id='word_1_462' title='bbox 1732 860 1766 887; x_wconf 81' lang='grc' dir='ltr'><strong>τά</strong></span> <span class='ocrx_word' id='word_1_463' title='bbox 1780 860 1866 887; x_wconf 82' lang='grc' dir='ltr'>ἀντι-</span> 
     </span>
    </p>
   </div>
   <div class='ocr_carea' id='block_1_62' title="bbox 1063 906 1866 945">
    <p class='ocr_par' dir='ltr' id='par_1_62' title="bbox 1063 906 1866 945">
     <span class='ocr_line' id='line_1_62' title="bbox 1063 906 1866 945; baseline -0.005 -8"><span class='ocrx_word' id='word_1_464' title='bbox 1063 910 1176 945; x_wconf 85' lang='grc' dir='ltr'>κείμενα</span> <span class='ocrx_word' id='word_1_465' title='bbox 1190 909 1328 945; x_wconf 81' lang='grc' dir='ltr'>τέμνεται,</span> <span class='ocrx_word' id='word_1_466' title='bbox 1346 910 1393 935; x_wconf 70' lang='lat' dir='ltr'><strong>atat</strong></span> <span class='ocrx_word' id='word_1_467' title='bbox 1414 907 1445 935; x_wconf 87' lang='grc' dir='ltr'><strong>τδ</strong></span> <span class='ocrx_word' id='word_1_468' title='bbox 1462 908 1511 943; x_wconf 68' lang='grc' dir='ltr'>μὲν</span> <span class='ocrx_word' id='word_1_469' title='bbox 1527 906 1613 941; x_wconf 79' lang='grc' dir='ltr'>αὐτῆς</span> <span class='ocrx_word' id='word_1_470' title='bbox 1626 907 1763 942; x_wconf 75' lang='grc' dir='ltr'><strong>προλέγει,</strong></span> <span class='ocrx_word' id='word_1_471' title='bbox 1782 906 1816 934; x_wconf 81' lang='grc' dir='ltr'>τὸ</span> <span class='ocrx_word' id='word_1_472' title='bbox 1831 906 1866 933; x_wconf 81' lang='grc' dir='ltr'>δὲ</span> 
     </span>
    </p>
   </div>
   <div class='ocr_carea' id='block_1_63' title="bbox 1061 949 1865 991">
    <p class='ocr_par' dir='ltr' id='par_1_63' title="bbox 1061 949 1865 991">
     <span class='ocr_line' id='line_1_63' title="bbox 1061 949 1865 991; baseline -0.006 -8"><span class='ocrx_word' id='word_1_473' title='bbox 1061 955 1205 991; x_wconf 78' lang='grc' dir='ltr'>καταγελᾷ</span> <span class='ocrx_word' id='word_1_474' title='bbox 1227 955 1278 989; x_wconf 83' lang='grc' dir='ltr'>τῆς</span> <span class='ocrx_word' id='word_1_475' title='bbox 1299 954 1497 990; x_wconf 78' lang='grc' dir='ltr'>προρῤήσεως·</span> <span class='ocrx_word' id='word_1_476' title='bbox 1520 949 1551 980; x_wconf 76' lang='grc' dir='ltr'>οὗ</span> <span class='ocrx_word' id='word_1_477' title='bbox 1565 952 1592 979; x_wconf 87' lang='grc' dir='ltr'><strong>τί</strong></span> <span class='ocrx_word' id='word_1_478' title='bbox 1609 952 1642 979; x_wconf 79' lang='grc' dir='ltr'>ἂν</span> <span class='ocrx_word' id='word_1_479' title='bbox 1657 953 1699 987; x_wconf 87' lang='grc' dir='ltr'>εῐη</span> <span class='ocrx_word' id='word_1_480' title='bbox 1718 953 1865 987; x_wconf 80' lang='grc' dir='ltr'>γελοιότε-</span> 
     </span>
    </p>
   </div>
   <div class='ocr_carea' id='block_1_64' title="bbox 1064 998 1863 1039">
    <p class='ocr_par' dir='ltr' id='par_1_64' title="bbox 1064 998 1863 1039">
     <span class='ocr_line' id='line_1_64' title="bbox 1064 998 1863 1039; baseline -0.005 -9"><span class='ocrx_word' id='word_1_481' title='bbox 1064 1011 1110 1039; x_wconf 87' lang='grc' dir='ltr'><strong>ρον</strong></span> <span class='ocrx_word' id='word_1_482' title='bbox 1120 1010 1127 1035; x_wconf 90' lang='grc'><strong>;</strong></span> <span class='ocrx_word' id='word_1_483' title='bbox 1142 1001 1231 1036; x_wconf 79' lang='grc' dir='ltr'>Πολλὴ</span> <span class='ocrx_word' id='word_1_484' title='bbox 1245 1001 1274 1028; x_wconf 71' lang='grc' dir='ltr'>δὲ</span> <span class='ocrx_word' id='word_1_485' title='bbox 1284 1000 1365 1028; x_wconf 85' lang='grc' dir='ltr'>πάλιν</span> <span class='ocrx_word' id='word_1_486' title='bbox 1380 1000 1428 1027; x_wconf 78' lang='grc' dir='ltr'><strong>καὶ</strong></span> <span class='ocrx_word' id='word_1_487' title='bbox 1437 999 1526 1031; x_wconf 76' lang='grc' dir='ltr'>ἄλλως</span> <span class='ocrx_word' id='word_1_488' title='bbox 1538 999 1630 1026; x_wconf 75' lang='grc' dir='ltr'>ἀδικία</span> <span class='ocrx_word' id='word_1_489' title='bbox 1641 999 1688 1025; x_wconf 78' lang='grc' dir='ltr'>καὶ</span> <span class='ocrx_word' id='word_1_490' title='bbox 1699 998 1863 1034; x_wconf 81' lang='grc' dir='ltr'>ἀνωμαλία.</span> 
     </span>
    </p>
   </div>
   <div class='ocr_carea' id='block_1_65' title="bbox 1062 1045 1865 1082">
    <p class='ocr_par' dir='ltr' id='par_1_65' title="bbox 1062 1045 1865 1082">
     <span class='ocr_line' id='line_1_65' title="bbox 1062 1045 1865 1082; baseline -0.005 -7"><span class='ocrx_word' id='word_1_491' title='bbox 1062 1049 1113 1076; x_wconf 78' lang='grc' dir='ltr'>Διὰ</span> <span class='ocrx_word' id='word_1_492' title='bbox 1129 1047 1155 1075; x_wconf 89' lang='grc' dir='ltr'>τι</span> <span class='ocrx_word' id='word_1_493' title='bbox 1171 1047 1225 1082; x_wconf 80' lang='grc' dir='ltr'><strong>γὰρ</strong></span> <span class='ocrx_word' id='word_1_494' title='bbox 1242 1046 1279 1082; x_wconf 85' lang='grc' dir='ltr'>μὴ</span> <span class='ocrx_word' id='word_1_495' title='bbox 1294 1046 1399 1076; x_wconf 78' lang='grc' dir='ltr'>πάντας</span> <span class='ocrx_word' id='word_1_496' title='bbox 1414 1045 1512 1072; x_wconf 70' lang='grc' dir='ltr'>ἔπεισε·</span> <span class='ocrx_word' id='word_1_497' title='bbox 1521 1045 1678 1080; x_wconf 83' lang='grc' dir='ltr'>μανθάνειν,</span> <span class='ocrx_word' id='word_1_498' title='bbox 1693 1045 1738 1072; x_wconf 85' lang='grc' dir='ltr'>ῐνα</span> <span class='ocrx_word' id='word_1_499' title='bbox 1752 1045 1865 1077; x_wconf 84' lang='grc' dir='ltr'>πάντες</span> 
     </span>
    </p>
   </div>
   <div class='ocr_carea' id='block_1_66' title="bbox 1062 1090 1864 1128">
    <p class='ocr_par' dir='ltr' id='par_1_66' title="bbox 1062 1090 1864 1128">
     <span class='ocr_line' id='line_1_66' title="bbox 1062 1090 1864 1128; baseline -0.004 -7"><span class='ocrx_word' id='word_1_500' title='bbox 1062 1095 1117 1122; x_wconf 86' lang='grc' dir='ltr'><strong>τῶν</strong></span> <span class='ocrx_word' id='word_1_501' title='bbox 1140 1093 1277 1121; x_wconf 84' lang='grc' dir='ltr'>τοσούτων</span> <span class='ocrx_word' id='word_1_502' title='bbox 1300 1091 1531 1124; x_wconf 79' lang='grc' dir='ltr'>ἁπαλλάττοιντο;</span> <span class='ocrx_word' id='word_1_503' title='bbox 1555 1090 1619 1128; x_wconf 82' lang='grc'><strong>[696</strong></span> <span class='ocrx_word' id='word_1_504' title='bbox 1633 1090 1679 1127; x_wconf 75' lang='lat' dir='ltr'><strong>IL]</strong></span> <span class='ocrx_word' id='word_1_505' title='bbox 1702 1091 1734 1118; x_wconf 68' lang='grc' dir='ltr'><strong>Εἰ</strong></span> <span class='ocrx_word' id='word_1_506' title='bbox 1755 1090 1786 1117; x_wconf 78' lang='grc' dir='ltr'>δὲ</span> <span class='ocrx_word' id='word_1_507' title='bbox 1809 1092 1864 1118; x_wconf 76' lang='grc' dir='ltr'><strong>καὶ</strong></span> 
     </span>
    </p>
   </div>
   <div class='ocr_carea' id='block_1_67' title="bbox 1065 1137 1865 1178">
    <p class='ocr_par' dir='ltr' id='par_1_67' title="bbox 1065 1137 1865 1178">
     <span class='ocr_line' id='line_1_67' title="bbox 1065 1137 1865 1178; baseline -0.006 -10"><span class='ocrx_word' id='word_1_508' title='bbox 1065 1141 1185 1178; x_wconf 79' lang='grc' dir='ltr'>μαθόντα</span> <span class='ocrx_word' id='word_1_509' title='bbox 1202 1140 1240 1176; x_wconf 84' lang='grc' dir='ltr'>μὴ</span> <span class='ocrx_word' id='word_1_510' title='bbox 1256 1139 1369 1167; x_wconf 79' lang='grc' dir='ltr'>δυνατόν</span> <span class='ocrx_word' id='word_1_511' title='bbox 1385 1140 1444 1166; x_wconf 74' lang='grc' dir='ltr'>ἐστι</span> <span class='ocrx_word' id='word_1_512' title='bbox 1458 1140 1564 1173; x_wconf 84' lang='grc' dir='ltr'>φυγεῖν,</span> <span class='ocrx_word' id='word_1_513' title='bbox 1585 1138 1612 1164; x_wconf 84' lang='grc' dir='ltr'><strong>τί</strong></span> <span class='ocrx_word' id='word_1_514' title='bbox 1635 1138 1689 1174; x_wconf 86' lang='grc' dir='ltr'>χρὴ</span> <span class='ocrx_word' id='word_1_515' title='bbox 1707 1137 1865 1173; x_wconf 77' lang='grc' dir='ltr'>μανθάνειν</span> 
     </span>
    </p>
   </div>
   <div class='ocr_carea' id='block_1_68' title="bbox 1065 1183 1864 1223">
    <p class='ocr_par' dir='ltr' id='par_1_68' title="bbox 1065 1183 1864 1223">
     <span class='ocr_line' id='line_1_68' title="bbox 1065 1183 1864 1223; baseline -0.006 -9"><span class='ocrx_word' id='word_1_516' title='bbox 1065 1188 1154 1223; x_wconf 83' lang='grc' dir='ltr'>μάτην</span> <span class='ocrx_word' id='word_1_517' title='bbox 1180 1187 1228 1213; x_wconf 77' lang='grc' dir='ltr'>καὶ</span> <span class='ocrx_word' id='word_1_518' title='bbox 1251 1187 1312 1218; x_wconf 80' lang='grc' dir='ltr'>ταῖς</span> <span class='ocrx_word' id='word_1_519' title='bbox 1327 1185 1452 1221; x_wconf 80' lang='grc' dir='ltr'>φροντίσι</span> <span class='ocrx_word' id='word_1_520' title='bbox 1469 1184 1694 1220; x_wconf 81' lang='grc' dir='ltr'>προδαπανᾶσθαι</span> <span class='ocrx_word' id='word_1_521' title='bbox 1707 1184 1753 1210; x_wconf 78' lang='grc' dir='ltr'><strong>καὶ</strong></span> <span class='ocrx_word' id='word_1_522' title='bbox 1766 1183 1864 1219; x_wconf 74' lang='grc' dir='ltr'>πλήτο</span> 
     </span>
    </p>
   </div>
   <div class='ocr_carea' id='block_1_69' title="bbox 1063 1229 1864 1268">
    <p class='ocr_par' dir='ltr' id='par_1_69' title="bbox 1063 1229 1864 1268">
     <span class='ocr_line' id='line_1_69' title="bbox 1063 1229 1864 1268; baseline -0.005 -8"><span class='ocrx_word' id='word_1_523' title='bbox 1063 1233 1157 1260; x_wconf 85' lang='grc' dir='ltr'>τεσθαι</span> <span class='ocrx_word' id='word_1_524' title='bbox 1172 1232 1225 1267; x_wconf 73' lang='grc' dir='ltr'>πρὸ</span> <span class='ocrx_word' id='word_1_525' title='bbox 1245 1233 1294 1268; x_wconf 79' lang='grc' dir='ltr'>τῆς</span> <span class='ocrx_word' id='word_1_526' title='bbox 1310 1231 1418 1266; x_wconf 83' lang='grc' dir='ltr'>πληγῆς</span> <span class='ocrx_word' id='word_1_527' title='bbox 1435 1233 1483 1258; x_wconf 81' lang='grc' dir='ltr'>καὶ</span> <span class='ocrx_word' id='word_1_528' title='bbox 1500 1230 1555 1267; x_wconf 83' lang='grc' dir='ltr'>πρὸ</span> <span class='ocrx_word' id='word_1_529' title='bbox 1571 1230 1618 1257; x_wconf 83' lang='grc' dir='ltr'>τοῦ</span> <span class='ocrx_word' id='word_1_530' title='bbox 1632 1229 1749 1258; x_wconf 82' lang='grc' dir='ltr'>θανάτου</span> <span class='ocrx_word' id='word_1_531' title='bbox 1761 1231 1864 1266; x_wconf 85' lang='grc' dir='ltr'>χεῖρον</span> 
     </span>
    </p>
   </div>
   <div class='ocr_carea' id='block_1_70' title="bbox 1063 1276 1481 1310">
    <p class='ocr_par' dir='ltr' id='par_1_70' title="bbox 1063 1276 1481 1310">
     <span class='ocr_line' id='line_1_70' title="bbox 1063 1276 1481 1310; baseline -0.007 -4"><span class='ocrx_word' id='word_1_532' title='bbox 1063 1279 1118 1306; x_wconf 71' lang='grc' dir='ltr'>τῶν</span> <span class='ocrx_word' id='word_1_533' title='bbox 1130 1277 1286 1305; x_wconf 78' lang='grc' dir='ltr'>τεθνεώτων</span> <span class='ocrx_word' id='word_1_534' title='bbox 1300 1276 1481 1310; x_wconf 77' lang='grc' dir='ltr'>κολάζεσθαι;</span> 
     </span>
    </p>
   </div>
   <div class='ocr_carea' id='block_1_71' title="bbox 1099 1365 1865 1401">
    <p class='ocr_par' dir='ltr' id='par_1_71' title="bbox 1099 1365 1865 1401">
     <span class='ocr_line' id='line_1_71' title="bbox 1099 1365 1865 1401; baseline -0.005 -6"><span class='ocrx_word' id='word_1_535' title='bbox 1099 1367 1205 1395; x_wconf 79' lang='grc' dir='ltr'>Ἐκεῖνο</span> <span class='ocrx_word' id='word_1_536' title='bbox 1217 1367 1246 1394; x_wconf 75' lang='grc' dir='ltr'>δὲ</span> <span class='ocrx_word' id='word_1_537' title='bbox 1259 1368 1327 1395; x_wconf 79' lang='grc' dir='ltr'>πᾶσι</span> <span class='ocrx_word' id='word_1_538' title='bbox 1347 1367 1514 1401; x_wconf 80' lang='grc' dir='ltr'>καταφανὲς,</span> <span class='ocrx_word' id='word_1_539' title='bbox 1540 1367 1578 1398; x_wconf 81' lang='grc' dir='ltr'>ὡς</span> <span class='ocrx_word' id='word_1_540' title='bbox 1592 1367 1606 1393; x_wconf 85' lang='grc' dir='ltr'><strong><em>ὁ</em></strong></span> <span class='ocrx_word' id='word_1_541' title='bbox 1620 1365 1670 1401; x_wconf 83' lang='grc' dir='ltr'>τὴν</span> <span class='ocrx_word' id='word_1_542' title='bbox 1682 1365 1865 1401; x_wconf 77' lang='grc' dir='ltr'>εἱμαρμένην</span> 
     </span>
    </p>
   </div>
   <div class='ocr_carea' id='block_1_72' title="bbox 1064 1412 1866 1448">
    <p class='ocr_par' dir='ltr' id='par_1_72' title="bbox 1064 1412 1866 1448">
     <span class='ocr_line' id='line_1_72' title="bbox 1064 1412 1866 1448; baseline -0.002 -7"><span class='ocrx_word' id='word_1_543' title='bbox 1064 1413 1181 1448; x_wconf 73' lang='grc' dir='ltr'>εἰσάγων</span> <span class='ocrx_word' id='word_1_544' title='bbox 1195 1413 1243 1440; x_wconf 78' lang='grc' dir='ltr'><strong>καὶ</strong></span> <span class='ocrx_word' id='word_1_545' title='bbox 1254 1413 1310 1439; x_wconf 85' lang='grc' dir='ltr'>τῶν</span> <span class='ocrx_word' id='word_1_546' title='bbox 1321 1412 1472 1439; x_wconf 74' lang='grc' dir='ltr'>σπουδαίων</span> <span class='ocrx_word' id='word_1_547' title='bbox 1482 1413 1640 1448; x_wconf 84' lang='grc' dir='ltr'>ἀφαιρεῖται</span> <span class='ocrx_word' id='word_1_548' title='bbox 1653 1412 1714 1444; x_wconf 74' lang='grc' dir='ltr'>τοὺς</span> <span class='ocrx_word' id='word_1_549' title='bbox 1724 1412 1866 1444; x_wconf 79' lang='grc' dir='ltr'>ἐπαίνους</span> 
     </span>
    </p>
   </div>
   <div class='ocr_carea' id='block_1_73' title="bbox 1064 1447 1866 1494">
    <p class='ocr_par' dir='ltr' id='par_1_73' title="bbox 1064 1447 1866 1494">
     <span class='ocr_line' id='line_1_73' title="bbox 1064 1447 1866 1494; baseline -0.002 -8"><span class='ocrx_word' id='word_1_550' title='bbox 1064 1447 1184 1491; x_wconf 74' lang='grc' dir='ltr'>καὶτοὺς</span> <span class='ocrx_word' id='word_1_551' title='bbox 1198 1458 1358 1494; x_wconf 80' lang='grc' dir='ltr'>στεφάνους,</span> <span class='ocrx_word' id='word_1_552' title='bbox 1374 1459 1421 1486; x_wconf 76' lang='grc' dir='ltr'>καὶ</span> <span class='ocrx_word' id='word_1_553' title='bbox 1434 1447 1490 1485; x_wconf 73' lang='grc' dir='ltr'>τῶν</span> <span class='ocrx_word' id='word_1_554' title='bbox 1503 1447 1664 1493; x_wconf 49' lang='grc' dir='ltr'>κακέούργων</span> <span class='ocrx_word' id='word_1_555' title='bbox 1681 1458 1775 1485; x_wconf 80' lang='grc' dir='ltr'>ἄδικον</span> <span class='ocrx_word' id='word_1_556' title='bbox 1789 1459 1866 1485; x_wconf 83' lang='grc' dir='ltr'>ἁνα-</span> 
     </span>
    </p>
   </div>
   <div class='ocr_carea' id='block_1_74' title="bbox 1063 1504 1867 1542">
    <p class='ocr_par' dir='ltr' id='par_1_74' title="bbox 1063 1504 1867 1542">
     <span class='ocr_line' id='line_1_74' title="bbox 1063 1504 1867 1542; baseline -0.001 -9"><span class='ocrx_word' id='word_1_557' title='bbox 1063 1506 1198 1542; x_wconf 82' lang='grc' dir='ltr'>κηρύσσει</span> <span class='ocrx_word' id='word_1_558' title='bbox 1214 1505 1262 1540; x_wconf 86' lang='grc' dir='ltr'>τὴν</span> <span class='ocrx_word' id='word_1_559' title='bbox 1279 1504 1374 1539; x_wconf 79' lang='grc' dir='ltr'>ποινὴν</span> <span class='ocrx_word' id='word_1_560' title='bbox 1390 1504 1499 1536; x_wconf 76' lang='grc' dir='ltr'>καὶτὰς</span> <span class='ocrx_word' id='word_1_561' title='bbox 1515 1504 1641 1536; x_wconf 82' lang='grc' dir='ltr'>εὐθύνας.</span> <span class='ocrx_word' id='word_1_562' title='bbox 1664 1504 1696 1531; x_wconf 87' lang='lat' dir='ltr'><strong>El</strong></span> <span class='ocrx_word' id='word_1_563' title='bbox 1709 1504 1764 1539; x_wconf 76' lang='grc' dir='ltr'>γὰρ</span> <span class='ocrx_word' id='word_1_564' title='bbox 1789 1505 1867 1532; x_wconf 78' lang='grc' dir='ltr'>ἑκά-</span> 
     </span>
    </p>
   </div>
   <div class='ocr_carea' id='block_1_75' title="bbox 1063 1548 1866 1587">
    <p class='ocr_par' dir='ltr' id='par_1_75' title="bbox 1063 1548 1866 1587">
     <span class='ocr_line' id='line_1_75' title="bbox 1063 1548 1866 1587; baseline 0.001 -9"><span class='ocrx_word' id='word_1_565' title='bbox 1063 1559 1143 1587; x_wconf 83' lang='grc' dir='ltr'>τερος</span> <span class='ocrx_word' id='word_1_566' title='bbox 1156 1551 1185 1584; x_wconf 73' lang='grc' dir='ltr'><strong>ἐξ</strong></span> <span class='ocrx_word' id='word_1_567' title='bbox 1202 1551 1326 1586; x_wconf 80' lang='grc' dir='ltr'>ἀνάγκης</span> <span class='ocrx_word' id='word_1_568' title='bbox 1340 1548 1423 1586; x_wconf 76' lang='grc' dir='ltr'>ἦλθεν</span> <span class='ocrx_word' id='word_1_569' title='bbox 1437 1551 1477 1582; x_wconf 75' lang='grc' dir='ltr'>εἰς</span> <span class='ocrx_word' id='word_1_570' title='bbox 1490 1550 1522 1577; x_wconf 84' lang='grc' dir='ltr'>τὸ</span> <span class='ocrx_word' id='word_1_571' title='bbox 1536 1550 1667 1586; x_wconf 83' lang='grc' dir='ltr'>πράττειν</span> <span class='ocrx_word' id='word_1_572' title='bbox 1688 1550 1707 1577; x_wconf 76' lang='grc' dir='ltr'><strong>ἃ.</strong></span> <span class='ocrx_word' id='word_1_573' title='bbox 1726 1551 1866 1587; x_wconf 74' lang='grc' dir='ltr'>πράττοι,</span> 
     </span>
    </p>
   </div>
   <div class='ocr_carea' id='block_1_76' title="bbox 1061 1596 1869 1634">
    <p class='ocr_par' dir='ltr' id='par_1_76' title="bbox 1061 1596 1869 1634">
     <span class='ocr_line' id='line_1_76' title="bbox 1061 1596 1869 1634; baseline 0.001 -9"><span class='ocrx_word' id='word_1_574' title='bbox 1061 1597 1124 1625; x_wconf 77' lang='grc' dir='ltr'>οὔτε</span> <span class='ocrx_word' id='word_1_575' title='bbox 1146 1598 1196 1634; x_wconf 81' lang='grc' dir='ltr'>τῆς</span> <span class='ocrx_word' id='word_1_576' title='bbox 1204 1599 1226 1615; x_wconf 86' lang='grc'><strong>⁷⁸</strong></span> <span class='ocrx_word' id='word_1_577' title='bbox 1239 1597 1420 1632; x_wconf 83' lang='grc' dir='ltr'>άγαθοεργίας</span> <span class='ocrx_word' id='word_1_578' title='bbox 1445 1597 1503 1624; x_wconf 75' lang='grc' dir='ltr'>ἐστὶ</span> <span class='ocrx_word' id='word_1_579' title='bbox 1518 1597 1612 1633; x_wconf 80' lang='grc' dir='ltr'>μισθὸς</span> <span class='ocrx_word' id='word_1_580' title='bbox 1627 1596 1689 1625; x_wconf 75' lang='grc' dir='ltr'>οὔτε</span> <span class='ocrx_word' id='word_1_581' title='bbox 1712 1598 1761 1633; x_wconf 83' lang='grc' dir='ltr'><strong>τῆς</strong></span> <span class='ocrx_word' id='word_1_582' title='bbox 1783 1607 1869 1626; x_wconf 82' lang='grc' dir='ltr'>κακ-</span> 
     </span>
    </p>
   </div>
   <div class='ocr_carea' id='block_1_77' title="bbox 1061 1643 1869 1680">
    <p class='ocr_par' dir='ltr' id='par_1_77' title="bbox 1061 1643 1869 1680">
     <span class='ocr_line' id='line_1_77' title="bbox 1061 1643 1869 1680; baseline 0.001 -9"><span class='ocrx_word' id='word_1_583' title='bbox 1061 1644 1175 1680; x_wconf 77' lang='grc' dir='ltr'>ουργίας</span> <span class='ocrx_word' id='word_1_584' title='bbox 1195 1644 1292 1678; x_wconf 79' lang='grc' dir='ltr'>ποινῆς</span> <span class='ocrx_word' id='word_1_585' title='bbox 1313 1643 1474 1680; x_wconf 78' lang='grc' dir='ltr'>εἰσπραξις’</span> <span class='ocrx_word' id='word_1_586' title='bbox 1505 1643 1520 1670; x_wconf 77' lang='grc' dir='ltr'><strong><em>ὃ</em></strong></span> <span class='ocrx_word' id='word_1_587' title='bbox 1535 1643 1594 1676; x_wconf 82' lang='grc' dir='ltr'><strong>πῶς</strong></span> <span class='ocrx_word' id='word_1_588' title='bbox 1611 1644 1660 1670; x_wconf 81' lang='grc' dir='ltr'>οὐκ</span> <span class='ocrx_word' id='word_1_589' title='bbox 1675 1644 1709 1671; x_wconf 77' lang='grc' dir='ltr'>ἂν</span> <span class='ocrx_word' id='word_1_590' title='bbox 1724 1644 1768 1679; x_wconf 72' lang='grc' dir='ltr'>εἴη</span> <span class='ocrx_word' id='word_1_591' title='bbox 1786 1645 1869 1678; x_wconf 77' lang='grc' dir='ltr'>ὅλως</span> 
     </span>
    </p>
   </div>
   <div class='ocr_carea' id='block_1_78' title="bbox 1061 1689 1868 1726">
    <p class='ocr_par' dir='ltr' id='par_1_78' title="bbox 1061 1689 1868 1726">
     <span class='ocr_line' id='line_1_78' title="bbox 1061 1689 1868 1726; baseline 0.002 -9"><span class='ocrx_word' id='word_1_592' title='bbox 1061 1691 1141 1726; x_wconf 78' lang='grc' dir='ltr'>ἡμῶν</span> <span class='ocrx_word' id='word_1_593' title='bbox 1157 1690 1299 1725; x_wconf 71' lang='grc' dir='ltr'><strong>συγχέοντι</strong></span> <span class='ocrx_word' id='word_1_594' title='bbox 1315 1689 1363 1716; x_wconf 74' lang='grc' dir='ltr'><strong>καὶ</strong></span> <span class='ocrx_word' id='word_1_595' title='bbox 1385 1689 1539 1725; x_wconf 82' lang='grc' dir='ltr'>ἀνατρέπον</span> <span class='ocrx_word' id='word_1_596' title='bbox 1563 1689 1609 1716; x_wconf 79' lang='grc' dir='ltr'>τὸν</span> <span class='ocrx_word' id='word_1_597' title='bbox 1635 1690 1692 1725; x_wconf 77' lang='grc' dir='ltr'>βίον</span> <span class='ocrx_word' id='word_1_598' title='bbox 1713 1690 1760 1717; x_wconf 70' lang='grc' dir='ltr'>καὶ</span> <span class='ocrx_word' id='word_1_599' title='bbox 1784 1693 1868 1719; x_wconf 75' lang='grc' dir='ltr'>κατὰ</span> 
     </span>
    </p>
   </div>
   <div class='ocr_carea' id='block_1_79' title="bbox 1060 1736 1866 1774">
    <p class='ocr_par' dir='ltr' id='par_1_79' title="bbox 1060 1736 1866 1774">
     <span class='ocr_line' id='line_1_79' title="bbox 1060 1736 1866 1774; baseline 0.002 -11"><span class='ocrx_word' id='word_1_600' title='bbox 1060 1737 1108 1763; x_wconf 81' lang='grc' dir='ltr'>τοῦ</span> <span class='ocrx_word' id='word_1_601' title='bbox 1129 1736 1197 1763; x_wconf 77' lang='grc' dir='ltr'><strong>Θεοῦ</strong></span> <span class='ocrx_word' id='word_1_602' title='bbox 1209 1737 1259 1771; x_wconf 85' lang='grc' dir='ltr'>τὴν</span> <span class='ocrx_word' id='word_1_603' title='bbox 1273 1736 1397 1770; x_wconf 85' lang='grc' dir='ltr'>γλῶσσαν</span> <span class='ocrx_word' id='word_1_604' title='bbox 1410 1736 1520 1763; x_wconf 83' lang='grc' dir='ltr'>πάντων</span> <span class='ocrx_word' id='word_1_605' title='bbox 1536 1736 1630 1769; x_wconf 78' lang='grc' dir='ltr'>ὀξῦνον</span> <span class='ocrx_word' id='word_1_606' title='bbox 1644 1737 1843 1774; x_wconf 77' lang='grc' dir='ltr'>ἀναιδέστερον</span> <span class='ocrx_word' id='word_1_607' title='bbox 1857 1749 1866 1773; x_wconf 80' lang='grc' dir='ltr'><strong>ς</strong></span> 
     </span>
    </p>
   </div>
   <div class='ocr_carea' id='block_1_80' title="bbox 1061 1782 1869 1818">
    <p class='ocr_par' dir='ltr' id='par_1_80' title="bbox 1061 1782 1869 1818">
     <span class='ocr_line' id='line_1_80' title="bbox 1061 1782 1869 1818; baseline 0.002 -9"><span class='ocrx_word' id='word_1_608' title='bbox 1061 1784 1119 1810; x_wconf 80' lang='grc' dir='ltr'><strong>οὐκ</strong></span> <span class='ocrx_word' id='word_1_609' title='bbox 1140 1783 1221 1818; x_wconf 78' lang='grc' dir='ltr'>ἢρκει</span> <span class='ocrx_word' id='word_1_610' title='bbox 1243 1782 1272 1809; x_wconf 80' lang='grc' dir='ltr'>δὲ</span> <span class='ocrx_word' id='word_1_611' title='bbox 1293 1783 1348 1813; x_wconf 85' lang='grc' dir='ltr'>τοῖς</span> <span class='ocrx_word' id='word_1_612' title='bbox 1365 1782 1511 1817; x_wconf 79' lang='grc' dir='ltr'>δυστυχέσι</span> <span class='ocrx_word' id='word_1_613' title='bbox 1527 1782 1558 1809; x_wconf 84' lang='grc' dir='ltr'><strong>τὺ</strong></span> <span class='ocrx_word' id='word_1_614' title='bbox 1566 1783 1589 1798; x_wconf 75' lang='grc'><strong>⁸⁸</strong></span> <span class='ocrx_word' id='word_1_615' title='bbox 1602 1783 1637 1810; x_wconf 83' lang='grc' dir='ltr'>τὰ</span> <span class='ocrx_word' id='word_1_616' title='bbox 1652 1783 1725 1810; x_wconf 78' lang='grc' dir='ltr'>κακὰ</span> <span class='ocrx_word' id='word_1_617' title='bbox 1737 1785 1814 1810; x_wconf 83' lang='grc' dir='ltr'>νοεῖν</span> <span class='ocrx_word' id='word_1_618' title='bbox 1833 1794 1869 1812; x_wconf 78' lang='grc' dir='ltr'>τι</span> 
     </span>
    </p>
   </div>
   <div class='ocr_carea' id='block_1_81' title="bbox 1062 1827 1869 1863">
    <p class='ocr_par' dir='ltr' id='par_1_81' title="bbox 1062 1827 1869 1863">
     <span class='ocr_line' id='line_1_81' title="bbox 1062 1827 1869 1863; baseline 0.002 -9"><span class='ocrx_word' id='word_1_619' title='bbox 1062 1829 1109 1854; x_wconf 79' lang='grc' dir='ltr'><strong>καὶ</strong></span> <span class='ocrx_word' id='word_1_620' title='bbox 1134 1827 1225 1862; x_wconf 78' lang='grc' dir='ltr'>λέγειν</span> <span class='ocrx_word' id='word_1_621' title='bbox 1251 1827 1300 1854; x_wconf 69' lang='grc' dir='ltr'><strong>καὶ</strong></span> <span class='ocrx_word' id='word_1_622' title='bbox 1327 1827 1460 1863; x_wconf 82' lang='grc' dir='ltr'>πράττειν</span> <span class='ocrx_word' id='word_1_623' title='bbox 1482 1827 1696 1862; x_wconf 77' lang='grc' dir='ltr'>ἀναγκάζεσθαι,</span> <span class='ocrx_word' id='word_1_624' title='bbox 1711 1828 1782 1856; x_wconf 83' lang='grc' dir='ltr'>ἀλλὰ</span> <span class='ocrx_word' id='word_1_625' title='bbox 1797 1829 1869 1856; x_wconf 78' lang='grc' dir='ltr'>δέεν</span> 
     </span>
    </p>
   </div>
   <div class='ocr_carea' id='block_1_82' title="bbox 1062 1873 1870 1910">
    <p class='ocr_par' dir='ltr' id='par_1_82' title="bbox 1062 1873 1870 1910">
     <span class='ocr_line' id='line_1_82' title="bbox 1062 1873 1870 1910; baseline 0.004 -10"><span class='ocrx_word' id='word_1_626' title='bbox 1062 1873 1195 1901; x_wconf 76' lang='grc' dir='ltr'>ἐλεεῖσθαι</span> <span class='ocrx_word' id='word_1_627' title='bbox 1213 1874 1261 1900; x_wconf 81' lang='grc' dir='ltr'><strong>καὶ</strong></span> <span class='ocrx_word' id='word_1_628' title='bbox 1274 1873 1305 1900; x_wconf 79' lang='grc' dir='ltr'>τὸ</span> <span class='ocrx_word' id='word_1_629' title='bbox 1321 1873 1460 1909; x_wconf 82' lang='grc' dir='ltr'>μισεῖσθαι</span> <span class='ocrx_word' id='word_1_630' title='bbox 1476 1873 1652 1910; x_wconf 81' lang='grc' dir='ltr'>προστίθεται</span> <span class='ocrx_word' id='word_1_631' title='bbox 1665 1874 1713 1901; x_wconf 78' lang='grc' dir='ltr'><strong>καὶ</strong></span> <span class='ocrx_word' id='word_1_632' title='bbox 1728 1874 1760 1902; x_wconf 75' lang='grc' dir='ltr'><strong>τὸ</strong></span> <span class='ocrx_word' id='word_1_633' title='bbox 1775 1876 1870 1904; x_wconf 79' lang='grc' dir='ltr'>κολά-</span> 
     </span>
    </p>
   </div>
   <div class='ocr_carea' id='block_1_83' title="bbox 1062 1921 1169 1953">
    <p class='ocr_par' dir='ltr' id='par_1_83' title="bbox 1062 1921 1169 1953">
     <span class='ocr_line' id='line_1_83' title="bbox 1062 1921 1169 1953; baseline -0.009 -6"><span class='ocrx_word' id='word_1_634' title='bbox 1062 1921 1169 1953; x_wconf 81' lang='grc' dir='ltr'>ζεσθαι.</span> 
     </span>
    </p>
   </div>
   <div class='ocr_carea' id='block_1_84' title="bbox 1097 1966 1870 2003">
    <p class='ocr_par' dir='ltr' id='par_1_84' title="bbox 1097 1966 1870 2003">
     <span class='ocr_line' id='line_1_84' title="bbox 1097 1966 1870 2003; baseline 0.003 -10"><span class='ocrx_word' id='word_1_635' title='bbox 1097 1968 1129 1994; x_wconf 82' lang='lat' dir='ltr'><strong>El</strong></span> <span class='ocrx_word' id='word_1_636' title='bbox 1144 1967 1172 1993; x_wconf 78' lang='grc' dir='ltr'>δὲ</span> <span class='ocrx_word' id='word_1_637' title='bbox 1186 1967 1261 2001; x_wconf 82' lang='grc' dir='ltr'>λέγοι</span> <span class='ocrx_word' id='word_1_638' title='bbox 1276 1975 1318 1999; x_wconf 89' lang='grc' dir='ltr'><strong>τις</strong></span> <span class='ocrx_word' id='word_1_639' title='bbox 1332 1966 1370 1998; x_wconf 85' lang='grc' dir='ltr'><strong>ὡς</strong></span> <span class='ocrx_word' id='word_1_640' title='bbox 1387 1967 1437 2003; x_wconf 82' lang='grc' dir='ltr'>οὐχ</span> <span class='ocrx_word' id='word_1_641' title='bbox 1460 1967 1539 2003; x_wconf 72' lang='grc' dir='ltr'>ἡμῶν</span> <span class='ocrx_word' id='word_1_642' title='bbox 1554 1968 1628 1995; x_wconf 81' lang='grc' dir='ltr'>ἐστιν</span> <span class='ocrx_word' id='word_1_643' title='bbox 1648 1967 1748 1994; x_wconf 79' lang='grc' dir='ltr'>ειδέναι</span> <span class='ocrx_word' id='word_1_644' title='bbox 1771 1968 1821 1996; x_wconf 84' lang='grc' dir='ltr'><strong>διὰ</strong></span> <span class='ocrx_word' id='word_1_645' title='bbox 1837 1970 1870 1997; x_wconf 82' lang='grc' dir='ltr'>τι</span> 
     </span>
    </p>
   </div>
   <div class='ocr_carea' id='block_1_85' title="bbox 1061 2012 1870 2048">
    <p class='ocr_par' dir='ltr' id='par_1_85' title="bbox 1061 2012 1870 2048">
     <span class='ocr_line' id='line_1_85' title="bbox 1061 2012 1870 2048; baseline -0.001 -9"><span class='ocrx_word' id='word_1_646' title='bbox 1061 2013 1189 2047; x_wconf 80' lang='grc' dir='ltr'>τοιαύτην</span> <span class='ocrx_word' id='word_1_647' title='bbox 1204 2013 1218 2039; x_wconf 85' lang='grc' dir='ltr'><strong>ό</strong></span> <span class='ocrx_word' id='word_1_648' title='bbox 1232 2012 1298 2044; x_wconf 81' lang='grc' dir='ltr'>Θεὸς</span> <span class='ocrx_word' id='word_1_649' title='bbox 1313 2012 1514 2048; x_wconf 80' lang='grc' dir='ltr'>ἐδημιούργησε</span> <span class='ocrx_word' id='word_1_650' title='bbox 1524 2013 1642 2047; x_wconf 79' lang='grc' dir='ltr'>γένεσιν,</span> <span class='ocrx_word' id='word_1_651' title='bbox 1659 2013 1687 2039; x_wconf 79' lang='grc' dir='ltr'>ἐν</span> <span class='ocrx_word' id='word_1_652' title='bbox 1702 2014 1870 2048; x_wconf 81' lang='grc' dir='ltr'>προσποιή-</span> 
     </span>
    </p>
   </div>
   <div class='ocr_carea' id='block_1_86' title="bbox 1063 2057 1869 2094">
    <p class='ocr_par' dir='ltr' id='par_1_86' title="bbox 1063 2057 1869 2094">
     <span class='ocr_line' id='line_1_86' title="bbox 1063 2057 1869 2094; baseline 0.002 -9"><span class='ocrx_word' id='word_1_653' title='bbox 1063 2067 1105 2086; x_wconf 88' lang='grc' dir='ltr'><strong>σει</strong></span> <span class='ocrx_word' id='word_1_654' title='bbox 1120 2057 1167 2085; x_wconf 86' lang='grc' dir='ltr'>τοῦ</span> <span class='ocrx_word' id='word_1_655' title='bbox 1186 2057 1344 2094; x_wconf 74' lang='grc' dir='ltr'>μετριάζειν</span> <span class='ocrx_word' id='word_1_656' title='bbox 1366 2059 1526 2093; x_wconf 81' lang='grc' dir='ltr'>ἐπισφίγγει</span> <span class='ocrx_word' id='word_1_657' title='bbox 1547 2058 1597 2093; x_wconf 81' lang='grc' dir='ltr'><strong>τὴν</strong></span> <span class='ocrx_word' id='word_1_658' title='bbox 1618 2058 1792 2091; x_wconf 71' lang='grc' dir='ltr'>ἀσέϐειανει,</span> <span class='ocrx_word' id='word_1_659' title='bbox 1810 2060 1869 2087; x_wconf 78' lang='grc' dir='ltr'><strong>καὶ</strong></span> 
     </span>
    </p>
   </div>
   <div class='ocr_carea' id='block_1_87' title="bbox 1061 2101 1869 2143">
    <p class='ocr_par' dir='ltr' id='par_1_87' title="bbox 1061 2101 1869 2143">
     <span class='ocr_line' id='line_1_87' title="bbox 1061 2101 1869 2143; baseline -0.001 -11"><span class='ocrx_word' id='word_1_660' title='bbox 1061 2105 1095 2132; x_wconf 75' lang='grc' dir='ltr'>δι’</span> <span class='ocrx_word' id='word_1_661' title='bbox 1109 2101 1146 2132; x_wconf 82' lang='grc' dir='ltr'>ὧν</span> <span class='ocrx_word' id='word_1_662' title='bbox 1162 2105 1236 2132; x_wconf 83' lang='grc' dir='ltr'>δοκεῖ</span> <span class='ocrx_word' id='word_1_663' title='bbox 1251 2105 1408 2140; x_wconf 78' lang='grc' dir='ltr'>μετριάζειν</span> <span class='ocrx_word' id='word_1_664' title='bbox 1418 2124 1426 2137; x_wconf 85' lang='grc'><strong>,</strong></span> <span class='ocrx_word' id='word_1_665' title='bbox 1443 2106 1536 2139; x_wconf 78' lang='grc' dir='ltr'>μεῖζον</span> <span class='ocrx_word' id='word_1_666' title='bbox 1548 2105 1653 2132; x_wconf 78' lang='grc' dir='ltr'>ἀσεόεῖ.</span> <span class='ocrx_word' id='word_1_667' title='bbox 1669 2105 1700 2131; x_wconf 87' lang='grc' dir='ltr'><strong>Εἰ</strong></span> <span class='ocrx_word' id='word_1_668' title='bbox 1714 2104 1771 2141; x_wconf 73' lang='grc' dir='ltr'><strong>γὰρ</strong></span> <span class='ocrx_word' id='word_1_669' title='bbox 1785 2107 1869 2143; x_wconf 76' lang='grc' dir='ltr'>καλὴ</span> 
     </span>
    </p>
   </div>
   <div class='ocr_carea' id='block_1_88' title="bbox 1064 2150 1869 2186">
    <p class='ocr_par' dir='ltr' id='par_1_88' title="bbox 1064 2150 1869 2186">
     <span class='ocr_line' id='line_1_88' title="bbox 1064 2150 1869 2186; baseline 0.004 -9"><span class='ocrx_word' id='word_1_670' title='bbox 1064 2151 1113 2186; x_wconf 80' lang='grc' dir='ltr'>μὲν</span> <span class='ocrx_word' id='word_1_671' title='bbox 1132 2151 1149 2186; x_wconf 87' lang='grc' dir='ltr'>ἡ</span> <span class='ocrx_word' id='word_1_672' title='bbox 1168 2150 1286 2185; x_wconf 78' lang='grc' dir='ltr'>γένεσις,</span> <span class='ocrx_word' id='word_1_673' title='bbox 1303 2151 1371 2186; x_wconf 78' lang='grc' dir='ltr'>ἡμῖν</span> <span class='ocrx_word' id='word_1_674' title='bbox 1384 2150 1413 2176; x_wconf 76' lang='grc' dir='ltr'>δὲ</span> <span class='ocrx_word' id='word_1_675' title='bbox 1430 2150 1556 2183; x_wconf 82' lang='grc' dir='ltr'>φαίνεται</span> <span class='ocrx_word' id='word_1_676' title='bbox 1571 2150 1654 2186; x_wconf 80' lang='grc' dir='ltr'>κακὴ,</span> <span class='ocrx_word' id='word_1_677' title='bbox 1670 2151 1717 2177; x_wconf 75' lang='grc' dir='ltr'><strong>καὶ</strong></span> <span class='ocrx_word' id='word_1_678' title='bbox 1732 2151 1817 2178; x_wconf 78' lang='grc' dir='ltr'>τοῦτο</span> <span class='ocrx_word' id='word_1_679' title='bbox 1834 2153 1869 2180; x_wconf 76' lang='grc' dir='ltr'>δὲ</span> 
     </span>
    </p>
   </div>
   <div class='ocr_carea' id='block_1_89' title="bbox 1061 2195 1868 2231">
    <p class='ocr_par' dir='ltr' id='par_1_89' title="bbox 1061 2195 1868 2231">
     <span class='ocr_line' id='line_1_89' title="bbox 1061 2195 1868 2231; baseline 0.004 -9"><span class='ocrx_word' id='word_1_680' title='bbox 1061 2195 1116 2223; x_wconf 81' lang='grc' dir='ltr'><strong>ἀπὸ</strong></span> <span class='ocrx_word' id='word_1_681' title='bbox 1132 2195 1277 2230; x_wconf 81' lang='grc' dir='ltr'>γενέσεως,</span> <span class='ocrx_word' id='word_1_682' title='bbox 1291 2195 1341 2222; x_wconf 84' lang='grc' dir='ltr'>οὐκ</span> <span class='ocrx_word' id='word_1_683' title='bbox 1354 2195 1420 2230; x_wconf 70' lang='grc' dir='ltr'>ἐμὸν</span> <span class='ocrx_word' id='word_1_684' title='bbox 1436 2195 1466 2222; x_wconf 85' lang='grc' dir='ltr'><strong>τὺ</strong></span> <span class='ocrx_word' id='word_1_685' title='bbox 1478 2195 1590 2231; x_wconf 83' lang='grc' dir='ltr'>σφάλμα</span> <span class='ocrx_word' id='word_1_686' title='bbox 1600 2216 1607 2229; x_wconf 86' lang='grc'><strong>,</strong></span> <span class='ocrx_word' id='word_1_687' title='bbox 1623 2196 1728 2231; x_wconf 79' lang='grc' dir='ltr'>φαύλην</span> <span class='ocrx_word' id='word_1_688' title='bbox 1749 2197 1868 2225; x_wconf 81' lang='grc' dir='ltr'>οῐεσθαι</span> 
     </span>
    </p>
   </div>
   <div class='ocr_carea' id='block_1_90' title="bbox 222 2240 1011 2282">
    <p class='ocr_par' dir='ltr' id='par_1_90' title="bbox 222 2246 1011 2282">
     <span class='ocr_line' id='line_1_90' title="bbox 222 2246 1011 2282; baseline -0.004 -7"><span class='ocrx_word' id='word_1_689' title='bbox 222 2256 275 2275; x_wconf 92' lang='lat' dir='ltr'><strong>non</strong></span> <span class='ocrx_word' id='word_1_690' title='bbox 299 2248 355 2282; x_wconf 87' lang='lat' dir='ltr'><strong>jam</strong></span> <span class='ocrx_word' id='word_1_691' title='bbox 380 2248 432 2275; x_wconf 89' lang='lat' dir='ltr'><strong>hoc</strong></span> <span class='ocrx_word' id='word_1_692' title='bbox 454 2255 543 2274; x_wconf 90' lang='lat' dir='ltr'><strong>meum</strong></span> <span class='ocrx_word' id='word_1_693' title='bbox 559 2252 679 2275; x_wconf 86' lang='lat' dir='ltr'><strong>erratqu</strong></span> <span class='ocrx_word' id='word_1_694' title='bbox 696 2252 748 2280; x_wconf 86' lang='lat' dir='ltr'><strong>est,</strong></span> <span class='ocrx_word' id='word_1_695' title='bbox 764 2247 785 2274; x_wconf 92' lang='lat' dir='ltr'><strong>si</strong></span> <span class='ocrx_word' id='word_1_696' title='bbox 813 2246 910 2273; x_wconf 90' lang='lat' dir='ltr'><strong>malam</strong></span> <span class='ocrx_word' id='word_1_697' title='bbox 934 2250 1011 2280; x_wconf 87' lang='lat' dir='ltr'><strong>pulo,</strong></span> 
     </span>
    </p>
   </div>
   <div class='ocr_carea' id='block_1_91' title="bbox 1099 2240 1869 2282">
    <p class='ocr_par' dir='ltr' id='par_1_91' title="bbox 1099 2240 1869 2277">
     <span class='ocr_line' id='line_1_91' title="bbox 1099 2240 1869 2277; baseline 0.004 -10"><span class='ocrx_word' id='word_1_698' title='bbox 1099 2251 1113 2268; x_wconf 92' lang='grc' dir='ltr'><strong>ν</strong></span> <span class='ocrx_word' id='word_1_699' title='bbox 1126 2241 1157 2267; x_wconf 86' lang='grc' dir='ltr'>οὐ</span> <span class='ocrx_word' id='word_1_700' title='bbox 1171 2241 1286 2277; x_wconf 84' lang='grc' dir='ltr'>φαύλην,</span> <span class='ocrx_word' id='word_1_701' title='bbox 1298 2240 1346 2268; x_wconf 81' lang='grc' dir='ltr'>τοῦ</span> <span class='ocrx_word' id='word_1_702' title='bbox 1361 2241 1390 2268; x_wconf 79' lang='grc' dir='ltr'>δὲ</span> <span class='ocrx_word' id='word_1_703' title='bbox 1405 2241 1536 2276; x_wconf 84' lang='grc' dir='ltr'>τοιαύτην</span> <span class='ocrx_word' id='word_1_704' title='bbox 1550 2242 1642 2277; x_wconf 78' lang='grc' dir='ltr'>κρίσιν</span> <span class='ocrx_word' id='word_1_705' title='bbox 1658 2242 1702 2268; x_wconf 79' lang='grc' dir='ltr'><strong>διὰ</strong></span> <span class='ocrx_word' id='word_1_706' title='bbox 1714 2243 1765 2277; x_wconf 82' lang='grc' dir='ltr'>τῆς</span> <span class='ocrx_word' id='word_1_707' title='bbox 1779 2244 1869 2277; x_wconf 65' lang='grc' dir='ltr'>γενέ-</span> 
     </span>
    </p>
   </div>
   <div class='ocr_carea' id='block_1_92' title="bbox 222 2291 1014 2328">
    <p class='ocr_par' dir='ltr' id='par_1_92' title="bbox 222 2291 1014 2328">
     <span class='ocr_line' id='line_1_92' title="bbox 222 2291 1014 2328; baseline -0.004 -8"><span class='ocrx_word' id='word_1_708' title='bbox 222 2301 283 2328; x_wconf 64' lang='lat' dir='ltr'><strong>quae</strong></span> <span class='ocrx_word' id='word_1_709' title='bbox 307 2294 376 2320; x_wconf 86' lang='lat' dir='ltr'><strong>mala</strong></span> <span class='ocrx_word' id='word_1_710' title='bbox 401 2300 454 2320; x_wconf 84' lang='lat' dir='ltr'><strong>nou</strong></span> <span class='ocrx_word' id='word_1_711' title='bbox 470 2299 532 2326; x_wconf 85' lang='lat' dir='ltr'><strong>est;</strong></span> <span class='ocrx_word' id='word_1_712' title='bbox 548 2293 595 2320; x_wconf 89' lang='lat' dir='ltr'><strong>sed</strong></span> <span class='ocrx_word' id='word_1_713' title='bbox 620 2293 679 2328; x_wconf 85' lang='lat' dir='ltr'><strong>ejus</strong></span> <span class='ocrx_word' id='word_1_714' title='bbox 707 2293 796 2328; x_wconf 81' lang='lat' dir='ltr'><strong>potius</strong></span> <span class='ocrx_word' id='word_1_715' title='bbox 819 2293 863 2326; x_wconf 90' lang='lat' dir='ltr'><strong>qui</strong></span> <span class='ocrx_word' id='word_1_716' title='bbox 889 2291 942 2318; x_wconf 88' lang='lat' dir='ltr'><strong>tale</strong></span> <span class='ocrx_word' id='word_1_717' title='bbox 966 2299 1014 2326; x_wconf 88' lang='lat' dir='ltr'><strong>per</strong></span> 
     </span>
    </p>
   </div>
   <div class='ocr_carea' id='block_1_93' title="bbox 222 2337 1010 2375">
    <p class='ocr_par' dir='ltr' id='par_1_93' title="bbox 222 2337 1010 2375">
     <span class='ocr_line' id='line_1_93' title="bbox 222 2337 1010 2375; baseline -0.004 -9"><span class='ocrx_word' id='word_1_718' title='bbox 222 2340 341 2374; x_wconf 80' lang='lat' dir='ltr'><strong>genesim</strong></span> <span class='ocrx_word' id='word_1_719' title='bbox 364 2339 494 2375; x_wconf 82' lang='lat' dir='ltr'><strong>judicium</strong></span> <span class='ocrx_word' id='word_1_720' title='bbox 519 2340 643 2375; x_wconf 87' lang='lat' dir='ltr'><strong>cogitatis</strong></span> <span class='ocrx_word' id='word_1_721' title='bbox 666 2339 768 2366; x_wconf 77' lang='lat' dir='ltr'><strong>nostris</strong></span> <span class='ocrx_word' id='word_1_722' title='bbox 788 2339 911 2365; x_wconf 86' lang='lat' dir='ltr'><strong>inseruit.</strong></span> <span class='ocrx_word' id='word_1_723' title='bbox 943 2337 1010 2364; x_wconf 84' lang='lat' dir='ltr'><strong>Nam</strong></span> 
     </span>
    </p>
   </div>
   <div class='ocr_carea' id='block_1_94' title="bbox 224 2384 1011 2419">
    <p class='ocr_par' dir='ltr' id='par_1_94' title="bbox 224 2384 1011 2419">
     <span class='ocr_line' id='line_1_94' title="bbox 224 2384 1011 2419; baseline -0.004 -6"><span class='ocrx_word' id='word_1_724' title='bbox 224 2386 245 2413; x_wconf 87' lang='lat' dir='ltr'><strong>si</strong></span> <span class='ocrx_word' id='word_1_725' title='bbox 263 2393 351 2413; x_wconf 91' lang='lat' dir='ltr'><strong>meum</strong></span> <span class='ocrx_word' id='word_1_726' title='bbox 372 2389 491 2412; x_wconf 84' lang='lat' dir='ltr'><strong>erratum</strong></span> <span class='ocrx_word' id='word_1_727' title='bbox 509 2390 562 2418; x_wconf 79' lang='lat' dir='ltr'><strong>est.</strong></span> <span class='ocrx_word' id='word_1_728' title='bbox 578 2385 667 2413; x_wconf 90' lang='lat' dir='ltr'><strong>aliena</strong></span> <span class='ocrx_word' id='word_1_729' title='bbox 683 2390 765 2412; x_wconf 87' lang='lat' dir='ltr'><strong>erunt</strong></span> <span class='ocrx_word' id='word_1_730' title='bbox 783 2384 876 2418; x_wconf 87' lang='lat' dir='ltr'><strong>utique</strong></span> <span class='ocrx_word' id='word_1_731' title='bbox 892 2392 906 2410; x_wconf 87' lang='lat' dir='ltr'><strong>a</strong></span> <span class='ocrx_word' id='word_1_732' title='bbox 919 2384 1011 2419; x_wconf 81' lang='lat' dir='ltr'><strong>genesi</strong></span> 
     </span>
    </p>
   </div>
   <div class='ocr_carea' id='block_1_95' title="bbox 223 2431 1011 2467">
    <p class='ocr_par' dir='ltr' id='par_1_95' title="bbox 223 2431 1011 2467">
     <span class='ocr_line' id='line_1_95' title="bbox 223 2431 1011 2467; baseline -0.004 -8"><span class='ocrx_word' id='word_1_733' title='bbox 223 2439 393 2467; x_wconf 56' lang='lat' dir='ltr'><strong>quascunque</strong></span> <span class='ocrx_word' id='word_1_734' title='bbox 415 2432 448 2458; x_wconf 89' lang='lat' dir='ltr'><strong>ad</strong></span> <span class='ocrx_word' id='word_1_735' title='bbox 463 2431 581 2465; x_wconf 81' lang='lat' dir='ltr'><strong>cogitata</strong></span> <span class='ocrx_word' id='word_1_736' title='bbox 597 2431 744 2466; x_wconf 82' lang='lat' dir='ltr'><strong>pertinent,</strong></span> <span class='ocrx_word' id='word_1_737' title='bbox 757 2437 817 2465; x_wconf 73' lang='lat' dir='ltr'><strong>qua:</strong></span> <span class='ocrx_word' id='word_1_738' title='bbox 832 2435 859 2457; x_wconf 90' lang='lat' dir='ltr'><strong>et</strong></span> <span class='ocrx_word' id='word_1_739' title='bbox 879 2437 969 2456; x_wconf 85' lang='lat' dir='ltr'><strong>sermo</strong></span> <span class='ocrx_word' id='word_1_740' title='bbox 982 2435 1011 2457; x_wconf 87' lang='lat' dir='ltr'><strong>et</strong></span> 
     </span>
    </p>
   </div>
   <div class='ocr_carea' id='block_1_96' title="bbox 223 2475 1010 2512">
    <p class='ocr_par' dir='ltr' id='par_1_96' title="bbox 223 2475 1010 2512">
     <span class='ocr_line' id='line_1_96' title="bbox 223 2475 1010 2512; baseline -0.001 -9"><span class='ocrx_word' id='word_1_741' title='bbox 223 2479 350 2512; x_wconf 79' lang='lat' dir='ltr'><strong>operatio-</strong></span> <span class='ocrx_word' id='word_1_742' title='bbox 361 2483 521 2512; x_wconf 83' lang='lat' dir='ltr'><strong>sequuntur,</strong></span> <span class='ocrx_word' id='word_1_743' title='bbox 540 2477 692 2512; x_wconf 79' lang='lat' dir='ltr'><strong>frustraque</strong></span> <span class='ocrx_word' id='word_1_744' title='bbox 712 2475 795 2503; x_wconf 82' lang='lat' dir='ltr'><strong>fuerit</strong></span> <span class='ocrx_word' id='word_1_745' title='bbox 805 2475 923 2511; x_wconf 76' lang='lat' dir='ltr'><strong>genesis.</strong></span> <span class='ocrx_word' id='word_1_746' title='bbox 941 2475 1010 2502; x_wconf 85' lang='lat' dir='ltr'><strong>Vera</strong></span> 
     </span>
    </p>
   </div>
   <div class='ocr_carea' id='block_1_97' title="bbox 226 2521 1010 2558">
    <p class='ocr_par' dir='ltr' id='par_1_97' title="bbox 226 2521 1010 2558">
     <span class='ocr_line' id='line_1_97' title="bbox 226 2521 1010 2558; baseline 0 -10"><span class='ocrx_word' id='word_1_747' title='bbox 226 2523 306 2558; x_wconf 88' lang='lat' dir='ltr'><strong>igitur</strong></span> <span class='ocrx_word' id='word_1_748' title='bbox 321 2523 470 2551; x_wconf 88' lang='lat' dir='ltr'><strong>moderatio</strong></span> <span class='ocrx_word' id='word_1_749' title='bbox 497 2527 631 2556; x_wconf 86' lang='lat' dir='ltr'><strong>cautaque</strong></span> <span class='ocrx_word' id='word_1_750' title='bbox 657 2521 701 2549; x_wconf 89' lang='lat' dir='ltr'><strong>hic</strong></span> <span class='ocrx_word' id='word_1_751' title='bbox 728 2522 935 2556; x_wconf 88' lang='lat' dir='ltr'><strong>circumspectio</strong></span> <span class='ocrx_word' id='word_1_752' title='bbox 958 2529 1010 2549; x_wconf 91' lang='lat' dir='ltr'><strong>non</strong></span> 
     </span>
    </p>
   </div>
   <div class='ocr_carea' id='block_1_98' title="bbox 224 2567 1012 2603">
    <p class='ocr_par' dir='ltr' id='par_1_98' title="bbox 224 2567 1012 2603">
     <span class='ocr_line' id='line_1_98' title="bbox 224 2567 1012 2603; baseline -0.001 -8"><span class='ocrx_word' id='word_1_753' title='bbox 224 2570 270 2600; x_wconf 63' lang='lat' dir='ltr'><strong>sit,</strong></span> <span class='ocrx_word' id='word_1_754' title='bbox 288 2568 384 2596; x_wconf 82' lang='lat' dir='ltr'><strong>malam</strong></span> <span class='ocrx_word' id='word_1_755' title='bbox 407 2569 518 2596; x_wconf 81' lang='lat' dir='ltr'><strong>ﬂuxisse</strong></span> <span class='ocrx_word' id='word_1_756' title='bbox 534 2568 665 2603; x_wconf 87' lang='lat' dir='ltr'><strong>genesim,</strong></span> <span class='ocrx_word' id='word_1_757' title='bbox 683 2567 833 2603; x_wconf 88' lang='lat' dir='ltr'><strong>deindeque</strong></span> <span class='ocrx_word' id='word_1_758' title='bbox 856 2568 912 2595; x_wconf 91' lang='lat' dir='ltr'><strong>Deo</strong></span> <span class='ocrx_word' id='word_1_759' title='bbox 926 2568 1012 2595; x_wconf 80' lang='lat' dir='ltr'><strong>malo-</strong></span> 
     </span>
    </p>
   </div>
   <div class='ocr_carea' id='block_1_99' title="bbox 224 2613 1009 2650">
    <p class='ocr_par' dir='ltr' id='par_1_99' title="bbox 224 2613 1009 2650">
     <span class='ocr_line' id='line_1_99' title="bbox 224 2613 1009 2650; baseline 0 -9"><span class='ocrx_word' id='word_1_760' title='bbox 224 2621 283 2641; x_wconf 85' lang='lat' dir='ltr'><strong>rum</strong></span> <span class='ocrx_word' id='word_1_761' title='bbox 311 2614 501 2650; x_wconf 81' lang='lat' dir='ltr'><strong>cogitationem</strong></span> <span class='ocrx_word' id='word_1_762' title='bbox 525 2613 673 2641; x_wconf 88' lang='lat' dir='ltr'><strong>concedere</strong></span> <span class='ocrx_word' id='word_1_763' title='bbox 697 2622 705 2646; x_wconf 79' lang='lat'><strong>;</strong></span> <span class='ocrx_word' id='word_1_764' title='bbox 729 2621 815 2648; x_wconf 84' lang='lat' dir='ltr'><strong>neque</strong></span> <span class='ocrx_word' id='word_1_765' title='bbox 836 2614 900 2641; x_wconf 85' lang='lat' dir='ltr'><strong>item</strong></span> <span class='ocrx_word' id='word_1_766' title='bbox 926 2613 1009 2646; x_wconf 91' lang='lat' dir='ltr'><strong>illud,</strong></span> 
     </span>
    </p>
   </div>
   <div class='ocr_carea' id='block_1_100' title="bbox 1065 2285 1868 2323">
    <p class='ocr_par' dir='ltr' id='par_1_100' title="bbox 1065 2285 1868 2323">
     <span class='ocr_line' id='line_1_100' title="bbox 1065 2285 1868 2323; baseline 0.002 -10"><span class='ocrx_word' id='word_1_767' title='bbox 1065 2295 1133 2318; x_wconf 79' lang='grc' dir='ltr'>σεως</span> <span class='ocrx_word' id='word_1_768' title='bbox 1147 2286 1334 2321; x_wconf 79' lang='grc' dir='ltr'>καταθεμένου</span> <span class='ocrx_word' id='word_1_769' title='bbox 1355 2285 1435 2322; x_wconf 84' lang='grc' dir='ltr'>ἡμῶν</span> <span class='ocrx_word' id='word_1_770' title='bbox 1458 2287 1515 2318; x_wconf 81' lang='grc' dir='ltr'>τοῖς</span> <span class='ocrx_word' id='word_1_771' title='bbox 1531 2286 1687 2321; x_wconf 71' lang='grc' dir='ltr'>λογισμοίςο</span> <span class='ocrx_word' id='word_1_772' title='bbox 1703 2287 1727 2313; x_wconf 77' lang='grc' dir='ltr'><strong>εί</strong></span> <span class='ocrx_word' id='word_1_773' title='bbox 1742 2287 1772 2313; x_wconf 78' lang='grc' dir='ltr'>δὲ</span> <span class='ocrx_word' id='word_1_774' title='bbox 1789 2289 1868 2323; x_wconf 77' lang='grc' dir='ltr'>ὲμδν</span> 
     </span>
    </p>
   </div>
   <div class='ocr_carea' id='block_1_101' title="bbox 1062 2334 1868 2372">
    <p class='ocr_par' dir='ltr' id='par_1_101' title="bbox 1062 2334 1868 2372">
     <span class='ocr_line' id='line_1_101' title="bbox 1062 2334 1868 2372; baseline 0.005 -11"><span class='ocrx_word' id='word_1_775' title='bbox 1062 2334 1093 2361; x_wconf 78' lang='grc' dir='ltr'><strong>τὸ</strong></span> <span class='ocrx_word' id='word_1_776' title='bbox 1118 2334 1240 2369; x_wconf 86' lang='grc' dir='ltr'>σφάλμα,</span> <span class='ocrx_word' id='word_1_777' title='bbox 1256 2334 1336 2366; x_wconf 74' lang='grc' dir='ltr'>ἐκτὸς</span> <span class='ocrx_word' id='word_1_778' title='bbox 1357 2334 1412 2370; x_wconf 74' lang='grc' dir='ltr'>ἄρα</span> <span class='ocrx_word' id='word_1_779' title='bbox 1433 2334 1567 2369; x_wconf 81' lang='grc' dir='ltr'>γενέσεως</span> <span class='ocrx_word' id='word_1_780' title='bbox 1580 2335 1616 2361; x_wconf 80' lang='grc' dir='ltr'>τὰ</span> <span class='ocrx_word' id='word_1_781' title='bbox 1629 2335 1684 2361; x_wconf 86' lang='grc' dir='ltr'><strong>τῶν</strong></span> <span class='ocrx_word' id='word_1_782' title='bbox 1701 2335 1868 2372; x_wconf 82' lang='grc' dir='ltr'>λογισμῶν,</span> 
     </span>
    </p>
   </div>
   <div class='ocr_carea' id='block_1_102' title="bbox 1061 2378 1869 2421">
    <p class='ocr_par' dir='ltr' id='par_1_102' title="bbox 1061 2378 1869 2421">
     <span class='ocr_line' id='line_1_102' title="bbox 1061 2378 1869 2421; baseline 0.004 -15"><span class='ocrx_word' id='word_1_783' title='bbox 1061 2378 1102 2412; x_wconf 77' lang='grc' dir='ltr'>οἷς</span> <span class='ocrx_word' id='word_1_784' title='bbox 1124 2379 1267 2407; x_wconf 73' lang='grc' dir='ltr'>ἀκολουθεί</span> <span class='ocrx_word' id='word_1_785' title='bbox 1288 2381 1336 2407; x_wconf 79' lang='grc' dir='ltr'><strong>καὶ</strong></span> <span class='ocrx_word' id='word_1_786' title='bbox 1360 2381 1439 2415; x_wconf 85' lang='grc' dir='ltr'>λόγος</span> <span class='ocrx_word' id='word_1_787' title='bbox 1461 2381 1510 2407; x_wconf 78' lang='grc' dir='ltr'><strong>καὶ</strong></span> <span class='ocrx_word' id='word_1_788' title='bbox 1533 2380 1642 2416; x_wconf 81' lang='grc' dir='ltr'>πρᾶξις,</span> <span class='ocrx_word' id='word_1_789' title='bbox 1658 2382 1705 2408; x_wconf 77' lang='grc' dir='ltr'>καὶ</span> <span class='ocrx_word' id='word_1_790' title='bbox 1731 2383 1828 2419; x_wconf 81' lang='grc' dir='ltr'>μάτην</span> <span class='ocrx_word' id='word_1_791' title='bbox 1848 2387 1869 2421; x_wconf 77' lang='grc' dir='ltr'>ὴ</span> 
     </span>
    </p>
   </div>
   <div class='ocr_carea' id='block_1_103' title="bbox 1060 2426 1869 2463">
    <p class='ocr_par' dir='ltr' id='par_1_103' title="bbox 1060 2426 1869 2463">
     <span class='ocr_line' id='line_1_103' title="bbox 1060 2426 1869 2463; baseline 0.004 -10"><span class='ocrx_word' id='word_1_792' title='bbox 1060 2428 1178 2462; x_wconf 75' lang='grc' dir='ltr'>γένεσις.</span> <span class='ocrx_word' id='word_1_793' title='bbox 1187 2426 1303 2462; x_wconf 80' lang='grc' dir='ltr'>Ἀληθὴς</span> <span class='ocrx_word' id='word_1_794' title='bbox 1326 2426 1416 2454; x_wconf 87' lang='grc' dir='ltr'>τοίνυν</span> <span class='ocrx_word' id='word_1_795' title='bbox 1434 2427 1580 2463; x_wconf 84' lang='grc' dir='ltr'>μετριότης</span> <span class='ocrx_word' id='word_1_796' title='bbox 1599 2428 1646 2454; x_wconf 78' lang='grc' dir='ltr'><strong>καὶ</strong></span> <span class='ocrx_word' id='word_1_797' title='bbox 1671 2428 1805 2457; x_wconf 73' lang='grc' dir='ltr'>εὐλάϐεια</span> <span class='ocrx_word' id='word_1_798' title='bbox 1831 2432 1869 2458; x_wconf 81' lang='grc' dir='ltr'>οὐ</span> 
     </span>
    </p>
   </div>
   <div class='ocr_carea' id='block_1_104' title="bbox 1061 2472 1870 2510">
    <p class='ocr_par' dir='ltr' id='par_1_104' title="bbox 1061 2472 1870 2510">
     <span class='ocr_line' id='line_1_104' title="bbox 1061 2472 1870 2510; baseline 0.004 -9"><span class='ocrx_word' id='word_1_799' title='bbox 1061 2473 1092 2501; x_wconf 83' lang='grc' dir='ltr'>τὸ</span> <span class='ocrx_word' id='word_1_800' title='bbox 1105 2473 1193 2508; x_wconf 83' lang='grc' dir='ltr'>κακὴν</span> <span class='ocrx_word' id='word_1_801' title='bbox 1208 2473 1309 2500; x_wconf 85' lang='grc' dir='ltr'>πλάσαι</span> <span class='ocrx_word' id='word_1_802' title='bbox 1320 2473 1436 2508; x_wconf 72' lang='grc' dir='ltr'>γένεσιν,</span> <span class='ocrx_word' id='word_1_803' title='bbox 1455 2472 1515 2500; x_wconf 72' lang='grc' dir='ltr'>εἶτα</span> <span class='ocrx_word' id='word_1_804' title='bbox 1530 2475 1707 2509; x_wconf 83' lang='grc' dir='ltr'>παραχωρεῖν</span> <span class='ocrx_word' id='word_1_805' title='bbox 1725 2475 1790 2510; x_wconf 83' lang='grc' dir='ltr'>Θεῷ</span> <span class='ocrx_word' id='word_1_806' title='bbox 1802 2477 1870 2504; x_wconf 84' lang='grc' dir='ltr'><strong>τῶν</strong></span> 
     </span>
    </p>
   </div>
   <div class='ocr_carea' id='block_1_105' title="bbox 1061 2519 1870 2555">
    <p class='ocr_par' dir='ltr' id='par_1_105' title="bbox 1061 2519 1870 2555">
     <span class='ocr_line' id='line_1_105' title="bbox 1061 2519 1870 2555; baseline 0 -8"><span class='ocrx_word' id='word_1_807' title='bbox 1061 2520 1156 2547; x_wconf 78' lang='grc' dir='ltr'>κακῶν</span> <span class='ocrx_word' id='word_1_808' title='bbox 1169 2519 1218 2555; x_wconf 84' lang='grc' dir='ltr'>τὴν</span> <span class='ocrx_word' id='word_1_809' title='bbox 1232 2519 1344 2554; x_wconf 85' lang='grc' dir='ltr'>γνῶσιν,</span> <span class='ocrx_word' id='word_1_810' title='bbox 1359 2519 1421 2546; x_wconf 75' lang='grc' dir='ltr'>οὐδὲ</span> <span class='ocrx_word' id='word_1_811' title='bbox 1443 2519 1489 2546; x_wconf 77' lang='grc' dir='ltr'>τὸν</span> <span class='ocrx_word' id='word_1_812' title='bbox 1513 2519 1594 2547; x_wconf 82' lang='grc' dir='ltr'>αὑτὸν</span> <span class='ocrx_word' id='word_1_813' title='bbox 1612 2520 1702 2554; x_wconf 82' lang='grc' dir='ltr'>λέγειν</span> <span class='ocrx_word' id='word_1_814' title='bbox 1715 2519 1801 2547; x_wconf 75' lang='grc' dir='ltr'>ὠθεῖν</span> <span class='ocrx_word' id='word_1_815' title='bbox 1820 2524 1870 2554; x_wconf 75' lang='grc' dir='ltr'><strong>εἰς</strong></span> 
     </span>
    </p>
   </div>
   <div class='ocr_carea' id='block_1_106' title="bbox 1062 2565 1869 2602">
    <p class='ocr_par' dir='ltr' id='par_1_106' title="bbox 1062 2565 1869 2602">
     <span class='ocr_line' id='line_1_106' title="bbox 1062 2565 1869 2602; baseline 0.004 -9"><span class='ocrx_word' id='word_1_816' title='bbox 1062 2566 1096 2593; x_wconf 83' lang='grc' dir='ltr'><strong>τὰ</strong></span> <span class='ocrx_word' id='word_1_817' title='bbox 1113 2566 1175 2602; x_wconf 77' lang='grc'><strong>[561</strong></span> <span class='ocrx_word' id='word_1_818' title='bbox 1193 2565 1241 2602; x_wconf 71' lang='lat' dir='ltr'><strong>IL]</strong></span> <span class='ocrx_word' id='word_1_819' title='bbox 1258 2566 1332 2592; x_wconf 77' lang='grc' dir='ltr'><strong>κακὰ</strong></span> <span class='ocrx_word' id='word_1_820' title='bbox 1346 2566 1394 2592; x_wconf 80' lang='grc' dir='ltr'><strong>καὶ</strong></span> <span class='ocrx_word' id='word_1_821' title='bbox 1407 2565 1532 2597; x_wconf 74' lang='grc' dir='ltr'>κολάζειν</span> <span class='ocrx_word' id='word_1_822' title='bbox 1544 2565 1592 2598; x_wconf 82' lang='grc' dir='ltr'>οὓς</span> <span class='ocrx_word' id='word_1_823' title='bbox 1604 2566 1648 2594; x_wconf 83' lang='grc' dir='ltr'><strong>διὰ</strong></span> <span class='ocrx_word' id='word_1_824' title='bbox 1657 2567 1707 2601; x_wconf 84' lang='grc' dir='ltr'><strong>τῆς</strong></span> <span class='ocrx_word' id='word_1_825' title='bbox 1719 2567 1869 2602; x_wconf 79' lang='grc' dir='ltr'>γενέσεως</span> 
     </span>
    </p>
   </div>
   <div class='ocr_carea' id='block_1_107' title="bbox 1064 2611 1869 2650">
    <p class='ocr_par' dir='ltr' id='par_1_107' title="bbox 1064 2611 1869 2650">
     <span class='ocr_line' id='line_1_107' title="bbox 1064 2611 1869 2650; baseline 0.001 -12"><span class='ocrx_word' id='word_1_826' title='bbox 1064 2611 1179 2646; x_wconf 79' lang='grc' dir='ltr'>ὥθησεν.</span> <span class='ocrx_word' id='word_1_827' title='bbox 1195 2612 1253 2638; x_wconf 80' lang='grc' dir='ltr'><strong>οὐκ</strong></span> <span class='ocrx_word' id='word_1_828' title='bbox 1270 2611 1328 2638; x_wconf 80' lang='grc' dir='ltr'>εστι</span> <span class='ocrx_word' id='word_1_829' title='bbox 1343 2611 1430 2639; x_wconf 83' lang='grc' dir='ltr'>ταῦτα</span> <span class='ocrx_word' id='word_1_830' title='bbox 1448 2611 1651 2648; x_wconf 74' lang='grc' dir='ltr'>μετριάζοντας,</span> <span class='ocrx_word' id='word_1_831' title='bbox 1674 2612 1731 2639; x_wconf 72' lang='grc' dir='ltr'>ἀλλ’</span> <span class='ocrx_word' id='word_1_832' title='bbox 1745 2613 1775 2643; x_wconf 69' lang='grc' dir='ltr'>ἐν</span> <span class='ocrx_word' id='word_1_833' title='bbox 1789 2616 1869 2650; x_wconf 78' lang='grc' dir='ltr'>σχή-</span> 
     </span>
    </p>
   </div>
   <div class='ocr_carea' id='block_1_108' title="bbox 860 2679 1200 2709">
    <p class='ocr_par' dir='ltr' id='par_1_108' title="bbox 860 2679 1200 2709">
     <span class='ocr_line' id='line_1_108' title="bbox 860 2679 1200 2709; baseline 0 -3"><span class='ocrx_word' id='word_1_834' title='bbox 860 2680 980 2709; x_wconf 65' lang='lat' dir='ltr'><strong>VARIz‘E</strong></span> <span class='ocrx_word' id='word_1_835' title='bbox 995 2679 1200 2708; x_wconf 84' lang='lat' dir='ltr'><strong>LECTIONES.</strong></span> 
     </span>
    </p>
   </div>
   <div class='ocr_carea' id='block_1_109' title="bbox 277 2739 1428 2778">
    <p class='ocr_par' dir='ltr' id='par_1_109' title="bbox 277 2739 1428 2778">
     <span class='ocr_line' id='line_1_109' title="bbox 277 2739 1428 2778; baseline -0.001 -9"><span class='ocrx_word' id='word_1_836' title='bbox 277 2742 301 2759; x_wconf 81' lang='grc'><strong>⁷⁸</strong></span> <span class='ocrx_word' id='word_1_837' title='bbox 314 2743 398 2778; x_wconf 78' lang='grc' dir='ltr'>αὐτῆς</span> <span class='ocrx_word' id='word_1_838' title='bbox 414 2743 434 2770; x_wconf 80' lang='grc' dir='ltr'>Α</span> <span class='ocrx_word' id='word_1_839' title='bbox 449 2751 455 2768; x_wconf 72' lang='grc' dir='ltr'><em>τ</em></span> <span class='ocrx_word' id='word_1_840' title='bbox 470 2742 568 2773; x_wconf 70' lang='grc' dir='ltr'>αὐτοὺς</span> <span class='ocrx_word' id='word_1_841' title='bbox 587 2751 616 2774; x_wconf 76' lang='grc' dir='ltr'>ς.</span> <span class='ocrx_word' id='word_1_842' title='bbox 654 2742 677 2758; x_wconf 81' lang='grc'><strong>⁷⁵</strong></span> <span class='ocrx_word' id='word_1_843' title='bbox 687 2742 786 2776; x_wconf 81' lang='grc' dir='ltr'>ἑαυτῆς</span> <span class='ocrx_word' id='word_1_844' title='bbox 798 2742 919 2778; x_wconf 80' lang='lat' dir='ltr'><strong>Scaliger</strong></span> <span class='ocrx_word' id='word_1_845' title='bbox 936 2750 943 2768; x_wconf 84' lang='lat'><strong>:</strong></span> <span class='ocrx_word' id='word_1_846' title='bbox 963 2742 1022 2778; x_wconf 79' lang='lat' dir='ltr'><strong>libri</strong></span> <span class='ocrx_word' id='word_1_847' title='bbox 1042 2740 1184 2778; x_wconf 42' lang='lat' dir='ltr'><strong>éaurotic.“</strong></span> <span class='ocrx_word' id='word_1_848' title='bbox 1207 2740 1230 2778; x_wconf 62' lang='grc' dir='ltr'><strong>’ξ</strong></span> <span class='ocrx_word' id='word_1_849' title='bbox 1241 2739 1277 2778; x_wconf 65' lang='grc' dir='ltr'><strong>τά</strong></span> <span class='ocrx_word' id='word_1_850' title='bbox 1290 2741 1313 2778; x_wconf 81' lang='lat' dir='ltr'><strong>_A</strong></span> <span class='ocrx_word' id='word_1_851' title='bbox 1328 2747 1337 2778; x_wconf 61' lang='grc' dir='ltr'><strong><em>ς</em></strong></span> <span class='ocrx_word' id='word_1_852' title='bbox 1353 2740 1384 2768; x_wconf 76' lang='grc' dir='ltr'>τὸ</span> <span class='ocrx_word' id='word_1_853' title='bbox 1398 2749 1428 2778; x_wconf 55' lang='grc' dir='ltr'><strong>εἷς</strong></span> 
     </span>
    </p>
   </div>
   <div class='ocr_carea' id='block_1_110' title="bbox 444 2775 1352 2820">
    <p class='ocr_par' dir='ltr' id='par_1_110' title="bbox 444 2775 1352 2820">
     <span class='ocr_line' id='line_1_110' title="bbox 444 2775 1352 2820; baseline -0.001 -16"><span class='ocrx_word' id='word_1_854' title='bbox 444 2778 466 2794; x_wconf 89' lang='lat'><strong>&quot;&#39;</strong></span> <span class='ocrx_word' id='word_1_855' title='bbox 483 2779 543 2804; x_wconf 88' lang='lat' dir='ltr'><strong>libri</strong></span> <span class='ocrx_word' id='word_1_856' title='bbox 560 2777 681 2812; x_wconf 77' lang='grc' dir='ltr'>συγχέων</span> <span class='ocrx_word' id='word_1_857' title='bbox 696 2792 729 2797; x_wconf 88' lang='lat'><strong>——</strong></span> <span class='ocrx_word' id='word_1_858' title='bbox 740 2775 900 2812; x_wconf 69' lang='grc' dir='ltr'>ἀνατρέπων</span> <span class='ocrx_word' id='word_1_859' title='bbox 919 2793 953 2799; x_wconf 86' lang='grc'><strong>-</strong></span> <span class='ocrx_word' id='word_1_860' title='bbox 967 2776 1120 2820; x_wconf 72' lang='grc' dir='ltr'>ὀξύνοντος.</span> <span class='ocrx_word' id='word_1_861' title='bbox 1164 2776 1187 2792; x_wconf 71' lang='grc' dir='ltr'><strong>⁸ο</strong></span> <span class='ocrx_word' id='word_1_862' title='bbox 1202 2775 1233 2801; x_wconf 73' lang='grc' dir='ltr'>τὸ</span> <span class='ocrx_word' id='word_1_863' title='bbox 1246 2776 1307 2802; x_wconf 85' lang='lat' dir='ltr'><strong>add.</strong></span> <span class='ocrx_word' id='word_1_864' title='bbox 1319 2776 1352 2803; x_wconf 87' lang='grc' dir='ltr'><strong>Δ.</strong></span> 
     </span>
    </p>
   </div>
   <div class='ocr_carea' id='block_1_111' title="bbox 225 2778 390 2813">
    <p class='ocr_par' dir='ltr' id='par_1_111' title="bbox 225 2778 390 2813">
     <span class='ocr_line' id='line_1_111' title="bbox 225 2778 390 2813; baseline 0.006 -1"><span class='ocrx_word' id='word_1_865' title='bbox 225 2778 280 2813; x_wconf 75' lang='grc' dir='ltr'>γὰρ</span> <span class='ocrx_word' id='word_1_866' title='bbox 295 2778 344 2813; x_wconf 81' lang='grc' dir='ltr'><strong>τῆς</strong></span> <span class='ocrx_word' id='word_1_867' title='bbox 359 2787 390 2810; x_wconf 62' lang='grc' dir='ltr'><strong>ς.</strong></span> 
     </span>
    </p>
   </div>
   <div class='ocr_carea' id='block_1_112' title="bbox 1477 2741 1869 2776">
    <p class='ocr_par' dir='ltr' id='par_1_112' title="bbox 1477 2741 1869 2776">
     <span class='ocr_line' id='line_1_112' title="bbox 1477 2741 1869 2776; baseline 0.008 -9"><span class='ocrx_word' id='word_1_868' title='bbox 1477 2741 1499 2756; x_wconf 81' lang='grc'><strong>⁷⁷</strong></span> <span class='ocrx_word' id='word_1_869' title='bbox 1515 2741 1650 2776; x_wconf 81' lang='grc' dir='ltr'>μανθάνον</span> <span class='ocrx_word' id='word_1_870' title='bbox 1672 2749 1703 2774; x_wconf 86' lang='grc' dir='ltr'>ς.</span> <span class='ocrx_word' id='word_1_871' title='bbox 1751 2741 1776 2757; x_wconf 80' lang='grc'><strong>⁷⁸</strong></span> <span class='ocrx_word' id='word_1_872' title='bbox 1791 2742 1869 2770; x_wconf 67' lang='grc' dir='ltr'>οὔτε</span> 
     </span>
    </p>
   </div>
   <div class='ocr_carea' id='block_1_113' title="bbox 1406 2775 1635 2810">
    <p class='ocr_par' dir='ltr' id='par_1_113' title="bbox 1406 2775 1635 2810">
     <span class='ocr_line' id='line_1_113' title="bbox 1406 2775 1635 2810; baseline 0.009 -8"><span class='ocrx_word' id='word_1_873' title='bbox 1406 2776 1427 2791; x_wconf 82' lang='grc'><strong>⁸¹</strong></span> <span class='ocrx_word' id='word_1_874' title='bbox 1448 2775 1589 2804; x_wconf 73' lang='grc' dir='ltr'>εὐσέϐειαν</span> <span class='ocrx_word' id='word_1_875' title='bbox 1605 2786 1635 2810; x_wconf 83' lang='grc' dir='ltr'>ς.</span> 
     </span>
    </p>
   </div>
   <div class='ocr_carea' id='block_1_114' title="bbox 991 2836 1104 2865">
    <p class='ocr_par' dir='ltr' id='par_1_114' title="bbox 991 2836 1104 2865">
     <span class='ocr_line' id='line_1_114' title="bbox 991 2836 1104 2865; baseline 0 -1"><span class='ocrx_word' id='word_1_876' title='bbox 991 2836 1104 2865; x_wconf 64' lang='lat' dir='ltr'><strong>NOTAE.</strong></span> 
     </span>
    </p>
   </div>
   <div class='ocr_carea' id='block_1_115' title="bbox 259 2882 1300 2919">
    <p class='ocr_par' dir='ltr' id='par_1_115' title="bbox 259 2882 1300 2919">
     <span class='ocr_line' id='line_1_115' title="bbox 259 2882 1300 2919; baseline 0.001 -10"><span class='ocrx_word' id='word_1_877' title='bbox 259 2882 314 2917; x_wconf 78' lang='lat'><strong>(65)</strong></span> <span class='ocrx_word' id='word_1_878' title='bbox 330 2882 428 2909; x_wconf 72' lang='lat' dir='ltr'><strong>Extcio</strong></span> <span class='ocrx_word' id='word_1_879' title='bbox 443 2883 485 2910; x_wconf 91' lang='lat' dir='ltr'><strong>hic</strong></span> <span class='ocrx_word' id='word_1_880' title='bbox 503 2883 623 2910; x_wconf 78' lang='lat' dir='ltr'><strong>voculum</strong></span> <span class='ocrx_word' id='word_1_881' title='bbox 643 2883 696 2918; x_wconf 64' lang='grc' dir='ltr'><strong>γὰρ</strong></span> <span class='ocrx_word' id='word_1_882' title='bbox 712 2891 742 2911; x_wconf 80' lang='lat' dir='ltr'><strong>cx</strong></span> <span class='ocrx_word' id='word_1_883' title='bbox 766 2885 933 2919; x_wconf 70' lang='lat' dir='ltr'><strong>przccedeutc</strong></span> <span class='ocrx_word' id='word_1_884' title='bbox 948 2884 1058 2914; x_wconf 78' lang='lat' dir='ltr'><strong>forsitan</strong></span> <span class='ocrx_word' id='word_1_885' title='bbox 1074 2892 1152 2911; x_wconf 75' lang='lat' dir='ltr'><strong>versu</strong></span> <span class='ocrx_word' id='word_1_886' title='bbox 1178 2883 1300 2917; x_wconf 80' lang='lat' dir='ltr'><strong>illapsam</strong></span> 
     </span>
    </p>
   </div>
  </div>
