1920 3090
39 146 92 178 869

578 145 842 176 BIBLIOTHECA.
851 157 885 163 —
899 145 982 176 COD.
1000 146 1158 176 CCXX‘lII.

1620 148 1675 180 870

38 211 104 238 ματι
128 201 384 237 ταπεινοφροσύνης
406 200 529 237 χαλεπὴν
543 201 652 236 ἀπάτην
667 203 832 236 εἰσάγοντος.

888 203 1022 231 allirmare
1040 203 1166 231 eumdem
1181 207 1209 231 et
1220 203 1255 232 ad
1276 203 1375 231 malum
1389 203 1540 240 impellere,
1560 209 1589 233 et
1609 213 1679 242 quos

36 249 70 275 Τὸ
93 248 121 274 δὲ
148 248 199 284 τῆς
221 247 365 280 εὐσεϐείας
381 248 458 282 γένος
479 247 529 283 οὐχ
543 247 648 283 ὑϐρίζει
662 247 729 275 Θεὸν
744 248 778 276 δι’
794 245 832 276 ὧν

34 295 106 321 δοκεῖ
118 295 217 329 τιμᾷν,
232 295 294 321 οὐδὲ
310 294 360 329 τὴν
375 294 459 321 αὐτοῦ
475 295 584 330 ἀναιρεί
597 294 765 330 ἀγαθόιι-ητα.
777 295 833 323 τῶν

34 341 127 368 κακῶν
141 340 219 376 αὐτῷ
233 341 283 376 τὴν
294 340 418 373 ἐξουσίαν
434 341 564 376 παρέχον.
574 340 689 367 Ἀδικεῖν
704 341 758 377 γὰρ
770 340 833 368 οὔτε

33 385 103 414 οἶδεν
125 385 191 414 οῦτε
212 388 358 422 δυνήσεται
377 388 392 422 ἡ
410 387 456 414 τοῦ
474 386 541 414 Θεοῦ
559 387 669 420 ἐξουσία
681 394 688 402 ’
705 388 736 414 οὐ
760 388 834 415 ποιεῖ

33 433 116 468 φονέει
131 433 182 460 καὶ
200 432 321 465 κολάζει,
337 432 392 459 οὐδ’
407 431 575 468 ἀπαγορεύει
589 432 697 459 πταίειν
711 433 760 460 καὶ
772 433 832 468 βιάο

33 480 109 511 ζεται
136 478 310 514 παρακούειν
338 479 385 506 καὶ
412 478 627 514 παρακούσαντα
657 480 831 514 τιμωρεῖται.

32 526 126 553 Ταῦτα
141 524 206 552 οὔτε
223 525 325 560 πρέπει
341 524 401 560 Θεῷ
415 524 479 551 οὔτε
495 525 611 560 εὐσεϐὴς
624 524 712 557 οὐδεὶς
725 525 832 561 δέχεται

32 571 176 606 λογισμός,
196 571 237 597 Τὰ
256 570 286 597 δὲ
305 570 445 606 πρέποντα
460 571 587 606 νοοῦμεν.
602 571 650 597 καὶ
670 571 725 598 τῶν
740 572 768 598 έν
785 572 833 598 κὸ-

33 627 94 653 σμῳ
108 617 265 653 γινομένων
277 617 327 653 τὴν
341 617 461 652 παντελῆ
484 617 637 652 κατάληψιν
654 616 730 652 αὐτῷ
745 626 834 652 παρα-

34 663 190 700 ιωροῦμεν,
205 663 254 690 καὶ
267 663 432 690 καταλαϐεῖν
447 663 479 690 οὐ
495 663 717 698 φιλονεικοῦμεν,
733 663 834 694 εἰδότες

32 711 68 742 ὡς
83 710 114 736 ού
132 708 474 744 καταληψόμεθα.Ἀληθῆ
491 709 520 735 δὲ
536 708 604 736 Θεοῦ
619 709 743 741 ἐξουσίαν
754 709 834 745 ἴσμεν

32 757 61 783 τὺ
76 757 148 791 μήτε
160 756 290 791 πονηρῶν
303 755 437 790 ἡττᾶσθαι
450 755 498 782 καὶ¹
511 755 580 791 πρὸς
593 755 624 782 τὸ
633 756 688 783 τῶν
701 756 834 791 δημιουρ-

33 802 168 837 γηματων
184 801 327 836 συμφέρον
343 801 496 836 κεχρῆσθαι
511 802 544 836 τῇ
561 801 719 837 ἀγαθότητι.
733 802 834 828 Σκόπει

31 848 58 874 δὲ
88 848 224 874 κάκεῖνο⁸
247 847 291 873 Ἑν
319 847 492 882 κυνηγεσίοις
507 847 690 883 παροξύνουσι
715 847 834 883 ταύρους

32 893 132 928 πρὸς⁸¹
149 893 243 928 μάχην
263 893 443 929 ἐρεθίζοντες,
459 894 512 920 κᾶν
537 893 574 928 μὴ
598 893 755 928 χρήσωνται
777 894 834 925 τοῖς

33 940 141 974 θυμοῖς,
158 938 363 973 ἀγανακτοῦσιν
379 939 403 965 οἱ
417 939 561 966 δεσπόται·
573 939 587 965 ὁ
600 939 629 965 δὲ
639 938 694 965 τῶν
709 938 833 974 ἀστέρων

31 986 131 1021 tif/4w:
157 986 223 1017 τοὺς
247 985 426 1021 πειθομένους
437 986 504 1017 ίτοῖς
525 985 616 1012 αὐτῶν
631 984 835 1019 ἀποτελέσμασι

34 1033 164 1065 enicat;
177 1032 351 1068 ἀμείϐονται.
367 1032 485 1064 Δούλους
498 1032 580 1060 πάλιν
592 1032 673 1067 ἡμεῖς
687 1031 835 1059 ἀπειθοῦν-

33 1088 79 1111 τας
94 1079 264 1114 κολάζομεν,
275 1079 401 1114 τιμῶμεν
411 1078 440 1106 δὲ
455 1078 644 1111 ὑπακούοντας
655 1088 662 1095 ·
676 1079 693 1114 ἡ
706 1078 736 1105 δὲ
750 1078 838 1106 ταῦτα

34 1127 103 1151 νοεῖν
133 1134 165 1152 τε
192 1126 243 1152 καὶ
269 1124 401 1160 πράττειν
433 1125 628 1160 ἀναγκάζουσα
653 1124 760 1160 γένεσις
787 1124 836 1152 καὶ

34 1170 142 1196 πταίειν
158 1169 346 1205 παρακελεύει
360 1169 409 1197 καὶ
421 1170 570 1206 τιμωρίαις
580 1170 681 1204 ὑπάγει
695 1171 759 1202 τοὺς
773 1178 836 1197 πει-

36 1215 161 1248 σθέντας,
178 1216 227 1242 καὶ
250 1216 325 1251 ἡμᾶς
353 1215 404 1252 μὲν
426 1216 549 1249 δικαίους
574 1216 672 1252 πρὺς³³
692 1216 756 1248 τοὺς
781 1215 834 1243 ὑπὸ

35 1264 112 1297 χεῖρα
139 1262 199 1289 ἔσθ’
214 1263 259 1289 ὅτε
276 1264 359 1296 ποιεῖ,
377 1263 447 1298 αὑτὴ
470 1263 499 1290 δὲ
519 1263 555 1295 τὰ
568 1262 724 1291 ἀδικώτατα
739 1263 834 1298 δρῶσα

36 1309 73 1339 εἰς
99 1308 178 1343 ἡμᾶς
205 1307 256 1334 οὐκ
277 1305 523 1344 αἰσχύνεται.’Δρ“
543 1308 594 1335 οὐκ
618 1309 722 1344 ἐσχάτη
748 1309 834 1344 μανία

34 1353 120 1381 ταῦτα
136 1354 279 1389 νομίζειν;
298 1353 379 1381 Ἀλλὰ
400 1353 514 1381 τοιαῦτα
537 1353 589 1390 μὲν
603 1354 651 1381 καὶ
664 1353 696 1381 τὸ
709 1353 736 1390 μ’
751 1354 799 1381 καὶ
813 1353 835 1380 ε’

34 1401 216 1435 διαλαμϐάνει
230 1401 389 1436 κεφάλαιον.

886 257 919 277 eo
929 257 977 285 per
986 250 1106 284 genesim
1125 249 1275 285 impulerit,
1291 251 1465 278 nihilominus
1490 251 1588 287 punire
1602 260 1610 285 ;
1626 261 1678 280 non

886 300 951 323 sunt
972 295 1030 323 haec
1053 296 1180 323 modeste
1191 295 1338 330 loquentis,
1365 297 1411 324 sed
1433 297 1490 331 ipsa
1507 298 1681 326 demissiouis

886 342 975 377 specie
987 342 1013 368 in
1029 350 1137 377 gravem
1151 349 1270 370 errorem
1288 342 1449 370 iuducentis.
1464 344 1498 371 At
1516 352 1581 372 vero
1595 345 1681 379 pieta-

887 391 940 414 tem
961 387 1053 414 colens
1082 387 1202 420 soboles,
1227 387 1328 414 nullam
1347 388 1402 415 Deo
1426 388 1551 424 injuriatn
1572 397 1619 424 per
1634 389 1679 416 illa

887 433 980 460 eadem
1006 432 1082 465 facit,
1098 440 1145 468 per
1167 433 1330 468 qumipsum
1351 433 1440 461 colere
1460 441 1490 461 se
1508 435 1657 462 arbitratur
1670 454 1678 465 ,

886 486 975 513 neque
991 478 1050 513 ejus
1076 479 1145 506 tollit
1161 479 1320 512 bonitatem,
1339 480 1471 507 tnalorum
1484 481 1534 515 ipsi
1556 486 1678 516 potesta-

887 529 942 553 tetn
959 525 1144 557 attribuendo,
1156 525 1280 559 iniuriam
1294 526 1366 553 enim
1380 526 1471 553 facere
1493 534 1579 561 neqtte
1598 527 1680 554 modo

887 571 971 604 ttovit,
994 578 1082 606 neque
1096 579 1214 606 unquam
1228 572 1328 607 poterit
1345 572 1436 599 divina
1452 573 1570 607 potentia
1589 582 1596 600 :
1613 580 1678 606 non,

886 626 967 654 quem
984 620 1041 647 haec
1063 619 1225 646 homicidam
1253 619 1328 650 fecit,
1348 623 1443 654 postea
1465 609 1604 654 castigat;
1626 627 1678 646 non

887 667 923 694 ita
946 665 1073 701 prohibet
1085 665 1151 697 labi,
1175 670 1205 692 ut
1219 665 1317 692 deinde
1333 670 1361 692 et
1374 669 1455 699 cogat
1476 672 1529 692 non
1542 664 1680 698 obtempe-

887 721 950 741 rare
971 717 1116 748 praecepto,
1133 716 1160 739 et
1182 712 1276 746 puniat
1297 711 1488 747 negligentem.
1515 711 1577 738 llaec
1593 719 1680 745 neque

888 757 915 785 in
932 757 1016 785 Deum
1037 758 1148 789 cadunt,
1168 765 1256 792 neque
1273 765 1287 783 a
1302 758 1344 791 pia
1370 762 1461 784 mente
1486 757 1679 784 admittuntur.

886 801 944 829 Nos
962 806 1052 828 autem
1077 808 1136 835 qua:
1150 805 1332 828 consentanea
1349 805 1412 828 sunt
1425 806 1515 828 ntente
1532 802 1679 836 agitantes,

887 846 1007 881 perfecte
1021 846 1103 874 Deum
1116 847 1207 874 omnia
1223 854 1283 881 qua:
1296 847 1322 874 in
1339 847 1440 874 mundo
1453 847 1537 879 ,liunt,
1554 854 1680 881 compre-

849 887 871 915 Β
885 893 1004 920 hendere
1021 892 1137 919 fatemur
1154 900 1161 925 ;
1178 897 1205 918 at
1223 900 1274 919 non
1287 893 1368 920 etiam
1390 893 1680 927 ipsicompreheudere

886 938 944 966 haec
963 938 1162 970 contendimus,
1188 939 1256 966 certi
1278 946 1326 966 nos
1341 942 1478 974 nunquam
1496 939 1674 974 comprehen-

887 993 978 1014 suros.
1008 986 1139 1013 Caeterum
1161 986 1230 1013 hanc
1251 993 1311 1013 esse
1337 994 1428 1013 veram
1456 985 1504 1014 Dei
1531 987 1679 1020 potentiam

888 1031 1071 1066 agnoscimus,
1089 1032 1160 1066 quod
1175 1039 1263 1067 neque
1278 1041 1292 1059 a
1311 1032 1388 1060 malis
1408 1032 1553 1067 aliquando
1565 1040 1678 1068 supere-

890 1081 946 1111 tur,
963 1082 991 1105 et
1003 1079 1074 1111 quod
1092 1078 1116 1104 in
1135 1085 1226 1105 rerum
1244 1078 1416 1105 conditarum
1443 1078 1586 1106 utilitatem
1599 1078 1680 1106 boni—

890 1127 947 1151 tate
958 1127 1059 1150 utatur.
1074 1123 1109 1150 At
1122 1127 1149 1150 tu
1167 1123 1233 1150 mihi
1245 1123 1326 1150 etiam
1341 1123 1404 1150 illud
1421 1124 1572 1151 considera.
1586 1123 1680 1151 Solent

889 1168 917 1197 iu
944 1168 1137 1197 venationibus
1162 1169 1231 1196 tauri
1256 1168 1376 1197 stimulis
1394 1169 1519 1201 excitari,
1538 1174 1619 1204 atque
1645 1169 1679 1197 ad

888 1215 1060 1249 pugnandum
1070 1214 1210 1250 proritari,
1221 1213 1341 1242 dolorem
1357 1222 1465 1249 quoque
1482 1214 1582 1249 220a
1593 1215 1681 1242 domi-

887 1261 931 1288 nis
939 1260 1131 1293 sentientibus,
1141 1260 1164 1288 si
1176 1259 1244 1288 forte
1259 1261 1349 1288 minus
1357 1261 1566 1288 excandescant.
1580 1259 1680 1287 Verum

888 1311 1026 1336 astrorum
1052 1307 1097 1335 ille
1118 1314 1216 1334 cursus
1242 1311 1329 1334 morte
1360 1312 1550 1334 remuneratur
1563 1313 1611 1334 eos
1633 1306 1679 1341 qui

889 1353 975 1388 ipsius
999 1352 1127 1381 fatalibus
1158 1353 1275 1381 decretis
1299 1353 1445 1381 obsecutus
1465 1352 1555 1380 fuerit.
1580 1352 1681 1380 Servos

886 1398 1094 1427 adhatcuostros
1104 1398 1293 1434 itnmorigeros
1304 1398 1480 1433 castigamus,
1498 1399 1680 1433 obsequentes

34 1449 149 1484 pramio
163 1448 353 1476 allicimus.At
367 1448 414 1476 illa
424 1456 485 1484 quae
496 1448 554 1476 haec
569 1447 689 1483 cogitare
700 1454 733 1475 ac
745 1446 837 1474 facere
851 1445 924 1481 cogit
937 1446 1093 1482 genesis,et
1103 1445 1155 1473 labi
1172 1446 1259 1480 jubet,
1292 1450 1319 1474 et
1336 1452 1482 1481 persuasos
1512 1445 1679 1473 cruciatibus

34 1493 156 1528 subjicit.
172 1493 274 1521 Eadem
291 1492 355 1520 item
373 1501 423 1521 nos
436 1493 546 1528 quidem
565 1492 654 1528 justos
669 1492 697 1520 in
710 1491 834 1520 subditos
870 1490 1007 1519 interdum
1033 1491 1109 1524 facit,
1133 1497 1196 1518 cum
1221 1492 1277 1526 ipsa
1301 1491 1411 1519 interim
1445 1491 1623 1526 injustissima
1649 1492 1678 1519 in

34 1550 83 1569 nos
97 1541 274 1568 committere
291 1548 343 1568 non
358 1541 512 1570 erubescat.
525 1541 622 1568 Annon
649 1540 732 1576 igitur
747 1542 878 1567 extremae
898 1538 1041 1566 dementiae
1065 1538 1123 1566 haec
1141 1543 1263 1565 statuere
1285 1538 1296 1564 ’ἐ
1317 1538 1407 1574 Atque
1440 1538 1498 1566 haec
1528 1538 1622 1572 quinto
1650 1542 1678 1566 et

33 1588 249 1622 quadragesimo
262 1587 353 1622 capite
363 1588 484 1617 disserit.

68 1634 135 1670 [697
148 1632 197 1670 Κ]
218 1634 262 1660 Ἐν
273 1633 302 1661 δὲ
314 1633 354 1669 τῷ
366 1633 414 1668 μς’
424 1635 507 1670 φησὶν
518 1635 556 1667 ὡς
568 1635 621 1662 ὒπὺ
633 1634 684 1670 τῆς
699 1636 835 1671 γενεθλια-

926 1631 1139 1667 Quadragesimo
1152 1635 1231 1658 sexto
1257 1630 1344 1665 capite
1359 1631 1457 1658 asserit
1490 1631 1550 1658 illos
1566 1639 1581 1658 a
1597 1640 1681 1667 gene-

32 1680 128 1715 λογίας
145 1681 171 1706 οἱ
189 1680 357 1715 ἐκμανέντες
381 1680 430 1707 καὶ
450 1681 622 1716 Δημιουργὺν
637 1682 694 1709 τῶν
707 1681 837 1709 ἁπάντων

33 1726 221 1753 ὑποτάττουσι
237 1726 336 1763 ταύτῃ.
353 1727 424 1754 Φασὶ
436 1727 502 1762 γὰρ,
517 1727 612 1763 ὥσπερ
628 1728 659 1755 τὸ
673 1727 836 1764 δικαιοπρα-

32 1776 91 1806 γεῖν
106 1773 166 1800 ἀπὸ
178 1772 315 1807 γενέσεως
325 1793 333 1805 ,
345 1772 419 1800 οὓτω
434 1773 482 1800 καὶ
496 1773 526 1800 τὸ
542 1773 764 1810 προσευχόμενον
776 1774 834 1801 εἱσ-

31 1819 188 1847 ακούεσθαι
201 1819 249 1846 καὶ
261 1818 292 1846 τὸ
306 1818 476 1854 πληροῦσθαι
492 1818 560 1846 Θεοῦ
576 1820 729 1855 παρουσίας
742 1821 790 1847 καὶ
805 1820 836 1847 τὸ

31 1864 239 1899 καταξιοῦσθαι
262 1864 407 1900 θειοτέρων
429 1865 723 1900 ἁποκαλύψεων.Ὧστε
745 1866 775 1899 ὲξ
797 1863 836 1894 ὧν

31 1913 160 1947 τολμῶσι
172 1911 264 1945 λέγειν
273 1932 281 1944 ,
297 1911 343 1938 τὸν
358 1911 426 1938 Θεὸν
439 1912 578 1948 ὑπηρέτην
591 1913 769 1947 ἀποφαίνουσι
785 1913 835 1949 τῆς

31 1958 184 1991 γενέσεως,
200 1957 335 1984 κάκείνων
350 1958 498 1993 εὐεργέτην
514 1956 555 1989 οἷς
570 1958 603 1985 ἂν
620 1960 636 1985 ό
657 1959 760 1994 ταύτης
773 1958 835 1995 δρό-

33 2013 84 2039 μος
97 2004 162 2031 ab“
176 2004 295 2039 πάσχειν
308 2002 339 2031 εὖ
353 2004 499 2040 ἐχαρίσατο
509 2013 517 2020 ·
530 2002 560 2032 οὗ
574 2005 601 2032 τί
614 2005 648 2031 ἂν
661 2005 704 2041 εἴη
718 2005 836 2032 ἀθεώτε-

32 2060 81 2087 ρον
97 2051 116 2085 ἦ
131 2050 364 2085 δυσσεϐέστερον;
380 2051 413 2078 Ei
431 2050 460 2077 δὲ
481 2049 568 2078 ταῦτα
592 2051 640 2078 καὶ
663 2051 698 2078 τὰ
723 2051 835 2078 τοιαῦτα

30 2097 83 2131 τῆς
97 2094 277 2130 εἱμαρμένης
289 2094 447 2130 ἀφαιροῦσι,
465 2087 501 2122 τά
515 2095 633 2130 μέγιστα
651 2096 707 2123 τῶν
724 2095 835 2130 ἀγαθῶν

31 2141 123 2174 αὐτῆς
139 2140 356 2175 ἀποτέμνοντες,
371 2140 454 2176 μόνης
468 2140 609 2173 δεσπόζειν
623 2141 756 2177 πονηρίας
770 2142 836 2169 ἀνα-

30 2189 204 2223 γράφουσιν.
229 2186 312 2213 ¹Δλλὰ
333 2187 380 2214 καὶ
402 2187 544 2219 πλείστους
569 2187 669 2220 ἔδειξεν
692 2188 706 2214 ὁ
730 2188 838 2224 μακρὸς

31 2235 134 2270 χρόνος
159 2233 192 2266 ἐξ
216 2233 318 2268 ἀρετῆς
344 2234 384 2265 είς
407 2233 507 2260 κακίαν
530 2233 750 2268 μεταϐαλόντας·
764 2234 835 2262 ὥστε

33 2282 119 2308 πάλιν
134 2281 238 2316 κρατεῖ
251 2277 289 2306 ὧν
302 2279 352 2306 οὐκ
366 2280 488 2314 ἐκράτει,
501 2280 564 2312 τοὺς
577 2279 698 2314 ἀγαθοὺς
711 2281 752 2312 είς
763 2281 834 2316 φαύ-

31 2327 98 2358 iam;
112 2325 336 2362 μετακινήσασα.
347 2325 441 2357 Οὕτως
454 2326 472 2361 ἡ
488 2325 589 2360 ταύτης
602 2325 730 2358 ὑπόθεσις
747 2327 836 2354 πάντα

34 2374 136 2408 συγχεί
161 2371 213 2399 καὶ
225 2371 365 2407 ταράττει,
380 2371 428 2398 καὶ
444 2371 498 2406 πρὸ
512 2371 622 2399 πάντων
636 2372 736 2407 ἑαυτὴν
749 2381 835 2400 κατα-

34 2418 132 2444 ϐάλλει
145 2425 178 2444 τε
191 2416 241 2444 καὶ
254 2416 427 2452 περιτρέπει.

70 2509 160 2542 Λέγει
175 2508 204 2535 δὲ
220 2508 293 2535 κατὰ
307 2508 338 2534 τὸ
352 2507 415 2541 ἑξῆς
430 2507 577 2542 κεφάλαιον
590 2507 631 2544 (ζ’
644 2508 673 2535 δὲ
689 2508 767 2536 τοῦτό
779 2510 838 2537 ἐστι

35 2555 84 2581 καὶ
101 2555 141 2589 μ’)
161 2555 201 2585 ὡς
211 2554 261 2581 καὶ
277 2553 332 2580 τῶν
345 2554 410 2589 παρ’
425 2554 538 2589 Ἕλλησι
554 2555 793 2590 φιλοσοφησάντων
804 2556 839 2583 τὰ

36 2599 156 2626 τοιαῦτά
181 2607 257 2631 τινες
279 2600 326 2626 ἐπὶ
348 2599 411 2626 νοῦν
435 2599 543 2634 θέμενοι
564 2600 624 2626 eo"
638 2600 688 2635 τῆς
706 2601 840 2635 γενέσεως

36 2645 241 2681 έμυσὰχθησάν
265 2654 295 2672 τε
319 2646 367 2672 καὶ
390 2646 575 2680 κατεγέλασαν
593 2646 716 2681 πλάσμα.
741 2647 839 2674 Καίτοι

34 2689 83 2714 τόν
98 2697 130 2715 τε
142 2689 261 2724 οὐρανὸν
276 2689 421 2725 σφαιρικὸν
435 2690 512 2717 οὐδὲν
525 2687 608 2726 ἦττον
622 2690 638 2726 ἢ
651 2687 727 2718 οὗτοι
745 2692 838 2726 ἐδόξα-

38 2735 98 2767 ζον,
113 2735 166 2760 καὶ
191 2733 246 2770 μὴν
261 2733 309 2761 καὶ
331 2734 381 2770 τὴν
401 2734 457 2761 τῶν
473 2734 576 2767 ζωδίων
588 2734 714 2762 σύνθεσιν
726 2737 774 2763 καὶ
789 2736 838 2772 τὴν

39 2779 96 2806 τῶν
113 2780 262 2816 πλανήτων
277 2781 385 2816 κίνησιν
397 2781 448 2808 οὐκ
462 2781 550 2813 ἄλλως
572 2781 707 2817 ἐνόμιζον.
721 2782 770 2814 Τίς
791 2782 838 2810 οὖν

897 1678 1037 1714 thlialogia
1051 1677 1234 1710 dementatos,
1245 1677 1364 1704 onmium
1377 1683 1486 1712 quoque
1500 1678 1679 1705 architectum

886 1725 971 1753 Deum
994 1723 1081 1751 eidem
1109 1722 1261 1757 subjicere.
1288 1721 1326 1749 Ita
1341 1722 1415 1749 enim
1441 1722 1606 1757 loquuntur,
1630 1723 1680 1757 ait,

886 1769 1113 1807 quemadmodum
1137 1769 1209 1804 juste
1226 1769 1318 1796 vivere
1338 1776 1352 1795 a
1370 1768 1462 1804 genesi
1476 1768 1678 1802 ,proticiseitur,

886 1817 927 1845 sic
939 1821 967 1844 et
980 1820 1104 1843 orantem
1124 1814 1257 1847 exaudiri,
1276 1819 1303 1841 et
1327 1814 1374 1841 Dei
1393 1814 1535 1849 pnesmtia
1563 1814 1678 1849 itnpleri,

886 1868 913 1891 et
927 1862 1025 1890 divinis
1039 1861 1144 1896 dignari
1158 1860 1383 1895 apparitionibus.
1403 1859 1456 1888 Per
1474 1868 1505 1887 ea
1521 1860 1602 1895 igitur
1621 1868 1681 1895 qtne

886 1915 1009 1936 asserere
1023 1907 1071 1941 ipsi
1085 1907 1197 1938 audent,
1211 1906 1294 1933 Deum
1306 1913 1368 1934 esse
1379 1913 1512 1941 geneseos
1525 1906 1680 1933 ministrum

886 1955 1039 1986 declarant,
1058 1958 1140 1988 atque
1158 1953 1185 1980 in
1205 1960 1253 1980 eos
1268 1953 1342 1980 solos
1364 1960 1424 1980 esse
1444 1952 1606 1985 heneticum,
1621 1952 1681 1987 qui-

886 1999 935 2028 bus
952 1999 1034 2034 hujus
1052 2006 1150 2026 cursus
1164 1998 1328 2026 beneﬁcium
1343 1998 1467 2033 accipere
1483 1998 1599 2033 benigne
1615 2005 1682 2025 cou-

885 2045 1011 2073 cesserit.
1033 2043 1093 2077 Quo
1105 2044 1178 2078 .quid
1192 2051 1254 2072 esse
1266 2044 1352 2079 possit
1369 2044 1480 2079 itnpium
1501 2045 1585 2080 magis
1599 2044 1610 2071 Ἰ
1633 2044 1680 2071 Sin

886 2093 945 2121 haec
964 2098 1047 2128 atque
1063 2093 1105 2120 his
1119 2092 1218 2120 similia
1234 2092 1369 2125 aditnunt,
1383 2092 1439 2126 jatn
1462 2093 1589 2121 maximis
1601 2093 1635 2120 ab
1649 2100 1682 2120 eo

886 2139 965 2167 bonis
980 2139 1104 2172 divulsis,
1114 2139 1140 2166 in
1150 2146 1231 2166 unam
1251 2138 1388 2166 duntaxat
1402 2139 1535 2166 dominari
1550 2139 1680 2166 malitiam

885 2186 1056 2220 scripserint.
1075 2185 1202 2212 Attamen
1226 2189 1332 2220 tempus
1347 2185 1438 2212 docuit
1453 2193 1532 2220 quam
1551 2185 1681 2220 plurimos

886 2238 902 2258 e
931 2231 1009 2259 bonis
1036 2231 1121 2258 malos
1136 2230 1257 2258 evasisse
1271 2239 1279 2264 ;
1299 2231 1334 2257 ita
1349 2234 1379 2257 ut
1390 2231 1490 2265 probos
1507 2230 1533 2258 in
1543 2231 1682 2265 iutprobos

887 2278 1089 2309 commutando,
1117 2277 1144 2303 in
1163 2283 1210 2303 eos
1236 2283 1346 2303 rursum
1359 2280 1521 2310 potestatem
1548 2276 1680 2309 obtineat,

888 2324 934 2358 qui
957 2323 991 2350 ab
1014 2323 1072 2357 ejus
1095 2323 1214 2357 potentia
1229 2322 1307 2349 liberi
1328 2327 1415 2350 erant.
1441 2321 1517 2349 Adeo
1536 2322 1599 2349 dum
1624 2323 1682 2350 haec

889 2369 1031 2400 statuitur,
1049 2368 1143 2396 omnia
1155 2368 1359 2397 confunduntur
1371 2372 1453 2403 atque
1470 2369 1679 2402 conturbantur,

889 2421 917 2444 et
932 2417 974 2444 vel
992 2417 1050 2451 ipsa
1074 2424 1136 2444 sese
1153 2421 1216 2444 ante
1230 2416 1321 2445 omnia
1336 2415 1496 2451 prosternit,
1510 2423 1544 2444 ac
1563 2415 1681 2444 circum-

891 2463 995 2498 agendo
1007 2463 1120 2490 evertit.
1578 2480 1581 2481 ν

925 2509 1082 2537 Proximum
1108 2509 1206 2537 deinde
1234 2514 1320 2544 caput
1345 2509 1511 2546 (septimum
1542 2509 1569 2537 id
1596 2512 1682 2537 estet

895 2555 1145 2591 quadragesimum)
1154 2556 1261 2589 asserit,
1271 2555 1384 2583 Graecos
1394 2555 1497 2591 aliquot
1506 2555 1679 2591 philosophos

890 2601 949 2628 hate
972 2600 1063 2627 animo
1084 2600 1302 2631 considerantes.
1327 2600 1391 2628 illud
1410 2601 1443 2628 de
1457 2601 1548 2637 genesi
1568 2602 1679 2635 ligmen-

890 2650 948 2673 tum
964 2646 1112 2674 detestatos
1135 2653 1198 2675 esse
1221 2651 1302 2682 atque
1322 2646 1442 2674 irrisisse
1455 2666 1463 2679 ,
1484 2654 1636 2681 quanqttatn
1653 2651 1679 2674 et

892 2692 991 2720 cmlum
1005 2693 1091 2727 ipsum
1104 2700 1158 2720 non
1175 2699 1254 2721 secus
1271 2697 1356 2727 atque
1367 2692 1404 2720 illi
1419 2693 1558 2728 globosum
1573 2699 1680 2720 assere-

893 2741 956 2765 rent
972 2745 980 2771 ;
1005 2741 1033 2765 et
1050 2745 1105 2766 non
1116 2737 1195 2766 aliter
1210 2738 1243 2766 de
1257 2738 1399 2774 signorum
1414 2738 1620 2773 compositione,
1633 2738 1680 2765 de-

891 2791 945 2819 que
956 2785 1106 2813 errantium
1121 2785 1261 2815 stellarum
1283 2789 1358 2815 motu
1372 2789 1533 2814 statuerent.
1550 2784 1679 2815 Quaenam

693 2831 813 2859 VARI/1‘1
835 2831 1041 2861 LEC'I'IONES.

77 2876 103 2891 "
119 2876 199 2913 πρὸς]
213 2876 252 2910 ὡς
268 2878 300 2904 Α.
338 2878 361 2894 ⁸³
374 2877 455 2915 πρδς]
465 2878 503 2911 ὡς
517 2880 550 2907 Δ.
585 2879 609 2897 ⁸³
621 2880 721 2916 δρόμος
739 2880 840 2916 ταύτης
860 2889 890 2912 ς.

941 2881 963 2898 ⁸⁸
975 2881 1005 2909 τὸ
1018 2881 1080 2909 add.
1097 2882 1129 2908 Α.
