  <div class='ocr_page' id='page_1' title='image "/cluster/home/n/w/nwhite01/storage/ocr_20150623/103/njp.32101010943882/560.png"; bbox 0 0 1920 3090; ppageno 0'>
   <div class='ocr_carea' id='block_1_1' title="bbox 13 147 1123 183">
    <p class='ocr_par' dir='ltr' id='par_1_1' title="bbox 13 147 1123 183">
     <span class='ocr_line' id='line_1_1' title="bbox 13 147 1123 183; baseline 0.001 -5"><span class='ocrx_word' id='word_1_1' title='bbox 13 153 54 183; x_wconf 66' lang='lat'><strong>873</strong></span> <span class='ocrx_word' id='word_1_2' title='bbox 525 147 785 179; x_wconf 68' lang='lat' dir='ltr'><strong>BlllLlOTIIECA.</strong></span> <span class='ocrx_word' id='word_1_3' title='bbox 800 159 833 164; x_wconf 88' lang='grc'><strong>-·</strong></span> <span class='ocrx_word' id='word_1_4' title='bbox 852 147 933 178; x_wconf 88' lang='lat' dir='ltr'><strong>COD.</strong></span> <span class='ocrx_word' id='word_1_5' title='bbox 964 148 1123 180; x_wconf 76' lang='lat' dir='ltr'><strong>CCXXIII.</strong></span> 
     </span>
    </p>
   </div>
   <div class='ocr_carea' id='block_1_2' title="bbox 1585 145 1638 184">
    <p class='ocr_par' dir='ltr' id='par_1_2' title="bbox 1585 145 1638 184">
     <span class='ocr_line' id='line_1_2' title="bbox 1585 145 1638 184; baseline -0.019 0"><span class='ocrx_word' id='word_1_6' title='bbox 1585 145 1638 184; x_wconf 70' lang='lat' dir='ltr'><strong>8it</strong></span> 
     </span>
    </p>
   </div>
   <div class='ocr_carea' id='block_1_3' title="bbox 13 203 798 243">
    <p class='ocr_par' dir='ltr' id='par_1_3' title="bbox 13 204 793 243">
     <span class='ocr_line' id='line_1_3' title="bbox 13 204 793 243; baseline -0.005 -9"><span class='ocrx_word' id='word_1_7' title='bbox 13 210 136 243; x_wconf 71' lang='grc' dir='ltr'><strong>;ι).ουντα</strong></span> <span class='ocrx_word' id='word_1_8' title='bbox 163 207 323 242; x_wconf 81' lang='grc' dir='ltr'>συμϐαίνειν</span> <span class='ocrx_word' id='word_1_9' title='bbox 345 205 453 232; x_wconf 75' lang='grc' dir='ltr'>δοκοῦσι</span> <span class='ocrx_word' id='word_1_10' title='bbox 472 205 626 240; x_wconf 82' lang='grc' dir='ltr'>προλέγειν,</span> <span class='ocrx_word' id='word_1_11' title='bbox 642 205 667 231; x_wconf 88' lang='grc' dir='ltr'>τί</span> <span class='ocrx_word' id='word_1_12' title='bbox 685 204 793 238; x_wconf 85' lang='grc' dir='ltr'>θαυμα-</span> 
     </span>
    </p>
   </div>
   <div class='ocr_carea' id='block_1_4' title="bbox 854 203 1638 243">
    <p class='ocr_par' dir='ltr' id='par_1_4' title="bbox 859 203 1638 239">
     <span class='ocr_line' id='line_1_4' title="bbox 859 203 1638 239; baseline 0.006 -10"><span class='ocrx_word' id='word_1_13' title='bbox 859 203 923 236; x_wconf 85' lang='lat' dir='ltr'><strong>llud,</strong></span> <span class='ocrx_word' id='word_1_14' title='bbox 941 212 992 231; x_wconf 90' lang='lat' dir='ltr'><strong>non</strong></span> <span class='ocrx_word' id='word_1_15' title='bbox 1008 205 1068 232; x_wconf 83' lang='lat' dir='ltr'><strong>dico</strong></span> <span class='ocrx_word' id='word_1_16' title='bbox 1087 205 1194 239; x_wconf 57' lang='lat' dir='ltr'><strong>saepius,</strong></span> <span class='ocrx_word' id='word_1_17' title='bbox 1206 207 1252 233; x_wconf 88' lang='lat' dir='ltr'><strong>sed</strong></span> <span class='ocrx_word' id='word_1_18' title='bbox 1269 206 1352 234; x_wconf 84' lang='lat' dir='ltr'><strong>semel</strong></span> <span class='ocrx_word' id='word_1_19' title='bbox 1368 207 1515 235; x_wconf 85' lang='lat' dir='ltr'><strong>admodum</strong></span> <span class='ocrx_word' id='word_1_20' title='bbox 1533 210 1638 235; x_wconf 52' lang='lat' dir='ltr'><strong>evenis-</strong></span> 
     </span>
    </p>
   </div>
   <div class='ocr_carea' id='block_1_5' title="bbox 13 250 796 288">
    <p class='ocr_par' dir='ltr' id='par_1_5' title="bbox 13 250 796 288">
     <span class='ocr_line' id='line_1_5' title="bbox 13 250 796 288; baseline -0.006 -8"><span class='ocrx_word' id='word_1_21' title='bbox 13 255 62 280; x_wconf 65' lang='grc' dir='ltr'><strong>ςῂν</strong></span> <span class='ocrx_word' id='word_1_22' title='bbox 80 254 104 279; x_wconf 83' lang='grc' dir='ltr'>εἰ</span> <span class='ocrx_word' id='word_1_23' title='bbox 119 253 322 288; x_wconf 73' lang='grc' dir='ltr'>τυγχάνουσινς</span> <span class='ocrx_word' id='word_1_24' title='bbox 340 252 377 278; x_wconf 77' lang='grc' dir='ltr'><strong>Οὒ</strong></span> <span class='ocrx_word' id='word_1_25' title='bbox 397 251 451 284; x_wconf 81' lang='grc' dir='ltr'>γὰρ</span> <span class='ocrx_word' id='word_1_26' title='bbox 465 250 522 277; x_wconf 77' lang='grc' dir='ltr'>ἔστι</span> <span class='ocrx_word' id='word_1_27' title='bbox 537 250 635 286; x_wconf 76' lang='grc' dir='ltr'><strong>ῥᾳδίως</strong></span> <span class='ocrx_word' id='word_1_28' title='bbox 650 251 796 285; x_wconf 81' lang='grc' dir='ltr'>ἀποτυχεῖν</span> 
     </span>
    </p>
   </div>
   <div class='ocr_carea' id='block_1_6' title="bbox 12 292 797 334">
    <p class='ocr_par' dir='ltr' id='par_1_6' title="bbox 12 292 797 334">
     <span class='ocr_line' id='line_1_6' title="bbox 12 292 797 334; baseline -0.006 -9"><span class='ocrx_word' id='word_1_29' title='bbox 12 301 30 326; x_wconf 84' lang='grc' dir='ltr'>ἐν</span> <span class='ocrx_word' id='word_1_30' title='bbox 51 298 154 334; x_wconf 75' lang='grc' dir='ltr'>πλήθει</span> <span class='ocrx_word' id='word_1_31' title='bbox 178 298 310 332; x_wconf 76' lang='grc' dir='ltr'><strong>βάλλοντα</strong></span> <span class='ocrx_word' id='word_1_32' title='bbox 325 298 388 328; x_wconf 76' lang='grc' dir='ltr'>τοὺς</span> <span class='ocrx_word' id='word_1_33' title='bbox 412 296 507 330; x_wconf 85' lang='grc' dir='ltr'>λόγους</span> <span class='ocrx_word' id='word_1_34' title='bbox 518 304 524 311; x_wconf 91' lang='grc'><strong>·</strong></span> <span class='ocrx_word' id='word_1_35' title='bbox 548 295 704 330; x_wconf 80' lang='grc' dir='ltr'>θαυμαστὸν</span> <span class='ocrx_word' id='word_1_36' title='bbox 720 295 748 321; x_wconf 82' lang='grc' dir='ltr'><strong>δὲ</strong></span> <span class='ocrx_word' id='word_1_37' title='bbox 763 292 797 329; x_wconf 82' lang='grc' dir='ltr'><strong>ἦν</strong></span> 
     </span>
    </p>
   </div>
   <div class='ocr_carea' id='block_1_7' title="bbox 13 339 798 379">
    <p class='ocr_par' dir='ltr' id='par_1_7' title="bbox 13 339 798 379">
     <span class='ocr_line' id='line_1_7' title="bbox 13 339 798 379; baseline -0.006 -8"><span class='ocrx_word' id='word_1_38' title='bbox 13 345 103 379; x_wconf 74' lang='grc' dir='ltr'>μὶλὶον</span> <span class='ocrx_word' id='word_1_39' title='bbox 115 365 123 377; x_wconf 85' lang='grc'><strong>,</strong></span> <span class='ocrx_word' id='word_1_40' title='bbox 147 345 172 370; x_wconf 88' lang='grc' dir='ltr'>εἰ</span> <span class='ocrx_word' id='word_1_41' title='bbox 192 344 237 370; x_wconf 79' lang='grc' dir='ltr'><strong>διὰ</strong></span> <span class='ocrx_word' id='word_1_42' title='bbox 254 343 352 374; x_wconf 83' lang='grc' dir='ltr'>παντὸς</span> <span class='ocrx_word' id='word_1_43' title='bbox 367 342 565 377; x_wconf 82' lang='grc' dir='ltr'>ἀπετύγχανον.</span> <span class='ocrx_word' id='word_1_44' title='bbox 582 342 614 368; x_wconf 74' lang='lat' dir='ltr'><strong>El</strong></span> <span class='ocrx_word' id='word_1_45' title='bbox 628 341 656 368; x_wconf 83' lang='grc' dir='ltr'><strong>δὲ</strong></span> <span class='ocrx_word' id='word_1_46' title='bbox 672 341 719 367; x_wconf 76' lang='grc' dir='ltr'><strong>καὶ</strong></span> <span class='ocrx_word' id='word_1_47' title='bbox 740 339 798 367; x_wconf 79' lang='grc' dir='ltr'>δαί-</span> 
     </span>
    </p>
   </div>
   <div class='ocr_carea' id='block_1_8' title="bbox 13 385 798 425">
    <p class='ocr_par' dir='ltr' id='par_1_8' title="bbox 13 385 798 425">
     <span class='ocr_line' id='line_1_8' title="bbox 13 385 798 425; baseline -0.006 -8"><span class='ocrx_word' id='word_1_48' title='bbox 13 400 86 425; x_wconf 56' lang='grc' dir='ltr'>μονας</span> <span class='ocrx_word' id='word_1_49' title='bbox 100 390 200 425; x_wconf 74' lang='grc' dir='ltr'>ἔχουσι</span> <span class='ocrx_word' id='word_1_50' title='bbox 219 389 379 424; x_wconf 81' lang='grc' dir='ltr'>συνεργοὺς,</span> <span class='ocrx_word' id='word_1_51' title='bbox 396 388 491 422; x_wconf 82' lang='grc' dir='ltr'>ὥσπερ</span> <span class='ocrx_word' id='word_1_52' title='bbox 503 385 550 414; x_wconf 81' lang='grc' dir='ltr'>οὖν</span> <span class='ocrx_word' id='word_1_53' title='bbox 562 387 669 422; x_wconf 78' lang='grc' dir='ltr'>ἔχουσιν</span> <span class='ocrx_word' id='word_1_54' title='bbox 683 388 798 422; x_wconf 79' lang='grc' dir='ltr'>ἐπικρα-</span> 
     </span>
    </p>
   </div>
   <div class='ocr_carea' id='block_1_9' title="bbox 12 430 797 469">
    <p class='ocr_par' dir='ltr' id='par_1_9' title="bbox 12 430 797 469">
     <span class='ocr_line' id='line_1_9' title="bbox 12 430 797 469; baseline -0.005 -8"><span class='ocrx_word' id='word_1_55' title='bbox 12 436 131 466; x_wconf 68' lang='grc' dir='ltr'>τύνοντας</span> <span class='ocrx_word' id='word_1_56' title='bbox 155 435 247 461; x_wconf 83' lang='grc' dir='ltr'>αὐτῶν</span> <span class='ocrx_word' id='word_1_57' title='bbox 270 433 319 469; x_wconf 80' lang='grc' dir='ltr'><strong>τὴν</strong></span> <span class='ocrx_word' id='word_1_58' title='bbox 338 432 401 469; x_wconf 81' lang='grc'><strong>[565</strong></span> <span class='ocrx_word' id='word_1_59' title='bbox 414 431 462 468; x_wconf 80' lang='grc' dir='ltr'><strong>Η.]</strong></span> <span class='ocrx_word' id='word_1_60' title='bbox 477 432 646 468; x_wconf 76' lang='grc' dir='ltr'>πρόρρησιν,</span> <span class='ocrx_word' id='word_1_61' title='bbox 660 431 749 458; x_wconf 77' lang='grc' dir='ltr'><strong>οὐκέτ’</strong></span> <span class='ocrx_word' id='word_1_62' title='bbox 764 430 797 458; x_wconf 82' lang='grc' dir='ltr'><strong>ἃν</strong></span> 
     </span>
    </p>
   </div>
   <div class='ocr_carea' id='block_1_10' title="bbox 12 478 797 516">
    <p class='ocr_par' dir='ltr' id='par_1_10' title="bbox 12 478 797 516">
     <span class='ocr_line' id='line_1_10' title="bbox 12 478 797 516; baseline -0.008 -7"><span class='ocrx_word' id='word_1_63' title='bbox 12 484 26 509; x_wconf 82' lang='grc' dir='ltr'>εἰ</span> <span class='ocrx_word' id='word_1_64' title='bbox 36 481 252 516; x_wconf 78' lang='grc' dir='ltr'><strong>ἐπιτυγχάνοιεν</strong></span> <span class='ocrx_word' id='word_1_65' title='bbox 265 480 448 516; x_wconf 82' lang='grc' dir='ltr'>ὰπορήσαιμι,</span> <span class='ocrx_word' id='word_1_66' title='bbox 463 478 531 505; x_wconf 82' lang='grc' dir='ltr'>ἀλλὰ</span> <span class='ocrx_word' id='word_1_67' title='bbox 546 478 636 514; x_wconf 88' lang='grc' dir='ltr'>πολλῷ</span> <span class='ocrx_word' id='word_1_68' title='bbox 654 478 756 512; x_wconf 71' lang='grc' dir='ltr'>μᾶλλον</span> <span class='ocrx_word' id='word_1_69' title='bbox 772 478 797 504; x_wconf 85' lang='grc' dir='ltr'>εἰ</span> 
     </span>
    </p>
   </div>
   <div class='ocr_carea' id='block_1_11' title="bbox 13 524 797 564">
    <p class='ocr_par' dir='ltr' id='par_1_11' title="bbox 13 524 797 564">
     <span class='ocr_line' id='line_1_11' title="bbox 13 524 797 564; baseline -0.006 -9"><span class='ocrx_word' id='word_1_70' title='bbox 13 530 37 564; x_wconf 72' lang='grc' dir='ltr'><strong>μὴ</strong></span> <span class='ocrx_word' id='word_1_71' title='bbox 52 528 277 563; x_wconf 72' lang='grc' dir='ltr'><strong>ἐπιτυγχάνοιεν.</strong></span> <span class='ocrx_word' id='word_1_72' title='bbox 286 526 450 562; x_wconf 84' lang='grc' dir='ltr'>Συνεργοῦσι</span> <span class='ocrx_word' id='word_1_73' title='bbox 464 526 492 552; x_wconf 84' lang='grc' dir='ltr'><strong>δὲ</strong></span> <span class='ocrx_word' id='word_1_74' title='bbox 505 525 610 557; x_wconf 77' lang='grc' dir='ltr'><strong>τούτοις</strong></span> <span class='ocrx_word' id='word_1_75' title='bbox 624 525 648 551; x_wconf 84' lang='grc' dir='ltr'>οι</span> <span class='ocrx_word' id='word_1_76' title='bbox 661 524 797 559; x_wconf 84' lang='grc' dir='ltr'>δαίμονες,</span> 
     </span>
    </p>
   </div>
   <div class='ocr_carea' id='block_1_12' title="bbox 13 570 798 609">
    <p class='ocr_par' dir='ltr' id='par_1_12' title="bbox 13 570 798 609">
     <span class='ocr_line' id='line_1_12' title="bbox 13 570 798 609; baseline -0.005 -8"><span class='ocrx_word' id='word_1_77' title='bbox 13 576 103 606; x_wconf 69' lang='grc' dir='ltr'>εἰδότες</span> <span class='ocrx_word' id='word_1_78' title='bbox 120 575 174 609; x_wconf 83' lang='grc' dir='ltr'>μὲν</span> <span class='ocrx_word' id='word_1_79' title='bbox 189 574 223 600; x_wconf 74' lang='grc' dir='ltr'><strong>τὰ</strong></span> <span class='ocrx_word' id='word_1_80' title='bbox 237 573 314 608; x_wconf 78' lang='grc' dir='ltr'>παρὰ</span> <span class='ocrx_word' id='word_1_81' title='bbox 334 573 391 604; x_wconf 86' lang='grc' dir='ltr'>τοῖς</span> <span class='ocrx_word' id='word_1_82' title='bbox 412 572 588 607; x_wconf 82' lang='grc' dir='ltr'><strong>ἀστρολόγοις</strong></span> <span class='ocrx_word' id='word_1_83' title='bbox 607 570 798 606; x_wconf 70' lang='grc' dir='ltr'><strong>γεγραμμένα,</strong></span> 
     </span>
    </p>
   </div>
   <div class='ocr_carea' id='block_1_13' title="bbox 13 617 798 656">
    <p class='ocr_par' dir='ltr' id='par_1_13' title="bbox 13 617 798 656">
     <span class='ocr_line' id='line_1_13' title="bbox 13 617 798 656; baseline -0.006 -9"><span class='ocrx_word' id='word_1_84' title='bbox 13 620 177 656; x_wconf 65' lang='grc' dir='ltr'>πληροῦσθαι</span> <span class='ocrx_word' id='word_1_85' title='bbox 193 619 221 646; x_wconf 80' lang='grc' dir='ltr'><strong>δὲ</strong></span> <span class='ocrx_word' id='word_1_86' title='bbox 235 619 321 646; x_wconf 74' lang='grc' dir='ltr'>ταῦτα</span> <span class='ocrx_word' id='word_1_87' title='bbox 336 617 430 652; x_wconf 88' lang='grc' dir='ltr'>ἀγῶνα</span> <span class='ocrx_word' id='word_1_88' title='bbox 445 618 534 645; x_wconf 82' lang='grc' dir='ltr'>πάντα</span> <span class='ocrx_word' id='word_1_89' title='bbox 554 617 798 652; x_wconf 81' lang='grc' dir='ltr'>καταϐαλλόμενοι,</span> 
     </span>
    </p>
   </div>
   <div class='ocr_carea' id='block_1_14' title="bbox 13 663 800 703">
    <p class='ocr_par' dir='ltr' id='par_1_14' title="bbox 13 663 800 703">
     <span class='ocr_line' id='line_1_14' title="bbox 13 663 800 703; baseline -0.006 -9"><span class='ocrx_word' id='word_1_90' title='bbox 13 669 43 694; x_wconf 62' lang='grc' dir='ltr'>ἵνα</span> <span class='ocrx_word' id='word_1_91' title='bbox 56 669 109 703; x_wconf 77' lang='grc' dir='ltr'><strong>τὴν</strong></span> <span class='ocrx_word' id='word_1_92' title='bbox 123 667 177 701; x_wconf 74' lang='grc' dir='ltr'><strong>τῆς</strong></span> <span class='ocrx_word' id='word_1_93' title='bbox 195 665 366 700; x_wconf 75' lang='grc' dir='ltr'><strong>εἱμαρμένης</strong></span> <span class='ocrx_word' id='word_1_94' title='bbox 381 663 485 698; x_wconf 83' lang='grc' dir='ltr'>πλάνην</span> <span class='ocrx_word' id='word_1_95' title='bbox 505 665 562 695; x_wconf 81' lang='grc' dir='ltr'>τοῖς</span> <span class='ocrx_word' id='word_1_96' title='bbox 576 663 747 698; x_wconf 80' lang='grc' dir='ltr'><strong>πειθομένοις</strong></span> <span class='ocrx_word' id='word_1_97' title='bbox 757 663 800 689; x_wconf 85' lang='grc' dir='ltr'><strong>ὲν-</strong></span> 
     </span>
    </p>
   </div>
   <div class='ocr_carea' id='block_1_15' title="bbox 12 709 800 748">
    <p class='ocr_par' dir='ltr' id='par_1_15' title="bbox 12 709 800 748">
     <span class='ocr_line' id='line_1_15' title="bbox 12 709 800 748; baseline -0.008 -7"><span class='ocrx_word' id='word_1_98' title='bbox 12 715 136 748; x_wconf 65' lang='grc' dir='ltr'><strong>τήξαντες</strong></span> <span class='ocrx_word' id='word_1_99' title='bbox 154 712 205 739; x_wconf 79' lang='grc' dir='ltr'><strong>τοῦ</strong></span> <span class='ocrx_word' id='word_1_100' title='bbox 220 712 299 738; x_wconf 76' lang='grc' dir='ltr'>θείου</span> <span class='ocrx_word' id='word_1_101' title='bbox 322 710 518 746; x_wconf 77' lang='grc' dir='ltr'>κατολιγωρεῐν</span> <span class='ocrx_word' id='word_1_102' title='bbox 533 709 712 736; x_wconf 80' lang='grc' dir='ltr'>ἀναπείσωσι,</span> <span class='ocrx_word' id='word_1_103' title='bbox 728 709 800 744; x_wconf 88' lang='grc' dir='ltr'><strong>Προ-</strong></span> 
     </span>
    </p>
   </div>
   <div class='ocr_carea' id='block_1_16' title="bbox 12 754 801 794">
    <p class='ocr_par' dir='ltr' id='par_1_16' title="bbox 12 754 801 794">
     <span class='ocr_line' id='line_1_16' title="bbox 12 754 801 794; baseline -0.008 -8"><span class='ocrx_word' id='word_1_104' title='bbox 12 761 73 794; x_wconf 78' lang='grc' dir='ltr'>ὶέτει</span> <span class='ocrx_word' id='word_1_105' title='bbox 97 759 128 785; x_wconf 78' lang='grc' dir='ltr'><strong>δὲ</strong></span> <span class='ocrx_word' id='word_1_106' title='bbox 152 759 188 785; x_wconf 75' lang='grc' dir='ltr'><strong>τὰ</strong></span> <span class='ocrx_word' id='word_1_107' title='bbox 212 757 302 792; x_wconf 85' lang='grc' dir='ltr'>βιϐλία</span> <span class='ocrx_word' id='word_1_108' title='bbox 326 755 442 783; x_wconf 82' lang='grc' dir='ltr'>πλοῦτον</span> <span class='ocrx_word' id='word_1_109' title='bbox 456 756 503 783; x_wconf 70' lang='grc' dir='ltr'><strong>καὶ</strong></span> <span class='ocrx_word' id='word_1_110' title='bbox 515 755 610 782; x_wconf 77' lang='grc' dir='ltr'><strong>πενίαν</strong></span> <span class='ocrx_word' id='word_1_111' title='bbox 627 755 676 782; x_wconf 72' lang='grc' dir='ltr'>καὶ</span> <span class='ocrx_word' id='word_1_112' title='bbox 697 756 748 782; x_wconf 84' lang='grc' dir='ltr'>ὅσα</span> <span class='ocrx_word' id='word_1_113' title='bbox 771 754 801 780; x_wconf 81' lang='grc' dir='ltr'><strong>ὲν</strong></span> 
     </span>
    </p>
   </div>
   <div class='ocr_carea' id='block_1_17' title="bbox 12 800 801 841">
    <p class='ocr_par' dir='ltr' id='par_1_17' title="bbox 12 800 801 841">
     <span class='ocr_line' id='line_1_17' title="bbox 12 800 801 841; baseline -0.008 -9"><span class='ocrx_word' id='word_1_114' title='bbox 12 807 59 841; x_wconf 73' lang='grc' dir='ltr'><strong>βίῳ.</strong></span> <span class='ocrx_word' id='word_1_115' title='bbox 70 806 137 832; x_wconf 79' lang='grc' dir='ltr'><strong>Ἐπὶ</strong></span> <span class='ocrx_word' id='word_1_116' title='bbox 152 805 183 831; x_wconf 74' lang='grc' dir='ltr'><strong>δὲ</strong></span> <span class='ocrx_word' id='word_1_117' title='bbox 200 803 288 830; x_wconf 80' lang='grc' dir='ltr'>ταῦτα</span> <span class='ocrx_word' id='word_1_118' title='bbox 298 803 360 834; x_wconf 79' lang='grc' dir='ltr'>τοὺς</span> <span class='ocrx_word' id='word_1_119' title='bbox 374 801 502 837; x_wconf 80' lang='grc' dir='ltr'>δαίμονας</span> <span class='ocrx_word' id='word_1_120' title='bbox 517 802 658 836; x_wconf 81' lang='grc' dir='ltr'><strong>συνεργεῖν</strong></span> <span class='ocrx_word' id='word_1_121' title='bbox 672 801 703 827; x_wconf 76' lang='grc' dir='ltr'><strong>οὐ</strong></span> <span class='ocrx_word' id='word_1_122' title='bbox 719 800 801 836; x_wconf 84' lang='grc' dir='ltr'>χαλε-</span> 
     </span>
    </p>
   </div>
   <div class='ocr_carea' id='block_1_18' title="bbox 12 846 800 884">
    <p class='ocr_par' dir='ltr' id='par_1_18' title="bbox 12 846 800 884">
     <span class='ocr_line' id='line_1_18' title="bbox 12 846 800 884; baseline -0.008 -6"><span class='ocrx_word' id='word_1_123' title='bbox 12 853 49 878; x_wconf 62' lang='grc' dir='ltr'>πόν</span> <span class='ocrx_word' id='word_1_124' title='bbox 60 860 67 867; x_wconf 94' lang='grc'><strong>·</strong></span> <span class='ocrx_word' id='word_1_125' title='bbox 88 851 141 878; x_wconf 72' lang='grc' dir='ltr'><strong>καὶ</strong></span> <span class='ocrx_word' id='word_1_126' title='bbox 161 850 219 884; x_wconf 77' lang='grc' dir='ltr'><strong>γὰρ</strong></span> <span class='ocrx_word' id='word_1_127' title='bbox 239 849 287 876; x_wconf 75' lang='grc' dir='ltr'>καὶ</span> <span class='ocrx_word' id='word_1_128' title='bbox 302 850 382 884; x_wconf 80' lang='grc' dir='ltr'><strong>ἡμεῖς</strong></span> <span class='ocrx_word' id='word_1_129' title='bbox 402 848 534 883; x_wconf 82' lang='grc' dir='ltr'>ἀλλήλους</span> <span class='ocrx_word' id='word_1_130' title='bbox 550 847 635 874; x_wconf 80' lang='grc' dir='ltr'>πολλὰ</span> <span class='ocrx_word' id='word_1_131' title='bbox 648 846 750 873; x_wconf 80' lang='grc' dir='ltr'>τούτων</span> <span class='ocrx_word' id='word_1_132' title='bbox 767 846 800 873; x_wconf 83' lang='grc' dir='ltr'>ἂν</span> 
     </span>
    </p>
   </div>
   <div class='ocr_carea' id='block_1_19' title="bbox 12 891 764 931">
    <p class='ocr_par' dir='ltr' id='par_1_19' title="bbox 12 891 764 931">
     <span class='ocr_line' id='line_1_19' title="bbox 12 891 764 931; baseline -0.007 -8"><span class='ocrx_word' id='word_1_133' title='bbox 12 896 186 931; x_wconf 60' lang='grc' dir='ltr'>βουληθέντες</span> <span class='ocrx_word' id='word_1_134' title='bbox 200 894 358 929; x_wconf 82' lang='grc' dir='ltr'>διαθειημεν</span> <span class='ocrx_word' id='word_1_135' title='bbox 367 914 375 926; x_wconf 82' lang='lat'><strong>,</strong></span> <span class='ocrx_word' id='word_1_136' title='bbox 389 893 406 928; x_wconf 82' lang='grc' dir='ltr'><strong>ἢ</strong></span> <span class='ocrx_word' id='word_1_137' title='bbox 422 893 562 924; x_wconf 77' lang='grc' dir='ltr'>πείθοντες</span> <span class='ocrx_word' id='word_1_138' title='bbox 575 892 592 927; x_wconf 86' lang='grc' dir='ltr'>ἢ</span> <span class='ocrx_word' id='word_1_139' title='bbox 606 891 764 923; x_wconf 81' lang='grc' dir='ltr'><strong>ἀπατῶντες</strong></span> 
     </span>
    </p>
   </div>
   <div class='ocr_carea' id='block_1_20' title="bbox 11 937 800 976">
    <p class='ocr_par' dir='ltr' id='par_1_20' title="bbox 11 937 800 976">
     <span class='ocr_line' id='line_1_20' title="bbox 11 937 800 976; baseline -0.008 -7"><span class='ocrx_word' id='word_1_140' title='bbox 11 940 272 976; x_wconf 68' lang='grc' dir='ltr'>κιταναγκάζοντες.</span> <span class='ocrx_word' id='word_1_141' title='bbox 297 939 514 975; x_wconf 78' lang='grc' dir='ltr'><strong>Κατισχὺουσι⁹⁵</strong></span> <span class='ocrx_word' id='word_1_142' title='bbox 533 938 563 965; x_wconf 83' lang='grc' dir='ltr'><strong>δὲ</strong></span> <span class='ocrx_word' id='word_1_143' title='bbox 587 937 800 973; x_wconf 79' lang='grc' dir='ltr'><strong>ἁμαρτανόντων</strong></span> 
     </span>
    </p>
   </div>
   <div class='ocr_carea' id='block_1_21' title="bbox 11 985 799 1025">
    <p class='ocr_par' dir='ltr' id='par_1_21' title="bbox 11 985 799 1025">
     <span class='ocr_line' id='line_1_21' title="bbox 11 985 799 1025; baseline -0.008 -9"><span class='ocrx_word' id='word_1_144' title='bbox 11 992 27 1016; x_wconf 64' lang='grc' dir='ltr'><strong>τί)</strong></span> <span class='ocrx_word' id='word_1_145' title='bbox 42 990 190 1025; x_wconf 70' lang='grc' dir='ltr'>δαιμόνιον</span> <span class='ocrx_word' id='word_1_146' title='bbox 209 988 301 1023; x_wconf 81' lang='grc' dir='ltr'><strong>φῦλον,</strong></span> <span class='ocrx_word' id='word_1_147' title='bbox 316 987 413 1022; x_wconf 79' lang='grc' dir='ltr'>ἄγουσί</span> <span class='ocrx_word' id='word_1_148' title='bbox 427 996 455 1013; x_wconf 86' lang='grc' dir='ltr'>τε</span> <span class='ocrx_word' id='word_1_149' title='bbox 472 986 519 1013; x_wconf 72' lang='grc' dir='ltr'>καὶ</span> <span class='ocrx_word' id='word_1_150' title='bbox 535 985 648 1021; x_wconf 78' lang='grc' dir='ltr'>φέρουσι</span> <span class='ocrx_word' id='word_1_151' title='bbox 659 985 723 1017; x_wconf 76' lang='grc' dir='ltr'>τοὺς</span> <span class='ocrx_word' id='word_1_152' title='bbox 738 993 799 1010; x_wconf 78' lang='grc' dir='ltr'>πει-</span> 
     </span>
    </p>
   </div>
   <div class='ocr_carea' id='block_1_22' title="bbox 11 1029 800 1071">
    <p class='ocr_par' dir='ltr' id='par_1_22' title="bbox 11 1029 800 1071">
     <span class='ocr_line' id='line_1_22' title="bbox 11 1029 800 1071; baseline -0.009 -8"><span class='ocrx_word' id='word_1_153' title='bbox 11 1038 136 1071; x_wconf 71' lang='grc' dir='ltr'>θεμένους</span> <span class='ocrx_word' id='word_1_154' title='bbox 153 1036 218 1061; x_wconf 78' lang='grc' dir='ltr'>ὅποι</span> <span class='ocrx_word' id='word_1_155' title='bbox 242 1035 275 1060; x_wconf 81' lang='grc' dir='ltr'>ἂν</span> <span class='ocrx_word' id='word_1_156' title='bbox 298 1032 435 1068; x_wconf 78' lang='grc' dir='ltr'>βούλοιντο</span> <span class='ocrx_word' id='word_1_157' title='bbox 443 1032 478 1060; x_wconf 80' lang='grc'><strong>’⁸.</strong></span> <span class='ocrx_word' id='word_1_158' title='bbox 501 1031 645 1058; x_wconf 85' lang='grc' dir='ltr'>Βούλονται</span> <span class='ocrx_word' id='word_1_159' title='bbox 658 1031 687 1057; x_wconf 78' lang='grc' dir='ltr'><strong>δὲ</strong></span> <span class='ocrx_word' id='word_1_160' title='bbox 702 1030 769 1066; x_wconf 76' lang='grc' dir='ltr'>πρὸς</span> <span class='ocrx_word' id='word_1_161' title='bbox 777 1029 800 1046; x_wconf 68' lang='lat'><strong>9&#39;</strong></span> 
     </span>
    </p>
   </div>
   <div class='ocr_carea' id='block_1_23' title="bbox 10 1076 802 1117">
    <p class='ocr_par' dir='ltr' id='par_1_23' title="bbox 10 1076 802 1117">
     <span class='ocr_line' id='line_1_23' title="bbox 10 1076 802 1117; baseline -0.008 -9"><span class='ocrx_word' id='word_1_162' title='bbox 10 1083 46 1114; x_wconf 62' lang='grc' dir='ltr'>τὰς</span> <span class='ocrx_word' id='word_1_163' title='bbox 61 1082 120 1108; x_wconf 80' lang='grc' dir='ltr'>τῶν</span> <span class='ocrx_word' id='word_1_164' title='bbox 136 1080 314 1117; x_wconf 76' lang='grc' dir='ltr'><strong>ἀστρολόγων</strong></span> <span class='ocrx_word' id='word_1_165' title='bbox 328 1079 436 1109; x_wconf 77' lang='grc' dir='ltr'><strong>ἀπάτας</strong></span> <span class='ocrx_word' id='word_1_166' title='bbox 454 1078 500 1105; x_wconf 65' lang='grc' dir='ltr'><strong>τὸν</strong></span> <span class='ocrx_word' id='word_1_167' title='bbox 521 1078 656 1114; x_wconf 80' lang='grc' dir='ltr'>ἡμέτερον</span> <span class='ocrx_word' id='word_1_168' title='bbox 671 1076 802 1112; x_wconf 74' lang='grc' dir='ltr'><strong>ἁρμόζειν</strong></span> 
     </span>
    </p>
   </div>
   <div class='ocr_carea' id='block_1_24' title="bbox 10 1123 801 1163">
    <p class='ocr_par' dir='ltr' id='par_1_24' title="bbox 10 1123 801 1163">
     <span class='ocr_line' id='line_1_24' title="bbox 10 1123 801 1163; baseline -0.009 -8"><span class='ocrx_word' id='word_1_169' title='bbox 10 1130 67 1163; x_wconf 60' lang='lat' dir='ltr'><strong>{lio-1,</strong></span> <span class='ocrx_word' id='word_1_170' title='bbox 84 1129 133 1155; x_wconf 82' lang='grc' dir='ltr'>ἵνα</span> <span class='ocrx_word' id='word_1_171' title='bbox 151 1128 203 1158; x_wconf 75' lang='grc' dir='ltr'>τὰς</span> <span class='ocrx_word' id='word_1_172' title='bbox 218 1128 267 1161; x_wconf 75' lang='grc' dir='ltr'><strong>μὲν</strong></span> <span class='ocrx_word' id='word_1_173' title='bbox 281 1126 408 1157; x_wconf 71' lang='grc' dir='ltr'>ἐκϐάσεις</span> <span class='ocrx_word' id='word_1_174' title='bbox 421 1125 539 1160; x_wconf 79' lang='grc' dir='ltr'>ὁρῶντες</span> <span class='ocrx_word' id='word_1_175' title='bbox 551 1126 607 1156; x_wconf 78' lang='grc' dir='ltr'>τοῖς</span> <span class='ocrx_word' id='word_1_176' title='bbox 626 1123 801 1159; x_wconf 73' lang='grc' dir='ltr'><strong>ἀστρολόγοις</strong></span> 
     </span>
    </p>
   </div>
   <div class='ocr_carea' id='block_1_25' title="bbox 10 1168 802 1210">
    <p class='ocr_par' dir='ltr' id='par_1_25' title="bbox 10 1168 802 1210">
     <span class='ocr_line' id='line_1_25' title="bbox 10 1168 802 1210; baseline -0.009 -9"><span class='ocrx_word' id='word_1_177' title='bbox 10 1175 182 1210; x_wconf 65' lang='grc' dir='ltr'>συμφώνους,</span> <span class='ocrx_word' id='word_1_178' title='bbox 198 1173 263 1204; x_wconf 76' lang='grc' dir='ltr'>τοὺς</span> <span class='ocrx_word' id='word_1_179' title='bbox 281 1172 310 1198; x_wconf 84' lang='grc' dir='ltr'><strong>δὲ</strong></span> <span class='ocrx_word' id='word_1_180' title='bbox 323 1172 410 1198; x_wconf 84' lang='grc' dir='ltr'>ταῦτα</span> <span class='ocrx_word' id='word_1_181' title='bbox 422 1171 594 1207; x_wconf 82' lang='grc' dir='ltr'>πράττοντας</span> <span class='ocrx_word' id='word_1_182' title='bbox 614 1170 651 1205; x_wconf 84' lang='grc' dir='ltr'>μὴ</span> <span class='ocrx_word' id='word_1_183' title='bbox 667 1168 802 1204; x_wconf 78' lang='grc' dir='ltr'>συνορῶν-</span> 
     </span>
    </p>
   </div>
   <div class='ocr_carea' id='block_1_26' title="bbox 9 1215 803 1253">
    <p class='ocr_par' dir='ltr' id='par_1_26' title="bbox 9 1215 803 1253">
     <span class='ocr_line' id='line_1_26' title="bbox 9 1215 803 1253; baseline -0.008 -7"><span class='ocrx_word' id='word_1_184' title='bbox 9 1229 54 1252; x_wconf 73' lang='grc' dir='ltr'>τες,</span> <span class='ocrx_word' id='word_1_185' title='bbox 73 1220 125 1246; x_wconf 76' lang='grc' dir='ltr'>τοῦ</span> <span class='ocrx_word' id='word_1_186' title='bbox 141 1228 174 1245; x_wconf 86' lang='grc' dir='ltr'>τε</span> <span class='ocrx_word' id='word_1_187' title='bbox 191 1219 292 1253; x_wconf 78' lang='grc' dir='ltr'>δρόμου</span> <span class='ocrx_word' id='word_1_188' title='bbox 307 1218 362 1244; x_wconf 83' lang='grc' dir='ltr'>τῶν</span> <span class='ocrx_word' id='word_1_189' title='bbox 377 1217 500 1251; x_wconf 80' lang='grc' dir='ltr'>ἀστέρων</span> <span class='ocrx_word' id='word_1_190' title='bbox 514 1216 540 1242; x_wconf 84' lang='grc' dir='ltr'><strong>οἱ</strong></span> <span class='ocrx_word' id='word_1_191' title='bbox 559 1215 729 1250; x_wconf 78' lang='grc' dir='ltr'><strong>ἠπατημένοι</strong></span> <span class='ocrx_word' id='word_1_192' title='bbox 754 1223 803 1241; x_wconf 78' lang='grc' dir='ltr'>κα-</span> 
     </span>
    </p>
   </div>
   <div class='ocr_carea' id='block_1_27' title="bbox 9 1261 803 1301">
    <p class='ocr_par' dir='ltr' id='par_1_27' title="bbox 9 1261 803 1301">
     <span class='ocr_line' id='line_1_27' title="bbox 9 1261 803 1301; baseline -0.008 -8"><span class='ocrx_word' id='word_1_193' title='bbox 9 1266 193 1301; x_wconf 59' lang='grc' dir='ltr'>τιῷεὑδοιντο,</span> <span class='ocrx_word' id='word_1_194' title='bbox 209 1265 257 1291; x_wconf 74' lang='grc' dir='ltr'><strong>καὶ</strong></span> <span class='ocrx_word' id='word_1_195' title='bbox 272 1265 322 1299; x_wconf 83' lang='grc' dir='ltr'><strong>τῆς</strong></span> <span class='ocrx_word' id='word_1_196' title='bbox 337 1262 477 1294; x_wconf 78' lang='grc' dir='ltr'>εὐσεϐείας</span> <span class='ocrx_word' id='word_1_197' title='bbox 488 1262 535 1289; x_wconf 76' lang='grc' dir='ltr'>καὶ</span> <span class='ocrx_word' id='word_1_198' title='bbox 547 1261 722 1297; x_wconf 79' lang='grc' dir='ltr'><strong>δικαιοσύνης</strong></span> <span class='ocrx_word' id='word_1_199' title='bbox 736 1262 803 1296; x_wconf 88' lang='grc' dir='ltr'>ἁμε-</span> 
     </span>
    </p>
   </div>
   <div class='ocr_carea' id='block_1_28' title="bbox 9 1308 802 1347">
    <p class='ocr_par' dir='ltr' id='par_1_28' title="bbox 9 1308 802 1347">
     <span class='ocr_line' id='line_1_28' title="bbox 9 1308 802 1347; baseline -0.005 -10"><span class='ocrx_word' id='word_1_200' title='bbox 9 1313 136 1347; x_wconf 63' lang='grc' dir='ltr'>ὶῄσαντες</span> <span class='ocrx_word' id='word_1_201' title='bbox 155 1312 197 1342; x_wconf 73' lang='grc' dir='ltr'><strong>εἰς</strong></span> <span class='ocrx_word' id='word_1_202' title='bbox 210 1311 256 1337; x_wconf 78' lang='grc' dir='ltr'>τὸν</span> <span class='ocrx_word' id='word_1_203' title='bbox 272 1311 322 1345; x_wconf 76' lang='grc' dir='ltr'><strong>τῆς</strong></span> <span class='ocrx_word' id='word_1_204' title='bbox 337 1309 464 1340; x_wconf 80' lang='grc' dir='ltr'>ἀσεϐείας</span> <span class='ocrx_word' id='word_1_205' title='bbox 474 1308 555 1344; x_wconf 78' lang='grc' dir='ltr'>βυθὸν</span> <span class='ocrx_word' id='word_1_206' title='bbox 566 1308 739 1343; x_wconf 68' lang='grc' dir='ltr'><strong>όλισθήσωςι.</strong></span> <span class='ocrx_word' id='word_1_207' title='bbox 748 1308 802 1334; x_wconf 69' lang='grc' dir='ltr'>Καὶ</span> 
     </span>
    </p>
   </div>
   <div class='ocr_carea' id='block_1_29' title="bbox 8 1353 804 1391">
    <p class='ocr_par' dir='ltr' id='par_1_29' title="bbox 8 1353 804 1391">
     <span class='ocr_line' id='line_1_29' title="bbox 8 1353 804 1391; baseline -0.006 -7"><span class='ocrx_word' id='word_1_208' title='bbox 8 1359 63 1384; x_wconf 63' lang='lat' dir='ltr'><strong>me</strong></span> <span class='ocrx_word' id='word_1_209' title='bbox 82 1357 114 1384; x_wconf 74' lang='grc' dir='ltr'><strong>δὲ</strong></span> <span class='ocrx_word' id='word_1_210' title='bbox 130 1356 231 1389; x_wconf 73' lang='grc' dir='ltr'>τοῦτο,</span> <span class='ocrx_word' id='word_1_211' title='bbox 245 1355 277 1382; x_wconf 81' lang='grc' dir='ltr'>τὸ</span> <span class='ocrx_word' id='word_1_212' title='bbox 289 1355 326 1390; x_wconf 81' lang='grc' dir='ltr'><strong>μὴ</strong></span> <span class='ocrx_word' id='word_1_213' title='bbox 339 1356 455 1391; x_wconf 78' lang='grc' dir='ltr'>συνορᾷν</span> <span class='ocrx_word' id='word_1_214' title='bbox 469 1355 568 1385; x_wconf 78' lang='grc' dir='ltr'>αὐτοὺς</span> <span class='ocrx_word' id='word_1_215' title='bbox 582 1354 612 1381; x_wconf 83' lang='grc' dir='ltr'>τὸ</span> <span class='ocrx_word' id='word_1_216' title='bbox 628 1353 710 1388; x_wconf 79' lang='grc' dir='ltr'>ῥηθὲν</span> <span class='ocrx_word' id='word_1_217' title='bbox 733 1354 804 1380; x_wconf 75' lang='grc' dir='ltr'>κατὰ</span> 
     </span>
    </p>
   </div>
   <div class='ocr_carea' id='block_1_30' title="bbox 8 1399 804 1437">
    <p class='ocr_par' dir='ltr' id='par_1_30' title="bbox 8 1399 804 1437">
     <span class='ocr_line' id='line_1_30' title="bbox 8 1399 804 1437; baseline -0.004 -9"><span class='ocrx_word' id='word_1_218' title='bbox 8 1404 51 1430; x_wconf 68' lang='grc' dir='ltr'>τῶν</span> <span class='ocrx_word' id='word_1_219' title='bbox 67 1402 231 1437; x_wconf 79' lang='grc' dir='ltr'><strong>ἀνθρώπων</strong></span> <span class='ocrx_word' id='word_1_220' title='bbox 246 1402 296 1436; x_wconf 86' lang='grc' dir='ltr'><strong>δρα</strong></span> <span class='ocrx_word' id='word_1_221' title='bbox 300 1400 384 1436; x_wconf 84' lang='grc' dir='ltr'>ματού</span> <span class='ocrx_word' id='word_1_222' title='bbox 389 1410 441 1436; x_wconf 90' lang='grc' dir='ltr'><strong>ργη</strong></span> <span class='ocrx_word' id='word_1_223' title='bbox 444 1410 493 1436; x_wconf 83' lang='grc' dir='ltr'><strong>μα,</strong></span> <span class='ocrx_word' id='word_1_224' title='bbox 507 1400 561 1427; x_wconf 83' lang='grc' dir='ltr'>τῶν</span> <span class='ocrx_word' id='word_1_225' title='bbox 575 1400 711 1435; x_wconf 75' lang='grc' dir='ltr'>δαιμόνων</span> <span class='ocrx_word' id='word_1_226' title='bbox 723 1399 804 1435; x_wconf 84' lang='grc' dir='ltr'>ἔργον</span> 
     </span>
    </p>
   </div>
   <div class='ocr_carea' id='block_1_31' title="bbox 7 1445 803 1482">
    <p class='ocr_par' dir='ltr' id='par_1_31' title="bbox 7 1445 803 1482">
     <span class='ocr_line' id='line_1_31' title="bbox 7 1445 803 1482; baseline -0.005 -7"><span class='ocrx_word' id='word_1_227' title='bbox 7 1450 30 1475; x_wconf 71' lang='grc' dir='ltr'>ἂν</span> <span class='ocrx_word' id='word_1_228' title='bbox 46 1449 107 1482; x_wconf 79' lang='grc' dir='ltr'><strong>εἴη,</strong></span> <span class='ocrx_word' id='word_1_229' title='bbox 121 1447 176 1482; x_wconf 85' lang='grc' dir='ltr'><strong>τῆς</strong></span> <span class='ocrx_word' id='word_1_230' title='bbox 191 1447 329 1482; x_wconf 77' lang='grc' dir='ltr'>ἁμαρτίας</span> <span class='ocrx_word' id='word_1_231' title='bbox 351 1446 400 1473; x_wconf 77' lang='grc' dir='ltr'>καὶ</span> <span class='ocrx_word' id='word_1_232' title='bbox 425 1445 553 1477; x_wconf 84' lang='grc' dir='ltr'>ἀσεϐείας</span> <span class='ocrx_word' id='word_1_233' title='bbox 570 1445 768 1481; x_wconf 82' lang='grc' dir='ltr'>συναιρομένης</span> <span class='ocrx_word' id='word_1_234' title='bbox 781 1445 803 1460; x_wconf 67' lang='grc' dir='ltr'><strong>π</strong></span> 
     </span>
    </p>
   </div>
   <div class='ocr_carea' id='block_1_32' title="bbox 8 1491 803 1528">
    <p class='ocr_par' dir='ltr' id='par_1_32' title="bbox 8 1491 803 1528">
     <span class='ocr_line' id='line_1_32' title="bbox 8 1491 803 1528; baseline -0.006 -6"><span class='ocrx_word' id='word_1_235' title='bbox 8 1496 107 1526; x_wconf 61' lang='grc' dir='ltr'>ὐτοῖς,</span> <span class='ocrx_word' id='word_1_236' title='bbox 123 1494 175 1521; x_wconf 78' lang='grc' dir='ltr'>καὶ</span> <span class='ocrx_word' id='word_1_237' title='bbox 189 1493 219 1520; x_wconf 86' lang='grc' dir='ltr'><strong>τό</strong></span> <span class='ocrx_word' id='word_1_238' title='bbox 241 1502 271 1519; x_wconf 88' lang='grc' dir='ltr'>τε</span> <span class='ocrx_word' id='word_1_239' title='bbox 294 1492 384 1520; x_wconf 82' lang='grc' dir='ltr'>αὐτῶν</span> <span class='ocrx_word' id='word_1_240' title='bbox 401 1492 553 1528; x_wconf 88' lang='grc' dir='ltr'><strong>μηχάνημα</strong></span> <span class='ocrx_word' id='word_1_241' title='bbox 569 1491 688 1518; x_wconf 83' lang='grc' dir='ltr'>συνιέναι</span> <span class='ocrx_word' id='word_1_242' title='bbox 703 1491 803 1518; x_wconf 65' lang='grc' dir='ltr'>διακωα</span> 
     </span>
    </p>
   </div>
   <div class='ocr_carea' id='block_1_33' title="bbox 6 1537 804 1576">
    <p class='ocr_par' dir='ltr' id='par_1_33' title="bbox 6 1537 804 1576">
     <span class='ocr_line' id='line_1_33' title="bbox 6 1537 804 1576; baseline -0.006 -8"><span class='ocrx_word' id='word_1_243' title='bbox 6 1542 122 1576; x_wconf 54' lang='grc' dir='ltr'>Μούσης</span> <span class='ocrx_word' id='word_1_244' title='bbox 149 1541 199 1566; x_wconf 81' lang='grc' dir='ltr'><strong>καὶ</strong></span> <span class='ocrx_word' id='word_1_245' title='bbox 220 1539 275 1566; x_wconf 79' lang='grc' dir='ltr'>τῶν</span> <span class='ocrx_word' id='word_1_246' title='bbox 298 1538 346 1565; x_wconf 83' lang='grc' dir='ltr'>τοῦ</span> <span class='ocrx_word' id='word_1_247' title='bbox 367 1538 435 1565; x_wconf 80' lang='grc' dir='ltr'>Θεοῦ</span> <span class='ocrx_word' id='word_1_248' title='bbox 463 1538 606 1573; x_wconf 75' lang='grc' dir='ltr'>χριμάτων</span> <span class='ocrx_word' id='word_1_249' title='bbox 627 1537 757 1568; x_wconf 77' lang='grc' dir='ltr'><strong>ὡσαύτως</strong></span> <span class='ocrx_word' id='word_1_250' title='bbox 773 1537 804 1563; x_wconf 80' lang='grc' dir='ltr'>τὺ</span> 
     </span>
    </p>
   </div>
   <div class='ocr_carea' id='block_1_34' title="bbox 6 1583 804 1622">
    <p class='ocr_par' dir='ltr' id='par_1_34' title="bbox 6 1583 804 1622">
     <span class='ocr_line' id='line_1_34' title="bbox 6 1583 804 1622; baseline -0.009 -7"><span class='ocrx_word' id='word_1_251' title='bbox 6 1588 96 1622; x_wconf 62' lang='grc' dir='ltr'>βάθος.</span> <span class='ocrx_word' id='word_1_252' title='bbox 115 1586 182 1617; x_wconf 83' lang='grc' dir='ltr'>Πῶς</span> <span class='ocrx_word' id='word_1_253' title='bbox 208 1585 262 1621; x_wconf 76' lang='grc' dir='ltr'><strong>γὰρ</strong></span> <span class='ocrx_word' id='word_1_254' title='bbox 289 1585 459 1619; x_wconf 71' lang='grc' dir='ltr'>ἀποκαλύψει</span> <span class='ocrx_word' id='word_1_255' title='bbox 482 1584 513 1610; x_wconf 80' lang='grc' dir='ltr'><strong>τὸ</strong></span> <span class='ocrx_word' id='word_1_256' title='bbox 537 1584 614 1610; x_wconf 88' lang='grc' dir='ltr'>Θεῖον</span> <span class='ocrx_word' id='word_1_257' title='bbox 638 1584 654 1620; x_wconf 84' lang='grc' dir='ltr'>ἢ</span> <span class='ocrx_word' id='word_1_258' title='bbox 675 1583 724 1615; x_wconf 78' lang='grc' dir='ltr'>τὰς</span> <span class='ocrx_word' id='word_1_259' title='bbox 749 1583 804 1609; x_wconf 87' lang='grc' dir='ltr'>τῶν</span> 
     </span>
    </p>
   </div>
   <div class='ocr_carea' id='block_1_35' title="bbox 6 1627 803 1668">
    <p class='ocr_par' dir='ltr' id='par_1_35' title="bbox 6 1627 803 1668">
     <span class='ocr_line' id='line_1_35' title="bbox 6 1627 803 1668; baseline -0.005 -9"><span class='ocrx_word' id='word_1_260' title='bbox 6 1633 142 1668; x_wconf 64' lang='grc' dir='ltr'>δαιμόνων</span> <span class='ocrx_word' id='word_1_261' title='bbox 158 1631 269 1666; x_wconf 76' lang='grc' dir='ltr'><strong>ἐνέδρας</strong></span> <span class='ocrx_word' id='word_1_262' title='bbox 283 1631 299 1666; x_wconf 82' lang='grc' dir='ltr'><strong>ἢ</strong></span> <span class='ocrx_word' id='word_1_263' title='bbox 315 1631 364 1662; x_wconf 79' lang='grc' dir='ltr'>τὰς</span> <span class='ocrx_word' id='word_1_264' title='bbox 380 1630 476 1657; x_wconf 77' lang='grc' dir='ltr'>ἑαυτοῦ</span> <span class='ocrx_word' id='word_1_265' title='bbox 492 1631 661 1665; x_wconf 80' lang='grc' dir='ltr'>οἰκονομίας,</span> <span class='ocrx_word' id='word_1_266' title='bbox 675 1627 715 1661; x_wconf 76' lang='grc' dir='ltr'>οἷς</span> <span class='ocrx_word' id='word_1_267' title='bbox 732 1637 803 1664; x_wconf 82' lang='grc' dir='ltr'>παρ-</span> 
     </span>
    </p>
   </div>
   <div class='ocr_carea' id='block_1_36' title="bbox 6 1676 804 1716">
    <p class='ocr_par' dir='ltr' id='par_1_36' title="bbox 6 1676 804 1716">
     <span class='ocr_line' id='line_1_36' title="bbox 6 1676 804 1716; baseline -0.006 -10"><span class='ocrx_word' id='word_1_268' title='bbox 6 1682 65 1716; x_wconf 54' lang='lat' dir='ltr'><strong>api;</strong></span> <span class='ocrx_word' id='word_1_269' title='bbox 91 1678 183 1705; x_wconf 73' lang='grc' dir='ltr'>αὑτοῦ</span> <span class='ocrx_word' id='word_1_270' title='bbox 194 1678 218 1693; x_wconf 68' lang='grc'><strong>³³</strong></span> <span class='ocrx_word' id='word_1_271' title='bbox 243 1677 423 1710; x_wconf 75' lang='grc' dir='ltr'>σπουδάζεται</span> <span class='ocrx_word' id='word_1_272' title='bbox 448 1678 482 1704; x_wconf 78' lang='grc' dir='ltr'><strong>τὰ</strong></span> <span class='ocrx_word' id='word_1_273' title='bbox 506 1678 725 1712; x_wconf 78' lang='grc' dir='ltr'>προστάγματα;</span> <span class='ocrx_word' id='word_1_274' title='bbox 750 1676 804 1702; x_wconf 76' lang='grc' dir='ltr'>Καὶ</span> 
     </span>
    </p>
   </div>
   <div class='ocr_carea' id='block_1_37' title="bbox 7 1718 804 1761">
    <p class='ocr_par' dir='ltr' id='par_1_37' title="bbox 7 1718 804 1761">
     <span class='ocr_line' id='line_1_37' title="bbox 7 1718 804 1761; baseline -0.006 -9"><span class='ocrx_word' id='word_1_275' title='bbox 7 1729 53 1761; x_wconf 76' lang='grc' dir='ltr'>γαρ</span> <span class='ocrx_word' id='word_1_276' title='bbox 79 1727 160 1758; x_wconf 72' lang='grc' dir='ltr'>ἅπερ</span> <span class='ocrx_word' id='word_1_277' title='bbox 186 1724 265 1759; x_wconf 73' lang='grc' dir='ltr'>ἴσμεν</span> <span class='ocrx_word' id='word_1_278' title='bbox 287 1723 377 1755; x_wconf 78' lang='grc' dir='ltr'>ἄδικα,</span> <span class='ocrx_word' id='word_1_279' title='bbox 392 1723 480 1750; x_wconf 82' lang='grc' dir='ltr'>ταῦτα</span> <span class='ocrx_word' id='word_1_280' title='bbox 504 1723 679 1758; x_wconf 76' lang='grc' dir='ltr'><strong>πράττομενο</strong></span> <span class='ocrx_word' id='word_1_281' title='bbox 703 1722 751 1756; x_wconf 81' lang='grc' dir='ltr'><strong>οὐχ</strong></span> <span class='ocrx_word' id='word_1_282' title='bbox 767 1718 804 1747; x_wconf 76' lang='grc' dir='ltr'><strong>ῶν</strong></span> 
     </span>
    </p>
   </div>
   <div class='ocr_carea' id='block_1_38' title="bbox 6 1768 804 1804">
    <p class='ocr_par' dir='ltr' id='par_1_38' title="bbox 6 1768 804 1804">
     <span class='ocr_line' id='line_1_38' title="bbox 6 1768 804 1804; baseline -0.004 -6"><span class='ocrx_word' id='word_1_283' title='bbox 6 1772 135 1803; x_wconf 66' lang='grc' dir='ltr'>ἐπαίνους</span> <span class='ocrx_word' id='word_1_284' title='bbox 155 1770 248 1804; x_wconf 75' lang='grc' dir='ltr'>ἴσμεν,</span> <span class='ocrx_word' id='word_1_285' title='bbox 263 1769 350 1796; x_wconf 84' lang='grc' dir='ltr'>ταῦτα</span> <span class='ocrx_word' id='word_1_286' title='bbox 369 1769 585 1804; x_wconf 85' lang='grc' dir='ltr'>μεταδιώκομεν.</span> <span class='ocrx_word' id='word_1_287' title='bbox 598 1769 652 1795; x_wconf 80' lang='grc' dir='ltr'><strong>Καὶ</strong></span> <span class='ocrx_word' id='word_1_288' title='bbox 665 1768 722 1800; x_wconf 80' lang='grc' dir='ltr'><strong>πῶς</strong></span> <span class='ocrx_word' id='word_1_289' title='bbox 733 1769 804 1804; x_wconf 68' lang='grc' dir='ltr'>ἅπερ</span> 
     </span>
    </p>
   </div>
   <div class='ocr_carea' id='block_1_39' title="bbox 6 1814 805 1852">
    <p class='ocr_par' dir='ltr' id='par_1_39' title="bbox 6 1814 805 1852">
     <span class='ocr_line' id='line_1_39' title="bbox 6 1814 805 1852; baseline -0.006 -7"><span class='ocrx_word' id='word_1_290' title='bbox 6 1818 163 1852; x_wconf 68' lang='grc' dir='ltr'>ἀγνοοῦμεν</span> <span class='ocrx_word' id='word_1_291' title='bbox 181 1816 380 1852; x_wconf 75' lang='grc' dir='ltr'>μαθησόμεθα;</span> <span class='ocrx_word' id='word_1_292' title='bbox 406 1814 548 1851; x_wconf 81' lang='grc' dir='ltr'>Ἐπραξας</span> <span class='ocrx_word' id='word_1_293' title='bbox 563 1815 581 1842; x_wconf 76' lang='grc' dir='ltr'>ἃ</span> <span class='ocrx_word' id='word_1_294' title='bbox 595 1814 709 1850; x_wconf 80' lang='grc' dir='ltr'>ἔμαθες·</span> <span class='ocrx_word' id='word_1_295' title='bbox 733 1821 805 1849; x_wconf 82' lang='grc' dir='ltr'>παρ-</span> 
     </span>
    </p>
   </div>
   <div class='ocr_carea' id='block_1_40' title="bbox 6 1858 805 1898">
    <p class='ocr_par' dir='ltr' id='par_1_40' title="bbox 6 1858 805 1898">
     <span class='ocr_line' id='line_1_40' title="bbox 6 1858 805 1898; baseline -0.006 -6"><span class='ocrx_word' id='word_1_296' title='bbox 6 1866 163 1894; x_wconf 66' lang='grc' dir='ltr'>εσκεύασας</span> <span class='ocrx_word' id='word_1_297' title='bbox 191 1862 287 1890; x_wconf 73' lang='grc' dir='ltr'>ἑαυτὸν</span> <span class='ocrx_word' id='word_1_298' title='bbox 308 1862 342 1889; x_wconf 82' lang='grc' dir='ltr'><strong>δι’</strong></span> <span class='ocrx_word' id='word_1_299' title='bbox 355 1863 455 1898; x_wconf 86' lang='grc' dir='ltr'>ἀρετῆς</span> <span class='ocrx_word' id='word_1_300' title='bbox 479 1862 526 1888; x_wconf 82' lang='grc' dir='ltr'>τοῦ</span> <span class='ocrx_word' id='word_1_301' title='bbox 554 1861 649 1897; x_wconf 79' lang='grc' dir='ltr'>μαθεῖν</span> <span class='ocrx_word' id='word_1_302' title='bbox 666 1861 748 1888; x_wconf 81' lang='grc' dir='ltr'>πλέον</span> <span class='ocrx_word' id='word_1_303' title='bbox 767 1858 805 1887; x_wconf 83' lang='grc' dir='ltr'>ὧν</span> 
     </span>
    </p>
   </div>
   <div class='ocr_carea' id='block_1_41' title="bbox 6 1906 804 1943">
    <p class='ocr_par' dir='ltr' id='par_1_41' title="bbox 6 1906 804 1943">
     <span class='ocr_line' id='line_1_41' title="bbox 6 1906 804 1943; baseline -0.009 -5"><span class='ocrx_word' id='word_1_304' title='bbox 6 1913 160 1938; x_wconf 77' lang='grc' dir='ltr'>ἐπίπασαι</span> <span class='ocrx_word' id='word_1_305' title='bbox 174 1909 265 1941; x_wconf 73' lang='grc' dir='ltr'><strong>ἄξιον-</strong></span> <span class='ocrx_word' id='word_1_306' title='bbox 279 1908 403 1943; x_wconf 80' lang='grc' dir='ltr'>Θαύμαζε</span> <span class='ocrx_word' id='word_1_307' title='bbox 419 1908 444 1934; x_wconf 85' lang='grc' dir='ltr'>εὶ</span> <span class='ocrx_word' id='word_1_308' title='bbox 458 1908 496 1943; x_wconf 87' lang='grc' dir='ltr'>μὴ</span> <span class='ocrx_word' id='word_1_309' title='bbox 510 1907 606 1942; x_wconf 79' lang='grc' dir='ltr'>μαθεῖν</span> <span class='ocrx_word' id='word_1_310' title='bbox 621 1906 699 1941; x_wconf 77' lang='grc' dir='ltr'>ἔσχες</span> <span class='ocrx_word' id='word_1_311' title='bbox 710 1906 745 1932; x_wconf 85' lang='grc' dir='ltr'><strong>τὰ</strong></span> <span class='ocrx_word' id='word_1_312' title='bbox 758 1914 804 1932; x_wconf 89' lang='grc' dir='ltr'><strong>τε-</strong></span> 
     </span>
    </p>
   </div>
   <div class='ocr_carea' id='block_1_42' title="bbox 6 1951 804 1991">
    <p class='ocr_par' dir='ltr' id='par_1_42' title="bbox 6 1951 804 1991">
     <span class='ocr_line' id='line_1_42' title="bbox 6 1951 804 1991; baseline -0.008 -8"><span class='ocrx_word' id='word_1_313' title='bbox 162 1955 194 1981; x_wconf 76' lang='lat' dir='ltr'><strong>Ei</strong></span> <span class='ocrx_word' id='word_1_314' title='bbox 211 1953 240 1980; x_wconf 80' lang='grc' dir='ltr'><strong>δὲ</strong></span> <span class='ocrx_word' id='word_1_315' title='bbox 254 1953 354 1981; x_wconf 81' lang='grc' dir='ltr'>πάθεσι</span> <span class='ocrx_word' id='word_1_316' title='bbox 367 1953 459 1989; x_wconf 85' lang='grc' dir='ltr'>βρύεις</span> <span class='ocrx_word' id='word_1_317' title='bbox 473 1953 522 1979; x_wconf 74' lang='grc' dir='ltr'><strong>καὶ</strong></span> <span class='ocrx_word' id='word_1_318' title='bbox 533 1951 601 1979; x_wconf 82' lang='grc' dir='ltr'>ε)εοῦ</span> <span class='ocrx_word' id='word_1_319' title='bbox 614 1951 804 1987; x_wconf 80' lang='grc' dir='ltr'>καταφρονεῖς,</span> 
     </span>
    </p>
   </div>
   <div class='ocr_carea' id='block_1_43' title="bbox 6 1996 804 2037">
    <p class='ocr_par' dir='ltr' id='par_1_43' title="bbox 6 1996 804 2037">
     <span class='ocr_line' id='line_1_43' title="bbox 6 1996 804 2037; baseline -0.006 -9"><span class='ocrx_word' id='word_1_320' title='bbox 6 2003 59 2034; x_wconf 72' lang='grc' dir='ltr'>πῶς</span> <span class='ocrx_word' id='word_1_321' title='bbox 78 2001 200 2037; x_wconf 75' lang='grc' dir='ltr'>μαθήσῃ</span> <span class='ocrx_word' id='word_1_322' title='bbox 227 2000 276 2030; x_wconf 78' lang='grc' dir='ltr'>τὰς</span> <span class='ocrx_word' id='word_1_323' title='bbox 293 1999 449 2034; x_wconf 75' lang='grc' dir='ltr'>οἰκονομίας</span> <span class='ocrx_word' id='word_1_324' title='bbox 464 1998 546 2025; x_wconf 80' lang='grc' dir='ltr'>αὐτοῦ</span> <span class='ocrx_word' id='word_1_325' title='bbox 572 1998 588 2034; x_wconf 86' lang='grc' dir='ltr'>ἢ</span> <span class='ocrx_word' id='word_1_326' title='bbox 610 1999 660 2033; x_wconf 82' lang='grc' dir='ltr'>τὴν</span> <span class='ocrx_word' id='word_1_327' title='bbox 676 1998 745 2023; x_wconf 85' lang='grc' dir='ltr'>κατὰ</span> <span class='ocrx_word' id='word_1_328' title='bbox 758 1996 804 2023; x_wconf 83' lang='grc' dir='ltr'><strong>σοῦ</strong></span> 
     </span>
    </p>
   </div>
   <div class='ocr_carea' id='block_1_44' title="bbox 5 2043 804 2082">
    <p class='ocr_par' dir='ltr' id='par_1_44' title="bbox 5 2043 804 2082">
     <span class='ocr_line' id='line_1_44' title="bbox 5 2043 804 2082; baseline -0.009 -7"><span class='ocrx_word' id='word_1_329' title='bbox 5 2050 53 2075; x_wconf 65' lang='grc' dir='ltr'><strong>τιτι-δ</strong></span> <span class='ocrx_word' id='word_1_330' title='bbox 77 2047 234 2082; x_wconf 77' lang='grc' dir='ltr'>ὂαιμονίων</span> <span class='ocrx_word' id='word_1_331' title='bbox 249 2046 399 2080; x_wconf 80' lang='grc' dir='ltr'>ὲπήρειαν;</span> <span class='ocrx_word' id='word_1_332' title='bbox 416 2044 477 2080; x_wconf 75' lang='lat'><strong>[70!</strong></span> <span class='ocrx_word' id='word_1_333' title='bbox 498 2043 545 2080; x_wconf 78' lang='lat' dir='ltr'><strong>R.]</strong></span> <span class='ocrx_word' id='word_1_334' title='bbox 560 2043 622 2074; x_wconf 81' lang='grc' dir='ltr'>Πῶς</span> <span class='ocrx_word' id='word_1_335' title='bbox 643 2043 672 2070; x_wconf 80' lang='grc' dir='ltr'><strong>δὲ</strong></span> <span class='ocrx_word' id='word_1_336' title='bbox 689 2043 719 2069; x_wconf 83' lang='grc' dir='ltr'><strong>οὐ</strong></span> <span class='ocrx_word' id='word_1_337' title='bbox 736 2051 804 2077; x_wconf 85' lang='grc' dir='ltr'>κρα-</span> 
     </span>
    </p>
   </div>
   <div class='ocr_carea' id='block_1_45' title="bbox 5 2088 805 2129">
    <p class='ocr_par' dir='ltr' id='par_1_45' title="bbox 5 2088 805 2129">
     <span class='ocr_line' id='line_1_45' title="bbox 5 2088 805 2129; baseline -0.009 -8"><span class='ocrx_word' id='word_1_338' title='bbox 5 2098 118 2129; x_wconf 66' lang='grc' dir='ltr'>τήσειαν</span> <span class='ocrx_word' id='word_1_339' title='bbox 131 2093 263 2127; x_wconf 82' lang='grc' dir='ltr'>δαίμονες</span> <span class='ocrx_word' id='word_1_340' title='bbox 278 2091 396 2126; x_wconf 81' lang='grc' dir='ltr'>εὐχερῶς</span> <span class='ocrx_word' id='word_1_341' title='bbox 409 2088 447 2118; x_wconf 83' lang='grc' dir='ltr'><strong>ὧν</strong></span> <span class='ocrx_word' id='word_1_342' title='bbox 459 2091 508 2117; x_wconf 81' lang='grc' dir='ltr'><strong>οὐκ</strong></span> <span class='ocrx_word' id='word_1_343' title='bbox 518 2090 616 2117; x_wconf 73' lang='grc' dir='ltr'>ἔστιτὸ</span> <span class='ocrx_word' id='word_1_344' title='bbox 629 2090 706 2116; x_wconf 85' lang='grc' dir='ltr'>Θεῖον</span> <span class='ocrx_word' id='word_1_345' title='bbox 720 2089 805 2124; x_wconf 76' lang='grc' dir='ltr'>ὑπέρ-</span> 
     </span>
    </p>
   </div>
   <div class='ocr_carea' id='block_1_46' title="bbox 6 2135 805 2176">
    <p class='ocr_par' dir='ltr' id='par_1_46' title="bbox 6 2135 805 2176">
     <span class='ocr_line' id='line_1_46' title="bbox 6 2135 805 2176; baseline -0.009 -8"><span class='ocrx_word' id='word_1_346' title='bbox 6 2151 105 2176; x_wconf 72' lang='grc' dir='ltr'>μαχον,</span> <span class='ocrx_word' id='word_1_347' title='bbox 136 2139 210 2174; x_wconf 82' lang='grc' dir='ltr'>πρὸς</span> <span class='ocrx_word' id='word_1_348' title='bbox 233 2139 324 2165; x_wconf 82' lang='grc' dir='ltr'>ἐκεῖνα</span> <span class='ocrx_word' id='word_1_349' title='bbox 348 2138 459 2169; x_wconf 79' lang='grc' dir='ltr'>τούτους</span> <span class='ocrx_word' id='word_1_350' title='bbox 481 2136 684 2171; x_wconf 79' lang='grc' dir='ltr'>κατασύροντες</span> <span class='ocrx_word' id='word_1_351' title='bbox 709 2135 727 2163; x_wconf 84' lang='grc' dir='ltr'>ἃ</span> <span class='ocrx_word' id='word_1_352' title='bbox 750 2136 805 2162; x_wconf 86' lang='grc' dir='ltr'>τῶν</span> 
     </span>
    </p>
   </div>
   <div class='ocr_carea' id='block_1_47' title="bbox 5 2180 805 2222">
    <p class='ocr_par' dir='ltr' id='par_1_47' title="bbox 5 2180 805 2222">
     <span class='ocr_line' id='line_1_47' title="bbox 5 2180 805 2222; baseline -0.006 -11"><span class='ocrx_word' id='word_1_353' title='bbox 5 2186 186 2222; x_wconf 62' lang='grc' dir='ltr'>ἀστρολόγων</span> <span class='ocrx_word' id='word_1_354' title='bbox 203 2185 232 2211; x_wconf 78' lang='grc' dir='ltr'>αἱ</span> <span class='ocrx_word' id='word_1_355' title='bbox 250 2183 337 2218; x_wconf 82' lang='grc' dir='ltr'>βίϐλοι</span> <span class='ocrx_word' id='word_1_356' title='bbox 353 2182 544 2218; x_wconf 81' lang='grc' dir='ltr'>προλέγουσιν,</span> <span class='ocrx_word' id='word_1_357' title='bbox 560 2181 598 2212; x_wconf 86' lang='grc' dir='ltr'>ὡς</span> <span class='ocrx_word' id='word_1_358' title='bbox 611 2180 644 2208; x_wconf 89' lang='grc' dir='ltr'>ἂν</span> <span class='ocrx_word' id='word_1_359' title='bbox 660 2181 690 2207; x_wconf 80' lang='grc' dir='ltr'>τὸ</span> <span class='ocrx_word' id='word_1_360' title='bbox 704 2181 753 2216; x_wconf 80' lang='grc' dir='ltr'><strong>τῆς</strong></span> <span class='ocrx_word' id='word_1_361' title='bbox 765 2181 805 2206; x_wconf 84' lang='grc' dir='ltr'><strong>εἱ-</strong></span> 
     </span>
    </p>
   </div>
   <div class='ocr_carea' id='block_1_48' title="bbox 781 877 838 925">
    <p class='ocr_par' dir='ltr' id='par_1_48' title="bbox 781 877 838 925">
     <span class='ocr_line' id='line_1_48' title="bbox 781 877 838 925; baseline 0 -20"><span class='ocrx_word' id='word_1_362' title='bbox 781 877 838 925; x_wconf 52' lang='lat' dir='ltr'><strong>ﬁl!</strong></span> 
     </span>
    </p>
   </div>
   <div class='ocr_carea' id='block_1_49' title="bbox 847 251 1639 290">
    <p class='ocr_par' dir='ltr' id='par_1_49' title="bbox 847 251 1639 290">
     <span class='ocr_line' id='line_1_49' title="bbox 847 251 1639 290; baseline 0.006 -12"><span class='ocrx_word' id='word_1_363' title='bbox 847 256 901 284; x_wconf 86' lang='lat' dir='ltr'><strong>set,</strong></span> <span class='ocrx_word' id='word_1_364' title='bbox 923 251 1021 278; x_wconf 89' lang='lat' dir='ltr'><strong>merito</strong></span> <span class='ocrx_word' id='word_1_365' title='bbox 1046 251 1175 279; x_wconf 87' lang='lat' dir='ltr'><strong>admirari</strong></span> <span class='ocrx_word' id='word_1_366' title='bbox 1203 252 1308 279; x_wconf 84' lang='lat' dir='ltr'><strong>licebat.</strong></span> <span class='ocrx_word' id='word_1_367' title='bbox 1329 253 1365 279; x_wconf 89' lang='lat' dir='ltr'><strong>At</strong></span> <span class='ocrx_word' id='word_1_368' title='bbox 1382 260 1443 279; x_wconf 88' lang='lat' dir='ltr'><strong>cum</strong></span> <span class='ocrx_word' id='word_1_369' title='bbox 1460 261 1492 282; x_wconf 90' lang='lat' dir='ltr'><strong>ea</strong></span> <span class='ocrx_word' id='word_1_370' title='bbox 1511 262 1571 290; x_wconf 68' lang='lat' dir='ltr'><strong>qua:</strong></span> <span class='ocrx_word' id='word_1_371' title='bbox 1583 256 1639 290; x_wconf 84' lang='lat' dir='ltr'><strong>ple-</strong></span> 
     </span>
    </p>
   </div>
   <div class='ocr_carea' id='block_1_50' title="bbox 847 297 1637 335">
    <p class='ocr_par' dir='ltr' id='par_1_50' title="bbox 847 297 1637 335">
     <span class='ocr_line' id='line_1_50' title="bbox 847 297 1637 335; baseline 0.005 -11"><span class='ocrx_word' id='word_1_372' title='bbox 847 305 962 331; x_wconf 87' lang='lat' dir='ltr'><strong>rumque</strong></span> <span class='ocrx_word' id='word_1_373' title='bbox 981 297 1105 325; x_wconf 89' lang='lat' dir='ltr'><strong>accidere</strong></span> <span class='ocrx_word' id='word_1_374' title='bbox 1125 297 1214 324; x_wconf 78' lang='lat' dir='ltr'><strong>solent</strong></span> <span class='ocrx_word' id='word_1_375' title='bbox 1229 298 1375 332; x_wconf 69' lang='lat' dir='ltr'><strong>pra‘dicere</strong></span> <span class='ocrx_word' id='word_1_376' title='bbox 1395 299 1556 332; x_wconf 75' lang='lat' dir='ltr'><strong>videantur,</strong></span> <span class='ocrx_word' id='word_1_377' title='bbox 1572 301 1637 335; x_wconf 86' lang='lat' dir='ltr'><strong>quid</strong></span> 
     </span>
    </p>
   </div>
   <div class='ocr_carea' id='block_1_51' title="bbox 848 342 1636 376">
    <p class='ocr_par' dir='ltr' id='par_1_51' title="bbox 848 342 1636 376">
     <span class='ocr_line' id='line_1_51' title="bbox 848 342 1636 376; baseline 0.005 -6"><span class='ocrx_word' id='word_1_378' title='bbox 848 343 947 370; x_wconf 91' lang='lat' dir='ltr'><strong>mirum</strong></span> <span class='ocrx_word' id='word_1_379' title='bbox 977 342 999 370; x_wconf 87' lang='lat' dir='ltr'><strong>si</strong></span> <span class='ocrx_word' id='word_1_380' title='bbox 1014 348 1087 371; x_wconf 85' lang='lat' dir='ltr'><strong>recte</strong></span> <span class='ocrx_word' id='word_1_381' title='bbox 1097 343 1265 376; x_wconf 82' lang='lat' dir='ltr'><strong>conjiciant?</strong></span> <span class='ocrx_word' id='word_1_382' title='bbox 1279 351 1331 371; x_wconf 88' lang='lat' dir='ltr'><strong>non</strong></span> <span class='ocrx_word' id='word_1_383' title='bbox 1346 345 1418 372; x_wconf 90' lang='lat' dir='ltr'><strong>enim</strong></span> <span class='ocrx_word' id='word_1_384' title='bbox 1435 345 1515 374; x_wconf 77' lang='lat' dir='ltr'><strong>facile</strong></span> <span class='ocrx_word' id='word_1_385' title='bbox 1529 351 1571 374; x_wconf 84' lang='lat' dir='ltr'><strong>est</strong></span> <span class='ocrx_word' id='word_1_386' title='bbox 1581 351 1636 374; x_wconf 91' lang='lat' dir='ltr'><strong>tam</strong></span> 
     </span>
    </p>
   </div>
   <div class='ocr_carea' id='block_1_52' title="bbox 849 389 1638 427">
    <p class='ocr_par' dir='ltr' id='par_1_52' title="bbox 849 389 1638 427">
     <span class='ocr_line' id='line_1_52' title="bbox 849 389 1638 427; baseline 0.006 -12"><span class='ocrx_word' id='word_1_387' title='bbox 849 389 932 416; x_wconf 87' lang='lat' dir='ltr'><strong>multa</strong></span> <span class='ocrx_word' id='word_1_388' title='bbox 949 389 1082 416; x_wconf 76' lang='lat' dir='ltr'><strong>dicentem</strong></span> <span class='ocrx_word' id='word_1_389' title='bbox 1103 390 1240 416; x_wconf 80' lang='lat' dir='ltr'><strong>aberrare.</strong></span> <span class='ocrx_word' id='word_1_390' title='bbox 1255 390 1353 425; x_wconf 74' lang='lat' dir='ltr'><strong>221a</strong></span> <span class='ocrx_word' id='word_1_391' title='bbox 1374 391 1443 424; x_wconf 89' lang='lat' dir='ltr'><strong>Quin</strong></span> <span class='ocrx_word' id='word_1_392' title='bbox 1468 392 1532 419; x_wconf 86' lang='lat' dir='ltr'><strong>illud</strong></span> <span class='ocrx_word' id='word_1_393' title='bbox 1547 392 1638 427; x_wconf 91' lang='lat' dir='ltr'><strong>potius</strong></span> 
     </span>
    </p>
   </div>
   <div class='ocr_carea' id='block_1_53' title="bbox 849 436 1640 470">
    <p class='ocr_par' dir='ltr' id='par_1_53' title="bbox 849 436 1640 470">
     <span class='ocr_line' id='line_1_53' title="bbox 849 436 1640 470; baseline 0.004 -7"><span class='ocrx_word' id='word_1_394' title='bbox 849 436 1002 463; x_wconf 88' lang='lat' dir='ltr'><strong>mirandum</strong></span> <span class='ocrx_word' id='word_1_395' title='bbox 1017 436 1062 468; x_wconf 89' lang='lat' dir='ltr'><strong>sit,</strong></span> <span class='ocrx_word' id='word_1_396' title='bbox 1088 443 1194 470; x_wconf 83' lang='lat' dir='ltr'><strong>semper</strong></span> <span class='ocrx_word' id='word_1_397' title='bbox 1211 436 1234 464; x_wconf 90' lang='lat' dir='ltr'><strong>si</strong></span> <span class='ocrx_word' id='word_1_398' title='bbox 1253 436 1422 464; x_wconf 85' lang='lat' dir='ltr'><strong>aberrarent.</strong></span> <span class='ocrx_word' id='word_1_399' title='bbox 1437 437 1495 465; x_wconf 83' lang='lat' dir='ltr'><strong>Jam</strong></span> <span class='ocrx_word' id='word_1_400' title='bbox 1513 438 1536 466; x_wconf 85' lang='lat' dir='ltr'><strong>si</strong></span> <span class='ocrx_word' id='word_1_401' title='bbox 1558 439 1640 466; x_wconf 85' lang='lat' dir='ltr'><strong>etiam</strong></span> 
     </span>
    </p>
   </div>
   <div class='ocr_carea' id='block_1_54' title="bbox 850 482 1641 517">
    <p class='ocr_par' dir='ltr' id='par_1_54' title="bbox 850 482 1641 517">
     <span class='ocr_line' id='line_1_54' title="bbox 850 482 1641 517; baseline 0.005 -8"><span class='ocrx_word' id='word_1_402' title='bbox 850 483 985 510; x_wconf 64' lang='lat' dir='ltr'><strong>daemones</strong></span> <span class='ocrx_word' id='word_1_403' title='bbox 1004 482 1122 509; x_wconf 89' lang='lat' dir='ltr'><strong>habeant</strong></span> <span class='ocrx_word' id='word_1_404' title='bbox 1144 482 1284 516; x_wconf 75' lang='lat' dir='ltr'><strong>adjutores</strong></span> <span class='ocrx_word' id='word_1_405' title='bbox 1297 501 1306 514; x_wconf 81' lang='lat'><strong>,</strong></span> <span class='ocrx_word' id='word_1_406' title='bbox 1328 483 1553 517; x_wconf 72' lang='lat' dir='ltr'><strong>quemadmodum</strong></span> <span class='ocrx_word' id='word_1_407' title='bbox 1573 491 1641 513; x_wconf 84' lang='lat' dir='ltr'><strong>sane</strong></span> 
     </span>
    </p>
   </div>
   <div class='ocr_carea' id='block_1_55' title="bbox 849 527 1639 563">
    <p class='ocr_par' dir='ltr' id='par_1_55' title="bbox 849 527 1639 563">
     <span class='ocr_line' id='line_1_55' title="bbox 849 527 1639 563; baseline 0.005 -9"><span class='ocrx_word' id='word_1_408' title='bbox 849 528 959 560; x_wconf 88' lang='lat' dir='ltr'><strong>habent,</strong></span> <span class='ocrx_word' id='word_1_409' title='bbox 973 527 1018 563; x_wconf 93' lang='lat' dir='ltr'><strong>qui</strong></span> <span class='ocrx_word' id='word_1_410' title='bbox 1039 528 1156 563; x_wconf 91' lang='lat' dir='ltr'><strong>ipsorum</strong></span> <span class='ocrx_word' id='word_1_411' title='bbox 1173 528 1374 562; x_wconf 65' lang='lat' dir='ltr'><strong>praedictionem</strong></span> <span class='ocrx_word' id='word_1_412' title='bbox 1390 530 1564 562; x_wconf 77' lang='lat' dir='ltr'><strong>conﬁrmant,</strong></span> <span class='ocrx_word' id='word_1_413' title='bbox 1585 539 1639 558; x_wconf 91' lang='lat' dir='ltr'><strong>non</strong></span> 
     </span>
    </p>
   </div>
   <div class='ocr_carea' id='block_1_56' title="bbox 850 573 1641 608">
    <p class='ocr_par' dir='ltr' id='par_1_56' title="bbox 850 573 1641 608">
     <span class='ocr_line' id='line_1_56' title="bbox 850 573 1641 608; baseline 0.004 -8"><span class='ocrx_word' id='word_1_414' title='bbox 850 573 966 608; x_wconf 83' lang='lat' dir='ltr'><strong>amplius</strong></span> <span class='ocrx_word' id='word_1_415' title='bbox 981 578 1037 601; x_wconf 91' lang='lat' dir='ltr'><strong>tum</strong></span> <span class='ocrx_word' id='word_1_416' title='bbox 1054 575 1138 601; x_wconf 91' lang='lat' dir='ltr'><strong>mirer</strong></span> <span class='ocrx_word' id='word_1_417' title='bbox 1170 574 1193 601; x_wconf 86' lang='lat' dir='ltr'><strong>si</strong></span> <span class='ocrx_word' id='word_1_418' title='bbox 1214 578 1286 601; x_wconf 86' lang='lat' dir='ltr'><strong>recte</strong></span> <span class='ocrx_word' id='word_1_419' title='bbox 1305 574 1469 607; x_wconf 80' lang='lat' dir='ltr'><strong>conjectent,</strong></span> <span class='ocrx_word' id='word_1_420' title='bbox 1492 576 1539 603; x_wconf 90' lang='lat' dir='ltr'><strong>sed</strong></span> <span class='ocrx_word' id='word_1_421' title='bbox 1556 577 1641 604; x_wconf 87' lang='lat' dir='ltr'><strong>multo</strong></span> 
     </span>
    </p>
   </div>
   <div class='ocr_carea' id='block_1_57' title="bbox 850 619 1642 655">
    <p class='ocr_par' dir='ltr' id='par_1_57' title="bbox 850 619 1642 655">
     <span class='ocr_line' id='line_1_57' title="bbox 850 619 1642 655; baseline 0.004 -9"><span class='ocrx_word' id='word_1_422' title='bbox 850 619 936 654; x_wconf 79' lang='lat' dir='ltr'><strong>magis</strong></span> <span class='ocrx_word' id='word_1_423' title='bbox 966 619 989 647; x_wconf 90' lang='lat' dir='ltr'><strong>si</strong></span> <span class='ocrx_word' id='word_1_424' title='bbox 1012 627 1064 647; x_wconf 93' lang='lat' dir='ltr'><strong>non</strong></span> <span class='ocrx_word' id='word_1_425' title='bbox 1081 623 1154 647; x_wconf 86' lang='lat' dir='ltr'><strong>recte</strong></span> <span class='ocrx_word' id='word_1_426' title='bbox 1171 620 1329 654; x_wconf 84' lang='lat' dir='ltr'><strong>conjiciant.</strong></span> <span class='ocrx_word' id='word_1_427' title='bbox 1348 620 1485 655; x_wconf 83' lang='lat' dir='ltr'><strong>Adjuvant</strong></span> <span class='ocrx_word' id='word_1_428' title='bbox 1503 622 1574 648; x_wconf 91' lang='lat' dir='ltr'><strong>enim</strong></span> <span class='ocrx_word' id='word_1_429' title='bbox 1594 629 1642 650; x_wconf 88' lang='lat' dir='ltr'><strong>eos</strong></span> 
     </span>
    </p>
   </div>
   <div class='ocr_carea' id='block_1_58' title="bbox 851 665 1641 702">
    <p class='ocr_par' dir='ltr' id='par_1_58' title="bbox 851 665 1641 702">
     <span class='ocr_line' id='line_1_58' title="bbox 851 665 1641 702; baseline 0.003 -10"><span class='ocrx_word' id='word_1_430' title='bbox 851 665 997 694; x_wconf 61' lang='lat' dir='ltr'><strong>dmmones.</strong></span> <span class='ocrx_word' id='word_1_431' title='bbox 1013 666 1038 692; x_wconf 92' lang='lat' dir='ltr'><strong>in</strong></span> <span class='ocrx_word' id='word_1_432' title='bbox 1053 666 1250 700; x_wconf 82' lang='lat' dir='ltr'><strong>astrologorum</strong></span> <span class='ocrx_word' id='word_1_433' title='bbox 1265 666 1374 702; x_wconf 82' lang='lat' dir='ltr'><strong>scriptis</strong></span> <span class='ocrx_word' id='word_1_434' title='bbox 1400 667 1517 694; x_wconf 82' lang='lat' dir='ltr'><strong>maxime</strong></span> <span class='ocrx_word' id='word_1_435' title='bbox 1531 668 1641 700; x_wconf 83' lang='lat' dir='ltr'><strong>versati,</strong></span> 
     </span>
    </p>
   </div>
   <div class='ocr_carea' id='block_1_59' title="bbox 851 710 1643 748">
    <p class='ocr_par' dir='ltr' id='par_1_59' title="bbox 851 710 1643 748">
     <span class='ocr_line' id='line_1_59' title="bbox 851 710 1643 748; baseline 0.004 -11"><span class='ocrx_word' id='word_1_436' title='bbox 851 710 925 737; x_wconf 92' lang='lat' dir='ltr'><strong>omni</strong></span> <span class='ocrx_word' id='word_1_437' title='bbox 944 711 976 737; x_wconf 91' lang='lat' dir='ltr'><strong>ad</strong></span> <span class='ocrx_word' id='word_1_438' title='bbox 992 710 1051 738; x_wconf 59' lang='lat' dir='ltr'><strong>haec</strong></span> <span class='ocrx_word' id='word_1_439' title='bbox 1072 711 1235 746; x_wconf 77' lang='lat' dir='ltr'><strong>perﬁcienda</strong></span> <span class='ocrx_word' id='word_1_440' title='bbox 1254 712 1429 740; x_wconf 84' lang='lat' dir='ltr'><strong>contentione</strong></span> <span class='ocrx_word' id='word_1_441' title='bbox 1447 712 1578 745; x_wconf 81' lang='lat' dir='ltr'><strong>adhibita.</strong></span> <span class='ocrx_word' id='word_1_442' title='bbox 1589 719 1643 748; x_wconf 86' lang='lat' dir='ltr'><strong>quo</strong></span> 
     </span>
    </p>
   </div>
   <div class='ocr_carea' id='block_1_60' title="bbox 852 755 1642 792">
    <p class='ocr_par' dir='ltr' id='par_1_60' title="bbox 852 755 1642 792">
     <span class='ocr_line' id='line_1_60' title="bbox 852 755 1642 792; baseline 0.005 -10"><span class='ocrx_word' id='word_1_443' title='bbox 852 755 992 788; x_wconf 87' lang='lat' dir='ltr'><strong>nimirum,</strong></span> <span class='ocrx_word' id='word_1_444' title='bbox 1010 755 1056 784; x_wconf 89' lang='lat' dir='ltr'><strong>illo</strong></span> <span class='ocrx_word' id='word_1_445' title='bbox 1072 755 1106 783; x_wconf 90' lang='lat' dir='ltr'><strong>de</strong></span> <span class='ocrx_word' id='word_1_446' title='bbox 1125 755 1182 783; x_wconf 86' lang='lat' dir='ltr'><strong>fato</strong></span> <span class='ocrx_word' id='word_1_447' title='bbox 1197 763 1289 783; x_wconf 88' lang='lat' dir='ltr'><strong>errore</strong></span> <span class='ocrx_word' id='word_1_448' title='bbox 1309 757 1390 784; x_wconf 89' lang='lat' dir='ltr'><strong>nimis</strong></span> <span class='ocrx_word' id='word_1_449' title='bbox 1407 757 1524 785; x_wconf 86' lang='lat' dir='ltr'><strong>credulis</strong></span> <span class='ocrx_word' id='word_1_450' title='bbox 1541 758 1642 792; x_wconf 78' lang='lat' dir='ltr'><strong>infuso,</strong></span> 
     </span>
    </p>
   </div>
   <div class='ocr_carea' id='block_1_61' title="bbox 852 801 1642 837">
    <p class='ocr_par' dir='ltr' id='par_1_61' title="bbox 852 801 1642 837">
     <span class='ocr_line' id='line_1_61' title="bbox 852 801 1642 837; baseline 0.004 -9"><span class='ocrx_word' id='word_1_451' title='bbox 852 806 1035 836; x_wconf 89' lang='lat' dir='ltr'><strong>contemptum</strong></span> <span class='ocrx_word' id='word_1_452' title='bbox 1068 801 1180 836; x_wconf 84' lang='lat' dir='ltr'><strong>insuper</strong></span> <span class='ocrx_word' id='word_1_453' title='bbox 1209 802 1256 830; x_wconf 85' lang='lat' dir='ltr'><strong>Dei</strong></span> <span class='ocrx_word' id='word_1_454' title='bbox 1280 801 1323 829; x_wconf 90' lang='lat' dir='ltr'><strong>his</strong></span> <span class='ocrx_word' id='word_1_455' title='bbox 1354 802 1422 837; x_wconf 87' lang='lat' dir='ltr'><strong>ipsis</strong></span> <span class='ocrx_word' id='word_1_456' title='bbox 1451 804 1642 836; x_wconf 86' lang='lat' dir='ltr'><strong>persuadeant.</strong></span> 
     </span>
    </p>
   </div>
   <div class='ocr_carea' id='block_1_62' title="bbox 853 843 1644 885">
    <p class='ocr_par' dir='ltr' id='par_1_62' title="bbox 853 843 1644 885">
     <span class='ocr_line' id='line_1_62' title="bbox 853 843 1644 885; baseline 0.004 -11"><span class='ocrx_word' id='word_1_457' title='bbox 853 843 1007 874; x_wconf 65' lang='lat' dir='ltr'><strong>Praedicunt</strong></span> <span class='ocrx_word' id='word_1_458' title='bbox 1023 853 1114 875; x_wconf 83' lang='lat' dir='ltr'><strong>autem</strong></span> <span class='ocrx_word' id='word_1_459' title='bbox 1132 848 1286 882; x_wconf 81' lang='lat' dir='ltr'><strong>huiusmodi</strong></span> <span class='ocrx_word' id='word_1_460' title='bbox 1303 848 1366 876; x_wconf 81' lang='lat' dir='ltr'><strong>libri</strong></span> <span class='ocrx_word' id='word_1_461' title='bbox 1388 849 1508 882; x_wconf 84' lang='lat' dir='ltr'><strong>divitias,</strong></span> <span class='ocrx_word' id='word_1_462' title='bbox 1528 857 1644 885; x_wconf 83' lang='lat' dir='ltr'><strong>pauper-</strong></span> 
     </span>
    </p>
   </div>
   <div class='ocr_carea' id='block_1_63' title="bbox 852 895 1643 930">
    <p class='ocr_par' dir='ltr' id='par_1_63' title="bbox 852 895 1643 930">
     <span class='ocr_line' id='line_1_63' title="bbox 852 895 1643 930; baseline 0.001 -9"><span class='ocrx_word' id='word_1_463' title='bbox 852 898 945 926; x_wconf 90' lang='lat' dir='ltr'><strong>tatem,</strong></span> <span class='ocrx_word' id='word_1_464' title='bbox 956 899 984 920; x_wconf 92' lang='lat' dir='ltr'><strong>et</strong></span> <span class='ocrx_word' id='word_1_465' title='bbox 996 901 1166 928; x_wconf 70' lang='lat' dir='ltr'><strong>qurecunque</strong></span> <span class='ocrx_word' id='word_1_466' title='bbox 1182 895 1340 930; x_wconf 79' lang='lat' dir='ltr'><strong>contingere</strong></span> <span class='ocrx_word' id='word_1_467' title='bbox 1354 895 1380 922; x_wconf 93' lang='lat' dir='ltr'><strong>in</strong></span> <span class='ocrx_word' id='word_1_468' title='bbox 1402 895 1453 923; x_wconf 88' lang='lat' dir='ltr'><strong>hac</strong></span> <span class='ocrx_word' id='word_1_469' title='bbox 1471 896 1526 923; x_wconf 88' lang='lat' dir='ltr'><strong>vita</strong></span> <span class='ocrx_word' id='word_1_470' title='bbox 1542 896 1643 928; x_wconf 85' lang='lat' dir='ltr'><strong>solent,</strong></span> 
     </span>
    </p>
   </div>
   <div class='ocr_carea' id='block_1_64' title="bbox 851 933 1645 975">
    <p class='ocr_par' dir='ltr' id='par_1_64' title="bbox 851 933 1645 975">
     <span class='ocr_line' id='line_1_64' title="bbox 851 933 1645 975; baseline 0.004 -9"><span class='ocrx_word' id='word_1_471' title='bbox 851 939 884 966; x_wconf 88' lang='lat' dir='ltr'><strong>ad</strong></span> <span class='ocrx_word' id='word_1_472' title='bbox 902 947 963 975; x_wconf 58' lang='lat' dir='ltr'><strong>qua}</strong></span> <span class='ocrx_word' id='word_1_473' title='bbox 976 947 1041 968; x_wconf 85' lang='lat' dir='ltr'><strong>sane</strong></span> <span class='ocrx_word' id='word_1_474' title='bbox 1050 939 1187 967; x_wconf 65' lang='lat' dir='ltr'><strong>daemones</strong></span> <span class='ocrx_word' id='word_1_475' title='bbox 1206 948 1281 968; x_wconf 85' lang='lat' dir='ltr'><strong>suam</strong></span> <span class='ocrx_word' id='word_1_476' title='bbox 1295 948 1374 975; x_wconf 81' lang='lat' dir='ltr'><strong>opem</strong></span> <span class='ocrx_word' id='word_1_477' title='bbox 1391 941 1488 968; x_wconf 79' lang='lat' dir='ltr'><strong>afferre</strong></span> <span class='ocrx_word' id='word_1_478' title='bbox 1503 933 1645 969; x_wconf 33' lang='lat' dir='ltr'><strong>non&#39;diﬂi-</strong></span> 
     </span>
    </p>
   </div>
   <div class='ocr_carea' id='block_1_65' title="bbox 851 985 1644 1023">
    <p class='ocr_par' dir='ltr' id='par_1_65' title="bbox 851 985 1644 1023">
     <span class='ocr_line' id='line_1_65' title="bbox 851 985 1644 1023; baseline 0.005 -11"><span class='ocrx_word' id='word_1_479' title='bbox 851 985 938 1013; x_wconf 87' lang='lat' dir='ltr'><strong>culter</strong></span> <span class='ocrx_word' id='word_1_480' title='bbox 953 991 1076 1020; x_wconf 90' lang='lat' dir='ltr'><strong>possunt.</strong></span> <span class='ocrx_word' id='word_1_481' title='bbox 1094 986 1199 1014; x_wconf 87' lang='lat' dir='ltr'><strong>Etenim</strong></span> <span class='ocrx_word' id='word_1_482' title='bbox 1211 989 1291 1020; x_wconf 84' lang='lat' dir='ltr'><strong>etiam</strong></span> <span class='ocrx_word' id='word_1_483' title='bbox 1307 995 1356 1015; x_wconf 86' lang='lat' dir='ltr'><strong>nos</strong></span> <span class='ocrx_word' id='word_1_484' title='bbox 1370 988 1467 1015; x_wconf 84' lang='lat' dir='ltr'><strong>horum</strong></span> <span class='ocrx_word' id='word_1_485' title='bbox 1488 996 1542 1016; x_wconf 92' lang='lat' dir='ltr'><strong>non</strong></span> <span class='ocrx_word' id='word_1_486' title='bbox 1559 996 1644 1023; x_wconf 86' lang='lat' dir='ltr'><strong>pauca</strong></span> 
     </span>
    </p>
   </div>
   <div class='ocr_carea' id='block_1_66' title="bbox 852 1032 1645 1070">
    <p class='ocr_par' dir='ltr' id='par_1_66' title="bbox 852 1032 1645 1070">
     <span class='ocr_line' id='line_1_66' title="bbox 852 1032 1645 1070; baseline 0.004 -11"><span class='ocrx_word' id='word_1_487' title='bbox 852 1032 878 1059; x_wconf 90' lang='lat' dir='ltr'><strong>in</strong></span> <span class='ocrx_word' id='word_1_488' title='bbox 904 1032 985 1068; x_wconf 67' lang='lat' dir='ltr'><strong>alios,</strong></span> <span class='ocrx_word' id='word_1_489' title='bbox 1009 1033 1124 1060; x_wconf 88' lang='lat' dir='ltr'><strong>simodo</strong></span> <span class='ocrx_word' id='word_1_490' title='bbox 1146 1032 1280 1066; x_wconf 84' lang='lat' dir='ltr'><strong>velimus,</strong></span> <span class='ocrx_word' id='word_1_491' title='bbox 1302 1034 1343 1061; x_wconf 85' lang='lat' dir='ltr'><strong>vel</strong></span> <span class='ocrx_word' id='word_1_492' title='bbox 1368 1035 1575 1070; x_wconf 85' lang='lat' dir='ltr'><strong>persuadendo,</strong></span> <span class='ocrx_word' id='word_1_493' title='bbox 1600 1035 1645 1062; x_wconf 89' lang='lat' dir='ltr'><strong>vel</strong></span> 
     </span>
    </p>
   </div>
   <div class='ocr_carea' id='block_1_67' title="bbox 855 1077 1644 1114">
    <p class='ocr_par' dir='ltr' id='par_1_67' title="bbox 855 1077 1644 1114">
     <span class='ocr_line' id='line_1_67' title="bbox 855 1077 1644 1114; baseline 0.004 -9"><span class='ocrx_word' id='word_1_494' title='bbox 855 1078 1026 1114; x_wconf 78' lang='lat' dir='ltr'><strong>decipiendo,</strong></span> <span class='ocrx_word' id='word_1_495' title='bbox 1039 1078 1081 1106; x_wconf 88' lang='lat' dir='ltr'><strong>vel</strong></span> <span class='ocrx_word' id='word_1_496' title='bbox 1095 1079 1149 1106; x_wconf 86' lang='lat' dir='ltr'><strong>vim</strong></span> <span class='ocrx_word' id='word_1_497' title='bbox 1165 1079 1327 1111; x_wconf 86' lang='lat' dir='ltr'><strong>adhibendo,</strong></span> <span class='ocrx_word' id='word_1_498' title='bbox 1345 1077 1568 1107; x_wconf 79' lang='lat' dir='ltr'><strong>conferamus.Et</strong></span> <span class='ocrx_word' id='word_1_499' title='bbox 1579 1088 1644 1108; x_wconf 83' lang='lat' dir='ltr'><strong>vero</strong></span> 
     </span>
    </p>
   </div>
   <div class='ocr_carea' id='block_1_68' title="bbox 854 1123 1643 1158">
    <p class='ocr_par' dir='ltr' id='par_1_68' title="bbox 854 1123 1643 1158">
     <span class='ocr_line' id='line_1_68' title="bbox 854 1123 1643 1158; baseline 0.003 -8"><span class='ocrx_word' id='word_1_500' title='bbox 854 1127 1012 1157; x_wconf 86' lang='lat' dir='ltr'><strong>peccatores</strong></span> <span class='ocrx_word' id='word_1_501' title='bbox 1036 1123 1062 1150; x_wconf 93' lang='lat' dir='ltr'><strong>in</strong></span> <span class='ocrx_word' id='word_1_502' title='bbox 1076 1131 1123 1151; x_wconf 88' lang='lat' dir='ltr'><strong>sua</strong></span> <span class='ocrx_word' id='word_1_503' title='bbox 1140 1127 1214 1150; x_wconf 89' lang='lat' dir='ltr'><strong>tenet</strong></span> <span class='ocrx_word' id='word_1_504' title='bbox 1238 1129 1373 1158; x_wconf 80' lang='lat' dir='ltr'><strong>potestate</strong></span> <span class='ocrx_word' id='word_1_505' title='bbox 1386 1125 1536 1152; x_wconf 66' lang='lat' dir='ltr'><strong>daemonum</strong></span> <span class='ocrx_word' id='word_1_506' title='bbox 1553 1126 1643 1156; x_wconf 80' lang='lat' dir='ltr'><strong>turba.</strong></span> 
     </span>
    </p>
   </div>
   <div class='ocr_carea' id='block_1_69' title="bbox 853 1169 1645 1205">
    <p class='ocr_par' dir='ltr' id='par_1_69' title="bbox 853 1169 1645 1205">
     <span class='ocr_line' id='line_1_69' title="bbox 853 1169 1645 1205; baseline 0.003 -9"><span class='ocrx_word' id='word_1_507' title='bbox 853 1169 1088 1204; x_wconf 88' lang='lat' dir='ltr'><strong>obsequentesque</strong></span> <span class='ocrx_word' id='word_1_508' title='bbox 1115 1169 1189 1196; x_wconf 86' lang='lat' dir='ltr'><strong>ducit</strong></span> <span class='ocrx_word' id='word_1_509' title='bbox 1210 1174 1291 1204; x_wconf 88' lang='lat' dir='ltr'><strong>atque</strong></span> <span class='ocrx_word' id='word_1_510' title='bbox 1311 1170 1368 1205; x_wconf 84' lang='lat' dir='ltr'><strong>agit</strong></span> <span class='ocrx_word' id='word_1_511' title='bbox 1391 1178 1445 1205; x_wconf 89' lang='lat' dir='ltr'><strong>quo</strong></span> <span class='ocrx_word' id='word_1_512' title='bbox 1463 1170 1530 1198; x_wconf 88' lang='lat' dir='ltr'><strong>vult.</strong></span> <span class='ocrx_word' id='word_1_513' title='bbox 1553 1171 1645 1199; x_wconf 84' lang='lat' dir='ltr'><strong>Velint</strong></span> 
     </span>
    </p>
   </div>
   <div class='ocr_carea' id='block_1_70' title="bbox 854 1216 1645 1253">
    <p class='ocr_par' dir='ltr' id='par_1_70' title="bbox 854 1216 1645 1253">
     <span class='ocr_line' id='line_1_70' title="bbox 854 1216 1645 1253; baseline 0.004 -10"><span class='ocrx_word' id='word_1_514' title='bbox 854 1220 946 1243; x_wconf 87' lang='lat' dir='ltr'><strong>autem</strong></span> <span class='ocrx_word' id='word_1_515' title='bbox 968 1218 1002 1244; x_wconf 88' lang='lat' dir='ltr'><strong>ad</strong></span> <span class='ocrx_word' id='word_1_516' title='bbox 1019 1216 1218 1252; x_wconf 78' lang='lat' dir='ltr'><strong>astrologorum</strong></span> <span class='ocrx_word' id='word_1_517' title='bbox 1241 1217 1361 1245; x_wconf 82' lang='lat' dir='ltr'><strong>fallacias</strong></span> <span class='ocrx_word' id='word_1_518' title='bbox 1376 1223 1500 1245; x_wconf 87' lang='lat' dir='ltr'><strong>nostram</strong></span> <span class='ocrx_word' id='word_1_519' title='bbox 1518 1219 1645 1253; x_wconf 88' lang='lat' dir='ltr'><strong>componi</strong></span> 
     </span>
    </p>
   </div>
   <div class='ocr_carea' id='block_1_71' title="bbox 855 1262 1646 1300">
    <p class='ocr_par' dir='ltr' id='par_1_71' title="bbox 855 1262 1646 1300">
     <span class='ocr_line' id='line_1_71' title="bbox 855 1262 1646 1300; baseline 0.006 -12"><span class='ocrx_word' id='word_1_520' title='bbox 855 1262 938 1289; x_wconf 75' lang='lat' dir='ltr'><strong>vitam</strong></span> <span class='ocrx_word' id='word_1_521' title='bbox 955 1271 962 1290; x_wconf 87' lang='lat'>:</span> <span class='ocrx_word' id='word_1_522' title='bbox 981 1267 1010 1289; x_wconf 92' lang='lat' dir='ltr'><strong>ut</strong></span> <span class='ocrx_word' id='word_1_523' title='bbox 1020 1268 1134 1290; x_wconf 85' lang='lat' dir='ltr'><strong>eventus</strong></span> <span class='ocrx_word' id='word_1_524' title='bbox 1148 1263 1257 1298; x_wconf 87' lang='lat' dir='ltr'><strong>qnidem</strong></span> <span class='ocrx_word' id='word_1_525' title='bbox 1288 1272 1349 1292; x_wconf 92' lang='lat' dir='ltr'><strong>cum</strong></span> <span class='ocrx_word' id='word_1_526' title='bbox 1365 1265 1563 1300; x_wconf 71' lang='lat' dir='ltr'><strong>astrologorum</strong></span> <span class='ocrx_word' id='word_1_527' title='bbox 1580 1272 1646 1300; x_wconf 71' lang='lat' dir='ltr'><strong>prte-</strong></span> 
     </span>
    </p>
   </div>
   <div class='ocr_carea' id='block_1_72' title="bbox 854 1308 1644 1342">
    <p class='ocr_par' dir='ltr' id='par_1_72' title="bbox 854 1308 1644 1342">
     <span class='ocr_line' id='line_1_72' title="bbox 854 1308 1644 1342; baseline 0.004 -7"><span class='ocrx_word' id='word_1_528' title='bbox 854 1308 1020 1336; x_wconf 89' lang='lat' dir='ltr'><strong>dictionibus</strong></span> <span class='ocrx_word' id='word_1_529' title='bbox 1035 1309 1192 1337; x_wconf 86' lang='lat' dir='ltr'><strong>consentire</strong></span> <span class='ocrx_word' id='word_1_530' title='bbox 1206 1310 1463 1342; x_wconf 79' lang='lat' dir='ltr'><strong>animadvertentcs.</strong></span> <span class='ocrx_word' id='word_1_531' title='bbox 1488 1313 1535 1338; x_wconf 84' lang='lat' dir='ltr'><strong>sed</strong></span> <span class='ocrx_word' id='word_1_532' title='bbox 1550 1318 1644 1338; x_wconf 85' lang='lat' dir='ltr'><strong>eorum</strong></span> 
     </span>
    </p>
   </div>
   <div class='ocr_carea' id='block_1_73' title="bbox 854 1355 1645 1387">
    <p class='ocr_par' dir='ltr' id='par_1_73' title="bbox 854 1355 1645 1387">
     <span class='ocr_line' id='line_1_73' title="bbox 854 1355 1645 1387; baseline 0.005 -7"><span class='ocrx_word' id='word_1_533' title='bbox 854 1359 980 1382; x_wconf 83' lang='lat' dir='ltr'><strong>auctores</strong></span> <span class='ocrx_word' id='word_1_534' title='bbox 992 1362 1044 1381; x_wconf 95' lang='lat' dir='ltr'><strong>non</strong></span> <span class='ocrx_word' id='word_1_535' title='bbox 1056 1355 1245 1387; x_wconf 84' lang='lat' dir='ltr'><strong>observantes,</strong></span> <span class='ocrx_word' id='word_1_536' title='bbox 1257 1363 1310 1383; x_wconf 92' lang='lat' dir='ltr'><strong>non</strong></span> <span class='ocrx_word' id='word_1_537' title='bbox 1322 1356 1409 1383; x_wconf 89' lang='lat' dir='ltr'><strong>solum</strong></span> <span class='ocrx_word' id='word_1_538' title='bbox 1421 1361 1555 1384; x_wconf 84' lang='lat' dir='ltr'><strong>astrorum</strong></span> <span class='ocrx_word' id='word_1_539' title='bbox 1563 1365 1645 1384; x_wconf 90' lang='lat' dir='ltr'><strong>curstt</strong></span> 
     </span>
    </p>
   </div>
   <div class='ocr_carea' id='block_1_74' title="bbox 854 1400 1646 1437">
    <p class='ocr_par' dir='ltr' id='par_1_74' title="bbox 854 1400 1646 1437">
     <span class='ocr_line' id='line_1_74' title="bbox 854 1400 1646 1437; baseline 0.005 -10"><span class='ocrx_word' id='word_1_540' title='bbox 854 1400 957 1435; x_wconf 85' lang='lat' dir='ltr'><strong>decepti</strong></span> <span class='ocrx_word' id='word_1_541' title='bbox 982 1401 1118 1434; x_wconf 83' lang='lat' dir='ltr'><strong>fallamur,</strong></span> <span class='ocrx_word' id='word_1_542' title='bbox 1138 1409 1232 1429; x_wconf 85' lang='lat' dir='ltr'><strong>verum</strong></span> <span class='ocrx_word' id='word_1_543' title='bbox 1249 1403 1343 1434; x_wconf 84' lang='lat' dir='ltr'><strong>etiam.</strong></span> <span class='ocrx_word' id='word_1_544' title='bbox 1358 1403 1467 1437; x_wconf 86' lang='lat' dir='ltr'><strong>pietatis</strong></span> <span class='ocrx_word' id='word_1_545' title='bbox 1485 1411 1515 1431; x_wconf 85' lang='lat' dir='ltr'><strong>ac</strong></span> <span class='ocrx_word' id='word_1_546' title='bbox 1533 1403 1646 1437; x_wconf 68' lang='lat' dir='ltr'><strong>iustitia:</strong></span> 
     </span>
    </p>
   </div>
   <div class='ocr_carea' id='block_1_75' title="bbox 855 1445 1646 1484">
    <p class='ocr_par' dir='ltr' id='par_1_75' title="bbox 855 1445 1646 1484">
     <span class='ocr_line' id='line_1_75' title="bbox 855 1445 1646 1484; baseline 0.006 -12"><span class='ocrx_word' id='word_1_547' title='bbox 855 1445 926 1472; x_wconf 88' lang='lat' dir='ltr'><strong>nulla</strong></span> <span class='ocrx_word' id='word_1_548' title='bbox 943 1446 1035 1473; x_wconf 83' lang='lat' dir='ltr'><strong>habita</strong></span> <span class='ocrx_word' id='word_1_549' title='bbox 1060 1447 1175 1480; x_wconf 87' lang='lat' dir='ltr'><strong>ratione,</strong></span> <span class='ocrx_word' id='word_1_550' title='bbox 1190 1447 1216 1475; x_wconf 94' lang='lat' dir='ltr'><strong>in</strong></span> <span class='ocrx_word' id='word_1_551' title='bbox 1234 1448 1380 1483; x_wconf 79' lang='lat' dir='ltr'><strong>impietatis</strong></span> <span class='ocrx_word' id='word_1_552' title='bbox 1402 1449 1530 1484; x_wconf 80' lang='lat' dir='ltr'><strong>abyssum</strong></span> <span class='ocrx_word' id='word_1_553' title='bbox 1543 1449 1646 1477; x_wconf 84' lang='lat' dir='ltr'><strong>incida—</strong></span> 
     </span>
    </p>
   </div>
   <div class='ocr_carea' id='block_1_76' title="bbox 855 1491 1648 1529">
    <p class='ocr_par' dir='ltr' id='par_1_76' title="bbox 855 1491 1648 1529">
     <span class='ocr_line' id='line_1_76' title="bbox 855 1491 1648 1529; baseline 0.008 -12"><span class='ocrx_word' id='word_1_554' title='bbox 855 1497 925 1519; x_wconf 87' lang='lat' dir='ltr'><strong>mus.</strong></span> <span class='ocrx_word' id='word_1_555' title='bbox 941 1491 973 1517; x_wconf 86' lang='lat' dir='ltr'><strong>Et</strong></span> <span class='ocrx_word' id='word_1_556' title='bbox 992 1492 1044 1519; x_wconf 90' lang='lat' dir='ltr'><strong>hoc</strong></span> <span class='ocrx_word' id='word_1_557' title='bbox 1058 1492 1165 1526; x_wconf 87' lang='lat' dir='ltr'><strong>quidem</strong></span> <span class='ocrx_word' id='word_1_558' title='bbox 1180 1492 1279 1526; x_wconf 86' lang='lat' dir='ltr'><strong>ipsum.</strong></span> <span class='ocrx_word' id='word_1_559' title='bbox 1293 1493 1365 1528; x_wconf 90' lang='lat' dir='ltr'><strong>quod</strong></span> <span class='ocrx_word' id='word_1_560' title='bbox 1381 1494 1466 1528; x_wconf 90' lang='lat' dir='ltr'><strong>illam,</strong></span> <span class='ocrx_word' id='word_1_561' title='bbox 1479 1503 1561 1529; x_wconf 87' lang='lat' dir='ltr'><strong>quam</strong></span> <span class='ocrx_word' id='word_1_562' title='bbox 1579 1496 1648 1524; x_wconf 78' lang='lat' dir='ltr'><strong>dixi-</strong></span> 
     </span>
    </p>
   </div>
   <div class='ocr_carea' id='block_1_77' title="bbox 855 1538 1645 1572">
    <p class='ocr_par' dir='ltr' id='par_1_77' title="bbox 855 1538 1645 1572">
     <span class='ocr_line' id='line_1_77' title="bbox 855 1538 1645 1572; baseline 0.006 -9"><span class='ocrx_word' id='word_1_563' title='bbox 855 1544 926 1568; x_wconf 78' lang='lat' dir='ltr'><strong>mus.</strong></span> <span class='ocrx_word' id='word_1_564' title='bbox 943 1538 1120 1572; x_wconf 86' lang='lat' dir='ltr'><strong>compositam</strong></span> <span class='ocrx_word' id='word_1_565' title='bbox 1132 1538 1263 1566; x_wconf 82' lang='lat' dir='ltr'><strong>adversus</strong></span> <span class='ocrx_word' id='word_1_566' title='bbox 1278 1539 1402 1567; x_wconf 87' lang='lat' dir='ltr'><strong>homines</strong></span> <span class='ocrx_word' id='word_1_567' title='bbox 1416 1541 1645 1569; x_wconf 85' lang='lat' dir='ltr'><strong>machinationem</strong></span> 
     </span>
    </p>
   </div>
   <div class='ocr_carea' id='block_1_78' title="bbox 856 1582 1646 1620">
    <p class='ocr_par' dir='ltr' id='par_1_78' title="bbox 856 1582 1646 1620">
     <span class='ocr_line' id='line_1_78' title="bbox 856 1582 1646 1620; baseline 0.008 -12"><span class='ocrx_word' id='word_1_568' title='bbox 856 1582 882 1609; x_wconf 92' lang='lat' dir='ltr'><strong>hi</strong></span> <span class='ocrx_word' id='word_1_569' title='bbox 898 1590 950 1609; x_wconf 90' lang='lat' dir='ltr'><strong>non</strong></span> <span class='ocrx_word' id='word_1_570' title='bbox 962 1583 1189 1616; x_wconf 85' lang='lat' dir='ltr'><strong>animadvertant,</strong></span> <span class='ocrx_word' id='word_1_571' title='bbox 1201 1584 1352 1611; x_wconf 72' lang='lat' dir='ltr'><strong>daemonum</strong></span> <span class='ocrx_word' id='word_1_572' title='bbox 1367 1585 1460 1620; x_wconf 86' lang='lat' dir='ltr'><strong>utique</strong></span> <span class='ocrx_word' id='word_1_573' title='bbox 1475 1593 1543 1620; x_wconf 90' lang='lat' dir='ltr'><strong>opus</strong></span> <span class='ocrx_word' id='word_1_574' title='bbox 1553 1586 1646 1620; x_wconf 73' lang='lat' dir='ltr'><strong>fuerit,</strong></span> 
     </span>
    </p>
   </div>
   <div class='ocr_carea' id='block_1_79' title="bbox 856 1627 1646 1666">
    <p class='ocr_par' dir='ltr' id='par_1_79' title="bbox 856 1627 1646 1666">
     <span class='ocr_line' id='line_1_79' title="bbox 856 1627 1646 1666; baseline 0.009 -13"><span class='ocrx_word' id='word_1_575' title='bbox 856 1631 969 1660; x_wconf 85' lang='lat' dir='ltr'><strong>peccato</strong></span> <span class='ocrx_word' id='word_1_576' title='bbox 992 1627 1073 1655; x_wconf 88' lang='lat' dir='ltr'><strong>simul</strong></span> <span class='ocrx_word' id='word_1_577' title='bbox 1106 1633 1186 1663; x_wconf 89' lang='lat' dir='ltr'><strong>atque</strong></span> <span class='ocrx_word' id='word_1_578' title='bbox 1212 1629 1349 1663; x_wconf 83' lang='lat' dir='ltr'><strong>impietate</strong></span> <span class='ocrx_word' id='word_1_579' title='bbox 1381 1630 1483 1663; x_wconf 85' lang='lat' dir='ltr'><strong>ascitis,</strong></span> <span class='ocrx_word' id='word_1_580' title='bbox 1515 1639 1564 1666; x_wconf 89' lang='lat' dir='ltr'><strong>per</strong></span> <span class='ocrx_word' id='word_1_581' title='bbox 1586 1640 1646 1666; x_wconf 67' lang='lat' dir='ltr'><strong>qua:</strong></span> 
     </span>
    </p>
   </div>
   <div class='ocr_carea' id='block_1_80' title="bbox 856 1671 1647 1709">
    <p class='ocr_par' dir='ltr' id='par_1_80' title="bbox 856 1671 1647 1709">
     <span class='ocr_line' id='line_1_80' title="bbox 856 1671 1647 1709; baseline 0.008 -11"><span class='ocrx_word' id='word_1_582' title='bbox 856 1671 1051 1706; x_wconf 86' lang='lat' dir='ltr'><strong>prohibeantur</strong></span> <span class='ocrx_word' id='word_1_583' title='bbox 1063 1672 1179 1709; x_wconf 82' lang='lat' dir='ltr'><strong>[miseri]</strong></span> <span class='ocrx_word' id='word_1_584' title='bbox 1196 1678 1222 1700; x_wconf 89' lang='lat' dir='ltr'><strong>et</strong></span> <span class='ocrx_word' id='word_1_585' title='bbox 1237 1674 1332 1701; x_wconf 91' lang='lat' dir='ltr'><strong>horum</strong></span> <span class='ocrx_word' id='word_1_586' title='bbox 1347 1675 1524 1706; x_wconf 86' lang='lat' dir='ltr'><strong>molitionem.</strong></span> <span class='ocrx_word' id='word_1_587' title='bbox 1539 1681 1566 1704; x_wconf 86' lang='lat' dir='ltr'><strong>et</strong></span> <span class='ocrx_word' id='word_1_588' title='bbox 1581 1677 1647 1704; x_wconf 86' lang='lat' dir='ltr'><strong>divi-</strong></span> 
     </span>
    </p>
   </div>
   <div class='ocr_carea' id='block_1_81' title="bbox 857 1719 1646 1756">
    <p class='ocr_par' dir='ltr' id='par_1_81' title="bbox 857 1719 1646 1756">
     <span class='ocr_line' id='line_1_81' title="bbox 857 1719 1646 1756; baseline 0.005 -10"><span class='ocrx_word' id='word_1_589' title='bbox 857 1726 952 1746; x_wconf 90' lang='lat' dir='ltr'><strong>norum</strong></span> <span class='ocrx_word' id='word_1_590' title='bbox 968 1719 1266 1754; x_wconf 85' lang='lat' dir='ltr'><strong>similiterjudiciorum</strong></span> <span class='ocrx_word' id='word_1_591' title='bbox 1285 1720 1495 1755; x_wconf 80' lang='lat' dir='ltr'><strong>profunditatem</strong></span> <span class='ocrx_word' id='word_1_592' title='bbox 1510 1721 1646 1756; x_wconf 78' lang='lat' dir='ltr'><strong>intellige-</strong></span> 
     </span>
    </p>
   </div>
   <div class='ocr_carea' id='block_1_82' title="bbox 857 1763 1645 1797">
    <p class='ocr_par' dir='ltr' id='par_1_82' title="bbox 857 1763 1645 1797">
     <span class='ocr_line' id='line_1_82' title="bbox 857 1763 1645 1797; baseline 0.005 -7"><span class='ocrx_word' id='word_1_593' title='bbox 857 1771 896 1790; x_wconf 88' lang='lat' dir='ltr'><strong>re.</strong></span> <span class='ocrx_word' id='word_1_594' title='bbox 924 1763 1064 1797; x_wconf 90' lang='lat' dir='ltr'><strong>Quomodo</strong></span> <span class='ocrx_word' id='word_1_595' title='bbox 1089 1764 1161 1791; x_wconf 90' lang='lat' dir='ltr'><strong>enim</strong></span> <span class='ocrx_word' id='word_1_596' title='bbox 1187 1764 1258 1792; x_wconf 90' lang='lat' dir='ltr'><strong>Deus</strong></span> <span class='ocrx_word' id='word_1_597' title='bbox 1275 1770 1322 1791; x_wconf 86' lang='lat' dir='ltr'><strong>aut</strong></span> <span class='ocrx_word' id='word_1_598' title='bbox 1341 1765 1493 1792; x_wconf 67' lang='lat' dir='ltr'><strong>dmmonum</strong></span> <span class='ocrx_word' id='word_1_599' title='bbox 1521 1766 1645 1797; x_wconf 81' lang='lat' dir='ltr'><strong>insidias.</strong></span> 
     </span>
    </p>
   </div>
   <div class='ocr_carea' id='block_1_83' title="bbox 857 1810 1645 1847">
    <p class='ocr_par' dir='ltr' id='par_1_83' title="bbox 857 1810 1645 1847">
     <span class='ocr_line' id='line_1_83' title="bbox 857 1810 1645 1847; baseline 0.006 -12"><span class='ocrx_word' id='word_1_600' title='bbox 857 1813 903 1836; x_wconf 83' lang='lat' dir='ltr'><strong>aut</strong></span> <span class='ocrx_word' id='word_1_601' title='bbox 916 1817 972 1837; x_wconf 79' lang='lat' dir='ltr'><strong>sua:</strong></span> <span class='ocrx_word' id='word_1_602' title='bbox 985 1810 1160 1844; x_wconf 76' lang='lat' dir='ltr'><strong>providentia:</strong></span> <span class='ocrx_word' id='word_1_603' title='bbox 1177 1811 1305 1846; x_wconf 75' lang='lat' dir='ltr'><strong>mysteria</strong></span> <span class='ocrx_word' id='word_1_604' title='bbox 1323 1812 1481 1839; x_wconf 82' lang='lat' dir='ltr'><strong>manifestet</strong></span> <span class='ocrx_word' id='word_1_605' title='bbox 1503 1812 1536 1840; x_wconf 90' lang='lat' dir='ltr'><strong>iis</strong></span> <span class='ocrx_word' id='word_1_606' title='bbox 1548 1813 1645 1847; x_wconf 79' lang='lat' dir='ltr'><strong>quibus</strong></span> 
     </span>
    </p>
   </div>
   <div class='ocr_carea' id='block_1_84' title="bbox 856 1855 1646 1894">
    <p class='ocr_par' dir='ltr' id='par_1_84' title="bbox 856 1855 1646 1894">
     <span class='ocr_line' id='line_1_84' title="bbox 856 1855 1646 1894; baseline 0.005 -13"><span class='ocrx_word' id='word_1_607' title='bbox 856 1855 946 1882; x_wconf 89' lang='lat' dir='ltr'><strong>studio</strong></span> <span class='ocrx_word' id='word_1_608' title='bbox 971 1860 1014 1883; x_wconf 87' lang='lat' dir='ltr'><strong>est</strong></span> <span class='ocrx_word' id='word_1_609' title='bbox 1039 1855 1098 1889; x_wconf 88' lang='lat' dir='ltr'><strong>ejus</strong></span> <span class='ocrx_word' id='word_1_610' title='bbox 1119 1856 1257 1891; x_wconf 81' lang='lat' dir='ltr'><strong>despicere</strong></span> <span class='ocrx_word' id='word_1_611' title='bbox 1278 1862 1411 1892; x_wconf 68' lang='lat' dir='ltr'><strong>praecepta</strong></span> <span class='ocrx_word' id='word_1_612' title='bbox 1427 1858 1439 1885; x_wconf 76' lang='lat' dir='ltr'><strong>i’</strong></span> <span class='ocrx_word' id='word_1_613' title='bbox 1454 1857 1560 1886; x_wconf 85' lang='lat' dir='ltr'><strong>Etenim</strong></span> <span class='ocrx_word' id='word_1_614' title='bbox 1586 1866 1646 1894; x_wconf 73' lang='lat' dir='ltr'><strong>qum</strong></span> 
     </span>
    </p>
   </div>
   <div class='ocr_carea' id='block_1_85' title="bbox 856 1901 1644 1939">
    <p class='ocr_par' dir='ltr' id='par_1_85' title="bbox 856 1901 1644 1939">
     <span class='ocr_line' id='line_1_85' title="bbox 856 1901 1644 1939; baseline 0.004 -10"><span class='ocrx_word' id='word_1_615' title='bbox 856 1901 947 1936; x_wconf 87' lang='lat' dir='ltr'><strong>iniqua</strong></span> <span class='ocrx_word' id='word_1_616' title='bbox 965 1909 1026 1929; x_wconf 89' lang='lat' dir='ltr'><strong>esse</strong></span> <span class='ocrx_word' id='word_1_617' title='bbox 1048 1903 1159 1934; x_wconf 89' lang='lat' dir='ltr'><strong>scimus,</strong></span> <span class='ocrx_word' id='word_1_618' title='bbox 1173 1907 1360 1937; x_wconf 88' lang='lat' dir='ltr'><strong>perpetramus</strong></span> <span class='ocrx_word' id='word_1_619' title='bbox 1378 1913 1386 1932; x_wconf 85' lang='lat'><strong>:</strong></span> <span class='ocrx_word' id='word_1_620' title='bbox 1401 1911 1488 1939; x_wconf 88' lang='lat' dir='ltr'><strong>neque</strong></span> <span class='ocrx_word' id='word_1_621' title='bbox 1510 1910 1597 1932; x_wconf 86' lang='lat' dir='ltr'><strong>tamen</strong></span> <span class='ocrx_word' id='word_1_622' title='bbox 1613 1913 1644 1932; x_wconf 87' lang='lat' dir='ltr'><strong>ea</strong></span> 
     </span>
    </p>
   </div>
   <div class='ocr_carea' id='block_1_86' title="bbox 856 1948 1646 1983">
    <p class='ocr_par' dir='ltr' id='par_1_86' title="bbox 856 1948 1646 1983">
     <span class='ocr_line' id='line_1_86' title="bbox 856 1948 1646 1983; baseline 0.004 -8"><span class='ocrx_word' id='word_1_623' title='bbox 856 1952 1054 1980; x_wconf 85' lang='lat' dir='ltr'><strong>consectamur,</strong></span> <span class='ocrx_word' id='word_1_624' title='bbox 1082 1955 1141 1983; x_wconf 66' lang='lat' dir='ltr'><strong>quae</strong></span> <span class='ocrx_word' id='word_1_625' title='bbox 1170 1948 1304 1975; x_wconf 83' lang='lat' dir='ltr'><strong>laudanda</strong></span> <span class='ocrx_word' id='word_1_626' title='bbox 1327 1950 1472 1983; x_wconf 89' lang='lat' dir='ltr'><strong>novimus;</strong></span> <span class='ocrx_word' id='word_1_627' title='bbox 1502 1955 1529 1977; x_wconf 92' lang='lat' dir='ltr'><strong>et</strong></span> <span class='ocrx_word' id='word_1_628' title='bbox 1556 1951 1646 1979; x_wconf 89' lang='lat' dir='ltr'><strong>adhuc</strong></span> 
     </span>
    </p>
   </div>
   <div class='ocr_carea' id='block_1_87' title="bbox 856 1995 1644 2030">
    <p class='ocr_par' dir='ltr' id='par_1_87' title="bbox 856 1995 1644 2030">
     <span class='ocr_line' id='line_1_87' title="bbox 856 1995 1644 2030; baseline 0.004 -9"><span class='ocrx_word' id='word_1_629' title='bbox 856 2001 998 2028; x_wconf 83' lang='lat' dir='ltr'><strong>speramus</strong></span> <span class='ocrx_word' id='word_1_630' title='bbox 1014 2001 1064 2021; x_wconf 89' lang='lat' dir='ltr'><strong>nos</strong></span> <span class='ocrx_word' id='word_1_631' title='bbox 1090 1995 1180 2028; x_wconf 79' lang='lat' dir='ltr'><strong>ignota</strong></span> <span class='ocrx_word' id='word_1_632' title='bbox 1195 2000 1370 2029; x_wconf 87' lang='lat' dir='ltr'><strong>percepturos</strong></span> <span class='ocrx_word' id='word_1_633' title='bbox 1384 1995 1397 2022; x_wconf 87' lang='lat'><strong>?</strong></span> <span class='ocrx_word' id='word_1_634' title='bbox 1419 1995 1471 2023; x_wconf 91' lang='lat' dir='ltr'><strong>Ubi</strong></span> <span class='ocrx_word' id='word_1_635' title='bbox 1487 2003 1518 2023; x_wconf 89' lang='lat' dir='ltr'><strong>ea</strong></span> <span class='ocrx_word' id='word_1_636' title='bbox 1535 1996 1644 2030; x_wconf 79' lang='lat' dir='ltr'><strong>feceris,</strong></span> 
     </span>
    </p>
   </div>
   <div class='ocr_carea' id='block_1_88' title="bbox 856 2040 1644 2078">
    <p class='ocr_par' dir='ltr' id='par_1_88' title="bbox 856 2040 1644 2078">
     <span class='ocr_line' id='line_1_88' title="bbox 856 2040 1644 2078; baseline 0.005 -12"><span class='ocrx_word' id='word_1_637' title='bbox 856 2048 916 2075; x_wconf 72' lang='lat' dir='ltr'><strong>quae</strong></span> <span class='ocrx_word' id='word_1_638' title='bbox 937 2040 1064 2073; x_wconf 87' lang='lat' dir='ltr'><strong>didicisti,</strong></span> <span class='ocrx_word' id='word_1_639' title='bbox 1089 2045 1170 2075; x_wconf 87' lang='lat' dir='ltr'><strong>atque</strong></span> <span class='ocrx_word' id='word_1_640' title='bbox 1182 2048 1230 2075; x_wconf 90' lang='lat' dir='ltr'><strong>per</strong></span> <span class='ocrx_word' id='word_1_641' title='bbox 1248 2041 1376 2069; x_wconf 90' lang='lat' dir='ltr'><strong>virtutem</strong></span> <span class='ocrx_word' id='word_1_642' title='bbox 1401 2042 1518 2077; x_wconf 87' lang='lat' dir='ltr'><strong>leipsum</strong></span> <span class='ocrx_word' id='word_1_643' title='bbox 1534 2043 1644 2078; x_wconf 81' lang='lat' dir='ltr'><strong>dignum</strong></span> 
     </span>
    </p>
   </div>
   <div class='ocr_carea' id='block_1_89' title="bbox 857 2085 1646 2124">
    <p class='ocr_par' dir='ltr' id='par_1_89' title="bbox 857 2085 1646 2124">
     <span class='ocr_line' id='line_1_89' title="bbox 857 2085 1646 2124; baseline 0.005 -12"><span class='ocrx_word' id='word_1_644' title='bbox 857 2085 1018 2118; x_wconf 86' lang='lat' dir='ltr'><strong>reddideris,</strong></span> <span class='ocrx_word' id='word_1_645' title='bbox 1033 2086 1065 2112; x_wconf 86' lang='lat' dir='ltr'><strong>ad</strong></span> <span class='ocrx_word' id='word_1_646' title='bbox 1081 2085 1156 2120; x_wconf 84' lang='lat' dir='ltr'><strong>plura</strong></span> <span class='ocrx_word' id='word_1_647' title='bbox 1175 2090 1273 2121; x_wconf 83' lang='lat' dir='ltr'><strong>praeter</strong></span> <span class='ocrx_word' id='word_1_648' title='bbox 1287 2094 1318 2114; x_wconf 84' lang='lat' dir='ltr'><strong>ea</strong></span> <span class='ocrx_word' id='word_1_649' title='bbox 1334 2095 1393 2122; x_wconf 81' lang='lat' dir='ltr'><strong>quae</strong></span> <span class='ocrx_word' id='word_1_650' title='bbox 1405 2093 1468 2115; x_wconf 89' lang='lat' dir='ltr'><strong>ante</strong></span> <span class='ocrx_word' id='word_1_651' title='bbox 1484 2089 1646 2124; x_wconf 73' lang='lat' dir='ltr'><strong>cognoveris</strong></span> 
     </span>
    </p>
   </div>
   <div class='ocr_carea' id='block_1_90' title="bbox 856 2131 1645 2168">
    <p class='ocr_par' dir='ltr' id='par_1_90' title="bbox 856 2131 1645 2168">
     <span class='ocr_line' id='line_1_90' title="bbox 856 2131 1645 2168; baseline 0.004 -9"><span class='ocrx_word' id='word_1_652' title='bbox 856 2131 1040 2166; x_wconf 85' lang='lat' dir='ltr'><strong>percipienda,</strong></span> <span class='ocrx_word' id='word_1_653' title='bbox 1053 2135 1107 2159; x_wconf 89' lang='lat' dir='ltr'><strong>tum</strong></span> <span class='ocrx_word' id='word_1_654' title='bbox 1117 2132 1226 2160; x_wconf 80' lang='lat' dir='ltr'><strong>domum</strong></span> <span class='ocrx_word' id='word_1_655' title='bbox 1242 2133 1359 2166; x_wconf 80' lang='lat' dir='ltr'><strong>mireris,</strong></span> <span class='ocrx_word' id='word_1_656' title='bbox 1369 2134 1391 2160; x_wconf 90' lang='lat' dir='ltr'><strong>si</strong></span> <span class='ocrx_word' id='word_1_657' title='bbox 1406 2141 1467 2167; x_wconf 69' lang='lat' dir='ltr'><strong>qute</strong></span> <span class='ocrx_word' id='word_1_658' title='bbox 1483 2134 1645 2168; x_wconf 78' lang='lat' dir='ltr'><strong>perfectiora</strong></span> 
     </span>
    </p>
   </div>
   <div class='ocr_carea' id='block_1_91' title="bbox 856 2176 1645 2213">
    <p class='ocr_par' dir='ltr' id='par_1_91' title="bbox 856 2176 1645 2213">
     <span class='ocr_line' id='line_1_91' title="bbox 856 2176 1645 2213; baseline 0.001 -9"><span class='ocrx_word' id='word_1_659' title='bbox 856 2181 930 2210; x_wconf 77' lang='lat' dir='ltr'><strong>sunt,</strong></span> <span class='ocrx_word' id='word_1_660' title='bbox 946 2176 1053 2203; x_wconf 89' lang='lat' dir='ltr'><strong>discere</strong></span> <span class='ocrx_word' id='word_1_661' title='bbox 1069 2177 1239 2211; x_wconf 84' lang='lat' dir='ltr'><strong>nequiveris.</strong></span> <span class='ocrx_word' id='word_1_662' title='bbox 1254 2178 1288 2203; x_wconf 86' lang='lat' dir='ltr'><strong>At</strong></span> <span class='ocrx_word' id='word_1_663' title='bbox 1302 2178 1420 2212; x_wconf 84' lang='lat' dir='ltr'><strong>quandiu</strong></span> <span class='ocrx_word' id='word_1_664' title='bbox 1436 2180 1645 2213; x_wconf 81' lang='lat' dir='ltr'><strong>perturbationi-</strong></span> 
     </span>
    </p>
   </div>
   <div class='ocr_carea' id='block_1_92' title="bbox 7 2221 798 2268">
    <p class='ocr_par' dir='ltr' id='par_1_92' title="bbox 7 2221 798 2268">
     <span class='ocr_line' id='line_1_92' title="bbox 7 2221 798 2268; baseline -0.008 -10"><span class='ocrx_word' id='word_1_665' title='bbox 7 2221 159 2268; x_wconf 69' lang='grc' dir='ltr'>μαρμένης</span> <span class='ocrx_word' id='word_1_666' title='bbox 190 2231 219 2256; x_wconf 81' lang='grc' dir='ltr'>ἐν</span> <span class='ocrx_word' id='word_1_667' title='bbox 243 2230 335 2261; x_wconf 83' lang='grc' dir='ltr'>αὐτοῖς</span> <span class='ocrx_word' id='word_1_668' title='bbox 358 2228 558 2265; x_wconf 82' lang='grc' dir='ltr'>βεϐαιώσαντες</span> <span class='ocrx_word' id='word_1_669' title='bbox 583 2227 697 2262; x_wconf 81' lang='grc' dir='ltr'>πλάσμα</span> <span class='ocrx_word' id='word_1_670' title='bbox 723 2226 798 2252; x_wconf 66' lang='grc' dir='ltr'>πλέοι</span> 
     </span>
    </p>
   </div>
   <div class='ocr_carea' id='block_1_93' title="bbox 854 2221 1645 2268">
    <p class='ocr_par' dir='ltr' id='par_1_93' title="bbox 857 2221 1645 2258">
     <span class='ocr_line' id='line_1_93' title="bbox 857 2221 1645 2258; baseline 0.004 -9"><span class='ocrx_word' id='word_1_671' title='bbox 857 2222 906 2249; x_wconf 90' lang='lat' dir='ltr'><strong>bus</strong></span> <span class='ocrx_word' id='word_1_672' title='bbox 927 2221 1043 2249; x_wconf 82' lang='lat' dir='ltr'><strong>refertus</strong></span> <span class='ocrx_word' id='word_1_673' title='bbox 1065 2228 1105 2255; x_wconf 91' lang='lat' dir='ltr'><strong>es,</strong></span> <span class='ocrx_word' id='word_1_674' title='bbox 1128 2222 1268 2256; x_wconf 88' lang='lat' dir='ltr'><strong>Deumque</strong></span> <span class='ocrx_word' id='word_1_675' title='bbox 1289 2223 1451 2256; x_wconf 88' lang='lat' dir='ltr'><strong>contemnis,</strong></span> <span class='ocrx_word' id='word_1_676' title='bbox 1467 2225 1602 2258; x_wconf 91' lang='lat' dir='ltr'><strong>quomodo</strong></span> <span class='ocrx_word' id='word_1_677' title='bbox 1616 2230 1645 2252; x_wconf 90' lang='lat' dir='ltr'><strong>tu</strong></span> 
     </span>
    </p>
   </div>
   <div class='ocr_carea' id='block_1_94' title="bbox 6 2272 805 2311">
    <p class='ocr_par' dir='ltr' id='par_1_94' title="bbox 6 2272 805 2311">
     <span class='ocr_line' id='line_1_94' title="bbox 6 2272 805 2311; baseline -0.01 -5"><span class='ocrx_word' id='word_1_678' title='bbox 6 2279 70 2306; x_wconf 72' lang='grc' dir='ltr'>Θεοῦ</span> <span class='ocrx_word' id='word_1_679' title='bbox 96 2276 350 2311; x_wconf 73' lang='grc' dir='ltr'>ἁποστατήσωσινς</span> <span class='ocrx_word' id='word_1_680' title='bbox 370 2275 401 2301; x_wconf 78' lang='grc' dir='ltr'><strong>Εἰ</strong></span> <span class='ocrx_word' id='word_1_681' title='bbox 429 2274 520 2310; x_wconf 76' lang='grc' dir='ltr'>μέντοι</span> <span class='ocrx_word' id='word_1_682' title='bbox 545 2281 577 2307; x_wconf 86' lang='grc' dir='ltr'><strong>γε</strong></span> <span class='ocrx_word' id='word_1_683' title='bbox 597 2273 663 2307; x_wconf 81' lang='grc' dir='ltr'>ὅσην</span> <span class='ocrx_word' id='word_1_684' title='bbox 685 2272 750 2308; x_wconf 72' lang='grc' dir='ltr'>περὶ</span> <span class='ocrx_word' id='word_1_685' title='bbox 770 2272 805 2298; x_wconf 83' lang='grc' dir='ltr'>τὰ</span> 
     </span>
    </p>
   </div>
   <div class='ocr_carea' id='block_1_95' title="bbox 6 2317 804 2358">
    <p class='ocr_par' dir='ltr' id='par_1_95' title="bbox 6 2317 804 2358">
     <span class='ocr_line' id='line_1_95' title="bbox 6 2317 804 2358; baseline -0.011 -6"><span class='ocrx_word' id='word_1_686' title='bbox 6 2326 77 2351; x_wconf 69' lang='grc' dir='ltr'>κακὲ</span> <span class='ocrx_word' id='word_1_687' title='bbox 94 2322 222 2358; x_wconf 77' lang='grc' dir='ltr'>σπουδὴν</span> <span class='ocrx_word' id='word_1_688' title='bbox 239 2323 361 2357; x_wconf 74' lang='grc' dir='ltr'><strong>εἴχομεν,</strong></span> <span class='ocrx_word' id='word_1_689' title='bbox 375 2320 511 2355; x_wconf 82' lang='grc' dir='ltr'><strong>τοσαύτην</strong></span> <span class='ocrx_word' id='word_1_690' title='bbox 531 2319 595 2354; x_wconf 78' lang='grc' dir='ltr'>περὶ</span> <span class='ocrx_word' id='word_1_691' title='bbox 612 2320 646 2345; x_wconf 74' lang='grc' dir='ltr'><strong>τὰ</strong></span> <span class='ocrx_word' id='word_1_692' title='bbox 662 2318 741 2348; x_wconf 76' lang='grc' dir='ltr'>καλὰ,</span> <span class='ocrx_word' id='word_1_693' title='bbox 754 2317 804 2344; x_wconf 75' lang='grc' dir='ltr'><strong>οὐκ</strong></span> 
     </span>
    </p>
   </div>
   <div class='ocr_carea' id='block_1_96' title="bbox 6 2364 804 2406">
    <p class='ocr_par' dir='ltr' id='par_1_96' title="bbox 6 2364 804 2406">
     <span class='ocr_line' id='line_1_96' title="bbox 6 2364 804 2406; baseline -0.009 -10"><span class='ocrx_word' id='word_1_694' title='bbox 6 2371 34 2396; x_wconf 72' lang='lat' dir='ltr'><strong>iv</strong></span> <span class='ocrx_word' id='word_1_695' title='bbox 49 2371 237 2406; x_wconf 72' lang='grc' dir='ltr'>ὴγνοήσαμεν</span> <span class='ocrx_word' id='word_1_696' title='bbox 252 2368 313 2394; x_wconf 83' lang='grc' dir='ltr'>ὅσον</span> <span class='ocrx_word' id='word_1_697' title='bbox 329 2367 381 2394; x_wconf 76' lang='grc' dir='ltr'><strong>ὑπὸ</strong></span> <span class='ocrx_word' id='word_1_698' title='bbox 395 2365 462 2392; x_wconf 82' lang='grc' dir='ltr'><strong>Θεοῦ</strong></span> <span class='ocrx_word' id='word_1_699' title='bbox 476 2364 659 2399; x_wconf 78' lang='grc' dir='ltr'>τετιμήμεθα,</span> <span class='ocrx_word' id='word_1_700' title='bbox 674 2364 727 2390; x_wconf 77' lang='grc' dir='ltr'><strong>οὐδ’</strong></span> <span class='ocrx_word' id='word_1_701' title='bbox 743 2364 804 2390; x_wconf 73' lang='grc' dir='ltr'>ὅσον</span> 
     </span>
    </p>
   </div>
   <div class='ocr_carea' id='block_1_97' title="bbox 6 2409 804 2449">
    <p class='ocr_par' dir='ltr' id='par_1_97' title="bbox 6 2409 804 2449">
     <span class='ocr_line' id='line_1_97' title="bbox 6 2409 804 2449; baseline -0.011 -6"><span class='ocrx_word' id='word_1_702' title='bbox 6 2418 75 2443; x_wconf 74' lang='grc' dir='ltr'><strong>κατὰ</strong></span> <span class='ocrx_word' id='word_1_703' title='bbox 89 2414 234 2449; x_wconf 75' lang='grc' dir='ltr'>δαιμόνων</span> <span class='ocrx_word' id='word_1_704' title='bbox 254 2412 392 2448; x_wconf 77' lang='grc' dir='ltr'>ἰσχύομεν.</span> <span class='ocrx_word' id='word_1_705' title='bbox 405 2410 548 2445; x_wconf 81' lang='grc' dir='ltr'><strong>Πανταχοῦ</strong></span> <span class='ocrx_word' id='word_1_706' title='bbox 566 2410 632 2445; x_wconf 78' lang='grc' dir='ltr'><strong>μὲν¹</strong></span> <span class='ocrx_word' id='word_1_707' title='bbox 654 2409 708 2444; x_wconf 80' lang='grc' dir='ltr'><strong>γὰρ</strong></span> <span class='ocrx_word' id='word_1_708' title='bbox 727 2409 804 2440; x_wconf 79' lang='grc' dir='ltr'>Θεὸς,</span> 
     </span>
    </p>
   </div>
   <div class='ocr_carea' id='block_1_98' title="bbox 5 2455 803 2496">
    <p class='ocr_par' dir='ltr' id='par_1_98' title="bbox 5 2455 803 2496">
     <span class='ocr_line' id='line_1_98' title="bbox 5 2455 803 2496; baseline -0.01 -7"><span class='ocrx_word' id='word_1_709' title='bbox 5 2463 113 2496; x_wconf 71' lang='grc' dir='ltr'>ἐγγίζει</span> <span class='ocrx_word' id='word_1_710' title='bbox 134 2461 168 2487; x_wconf 76' lang='grc' dir='ltr'><strong>δὲ</strong></span> <span class='ocrx_word' id='word_1_711' title='bbox 192 2460 295 2495; x_wconf 79' lang='grc' dir='ltr'>μᾶλλον</span> <span class='ocrx_word' id='word_1_712' title='bbox 311 2460 367 2490; x_wconf 88' lang='grc' dir='ltr'>τοῖς</span> <span class='ocrx_word' id='word_1_713' title='bbox 383 2458 417 2485; x_wconf 74' lang='grc' dir='ltr'><strong>δι’</strong></span> <span class='ocrx_word' id='word_1_714' title='bbox 432 2458 521 2492; x_wconf 82' lang='grc' dir='ltr'>ἔργων</span> <span class='ocrx_word' id='word_1_715' title='bbox 540 2456 684 2491; x_wconf 83' lang='grc' dir='ltr'>ἀγαπῶσιν</span> <span class='ocrx_word' id='word_1_716' title='bbox 706 2455 803 2482; x_wconf 71' lang='grc' dir='ltr'>αὐτόν’</span> 
     </span>
    </p>
   </div>
   <div class='ocr_carea' id='block_1_99' title="bbox 5 2501 805 2538">
    <p class='ocr_par' dir='ltr' id='par_1_99' title="bbox 5 2501 805 2538">
     <span class='ocr_line' id='line_1_99' title="bbox 5 2501 805 2538; baseline -0.01 -4"><span class='ocrx_word' id='word_1_717' title='bbox 5 2511 70 2534; x_wconf 71' lang='grc' dir='ltr'>ὅπου</span> <span class='ocrx_word' id='word_1_718' title='bbox 86 2508 118 2534; x_wconf 71' lang='grc' dir='ltr'><strong>δὲ</strong></span> <span class='ocrx_word' id='word_1_719' title='bbox 135 2506 217 2536; x_wconf 76' lang='grc' dir='ltr'>Θεὸς,</span> <span class='ocrx_word' id='word_1_720' title='bbox 232 2505 275 2537; x_wconf 84' lang='grc' dir='ltr'>τίς</span> <span class='ocrx_word' id='word_1_721' title='bbox 287 2506 301 2531; x_wconf 83' lang='grc' dir='ltr'>ὁ</span> <span class='ocrx_word' id='word_1_722' title='bbox 313 2504 452 2531; x_wconf 76' lang='grc' dir='ltr'>λανθάνων</span> <span class='ocrx_word' id='word_1_723' title='bbox 467 2503 515 2538; x_wconf 80' lang='grc' dir='ltr'>τὴν</span> <span class='ocrx_word' id='word_1_724' title='bbox 527 2501 673 2536; x_wconf 70' lang='grc' dir='ltr'>ἐπιϐουλὴν</span> <span class='ocrx_word' id='word_1_725' title='bbox 686 2501 701 2536; x_wconf 82' lang='grc' dir='ltr'>ἦ</span> <span class='ocrx_word' id='word_1_726' title='bbox 718 2502 732 2527; x_wconf 84' lang='grc' dir='ltr'>ὁ</span> <span class='ocrx_word' id='word_1_727' title='bbox 745 2502 805 2526; x_wconf 74' lang='grc' dir='ltr'><strong>ἐπι-</strong></span> 
     </span>
    </p>
   </div>
   <div class='ocr_carea' id='block_1_100' title="bbox 5 2547 807 2584">
    <p class='ocr_par' dir='ltr' id='par_1_100' title="bbox 5 2547 807 2584">
     <span class='ocr_line' id='line_1_100' title="bbox 5 2547 807 2584; baseline -0.011 -3"><span class='ocrx_word' id='word_1_728' title='bbox 5 2553 151 2581; x_wconf 71' lang='grc' dir='ltr'>ϐουλεύων</span> <span class='ocrx_word' id='word_1_729' title='bbox 169 2552 257 2584; x_wconf 80' lang='grc' dir='ltr'>ὂλως;</span> <span class='ocrx_word' id='word_1_730' title='bbox 279 2550 373 2577; x_wconf 78' lang='grc' dir='ltr'>Ταῦτα</span> <span class='ocrx_word' id='word_1_731' title='bbox 387 2549 523 2576; x_wconf 82' lang='grc' dir='ltr'>διαλαϐὼν</span> <span class='ocrx_word' id='word_1_732' title='bbox 535 2548 569 2574; x_wconf 74' lang='grc' dir='ltr'>τὰ</span> <span class='ocrx_word' id='word_1_733' title='bbox 585 2547 646 2583; x_wconf 82' lang='grc' dir='ltr'>ἱερὰ</span> <span class='ocrx_word' id='word_1_734' title='bbox 661 2547 738 2581; x_wconf 80' lang='grc' dir='ltr'>λόγια</span> <span class='ocrx_word' id='word_1_735' title='bbox 753 2547 807 2573; x_wconf 88' lang='grc' dir='ltr'><strong>πά-</strong></span> 
     </span>
    </p>
   </div>
   <div class='ocr_carea' id='block_1_101' title="bbox 5 2592 807 2631">
    <p class='ocr_par' dir='ltr' id='par_1_101' title="bbox 5 2592 807 2631">
     <span class='ocr_line' id='line_1_101' title="bbox 5 2592 807 2631; baseline -0.011 -5"><span class='ocrx_word' id='word_1_736' title='bbox 5 2601 44 2625; x_wconf 70' lang='grc' dir='ltr'>λιν</span> <span class='ocrx_word' id='word_1_737' title='bbox 73 2598 153 2626; x_wconf 79' lang='grc' dir='ltr'>κατὰ</span> <span class='ocrx_word' id='word_1_738' title='bbox 175 2597 226 2631; x_wconf 79' lang='grc' dir='ltr'><strong>τῆς</strong></span> <span class='ocrx_word' id='word_1_739' title='bbox 251 2595 422 2631; x_wconf 83' lang='grc' dir='ltr'><strong>εἱμαρμένης</strong></span> <span class='ocrx_word' id='word_1_740' title='bbox 446 2593 562 2626; x_wconf 72' lang='grc' dir='ltr'>ὁπλίζει,</span> <span class='ocrx_word' id='word_1_741' title='bbox 579 2592 720 2627; x_wconf 82' lang='grc' dir='ltr'>παραινῶν</span> <span class='ocrx_word' id='word_1_742' title='bbox 745 2592 807 2622; x_wconf 74' lang='grc' dir='ltr'>τοὺς</span> 
     </span>
    </p>
   </div>
   <div class='ocr_carea' id='block_1_102' title="bbox 4 2635 808 2680">
    <p class='ocr_par' dir='ltr' id='par_1_102' title="bbox 4 2635 808 2680">
     <span class='ocr_line' id='line_1_102' title="bbox 4 2635 808 2680; baseline -0.01 -10"><span class='ocrx_word' id='word_1_743' title='bbox 4 2645 177 2680; x_wconf 66' lang='grc' dir='ltr'>ἀνθρώπους</span> <span class='ocrx_word' id='word_1_744' title='bbox 192 2639 413 2667; x_wconf 66' lang='grc' dir='ltr'>ἀπαλλάττεσθαι</span> <span class='ocrx_word' id='word_1_745' title='bbox 427 2639 476 2674; x_wconf 82' lang='grc' dir='ltr'><strong>τῆς</strong></span> <span class='ocrx_word' id='word_1_746' title='bbox 490 2637 618 2673; x_wconf 78' lang='grc' dir='ltr'>τοιαύτης</span> <span class='ocrx_word' id='word_1_747' title='bbox 634 2637 747 2671; x_wconf 81' lang='grc' dir='ltr'>πλάνης.</span> <span class='ocrx_word' id='word_1_748' title='bbox 759 2635 808 2662; x_wconf 83' lang='grc' dir='ltr'><strong>Διὰ</strong></span> 
     </span>
    </p>
   </div>
   <div class='ocr_carea' id='block_1_103' title="bbox 6 2681 808 2721">
    <p class='ocr_par' dir='ltr' id='par_1_103' title="bbox 6 2681 808 2721">
     <span class='ocr_line' id='line_1_103' title="bbox 6 2681 808 2721; baseline -0.01 -5"><span class='ocrx_word' id='word_1_749' title='bbox 6 2690 32 2716; x_wconf 69' lang='grc' dir='ltr'>ξε</span> <span class='ocrx_word' id='word_1_750' title='bbox 59 2689 113 2715; x_wconf 73' lang='grc' dir='ltr'>τοῦ</span> <span class='ocrx_word' id='word_1_751' title='bbox 140 2687 234 2721; x_wconf 79' lang='grc' dir='ltr'>λέγειν</span> <span class='ocrx_word' id='word_1_752' title='bbox 257 2686 297 2716; x_wconf 73' lang='grc' dir='ltr'>εἰς</span> <span class='ocrx_word' id='word_1_753' title='bbox 323 2686 424 2720; x_wconf 82' lang='grc' dir='ltr'>σημεῖα</span> <span class='ocrx_word' id='word_1_754' title='bbox 444 2684 491 2711; x_wconf 79' lang='grc' dir='ltr'>καὶ</span> <span class='ocrx_word' id='word_1_755' title='bbox 508 2684 549 2716; x_wconf 81' lang='grc' dir='ltr'><strong>εις</strong></span> <span class='ocrx_word' id='word_1_756' title='bbox 563 2685 676 2719; x_wconf 82' lang='grc' dir='ltr'>καιροὺς</span> <span class='ocrx_word' id='word_1_757' title='bbox 697 2682 744 2709; x_wconf 77' lang='grc' dir='ltr'>καὶ</span> <span class='ocrx_word' id='word_1_758' title='bbox 767 2681 808 2713; x_wconf 80' lang='grc' dir='ltr'>εἰς</span> 
     </span>
    </p>
   </div>
   <div class='ocr_carea' id='block_1_104' title="bbox 858 2268 1645 2304">
    <p class='ocr_par' dir='ltr' id='par_1_104' title="bbox 858 2268 1645 2304">
     <span class='ocr_line' id='line_1_104' title="bbox 858 2268 1645 2304; baseline 0.005 -10"><span class='ocrx_word' id='word_1_759' title='bbox 858 2272 905 2294; x_wconf 89' lang='lat' dir='ltr'><strong>aut</strong></span> <span class='ocrx_word' id='word_1_760' title='bbox 918 2268 977 2302; x_wconf 87' lang='lat' dir='ltr'><strong>ejus</strong></span> <span class='ocrx_word' id='word_1_761' title='bbox 994 2268 1168 2302; x_wconf 73' lang='lat' dir='ltr'><strong>providentiae</strong></span> <span class='ocrx_word' id='word_1_762' title='bbox 1183 2269 1310 2304; x_wconf 84' lang='lat' dir='ltr'><strong>mysteria</strong></span> <span class='ocrx_word' id='word_1_763' title='bbox 1326 2269 1423 2301; x_wconf 87' lang='lat' dir='ltr'><strong>disces,</strong></span> <span class='ocrx_word' id='word_1_764' title='bbox 1444 2269 1487 2296; x_wconf 85' lang='lat' dir='ltr'><strong>vel</strong></span> <span class='ocrx_word' id='word_1_765' title='bbox 1509 2275 1603 2297; x_wconf 80' lang='lat' dir='ltr'><strong>contra</strong></span> <span class='ocrx_word' id='word_1_766' title='bbox 1619 2276 1645 2298; x_wconf 90' lang='lat' dir='ltr'><strong>te</strong></span> 
     </span>
    </p>
   </div>
   <div class='ocr_carea' id='block_1_105' title="bbox 856 2312 1646 2348">
    <p class='ocr_par' dir='ltr' id='par_1_105' title="bbox 856 2312 1646 2348">
     <span class='ocr_line' id='line_1_105' title="bbox 856 2312 1646 2348; baseline 0.003 -8"><span class='ocrx_word' id='word_1_767' title='bbox 856 2313 1005 2340; x_wconf 65' lang='lat' dir='ltr'><strong>daemonum</strong></span> <span class='ocrx_word' id='word_1_768' title='bbox 1020 2313 1169 2348; x_wconf 90' lang='lat' dir='ltr'><strong>impetum?</strong></span> <span class='ocrx_word' id='word_1_769' title='bbox 1182 2312 1215 2340; x_wconf 89' lang='lat' dir='ltr'><strong>Et</strong></span> <span class='ocrx_word' id='word_1_770' title='bbox 1226 2313 1359 2347; x_wconf 85' lang='lat' dir='ltr'><strong>quomodo</strong></span> <span class='ocrx_word' id='word_1_771' title='bbox 1370 2321 1421 2340; x_wconf 94' lang='lat' dir='ltr'><strong>non</strong></span> <span class='ocrx_word' id='word_1_772' title='bbox 1443 2314 1522 2342; x_wconf 82' lang='lat' dir='ltr'><strong>facile</strong></span> <span class='ocrx_word' id='word_1_773' title='bbox 1536 2316 1646 2343; x_wconf 86' lang='lat' dir='ltr'><strong>vincant</strong></span> 
     </span>
    </p>
   </div>
   <div class='ocr_carea' id='block_1_106' title="bbox 855 2356 1644 2392">
    <p class='ocr_par' dir='ltr' id='par_1_106' title="bbox 855 2356 1644 2392">
     <span class='ocr_line' id='line_1_106' title="bbox 855 2356 1644 2392; baseline 0.003 -8"><span class='ocrx_word' id='word_1_774' title='bbox 855 2356 992 2385; x_wconf 74' lang='lat' dir='ltr'><strong>daemones</strong></span> <span class='ocrx_word' id='word_1_775' title='bbox 1006 2365 1053 2385; x_wconf 91' lang='lat' dir='ltr'><strong>eos</strong></span> <span class='ocrx_word' id='word_1_776' title='bbox 1066 2357 1164 2392; x_wconf 90' lang='lat' dir='ltr'><strong>quibus</strong></span> <span class='ocrx_word' id='word_1_777' title='bbox 1180 2364 1233 2383; x_wconf 93' lang='lat' dir='ltr'><strong>non</strong></span> <span class='ocrx_word' id='word_1_778' title='bbox 1247 2362 1288 2384; x_wconf 87' lang='lat' dir='ltr'><strong>est</strong></span> <span class='ocrx_word' id='word_1_779' title='bbox 1300 2356 1371 2384; x_wconf 88' lang='lat' dir='ltr'><strong>Deus</strong></span> <span class='ocrx_word' id='word_1_780' title='bbox 1387 2363 1570 2392; x_wconf 77' lang='lat' dir='ltr'><strong>propugnator</strong></span> <span class='ocrx_word' id='word_1_781' title='bbox 1584 2359 1596 2385; x_wconf 72' lang='grc' dir='ltr'><strong>’ἔ</strong></span> <span class='ocrx_word' id='word_1_782' title='bbox 1610 2361 1644 2386; x_wconf 90' lang='lat' dir='ltr'><strong>ad</strong></span> 
     </span>
    </p>
   </div>
   <div class='ocr_carea' id='block_1_107' title="bbox 857 2404 1644 2439">
    <p class='ocr_par' dir='ltr' id='par_1_107' title="bbox 857 2404 1644 2439">
     <span class='ocr_line' id='line_1_107' title="bbox 857 2404 1644 2439; baseline -0.001 -7"><span class='ocrx_word' id='word_1_783' title='bbox 857 2405 901 2432; x_wconf 92' lang='lat' dir='ltr'><strong>illa</strong></span> <span class='ocrx_word' id='word_1_784' title='bbox 926 2405 1053 2432; x_wconf 90' lang='lat' dir='ltr'><strong>nimirum</strong></span> <span class='ocrx_word' id='word_1_785' title='bbox 1072 2404 1121 2430; x_wconf 87' lang='lat' dir='ltr'><strong>hos</strong></span> <span class='ocrx_word' id='word_1_786' title='bbox 1148 2404 1336 2434; x_wconf 85' lang='lat' dir='ltr'><strong>attrahentes,</strong></span> <span class='ocrx_word' id='word_1_787' title='bbox 1361 2410 1421 2437; x_wconf 62' lang='lat' dir='ltr'><strong>quae</strong></span> <span class='ocrx_word' id='word_1_788' title='bbox 1445 2404 1644 2439; x_wconf 82' lang='lat' dir='ltr'><strong>astrologorum</strong></span> 
     </span>
    </p>
   </div>
   <div class='ocr_carea' id='block_1_108' title="bbox 857 2447 1645 2485">
    <p class='ocr_par' dir='ltr' id='par_1_108' title="bbox 857 2447 1645 2485">
     <span class='ocr_line' id='line_1_108' title="bbox 857 2447 1645 2485; baseline -0.003 -7"><span class='ocrx_word' id='word_1_789' title='bbox 857 2451 920 2479; x_wconf 87' lang='lat' dir='ltr'><strong>libri</strong></span> <span class='ocrx_word' id='word_1_790' title='bbox 938 2450 1087 2485; x_wconf 64' lang='lat' dir='ltr'><strong>prmdicunt</strong></span> <span class='ocrx_word' id='word_1_791' title='bbox 1102 2457 1109 2477; x_wconf 87' lang='lat'><strong>:</strong></span> <span class='ocrx_word' id='word_1_792' title='bbox 1123 2453 1152 2475; x_wconf 92' lang='lat' dir='ltr'><strong>ut</strong></span> <span class='ocrx_word' id='word_1_793' title='bbox 1163 2448 1209 2475; x_wconf 73' lang='lat' dir='ltr'><strong>fati</strong></span> <span class='ocrx_word' id='word_1_794' title='bbox 1223 2448 1248 2474; x_wconf 91' lang='lat' dir='ltr'><strong>iu</strong></span> <span class='ocrx_word' id='word_1_795' title='bbox 1263 2448 1301 2475; x_wconf 87' lang='lat' dir='ltr'><strong>eis</strong></span> <span class='ocrx_word' id='word_1_796' title='bbox 1316 2447 1442 2482; x_wconf 82' lang='lat' dir='ltr'><strong>ﬁgmento</strong></span> <span class='ocrx_word' id='word_1_797' title='bbox 1457 2449 1645 2481; x_wconf 72' lang='lat' dir='ltr'><strong>corroborata,</strong></span> 
     </span>
    </p>
   </div>
   <div class='ocr_carea' id='block_1_109' title="bbox 858 2494 1645 2531">
    <p class='ocr_par' dir='ltr' id='par_1_109' title="bbox 858 2494 1645 2531">
     <span class='ocr_line' id='line_1_109' title="bbox 858 2494 1645 2531; baseline -0.003 -7"><span class='ocrx_word' id='word_1_798' title='bbox 858 2496 973 2531; x_wconf 85' lang='lat' dir='ltr'><strong>amplius</strong></span> <span class='ocrx_word' id='word_1_799' title='bbox 995 2496 1076 2523; x_wconf 89' lang='lat' dir='ltr'><strong>etiam</strong></span> <span class='ocrx_word' id='word_1_800' title='bbox 1093 2502 1107 2521; x_wconf 71' lang='grc' dir='ltr'>ο</span> <span class='ocrx_word' id='word_1_801' title='bbox 1125 2494 1180 2522; x_wconf 87' lang='lat' dir='ltr'><strong>Deo</strong></span> <span class='ocrx_word' id='word_1_802' title='bbox 1191 2494 1328 2522; x_wconf 75' lang='lat' dir='ltr'><strong>deficiant.</strong></span> <span class='ocrx_word' id='word_1_803' title='bbox 1354 2494 1446 2528; x_wconf 80' lang='lat' dir='ltr'><strong>Atqui,</strong></span> <span class='ocrx_word' id='word_1_804' title='bbox 1460 2495 1483 2522; x_wconf 87' lang='lat' dir='ltr'><strong>si</strong></span> <span class='ocrx_word' id='word_1_805' title='bbox 1497 2500 1599 2530; x_wconf 88' lang='lat' dir='ltr'><strong>quanto</strong></span> <span class='ocrx_word' id='word_1_806' title='bbox 1612 2497 1645 2522; x_wconf 85' lang='lat' dir='ltr'><strong>ad</strong></span> 
     </span>
    </p>
   </div>
   <div class='ocr_carea' id='block_1_110' title="bbox 859 2535 1645 2573">
    <p class='ocr_par' dir='ltr' id='par_1_110' title="bbox 859 2535 1645 2573">
     <span class='ocr_line' id='line_1_110' title="bbox 859 2535 1645 2573; baseline -0.003 -4"><span class='ocrx_word' id='word_1_807' title='bbox 859 2543 958 2570; x_wconf 84' lang='lat' dir='ltr'><strong>malum</strong></span> <span class='ocrx_word' id='word_1_808' title='bbox 977 2542 1066 2568; x_wconf 90' lang='lat' dir='ltr'><strong>studio</strong></span> <span class='ocrx_word' id='word_1_809' title='bbox 1076 2540 1277 2573; x_wconf 88' lang='lat' dir='ltr'><strong>contendimus,</strong></span> <span class='ocrx_word' id='word_1_810' title='bbox 1294 2544 1368 2566; x_wconf 86' lang='lat' dir='ltr'><strong>tanto</strong></span> <span class='ocrx_word' id='word_1_811' title='bbox 1385 2541 1448 2567; x_wconf 91' lang='lat' dir='ltr'><strong>item</strong></span> <span class='ocrx_word' id='word_1_812' title='bbox 1463 2540 1496 2566; x_wconf 86' lang='lat' dir='ltr'><strong>ad</strong></span> <span class='ocrx_word' id='word_1_813' title='bbox 1518 2535 1645 2568; x_wconf 73' lang='lat' dir='ltr'><strong>honesta-</strong></span> 
     </span>
    </p>
   </div>
   <div class='ocr_carea' id='block_1_111' title="bbox 861 2586 1644 2621">
    <p class='ocr_par' dir='ltr' id='par_1_111' title="bbox 861 2586 1644 2621">
     <span class='ocr_line' id='line_1_111' title="bbox 861 2586 1644 2621; baseline -0.005 -5"><span class='ocrx_word' id='word_1_814' title='bbox 861 2595 913 2616; x_wconf 90' lang='lat' dir='ltr'><strong>tem</strong></span> <span class='ocrx_word' id='word_1_815' title='bbox 930 2589 1156 2619; x_wconf 89' lang='lat' dir='ltr'><strong>incumbercmus,</strong></span> <span class='ocrx_word' id='word_1_816' title='bbox 1172 2594 1224 2614; x_wconf 92' lang='lat' dir='ltr'><strong>non</strong></span> <span class='ocrx_word' id='word_1_817' title='bbox 1249 2586 1435 2621; x_wconf 78' lang='lat' dir='ltr'><strong>ignoraremus</strong></span> <span class='ocrx_word' id='word_1_818' title='bbox 1452 2586 1550 2621; x_wconf 66' lang='lat' dir='ltr'><strong>221i:</strong></span> <span class='ocrx_word' id='word_1_819' title='bbox 1563 2594 1644 2621; x_wconf 86' lang='lat' dir='ltr'><strong>quam</strong></span> 
     </span>
    </p>
   </div>
   <div class='ocr_carea' id='block_1_112' title="bbox 862 2632 1646 2668">
    <p class='ocr_par' dir='ltr' id='par_1_112' title="bbox 862 2632 1646 2668">
     <span class='ocr_line' id='line_1_112' title="bbox 862 2632 1646 2668; baseline -0.004 -6"><span class='ocrx_word' id='word_1_820' title='bbox 862 2635 917 2662; x_wconf 87' lang='lat' dir='ltr'><strong>Deo</strong></span> <span class='ocrx_word' id='word_1_821' title='bbox 933 2635 1007 2662; x_wconf 86' lang='lat' dir='ltr'><strong>chari</strong></span> <span class='ocrx_word' id='word_1_822' title='bbox 1016 2634 1112 2666; x_wconf 86' lang='lat' dir='ltr'><strong>simus,</strong></span> <span class='ocrx_word' id='word_1_823' title='bbox 1127 2639 1213 2668; x_wconf 82' lang='lat' dir='ltr'><strong>neque</strong></span> <span class='ocrx_word' id='word_1_824' title='bbox 1226 2637 1355 2668; x_wconf 88' lang='lat' dir='ltr'><strong>quantum</strong></span> <span class='ocrx_word' id='word_1_825' title='bbox 1372 2632 1469 2659; x_wconf 85' lang='lat' dir='ltr'><strong>virium</strong></span> <span class='ocrx_word' id='word_1_826' title='bbox 1481 2637 1574 2659; x_wconf 83' lang='lat' dir='ltr'><strong>contra</strong></span> <span class='ocrx_word' id='word_1_827' title='bbox 1592 2632 1646 2659; x_wconf 66' lang='lat' dir='ltr'><strong>dae-</strong></span> 
     </span>
    </p>
   </div>
   <div class='ocr_carea' id='block_1_113' title="bbox 861 2677 1646 2713">
    <p class='ocr_par' dir='ltr' id='par_1_113' title="bbox 861 2677 1646 2713">
     <span class='ocr_line' id='line_1_113' title="bbox 861 2677 1646 2713; baseline -0.005 -5"><span class='ocrx_word' id='word_1_828' title='bbox 861 2688 967 2708; x_wconf 87' lang='lat' dir='ltr'><strong>monem</strong></span> <span class='ocrx_word' id='word_1_829' title='bbox 987 2681 1144 2708; x_wconf 86' lang='lat' dir='ltr'><strong>habeamus.</strong></span> <span class='ocrx_word' id='word_1_830' title='bbox 1166 2679 1222 2706; x_wconf 82' lang='lat' dir='ltr'><strong>Etsi</strong></span> <span class='ocrx_word' id='word_1_831' title='bbox 1247 2679 1319 2706; x_wconf 87' lang='lat' dir='ltr'><strong>enim</strong></span> <span class='ocrx_word' id='word_1_832' title='bbox 1337 2677 1435 2713; x_wconf 86' lang='lat' dir='ltr'><strong>ubique</strong></span> <span class='ocrx_word' id='word_1_833' title='bbox 1451 2678 1531 2710; x_wconf 81' lang='lat' dir='ltr'><strong>Deus,</strong></span> <span class='ocrx_word' id='word_1_834' title='bbox 1551 2678 1585 2705; x_wconf 88' lang='lat' dir='ltr'><strong>ad</strong></span> <span class='ocrx_word' id='word_1_835' title='bbox 1599 2685 1646 2705; x_wconf 88' lang='lat' dir='ltr'><strong>cos</strong></span> 
     </span>
    </p>
   </div>
   <div class='ocr_carea' id='block_1_114' title="bbox 661 2761 996 2791">
    <p class='ocr_par' dir='ltr' id='par_1_114' title="bbox 661 2761 996 2791">
     <span class='ocr_line' id='line_1_114' title="bbox 661 2761 996 2791; baseline 0.003 -3"><span class='ocrx_word' id='word_1_836' title='bbox 661 2761 778 2789; x_wconf 66' lang='lat' dir='ltr'><strong>VARI/l3</strong></span> <span class='ocrx_word' id='word_1_837' title='bbox 794 2761 996 2791; x_wconf 83' lang='lat' dir='ltr'><strong>LECTIONES.</strong></span> 
     </span>
    </p>
   </div>
   <div class='ocr_carea' id='block_1_115' title="bbox 39 2815 1645 2860">
    <p class='ocr_par' dir='ltr' id='par_1_115' title="bbox 39 2815 1645 2860">
     <span class='ocr_line' id='line_1_115' title="bbox 39 2815 1645 2860; baseline -0.008 -8"><span class='ocrx_word' id='word_1_838' title='bbox 39 2824 64 2839; x_wconf 83' lang='lat'><strong><em>“</em></strong></span> <span class='ocrx_word' id='word_1_839' title='bbox 82 2823 268 2860; x_wconf 74' lang='grc' dir='ltr'>κατισχύουσι</span> <span class='ocrx_word' id='word_1_840' title='bbox 286 2821 469 2860; x_wconf 67' lang='lat' dir='ltr'><strong>apograplmrn</strong></span> <span class='ocrx_word' id='word_1_841' title='bbox 486 2820 614 2860; x_wconf 71' lang='lat' dir='ltr'><strong>Stephani</strong></span> <span class='ocrx_word' id='word_1_842' title='bbox 632 2830 638 2860; x_wconf 67' lang='grc' dir='ltr'>ξ</span> <span class='ocrx_word' id='word_1_843' title='bbox 656 2820 862 2860; x_wconf 30' lang='grc' dir='ltr'><strong>κατισχ-ὑτουσιη</strong></span> <span class='ocrx_word' id='word_1_844' title='bbox 875 2830 905 2854; x_wconf 60' lang='grc' dir='ltr'>ςι</span> <span class='ocrx_word' id='word_1_845' title='bbox 944 2820 967 2836; x_wconf 70' lang='grc'><strong>⁸⁸</strong></span> <span class='ocrx_word' id='word_1_846' title='bbox 986 2819 1122 2856; x_wconf 74' lang='grc' dir='ltr'>βούλοιντο</span> <span class='ocrx_word' id='word_1_847' title='bbox 1138 2828 1167 2852; x_wconf 74' lang='grc' dir='ltr'><strong>ς.</strong></span> <span class='ocrx_word' id='word_1_848' title='bbox 1205 2820 1226 2835; x_wconf 81' lang='grc'><strong>’⁷</strong></span> <span class='ocrx_word' id='word_1_849' title='bbox 1246 2817 1322 2854; x_wconf 73' lang='grc' dir='ltr'>πρὸς]</span> <span class='ocrx_word' id='word_1_850' title='bbox 1337 2817 1374 2848; x_wconf 86' lang='grc' dir='ltr'>ὡς</span> <span class='ocrx_word' id='word_1_851' title='bbox 1396 2817 1428 2843; x_wconf 82' lang='grc' dir='ltr'><strong>Α.</strong></span> <span class='ocrx_word' id='word_1_852' title='bbox 1467 2815 1490 2833; x_wconf 85' lang='grc'><strong>³⁸</strong></span> <span class='ocrx_word' id='word_1_853' title='bbox 1505 2821 1645 2849; x_wconf 75' lang='grc' dir='ltr'>συναιρου-</span> 
     </span>
    </p>
   </div>
   <div class='ocr_carea' id='block_1_116' title="bbox 187 2856 777 2892">
    <p class='ocr_par' dir='ltr' id='par_1_116' title="bbox 187 2856 777 2892">
     <span class='ocr_line' id='line_1_116' title="bbox 187 2856 777 2892; baseline -0.005 -7"><span class='ocrx_word' id='word_1_854' title='bbox 187 2860 211 2875; x_wconf 76' lang='grc'><strong>’⁵</strong></span> <span class='ocrx_word' id='word_1_855' title='bbox 224 2858 308 2885; x_wconf 70' lang='grc' dir='ltr'>αὐτοῦ</span> <span class='ocrx_word' id='word_1_856' title='bbox 329 2856 358 2889; x_wconf 64' lang='grc' dir='ltr'><strong>ςέ.</strong></span> <span class='ocrx_word' id='word_1_857' title='bbox 396 2858 404 2872; x_wconf 90' lang='grc'>¹</span> <span class='ocrx_word' id='word_1_858' title='bbox 423 2857 472 2892; x_wconf 82' lang='grc' dir='ltr'>μὲν</span> <span class='ocrx_word' id='word_1_859' title='bbox 486 2863 514 2884; x_wconf 88' lang='lat' dir='ltr'><strong>et</strong></span> <span class='ocrx_word' id='word_1_860' title='bbox 532 2856 601 2883; x_wconf 80' lang='lat' dir='ltr'><strong>infra</strong></span> <span class='ocrx_word' id='word_1_861' title='bbox 616 2857 655 2888; x_wconf 76' lang='grc' dir='ltr'><strong>εἰς</strong></span> <span class='ocrx_word' id='word_1_862' title='bbox 669 2856 730 2883; x_wconf 85' lang='lat' dir='ltr'><strong>add.</strong></span> <span class='ocrx_word' id='word_1_863' title='bbox 746 2857 777 2883; x_wconf 79' lang='grc' dir='ltr'><strong>Α.</strong></span> 
     </span>
    </p>
   </div>
   <div class='ocr_carea' id='block_1_117' title="bbox 225 2903 537 2934">
    <p class='ocr_par' dir='ltr' id='par_1_117' title="bbox 225 2903 537 2934">
     <span class='ocr_line' id='line_1_117' title="bbox 225 2903 537 2934; baseline -0.003 0"><span class='ocrx_word' id='word_1_864' title='bbox 225 2905 361 2934; x_wconf 62' lang='lat' dir='ltr'><strong>Parnm.</strong></span> <span class='ocrx_word' id='word_1_865' title='bbox 377 2904 434 2934; x_wconf 72' lang='lat' dir='ltr'><strong>Gn.</strong></span> <span class='ocrx_word' id='word_1_866' title='bbox 456 2903 537 2934; x_wconf 85' lang='lat' dir='ltr'><strong>Clll.</strong></span> 
     </span>
    </p>
   </div>
   <div class='ocr_carea' id='block_1_118' title="bbox 13 2862 146 2896">
    <p class='ocr_par' dir='ltr' id='par_1_118' title="bbox 13 2862 146 2896">
     <span class='ocr_line' id='line_1_118' title="bbox 13 2862 146 2896; baseline -0.015 -2"><span class='ocrx_word' id='word_1_867' title='bbox 13 2862 101 2896; x_wconf 69' lang='grc' dir='ltr'><strong>μένης</strong></span> <span class='ocrx_word' id='word_1_868' title='bbox 114 2869 146 2893; x_wconf 82' lang='grc' dir='ltr'>ς-</span> 
     </span>
    </p>
   </div>
   <div class='ocr_carea' id='block_1_119' title="bbox 1407 2893 1446 2924">
    <p class='ocr_par' dir='ltr' id='par_1_119' title="bbox 1407 2893 1446 2924">
     <span class='ocr_line' id='line_1_119' title="bbox 1407 2893 1446 2924; baseline 0.077 -3"><span class='ocrx_word' id='word_1_869' title='bbox 1407 2893 1446 2924; x_wconf 76' lang='grc'><strong>28</strong></span> 
     </span>
    </p>
   </div>
  </div>
