1920 3090
280 185 331 216 875

855 181 986 211 ΡΗΟΤΙΙ
1005 180 1258 210 ΡΑΤΒΙΛΠΟΠΈ
1274 180 1328 210 (ΣΡ.

1857 178 1908 209 8ῗ5

277 248 365 268 tamen
378 238 488 274 pronius
500 236 614 268 accedit,
628 236 672 270 qui
684 242 731 270 per
741 242 823 269 opera
837 234 923 269 ipsum
936 235 1060 270 diligunt.

1120 234 1256 264 ἐνιαυτοὺς
1269 233 1395 267 γενέσθαι
1410 233 1484 268 παρὰ
1497 233 1565 260 θεοῦ
1581 233 1626 260 τὸν
1640 233 1716 268 ἥλιον
1730 234 1778 260 καὶ
1799 234 1850 268 τὴν
1866 243 1908 260 σε-

277 286 325 313 Ubi
352 290 441 312 autem
456 283 527 311 Deus
537 287 590 315 est,
613 289 735 316 quamam
751 281 806 308 illic
831 281 934 308 insidia)
951 281 1062 312 lateant,

276 338 322 360 aut
349 331 409 366 quis
425 329 538 358 omnino
551 328 621 355 adsit
636 327 777 354 insidiator
791 326 802 353 ?
826 325 891 359 Qute
912 326 958 353 ubi
975 325 1063 352 disse-

276 378 341 410 ruit,
354 376 452 404 divinis
468 381 575 402 rursum
584 372 706 407 Eloquiis
717 372 847 399 adversus
864 371 946 398 fatum
963 371 1065 398 instru-

1117 280 1200 315 λήνην
1224 280 1272 306 καὶ
1294 281 1355 311 τοὺς
1377 280 1506 315 ἀστέρας,
1522 280 1557 306 τὰ
1579 280 1627 306 ἐπὶ
1649 280 1737 314 Ἰησοῦ
1760 280 1808 306 τοῦ
1832 281 1909 315 Ναυῆ

1118 327 1290 361 γεγενημένα
1305 326 1450 361 δηλοῦσθαι
1467 335 1532 361 φησι
1548 326 1595 352 καὶ
1610 326 1644 352 τὰ
1659 327 1705 352 ἐπὶ
1726 327 1848 359 Ἐζεκίου
1863 326 1909 353 τοῦ

1120 371 1252 406 βασιλέως
1273 373 1319 399 καὶ
1338 373 1372 398 τὰ
1394 372 1439 398 ἐπὶ
1458 372 1505 398 τοῦ
1524 372 1685 398 δεσποτικοῦ
1705 372 1820 404 πάθους.

275 429 345 456 rtus,
360 422 483 450 homines
496 420 667 450 adhortatur,
683 423 712 446 ut
727 426 755 446 se
769 419 814 445 illo
825 426 919 446 errore
934 418 1061 446 libereut.
1081 419 1158 452 Quod
1172 425 1261 446 autem
1279 419 1306 446 in
1323 419 1400 453 signa
1420 423 1447 446 et
1464 423 1585 453 tempora
1599 424 1611 438 υ
1632 423 1659 445 et
1691 425 1777 445 annos
1809 417 1910 444 factum

276 477 337 498 esse
350 477 364 496 a
377 469 433 496 Deo
445 467 529 496 solem
547 473 610 494 cum
626 465 691 492 luna
706 469 733 492 et
748 465 833 492 stellis
849 465 960 498 dicitur,
977 465 1019 492 his
1036 472 1066 492 ea
1087 466 1235 500 signiﬁcari
1253 465 1318 497 vult,
1333 472 1394 500 qua:
1409 464 1424 485 δ
1446 465 1497 492 sub
1509 463 1572 491 Jesu
1587 464 1642 491 ﬁlio
1655 462 1729 491 Nave
1758 468 1786 492 et
1800 469 1812 483 ε
1845 464 1911 491 Eze-

276 517 337 544 chia
363 521 436 548 rege.
460 513 579 546 itemque
600 511 626 538 in
640 511 654 531 ἀ
678 511 780 539 Christi
797 511 924 546 passione
945 513 1126 548 contigerunt.

313 562 360 590 llis
376 561 458 596 igitur
475 560 702 595 quinquagesimo
717 560 805 594 capite
821 560 1005 595 pertractatis,
1031 560 1062 587 5‘1

277 609 309 636 ad
320 609 446 641 deinceps
462 606 570 639 transit,
583 613 636 640 quo
649 613 663 632 a
677 605 824 633 Bardisane
839 611 913 632 ortos
927 605 1068 633 haereticos

277 654 428 688 redarguit,
451 652 522 687 quod
541 659 601 679 cum
616 651 795 686 proﬁteantur
809 658 839 679 se
857 651 1002 686 prophetas
1018 652 1068 678 ad-

277 701 395 732 mittere,
410 699 515 725 animas
526 698 634 732 quidem
651 704 666 724 a
681 697 771 732 genesi
786 697 886 724 liberas
901 703 927 724 et
943 697 984 724 sui
999 697 1068 732 juris

277 745 469 776 conﬁteantur,
492 743 540 770 sed
561 750 660 777 corpus
674 742 854 770 nihilominus
873 742 953 776 hujus
969 743 1067 776 guber-

279 791 385 818 nationi
403 789 559 824 subjiciant.
576 788 645 815 Nam
659 788 778 820 divitias,
790 793 989 823 paupertatem,
999 796 1072 815 mor-

282 840 356 870 bum,
377 837 533 869 sanitatem,
558 836 652 868 vitam,
681 839 798 862 mortem
822 838 850 862 et
864 841 1033 868 quaecunque
1045 835 1071 860 in

282 890 375 912 nostra
386 891 441 911 non
457 887 520 910 sunt
532 885 681 917 potestate,
708 887 757 916 per
782 880 829 908 l‘ati
844 881 899 908 vim
916 880 983 907 cllici
1000 879 1072 907 afﬁr-

281 935 366 958 mant.
384 929 420 956 At
430 929 451 956 si
469 928 617 956 secundum
628 926 725 954 Isaiam
738 932 749 946 ε
762 927 889 962 ignorant
902 926 962 954 coali
981 930 1071 953 astro-

1163 561 1245 587 Ἀλλα
1259 569 1370 588 τοιαυτα
1385 561 1435 595 μὲν
1451 560 1500 586 καὶ
1514 559 1587 586 κατὰ
1600 559 1631 585 τὺ
1642 562 1663 585 ν’
1677 559 1824 586 κεφάλαιον
1842 560 1910 586 διελ-

1122 607 1176 634 Οὼν
1192 608 1313 642 μέτεισιν
1328 607 1374 634 ἐπὶ
1398 607 1428 633 τὸ
1442 610 1466 633 α’
1493 607 1540 633 καὶ
1557 606 1590 637 ν’,
1609 605 1673 642 [564
1688 606 1736 641 H.1
1752 605 1781 631 ἒν
1797 603 1819 640 ᾧ
1845 608 1907 637 τοὺς

1122 653 1177 680 ἀπὸ
1191 653 1373 689 ῐιαρδισάνους
1389 653 1547 688 αίρετικοῦς
1559 651 1703 686 διελέγχει,
1720 652 1846 686 δέχεσθαι
1862 652 1911 686 μὲν

1122 700 1375 734 προσποιουμένους
1387 700 1449 731 τοὺς
1460 699 1615 734 προφήτας,
1631 699 1678 725 καὶ
1694 700 1743 731 τὰς
1761 699 1811 734 μὲν
1822 699 1911 733 ψυχὰς

1121 746 1258 779 γενέσεως
1273 745 1420 780 ἐλευθέρας
1431 745 1478 771 καὶ
1493 744 1683 778 αὐτεξουσίους
1698 744 1910 780 ὁμολογοῦντας,

1120 792 1150 818 τὸ
1163 793 1242 825 σῶμα
1251 792 1279 818 δὲ
1293 793 1327 827 τῇ
1338 791 1441 826 ταύτης
1452 791 1652 823 ὑποτάττοντας
1664 791 1812 826 διοικήσει·
1827 792 1911 831 πλοῦᾼ-

1120 844 1165 862 τον
1182 836 1237 872 γὰρ
1248 836 1295 863 καὶ
1310 836 1416 867 πενίαν,
1435 836 1482 862 καὶ
1494 836 1571 862 νόσον
1581 836 1629 862 καὶ
1643 836 1760 870 ὑγίειαν,
1774 837 1822 863 καὶ
1835 837 1906 871 ζωὴν

1120 882 1168 908 καὶ
1179 881 1306 914 θάνατον,
1322 882 1369 908 καὶ
1381 882 1432 908 ὅσα
1441 881 1492 908 οὐκ
1504 882 1547 916 ἐφ’
1558 882 1569 897 ⁸
1584 883 1663 917 ἡμῖν,
1683 881 1765 917 ἔργον
1778 880 1851 909 εἶναι
1867 883 1910 909 λέ-

1121 938 1199 963 γουσι
1209 931 1259 964 τῆς
1275 929 1454 964 εἱμαρμένης.
1478 929 1509 956 Εἰ
1523 929 1551 956 δὲ
1565 929 1635 957 κατὰ
1652 930 1699 956 τὸν
1721 930 1840 957 Ἡσαΐαν
1862 931 1911 958 οὐκ

280 977 333 1011 logi
359 983 419 1011 qua:
442 974 531 1002 futura
549 974 614 1006 sint,
639 978 666 1001 et
686 981 720 1001 ex
740 972 888 1001 Jeremitef
922 973 1066 1004 sententia,

1122 977 1211 1002 ἴσασιν
1227 977 1250 1002 οἱ
1265 975 1423 1011 ἀστρολόγοι
1438 975 1484 1002 τοῦ
1506 975 1623 1010 οὐρανοῦ
1643 976 1677 1002 τὰ
1701 976 1845 1010 μέλλοντα,
1866 978 1912 1003 καὶ

279 1030 378 1049 vanum
395 1022 447 1049 hoc
459 1027 539 1048 omne
553 1020 671 1048 studium
695 1024 748 1053 est,
773 1019 912 1054 quomodo
934 1019 961 1046 hi
981 1019 1070 1046 susci-

279 1075 344 1103 pere
357 1074 387 1096 se
406 1067 501 1094 dicunt
517 1067 675 1101 prophetas,
699 1065 745 1100 qui
767 1072 865 1100 corpus
879 1065 928 1092 fati
943 1064 1068 1091 servituti

278 1113 447 1149 subjiciunt?
473 1112 578 1139 Etenim
607 1111 677 1139 Deus
694 1111 797 1139 Judzeis
820 1111 878 1138 sive
899 1111 986 1138 minas
1011 1111 1068 1138 sive

278 1167 372 1195 pmnas
386 1158 493 1186 nonnisi
509 1164 655 1192 corporeas
671 1156 804 1188 intendit,
823 1156 979 1190 similiaque
993 1162 1070 1190 parat

279 1205 421 1237 beneﬁcia,
449 1211 563 1239 quorum
580 1208 672 1230 tamen
689 1202 874 1237 cognitionem
891 1209 943 1229 non
969 1202 1068 1229 habere

279 1249 432 1284 astrologos
452 1256 500 1284 per
512 1248 608 1276 Isaiam
624 1239 820 1282 pronuntiavit.
847 1244 970 1279 Quonam
986 1246 1069 1280 igitur

279 1301 358 1330 pacto
379 1295 435 1322 ﬁeri
456 1299 554 1329 potest,
575 1297 641 1321 utet
655 1292 797 1327 prophetis
811 1292 877 1320 ﬁdes
896 1292 1067 1324 adhibeatur,

280 1347 307 1368 et
321 1347 513 1376 cerporeorum
536 1347 596 1366 eum
615 1339 748 1366 malorum
766 1343 823 1366 tum
841 1339 975 1366 bonorum
993 1343 1069 1374 pote-

280 1393 335 1414 stas
357 1387 446 1414 omuis
471 1386 526 1413 l'ato
554 1385 739 1416 concutiatur.
762 1389 789 1412 et
808 1385 872 1412 huic
885 1384 998 1412 nimium
1019 1384 1068 1412 ad-

279 1433 343 1460 dicti
373 1433 462 1459 futura
482 1431 655 1468 praedicant?
679 1431 733 1458 nisi
764 1430 834 1458 forte
859 1438 908 1465 per
933 1431 1068 1459 insaniam

279 1478 408 1510 dixerint,
423 1478 492 1505 bona
511 1477 619 1512 quidem
630 1478 692 1513 piis,
713 1477 782 1506 mala
795 1485 861 1505 vero
872 1477 962 1512 impiis
975 1477 1068 1505 distri-

280 1523 373 1554 buere,
390 1527 418 1550 et
436 1523 521 1557 ipsum
536 1522 649 1557 insuper
662 1530 762 1550 numen
779 1522 834 1551 fato
855 1522 1002 1550 deservire.
1034 1522 1069 1550 At

281 1569 327 1604 qui
343 1569 439 1596 animae
458 1569 550 1603 genesi
572 1576 625 1596 non
649 1569 841 1603 subiiciantur,
870 1569 980 1604 quando
998 1567 1068 1596 Deus

281 1616 349 1649 ipse,
363 1622 454 1642 rerum
472 1615 592 1642 omnium
615 1615 749 1648 conditor,
761 1622 813 1642 una
832 1622 893 1642 cum
907 1615 959 1642 hac
973 1622 1068 1649 opera-

281 1666 334 1692 tur,
368 1659 550 1694 fatalibusque
565 1659 668 1688 eﬂ'ectis
693 1659 851 1688 subServit?
878 1659 907 1687 Si
919 1667 985 1686 vero
1007 1667 1068 1694 qua:

281 1714 329 1739 per
343 1706 454 1741 angelos
474 1706 540 1733 olim
570 1714 602 1734 ac
626 1707 772 1741 prophetas
787 1706 978 1734 administrata
992 1711 1067 1739 sunt,

281 1759 311 1780 ea
327 1752 436 1787 genesis
450 1760 503 1780 non
519 1751 610 1784 elIiclt,
634 1756 664 1778 ut
689 1759 740 1779 nec
754 1758 786 1778 ea
802 1759 862 1786 quae
877 1750 1005 1779 Dominus
1019 1759 1070 1778 no-

281 1802 337 1826 ster
353 1797 431 1825 Jesus
447 1797 572 1825 Christus
588 1797 614 1824 iu
628 1804 710 1824 carne
720 1804 854 1832 apparens
876 1801 1004 1832 operatus
1016 1802 1067 1830 est,

283 1847 348 1873 dum
358 1845 584 1873 innumerabilem
610 1846 789 1873 humanorum
811 1853 956 1880 corporum
976 1846 1068 1873 multi-

281 1892 399 1920 tudinem
415 1891 532 1926 sanavit,
559 1899 687 1926 quorsum
712 1892 801 1919 adhuc
819 1892 912 1919 volunt
935 1891 1068 1919 aﬁirmare

284 1944 383 1972 corpus
400 1944 415 1964 a
432 1937 526 1972 genesi
545 1937 754 1964 administrari?
780 1937 847 1964 Nam
864 1941 911 1964 aut
937 1937 1002 1964 illud
1016 1937 1066 1964 fal-

280 1989 340 2009 sum
357 1982 479 2015 reddent,
497 1982 568 2017 quod
585 1981 656 2009 Deus
676 1981 860 2017 immorigeris
876 1989 970 2016 poenas
987 1982 1068 2009 mini-

280 2033 370 2062 tetur,
399 2028 704 2063 obtemperantibusque
743 2028 858 2063 benigne
886 2028 998 2055 faciat:
1021 2033 1068 2055 aut

280 2079 364 2106 certe,
398 2074 420 2100 si
451 2075 568 2108 priumm
598 2074 665 2101 illud
691 2081 794 2107 verum,
813 2074 960 2102 secundum
976 2074 1066 2102 fabula

278 2127 330 2147 est.
350 2120 388 2146 Ad
409 2119 467 2147 haec
486 2120 585 2154 222a
601 2120 648 2155 qui
666 2119 724 2147 ﬁeri
740 2125 838 2154 potest,
853 2125 882 2147 ut
894 2120 985 2155 genesi
1004 2127 1066 2147 cor-

279 2172 344 2199 pora
355 2165 476 2200 subjecta
485 2172 547 2192 cum
563 2165 628 2196 sint,
654 2165 752 2192 anima:
774 2169 863 2192 tamen
880 2164 937 2198 ejus
952 2165 1066 2200 imperio

276 2210 481 2238 subducuntur?
501 2209 529 2237 Si
538 2211 609 2237 enim
621 2210 736 2245 agencsi
748 2211 853 2237 accidat
867 2211 988 2237 inventio
1006 2210 1066 2238 the-

279 2257 363 2288 sauri,
379 2256 421 2284 vel
431 2255 576 2284 aediﬁcatio
599 2256 704 2289 domus,
728 2257 769 2283 vel
785 2257 898 2283 aliarum
914 2256 1064 2290 aliquarum

278 2309 470 2337 corporearum
488 2309 580 2329 rerum
594 2301 650 2329 sive
669 2302 829 2336 assumptio,
855 2303 913 2328 sive
935 2301 1062 2336 abjectio,
1079 2319 1102 2347 Β

278 2348 333 2375 imo
355 2351 383 2374 ct
406 2346 618 2374 adulterantium
637 2351 718 2380 atque
742 2346 937 2373 mocchautium
970 2355 1060 2381 paena,

277 2392 464 2420 necessarium
478 2391 571 2426 utique
586 2392 704 2419 animam
720 2392 819 2427 impelli
831 2392 866 2419 ad
880 2393 1063 2420 inventionem

279 2439 399 2466 thesauri
415 2437 542 2473 [propter
555 2438 642 2472 ipsum
661 2438 850 2474 thesaurum],
867 2443 949 2472 atque
962 2440 994 2466 ad
1010 2439 1066 2467 dis-

277 2485 392 2512 cendam
407 2485 449 2512 vel
467 2485 677 2512 architecturam
693 2490 803 2520 propter
817 2486 937 2517 domum,
949 2486 991 2513 vel
1007 2490 1066 2513 tex-

279 2531 376 2558 toriam
394 2535 506 2566 propter
525 2536 640 2558 vestem.
679 2530 747 2564 Quin
771 2538 787 2558 a
815 2530 940 2559 muliebri
971 2539 1064 2558 amore

277 2577 352 2604 vinci
373 2578 446 2604 hanc
465 2582 572 2612 oportet
592 2582 621 2604 ut
634 2577 704 2604 lerat
727 2584 827 2612 corpus
846 2578 948 2613 proprii
969 2585 1063 2612 poenas

278 2621 466 2649 delictizimo
497 2622 578 2648 etiam
617 2623 650 2649 ad
676 2623 778 2650 caedem
812 2622 919 2650 incitari
951 2627 1062 2657 propter

276 2668 409 2703 genesim,
432 2676 494 2703 qua:
522 2669 618 2696 mortis
636 2669 800 2695 sententiam
813 2669 872 2695 tulit
887 2678 894 2695 :
912 2674 938 2696 et
966 2669 1006 2696 sic
1030 2669 1063 2696 de

278 2713 348 2741 aliis.
360 2714 490 2741 Vixeuim
506 2722 666 2749 corporequ
680 2714 825 2749 quidquam
842 2714 957 2747 ﬁet,nisi
973 2714 1062 2741 anima

279 2775 291 2788 η
306 2768 372 2796 Gen.
392 2778 411 2802 ι,
430 2770 472 2797 Η.
512 2770 526 2790 b
543 2770 623 2798 Josue
639 2778 666 2803 ιι,
683 2771 728 2797 15.
768 2777 779 2790 ε
795 2770 827 2798 ιν
848 2771 916 2806 Reg.
931 2779 976 2802 xx,
993 2771 1020 2798 9.
1060 2778 1066 2790 (

1120 2771 1190 2799 atth.
1208 2779 1296 2805 xxvu,
1311 2771 1357 2798 45.

1121 1023 1191 1048 κατὰ
1209 1022 1255 1048 τὸν
1281 1022 1417 1057 Ἰερεμίαν
1450 1022 1554 1057 ματαία
1577 1023 1650 1049 ἐστὶν
1674 1024 1690 1058 ἡ
1715 1023 1780 1058 περὶ
1809 1023 1911 1058 ταύτην

1122 1067 1235 1103 σπουδὴ,
1254 1068 1313 1099 πῶς
1327 1065 1400 1094 οὗτοι
1414 1067 1540 1103 δέχεσθαι
1556 1068 1606 1103 μέν
1623 1077 1691 1102 φασι
1711 1069 1773 1100 τοὺς
1799 1071 1910 1104 προφή·

1120 1122 1180 1144 τας,
1198 1113 1227 1139 τὸ
1238 1113 1317 1148 σῶμα
1332 1112 1360 1138 δὲ
1374 1112 1467 1139 δοῦλον
1482 1112 1650 1148 ποιοῦσιτῆς
1660 1113 1848 1149 είμαρμένης;
1865 1115 1911 1140 καὶ

1121 1157 1175 1193 γὰρ
1189 1158 1202 1184 ὁ
1216 1157 1281 1189 Θεὸς
1296 1158 1353 1189 τοῖς
1367 1158 1506 1190 Ἰουδαίοις
1528 1160 1575 1186 καὶ
1589 1159 1638 1190 τὰς
1664 1159 1782 1191 ἀπειλὰς
1801 1160 1851 1186 καὶ
1876 1161 1909 1186 τὰ

1120 1204 1194 1238 πάθη
1209 1204 1354 1238 σωματικὰ
1363 1204 1477 1240 ἐπηφίει
1489 1205 1510 1238 ³,
1523 1204 1651 1236 τοιαύτας
1660 1205 1689 1232 δὲ
1709 1206 1756 1232 καὶ
1772 1205 1824 1237 τὰς
1835 1207 1911 1241 εὐερ-

1121 1250 1225 1284 γεσίας,
1242 1247 1279 1277 ὧν
1290 1251 1401 1284 ἄγνοιαν
1422 1251 1493 1286 ἔχειν
1503 1251 1568 1283 τοὺς
1590 1251 1771 1286 ἀστρολόγους
1795 1252 1840 1279 διὰ
1864 1253 1910 1279 τοῦ

1129 1297 1240 1324 Ἡσαΐου
1257 1297 1474 1332 κατεψηφίσατο.
1501 1298 1562 1329 Πῶς
1581 1297 1628 1325 οὖν
1652 1299 1771 1334 ἐγχωρεῖ
1785 1299 1835 1325 καὶ
1856 1300 1910 1330 τοῖς

1121 1343 1276 1378 προφήταις
1289 1343 1443 1376 πείθεσθαι,
1454 1343 1502 1370 καὶ
1514 1342 1569 1370 τῶν
1581 1344 1746 1379 σωματικῶν
1761 1344 1912 1371 κακώσειαν

1121 1390 1167 1416 καὶ
1182 1388 1348 1424 εὐεργεσιῶν
1360 1390 1393 1424 τῇ
1412 1389 1568 1425 εἱμαρμένῃ
1583 1390 1613 1415 τὸ
1624 1391 1725 1424 κράτος
1748 1390 1911 1426 χαρίζεσθαι

1120 1434 1168 1461 καὶ
1185 1433 1331 1470 προλέγειν
1343 1434 1407 1465 τοὺς
1417 1434 1483 1469 περὶ
1499 1434 1585 1469 αὐτὴν
1597 1434 1785 1470 ἐπτοημένους
1805 1435 1840 1462 τὰ
1853 1436 1910 1462 Eoo"

1121 1488 1205 1516 μενα;
1221 1480 1245 1506 ει
1263 1479 1300 1515 μὴ
1314 1479 1369 1516 ἄρα
1386 1480 1539 1515 μεμηνότες
1565 1481 1668 1507 εἴποιεν
1689 1481 1724 1506 τὰ
1744 1481 1795 1516 μὲν
1823 1482 1911 1515 ἀγαθὲ

1119 1528 1175 1559 τοῖς
1190 1526 1332 1553 εὐσεϐοῦσι
1344 1526 1448 1561 νέμειν,
1465 1526 1595 1554 τάναντία
1606 1526 1653 1552 δδὲ
1668 1527 1724 1557 τοῖς
1735 1526 1907 1558 δυσσεὸοὖσι,

1120 1574 1166 1600 καὶ
1183 1573 1214 1600 τδ
1228 1573 1305 1599 Θεῖον
1328 1571 1583 1607 ὲξυπηρετούμενον
1604 1573 1638 1608 τῇ
1657 1572 1826 1609 εἱμαρμένῃ.
1857 1573 1910 1599 Καὶ

1121 1619 1181 1651 πῶς
1190 1619 1276 1654 ψυχαὶ
1289 1619 1396 1653 γενέσει
1410 1617 1460 1654 οὐχ
1477 1618 1679 1651 ὑποκείσονται,
1697 1618 1765 1644 Θεοῦ
1783 1619 1830 1644 τοῦ
1844 1619 1910 1645 πάν-

1120 1675 1174 1692 των
1189 1664 1356 1700 δημιουργοῦ
1366 1664 1562 1700 συνεργοῦντος
1587 1664 1656 1699 αὑτῇ
1667 1664 1678 1679 ⁵
1694 1664 1741 1690 καὶ
1760 1665 1816 1700 ὑπη
1822 1673 1911 1700 pstqu-

1121 1713 1202 1747 μένου
1217 1712 1272 1742 τοῖς
1288 1710 1523 1745 ἁποτελέσμασιν;
1540 1709 1572 1736 Ei
1590 1708 1619 1735 δὲ
1630 1708 1692 1736 οὔτε
1706 1708 1741 1735 τὰ
1765 1709 1800 1736 δι’
1826 1710 1908 1743 ἀγγέ-

1119 1757 1172 1784 λων
1187 1757 1234 1782 καὶ
1248 1755 1398 1791 προφητῶν
1412 1755 1630 1790 οἰκονομηθέντα
1657 1755 1742 1781 πάλαι
1772 1755 1908 1789 γενέσεως

1119 1800 1316 1838 ἐργονῆν,οὖδ’
1329 1802 1400 1837 ἆπερ
1416 1803 1430 1828 ὁ
1446 1802 1548 1838 Κύριος
1560 1801 1639 1837 ἡμῶν
1661 1801 1766 1836 Ἰησοῦς
1791 1802 1907 1837 Χριστὸς

1117 1847 1162 1874 διὰ
1189 1847 1315 1882 σώματος
1343 1847 1438 1880 φανεὶς
1468 1847 1627 1883 εἰργάσατο,
1652 1847 1787 1882 μυριάδας
1809 1847 1907 1880 diem

1118 1892 1203 1919 πείων
1224 1893 1371 1927 ἰασάμενος
1389 1892 1535 1927 σωμάτων,
1556 1892 1614 1923 πῶς
1641 1893 1743 1918 οἴονται
1768 1893 1800 1919 τὸ
1829 1893 1907 1927 σῶμα

1117 1938 1207 1973 λέγειν
1222 1939 1327 1972 γενέσει
1360 1937 1538 1971 διοικεῖσθαι,
1566 1937 1582 1973 ἢ
1601 1938 1656 1972 γὰρ
1679 1938 1708 1964 τὸ
1733 1938 1859 1965 ἀπειλεῖν
1878 1939 1906 1964 τὸ

1117 1985 1194 2011 Θεῖον
1212 1985 1267 2015 τοῖς
1279 1983 1496 2019 παρακούουσιν,
1509 1984 1666 2019 εὐεργετεῖν
1681 1983 1710 2010 δὲ
1728 1985 1794 2016 τοὺς
1819 1985 1907 2010 πειθο-

1120 2029 1227 2064 μένους,
1244 2029 1284 2060 εις
1293 2028 1390 2063 ψεῦδος
1404 2028 1570 2060 ἀπάξουσιν·
1585 2027 1601 2062 ἢ
1619 2029 1643 2054 ει
1667 2027 1697 2054 τὸ
1716 2028 1829 2063 πρῶτον
1844 2029 1907 2063 ἀλη-

1118 2075 1173 2106 Θὲς,
1187 2074 1301 2110 πλάσμα
1311 2074 1341 2100 τὸ
1353 2074 1493 2109 δεύτερον.
1512 2074 1606 2109 Χωρὶς
1618 2073 1646 2100 δὲ
1656 2074 1712 2100 τῶν
1735 2075 1902 2109 εἰρημένων,

1117 2121 1177 2151 πῶς
1185 2117 1283 2152 οἷόντε,
1296 2119 1423 2154 σώματος
1436 2119 1620 2154 ὑποκειμένου
1629 2119 1746 2153 γενέσει,
1760 2120 1810 2151 τὰς
1821 2120 1906 2154 ψυχᾶς

1116 2166 1220 2202 ταύτης
1233 2166 1423 2201 ἀπηλλάχθαι;
1441 2166 1465 2192 εί
1487 2165 1542 2200 γὰρ
1558 2165 1612 2192 ἀπὸ
1636 2165 1771 2199 γενέσεως
1798 2166 1907 2200 εὕρεσις

1117 2210 1255 2246 θησαυροῦ
1270 2210 1316 2236 καὶ
1331 2209 1406 2236 οἴκου
1427 2209 1552 2246 κτῆσιςῆ
1565 2210 1667 2244 ἑτέρων
1683 2209 1767 2236 τινῶν
1785 2219 1905 2243 σωματι-

1116 2257 1174 2284 κῶν
1187 2256 1341 2292 πρόσληψις
1359 2257 1375 2292 ἢ
1392 2255 1525 2291 ἀποϐολὴ,
1547 2256 1594 2282 καὶ
1615 2255 1647 2290 δὴ
1656 2256 1701 2282 καὶ
1722 2256 1738 2291 ὴ
1762 2256 1820 2283 τῶν
1841 2266 1906 2292 πορ-

1117 2303 1250 2330 νευόντων
1261 2303 1278 2338 ἢ
1290 2303 1343 2329 τῶν
1357 2302 1538 2338 μοιχευόντων
1552 2302 1644 2337 ποινὴ,
1660 2302 1768 2337 ἀνάγκη
1785 2303 1836 2337 τὴν
1860 2305 1905 2337 ςυ-

1116 2349 1166 2384 χὴν
1177 2348 1398 2384 ὲλαὺνεσθαιμὲν
1419 2348 1606 2384 πρδςεῦρεσιν
1637 2348 1808 2384 θησαυροῡσ,
1840 2351 1904 2384 πρὸς

1117 2393 1236 2430 μάθησιν
1245 2394 1273 2420 δὲ
1286 2394 1444 2428 τεκτονικῆς
1458 2393 1503 2420 διὰ
1521 2394 1566 2420 τὸν
1579 2391 1655 2420 οἷκον
1666 2394 1682 2428 ἢ
1692 2394 1846 2428 ὑφαντικῆς
1863 2395 1904 2420 διὰ

1118 2440 1149 2466 τὸ
1166 2440 1286 2474 ἱμάτιον.
1306 2439 1371 2476 [704
1383 2439 1432 2475 IL]
1451 2440 1497 2465 Δεῖ
1514 2439 1543 2466 δὲ
1562 2439 1611 2466 καὶ
1625 2439 1754 2472 γυναικὸς
1773 2440 1903 2474 ήττΞτῦαι

1115 2485 1159 2512 διὰ
1173 2485 1204 2511 τὸ
1223 2484 1320 2512 παθεῖν
1334 2484 1365 2511 τὸ
1377 2484 1457 2519 σῶμα
1472 2484 1544 2519 ἅπερ
1558 2484 1632 2518 αὑτῷ
1655 2484 1786 2518 εἵμαρται
1799 2485 1821 2516 ",
1839 2484 1902 2511 om

1118 2531 1166 2557 καὶ
1181 2531 1249 2565 πρὸς
1266 2530 1347 2565 φόνον
1379 2529 1510 2556 ὠθεῖσθαι
1538 2529 1584 2555 διὰ
1602 2529 1652 2564 τὴν
1671 2529 1901 2564 καταψηφισαμέ·

1118 2586 1166 2611 νην
1178 2576 1347 2610 τὸνθάνατον
1358 2575 1475 2609 γένεσιν,
1490 2574 1538 2601 καὶ
1557 2574 1604 2601 ἐπὶ
1621 2574 1674 2600 τῶν
1689 2574 1778 2601 ἄλλων
1794 2575 1900 2609 ὁμοίως.

1117 2620 1199 2647 Οὐδὲν
1215 2620 1270 2655 γὰρ
1295 2620 1389 2655 σχεδὸν
1410 2620 1464 2646 τῶν
1492 2619 1656 2654 σωματικῶν
1681 2619 1732 2654 τῆς
1755 2619 1845 2654 ψυχῆς
1867 2618 1900 2654 μὴ

1117 2667 1311 2702 ὐπακουούσης
1339 2667 1386 2693 καὶ
1412 2665 1656 2700 συλλαμϐανούσης
1677 2666 1834 2700 γενήσεται,
1859 2664 1899 2691 ui

1117 2713 1225 2748 ἀνάγκη
1240 2713 1302 2744 τοὺς
1318 2713 1350 2739 ἐκ
1367 2712 1552 2748 Βαρδισάνους
1563 2711 1580 2746 ἢ
1592 2712 1640 2738 καὶ
1655 2706 1705 2746 τὴν
1719 2711 1812 2747 ψυχὴν
1839 2711 1898 2737 ὐποε

1397 2776 1409 2790 ο
1423 2770 1477 2798 lsa.
1489 2776 1576 2803 van,
1590 2768 1636 2796 l2.
1676 2767 1686 2787 ί
1707 2767 1811 2796 Jerem.
1829 2777 1855 2800 ι.
1873 2768 1897 2795 2η

922 2816 1038 2843 νΑιιιλΕ
1059 2816 1262 2845 LECTIONES.

313 2861 324 2875 '
334 2860 376 2894 ἐφ’
388 2860 519 2900 scaliger;
534 2860 595 2900 libri
611 2860 651 2888 ἐν.
668 2896 674 2900 .
689 2861 700 2876 ³
703 2862 821 2900 facta?!“
835 2870 864 2895 ς.
897 2861 1053 2900 {calumnia
1067 2861 1095 2888 δέ
1110 2863 1146 2900 ᾼε
1159 2861 1189 2888 δὲ
1197 2862 1327 2900 ταναντία
1344 2872 1374 2896 ς.
1414 2863 1533 2899 ἀὺτῇΔ
1547 2871 1553 2890 :
1566 2862 1657 2895 αὐτοῖς
1668 2870 1698 2895 ς.
1727 2862 1738 2878 ⁸
1756 2857 1896 2898 θησαυροῦἶ

280 2894 416 2930 θησαυροῦ
435 2894 479 2924 διὰ
492 2896 539 2923 τὸν
554 2896 690 2932 θησαυρόν
702 2894 959 2934 δςυιὶέοτζνταὺτῷ
971 2898 1099 2932 εῖμαρται
1114 2898 1135 2924 Λ
1150 2905 1156 2923 :
1174 2897 1240 2924 αὐτὸ
1252 2894 1375 2933 ἥμαρτεν
1393 2908 1422 2931 ς.
