1920 3090
23 140 71 171 877

22 198 98 230 τάξαι
111 192 342 231 γενέσει,ἢτοῧτο
369 191 406 226 μὴ
437 189 595 225 τολμῶντας
613 189 660 215 καὶ
680 187 711 214 τὺ
727 186 807 221 σῶμα

22 244 120 278 ταύτης
128 240 290 276 ἀποφαίνειν
302 238 454 272 ἐλεύθερον.
469 236 547 263 Οὕτω
561 235 610 270 μὲν
620 234 668 261 καὶ
681 233 711 260 τὺ
723 232 744 267 β’
757 232 805 258 καὶ

23 294 42 317 ν’
51 286 272 323 ἀποπερατοῦται
288 283 447 318 κεφάλαιον.

61 421 105 447 Ἕν
122 419 151 446 δὲ
166 418 206 454 τῷ
220 416 321 452 ἑφεξῆς
337 415 387 449 τὴν
401 413 521 449 ἐσχάτην
531 411 660 439 ἀσέϐειαν
674 409 808 444 διελέγχει

22 467 73 493 τῶν
86 465 194 500 γενέσει
208 462 371 498 τολμώντων
387 458 548 486 ὑποϐάλλειν
564 457 612 484 καὶ
639 456 685 482 τὸν
705 454 809 489 Κύριον

22 512 96 548 ήμῶν
112 508 216 545 Ἰησοῦν
230 507 360 543 Χριστὸν,
375 505 421 531 τδν
435 503 554 537 φανέντα
568 501 705 548 πρόφασιν
717 507 811 548 ποιου-

25 545 111 594 μένων
122 554 292 590 ἀστέρα,καὶ
308 551 411 586 ταύτην
423 548 453 577 εὖ
470 558 500 576 τε
511 549 559 575 καὶ
572 547 662 582 σοφῶς
676 546 726 580 τὴν
740 545 811 572 ἁπό-

24 593 94 631 νοιαν
115 602 181 639 [⁸565
196 599 244 636 IL]
270 597 446 629 καταϐάλλει,
472 595 580 625 πολλοῖς
604 593 704 623 αὐτοὺς
729 599 812 639 κατατ

23 637 179 686 τιτρώσκων
195 649 253 678 τοῖς
272 644 480 680 ἐπιχειρήμασι,
499 641 535 668 τά
562 649 593 667 τε
607 639 691 686 ἄλλα,
712 637 811 686 1591?:

23 682 190 723 (BV-asinum
203 692 250 718 τὸν
261 690 381 726 φανέντα
400 688 504 723 ἀστέρα
519 686 618 731 μὴιὲνα
637 684 692 711 τῶν
706 682 813 710 πολλῶν

25 743 68 769 καὶ
88 740 150 767 κατ’
165 737 280 773 οὐρανὸν
294 734 375 768 εἶναι,
404 734 472 762 ἀλλὰ
496 729 610 767 δύναμιν
635 739 695 757 τινα
714 729 814 756 θειοτέ-

26 796 84 823 ραν,
99 786 141 818 είς
156 785 257 819 ἄστρον
286 782 337 818 μὲν
356 779 611 816 σχηματιζομένην,
639 776 687 812 τὴν
712 776 741 823 δέ
766 773 814 823 τοῦ

24 821 113 860 imos
130 830 267 857 Δεσπότου
282 828 473 864 κηρύττουσαν
484 825 601 859 γένεσιν.
616 823 700 857 Λέγει
711 822 739 848 δὲ
751 821 814 853 τοὺς

27 881 132 915 μάγους
158 875 330 912 παραλαϐεῖν
349 874 398 910 μὲν
420 872 497 908 παρὰ
513 869 657 898 Χαλδαίων
672 869 710 915 ὡς
722 867 816 915 iter?

114 923 166 958 τῆς
177 922 250 949 κατὰ
264 920 354 955 σάρκα
383 917 538 953 γεννήσεως
552 915 600 941 τοῦ
614 913 705 941 κοινοῦ
722 912 817 947 Σωτῆ-

26 979 70 1005 ρος
89 967 224 1005 μηνυτὴς,
248 965 365 996 ἐκείνοις
382 963 411 990 δὲ
436 962 474 993 ὡς
497 960 654 996 ὀμοτὲχνοις
679 958 818 1005 ἀναθεῖναι

24 1003 72 1051 τὴν
90 1003 246 1050 πρόρρησιν
258 1011 304 1038 τὸν
321 1008 438 1044 Βαλαὰμ
448 1008 460 1024 ⁸
475 1008 590 1038 ἐκεῖνον,
616 1005 645 1037 ὃς
673 1004 731 1051 xuii
741 1003 819 1051 άκων

25 1049 86 1089 ἀντὶ
112 1049 239 1093 gazam
269 1056 423 1091 εὐλογήσας
441 1054 487 1081 τὸν
508 1051 629 1088 Ἰσραὴλ,
657 1052 691 1086 τῇ
708 1049 819 1083 εὐλογίᾳ

26 1104 233 1142 συμπεριέλαϐε
248 1103 296 1130 καὶ
308 1101 358 1136 τὴν
371 1100 419 1127 τοῦ
432 1097 635 1135 τεχθησομένου
647 1096 753 1131 γένεσιν
769 1095 819 1129 βα-

27 1154 121 1184 σιλέως
135 1152 184 1178 καὶ
195 1151 242 1176 τὸν
250 1149 352 1183 ταύτης
364 1148 475 1182 κήρυκα
490 1145 605 1180 ἀστέρα.
625 1142 820 1178 Ἐμφανίζεται

25 1201 52 1226 δὲ
72 1198 182 1233 τεχθεὶς
199 1196 320 1231 Πέρσαις
336 1193 390 1228 πρὸ
398 1192 452 1219 τῶν
473 1191 561 1218 ἄλλων
575 1189 661 1216 ἐθνῶν
682 1189 696 1215 ὁ
716 1186 820 1213 Δεσπό-

26 1255 74 1280 της
88 1244 198 1275 ἑαυτὸν,
213 1242 322 1272 δεικνὺς
343 1240 384 1266 ὅτι
399 1239 446 1265 καὶ
462 1238 557 1272 μάγων
580 1235 628 1262 καὶ
642 1235 749 1269 γοήτων
766 1235 821 1264 τοῖς

26 1292 171 1319 ἐθέλουσιν
198 1290 214 1324 ἡ
239 1289 273 1315 δι’
304 1285 388 1313 αὑτοῦ
412 1284 564 1319 παρέχεται
593 1282 675 1317 χάρις
700 1280 746 1307 καὶ
771 1288 822 1305 σω-

26 1338 120 1374 τηρία.

60 1373 159 1411 Ταῦτα
179 1382 227 1408 καὶ
247 1380 282 1406 τὰ
296 1378 410 1406 τοιαῦτα
424 1377 507 1412 ἕτερα
520 1375 768 1410 διαπερανάμενος,
794 1373 824 1398 τὸ

25 1430 185 1458 τελευταῖον
209 1426 358 1461 κεφάλαιον
373 1423 613 1456 ἀνακεφαλαίωσιν
636 1421 690 1447 τῶν
713 1420 825 1455 εἰρημέ-

26 1486 80 1504 νων
96 1475 230 1505 ποιεῖται,
248 1471 296 1498 καὶ
310 1470 369 1504 ἃμα
382 1469 413 1496 τό
425 1477 456 1495 τε
468 1469 478 1484 ⁹
493 1471 518 1501 γ’
545 1467 593 1494 καὶ
619 1469 641 1491 v'
669 1466 715 1492 καὶ
739 1465 785 1491 τὸν
800 1465 825 1500 η’

26 1523 135 1553 τούτοις
149 1517 299 1554 ἀπαρτίζει
316 1517 406 1550 λόγον.

62 1569 147 1596 Ἐστι
163 1567 192 1593 δὲ
209 1565 259 1600 τὴν
281 1563 382 1600 φράσιν
395 1561 515 1596 καθαρός
539 1569 569 1586 τε
590 1560 638 1586 καὶ
666 1557 796 1593 εὑκρινὴς
811 1558 825 1582 ὁ

25 1616 110 1650 ἀνὴρ,
127 1614 186 1644 τοῖς
201 1612 229 1638 δὲ
245 1610 421 1645 ἐνθυμήμασι
433 1607 480 1635 καὶ
490 1608 524 1642 τῇ
535 1606 589 1632 τῶν
601 1603 826 1640 ἐπιχειρημάτων

27 1649 188 1688 διαπλάσει.
203 1654 260 1683 οἷον
280 1655 362 1682 αὐτὸν
378 1654 447 1680 κατὰ
461 1653 544 1688 μέρος
558 1652 587 1677 ἐν
612 1652 646 1686 τῇ
662 1650 717 1676 τῶν
740 1649 827 1683 λόγων

29 1707 113 1736 αὑτοῦ
133 1703 319 1737 ὑπεδείξαμεν
333 1701 443 1734 ἐκλογῇ.

390 1746 475 1773 ΣΚΔκ

263 1794 423 1827 Μέμνονος
434 1790 597 1823 ἱστορικόν.

427 1850 491 1877 CAP.
513 1849 535 1876 l.
546 1863 581 1869 ——
595 1847 703 1874 Summa
715 1846 832 1873 historia:

70 1913 254 1948 ’Δνεγνώσθη
269 1910 373 1946 βιϐλίον
389 1908 530 1943 Μέμνονος
546 1906 694 1942 ἱστορικὸν,
707 1905 761 1931 ἀπὸ
781 1904 830 1931 τοῦ

30 1963 90 1990 θ¹¹⁶
111 1962 199 1994 λόγου
223 1959 276 1990 ἓως
294 1960 345 1990 ις’.
371 1956 403 1982 'H
420 1955 448 1981 δὲ
473 1952 663 1988 πραγματεία,
690 1953 742 1978 ὅσα
766 1952 832 1986 περὶ.

29 2010 80 2044 τὴν
93 2005 236 2040 Ποντικὴν
249 2003 415 2038 Ἡράκλειαν
425 1999 586 2034 συνηνέχθη,
598 1998 701 2025 σκοπὸν
711 1997 832 2032 ἀναγρά-

28 2056 80 2090 ψαι
98 2050 275 2089 προτίθεται,
291 2049 353 2079 τοὺς
367 2048 397 2074 ὲν
421 2047 492 2081 αὐτῇ
512 2045 734 2080 τυραννήσαντας
766 2044 832 2090 ἀνα-

30 2089 177 2136 λεγομὲνη
185 2097 234 2124 καὶ
248 2094 365 2131 πράξεις
389 2091 480 2120 αὐτῶν
493 2091 541 2118 καὶ
555 2090 620 2124 ἢθη,
638 2090 684 2116 καὶ
698 2090 760 2120 τοὺς
784 2089 832 2136 ἆλ-

31 2150 87 2175 law
104 2146 196 2181 βίους,
210 2143 259 2169 καὶ
272 2141 308 2168 τὰ
325 2140 390 2174 τέλη
411 2135 453 2170 οἷς
470 2138 621 2173 ἐχρήσαντο
650 2136 698 2162 καὶ
712 2136 762 2162 ὅσα
779 2135 834 2161 τῶν

32 2193 197 2231 εἰρημένων
213 2189 373 2223 ἐξήρτηται-

531 129 794 162 BlBLlOTHECA.
813 140 847 146 -
863 128 945 158 COD.
966 126 1115 157 CCXXIV.
1145 140 1148 142 τ

1596 126 1649 157 878

823 184 970 213 Aobetliat
1000 188 1081 218 atque
1108 182 1229 218 adjuvet,
1254 187 1283 209 ut
1309 189 1422 210 necesse
1445 182 1481 210 sit
1496 182 1651 211 Bardisanae

858 235 1021 262 sectatores,
1033 229 1075 256 vel
1093 229 1212 256 animum
1231 228 1366 262 Subjicere
1381 235 1487 263 genesi,
1506 228 1550 256 vel
1563 228 1587 256 si
1597 228 1650 256 hoc

859 284 912 304 non
940 276 1068 307 audeant,
1084 275 1165 302 etiam
1186 281 1285 308 corpus
1305 273 1340 301 ab
1359 272 1439 307 huius
1453 273 1567 308 imperio
1582 274 1652 301 libe-
1672 303 1676 308 ί

859 331 917 350 rum
940 323 1127 358 pronuntiare.
1169 321 1208 348 ita
1234 321 1382 349 secundum
1407 326 1436 348 et
1459 320 1653 357 quinquagesi—

861 377 934 396 mum
952 373 1034 404 caput
1055 369 1158 395 linitur.

898 414 1027 441 Proximo
1041 422 1106 441 vero
1119 419 1269 441 extremam
1302 414 1375 441 illam
1395 414 1562 448 impietatem
1590 421 1657 441 con—

862 461 931 487 futat
942 468 1037 487 eortttn
1050 481 1057 492 ,
1072 461 1118 494 qui
1139 460 1226 495 ipsum
1248 467 1356 494 quoque
1368 460 1510 487 Dominum
1533 465 1657 488 nostrum

862 507 954 534 Jesum
985 506 1123 533 Christum
1139 506 1228 541 genesi
1253 506 1388 540 subjicere
1420 507 1544 541 audent,
1583 515 1658 534 sum-

863 556 908 587 pta
941 553 974 579 de
1008 557 1119 579 ostensa
1146 553 1232 587 magis
1270 551 1349 579 stella
1389 553 1544 580 occasione.
1581 554 1659 580 Hanc

864 605 930 633 ergo
945 598 1094 625 amentiam
1108 598 1178 625 bene
1208 602 1235 624 et
1259 598 1398 632 sapienter
1423 599 1535 631 refellit,
1566 599 1659 626 multis

865 643 926 671 illos
948 643 1106 670 confodieris
1134 644 1315 678 argumentis,
1340 651 1402 672 cum
1432 644 1507 677 alibi,
1533 649 1590 672 tum
1613 645 1661 672 ubi

865 689 986 717 ostendit
1010 689 1095 716 visam
1118 689 1223 716 stellam
1240 697 1293 717 non
1305 697 1386 717 unam
1404 697 1420 717 ε
1434 690 1530 718 ntultis
1545 690 1571 717 in
1592 690 1661 717 cmlu

867 735 968 767 fuisse,
997 735 1045 762 sed
1070 735 1125 762 vim
1152 735 1297 770 quamdam
1322 735 1482 763 diviniorem
1504 736 1531 763 in
1556 740 1661 763 astrum

867 780 1083 815 conformataml,
1115 787 1176 816 quae
1200 781 1320 808 omnium
1343 781 1452 809 Domini
1488 782 1661 809 nativitatem

867 827 1044 855 denuntiaret
1056 827 1126 862 (64).
1143 826 1230 855 Porro
1242 835 1335 862 magos
1352 828 1437 856 refert
1451 828 1609 856 aChaldazis
1625 828 1663 856 ita

832 861 854 888 Β
869 873 1018 907 accepisse,
1033 871 1142 899 stellam
1160 861 1307 907 quamdam
1323 873 1387 899 olim
1402 872 1470 905 fore,
1490 880 1551 907 quae
1570 879 1664 900 natum

872 921 899 945 in
921 925 1004 945 carne
1019 925 1192 946 communem
1219 918 1393 947 Servatorem
1427 920 1576 947 nuntiaret.
1607 919 1664 946 Hoc

870 964 925 992 illis
939 964 1111 996 vaticinium,
1139 970 1269 999 tanquam
1296 965 1417 1000 ejusdem
1438 965 1506 993 artis
1523 965 1663 997 studiosis,

873 1018 1018 1038 enarrasse
1032 1011 1190 1038 Balaamum
1208 1011 1294 1042 illum,
1324 1012 1369 1047 qui
1384 1011 1426 1039 vel
1444 1012 1545 1039 invitus
1563 1012 1664 1046 impre-

871 1057 988 1084 cationis
1011 1057 1072 1084 loco
1101 1058 1171 1085 bene
1186 1058 1322 1093 precando
1351 1057 1455 1091 lsraeli,
1482 1057 1666 1085 benedictioni

872 1110 927 1130 sua:
939 1103 1068 1130 nascituri
1087 1103 1160 1138 regis
1176 1108 1278 1135 ortttm,
1293 1108 1320 1131 et
1335 1104 1414 1139 hujus
1431 1111 1583 1139 praeconem
1599 1108 1666 1131 ste:—

873 1148 926 1175 lam
950 1149 1145 1177 admiscuisset
1162 1150 1186 1176 ⁸.
1220 1149 1289 1177 Duut
1315 1155 1406 1178 autem
1437 1157 1497 1177 sese
1519 1149 1665 1177 videndum

872 1195 971 1222 obtulit
1000 1195 1141 1229 Dominus,
1170 1203 1225 1230 prae
1253 1197 1359 1224 caeteris
1388 1197 1547 1224 nationibus
1576 1196 1668 1224 Persis

874 1240 1046 1274 potissimutn
1063 1239 1119 1275 jam
1137 1245 1218 1268 natus
1234 1241 1371 1275 apparuit,
1400 1243 1472 1276 quod
1487 1241 1668 1276 quibuscum-

875 1293 927 1320 que
942 1292 1002 1313 eam
1019 1287 1222 1321 expetentibus,
1241 1288 1298 1314 sive
1315 1287 1401 1322 magis
1418 1287 1475 1314 sive
1489 1287 1668 1314 incantatori-

875 1333 938 1364 bus,
960 1340 1010 1367 per
1024 1333 1111 1367 ipsum
1130 1333 1217 1368 gratia
1234 1338 1263 1360 et
1279 1333 1429 1368 redemptio
1444 1333 1603 1360 donaretur.

912 1378 960 1405 His
976 1386 1040 1414 ergo
1053 1383 1135 1414 atque
1149 1378 1211 1406 aliis
1221 1379 1317 1406 horum
1335 1379 1469 1406 similibus
1483 1378 1668 1413 pertractatis,

876 1424 972 1452 ultimo
998 1425 1107 1452 tandem
1132 1425 1222 1461 capite
1250 1425 1442 1460 repetitionem
1476 1425 1669 1460 prmdictorum

877 1471 999 1497 omnium
1016 1470 1146 1502 instituit,
1177 1471 1316 1507 simulque
1335 1471 1591 1506 quinquagesimum
1615 1474 1672 1498 ter-

840 1529 862 1557 c
879 1516 945 1543 tium
970 1521 1061 1550 caput,
1081 1521 1108 1543 et
1123 1521 1247 1543 octavum
1262 1517 1360 1543 librum
1374 1516 1500 1544 absolvit.

917 1562 964 1589 Est
989 1567 1079 1589 autem
1096 1563 1122 1589 in
1153 1562 1288 1597 loquendo
1306 1570 1389 1596 purus
1404 1568 1486 1597 atque
1516 1563 1671 1594 distinctus,

879 1607 1014 1643 ejusmodi
1031 1608 1243 1643 enthymematis
1261 1613 1343 1642 atque
1360 1608 1570 1642 epicherematis
1591 1607 1673 1636 effor-

881 1653 973 1685 matis,
993 1653 1084 1688 qualia
1113 1662 1146 1681 ex
1165 1654 1311 1688 parteiam
1331 1654 1358 1682 in
1373 1654 1415 1681 his
1431 1654 1503 1681 illitis
1514 1654 1605 1689 operis
1623 1661 1673 1682 ex-

882 1699 981 1734 cerptis
1000 1700 1190 1728 indicavimus.

1154 1747 1252 1782 222i:
1279 1745 1421 1774 ccxxrv.

1024 1791 1173 1820 Memnonis
1191 1793 1372 1820 Historiarum
1390 1793 1452 1820 libri
1465 1793 1531 1828 (65).

848 1849 976 1881 sequentis
991 1849 1022 1876 de
1037 1849 1166 1877 Heraclea
1179 1849 1301 1877 Pontica.

923 1906 1073 1934 Memnonis
1088 1908 1214 1940 historia,
1231 1916 1246 1935 ει
1263 1908 1332 1936 libro
1347 1915 1363 1934 v
1380 1915 1465 1942 usque
1479 1908 1513 1935 ad
1530 1915 1588 1939 xvt,
1616 1915 1676 1943 qua:

887 1953 960 1980 circa
986 1953 1146 1981 Heracleam
1178 1953 1317 1982 Ponticam
1348 1954 1510 1982 acciderunt
1539 1954 1578 1988 (id
1603 1955 1676 1982 enim

886 1999 1143 2034 operisinstitutum
1153 2000 1205 2036 est)
1219 2001 1331 2035 exponit
1350 2010 1357 2028 :
1378 2005 1433 2028 tum
1446 2000 1522 2028 urbis
1534 2006 1676 2036 tyrannos,

886 2051 913 2072 et
926 2053 970 2072 res
985 2046 1081 2073 horum
1097 2051 1186 2080 gestas
1203 2053 1360 2081 moresque,
1385 2051 1442 2074 tum
1459 2047 1577 2074 aliorum
1594 2047 1677 2075 etiam

887 2091 970 2117 vitam
990 2096 1018 2118 et
1043 2092 1156 2124 exitum,
1183 2097 1211 2119 et
1225 2100 1394 2128 quaecunque
1415 2100 1448 2120 eo
1465 2093 1615 2128 pertinent,
1636 2101 1679 2121 re-

889 2142 992 2164 censet.

483 2244 547 2272 Car.
568 2242 600 2269 ΙΙ.
618 2257 652 2262 -
670 2241 789 2268 Cleon-lii
805 2241 911 2275 tyranni
929 2241 1055 2273 eruditio,
1068 2246 1093 2268 et
1107 2241 1259 2268 crudelitas.

69 2309 224 2343 Κλέαρχον
248 2306 297 2340 μὲν
321 2304 368 2330 οὖν
390 2301 532 2329 ἐπιθέσθαι
559 2300 667 2336 πρῶτον
696 2299 835 2334 τυραννίδι

35 2357 110 2384 κατὰ
119 2355 175 2390 τῆς
188 2352 294 2383 πόλεως
308 2349 474 2385 ἀναγράφει.
499 2348 568 2382 Φησὶ
582 2347 610 2373 δὲ
636 2345 760 2376 παιδείας
791 2345 840 2379 μὲν

36 2404 87 2438 τῆς
103 2401 184 2429 κατὰ
199 2399 359 2433 φιλοσοφίαν
367 2398 418 2423 οὐκ
433 2396 619 2430 ἀγύμναστον,
633 2392 701 2438 ἀλλὰ
711 2392 758 2438 διαὶ
767 2391 840 2438 Πλά-

36 2436 128 2478 τωνος
144 2446 204 2472 τῶν
222 2442 368 2478 ἀκροατῶν
389 2441 438 2467 ἕνα
463 2439 616 2473 γεγονέναι,
643 2437 691 2464 καὶ
717 2436 838 2470 Ἰσοκρας

37 2501 105 2524 τους
117 2492 150 2518 δὲ
167 2490 217 2517 τοῦ
233 2490 348 2524 ῥήτορος
358 2486 519 2522 τετραετίαν
542 2483 743 2519 ἀκροάσασθαι,
766 2482 841 2516 ὠμὸν

38 2539 67 2565 Et
81 2540 144 2568 τοῖς
159 2535 294 2570 ὑπηκόοις
314 2534 362 2560 καὶ
379 2531 532 2568 μιαιφόνον,
557 2532 637 2564 εἰπερ
663 2529 724 2556 τινὰ
751 2528 842 2559 ἄλλον,

39 2583 248 2618 ἐπιδειχθῆναι,
266 2581 314 2606 καὶ
332 2581 372 2611 εἰς
398 2579 481 2613 ἄκρον
498 2576 658 2607 ἀλαζονείας
689 2576 794 2607 ἐλάσαι,
807 2575 844 2606 ὼς

78 2648 92 2659 ι
114 2640 198 2667 Num.
217 2646 291 2669 xxiv,
307 2638 318 2664 l
339 2645 414 2671 seqq.

851 2300 874 2327 D
925 2298 1074 2326 Clearchus
1092 2299 1152 2333 (ait)
1174 2299 1276 2333 primus
1291 2298 1460 2333 tyrannidem
1486 2298 1513 2324 in
1541 2298 1610 2325 hanc
1628 2298 1680 2325 sibi

891 2344 985 2372 urbem
1009 2344 1168 2374 vindicavit,
1210 2344 1361 2378 disciplina:
1384 2343 1579 2378 philosophica
1608 2343 1681 2370 haud

890 2390 1015 2424 equidem
1029 2389 1102 2417 rudis
1118 2390 1144 2422 (e
1162 2390 1281 2417 Platonis
1291 2390 1362 2416 enim
1381 2390 1520 2424 discipulis
1536 2396 1605 2416 unus
1619 2388 1680 2420 fuit,

891 2442 918 2463 et
935 2436 1145 2469 quadriennium
1162 2435 1273 2463 Isocrati
1289 2437 1391 2463 oratori
1408 2443 1518 2470 operam
1535 2435 1635 2469 dedit);
1653 2440 1682 2462 at

891 2483 1031 2509 enimvero
1047 2481 1194 2513 crudelem,
1226 2484 1248 2508 si
1264 2482 1406 2516 quisquam
1423 2482 1504 2513 alius,
1533 2481 1639 2508 civibus
1651 2488 1681 2508 se

892 2527 1016 2555 exhibuit
1038 2532 1065 2554 et
1091 2532 1233 2555 cruentum
1249 2537 1255 2554 :
1272 2532 1298 2554 ct
1312 2529 1345 2554 ad
1359 2535 1494 2554 summum
1508 2533 1594 2561 usque
1610 2526 1685 2553 inso-

895 2574 1148 2608 letttiazvprocessit,
1180 2579 1208 2600 ut
1232 2578 1259 2600 et
1273 2572 1355 2608 ,Jovis
1377 2573 1502 2600 sclilium
1519 2572 1683 2600 nominaret.

699 2678 818 2706 VARI/El
835 2678 1034 2706 LECTIONES.

99 2737 111 2752 ⁸
128 2735 292 2762 ΒαλαάκΑ.
325 2734 335 2749 ⁹
353 2733 422 2759 τότε
438 2733 459 2757 Λ
479 2730 529 2758 ετὸ
549 2739 579 2761 ς.
632 2728 651 2743 ¹⁰
666 2726 687 2753 0'
706 2729 726 2753 Α
741 2735 747 2751 :
762 2729 825 2757 ε’ς.

820 2770 937 2798 NOTAE.

82 2832 144 2864 (6t)
174 2828 277 2866 Eadem
304 2825 388 2866 llas".
421 2829 448 2852 et
473 2822 586 2858 Nysscni
608 2819 743 2849 sententia
763 2817 844 2846 llont.

45 2868 78 2894 de
98 2862 224 2893 Notirit.
241 2862 363 2904 Dontt'nt'._

749 2905 800 2915 ι»,

940 2815 995 2851 (65)
1009 2815 1060 2851 _De
1088 2814 1225 2851 Heraclea:
1253 2814 1370 2842 Pontica:
1386 2815 1528 2851 tyrannis.
1544 2814 1690 2844 Latinitate

903 2849 1091 2891 donati‘Laur.
1107 2850 1304 2891 llltodotuanno
1321 2849 1477 2885 interprete.
