1920 3090
256 164 309 198 879

254 220 312 249 Nec
328 219 421 247 colore
437 218 566 255 genuino,
591 226 647 253 quo
663 222 760 246 natura
775 219 873 247 faciem
888 220 948 255 eius
963 220 1050 246 tiuxe-
1064 217 1090 246 A

256 271 313 299 rat,
344 269 501 296 contentus,
525 264 642 292 subinde
656 265 717 293 aliis
734 270 815 300 atque
832 265 893 293 aliis
907 272 966 292 eam
983 264 1051 292 fucis

259 313 390 345 illiuebat,
416 312 543 340 utaitida
556 316 584 339 et
600 311 752 340 rubicunda
767 312 934 340 intuentibus
945 312 1051 339 videre-

258 364 311 387 tur.
332 360 402 392 Quin
418 364 446 387 et
453 364 543 387 vestes
559 358 593 386 ad
608 362 729 386 terrores
741 364 769 386 et
783 359 896 387 delicias
911 363 1051 393 permuta-

257 406 313 434 bat.
342 405 398 432 Nec
419 413 484 433 vero
505 405 530 432 in
546 405 589 434 his
610 409 717 433 tantum
743 405 884 440 improbus
909 409 979 437 erat,
1003 404 1050 432 sed

256 451 339 478 etiam
355 451 382 478 in
401 451 594 479 benefactores
613 451 736 486 ingratus
750 459 757 478 :
774 455 801 477 et
815 451 840 478 in
857 451 982 478 omnibus
993 449 1051 477 vio-

259 498 357 530 lentus,
376 497 409 524 ad
420 504 464 525 res
481 497 599 525 nefarias
617 497 717 524 audax.
734 495 838 523 Natura
851 496 1002 524 industrius
1017 495 1051 522 ad

256 543 344 570 caedes
359 550 454 570 eorum
474 550 543 577 quos
561 544 715 578 impeteret,
743 550 796 569 non
817 547 922 570 tantum
939 542 961 569 si
986 541 1050 576 quid

256 589 355 616 hostile
373 589 555 616 meditaretur
570 594 665 616 contra
680 588 839 623 populares,
855 588 903 616 sed
920 588 1003 616 etiam
1022 588 1048 614 in

256 640 376 662 exteros.
397 634 594 662 Bibliothecam
607 639 696 661 tamen
711 634 764 661 sibi
778 634 959 669 comparavit,
973 633 1050 668 cujus

256 680 336 707 laude
352 679 538 715 antegreditur
553 679 620 707 alios
640 687 708 714 quos
724 679 850 715 tyrannis
861 678 980 706 famosos
990 678 1051 705 red-

260 729 342 756 didit.
352 728 401 755 llic
415 727 528 755 insidias
538 727 635 754 crebro
650 727 759 757 multas.
770 732 880 762 propter
893 727 992 758 caedes.
1001 726 1052 753 im-

257 774 431 806 manitatem,
442 777 470 800 et
485 772 600 807 injurias
611 773 663 800 sibi
676 776 806 805 structas,
816 771 927 806 eiIugit;
943 771 990 799 sed
1005 771 1049 798 vix

257 819 364 846 tandem
380 826 394 845 a
409 818 514 845 Chione
539 817 634 845 lllatris
658 817 713 844 filio
729 817 786 852 (qui
804 817 847 844 vir
863 821 921 844 erat
939 823 1052 850 magna-

257 866 357 896 nimus,
381 869 409 891 et
428 863 630 890 necessitudine
657 863 798 897 sanguinis
825 868 941 898 tyranno
957 862 1051 889 devin-

257 909 327 946 ctus)
343 914 370 937 et
387 909 477 936 Leone
491 914 518 936 et
530 908 685 942 Euxenone,
701 909 862 943 czctcrisque
874 915 927 935 nou
943 907 1048 942 paucis,

257 956 446 990 conjuratione
475 956 555 989 inita,
585 955 683 983 vulnus
710 955 808 983 lethale
837 954 1050 990 accepitzcujus

257 1003 350 1030 dolore
367 1002 547 1030 acerbissimo
563 1006 605 1029 est
618 1002 781 1029 exstinctus.
811 1000 960 1028 Commune
977 1000 1050 1027 enim

257 1049 346 1084 populi
358 1056 467 1076 sacrum
481 1049 578 1084 agebat
605 1053 749 1084 tyrannus.
765 1046 950 1083 Opportunam
968 1046 1051 1082 igitur

258 1093 429 1121 occasionem
441 1101 470 1121 se
483 1094 596 1129 adeptos
613 1094 664 1120 rati
678 1093 724 1128 qui
742 1101 804 1120 cum
819 1092 924 1120 Chione
942 1091 1051 1126 conspi-

259 1145 396 1174 raverant,
414 1147 495 1167 manu
510 1138 623 1167 Chionis
646 1146 740 1167 ensem
765 1144 840 1166 trans
860 1138 906 1165 ilia
924 1145 1049 1165 commu-

258 1186 299 1214 uis
316 1187 411 1221 patriae
428 1186 516 1214 hostis
533 1186 655 1222 adigunt.
676 1185 728 1219 Qui
746 1186 817 1213 inter
832 1184 932 1212 multos
956 1189 984 1212 et
1003 1191 1050 1212 sa:-

257 1233 384 1260 vissimos
400 1232 540 1260 cruciatus
556 1232 642 1267 magis
657 1233 800 1266 magisque
815 1231 1049 1267 ingravescentes,

257 1285 285 1306 et
296 1286 412 1314 pavores
425 1286 440 1305 a
453 1278 569 1312 spectris
585 1278 711 1305 incussos
726 1282 817 1312 (erant
833 1283 924 1304 autem
938 1277 1051 1305 simula-

258 1333 304 1352 cra
315 1332 409 1352 eorum
424 1332 493 1359 quos
505 1324 644 1352 crudelem
662 1324 688 1351 iu
708 1324 817 1351 modum
831 1328 998 1358 necaverat),
1012 1323 1052 1350 al-

1067 892 1089 920 B

259 1375 316 1396 tero
338 1370 382 1397 die
403 1373 465 1404 post.
486 1370 570 1396 vitam
587 1377 649 1397 cum
665 1373 753 1396 morte
774 1369 976 1400 commutavit.
989 1376 1050 1396 cum

258 1423 344 1443 annos
356 1416 491 1450 exegisset
509 1415 535 1443 in
554 1415 608 1442 vita
625 1414 671 1447 58,
689 1420 716 1442 et
731 1415 765 1442 l2
783 1414 953 1450 tyrannicum
968 1415 1052 1448 impe-

257 1462 328 1488 rium
347 1461 490 1488 tenuisset.
528 1460 606 1495 Apud
621 1460 727 1488 Persas
742 1465 806 1486 tunc
831 1467 914 1494 regno
937 1463 1052 1494 praeerat

257 1507 433 1539 Artaxerxes,
449 1510 476 1534 et
490 1506 588 1534 exinde
604 1506 695 1533 Ochus
720 1505 822 1541 223a
837 1505 935 1540 .patris
960 1506 985 1532 in
1001 1506 1052 1532 im-

257 1553 332 1588 perio
345 1560 501 1580 successor.
531 1552 572 1580 Ad
600 1559 670 1587 quos
685 1559 875 1587 saepenumero
889 1551 1049 1584 Clearchus,
1064 1560 1087 1590 α

258 1599 321 1626 dum
351 1599 405 1626 vita
434 1599 542 1632 fruitur,
566 1598 671 1634 legatos
685 1599 770 1626 misit.
815 1598 867 1632 Qui
892 1605 957 1626 vero
978 1598 1055 1626 necis

257 1647 384 1669 auctores
404 1647 519 1678 tyranno
533 1642 657 1674 fuerant,
673 1650 758 1677 prope
779 1649 885 1675 omnes,
908 1642 1008 1677 partim
1037 1649 1052 1670 a

257 1688 433 1721 satellitibus,
446 1689 472 1716 in
482 1689 541 1724 ipso
555 1689 740 1728 aggressionis
755 1688 871 1716 articulo
885 1689 942 1724 (ubi
960 1692 1052 1717 tamen

257 1738 383 1761 strenuos
397 1742 427 1761 se
441 1733 514 1761 viros
524 1735 666 1769 gerebant)
681 1734 795 1766 concisi,
804 1734 902 1769 partim
914 1734 1054 1768 aliquanto

257 1782 318 1812 post
331 1777 414 1813 capti,
433 1782 460 1805 et
471 1779 610 1806 atrocibus
624 1779 767 1814 suppliciis
781 1779 853 1815 (qua;
866 1778 975 1807 fortiter
987 1780 1050 1807 tolc-

258 1831 364 1861 raruut)
383 1826 484 1858 alfecti,
496 1827 660 1855 occubuere.

837 164 969 195 PIIOTII
981 162 1235 193 PATRIARCHE
1251 163 1307 192 (ΖΡ.

1836 161 1883 194 880

1101 219 1149 246 καὶ
1164 218 1224 249 Διὸς
1239 219 1297 245 υἱὸν
1312 217 1409 244 ἑαυτὸν
1423 218 1546 245 ἀνειπεῖν
1556 215 1617 244 ’καὶ
1632 216 1663 244 τδ
1676 216 1819 252 πρόσωπον
1851 218 1883 253 μὴ

1101 265 1247 300 ἀνέχεσθαι
1268 266 1329 297 ταῖς
1356 266 1389 292 ἐκ
1416 265 1525 300 φύσεως
1541 263 1764 300 χρωματίζεσθαι
1781 264 1883 300 βαφαῖς,

1101 311 1197 343 ἄλλαις
1210 311 1239 338 δὲ
1255 311 1303 338 καὶ
1319 311 1414 342 ἄλλαις
1439 310 1524 342 ἰδέαις
1546 310 1755 345 ποικιλλόμενον
1784 312 1827 338 ἐπὶ
1853 312 1881 338 τὸ

1103 357 1229 384 στιλπνόν
1251 365 1280 383 τε
1300 356 1349 383 καὶ
1373 356 1517 392 ἐνερευθὲς
1533 357 1555 372 ¹¹
1572 354 1630 387 τοῖς
1656 356 1757 391 ὁρῶσιν
1781 357 1885 392 ἐπιφαι-

1101 403 1205 436 νεσθαι,
1218 402 1392 436 ἐξαλλάττειν
1410 402 1439 429 δὲ
1456 403 1503 429 καὶ
1517 403 1581 434 τοὺς
1598 402 1715 438 χιτῶνας
1735 403 1782 429 ἐπὶ
1801 403 1829 429 τὸ
1844 412 1887 437 quo—

1102 449 1183 485 ὃερόν
1198 458 1227 476 τε
1247 449 1295 476 καὶ
1311 449 1471 484 ἁδρότερον.
1491 448 1556 485 [705
1572 448 1619 484 IL]
1634 449 1670 476 οὐ
1686 448 1773 476 ταῦτα
1791 450 1817 476 δέ
1845 451 1888 484 μό-

1102 504 1148 522 νον
1167 495 1295 526 γενέσθαι
1310 496 1405 527 κακδν,
1417 495 1486 522 ἀλλὰ
1507 496 1554 522 καὶ
1580 495 1650 530 πρὸς
1671 496 1734 527 τοὺς
1747 496 1887 532 εὐεργέτας

1102 541 1251 577 ἀχάριστον
1267 540 1316 568 καὶ
1328 541 1417 568 πάντα
1435 541 1523 575 βίαιόν
1537 549 1567 567 τε
1582 541 1673 568 καὶτὰ
1689 541 1778 569 ἄτοπα
1792 543 1887 578 τολμη-

1104 588 1149 623 ρόν
1162 596 1170 603 ·
1191 587 1274 622 φῦναι
1287 587 1317 614 δὲ
1331 588 1379 615 καὶ
1401 588 1566 623 δραστήριον
1587 587 1634 614 τὸν
1659 587 1828 623 παλαμναῖον
1849 587 1886 619 οἷς

1103 634 1137 661 ἂν
1152 633 1277 661 ἐπιϐάλοι
1291 634 1324 664 ¹¹,
1338 634 1369 660 οὗ
1385 633 1456 661 κατὰ
1470 634 1525 661 τῶν
1541 633 1687 670 ὁμοφύλων
1707 634 1797 670 μόνον,
1824 635 1888 662 ἀλλὰ

1102 680 1151 707 καὶ
1163 680 1189 707 εῐ
1199 689 1226 706 τι
1241 680 1271 707 ἐν
1282 680 1444 715 ἀλλοφύλοις
1459 681 1568 716 ἐφρόνει
1582 680 1724 716 πολέμιον.
1752 682 1888 716 Βιὸλιοθή-

1102 735 1155 762 κην
1167 727 1259 761 μέντοι
1272 727 1480 754 κατασκευάσαι
1495 727 1549 762 πρὸ
1563 727 1619 754 τῶν
1628 728 1718 755 ἄλλων
1738 728 1786 760 οὓς
1811 729 1828 763 ἡ
1842 738 1887 755 τυ-

1103 772 1195 808 ραννὶς
1205 772 1348 805 ἀπέδειξεν
1368 773 1564 807 ὀνομάζεσθαι.
1580 773 1682 800 Τοῦτον
1701 773 1731 800 δὲ
1744 774 1888 806 ἐπιϐουλὰς

1104 819 1154 853 μὲν
1168 818 1271 850 πολλὰς
1287 818 1420 849 πολλάκις
1435 818 1479 845 διὰ
1492 818 1524 845 τδ
1557 818 1702 854 μιαιφόνον
1723 819 1771 845 καὶ
1796 820 1888 854 μισάν-

1104 864 1214 900 θρωπον
1229 865 1277 891 καὶ
1295 864 1456 900 ὐσριστικὸν
1483 864 1544 891 κατ’
1560 864 1645 891 αὐτοῦ
1674 865 1809 896 συστάσας
1835 866 1889 892 δια-

1102 912 1209 945 φυγεῖν,
1222 910 1272 946 όψέ
1290 910 1319 937 δέ
1331 911 1378 937 καὶ
1405 910 1482 943 μόλις
1497 910 1550 937 ὑπὸ
1560 911 1666 943 Χίωνος
1680 910 1727 938 τοῦ
1757 911 1889 947 Μάτριος,

1102 955 1200 990 ἀνδρὸς
1218 956 1422 991 μεγαλόφρονος
1439 956 1488 983 καὶ
1501 957 1646 983 κοινωνίαν
1657 957 1726 993 πρὸς
1743 957 1823 984 αὐτὸν
1842 958 1890 991 τὴν

1101 1001 1132 1035 ἐξ
1142 1002 1257 1037 αἵματος
1271 1001 1390 1038 ἔχοντος,
1405 1001 1524 1038 [56611.]
1540 1002 1588 1029 καὶ
1604 1002 1721 1034 Λέοντος
1737 1002 1784 1029 καὶ
1809 1002 1891 1035 Εὑξέ-

1101 1057 1185 1080 νωνος
1201 1048 1249 1074 καὶ
1263 1048 1366 1084 ἐτέρων
1391 1048 1441 1075 οὐκ
1460 1047 1559 1082 ὀλίγων
1582 1047 1800 1083 συσκευασθῆναι
1824 1048 1892 1082 πλη-

1102 1094 1153 1130 γὴν
1167 1094 1422 1130 καιρίανὲνεγκεῖν,
1447 1094 1496 1121 καὶ
1522 1093 1689 1128 τελευτῆσαι
1712 1093 1818 1129 πικρῶς
1840 1094 1892 1120 ἀπ“›

1101 1140 1149 1167 τοῦ
1163 1140 1331 1176 τραύματος.
1351 1140 1434 1168 Ἔθυε
1451 1141 1500 1176 μὲν
1527 1139 1582 1176 γὰρ
1604 1139 1742 1175 δημοτελῆ
1763 1139 1858 1167 θυσίαν
1880 1142 1893 1166 ὁ

1102 1187 1252 1222 τύραννος·
1269 1188 1293 1214 oi
1314 1187 1343 1214 δὲ
1362 1187 1428 1222 περὶ
1451 1186 1498 1213 τδν
1519 1186 1615 1212 Χίωνα
1638 1186 1792 1221 ἐπιτήδειον
1824 1183 1893 1212 εἶναι

1102 1233 1147 1260 τὸν
1160 1233 1257 1268 καιρὸν
1273 1234 1308 1268 τῇ
1336 1233 1437 1268 πράξει
1460 1232 1627 1268 νομίσαντες
1650 1234 1684 1268 τῇ
1713 1232 1762 1258 τοῦ
1789 1232 1893 1263 Χίωνος

1102 1280 1175 1315 χειρὶ
1193 1279 1224 1306 τὸ
1241 1279 1318 1314 ξίφος
1330 1280 1377 1306 διὰ
1387 1279 1442 1306 τῶν
1453 1279 1501 1306 τοῦ
1516 1278 1609 1306 κοινοῦ
1625 1278 1756 1314 πολεμίου
1773 1278 1894 1312 λαγόνων

1103 1325 1272 1352 ἐλαύνουσιν.
1283 1325 1312 1351 '0
1327 1324 1366 1356 δὲ,
1381 1324 1488 1351 πολλῶν
1496 1324 1579 1351 αὐτὸν
1596 1324 1645 1350 καὶ
1660 1323 1768 1359 πικρῶν
1781 1323 1895 1358 ἀλγηδό-

1102 1379 1155 1397 νων
1174 1369 1400 1402 κατατεινόντων,
1411 1369 1459 1395 καὶ
1473 1369 1613 1396 τοσούτων
1628 1369 1780 1404 φασμάτων
1810 1368 1895 1395 ἐκδει-

1104 1415 1261 1451 ματούντων
1281 1415 1390 1451 (εἴδωλα
1417 1415 1446 1442 δέ
1471 1414 1506 1442 τὰ
1523 1414 1655 1450 φάσματα
1677 1411 1712 1449 ἦν
1729 1409 1767 1439 ὧν
1793 1413 1894 1445 Exstat;

1103 1461 1253 1496 μιαιφόνως
1266 1461 1422 1496 ἀνῃρήκει),
1432 1460 1504 1487 οὕτω
1514 1460 1672 1496 δευτεραῖος
1690 1460 1737 1487 τὸν
1755 1461 1811 1496 βίον
1829 1470 1895 1488 κατ-

1102 1507 1227 1543 έστρεψε,
1246 1507 1333 1541 ζήσας
1363 1507 1412 1541 μὲν
1436 1506 1483 1542 ἔτη
1496 1506 1522 1542 η’
1539 1507 1587 1532 καὶ
1604 1509 1638 1538 ν’,
1664 1506 1767 1533 τούτων
1789 1507 1817 1533 δέ
1851 1516 1898 1533 τυο

1104 1553 1240 1588 ραννήσας
1255 1552 1430 1579 δυοκαίδεκα.
1446 1549 1512 1587 Εἶχε
1540 1552 1568 1579 δὲ
1600 1551 1651 1587 τὴν
1673 1553 1788 1588 Περσῶν
1809 1554 1900 1589 ἀρχὴν

1111 1599 1294 1635 Ἀρταξέρξης
1309 1599 1381 1633 τότε,
1403 1597 1464 1626 εἶτα
1480 1599 1528 1626 καὶ
1542 1597 1626 1634 Ὦχος
1653 1600 1668 1626 ό
1680 1600 1782 1635 ταύτην
1800 1601 1832 1626 ἐκ
1847 1610 1899 1627 πα-

1105 1643 1168 1679 τρὸς
1186 1644 1366 1678 ἐκδεξάμενος
1381 1652 1389 1658 ·
1406 1644 1477 1679 πρὸς
1487 1643 1534 1675 οὓς
1554 1645 1602 1671 καὶ
1616 1644 1748 1676 πολλάκις
1759 1645 1799 1671 ἐτι
1816 1646 1871 1678 ζῶν
1886 1647 1901 1672 ὁ

1106 1690 1246 1725 Κλέαρχος
1258 1689 1501 1725 διεπρεσὸεύσατο.
1519 1690 1552 1716 ΟΞ
1573 1690 1709 1726 μέντοιγε
1727 1691 1900 1727 ἀνῃρηκότες

1105 1735 1151 1763 τὸν
1165 1735 1298 1770 τύραννον
1314 1735 1416 1771 μικροῦ
1427 1736 1528 1768 πάντες
1543 1736 1568 1762 οἱ
1586 1736 1637 1772 μὲν
1651 1737 1703 1763 ὑπὸ
1724 1737 1782 1763 τῶν
1801 1745 1899 1772 σωμα-

1105 1781 1267 1816 τοφυλάκων
1292 1782 1354 1808 κατ’
1370 1781 1453 1808 αὐτὸν
1471 1781 1517 1809 τδν
1546 1782 1598 1816 τῆς
1619 1781 1771 1813 ἐπιθέσεως
1789 1783 1899 1816 καιρὸν,

1110 1830 1298 1864 οὑκ”ἀγεννῶς
1310 1829 1513 1865 ἀνδρισάμενοι,
1540 1829 1745 1864 κατεκόπησαν,
1757 1829 1782 1856 οἱ
1798 1829 1829 1856 δὲ
1853 1833 1901 1857 καὶ

258 1873 372 1909 ὕστερον
384 1873 583 1909 συλληφθέντες
596 1875 644 1902 καὶ
667 1877 780 1910 πικραῖς
794 1877 942 1913 τιμωρίαις
969 1879 1224 1915 ἐγκαρτερήσαντες
1241 1877 1428 1912 ἀνῃρέθησαν.

260 1921 324 1948 CAP.
345 1920 390 1948 ιιι.
405 1919 541 1955 —Satyri
558 1922 665 1956 tyranni
683 1923 836 1951 immanitas
851 1929 875 1952 et
894 1925 1048 1958 crudelitas,

945 1962 1025 1986 etiam
1046 1972 1049 1986 τ

1105 1924 1232 1965 lostorgia
1246 1924 1273 1951 in
1293 1924 1412 1958 fratrem.
1433 1923 1541 1951 Morbus
1561 1928 1648 1951 atrox.
1667 1923 1791 1951 Vindicta
1808 1925 1901 1952 dicina

1107 1968 1136 1986 ac
1155 1965 1219 1986 vita.

945 1962 1025 1988 etiam
1046 1962 1075 1988 in
1087 1961 1136 1986 hac
1155 1960 1219 1986 vita.

293 2002 408 2038 Satyrus
438 2007 539 2037 autem,
569 2004 676 2039 tyranni
706 2012 863 2040 germanus,
889 2012 918 2034 et
939 2013 1051 2037 curator

258 2056 404 2083 puerorum
420 2048 557 2077 Timothei
574 2055 602 2077 et
619 2049 739 2087 Dionysii
758 2051 880 2086 relictus,
906 2053 1048 2089 imperium

257 2095 381 2129 suscipit,
406 2095 452 2130 qui
479 2103 532 2122 non
558 2095 721 2124 Clearchum
748 2098 929 2132 solummodo,
956 2107 1048 2128 verum

258 2147 371 2169 cunctos
391 2142 474 2168 etiam
487 2146 618 2177 tyrannos
638 2143 801 2172 crudelitate
816 2147 965 2181 superavit.
990 2147 1049 2175 Non

257 2188 329 2214 enim
360 2187 395 2215 de
412 2187 617 2216 insidiatoribus
644 2187 739 2216 fratris
767 2194 870 2218 tantum
902 2191 1048 2219 vindictam

257 2233 382 2267 sumpsit,
401 2233 447 2260 sed
463 2238 490 2260 et
506 2233 533 2260 in
551 2233 651 2262 liberos
663 2241 756 2263 eorum
768 2236 814 2270 qui
831 2236 912 2264 etiam
929 2237 968 2264 rei
985 2245 1049 2272 per-

204 2294 213 2300 -
256 2283 369 2313 petratm
383 2279 484 2306 conscii
496 2287 549 2307 non
561 2285 665 2314 essent,
675 2289 728 2308 non
740 2283 830 2310 minus
845 2284 943 2311 saeviit.
960 2285 1049 2319 Atque
1061 2280 1087 2310 D

257 2323 294 2352 'rta
307 2333 321 2351 a
336 2325 426 2353 multis
448 2324 603 2353 insontibus
630 2326 816 2355 maleficorum
839 2336 935 2363 poenas
946 2330 1046 2363 exegit.

256 2370 320 2398 Fuit
330 2370 375 2398 hic
386 2371 476 2398 omnis
491 2371 622 2399 doctrina:
634 2372 832 2408 philosophica:
848 2379 875 2402 et
892 2376 990 2403 artium
1007 2376 1047 2403 in—

257 2423 407 2451 genuarum
421 2417 534 2445 omnino
548 2425 659 2454 expers,
676 2418 783 2453 ingenio
802 2424 907 2448 tantum
922 2421 956 2448 ad
971 2421 1048 2449 saevi-

256 2463 321 2488 tiam
348 2470 505 2497 propenso;
532 2471 582 2490 nec
607 2463 733 2491 voluntas
757 2464 782 2492 ei
807 2470 876 2498 erat,
896 2466 1046 2494 humanum

255 2508 358 2542 aliquid
380 2513 408 2535 et
432 2509 602 2536 moderatum
624 2510 756 2542 discendi,
783 2518 834 2538 nec
850 2518 865 2538 a
890 2517 986 2539 natura
1004 2513 1046 2539 in-

255 2555 311 2580 dita
351 2553 465 2581 facultas
496 2563 503 2581 :
534 2556 582 2582 sed
610 2562 659 2591 per
683 2557 775 2583 omnia
814 2561 873 2584 erat
897 2558 1046 2592 pessimus,

255 2600 363 2627 etiamsi
390 2605 496 2634 tempus
529 2601 617 2636 ipsum
651 2601 815 2637 infringebat
843 2603 992 2635 hominem,
1019 2609 1050 2631 ut

255 2646 343 2673 civilis
361 2647 469 2674 tandem
495 2647 635 2682 sanguinis
651 2652 679 2675 et
694 2649 778 2676 caedis
792 2655 854 2676 eum
873 2649 987 2676 satietas
1001 2656 1048 2676 ca-

255 2696 342 2726 peret.
366 2692 476 2720 Amoris
494 2698 582 2720 tamen
605 2693 717 2721 fraterni
741 2694 845 2728 primas
872 2694 942 2722 tulit.
967 2694 1047 2726 Nam,

256 2742 286 2764 ut
304 2737 471 2766 dominatum
501 2738 594 2767 fratris
624 2739 687 2766 ﬁliis
714 2739 850 2774 integrum
876 2740 910 2767 ab
938 2740 1046 2776 injuriis

257 2787 443 2816 conservaret,
470 2784 538 2811 adeo
563 2784 621 2818 ejus
644 2784 779 2811 rationem
806 2784 911 2818 habuit,
938 2790 967 2812 ut
984 2786 1047 2813 licet

1139 2007 1259 2042 Σάτυρος
1278 2006 1307 2032 δὲ
1323 2007 1338 2033 ό
1358 2006 1405 2033 τοῦ
1429 2006 1563 2042 τυράννου
1583 2006 1707 2041 ἀδελφὸς,
1727 2004 1772 2034 οἷα
1793 2007 1827 2042 δὴ
1841 2008 1902 2035 ἐπί-

1100 2061 1200 2088 τροπος
1219 2052 1415 2087 καταλειφθεὶς
1426 2052 1482 2079 τῶν
1502 2053 1609 2080 παίδων
1623 2053 1758 2088 Τιμοθέου
1777 2056 1827 2081 καὶ
1841 2056 1902 2081 Διο-

1101 2099 1205 2130 νυσίου,
1222 2100 1273 2134 τὴν
1295 2098 1385 2134 ἀρχὴν
1404 2098 1580 2134 ὕποδέχεται’
1599 2099 1629 2131 ὃς
1645 2099 1771 2134 ὠμότητι
1796 2101 1848 2135 μὲν
1871 2102 1899 2128 οὐ

1101 2147 1253 2182 Κλέαρχον,
1268 2146 1338 2173 ἀλλὰ
1359 2147 1407 2172 καὶ
1423 2146 1530 2178 πάντας
1543 2147 1694 2182 τυράννους
1713 2148 1900 2184 ὑπερέϐαλεν.

1101 2193 1138 2220 Ού
1162 2193 1242 2228 μόνον
1269 2192 1324 2228 γὰρ
1347 2193 1411 2225 τοὺς
1440 2193 1704 2226 ἐπιὸεόουλευκότας
1724 2194 1765 2229 τῷ
1790 2195 1902 2230 ἀδελςῷ

1100 2239 1303 2274 ἐτιμωρήσατο,
1318 2239 1386 2266 ἀλλά
1404 2239 1452 2266 καὶ
1466 2239 1520 2266 τῶν
1536 2240 1640 2267 τέκνων
1653 2240 1672 2267 ἃ,
1687 2241 1773 2276 μηδὲν
1787 2243 1902 2278 συνῄδει

1101 2287 1157 2316 τοῖς
1167 2285 1373 2320 γεγεννηκόσιν,
1389 2285 1467 2312 οὐδὲν
1480 2286 1657 2321 ἀνεκτότερον
1671 2287 1838 2322 ἑδηλήσατο,
1853 2289 1904 2315 καὶ

1103 2331 1218 2362 πολλοὺς
1236 2331 1376 2363 ἀναιτίους
1395 2330 1560 2366 κακούργων
1574 2331 1652 2364 δίκας
1669 2333 1810 2368 άπῄτησε.
1830 2335 1902 2361 Τοῦ-

1102 2386 1147 2404 τον
1162 2376 1191 2403 δὲ
1213 2377 1261 2404 καὶ
1278 2376 1450 2412 μαθημάτων
1468 2378 1523 2404 τῶν
1537 2386 1567 2403 τε
1581 2378 1652 2404 κατά
1670 2378 1836 2413 φιλοσοφίαν
1853 2381 1902 2407 καὶ

1105 2423 1160 2449 τῶν
1183 2422 1284 2455 παντὸς
1301 2422 1456 2458 ἐλευθερίου
1471 2423 1552 2451 ἄλλου
1569 2423 1591 2440 ¹³
1604 2424 1744 2456 παντελῶς
1775 2426 1901 2462 ὑπάρξαι

1102 2468 1308 2505 ἁπαράδεκτον,
1341 2469 1388 2495 καὶ
1411 2469 1474 2496 νοῠν
1500 2468 1528 2495 δὲ
1553 2469 1622 2505 πρὸς
1655 2470 1704 2502 τὰς
1734 2473 1903 2506 μιαιφονίας

1100 2515 1181 2550 μόνον
1203 2515 1356 2552 ὀξύρροπον
1382 2515 1478 2550 ἔχοντα
1502 2516 1696 2552 φιλάνθρωπον
1721 2518 1811 2552 μηδὲν
1831 2520 1902 2554 μηδὲ

1098 2562 1202 2596 ἥμερον
1215 2563 1284 2597 μήτε
1297 2561 1394 2595 μαθεῖν
1406 2562 1534 2596 ἐθελῆσαι
1547 2563 1618 2598 μήτε
1631 2563 1712 2597 φῦναι
1726 2565 1903 2600 ἐπιτήδειον.

1105 2606 1187 2633 Ἀλλὰ
1209 2607 1297 2634 πάντα
1313 2608 1363 2642 μὲν
1382 2605 1417 2642 ἦν
1438 2604 1516 2640 οὗτος
1530 2609 1676 2642 κάκιστος,
1689 2611 1715 2636 εί
1736 2611 1787 2637 καὶ
1800 2611 1904 2646 χρόνος

1100 2652 1174 2688 αὐτῷ
1196 2654 1276 2689 κόρον
1291 2653 1384 2679 λασεῖν
1402 2653 1457 2680 τῶν
1475 2654 1615 2688 ἐμφυλίων
1637 2655 1764 2690 αἱμάτων
1783 2658 1836 2683 καὶ
1852 2657 1905 2690 τῆς

1102 2698 1260 2732 μιαιφονίας
1275 2698 1434 2731 ὑπεξέλυεν,
1448 2699 1496 2725 ἐπὶ
1509 2699 1537 2726 δέ
1549 2702 1581 2736 τῇ
1595 2701 1759 2736 φιλαδελφίᾳ
1772 2702 1807 2728 τὸ
1821 2703 1905 2737 πρῶ,

1101 2750 1147 2770 τον
1172 2743 1325 2778 ἠνέγκατο·
1352 2744 1402 2779 τὴν
1431 2744 1486 2780 γὰρ
1517 2746 1604 2782 ἀρχὴν
1628 2747 1687 2778 τοῖς
1710 2746 1758 2773 τοῦ
1779 2747 1905 2782 ἀδελφοῦ

1101 2788 1196 2817 παισὶν
1222 2789 1427 2825 ἀνεπηρέαστον
1454 2791 1606 2827 συντηρῶν,
1621 2793 1667 2819 ἐπὶ
1694 2792 1828 2820 τοσοῦτον
1851 2793 1904 2828 τῆς

900 2842 1019 2870 ἾΑΒΙΛΕ
1036 2843 1227 2873 LECTIONES

309 2891 330 2906 ”
341 2890 450 2926 ἐρευοές
463 2900 493 2923 ς.

545 2892 565 2908 ¹¹
577 2891 701 2919 ἐπιϐάλοι
717 2890 749 2918 ll.
770 2890 924 2927 Stephanus
941 2899 949 2919 :
966 2891 1029 2920 libri
1040 2892 1206 2921 ἐπιϐάλοιεν.
1247 2894 1270 2910 ¹³
1284 2894 1372 2922 ἐλευθ.
1389 2895 1467 2923 ἄλλον
1483 2895 1564 2922 ἄλλου
1576 2904 1606 2928 ς.
