1920 3090
52 141 104 173 881

574 148 840 181 BIBLIOTHECA.
860 152 986 183 —COD.
1008 153 1158 186 CCXXIV.

1637 162 1698 192 882'

51 202 145 230 αὐτῶν
170 203 337 238 κηδεμονίας
359 204 439 240 λόγον
450 206 471 221 ’δ
488 206 610 239 ἐτίθετο,
625 207 664 239 ὡς
679 209 727 234 καὶ
741 217 818 243 γυναι

884 209 1036 245 .conjugali
1053 212 1155 245 uxoris,
1170 220 1250 248 quam
1265 215 1344 243 unice
1358 214 1477 248 amabat,
1493 217 1688 244 consuetudine

50 249 162 282 συνὼν,
190 250 238 277 καὶ
251 250 313 277 τότε
332 251 394 278 λίαν
415 253 603 289 στεργομένῃ,
623 253 662 288 μὴ
684 255 849 290 ἀνασχέσθαι

49 295 266 331 mmmam,
285 296 354 324 ἀλλὰ
383 300 492 334 μηχανῇ
516 298 592 335 πάσῃ
613 299 697 334 γονῆς
719 301 848 337 στέρησιν

48 341 142 377 ἑαυτῷ
168 342 296 376 δικάσαι,
328 343 367 375 ὡς
390 343 424 371 ἂν
455 344 516 379 μηδ’
536 345 605 376 ὅλως
635 345 763 374 ὑπολίποι
787 347 849 375 τινὰ

48 387 236 422 ἐφεδρεύοντα
253 389 310 421 τοῖς
325 389 373 416 τοῦ
390 390 507 426 ἀδελφοῦ
521 391 625 420 παισίν.
640 390 725 426 Οὗτος
738 393 779 421 ἔτι
792 393 848 426 ζῶν

48 435 96 460 καὶ
109 434 186 470 γήρᾳ
202 434 388 471 βαρυνόμενος
400 437 527 473 Τιμοθέῳ
540 437 580 474 τῷ
597 439 778 476 πρεσϐυτέρῳ
792 440 847 468 τῶν

47 479 156 506 παίδων
168 480 217 507 τοῦ
234 481 352 516 ἀδελφοῦ
369 482 517 519 ἐγχειρίζει
533 484 584 520 τὴν
601 485 699 521 ἀρχὴν,
715 486 765 513 καὶ
777 486 848 522 μετὰ

47 527 149 561 χρόνον
173 527 206 554 οὐ
233 528 318 555 πολὺν
340 529 445 565 ἀνιάτῳ
470 530 551 558 πάθει
585 532 632 558 καὶ
658 533 846 569 χαλεπωτάτῳ

47 573 214 608 συσχεθεὶς,
234 590 268 595 -
290 576 455 611 καρκίνωμα
469 577 524 613 γὰρ
540 578 643 613 μεταξὺ
665 579 800 615 βουδῶνός
815 589 846 608 τε

46 619 95 645 καὶ
114 619 216 654 όσχέου
237 621 360 656 ὑποφυὲν
374 622 424 657 τὴν
446 623 533 659 νομὴν
550 624 619 660 πρὸς
645 625 680 651 τὰ
703 625 776 654 ένδον
797 628 846 654 έπ-

44 665 136 692 εδίὸου
157 667 330 703 πικρότερον,
345 668 410 704 [708
427 668 472 705 IL]
487 670 517 703 ἐξ
527 667 558 697 οὗ
577 671 675 706 ἰχῶρες
684 672 845 708 ἀναστομω-

44 711 144 747 θείσης
171 712 223 747 τῆς
251 714 353 749 σαρκὸς
382 714 510 750 ἐξέρῤεον
535 715 607 752 βαρῦ
632 716 681 744 καὶ
704 717 845 746 δύσοιστον

43 759 192 791 πνέουσαι,
215 761 253 792 ὡς
270 761 370 796 μηκέτι
392 763 461 797 μήτε
477 762 509 789 τὸ
533 763 758 799 ὑπηρετοΰμενον
774 765 844 801 μήτε

43 806 108 837 τοῦς
125 805 239 842 ἰατροὺς
251 807 282 834 τὺ
294 808 344 844 τῆς
355 809 501 843 σηπεδόνος
517 809 624 844 στέγειν
635 811 657 826 ¹¹¹
668 810 786 843 δυσῶδες
796 812 844 839 καὶ

42 852 248 881 ἀνυπόστατον.
269 854 324 881 Καὶ
350 857 473 890 συνεχεῖς
488 855 552 892 [567
569 856 616 892 H.j
637 856 666 883 δὲ
681 857 773 884 ὀδύναι
795 858 841 885 καὶ

41 899 170 934 δριμεῖαι
192 900 253 927 ὅλον
274 901 306 927 τὸ
327 901 409 936 σῶμα
435 903 606 935 κατέτεινον.
630 903 675 938 ὑφ’
697 899 735 931 ὧν
751 904 839 939 ἀγρυ-

39 945 139 977 πνίαις
156 954 187 972 τε
211 946 259 973 καὶ
273 948 410 982 σπασμοῖς
425 947 577 980 ἐξεδίδοτο,
594 948 647 981 ἕως
673 949 840 985 προκύψασα

40 989 144 1024 μέχρις
166 989 259 1017 αὐτῶν
277 991 333 1018 τῶν
352 992 516 1027 σπλάγχνων
540 993 588 1020 τοῦ
606 994 710 1026 πάθους
724 995 741 1030 ἡ
768 995 838 1030 νομὴ

37 1034 85 1061 τοῦ
106 1035 171 1072 βίου
195 1035 365 1072 ἀπέρρηξεν.
388 1037 489 1064 Ἐδίδου
514 1038 563 1074 μὲν
580 1039 628 1065 καὶ
642 1036 731 1072 οὗτος,
744 1039 838 1076 ὥσπερ

36 1080 85 1105 καὶ
110 1080 274 1116 Κλέαρχος,
295 1082 430 1109 τελευτῶν
450 1084 508 1115 τοῖς
521 1083 622 1119 ὁρῶσιν
638 1084 739 1112 ἐννοεῖν
759 1085 837 1118 δίκας

35 1125 218 1152 ἀπαιτεῖσθαι
235 1123 273 1153 ὧν
288 1127 373 1162 ὠμῶς
395 1137 425 1155 τε
440 1129 488 1156 καὶ
515 1129 684 1165 παρανόμως
701 1131 764 1163 τοὺς
786 1140 836 1159 πο-

34 1170 114 1202 λίτας
141 1171 287 1199 διέθεσαν·
307 1173 438 1206 πολλάκις
465 1175 521 1211 γὰρ
545 1176 628 1203 αὐτόν
652 1186 735 1211 φασιν
753 1178 783 1204 ὲν
800 1179 834 1214 τῇ

34 1217 109 1251 νόσῳ
130 1217 180 1243 τὸν
202 1217 319 1245 θάνατον
335 1219 460 1246 ἐπελθεῖν
479 1220 555 1256 αὑτῷ
575 1223 777 1258 κατευχόμενον
796 1224 835 1259 μὴ

33 1264 145 1298 τυχεῖν,
170 1263 240 1291 ἀλλὰ
256 1267 369 1300 συχναῖς
383 1267 503 1302 ἡμέραις
516 1269 549 1303 τῇ
563 1270 653 1305 πικρᾷ
671 1271 718 1297 καὶ
736 1270 836 1307 βαρείᾳ

33 1310 312 1346 καταδαπανώμενον
331 1312 402 1348 νόσῳ
424 1312 511 1346 οὓτως
529 1315 659 1343 ἀποτῖσαι
681 1315 712 1342 τδ
733 1316 832 1352 χρεὼν,

32 1356 79 1390 En]
104 1356 158 1391 μὲν
174 1356 315 1390 βιώσαντα
330 1359 412 1386 πέντε
427 1360 474 1386 καὶ
488 1360 632 1395 ἑξήκοντα,
648 1358 686 1389 ὦν
700 1363 717 1398 ἡ
730 1371 833 1398 τυραν-

30 1403 73 1433 νὶς
89 1401 166 1437 εἶχεν
179 1402 212 1435 ζ’.
230 1404 396 1440 Ἀγησίλαος
410 1405 439 1432 δὲ
449 1407 601 1442 τηνικαῦτα
611 1408 833 1445 Λακεδαιμονίων

30 1448 197 1476 ἑῦασῑλενεν
209 1449 242 1477 ¹⁶.

29 1543 98 1571 CAP.
116 1545 164 1573 IV.
176 1560 212 1565 —-
225 1545 377 1584 Timet/iens
396 1547 465 1584 titius
481 1548 602 1584 Clearchi
612 1569 619 1581 ,
637 1551 756 1584 princeps
770 1550 832 1578 III;

901 262 1034 289 uteretur.
1049 257 1151 286 liberos
1167 262 1258 287 tamen
1274 267 1307 288 ex
1324 268 1355 288 ea
1371 268 1516 296 procreare
1530 261 1627 293 nollet.
1640 263 1688 290 sed

899 302 972 329 omni
992 308 1051 331 arto
1074 304 1144 332 lianc
1159 305 1287 334 orbitatis
1307 311 1335 334 et
1359 315 1411 335 non
1434 307 1573 344 gignendae
1588 309 1689 337 sobolis

899 356 948 377 ceu
971 358 1078 385 poenam
1101 351 1154 379 sibi
1171 351 1323 387 irrogaret:
1341 360 1374 380 ne
1396 361 1474 388 quem
1490 355 1601 381 omnino
1620 354 1687 382 insi-

897 395 1031 424 diatorem
1045 396 1139 425 fratris
1152 397 1215 425 ﬁliis
1223 397 1401 433 relinqueret.
1421 397 1569 433 Superstes
1587 399 1686 432 adhuc,

897 441 946 470 sed
962 442 1039 470 senio
1061 447 1202 479 gravatus,
1226 442 1379 477 Timotheo,
1396 444 1442 479 qui
1463 444 1496 472 de
1512 444 1576 472 ﬁliis
1592 444 1686 473 fratris

896 491 977 515 aetate
991 488 1142 523 princessit,
1161 496 1251 516 rerum
1273 497 1408 517 summam
1436 490 1528 524 tradit,
1539 498 1590 518 nec
1602 491 1686 519 multo

898 537 1019 568 tempore
1046 538 1108 569 post
1128 533 1287 562 difﬁcillimo
1304 535 1453 570 corripitur
1468 536 1563 563 morbo
1585 542 1614 564 et
1636 537 1686 564 im-

897 579 1062 607 medicabili.
1086 579 1193 609 Cancer
1210 580 1283 607 enim
1301 580 1373 607 inter
1387 581 1494 616 inguem
1514 587 1542 609 et
1565 587 1684 610 scrotum

896 628 993 652 enatus
1012 624 1046 651 ad
1061 625 1190 652 interiora
1205 625 1340 659 pascendo
1354 625 1468 653 subinde
1486 626 1610 654 acerbius
1624 634 1686 661 pro-

896 670 1045 705 serpebat:
1060 678 1093 698 ex
1107 678 1172 706 quo,
1197 678 1279 699 carne
1303 671 1406 704 laxata,
1426 672 1528 705 sanies,
1555 674 1685 707 gravissi-

896 722 956 742 mos
972 721 1001 743 et
1018 715 1203 745 intolerabiles
1227 717 1371 753 exspirans
1390 717 1500 750 odores,
1522 718 1684 753 proﬂuebat,

895 765 925 788 ut
940 768 991 789 nec
1007 761 1125 790 ministri
1146 770 1196 790 nec
1213 762 1309 791 medici
1329 763 1571 791 virulentissimum
1589 770 1684 800 putre-

895 806 967 835 dinis
981 807 1096 835 fetorem
1120 808 1289 836 sustinerent
1303 815 1335 836 ac
1356 808 1522 843 perferrent.
1535 809 1684 838 Continen-

896 855 936 879 tes
956 857 1048 880 autem
1067 858 1094 880 et
1120 853 1246 881 acerrimi
1268 854 1375 882 dolores
1398 858 1483 882 totum
1507 855 1566 890 ejus
1585 863 1684 891 corpus

893 899 1124 927 excarniﬁcabant
1138 909 1145 928 :
1162 908 1280 935 quorum
1304 900 1405 935 vigiliis
1420 906 1447 929 et
1461 902 1683 931 convulsionibus

892 951 1012 980 eousque
1026 945 1090 972 mali
1106 946 1232 981 contagio
1247 946 1462 982 adaugescebat,
1475 948 1560 975 donec
1577 949 1612 976 ad
1625 949 1681 984 ipsa

892 990 996 1018 viscera
1011 998 1042 1018 se
1062 991 1212 1024 insinuans,
1225 991 1310 1019 vitam
1327 996 1443 1027 tyranno
1462 994 1582 1028 abrupit.
1608 994 1681 1027 Qua-

891 1042 921 1062 re
937 1036 991 1068 hic,
1008 1043 1062 1063 non
1076 1036 1165 1064 minus
1185 1044 1267 1071 quam
1279 1037 1440 1070 Clearchus,
1459 1040 1679 1067 animadverten“

891 1082 964 1109 tibus
978 1081 1207 1110 considerandum
1223 1083 1360 1117 exhibuit,
1376 1092 1472 1119 pinnas
1484 1085 1594 1113 tandem
1608 1086 1678 1121 exigi

891 1127 998 1155 illorum
1012 1135 1073 1163 quas
1086 1133 1182 1156 contra
1197 1128 1287 1157 divina
1299 1135 1328 1158 et
1344 1130 1462 1158 humana
1474 1131 1537 1165 jura
1551 1131 1680 1160 immani-

890 1178 931 1201 ter
950 1174 977 1201 in
996 1175 1071 1208 cives
1093 1175 1280 1204 admisissent.
1301 1177 1378 1211 Saepe
1393 1178 1466 1205 enim
1496 1178 1593 1214 2231)
1609 1179 1679 1207 inter

889 1219 978 1247 morbi
1005 1225 1127 1248 torturas
1145 1227 1274 1256 precatus
1293 1223 1404 1257 dicitur,
1429 1229 1459 1252 ut
1476 1225 1677 1260 quamprimum

886 1273 916 1294 se
932 1274 1006 1294 mors
1019 1266 1158 1301 obrueret,
1172 1267 1228 1295 voti
1247 1271 1339 1296 tamen
1358 1276 1470 1304 comp05
1490 1278 1544 1298 non
1560 1276 1622 1298 ante
1634 1270 1678 1298 fa-

883 1317 954 1345 ctus,
976 1320 1058 1347 quam
1073 1313 1161 1341 morbi
1177 1314 1203 1341 vi
1223 1318 1252 1342 et
1266 1315 1418 1342 acerbitate
1440 1321 1629 1351 consumptus,
1645 1323 1677 1343 eo

883 1359 964 1386 modo
980 1358 1042 1386 fatis
1059 1358 1182 1388 debitum
1194 1359 1312 1388 exsolvit
1326 1369 1333 1388 :
1347 1365 1492 1396 postquam
1505 1361 1541 1389 65
1559 1362 1586 1389 in
1606 1362 1674 1394 vita,

883 1403 909 1431 in
922 1404 1065 1439 tyrannide
1083 1404 1198 1434 7annos
1222 1406 1418 1441 compleverat.
1453 1406 1488 1434 Et
1515 1411 1676 1442 tempestate

883 1449 931 1477 illa
949 1457 1065 1485 regnum
1083 1451 1155 1486 apud
1181 1451 1401 1481 Lacedaemonios
1423 1453 1570 1489 Agesilaus
1587 1454 1674 1482 admi-

886 1496 1031 1523 nistrahat.

886 1550 954 1592 Ejus
974 1553 1067 1592 merita
1080 1553 1106 1580 in
1123 1555 1250 1592 rempubl.
1267 1560 1292 1582 ct
1311 1557 1440 1590 privatos.
1473 1558 1542 1592 Ejus
1570 1558 1676 1586 heroico

320 1582 349 1608 in
363 1583 437 1609 belli:
453 1584 546 1610 uirtus.
563 1583 637 1612 Mors
652 1582 806 1613 immotum.
825 1582 939 1613 Ηηυὶιῖιι
958 1588 981 1614 ei
997 1596 1013 1614 α
1026 1587 1112 1618 [γαίη
1128 1582 1212 1617 Ιιοηόι
1226 1582 1284 1623 post

71 1628 105 1663 Ὅ
119 1636 151 1662 δὲ
168 1637 302 1671 Τιμόθεος
317 1638 487 1674 παραλαϐὼν
507 1639 557 1675 τὴν
575 1641 662 1676 ἀρχὴν
680 1641 752 1668 οὕτω
764 1641 814 1669 ταύ

918 1641 1076 1671 Timotheus
1084 1645 1175 1680 igitur,
1191 1646 1334 1681 imperium
1345 1648 1470 1682 adeptus,
1484 1649 1521 1676 ita
1531 1651 1565 1678 ad
1579 1652 1674 1679 mode-

32 1690 81 1716 την
99 1682 148 1708 ἐπὶ
159 1682 190 1708 τὸ
203 1683 357 1720 πραότερον
372 1686 421 1712 καὶ
432 1685 463 1720 δη
469 1686 710 1723 μοκρατικώτερον
723 1688 744 1704 ¹⁷
760 1697 826 1724 μετ-

28 1727 221 1762 ερῤύθμιζεν,
248 1729 285 1761 ὡς
305 1730 405 1765 μηκέτι
429 1730 572 1766 τύραννον,
593 1733 651 1759 ἀλλ’
679 1734 829 1770 εὐεργέτην

28 1773 124 1805 αὐτὸν,
138 1771 180 1804 οἷς
198 1774 329 1808 ἔπραττε,
344 1776 393 1802 κα)⁴
409 1777 520 1812 σωτῆρα
535 1778 726 1814 ὀνομάζεσθαι.
744 1780 785 1807 Τά
799 1789 828 1806 τε

28 1819 86 1853 γὰρ
112 1819 186 1854 χρέα
203 1822 259 1851 τοϊς
288 1820 444 1853 δανεισταῖς
463 1824 530 1858 παρ’
555 1823 652 1850 ἑαυτοῦ
668 1824 828 1857 διελύσατο,

29 1866 79 1891 καὶ
100 1866 161 1896 τοῖς
173 1866 307 1901 χρῄζουσι
324 1867 393 1902 πρὸς
409 1868 458 1901 τὰς
473 1869 609 1905 ἐμπορίας
623 1870 670 1897 καὶ
684 1871 731 1897 τὸν
748 1871 828 1898 ἄλλον

29 1911 89 1945 βίον
105 1912 198 1938 τόκων
213 1912 278 1938 ἄνευ
294 1913 444 1948 ἐπήρκεσε,
462 1915 576 1941 καὶτῶν
588 1915 785 1952 δεσμωτηρίων
797 1917 827 1943 οὐ

25 1958 92 1989 τοὺς
104 1957 275 1990 ἀνευθύνους
293 1959 373 1994 μόνον
382 1980 389 1991 ,
407 1959 478 1987 ἀλλὰ
492 1961 540 1987 καὶ
554 1962 617 1994 τοὺς
631 1962 662 1989 ἐν
675 1962 777 1994 αἰτίαις
789 1963 829 1989 δι-

24 2004 119 2037 ηφίει,
133 2004 183 2030 καὶ
191 2004 322 2040 δικαστὴς
338 2006 456 2041 ἀκριδὴς
472 2004 506 2042 ἦν
522 2007 590 2042 ὁμοῦ
610 2008 658 2035 καὶ
673 2008 828 2044 φιλάνθρω-

27 2058 91 2081 πος,
110 2050 162 2076 καὶ
183 2051 219 2076 τὰ
246 2050 315 2077 ἄλλα
339 2052 458 2087 χρηστὸς
475 2053 523 2080 καὶ
539 2053 588 2085 τὰς
611 2053 756 2086 ὑποθέσεις
776 2055 827 2082 οὐκ

27 2096 245 2130 ἀπιστούμενος.
265 2096 324 2132 Ἐφ’
336 2097 359 2113 ¹⁸
374 2095 414 2131 οἷς
433 2099 480 2126 καὶ
494 2099 540 2126 τὸν
555 2100 672 2135 ἀδελφὺν
686 2100 826 2127 Διονύσιον

24 2141 59 2166 τά
74 2149 105 2167 τε
132 2140 203 2167 ἄλλα
222 2142 365 2178 πατρικῶς
387 2144 532 2179 περιεῖπε,
559 2146 606 2172 καὶ
624 2145 754 2172 κοινωνὸν
775 2145 826 2180 μὲν

23 2185 98 2221 ῐῖχεν
114 2186 218 2212 αὐτίκα
239 2186 290 2221 τῆς
310 2187 409 2223 ἀρχῆς,
426 2189 564 2224 ἐχομένως
581 2190 609 2216 δὲ
630 2190 677 2216 καὶ
691 2190 823 2226 διάδοχον.

25 2232 62 2258 Οὐ
79 2232 138 2267 μὴν
154 2231 224 2258 ἀλλὰ
238 2232 293 2268 γὰρ
305 2233 353 2259 καὶ
369 2233 440 2270 πρὸς
454 2234 504 2265 τὰς
519 2235 672 2270 πολεμικὰς
686 2235 741 2261 τῶν
753 2235 824 2271 πρά-

25 2277 92 2309 ξεων
111 2277 249 2312 ἀνδρείως
267 2279 394 2315 ἐφέρετο,
414 2280 595 2316 μεγαλόφρων
609 2281 638 2307 δὲ
652 2279 687 2317 ἦν
698 2283 745 2309 καὶ
761 2290 823 2317 γεν-

883 1688 1024 1720 rationem,
1037 1694 1064 1715 et
1074 1697 1155 1724 quam
1163 1691 1251 1724 potuit
1262 1692 1381 1719 maxime
1392 1693 1549 1727 popularem
1560 1699 1671 1728 statum,

882 1733 946 1760 illud
960 1734 1078 1767 reduxit,
1093 1740 1123 1761 ut
1137 1743 1189 1763 non
1206 1736 1277 1764 ultra
1291 1742 1435 1772 tyrannus,
1452 1740 1499 1767 sed
1514 1739 1672 1769 benefactor

880 1784 905 1806 et
919 1786 1042 1807 servator
1059 1780 1093 1808 ob
1107 1782 1237 1816 praeclare
1253 1785 1348 1811 merita
1369 1789 1580 1820 nuncuparetur.
1603 1787 1670 1814 Nam

880 1824 913 1850 de
929 1831 978 1851 suo
988 1825 1098 1852 nomina
1110 1826 1293 1855 creditoribus
1304 1829 1452 1863 expedivit,
1463 1835 1490 1857 et
1500 1830 1590 1865 inopia
1601 1831 1662 1859 labo

881 1870 1004 1898 rantibus
1020 1871 1079 1898 sine
1093 1870 1198 1904 fenore,
1216 1873 1249 1900 ad
1261 1874 1458 1909 negotiationes
1475 1882 1503 1903 et
1523 1877 1592 1904 alios
1609 1878 1670 1905 visa.-

880 1923 956 1949 nsus.
969 1918 1099 1950 pecunias
1109 1920 1302 1953 suppeditavit:
1323 1929 1373 1949 nec
1386 1923 1466 1949 modo
1481 1923 1613 1957 insontes,
1623 1926 1670 1952 scd

878 1962 984 1989 etveris
1004 1962 1166 1991 criminibus
1183 1965 1317 1992 obnoxios
1325 1967 1481 1995 carceribus
1490 1968 1614 1996 exsolvit.
1623 1969 1669 1997 Ju-

879 2005 930 2033 dex
945 2006 1054 2041 quidem
1069 2012 1212 2036 accuratus
1222 2013 1250 2036 et
1267 2017 1388 2043 severus,
1405 2013 1554 2048 caeteroqui
1579 2019 1668 2042 tamen

878 2051 1012 2080 humanus
1022 2057 1050 2080 et
1064 2052 1208 2088 benignus.
1224 2054 1253 2081 ln
1276 2055 1357 2083 rebus
1380 2057 1443 2085 ﬁdei
1459 2065 1516 2086 sua:
1527 2060 1670 2088 credentis

878 2097 990 2125 minime
1004 2103 1156 2133 suspectus.
1166 2100 1269 2129 Idcirco
1280 2106 1308 2129 et
1322 2102 1435 2131 fratrem
1443 2104 1598 2141 Dionysiqu
1606 2115 1668 2135 cum

878 2144 904 2171 in
916 2144 1099 2179 aliispalerno
1118 2154 1210 2175 amore
1228 2152 1254 2176 et
1274 2149 1366 2177 studio
1375 2151 1595 2186 complexusest,
1611 2158 1668 2181 tum

877 2190 968 2217 statim
990 2190 1097 2226 imperii
1122 2199 1277 2221 consortem
1298 2195 1406 2229 ascivit,
1433 2201 1460 2224 et
1479 2205 1666 2227 successorem

876 2234 927 2261 sibi
940 2235 1096 2264 destinavit.
1114 2236 1167 2265 Sed
1181 2238 1322 2267 enimvero
1338 2241 1371 2268 ad
1386 2249 1430 2269 res
1446 2242 1558 2271 bellicas
1571 2244 1665 2277 alacri,

875 2284 903 2307 et
920 2281 966 2315 qui
987 2282 1074 2309 virum
1091 2282 1181 2316 decet,
1200 2285 1293 2312 animo
1311 2285 1461 2314 ferebatur.
1481 2287 1579 2324 Magno
1594 2289 1666 2317 enim

25 2326 98 2355 νσῖος
130 2324 214 2360 σῶμα
242 2325 290 2352 καὶ
314 2325 421 2362 ψυχὴν,
441 2327 511 2354 ἀλλὰ
536 2315 584 2354 καὶ
609 2315 677 2363 πρὸς
701 2329 752 2360 τὰς
767 2315 818 2364 ’τῆς

884 2326 984 2360 spiritu,
1004 2331 1031 2354 et
1053 2334 1188 2362 generoso
1207 2331 1330 2365 corporis
1345 2337 1373 2358 et
1391 2333 1472 2360 animi
1492 2315 1588 2361 robore
1609 2340 1668 2362 erat

24 2371 117 2405 μάχης
145 2370 288 2402 διαλύσεις
317 2371 467 2407 εὐγνώμων
494 2381 524 2398 τε
549 2373 597 2399 καὶ
627 2373 678 2399 οὐκ
702 2374 821 2409 ἄχαρις,

24 2417 182 2450 πράγματα
197 2415 248 2450 μὲν
263 2416 380 2443 συνιδεῖν
393 2417 496 2450 ἱκανὸς,
512 2417 650 2449 ἐξικέσθαι
662 2418 691 2444 δὲ
705 2419 772 2453 πρὸς
788 2418 823 2445 τὰ

24 2461 226 2495 συνεωραμένα
242 2461 419 2497 δραστήριος,
435 2463 585 2498 οἰκτίρμων
599 2472 630 2490 τε
642 2464 675 2490 τὸ
688 2461 755 2499 ἦθος
775 2465 821 2490 καὶ

23 2506 161 2540 χρηστὸς,
175 2507 223 2532 καὶ
235 2508 268 2542 τῇ
286 2507 336 2542 μὲν
354 2508 485 2544 εὐτολμίᾳ
500 2508 597 2541 δεινῶς
611 2508 749 2544 ἀπότομος
760 2529 768 2542 ,
786 2511 819 2545 τῇ

22 2552 48 2577 es
75 2552 237 2588 μετριότητι
264 2553 459 2589 φιλάνθρωπός
485 2563 516 2581 τε
539 2556 586 2582 καὶ
610 2556 752 2592 μειλίχιος.
774 2557 820 2583 Διὸ

24 2598 127 2632 σφόδρα
153 2598 204 2633 μὲν
223 2600 327 2634 περιὼν
345 2601 403 2631 τοῖς
417 2601 558 2636 πολεμίοις
576 2602 694 2638 φοϐερὸς
711 2601 756 2638 ἦν,
773 2604 820 2631 καὶ

22 2645 126 2675 πάντες
151 2644 235 2671 αὑτὸν
259 2646 459 2682 κατωρρώδουν
482 2647 594 2675 ἐπειδὰν
619 2649 817 2684 ὰπεχθάνοιτο,

22 2689 78 2719 τοῖς
88 2688 110 2714 8‘
132 2688 297 2724 ἀρχομένοις
312 2691 415 2724 γλυκύς
428 2700 458 2718 τε
471 2693 519 2719 καὶ
532 2693 648 2728 ἥμερος.
664 2694 760 2721 Ἔνθεν
770 2695 819 2722 καὶ⁴

22 2733 158 2760 τελευτῶν
181 2735 267 2761 πόθον
287 2736 371 2763 αὐτοῦ
389 2737 521 2765 κατέλιπε
536 2739 631 2772 πολὺν,
647 2739 693 2766 καὶ
716 2740 815 2772 πένθος

23 2779 118 2814 ἤγειρε
139 2779 180 2815 τῷ
198 2779 274 2816 πόθῳ
296 2781 452 2817 ἐνάμιλλον.
475 2783 504 2810 ὐ
528 2783 558 2810 δὲ
577 2784 675 2811 τούτου
700 2785 814 2819 ἀδελφὸς

873 2373 1012 2408 praeditus.
1038 2373 1107 2407 Quin
1131 2379 1159 2402 et
1172 2375 1206 2402 ad
1224 2378 1426 2406 controversias
1443 2379 1573 2407 bellorum
1596 2381 1665 2408 diri—

873 2418 984 2446 mendas
995 2423 1022 2446 et
1037 2421 1239 2454 componendas
1255 2429 1362 2457 aequum
1380 2424 1537 2460 bonumque
1553 2434 1583 2453 se
1594 2434 1666 2461 pra:-

871 2464 961 2497 bebal,
984 2471 1035 2492 nec
1060 2465 1209 2494 difﬁcilem.
1227 2467 1267 2494 Ad
1295 2469 1513 2504 perspiciendum
1534 2479 1580 2499 res
1605 2473 1664 2500 ido-

871 2517 950 2542 neus,
972 2513 1000 2536 et
1021 2510 1055 2537 ad
1070 2512 1272 2547 exsequendum
1297 2514 1366 2542 bene
1389 2516 1576 2545 considera-tas
1593 2523 1661 2545 stre-

874 2563 951 2583 nuus.
974 2556 1083 2591 Ingenio
1109 2562 1137 2585 et
1162 2558 1284 2586 moribus
1307 2560 1439 2594 clemens,
1466 2562 1621 2591 misericors
1636 2570 1665 2591 et

873 2602 1022 2630 beneﬁcus.
1039 2601 1069 2630 In
1086 2603 1214 2638 periculis
1237 2605 1347 2640 quidem
1372 2607 1504 2636 adeundis
1517 2608 1595 2636 ferox
1611 2620 1618 2638 :
1636 2617 1665 2638 at

874 2648 901 2675 in
917 2654 1017 2677 caetera
1042 2650 1095 2677 vita
1119 2657 1249 2685 perquam
1266 2652 1399 2682 bumanns
1414 2659 1441 2682 et
1470 2656 1566 2683 comis.
1588 2656 1661 2688 Ideo.

870 2694 989 2728 quandiu
1004 2695 1078 2722 salva
1100 2696 1125 2723 ei
1140 2695 1194 2722 vita
1210 2698 1321 2730 mansit,
1341 2699 1463 2728 hostibus
1476 2709 1556 2736 quam
1573 2705 1659 2730 maxi-

871 2748 915 2768 me
930 2740 1128 2769 formidabilem
1143 2742 1184 2776 (ut
1203 2749 1300 2770 omnes
1317 2745 1480 2779 quibuscum
1502 2747 1659 2775 inimicitias

870 2791 1038 2819 susceperat,
1062 2794 1123 2814 eum
1144 2791 1375 2824 expavescerent),
1396 2791 1444 2820 sed
1466 2793 1572 2821 civrbus
1595 2802 1660 2823 sua-

668 2832 786 2860 νΑιιιΑι
812 2834 1017 2862 LECTIONI‘ZS.

64 2873 158 2909 “m6.
180 2874 226 2902 τὸν
240 2875 318 2911 λόγον
333 2886 362 2910 ς.
404 2879 425 2895 ¹³
444 2878 567 2915 στέργειν
586 2888 615 2912 ς.
658 2880 679 2896 ¹⁶
689 2881 815 2923 ὲδὲπίλευ

884 2890 906 2914 ς.
948 2882 968 2898 ¹⁷
987 2881 1048 2909 libri
1063 2882 1349 2918 δημοκρατικώτατον.
1391 2886 1410 2902 ’⁸
1486 2887 1508 2914 Λ
1527 2897 1532 2919 ;
1548 2889 1577 2915 ἐν
1593 2897 1624 2922 ς.
