  <div class='ocr_page' id='page_1' title='image "/cluster/home/n/w/nwhite01/storage/ocr_20150623/103/njp.32101010943882/566.png"; bbox 0 0 1920 3090; ppageno 0'>
   <div class='ocr_carea' id='block_1_1' title="bbox 46 117 1102 153">
    <p class='ocr_par' dir='ltr' id='par_1_1' title="bbox 46 117 1102 153">
     <span class='ocr_line' id='line_1_1' title="bbox 46 117 1102 153; baseline 0.004 -9"><span class='ocrx_word' id='word_1_1' title='bbox 46 117 87 148; x_wconf 77' lang='lat'><strong>885</strong></span> <span class='ocrx_word' id='word_1_2' title='bbox 532 117 798 153; x_wconf 59' lang='lat' dir='ltr'><strong>BIBLIO&#39;EIIECA.</strong></span> <span class='ocrx_word' id='word_1_3' title='bbox 815 119 938 149; x_wconf 87' lang='lat' dir='ltr'><strong>-COD.</strong></span> <span class='ocrx_word' id='word_1_4' title='bbox 954 118 1102 149; x_wconf 77' lang='lat' dir='ltr'><strong>CCXXIV.</strong></span> 
     </span>
    </p>
   </div>
   <div class='ocr_carea' id='block_1_2' title="bbox 1596 117 1648 149">
    <p class='ocr_par' dir='ltr' id='par_1_2' title="bbox 1596 117 1648 149">
     <span class='ocr_line' id='line_1_2' title="bbox 1596 117 1648 149; baseline 0 0"><span class='ocrx_word' id='word_1_5' title='bbox 1596 117 1648 149; x_wconf 71' lang='lat'><strong>886</strong></span> 
     </span>
    </p>
   </div>
   <div class='ocr_carea' id='block_1_3' title="bbox 44 175 817 211">
    <p class='ocr_par' dir='ltr' id='par_1_3' title="bbox 44 175 808 211">
     <span class='ocr_line' id='line_1_3' title="bbox 44 175 808 211; baseline -0.004 -7"><span class='ocrx_word' id='word_1_6' title='bbox 44 187 91 204; x_wconf 71' lang='grc' dir='ltr'><strong>πων</strong></span> <span class='ocrx_word' id='word_1_7' title='bbox 109 176 293 207; x_wconf 49' lang='grc' dir='ltr'><strong>ἀποβάντος,</strong></span> <span class='ocrx_word' id='word_1_8' title='bbox 320 175 368 202; x_wconf 82' lang='grc' dir='ltr'>καὶ</span> <span class='ocrx_word' id='word_1_9' title='bbox 389 175 532 210; x_wconf 82' lang='grc' dir='ltr'>Κρατεροῦ</span> <span class='ocrx_word' id='word_1_10' title='bbox 559 176 627 211; x_wconf 82' lang='grc' dir='ltr'>πρὸς</span> <span class='ocrx_word' id='word_1_11' title='bbox 654 175 739 202; x_wconf 59' lang='grc' dir='ltr'><strong>⁶Φίλαν</strong></span> <span class='ocrx_word' id='word_1_12' title='bbox 759 175 808 210; x_wconf 82' lang='grc' dir='ltr'><strong>τὴν</strong></span> 
     </span>
    </p>
   </div>
   <div class='ocr_carea' id='block_1_4' title="bbox 871 175 1648 211">
    <p class='ocr_par' dir='ltr' id='par_1_4' title="bbox 871 175 1648 211">
     <span class='ocr_line' id='line_1_4' title="bbox 871 175 1648 211; baseline 0 -8"><span class='ocrx_word' id='word_1_13' title='bbox 871 183 919 203; x_wconf 86' lang='lat' dir='ltr'><strong>&#39;am</strong></span> <span class='ocrx_word' id='word_1_14' title='bbox 937 175 1046 203; x_wconf 89' lang='lat' dir='ltr'><strong>fecisset</strong></span> <span class='ocrx_word' id='word_1_15' title='bbox 1062 182 1184 207; x_wconf 73' lang='lat' dir='ltr'><strong>uxoreml</strong></span> <span class='ocrx_word' id='word_1_16' title='bbox 1213 175 1327 203; x_wconf 81' lang='lat' dir='ltr'><strong>Cratero</strong></span> <span class='ocrx_word' id='word_1_17' title='bbox 1346 175 1403 211; x_wconf 88' lang='lat' dir='ltr'><strong>(qui</strong></span> <span class='ocrx_word' id='word_1_18' title='bbox 1429 176 1498 203; x_wconf 89' lang='lat' dir='ltr'><strong>inter</strong></span> <span class='ocrx_word' id='word_1_19' title='bbox 1523 176 1648 203; x_wconf 82' lang='lat' dir='ltr'><strong>charissi-</strong></span> 
     </span>
    </p>
   </div>
   <div class='ocr_carea' id='block_1_5' title="bbox 50 216 810 256">
    <p class='ocr_par' dir='ltr' id='par_1_5' title="bbox 50 216 810 256">
     <span class='ocr_line' id='line_1_5' title="bbox 50 216 810 256; baseline -0.004 -6"><span class='ocrx_word' id='word_1_20' title='bbox 50 222 205 255; x_wconf 69' lang='grc' dir='ltr'>’Δντιπᾶτρσυ</span> <span class='ocrx_word' id='word_1_21' title='bbox 235 220 445 252; x_wconf 84' lang='grc' dir='ltr'>ἁποκλίναντος,</span> <span class='ocrx_word' id='word_1_22' title='bbox 477 220 574 256; x_wconf 87' lang='grc' dir='ltr'>γνώμῃ</span> <span class='ocrx_word' id='word_1_23' title='bbox 605 216 666 246; x_wconf 70' lang='grc' dir='ltr'>’ποῦ’</span> <span class='ocrx_word' id='word_1_24' title='bbox 683 221 810 253; x_wconf 81' lang='grc' dir='ltr'>λιπόντος</span> 
     </span>
    </p>
   </div>
   <div class='ocr_carea' id='block_1_6' title="bbox 45 262 810 301">
    <p class='ocr_par' dir='ltr' id='par_1_6' title="bbox 45 262 810 301">
     <span class='ocr_line' id='line_1_6' title="bbox 45 262 810 301; baseline -0.001 -8"><span class='ocrx_word' id='word_1_25' title='bbox 45 266 152 300; x_wconf 76' lang='grc' dir='ltr'><strong>Διονυσίῳ</strong></span> <span class='ocrx_word' id='word_1_26' title='bbox 165 266 180 300; x_wconf 82' lang='grc' dir='ltr'>ἠ</span> <span class='ocrx_word' id='word_1_27' title='bbox 195 265 348 300; x_wconf 78' lang='grc' dir='ltr'>’Ᾱμαστρις</span> <span class='ocrx_word' id='word_1_28' title='bbox 361 265 553 297; x_wconf 76' lang='grc' dir='ltr'>συνοικίζεται.</span> <span class='ocrx_word' id='word_1_29' title='bbox 575 264 620 297; x_wconf 80' lang='grc' dir='ltr'><strong>Ἐξ</strong></span> <span class='ocrx_word' id='word_1_30' title='bbox 632 262 666 301; x_wconf 62' lang='grc' dir='ltr'>οὗ</span> <span class='ocrx_word' id='word_1_31' title='bbox 679 265 724 292; x_wconf 72' lang='grc' dir='ltr'><strong>ἐπὶ</strong></span> <span class='ocrx_word' id='word_1_32' title='bbox 738 266 810 300; x_wconf 83' lang='grc' dir='ltr'>μέγα</span> 
     </span>
    </p>
   </div>
   <div class='ocr_carea' id='block_1_7' title="bbox 45 309 812 346">
    <p class='ocr_par' dir='ltr' id='par_1_7' title="bbox 45 309 812 346">
     <span class='ocr_line' id='line_1_7' title="bbox 45 309 812 346; baseline -0.001 -8"><span class='ocrx_word' id='word_1_33' title='bbox 45 311 127 346; x_wconf 75' lang='grc' dir='ltr'><strong>ἡάρχὴ</strong></span> <span class='ocrx_word' id='word_1_34' title='bbox 138 310 209 345; x_wconf 83' lang='grc' dir='ltr'>αὐτῷ</span> <span class='ocrx_word' id='word_1_35' title='bbox 219 309 317 345; x_wconf 88' lang='grc' dir='ltr'>διήρθη</span> <span class='ocrx_word' id='word_1_36' title='bbox 331 309 449 336; x_wconf 80' lang='grc' dir='ltr'>πλούτου</span> <span class='ocrx_word' id='word_1_37' title='bbox 460 319 489 336; x_wconf 85' lang='grc' dir='ltr'><strong>τε</strong></span> <span class='ocrx_word' id='word_1_38' title='bbox 507 310 637 345; x_wconf 77' lang='grc' dir='ltr'>περιϐολῇ</span> <span class='ocrx_word' id='word_1_39' title='bbox 654 311 689 346; x_wconf 71' lang='grc' dir='ltr'><strong>τῇ</strong></span> <span class='ocrx_word' id='word_1_40' title='bbox 705 310 749 337; x_wconf 77' lang='grc' dir='ltr'><strong>διὰ</strong></span> <span class='ocrx_word' id='word_1_41' title='bbox 763 311 812 346; x_wconf 88' lang='grc' dir='ltr'>τῆς</span> 
     </span>
    </p>
   </div>
   <div class='ocr_carea' id='block_1_8' title="bbox 48 342 812 392">
    <p class='ocr_par' dir='ltr' id='par_1_8' title="bbox 48 342 812 392">
     <span class='ocr_line' id='line_1_8' title="bbox 48 342 812 392; baseline 0 -9"><span class='ocrx_word' id='word_1_42' title='bbox 48 342 173 391; x_wconf 51' lang='grc' dir='ltr'>ἐπιγαμίας</span> <span class='ocrx_word' id='word_1_43' title='bbox 187 342 366 391; x_wconf 61' lang='grc' dir='ltr'>προστεθείσῃ</span> <span class='ocrx_word' id='word_1_44' title='bbox 382 357 429 382; x_wconf 79' lang='grc' dir='ltr'>καὶ</span> <span class='ocrx_word' id='word_1_45' title='bbox 445 356 498 392; x_wconf 77' lang='grc' dir='ltr'>ἰδίᾳ</span> <span class='ocrx_word' id='word_1_46' title='bbox 512 342 656 391; x_wconf 70' lang='grc' dir='ltr'>φιλοκαλία</span> <span class='ocrx_word' id='word_1_47' title='bbox 665 342 742 384; x_wconf 42' lang='grc' dir='ltr'><strong>εἾκαὶ</strong></span> <span class='ocrx_word' id='word_1_48' title='bbox 758 342 812 392; x_wconf 63' lang='grc' dir='ltr'><strong>γαρ</strong></span> 
     </span>
    </p>
   </div>
   <div class='ocr_carea' id='block_1_9' title="bbox 47 401 812 437">
    <p class='ocr_par' dir='ltr' id='par_1_9' title="bbox 47 401 812 437">
     <span class='ocr_line' id='line_1_9' title="bbox 47 401 812 437; baseline -0.001 -8"><span class='ocrx_word' id='word_1_49' title='bbox 47 404 83 429; x_wconf 76' lang='grc' dir='ltr'>καὶ</span> <span class='ocrx_word' id='word_1_50' title='bbox 98 403 140 437; x_wconf 82' lang='grc' dir='ltr'>τὴν</span> <span class='ocrx_word' id='word_1_51' title='bbox 155 401 200 428; x_wconf 81' lang='grc' dir='ltr'><strong>τοῦ</strong></span> <span class='ocrx_word' id='word_1_52' title='bbox 227 402 365 428; x_wconf 85' lang='grc' dir='ltr'><strong>Διονυσίου</strong></span> <span class='ocrx_word' id='word_1_53' title='bbox 392 403 482 429; x_wconf 81' lang='grc' dir='ltr'>πᾶσαν</span> <span class='ocrx_word' id='word_1_54' title='bbox 503 402 653 436; x_wconf 77' lang='grc' dir='ltr'>ἐπισκευὴν</span> <span class='ocrx_word' id='word_1_55' title='bbox 670 402 718 428; x_wconf 79' lang='grc' dir='ltr'>τοῦ</span> <span class='ocrx_word' id='word_1_56' title='bbox 733 402 812 429; x_wconf 84' lang='grc' dir='ltr'>Σικε-</span> 
     </span>
    </p>
   </div>
   <div class='ocr_carea' id='block_1_10' title="bbox 47 447 808 483">
    <p class='ocr_par' dir='ltr' id='par_1_10' title="bbox 47 447 808 483">
     <span class='ocr_line' id='line_1_10' title="bbox 47 447 808 483; baseline 0.003 -10"><span class='ocrx_word' id='word_1_57' title='bbox 47 449 92 479; x_wconf 82' lang='grc' dir='ltr'>λίας</span> <span class='ocrx_word' id='word_1_58' title='bbox 118 448 332 482; x_wconf 81' lang='grc' dir='ltr'>τυραννήσαντος</span> <span class='ocrx_word' id='word_1_59' title='bbox 354 448 434 474; x_wconf 81' lang='grc' dir='ltr'>αὑτὸν</span> <span class='ocrx_word' id='word_1_60' title='bbox 462 447 580 483; x_wconf 76' lang='grc' dir='ltr'><strong>ἐπῆλθεν</strong></span> <span class='ocrx_word' id='word_1_61' title='bbox 608 447 808 483; x_wconf 74' lang='grc' dir='ltr'>ἐξωνήσασθαι,</span> 
     </span>
    </p>
   </div>
   <div class='ocr_carea' id='block_1_11' title="bbox 47 493 812 529">
    <p class='ocr_par' dir='ltr' id='par_1_11' title="bbox 47 493 812 529">
     <span class='ocr_line' id='line_1_11' title="bbox 47 493 812 529; baseline 0.001 -10"><span class='ocrx_word' id='word_1_62' title='bbox 47 495 85 528; x_wconf 68' lang='grc' dir='ltr'>τῆς</span> <span class='ocrx_word' id='word_1_63' title='bbox 95 493 171 528; x_wconf 76' lang='grc' dir='ltr'>ἀρχῆς</span> <span class='ocrx_word' id='word_1_64' title='bbox 183 493 288 521; x_wconf 79' lang='grc' dir='ltr'>ἐκείνου</span> <span class='ocrx_word' id='word_1_65' title='bbox 306 494 514 529; x_wconf 77' lang='grc' dir='ltr'>διαφθαρείσης.</span> <span class='ocrx_word' id='word_1_66' title='bbox 528 494 566 521; x_wconf 82' lang='grc' dir='ltr'><strong>Οὐ</strong></span> <span class='ocrx_word' id='word_1_67' title='bbox 579 494 667 520; x_wconf 81' lang='grc' dir='ltr'>ταῦτα</span> <span class='ocrx_word' id='word_1_68' title='bbox 684 494 713 520; x_wconf 82' lang='grc' dir='ltr'>δὲ</span> <span class='ocrx_word' id='word_1_69' title='bbox 732 494 812 529; x_wconf 83' lang='grc' dir='ltr'>μόνον</span> 
     </span>
    </p>
   </div>
   <div class='ocr_carea' id='block_1_12' title="bbox 48 540 812 576">
    <p class='ocr_par' dir='ltr' id='par_1_12' title="bbox 48 540 812 576">
     <span class='ocr_line' id='line_1_12' title="bbox 48 540 812 576; baseline 0 -10"><span class='ocrx_word' id='word_1_70' title='bbox 48 540 105 575; x_wconf 68' lang='grc' dir='ltr'>αὐτῷ</span> <span class='ocrx_word' id='word_1_71' title='bbox 119 541 164 574; x_wconf 80' lang='grc' dir='ltr'>τὴν</span> <span class='ocrx_word' id='word_1_72' title='bbox 184 540 273 576; x_wconf 78' lang='grc' dir='ltr'>ἀρχὴν</span> <span class='ocrx_word' id='word_1_73' title='bbox 294 540 497 576; x_wconf 81' lang='grc' dir='ltr'>ὲπεκρὰτυνεν,</span> <span class='ocrx_word' id='word_1_74' title='bbox 518 540 586 567; x_wconf 76' lang='grc' dir='ltr'>ἀλλὰ</span> <span class='ocrx_word' id='word_1_75' title='bbox 601 541 648 566; x_wconf 76' lang='grc' dir='ltr'>καὶ</span> <span class='ocrx_word' id='word_1_76' title='bbox 672 540 812 576; x_wconf 77' lang='grc' dir='ltr'>εὐπραγία</span> 
     </span>
    </p>
   </div>
   <div class='ocr_carea' id='block_1_13' title="bbox 49 582 813 621">
    <p class='ocr_par' dir='ltr' id='par_1_13' title="bbox 49 582 813 621">
     <span class='ocr_line' id='line_1_13' title="bbox 49 582 813 621; baseline 0 -9"><span class='ocrx_word' id='word_1_77' title='bbox 49 585 172 612; x_wconf 71' lang='grc' dir='ltr'>χαὶεῠνοια</span> <span class='ocrx_word' id='word_1_78' title='bbox 181 586 236 612; x_wconf 68' lang='grc' dir='ltr'><strong>¹τῶν</strong></span> <span class='ocrx_word' id='word_1_79' title='bbox 251 586 391 621; x_wconf 80' lang='grc' dir='ltr'><strong>ὑπηκόων,</strong></span> <span class='ocrx_word' id='word_1_80' title='bbox 408 587 455 612; x_wconf 73' lang='grc' dir='ltr'>καὶ</span> <span class='ocrx_word' id='word_1_81' title='bbox 470 585 574 612; x_wconf 82' lang='grc' dir='ltr'>πολλῶν</span> <span class='ocrx_word' id='word_1_82' title='bbox 585 582 622 612; x_wconf 84' lang='grc' dir='ltr'><strong>ὧν</strong></span> <span class='ocrx_word' id='word_1_83' title='bbox 635 586 687 612; x_wconf 78' lang='grc' dir='ltr'><strong>οὐκ</strong></span> <span class='ocrx_word' id='word_1_84' title='bbox 701 586 813 621; x_wconf 77' lang='grc' dir='ltr'><strong>ἐκράτει</strong></span> 
     </span>
    </p>
   </div>
   <div class='ocr_carea' id='block_1_14' title="bbox 49 630 813 666">
    <p class='ocr_par' dir='ltr' id='par_1_14' title="bbox 49 630 813 666">
     <span class='ocr_line' id='line_1_14' title="bbox 49 630 813 666; baseline 0.001 -10"><span class='ocrx_word' id='word_1_85' title='bbox 49 631 157 665; x_wconf 65' lang='grc' dir='ltr'>πρὸτερον</span> <span class='ocrx_word' id='word_1_86' title='bbox 174 631 190 665; x_wconf 87' lang='grc' dir='ltr'>ὴ</span> <span class='ocrx_word' id='word_1_87' title='bbox 209 630 351 666; x_wconf 76' lang='grc' dir='ltr'>κυριότης.</span> <span class='ocrx_word' id='word_1_88' title='bbox 368 631 424 657; x_wconf 75' lang='grc' dir='ltr'><strong>Καὶ</strong></span> <span class='ocrx_word' id='word_1_89' title='bbox 445 631 589 666; x_wconf 82' lang='grc' dir='ltr'><strong>Ἀντιγόνῳ</strong></span> <span class='ocrx_word' id='word_1_90' title='bbox 602 630 630 656; x_wconf 79' lang='grc' dir='ltr'>δὲ</span> <span class='ocrx_word' id='word_1_91' title='bbox 645 630 693 666; x_wconf 81' lang='grc' dir='ltr'>τὴν</span> <span class='ocrx_word' id='word_1_92' title='bbox 720 631 813 658; x_wconf 79' lang='grc' dir='ltr'>Ἀσίαν</span> 
     </span>
    </p>
   </div>
   <div class='ocr_carea' id='block_1_15' title="bbox 49 675 812 712">
    <p class='ocr_par' dir='ltr' id='par_1_15' title="bbox 49 675 812 712">
     <span class='ocr_line' id='line_1_15' title="bbox 49 675 812 712; baseline 0.003 -11"><span class='ocrx_word' id='word_1_93' title='bbox 49 675 166 710; x_wconf 71' lang='grc' dir='ltr'>κατέχοντι</span> <span class='ocrx_word' id='word_1_94' title='bbox 179 676 315 711; x_wconf 79' lang='grc' dir='ltr'><strong>λαμπρῶς</strong></span> <span class='ocrx_word' id='word_1_95' title='bbox 331 677 528 711; x_wconf 69' lang='grc' dir='ltr'><strong>συμμαχήσας,</strong></span> <span class='ocrx_word' id='word_1_96' title='bbox 540 676 621 702; x_wconf 84' lang='grc' dir='ltr'>ὁπότε</span> <span class='ocrx_word' id='word_1_97' title='bbox 637 676 687 712; x_wconf 85' lang='grc' dir='ltr'><strong>τὴν</strong></span> <span class='ocrx_word' id='word_1_98' title='bbox 700 676 812 712; x_wconf 83' lang='grc' dir='ltr'><strong>Κύπρον</strong></span> 
     </span>
    </p>
   </div>
   <div class='ocr_carea' id='block_1_16' title="bbox 49 721 814 758">
    <p class='ocr_par' dir='ltr' id='par_1_16' title="bbox 49 721 814 758">
     <span class='ocr_line' id='line_1_16' title="bbox 49 721 814 758; baseline 0.003 -11"><span class='ocrx_word' id='word_1_99' title='bbox 49 721 186 756; x_wconf 67' lang='grc' dir='ltr'>ἐπολιόρκει,</span> <span class='ocrx_word' id='word_1_100' title='bbox 206 722 253 748; x_wconf 81' lang='grc' dir='ltr'>τὸν</span> <span class='ocrx_word' id='word_1_101' title='bbox 275 722 432 755; x_wconf 79' lang='grc' dir='ltr'><strong>ἀδελφιδοῦν</strong></span> <span class='ocrx_word' id='word_1_102' title='bbox 456 722 624 757; x_wconf 86' lang='grc' dir='ltr'>Πτολεμαῖον</span> <span class='ocrx_word' id='word_1_103' title='bbox 649 723 814 758; x_wconf 81' lang='grc' dir='ltr'>(στρατηγὸς</span> 
     </span>
    </p>
   </div>
   <div class='ocr_carea' id='block_1_17' title="bbox 48 765 813 805">
    <p class='ocr_par' dir='ltr' id='par_1_17' title="bbox 48 765 813 805">
     <span class='ocr_line' id='line_1_17' title="bbox 48 765 813 805; baseline 0.003 -11"><span class='ocrx_word' id='word_1_104' title='bbox 48 768 69 794; x_wconf 78' lang='grc' dir='ltr'>δὲ</span> <span class='ocrx_word' id='word_1_105' title='bbox 78 765 142 799; x_wconf 75' lang='grc' dir='ltr'>οὗτος</span> <span class='ocrx_word' id='word_1_106' title='bbox 155 766 187 803; x_wconf 80' lang='grc' dir='ltr'><strong>ἦν</strong></span> <span class='ocrx_word' id='word_1_107' title='bbox 201 769 256 795; x_wconf 87' lang='grc' dir='ltr'><strong>τῶν</strong></span> <span class='ocrx_word' id='word_1_108' title='bbox 271 769 336 805; x_wconf 84' lang='grc' dir='ltr'>περὶ</span> <span class='ocrx_word' id='word_1_109' title='bbox 350 769 396 795; x_wconf 84' lang='grc' dir='ltr'><strong>τὸν</strong></span> <span class='ocrx_word' id='word_1_110' title='bbox 418 768 632 804; x_wconf 83' lang='grc' dir='ltr'>Ἑλλήσποντον)</span> <span class='ocrx_word' id='word_1_111' title='bbox 657 770 813 804; x_wconf 84' lang='grc' dir='ltr'>φιλοτιμίας</span> 
     </span>
    </p>
   </div>
   <div class='ocr_carea' id='block_1_18' title="bbox 50 814 814 850">
    <p class='ocr_par' dir='ltr' id='par_1_18' title="bbox 50 814 814 850">
     <span class='ocr_line' id='line_1_18' title="bbox 50 814 814 850; baseline 0.004 -11"><span class='ocrx_word' id='word_1_112' title='bbox 50 814 144 850; x_wconf 75' lang='grc' dir='ltr'>ἀμοιϐὴν</span> <span class='ocrx_word' id='word_1_113' title='bbox 158 815 256 849; x_wconf 82' lang='grc' dir='ltr'>εὕρατο</span> <span class='ocrx_word' id='word_1_114' title='bbox 269 815 336 850; x_wconf 79' lang='grc' dir='ltr'>παρ’</span> <span class='ocrx_word' id='word_1_115' title='bbox 359 815 505 850; x_wconf 76' lang='grc' dir='ltr'>Ἀντιγόνῳ</span> <span class='ocrx_word' id='word_1_116' title='bbox 522 815 648 850; x_wconf 77' lang='grc' dir='ltr'>γαμόρὸν</span> <span class='ocrx_word' id='word_1_117' title='bbox 662 815 754 842; x_wconf 76' lang='grc' dir='ltr'>λαϐεῖν</span> <span class='ocrx_word' id='word_1_118' title='bbox 767 816 814 842; x_wconf 73' lang='grc' dir='ltr'><strong>ἐπὶ</strong></span> 
     </span>
    </p>
   </div>
   <div class='ocr_carea' id='block_1_19' title="bbox 864 221 1650 255">
    <p class='ocr_par' dir='ltr' id='par_1_19' title="bbox 864 221 1650 255">
     <span class='ocr_line' id='line_1_19' title="bbox 864 221 1650 255; baseline 0 -7"><span class='ocrx_word' id='word_1_119' title='bbox 864 229 923 248; x_wconf 88' lang='lat' dir='ltr'><strong>mos</strong></span> <span class='ocrx_word' id='word_1_120' title='bbox 937 221 961 248; x_wconf 89' lang='lat' dir='ltr'><strong>ei</strong></span> <span class='ocrx_word' id='word_1_121' title='bbox 988 221 1049 253; x_wconf 79' lang='lat' dir='ltr'><strong>fuit)</strong></span> <span class='ocrx_word' id='word_1_122' title='bbox 1076 225 1189 255; x_wconf 94' lang='lat' dir='ltr'><strong>nuptum</strong></span> <span class='ocrx_word' id='word_1_123' title='bbox 1206 221 1328 249; x_wconf 87' lang='lat' dir='ltr'><strong>dederat.</strong></span> <span class='ocrx_word' id='word_1_124' title='bbox 1349 222 1383 248; x_wconf 87' lang='lat' dir='ltr'><strong>At</strong></span> <span class='ocrx_word' id='word_1_125' title='bbox 1400 229 1472 254; x_wconf 85' lang='lat' dir='ltr'><strong>cum,</strong></span> <span class='ocrx_word' id='word_1_126' title='bbox 1496 222 1650 248; x_wconf 83' lang='lat' dir='ltr'><strong>Alexandro</strong></span> 
     </span>
    </p>
   </div>
   <div class='ocr_carea' id='block_1_20' title="bbox 863 266 1651 302">
    <p class='ocr_par' dir='ltr' id='par_1_20' title="bbox 863 266 1651 302">
     <span class='ocr_line' id='line_1_20' title="bbox 863 266 1651 302; baseline 0.003 -9"><span class='ocrx_word' id='word_1_127' title='bbox 863 266 946 294; x_wconf 83' lang='lat' dir='ltr'><strong>rebus</strong></span> <span class='ocrx_word' id='word_1_128' title='bbox 976 266 1132 293; x_wconf 70' lang='lat' dir='ltr'><strong>mortalium</strong></span> <span class='ocrx_word' id='word_1_129' title='bbox 1166 274 1279 301; x_wconf 88' lang='lat' dir='ltr'><strong>propere</strong></span> <span class='ocrx_word' id='word_1_130' title='bbox 1308 273 1443 302; x_wconf 83' lang='lat' dir='ltr'><strong>exemplo,</strong></span> <span class='ocrx_word' id='word_1_131' title='bbox 1466 267 1595 295; x_wconf 83' lang='lat' dir='ltr'><strong>Craterus</strong></span> <span class='ocrx_word' id='word_1_132' title='bbox 1617 268 1651 295; x_wconf 88' lang='lat' dir='ltr'><strong>ad</strong></span> 
     </span>
    </p>
   </div>
   <div class='ocr_carea' id='block_1_21' title="bbox 862 310 1651 347">
    <p class='ocr_par' dir='ltr' id='par_1_21' title="bbox 862 310 1651 347">
     <span class='ocr_line' id='line_1_21' title="bbox 862 310 1651 347; baseline 0.003 -10"><span class='ocrx_word' id='word_1_133' title='bbox 862 310 978 343; x_wconf 83' lang='lat' dir='ltr'><strong>Philam,</strong></span> <span class='ocrx_word' id='word_1_134' title='bbox 994 311 1139 346; x_wconf 90' lang='lat' dir='ltr'><strong>Antipatro</strong></span> <span class='ocrx_word' id='word_1_135' title='bbox 1150 317 1251 344; x_wconf 85' lang='lat' dir='ltr'><strong>natam,</strong></span> <span class='ocrx_word' id='word_1_136' title='bbox 1271 313 1389 340; x_wconf 88' lang='lat' dir='ltr'><strong>animum</strong></span> <span class='ocrx_word' id='word_1_137' title='bbox 1411 312 1554 347; x_wconf 88' lang='lat' dir='ltr'><strong>adjicerct,</strong></span> <span class='ocrx_word' id='word_1_138' title='bbox 1569 313 1651 340; x_wconf 88' lang='lat' dir='ltr'><strong>Ama-</strong></span> 
     </span>
    </p>
   </div>
   <div class='ocr_carea' id='block_1_22' title="bbox 864 357 1652 395">
    <p class='ocr_par' dir='ltr' id='par_1_22' title="bbox 864 357 1652 395">
     <span class='ocr_line' id='line_1_22' title="bbox 864 357 1652 395; baseline 0.005 -12"><span class='ocrx_word' id='word_1_139' title='bbox 864 357 924 389; x_wconf 90' lang='lat' dir='ltr'><strong>tris,</strong></span> <span class='ocrx_word' id='word_1_140' title='bbox 943 357 1082 385; x_wconf 71' lang='lat' dir='ltr'><strong>desertore</strong></span> <span class='ocrx_word' id='word_1_141' title='bbox 1102 365 1155 385; x_wconf 89' lang='lat' dir='ltr'><strong>non</strong></span> <span class='ocrx_word' id='word_1_142' title='bbox 1176 358 1270 391; x_wconf 88' lang='lat' dir='ltr'><strong>invito,</strong></span> <span class='ocrx_word' id='word_1_143' title='bbox 1295 359 1404 386; x_wconf 90' lang='lat' dir='ltr'><strong>domum</strong></span> <span class='ocrx_word' id='word_1_144' title='bbox 1424 367 1439 386; x_wconf 91' lang='lat' dir='ltr'><strong>a</strong></span> <span class='ocrx_word' id='word_1_145' title='bbox 1460 359 1587 395; x_wconf 82' lang='lat' dir='ltr'><strong>Dionysio</strong></span> <span class='ocrx_word' id='word_1_146' title='bbox 1606 359 1652 386; x_wconf 90' lang='lat' dir='ltr'><strong>du-</strong></span> 
     </span>
    </p>
   </div>
   <div class='ocr_carea' id='block_1_23' title="bbox 863 401 1651 439">
    <p class='ocr_par' dir='ltr' id='par_1_23' title="bbox 863 401 1651 439">
     <span class='ocr_line' id='line_1_23' title="bbox 863 401 1651 439; baseline 0.003 -11"><span class='ocrx_word' id='word_1_147' title='bbox 863 401 944 429; x_wconf 89' lang='lat' dir='ltr'><strong>citur.</strong></span> <span class='ocrx_word' id='word_1_148' title='bbox 961 401 1002 429; x_wconf 80' lang='lat' dir='ltr'><strong>Ex</strong></span> <span class='ocrx_word' id='word_1_149' title='bbox 1023 409 1077 437; x_wconf 85' lang='lat' dir='ltr'><strong>quo</strong></span> <span class='ocrx_word' id='word_1_150' title='bbox 1101 402 1135 429; x_wconf 86' lang='lat' dir='ltr'><strong>ad</strong></span> <span class='ocrx_word' id='word_1_151' title='bbox 1159 411 1286 438; x_wconf 82' lang='lat' dir='ltr'><strong>magnum</strong></span> <span class='ocrx_word' id='word_1_152' title='bbox 1301 403 1326 431; x_wconf 93' lang='lat' dir='ltr'><strong>ei</strong></span> <span class='ocrx_word' id='word_1_153' title='bbox 1344 408 1517 439; x_wconf 77' lang='lat' dir='ltr'><strong>augmentum</strong></span> <span class='ocrx_word' id='word_1_154' title='bbox 1532 404 1651 432; x_wconf 89' lang='lat' dir='ltr'><strong>domina-</strong></span> 
     </span>
    </p>
   </div>
   <div class='ocr_carea' id='block_1_24' title="bbox 864 449 1651 484">
    <p class='ocr_par' dir='ltr' id='par_1_24' title="bbox 864 449 1651 484">
     <span class='ocr_line' id='line_1_24' title="bbox 864 449 1651 484; baseline 0.003 -9"><span class='ocrx_word' id='word_1_155' title='bbox 864 454 906 475; x_wconf 91' lang='lat' dir='ltr'><strong>tus</strong></span> <span class='ocrx_word' id='word_1_156' title='bbox 920 456 981 476; x_wconf 88' lang='lat' dir='ltr'><strong>sese</strong></span> <span class='ocrx_word' id='word_1_157' title='bbox 993 449 1100 482; x_wconf 78' lang='lat' dir='ltr'><strong>extulit,</strong></span> <span class='ocrx_word' id='word_1_158' title='bbox 1117 453 1172 476; x_wconf 91' lang='lat' dir='ltr'><strong>tum</strong></span> <span class='ocrx_word' id='word_1_159' title='bbox 1187 457 1267 483; x_wconf 89' lang='lat' dir='ltr'><strong>opum</strong></span> <span class='ocrx_word' id='word_1_160' title='bbox 1283 457 1298 476; x_wconf 89' lang='lat' dir='ltr'><strong>e</strong></span> <span class='ocrx_word' id='word_1_161' title='bbox 1313 450 1466 478; x_wconf 86' lang='lat' dir='ltr'><strong>recentibus</strong></span> <span class='ocrx_word' id='word_1_162' title='bbox 1486 450 1588 484; x_wconf 85' lang='lat' dir='ltr'><strong>nuptiis</strong></span> <span class='ocrx_word' id='word_1_163' title='bbox 1603 457 1651 477; x_wconf 88' lang='lat' dir='ltr'><strong>ac-</strong></span> 
     </span>
    </p>
   </div>
   <div class='ocr_carea' id='block_1_25' title="bbox 864 494 1652 529">
    <p class='ocr_par' dir='ltr' id='par_1_25' title="bbox 864 494 1652 529">
     <span class='ocr_line' id='line_1_25' title="bbox 864 494 1652 529; baseline 0.001 -9"><span class='ocrx_word' id='word_1_164' title='bbox 864 494 998 526; x_wconf 84' lang='lat' dir='ltr'><strong>cessione,</strong></span> <span class='ocrx_word' id='word_1_165' title='bbox 1018 498 1074 521; x_wconf 85' lang='lat' dir='ltr'><strong>tum</strong></span> <span class='ocrx_word' id='word_1_166' title='bbox 1097 495 1182 528; x_wconf 90' lang='lat' dir='ltr'><strong>ipsius</strong></span> <span class='ocrx_word' id='word_1_167' title='bbox 1203 495 1284 521; x_wconf 90' lang='lat' dir='ltr'><strong>etiam</strong></span> <span class='ocrx_word' id='word_1_168' title='bbox 1309 494 1437 529; x_wconf 85' lang='lat' dir='ltr'><strong>principis</strong></span> <span class='ocrx_word' id='word_1_169' title='bbox 1452 494 1543 522; x_wconf 89' lang='lat' dir='ltr'><strong>studio</strong></span> <span class='ocrx_word' id='word_1_170' title='bbox 1555 498 1582 522; x_wconf 89' lang='lat' dir='ltr'><strong>et</strong></span> <span class='ocrx_word' id='word_1_171' title='bbox 1595 502 1652 521; x_wconf 86' lang='lat' dir='ltr'><strong>ma—</strong></span> 
     </span>
    </p>
   </div>
   <div class='ocr_carea' id='block_1_26' title="bbox 863 539 1651 576">
    <p class='ocr_par' dir='ltr' id='par_1_26' title="bbox 863 539 1651 576">
     <span class='ocr_line' id='line_1_26' title="bbox 863 539 1651 576; baseline 0.003 -10"><span class='ocrx_word' id='word_1_172' title='bbox 863 539 1029 574; x_wconf 82' lang='lat' dir='ltr'><strong>gnificentia.</strong></span> <span class='ocrx_word' id='word_1_173' title='bbox 1047 539 1113 566; x_wconf 81' lang='lat' dir='ltr'><strong>Nam</strong></span> <span class='ocrx_word' id='word_1_174' title='bbox 1129 544 1156 567; x_wconf 76' lang='lat' dir='ltr'><strong>et</strong></span> <span class='ocrx_word' id='word_1_175' title='bbox 1177 539 1310 575; x_wconf 86' lang='lat' dir='ltr'><strong>Dionysii,</strong></span> <span class='ocrx_word' id='word_1_176' title='bbox 1335 540 1381 575; x_wconf 88' lang='lat' dir='ltr'><strong>qui</strong></span> <span class='ocrx_word' id='word_1_177' title='bbox 1397 540 1496 568; x_wconf 76' lang='lat' dir='ltr'><strong>Sicilia:</strong></span> <span class='ocrx_word' id='word_1_178' title='bbox 1509 546 1651 576; x_wconf 83' lang='lat' dir='ltr'><strong>tyrannum</strong></span> 
     </span>
    </p>
   </div>
   <div class='ocr_carea' id='block_1_27' title="bbox 864 585 1651 620">
    <p class='ocr_par' dir='ltr' id='par_1_27' title="bbox 864 585 1651 620">
     <span class='ocr_line' id='line_1_27' title="bbox 864 585 1651 620; baseline 0 -7"><span class='ocrx_word' id='word_1_179' title='bbox 864 591 968 620; x_wconf 82' lang='lat' dir='ltr'><strong>egerat,</strong></span> <span class='ocrx_word' id='word_1_180' title='bbox 996 593 1105 614; x_wconf 87' lang='lat' dir='ltr'><strong>omnem</strong></span> <span class='ocrx_word' id='word_1_181' title='bbox 1132 585 1157 613; x_wconf 89' lang='lat' dir='ltr'><strong>ei</strong></span> <span class='ocrx_word' id='word_1_182' title='bbox 1181 586 1376 620; x_wconf 85' lang='lat' dir='ltr'><strong>supellectilem</strong></span> <span class='ocrx_word' id='word_1_183' title='bbox 1404 586 1521 614; x_wconf 80' lang='lat' dir='ltr'><strong>facultas</strong></span> <span class='ocrx_word' id='word_1_184' title='bbox 1545 587 1651 614; x_wconf 87' lang='lat' dir='ltr'><strong>emendi</strong></span> 
     </span>
    </p>
   </div>
   <div class='ocr_carea' id='block_1_28' title="bbox 865 632 1654 667">
    <p class='ocr_par' dir='ltr' id='par_1_28' title="bbox 865 632 1654 667">
     <span class='ocr_line' id='line_1_28' title="bbox 865 632 1654 667; baseline 0.001 -9"><span class='ocrx_word' id='word_1_185' title='bbox 865 632 987 666; x_wconf 78' lang='lat' dir='ltr'><strong>contigit,</strong></span> <span class='ocrx_word' id='word_1_186' title='bbox 1004 633 1112 666; x_wconf 83' lang='lat' dir='ltr'><strong>quando</strong></span> <span class='ocrx_word' id='word_1_187' title='bbox 1127 632 1160 660; x_wconf 86' lang='lat' dir='ltr'><strong>de</strong></span> <span class='ocrx_word' id='word_1_188' title='bbox 1179 633 1292 667; x_wconf 87' lang='lat' dir='ltr'><strong>imperio</strong></span> <span class='ocrx_word' id='word_1_189' title='bbox 1319 633 1389 660; x_wconf 91' lang='lat' dir='ltr'><strong>illius</strong></span> <span class='ocrx_word' id='word_1_190' title='bbox 1414 638 1505 660; x_wconf 90' lang='lat' dir='ltr'><strong>actum</strong></span> <span class='ocrx_word' id='word_1_191' title='bbox 1522 632 1582 660; x_wconf 85' lang='lat' dir='ltr'><strong>luit.</strong></span> <span class='ocrx_word' id='word_1_192' title='bbox 1598 633 1654 660; x_wconf 66' lang='lat' dir='ltr'><strong>Nec</strong></span> 
     </span>
    </p>
   </div>
   <div class='ocr_carea' id='block_1_29' title="bbox 865 677 1652 712">
    <p class='ocr_par' dir='ltr' id='par_1_29' title="bbox 865 677 1652 712">
     <span class='ocr_line' id='line_1_29' title="bbox 865 677 1652 712; baseline 0 -9"><span class='ocrx_word' id='word_1_193' title='bbox 865 684 930 706; x_wconf 81' lang='lat' dir='ltr'><strong>vero</strong></span> <span class='ocrx_word' id='word_1_194' title='bbox 945 677 988 704; x_wconf 94' lang='lat' dir='ltr'><strong>his</strong></span> <span class='ocrx_word' id='word_1_195' title='bbox 1003 681 1106 704; x_wconf 88' lang='lat' dir='ltr'><strong>tantum</strong></span> <span class='ocrx_word' id='word_1_196' title='bbox 1119 678 1301 705; x_wconf 85' lang='lat' dir='ltr'><strong>roborabatur</strong></span> <span class='ocrx_word' id='word_1_197' title='bbox 1315 678 1340 704; x_wconf 90' lang='lat' dir='ltr'><strong>ei</strong></span> <span class='ocrx_word' id='word_1_198' title='bbox 1356 682 1488 712; x_wconf 86' lang='lat' dir='ltr'><strong>potestas,</strong></span> <span class='ocrx_word' id='word_1_199' title='bbox 1507 678 1555 705; x_wconf 88' lang='lat' dir='ltr'><strong>sed</strong></span> <span class='ocrx_word' id='word_1_200' title='bbox 1571 678 1652 704; x_wconf 88' lang='lat' dir='ltr'><strong>etiam</strong></span> 
     </span>
    </p>
   </div>
   <div class='ocr_carea' id='block_1_30' title="bbox 864 723 1656 758">
    <p class='ocr_par' dir='ltr' id='par_1_30' title="bbox 864 723 1656 758">
     <span class='ocr_line' id='line_1_30' title="bbox 864 723 1656 758; baseline 0 -8"><span class='ocrx_word' id='word_1_201' title='bbox 864 730 897 750; x_wconf 92' lang='lat' dir='ltr'><strong>eo</strong></span> <span class='ocrx_word' id='word_1_202' title='bbox 914 724 985 758; x_wconf 89' lang='lat' dir='ltr'><strong>quod</strong></span> <span class='ocrx_word' id='word_1_203' title='bbox 1002 730 1131 758; x_wconf 90' lang='lat' dir='ltr'><strong>prospero</strong></span> <span class='ocrx_word' id='word_1_204' title='bbox 1149 731 1277 751; x_wconf 88' lang='lat' dir='ltr'><strong>successu</strong></span> <span class='ocrx_word' id='word_1_205' title='bbox 1291 727 1318 750; x_wconf 89' lang='lat' dir='ltr'><strong>et</strong></span> <span class='ocrx_word' id='word_1_206' title='bbox 1333 723 1426 750; x_wconf 82' lang='lat' dir='ltr'><strong>favore</strong></span> <span class='ocrx_word' id='word_1_207' title='bbox 1440 723 1538 750; x_wconf 83' lang='lat' dir='ltr'><strong>civium</strong></span> <span class='ocrx_word' id='word_1_208' title='bbox 1562 724 1656 750; x_wconf 88' lang='lat' dir='ltr'><strong>uteba-</strong></span> 
     </span>
    </p>
   </div>
   <div class='ocr_carea' id='block_1_31' title="bbox 866 768 1654 804">
    <p class='ocr_par' dir='ltr' id='par_1_31' title="bbox 866 768 1654 804">
     <span class='ocr_line' id='line_1_31' title="bbox 866 768 1654 804; baseline -0.001 -8"><span class='ocrx_word' id='word_1_209' title='bbox 866 774 919 799; x_wconf 90' lang='lat' dir='ltr'><strong>tur.</strong></span> <span class='ocrx_word' id='word_1_210' title='bbox 944 773 972 796; x_wconf 89' lang='lat' dir='ltr'><strong>et</strong></span> <span class='ocrx_word' id='word_1_211' title='bbox 994 769 1139 804; x_wconf 87' lang='lat' dir='ltr'><strong>imperiunt</strong></span> <span class='ocrx_word' id='word_1_212' title='bbox 1158 769 1307 803; x_wconf 81' lang='lat' dir='ltr'><strong>usurpabat</strong></span> <span class='ocrx_word' id='word_1_213' title='bbox 1326 768 1353 795; x_wconf 90' lang='lat' dir='ltr'><strong>in</strong></span> <span class='ocrx_word' id='word_1_214' title='bbox 1377 768 1476 795; x_wconf 87' lang='lat' dir='ltr'><strong>multos</strong></span> <span class='ocrx_word' id='word_1_215' title='bbox 1498 773 1577 795; x_wconf 85' lang='lat' dir='ltr'><strong>antea</strong></span> <span class='ocrx_word' id='word_1_216' title='bbox 1602 775 1654 795; x_wconf 89' lang='lat' dir='ltr'><strong>non</strong></span> 
     </span>
    </p>
   </div>
   <div class='ocr_carea' id='block_1_32' title="bbox 866 813 1654 848">
    <p class='ocr_par' dir='ltr' id='par_1_32' title="bbox 866 813 1654 848">
     <span class='ocr_line' id='line_1_32' title="bbox 866 813 1654 848; baseline -0.003 -7"><span class='ocrx_word' id='word_1_217' title='bbox 866 813 1012 848; x_wconf 85' lang='lat' dir='ltr'><strong>subjectos.</strong></span> <span class='ocrx_word' id='word_1_218' title='bbox 1039 813 1176 848; x_wconf 81' lang='lat' dir='ltr'><strong>Antigono</strong></span> <span class='ocrx_word' id='word_1_219' title='bbox 1201 814 1295 846; x_wconf 86' lang='lat' dir='ltr'><strong>etiam,</strong></span> <span class='ocrx_word' id='word_1_220' title='bbox 1310 813 1366 846; x_wconf 89' lang='lat' dir='ltr'><strong>jam</strong></span> <span class='ocrx_word' id='word_1_221' title='bbox 1393 813 1535 848; x_wconf 73' lang='lat' dir='ltr'><strong>magnifice</strong></span> <span class='ocrx_word' id='word_1_222' title='bbox 1563 813 1654 840; x_wconf 81' lang='lat' dir='ltr'><strong>Asiam</strong></span> 
     </span>
    </p>
   </div>
   <div class='ocr_carea' id='block_1_33' title="bbox 51 856 817 898">
    <p class='ocr_par' dir='ltr' id='par_1_33' title="bbox 51 859 813 898">
     <span class='ocr_line' id='line_1_33' title="bbox 51 859 813 898; baseline 0.003 -12"><span class='ocrx_word' id='word_1_223' title='bbox 51 859 150 896; x_wconf 76' lang='grc' dir='ltr'>θυγατρί.</span> <span class='ocrx_word' id='word_1_224' title='bbox 173 860 204 887; x_wconf 85' lang='grc' dir='ltr'><em>Ἦ</em></span> <span class='ocrx_word' id='word_1_225' title='bbox 219 861 248 887; x_wconf 82' lang='grc' dir='ltr'>δὲ</span> <span class='ocrx_word' id='word_1_226' title='bbox 262 862 328 892; x_wconf 84' lang='grc' dir='ltr'>παῖς</span> <span class='ocrx_word' id='word_1_227' title='bbox 350 862 382 888; x_wconf 80' lang='grc' dir='ltr'>ἐκ</span> <span class='ocrx_word' id='word_1_228' title='bbox 400 861 543 898; x_wconf 82' lang='grc' dir='ltr'><strong>προτέρων</strong></span> <span class='ocrx_word' id='word_1_229' title='bbox 557 859 592 897; x_wconf 81' lang='grc' dir='ltr'><strong>ἦν</strong></span> <span class='ocrx_word' id='word_1_230' title='bbox 608 862 683 897; x_wconf 86' lang='grc' dir='ltr'><strong>αὺτῷ</strong></span> <span class='ocrx_word' id='word_1_231' title='bbox 698 870 813 896; x_wconf 90' lang='grc' dir='ltr'>γεγενη-</span> 
     </span>
    </p>
   </div>
   <div class='ocr_carea' id='block_1_34' title="bbox 871 856 1655 898">
    <p class='ocr_par' dir='ltr' id='par_1_34' title="bbox 871 859 1655 896">
     <span class='ocr_line' id='line_1_34' title="bbox 871 859 1655 896; baseline -0.001 -9"><span class='ocrx_word' id='word_1_232' title='bbox 871 859 962 896; x_wconf 67' lang='grc'><strong>22411</strong></span> <span class='ocrx_word' id='word_1_233' title='bbox 990 860 1101 891; x_wconf 87' lang='lat' dir='ltr'><strong>tenenti,</strong></span> <span class='ocrx_word' id='word_1_234' title='bbox 1127 859 1264 894; x_wconf 85' lang='lat' dir='ltr'><strong>suppetias</strong></span> <span class='ocrx_word' id='word_1_235' title='bbox 1286 859 1367 891; x_wconf 88' lang='lat' dir='ltr'><strong>tulit,</strong></span> <span class='ocrx_word' id='word_1_236' title='bbox 1393 859 1501 894; x_wconf 88' lang='lat' dir='ltr'><strong>quando</strong></span> <span class='ocrx_word' id='word_1_237' title='bbox 1536 859 1655 894; x_wconf 81' lang='lat' dir='ltr'><strong>Cyprum</strong></span> 
     </span>
    </p>
   </div>
   <div class='ocr_carea' id='block_1_35' title="bbox 52 906 814 944">
    <p class='ocr_par' dir='ltr' id='par_1_35' title="bbox 52 906 814 944">
     <span class='ocr_line' id='line_1_35' title="bbox 52 906 814 944; baseline 0.001 -10"><span class='ocrx_word' id='word_1_238' title='bbox 52 906 130 941; x_wconf 75' lang='grc' dir='ltr'>μένη¹⁵</span> <span class='ocrx_word' id='word_1_239' title='bbox 142 907 245 942; x_wconf 81' lang='grc' dir='ltr'>γάμων.</span> <span class='ocrx_word' id='word_1_240' title='bbox 264 907 344 934; x_wconf 77' lang='grc' dir='ltr'>Οὕτω</span> <span class='ocrx_word' id='word_1_241' title='bbox 358 907 423 942; x_wconf 83' lang='grc' dir='ltr'>γοῦν</span> <span class='ocrx_word' id='word_1_242' title='bbox 439 909 478 939; x_wconf 83' lang='grc' dir='ltr'><strong>είς</strong></span> <span class='ocrx_word' id='word_1_243' title='bbox 498 909 569 943; x_wconf 80' lang='grc' dir='ltr'>μέγα</span> <span class='ocrx_word' id='word_1_244' title='bbox 593 908 672 944; x_wconf 83' lang='grc' dir='ltr'><strong>δόξης</strong></span> <span class='ocrx_word' id='word_1_245' title='bbox 694 908 814 935; x_wconf 84' lang='grc' dir='ltr'><strong>ἀνελθὼν</strong></span> 
     </span>
    </p>
   </div>
   <div class='ocr_carea' id='block_1_36' title="bbox 51 951 815 988">
    <p class='ocr_par' dir='ltr' id='par_1_36' title="bbox 51 951 815 988">
     <span class='ocr_line' id='line_1_36' title="bbox 51 951 815 988; baseline 0.005 -11"><span class='ocrx_word' id='word_1_246' title='bbox 51 952 86 977; x_wconf 73' lang='grc' dir='ltr'>καὶ</span> <span class='ocrx_word' id='word_1_247' title='bbox 96 951 135 978; x_wconf 75' lang='grc' dir='ltr'><strong>τδν</strong></span> <span class='ocrx_word' id='word_1_248' title='bbox 151 952 284 987; x_wconf 82' lang='grc' dir='ltr'>τύραννον</span> <span class='ocrx_word' id='word_1_249' title='bbox 297 952 457 985; x_wconf 75' lang='grc' dir='ltr'><strong>ἀπαξιώσας</strong></span> <span class='ocrx_word' id='word_1_250' title='bbox 472 953 502 980; x_wconf 82' lang='grc' dir='ltr'>τὸ</span> <span class='ocrx_word' id='word_1_251' title='bbox 518 954 650 988; x_wconf 79' lang='grc' dir='ltr'>βασιλέως</span> <span class='ocrx_word' id='word_1_252' title='bbox 667 954 815 981; x_wconf 80' lang='grc' dir='ltr'>ἀντέλαδεν</span> 
     </span>
    </p>
   </div>
   <div class='ocr_carea' id='block_1_37' title="bbox 51 996 816 1035">
    <p class='ocr_par' dir='ltr' id='par_1_37' title="bbox 51 996 816 1035">
     <span class='ocr_line' id='line_1_37' title="bbox 51 996 816 1035; baseline 0.004 -13"><span class='ocrx_word' id='word_1_253' title='bbox 51 996 125 1031; x_wconf 73' lang='grc' dir='ltr'>ὄνομα.</span> <span class='ocrx_word' id='word_1_254' title='bbox 145 997 205 1033; x_wconf 82' lang='lat'><strong>[569</strong></span> <span class='ocrx_word' id='word_1_255' title='bbox 219 997 265 1034; x_wconf 81' lang='lat' dir='ltr'><strong>IL]</strong></span> <span class='ocrx_word' id='word_1_256' title='bbox 285 998 377 1025; x_wconf 78' lang='grc' dir='ltr'>Φόόων</span> <span class='ocrx_word' id='word_1_257' title='bbox 391 999 419 1025; x_wconf 77' lang='grc' dir='ltr'>δὲ</span> <span class='ocrx_word' id='word_1_258' title='bbox 432 999 480 1024; x_wconf 75' lang='grc' dir='ltr'><strong>καὶ</strong></span> <span class='ocrx_word' id='word_1_259' title='bbox 494 999 642 1034; x_wconf 75' lang='grc' dir='ltr'><strong>φροντίδων</strong></span> <span class='ocrx_word' id='word_1_260' title='bbox 658 999 816 1035; x_wconf 78' lang='grc' dir='ltr'>ἐλευθεριά-</span> 
     </span>
    </p>
   </div>
   <div class='ocr_carea' id='block_1_38' title="bbox 53 1043 816 1080">
    <p class='ocr_par' dir='ltr' id='par_1_38' title="bbox 53 1043 816 1080">
     <span class='ocr_line' id='line_1_38' title="bbox 53 1043 816 1080; baseline 0.005 -13"><span class='ocrx_word' id='word_1_261' title='bbox 53 1049 89 1073; x_wconf 73' lang='grc' dir='ltr'><strong>σας</strong></span> <span class='ocrx_word' id='word_1_262' title='bbox 113 1043 154 1069; x_wconf 75' lang='grc' dir='ltr'>καὶ</span> <span class='ocrx_word' id='word_1_263' title='bbox 178 1044 240 1075; x_wconf 85' lang='grc' dir='ltr'>ταῖς</span> <span class='ocrx_word' id='word_1_264' title='bbox 268 1043 467 1078; x_wconf 79' lang='grc' dir='ltr'>καθημεριναῖς</span> <span class='ocrx_word' id='word_1_265' title='bbox 493 1045 612 1080; x_wconf 69' lang='grc' dir='ltr'>τρυφαῖς</span> <span class='ocrx_word' id='word_1_266' title='bbox 635 1045 816 1080; x_wconf 52' lang='lat' dir='ltr'><strong>exanimae;</strong></span> 
     </span>
    </p>
   </div>
   <div class='ocr_carea' id='block_1_39' title="bbox 52 1086 815 1125">
    <p class='ocr_par' dir='ltr' id='par_1_39' title="bbox 52 1086 815 1125">
     <span class='ocr_line' id='line_1_39' title="bbox 52 1086 815 1125; baseline 0.008 -13"><span class='ocrx_word' id='word_1_267' title='bbox 52 1086 172 1123; x_wconf 79' lang='grc' dir='ltr'>ἑξωγκώθη</span> <span class='ocrx_word' id='word_1_268' title='bbox 192 1097 223 1115; x_wconf 81' lang='grc' dir='ltr'><strong>τε</strong></span> <span class='ocrx_word' id='word_1_269' title='bbox 244 1089 275 1115; x_wconf 80' lang='grc' dir='ltr'>τὸ</span> <span class='ocrx_word' id='word_1_270' title='bbox 294 1089 390 1124; x_wconf 83' lang='grc' dir='ltr'>σῶμα,</span> <span class='ocrx_word' id='word_1_271' title='bbox 418 1090 464 1116; x_wconf 80' lang='grc' dir='ltr'>καὶ</span> <span class='ocrx_word' id='word_1_272' title='bbox 480 1090 527 1117; x_wconf 83' lang='grc' dir='ltr'>τοῦ</span> <span class='ocrx_word' id='word_1_273' title='bbox 554 1090 623 1117; x_wconf 80' lang='grc' dir='ltr'>κατὰ</span> <span class='ocrx_word' id='word_1_274' title='bbox 647 1090 728 1125; x_wconf 87' lang='grc' dir='ltr'>φύσιν</span> <span class='ocrx_word' id='word_1_275' title='bbox 747 1091 815 1118; x_wconf 84' lang='grc' dir='ltr'>πολὺ</span> 
     </span>
    </p>
   </div>
   <div class='ocr_carea' id='block_1_40' title="bbox 54 1133 817 1173">
    <p class='ocr_par' dir='ltr' id='par_1_40' title="bbox 54 1133 817 1173">
     <span class='ocr_line' id='line_1_40' title="bbox 54 1133 817 1173; baseline 0.008 -15"><span class='ocrx_word' id='word_1_276' title='bbox 54 1133 115 1159; x_wconf 74' lang='grc' dir='ltr'>πλέον</span> <span class='ocrx_word' id='word_1_277' title='bbox 131 1135 269 1170; x_wconf 81' lang='grc' dir='ltr'>ὲλιπάνϐη.</span> <span class='ocrx_word' id='word_1_278' title='bbox 291 1135 352 1170; x_wconf 83' lang='grc' dir='ltr'><strong>Ὑφ’</strong></span> <span class='ocrx_word' id='word_1_279' title='bbox 371 1133 409 1163; x_wconf 82' lang='grc' dir='ltr'><strong>ὧν</strong></span> <span class='ocrx_word' id='word_1_280' title='bbox 430 1136 460 1162; x_wconf 87' lang='grc' dir='ltr'><strong>οὺ</strong></span> <span class='ocrx_word' id='word_1_281' title='bbox 479 1137 559 1171; x_wconf 87' lang='grc' dir='ltr'>μόνον</span> <span class='ocrx_word' id='word_1_282' title='bbox 585 1137 648 1172; x_wconf 77' lang='grc' dir='ltr'>περὶ</span> <span class='ocrx_word' id='word_1_283' title='bbox 665 1138 715 1172; x_wconf 82' lang='grc' dir='ltr'><strong>τὴν</strong></span> <span class='ocrx_word' id='word_1_284' title='bbox 729 1137 817 1173; x_wconf 77' lang='grc' dir='ltr'><strong>ἀρχὴν</strong></span> 
     </span>
    </p>
   </div>
   <div class='ocr_carea' id='block_1_41' title="bbox 55 1179 816 1219">
    <p class='ocr_par' dir='ltr' id='par_1_41' title="bbox 55 1179 816 1219">
     <span class='ocr_line' id='line_1_41' title="bbox 55 1179 816 1219; baseline 0.008 -14"><span class='ocrx_word' id='word_1_285' title='bbox 55 1179 158 1214; x_wconf 65' lang='grc' dir='ltr'>ῥᾳθύμως</span> <span class='ocrx_word' id='word_1_286' title='bbox 170 1180 259 1217; x_wconf 81' lang='grc' dir='ltr'>εἶχεν,</span> <span class='ocrx_word' id='word_1_287' title='bbox 277 1182 347 1209; x_wconf 81' lang='grc' dir='ltr'>ἀλλὰ</span> <span class='ocrx_word' id='word_1_288' title='bbox 371 1183 418 1210; x_wconf 79' lang='grc' dir='ltr'>καὶ</span> <span class='ocrx_word' id='word_1_289' title='bbox 433 1184 545 1210; x_wconf 84' lang='grc' dir='ltr'>ἐπειδὰν</span> <span class='ocrx_word' id='word_1_290' title='bbox 562 1184 748 1219; x_wconf 77' lang='grc' dir='ltr'>ἁφυπνώσειε,</span> <span class='ocrx_word' id='word_1_291' title='bbox 771 1185 816 1219; x_wconf 84' lang='grc' dir='ltr'><strong>βε-</strong></span> 
     </span>
    </p>
   </div>
   <div class='ocr_carea' id='block_1_42' title="bbox 55 1224 816 1266">
    <p class='ocr_par' dir='ltr' id='par_1_42' title="bbox 55 1224 816 1266">
     <span class='ocr_line' id='line_1_42' title="bbox 55 1224 816 1266; baseline 0.011 -17"><span class='ocrx_word' id='word_1_292' title='bbox 55 1224 123 1257; x_wconf 76' lang='grc' dir='ltr'>λόναις</span> <span class='ocrx_word' id='word_1_293' title='bbox 135 1229 248 1262; x_wconf 82' lang='grc' dir='ltr'>μακραῖς</span> <span class='ocrx_word' id='word_1_294' title='bbox 269 1228 300 1254; x_wconf 85' lang='grc' dir='ltr'>τὸ</span> <span class='ocrx_word' id='word_1_295' title='bbox 317 1228 397 1264; x_wconf 83' lang='grc' dir='ltr'>σῶμα</span> <span class='ocrx_word' id='word_1_296' title='bbox 418 1229 627 1265; x_wconf 78' lang='grc' dir='ltr'>διαπειρόμενος</span> <span class='ocrx_word' id='word_1_297' title='bbox 646 1231 668 1247; x_wconf 76' lang='grc'><strong>’⁸</strong></span> <span class='ocrx_word' id='word_1_298' title='bbox 691 1230 755 1266; x_wconf 73' lang='grc'>[712</span> <span class='ocrx_word' id='word_1_299' title='bbox 770 1230 816 1266; x_wconf 60' lang='grc'><strong>3.]</strong></span> 
     </span>
    </p>
   </div>
   <div class='ocr_carea' id='block_1_43' title="bbox 56 1271 815 1312">
    <p class='ocr_par' dir='ltr' id='par_1_43' title="bbox 56 1271 815 1312">
     <span class='ocr_line' id='line_1_43' title="bbox 56 1271 815 1312; baseline 0.009 -16"><span class='ocrx_word' id='word_1_300' title='bbox 56 1271 128 1302; x_wconf 69' lang='grc' dir='ltr'>(τοῦτο</span> <span class='ocrx_word' id='word_1_301' title='bbox 144 1273 194 1308; x_wconf 74' lang='grc' dir='ltr'>γὰρ</span> <span class='ocrx_word' id='word_1_302' title='bbox 206 1274 273 1305; x_wconf 81' lang='grc' dir='ltr'>ἄκος</span> <span class='ocrx_word' id='word_1_303' title='bbox 293 1275 373 1308; x_wconf 81' lang='grc' dir='ltr'>μόνον</span> <span class='ocrx_word' id='word_1_304' title='bbox 386 1274 433 1301; x_wconf 75' lang='grc' dir='ltr'><strong>τοῦ</strong></span> <span class='ocrx_word' id='word_1_305' title='bbox 451 1276 538 1310; x_wconf 85' lang='grc' dir='ltr'>κάρου</span> <span class='ocrx_word' id='word_1_306' title='bbox 556 1276 604 1302; x_wconf 80' lang='grc' dir='ltr'>καὶ</span> <span class='ocrx_word' id='word_1_307' title='bbox 618 1276 668 1310; x_wconf 81' lang='grc' dir='ltr'>τῆς</span> <span class='ocrx_word' id='word_1_308' title='bbox 685 1277 815 1312; x_wconf 70' lang='grc' dir='ltr'>ἀναισθη-</span> 
     </span>
    </p>
   </div>
   <div class='ocr_carea' id='block_1_44' title="bbox 58 1316 818 1356">
    <p class='ocr_par' dir='ltr' id='par_1_44' title="bbox 58 1316 818 1356">
     <span class='ocr_line' id='line_1_44' title="bbox 58 1316 818 1356; baseline 0.011 -15"><span class='ocrx_word' id='word_1_309' title='bbox 58 1316 102 1348; x_wconf 74' lang='grc' dir='ltr'>σίας</span> <span class='ocrx_word' id='word_1_310' title='bbox 112 1317 265 1346; x_wconf 80' lang='grc' dir='ltr'>ὑπελείπετο</span> <span class='ocrx_word' id='word_1_311' title='bbox 279 1320 326 1354; x_wconf 85' lang='grc'><strong>¹⁶),</strong></span> <span class='ocrx_word' id='word_1_312' title='bbox 347 1320 423 1355; x_wconf 81' lang='grc' dir='ltr'>μόλις</span> <span class='ocrx_word' id='word_1_313' title='bbox 433 1321 482 1356; x_wconf 78' lang='grc' dir='ltr'>τῆς</span> <span class='ocrx_word' id='word_1_314' title='bbox 496 1321 566 1348; x_wconf 75' lang='grc' dir='ltr'>κατὰ</span> <span class='ocrx_word' id='word_1_315' title='bbox 577 1321 623 1349; x_wconf 72' lang='grc' dir='ltr'><strong>τδν</strong></span> <span class='ocrx_word' id='word_1_316' title='bbox 636 1322 719 1349; x_wconf 79' lang='grc' dir='ltr'>ὕπνον</span> <span class='ocrx_word' id='word_1_317' title='bbox 732 1331 818 1349; x_wconf 81' lang='grc' dir='ltr'>κατα-</span> 
     </span>
    </p>
   </div>
   <div class='ocr_carea' id='block_1_45' title="bbox 57 1363 818 1403">
    <p class='ocr_par' dir='ltr' id='par_1_45' title="bbox 57 1363 818 1403">
     <span class='ocr_line' id='line_1_45' title="bbox 57 1363 818 1403; baseline 0.009 -15"><span class='ocrx_word' id='word_1_318' title='bbox 57 1363 122 1397; x_wconf 61' lang='grc' dir='ltr'>φορᾶς</span> <span class='ocrx_word' id='word_1_319' title='bbox 131 1363 295 1396; x_wconf 75' lang='grc' dir='ltr'>ἐξανίστατο.</span> <span class='ocrx_word' id='word_1_320' title='bbox 312 1366 526 1402; x_wconf 80' lang='grc' dir='ltr'>Τεκνωσάμενος</span> <span class='ocrx_word' id='word_1_321' title='bbox 542 1367 570 1393; x_wconf 80' lang='grc' dir='ltr'>δὲ</span> <span class='ocrx_word' id='word_1_322' title='bbox 586 1369 660 1403; x_wconf 81' lang='grc' dir='ltr'>τρεῖς</span> <span class='ocrx_word' id='word_1_323' title='bbox 671 1369 769 1400; x_wconf 85' lang='grc' dir='ltr'>παῖδας</span> <span class='ocrx_word' id='word_1_324' title='bbox 786 1369 818 1395; x_wconf 79' lang='grc' dir='ltr'>ὲκ</span> 
     </span>
    </p>
   </div>
   <div class='ocr_carea' id='block_1_46' title="bbox 57 1408 818 1449">
    <p class='ocr_par' dir='ltr' id='par_1_46' title="bbox 57 1408 818 1449">
     <span class='ocr_line' id='line_1_46' title="bbox 57 1408 818 1449; baseline 0.003 -10"><span class='ocrx_word' id='word_1_325' title='bbox 57 1408 94 1441; x_wconf 75' lang='grc' dir='ltr'><strong>τῆς</strong></span> <span class='ocrx_word' id='word_1_326' title='bbox 113 1409 265 1447; x_wconf 79' lang='grc' dir='ltr'>’Δμάστριος</span> <span class='ocrx_word' id='word_1_327' title='bbox 277 1412 316 1445; x_wconf 77' lang='grc'><strong>’⁷,</strong></span> <span class='ocrx_word' id='word_1_328' title='bbox 341 1412 492 1448; x_wconf 82' lang='grc' dir='ltr'>Κλέαρχον,</span> <span class='ocrx_word' id='word_1_329' title='bbox 510 1412 645 1449; x_wconf 80' lang='grc' dir='ltr'><strong>Ὀξάθρην</strong></span> <span class='ocrx_word' id='word_1_330' title='bbox 668 1414 717 1441; x_wconf 76' lang='grc' dir='ltr'>καὶ</span> <span class='ocrx_word' id='word_1_331' title='bbox 733 1414 818 1448; x_wconf 78' lang='grc' dir='ltr'>θυγα-</span> 
     </span>
    </p>
   </div>
   <div class='ocr_carea' id='block_1_47' title="bbox 57 1456 819 1496">
    <p class='ocr_par' dir='ltr' id='par_1_47' title="bbox 57 1456 819 1496">
     <span class='ocr_line' id='line_1_47' title="bbox 57 1456 819 1496; baseline 0.008 -15"><span class='ocrx_word' id='word_1_332' title='bbox 57 1461 107 1489; x_wconf 77' lang='grc' dir='ltr'>τερα</span> <span class='ocrx_word' id='word_1_333' title='bbox 123 1456 260 1492; x_wconf 78' lang='grc' dir='ltr'>ὁμώνυμον</span> <span class='ocrx_word' id='word_1_334' title='bbox 274 1460 309 1494; x_wconf 82' lang='grc' dir='ltr'><strong>τῇ</strong></span> <span class='ocrx_word' id='word_1_335' title='bbox 325 1459 421 1494; x_wconf 75' lang='grc' dir='ltr'>μητρὶ,</span> <span class='ocrx_word' id='word_1_336' title='bbox 440 1459 544 1494; x_wconf 82' lang='grc' dir='ltr'>μέλλων</span> <span class='ocrx_word' id='word_1_337' title='bbox 568 1460 698 1496; x_wconf 82' lang='grc' dir='ltr'>τελευτᾷν</span> <span class='ocrx_word' id='word_1_338' title='bbox 716 1461 819 1496; x_wconf 81' lang='grc' dir='ltr'>ταύτην</span> 
     </span>
    </p>
   </div>
   <div class='ocr_carea' id='block_1_48' title="bbox 57 1500 818 1539">
    <p class='ocr_par' dir='ltr' id='par_1_48' title="bbox 57 1500 818 1539">
     <span class='ocr_line' id='line_1_48' title="bbox 57 1500 818 1539; baseline 0.011 -15"><span class='ocrx_word' id='word_1_339' title='bbox 57 1500 129 1526; x_wconf 81' lang='grc' dir='ltr'>τετῶν</span> <span class='ocrx_word' id='word_1_340' title='bbox 141 1501 202 1530; x_wconf 77' lang='grc' dir='ltr'>ὅλων</span> <span class='ocrx_word' id='word_1_341' title='bbox 215 1503 362 1531; x_wconf 78' lang='grc' dir='ltr'>δέσποιναν</span> <span class='ocrx_word' id='word_1_342' title='bbox 374 1504 576 1539; x_wconf 75' lang='grc' dir='ltr'>καταλιμπάνει</span> <span class='ocrx_word' id='word_1_343' title='bbox 588 1506 636 1532; x_wconf 81' lang='grc' dir='ltr'>καὶ</span> <span class='ocrx_word' id='word_1_344' title='bbox 651 1505 706 1532; x_wconf 83' lang='grc' dir='ltr'><strong>τῶν</strong></span> <span class='ocrx_word' id='word_1_345' title='bbox 717 1505 818 1532; x_wconf 81' lang='grc' dir='ltr'>παίδων</span> 
     </span>
    </p>
   </div>
   <div class='ocr_carea' id='block_1_49' title="bbox 58 1546 817 1588">
    <p class='ocr_par' dir='ltr' id='par_1_49' title="bbox 58 1546 817 1588">
     <span class='ocr_line' id='line_1_49' title="bbox 58 1546 817 1588; baseline 0.011 -17"><span class='ocrx_word' id='word_1_346' title='bbox 58 1546 133 1582; x_wconf 73' lang='grc' dir='ltr'>κομιδῇ</span> <span class='ocrx_word' id='word_1_347' title='bbox 149 1549 249 1584; x_wconf 82' lang='grc' dir='ltr'>νηπίων</span> <span class='ocrx_word' id='word_1_348' title='bbox 269 1549 356 1576; x_wconf 80' lang='grc' dir='ltr'>ὄντων</span> <span class='ocrx_word' id='word_1_349' title='bbox 372 1550 420 1577; x_wconf 85' lang='grc' dir='ltr'><strong>σύν</strong></span> <span class='ocrx_word' id='word_1_350' title='bbox 435 1560 507 1578; x_wconf 89' lang='grc' dir='ltr'>τισιν</span> <span class='ocrx_word' id='word_1_351' title='bbox 530 1551 636 1587; x_wconf 82' lang='grc' dir='ltr'>ἑτέροις</span> <span class='ocrx_word' id='word_1_352' title='bbox 660 1551 817 1588; x_wconf 73' lang='grc' dir='ltr'>ἐπίτροπον,</span> 
     </span>
    </p>
   </div>
   <div class='ocr_carea' id='block_1_50' title="bbox 59 1589 819 1632">
    <p class='ocr_par' dir='ltr' id='par_1_50' title="bbox 59 1589 819 1632">
     <span class='ocr_line' id='line_1_50' title="bbox 59 1589 819 1632; baseline 0 -9"><span class='ocrx_word' id='word_1_353' title='bbox 59 1589 114 1623; x_wconf 60' lang='grc' dir='ltr'>βιοὺς</span> <span class='ocrx_word' id='word_1_354' title='bbox 130 1593 173 1628; x_wconf 79' lang='grc' dir='ltr'><strong>μὲν</strong></span> <span class='ocrx_word' id='word_1_355' title='bbox 188 1594 235 1628; x_wconf 78' lang='grc' dir='ltr'>ἔτη</span> <span class='ocrx_word' id='word_1_356' title='bbox 249 1598 272 1622; x_wconf 83' lang='grc' dir='ltr'>ε’</span> <span class='ocrx_word' id='word_1_357' title='bbox 289 1596 336 1622; x_wconf 77' lang='grc' dir='ltr'>καὶ</span> <span class='ocrx_word' id='word_1_358' title='bbox 347 1598 378 1627; x_wconf 87' lang='grc' dir='ltr'><strong>ν’,</strong></span> <span class='ocrx_word' id='word_1_359' title='bbox 391 1593 429 1622; x_wconf 84' lang='grc' dir='ltr'><strong>ὧν</strong></span> <span class='ocrx_word' id='word_1_360' title='bbox 440 1596 487 1623; x_wconf 67' lang='grc' dir='ltr'><strong>ἐπὶ</strong></span> <span class='ocrx_word' id='word_1_361' title='bbox 501 1596 551 1631; x_wconf 83' lang='grc' dir='ltr'>τῆς</span> <span class='ocrx_word' id='word_1_362' title='bbox 565 1597 651 1632; x_wconf 80' lang='grc' dir='ltr'><strong>ἀρχῆς</strong></span> <span class='ocrx_word' id='word_1_363' title='bbox 666 1596 687 1623; x_wconf 90' lang='grc' dir='ltr'>λ’</span> <span class='ocrx_word' id='word_1_364' title='bbox 707 1597 819 1632; x_wconf 82' lang='grc' dir='ltr'>ἐγνωρί-</span> 
     </span>
    </p>
   </div>
   <div class='ocr_carea' id='block_1_51' title="bbox 59 1634 819 1678">
    <p class='ocr_par' dir='ltr' id='par_1_51' title="bbox 59 1634 819 1678">
     <span class='ocr_line' id='line_1_51' title="bbox 59 1634 819 1678; baseline 0.005 -13"><span class='ocrx_word' id='word_1_365' title='bbox 59 1634 121 1669; x_wconf 57' lang='lat' dir='ltr'><strong>(ita,</strong></span> <span class='ocrx_word' id='word_1_366' title='bbox 142 1640 292 1673; x_wconf 79' lang='grc' dir='ltr'>πραότατος</span> <span class='ocrx_word' id='word_1_367' title='bbox 319 1642 348 1667; x_wconf 86' lang='grc' dir='ltr'>ἐν</span> <span class='ocrx_word' id='word_1_368' title='bbox 367 1641 458 1677; x_wconf 77' lang='grc' dir='ltr'>αὐτῇ,</span> <span class='ocrx_word' id='word_1_369' title='bbox 488 1642 528 1673; x_wconf 84' lang='grc' dir='ltr'><strong>ὡς</strong></span> <span class='ocrx_word' id='word_1_370' title='bbox 552 1641 672 1678; x_wconf 80' lang='grc' dir='ltr'>εἴρηται,</span> <span class='ocrx_word' id='word_1_371' title='bbox 699 1642 819 1676; x_wconf 81' lang='grc' dir='ltr'>γεγονὼς</span> 
     </span>
    </p>
   </div>
   <div class='ocr_carea' id='block_1_52' title="bbox 59 1681 819 1722">
    <p class='ocr_par' dir='ltr' id='par_1_52' title="bbox 59 1681 819 1722">
     <span class='ocr_line' id='line_1_52' title="bbox 59 1681 819 1722; baseline 0.011 -16"><span class='ocrx_word' id='word_1_372' title='bbox 59 1681 94 1707; x_wconf 77' lang='grc' dir='ltr'><strong>καὶ</strong></span> <span class='ocrx_word' id='word_1_373' title='bbox 112 1683 138 1710; x_wconf 81' lang='grc' dir='ltr'>τὸ</span> <span class='ocrx_word' id='word_1_374' title='bbox 154 1684 275 1721; x_wconf 80' lang='grc' dir='ltr'>Χρηστὸς</span> <span class='ocrx_word' id='word_1_375' title='bbox 303 1686 449 1722; x_wconf 76' lang='grc' dir='ltr'>ἐπίκλησιν</span> <span class='ocrx_word' id='word_1_376' title='bbox 473 1687 506 1713; x_wconf 77' lang='grc' dir='ltr'>ὲκ</span> <span class='ocrx_word' id='word_1_377' title='bbox 531 1687 585 1713; x_wconf 83' lang='grc' dir='ltr'><strong>τῶν</strong></span> <span class='ocrx_word' id='word_1_378' title='bbox 607 1687 682 1722; x_wconf 64' lang='grc' dir='ltr'><strong>ἠθῶν</strong></span> <span class='ocrx_word' id='word_1_379' title='bbox 706 1688 819 1722; x_wconf 77' lang='grc' dir='ltr'>ἐνεγκά-</span> 
     </span>
    </p>
   </div>
   <div class='ocr_carea' id='block_1_53' title="bbox 59 1731 820 1797">
    <p class='ocr_par' dir='ltr' id='par_1_53' title="bbox 59 1731 820 1797">
     <span class='ocr_line' id='line_1_53' title="bbox 59 1731 820 1797; baseline 0.001 -38"><span class='ocrx_word' id='word_1_380' title='bbox 59 1734 134 1797; x_wconf 49' lang='grc' dir='ltr'>ξενος.</span> <span class='ocrx_word' id='word_1_381' title='bbox 149 1731 191 1757; x_wconf 76' lang='grc' dir='ltr'>καὶ</span> <span class='ocrx_word' id='word_1_382' title='bbox 213 1732 299 1759; x_wconf 80' lang='grc' dir='ltr'>πολὺν</span> <span class='ocrx_word' id='word_1_383' title='bbox 314 1732 396 1759; x_wconf 84' lang='grc' dir='ltr'>πόθον</span> <span class='ocrx_word' id='word_1_384' title='bbox 414 1734 469 1765; x_wconf 85' lang='grc' dir='ltr'>τοῖς</span> <span class='ocrx_word' id='word_1_385' title='bbox 485 1733 538 1760; x_wconf 80' lang='grc' dir='ltr'><strong>ὑπὸ</strong></span> <span class='ocrx_word' id='word_1_386' title='bbox 558 1734 638 1769; x_wconf 83' lang='grc' dir='ltr'>χεῖρα</span> <span class='ocrx_word' id='word_1_387' title='bbox 658 1734 706 1760; x_wconf 78' lang='grc' dir='ltr'>καὶ</span> <span class='ocrx_word' id='word_1_388' title='bbox 722 1733 820 1766; x_wconf 79' lang='grc' dir='ltr'><strong>πένθος</strong></span> 
     </span>
     <span class='ocr_line' id='line_1_54' title="bbox 72 1774 131 1797; baseline 0 0"><span class='ocrx_word' id='word_1_389' title='bbox 72 1774 131 1797; x_wconf 64' lang='lat' dir='ltr'><strong>mite,</strong></span> 
     </span>
    </p>
   </div>
   <div class='ocr_carea' id='block_1_54' title="bbox 72 1774 132 1804">
    <p class='ocr_par' dir='ltr' id='par_1_54' title="bbox 72 1774 132 1804">
     <span class='ocr_line' id='line_1_55' title="bbox 72 1774 132 1804; baseline 0.05 -7"><span class='ocrx_word' id='word_1_390' title='bbox 72 1774 132 1804; x_wconf 76' lang='grc' dir='ltr'><strong>ιπὼν,</strong></span> 
     </span>
    </p>
   </div>
   <div class='ocr_carea' id='block_1_55' title="bbox 866 906 1653 943">
    <p class='ocr_par' dir='ltr' id='par_1_55' title="bbox 866 906 1653 943">
     <span class='ocr_line' id='line_1_56' title="bbox 866 906 1653 943; baseline 0 -9"><span class='ocrx_word' id='word_1_391' title='bbox 866 907 1044 943; x_wconf 80' lang='lat' dir='ltr'><strong>oppugnavit,</strong></span> <span class='ocrx_word' id='word_1_392' title='bbox 1068 913 1096 935; x_wconf 92' lang='lat' dir='ltr'><strong>et</strong></span> <span class='ocrx_word' id='word_1_393' title='bbox 1122 906 1304 939; x_wconf 74' lang='lat' dir='ltr'><strong>Ptolemaeum,</strong></span> <span class='ocrx_word' id='word_1_394' title='bbox 1333 907 1405 934; x_wconf 87' lang='lat' dir='ltr'><strong>illius</strong></span> <span class='ocrx_word' id='word_1_395' title='bbox 1434 907 1518 934; x_wconf 90' lang='lat' dir='ltr'><strong>fratre</strong></span> <span class='ocrx_word' id='word_1_396' title='bbox 1560 911 1653 934; x_wconf 83' lang='lat' dir='ltr'><strong>uatum</strong></span> 
     </span>
    </p>
   </div>
   <div class='ocr_carea' id='block_1_56' title="bbox 867 953 1655 989">
    <p class='ocr_par' dir='ltr' id='par_1_56' title="bbox 867 953 1655 989">
     <span class='ocr_line' id='line_1_57' title="bbox 867 953 1655 989; baseline 0.001 -9"><span class='ocrx_word' id='word_1_397' title='bbox 867 954 919 988; x_wconf 90' lang='lat' dir='ltr'><strong>(cui</strong></span> <span class='ocrx_word' id='word_1_398' title='bbox 940 953 1108 988; x_wconf 85' lang='lat' dir='ltr'><strong>Hellesponti</strong></span> <span class='ocrx_word' id='word_1_399' title='bbox 1133 954 1281 988; x_wconf 79' lang='lat' dir='ltr'><strong>satrapiam</strong></span> <span class='ocrx_word' id='word_1_400' title='bbox 1295 954 1480 988; x_wconf 86' lang='lat' dir='ltr'><strong>commiserat)</strong></span> <span class='ocrx_word' id='word_1_401' title='bbox 1492 954 1570 988; x_wconf 86' lang='lat' dir='ltr'><strong>quasi</strong></span> <span class='ocrx_word' id='word_1_402' title='bbox 1583 961 1655 989; x_wconf 68' lang='lat' dir='ltr'><strong>prae-</strong></span> 
     </span>
    </p>
   </div>
   <div class='ocr_carea' id='block_1_57' title="bbox 867 999 1653 1036">
    <p class='ocr_par' dir='ltr' id='par_1_57' title="bbox 867 999 1653 1036">
     <span class='ocr_line' id='line_1_58' title="bbox 867 999 1653 1036; baseline 0.001 -9"><span class='ocrx_word' id='word_1_403' title='bbox 867 1001 951 1028; x_wconf 89' lang='lat' dir='ltr'><strong>mium</strong></span> <span class='ocrx_word' id='word_1_404' title='bbox 969 999 1053 1027; x_wconf 89' lang='lat' dir='ltr'><strong>studii</strong></span> <span class='ocrx_word' id='word_1_405' title='bbox 1067 1000 1109 1027; x_wconf 88' lang='lat' dir='ltr'><strong>sui</strong></span> <span class='ocrx_word' id='word_1_406' title='bbox 1125 1001 1195 1035; x_wconf 87' lang='lat' dir='ltr'><strong>apud</strong></span> <span class='ocrx_word' id='word_1_407' title='bbox 1215 1000 1381 1035; x_wconf 80' lang='lat' dir='ltr'><strong>Antigonum</strong></span> <span class='ocrx_word' id='word_1_408' title='bbox 1398 1000 1511 1032; x_wconf 88' lang='lat' dir='ltr'><strong>invenit,</strong></span> <span class='ocrx_word' id='word_1_409' title='bbox 1529 1005 1559 1027; x_wconf 92' lang='lat' dir='ltr'><strong>ut</strong></span> <span class='ocrx_word' id='word_1_410' title='bbox 1571 1008 1653 1036; x_wconf 69' lang='lat' dir='ltr'><strong>geue&lt;</strong></span> 
     </span>
    </p>
   </div>
   <div class='ocr_carea' id='block_1_58' title="bbox 867 1044 1653 1079">
    <p class='ocr_par' dir='ltr' id='par_1_58' title="bbox 867 1044 1653 1079">
     <span class='ocr_line' id='line_1_59' title="bbox 867 1044 1653 1079; baseline 0.001 -7"><span class='ocrx_word' id='word_1_411' title='bbox 867 1054 927 1073; x_wconf 87' lang='lat' dir='ltr'><strong>rum</strong></span> <span class='ocrx_word' id='word_1_412' title='bbox 946 1045 1020 1072; x_wconf 90' lang='lat' dir='ltr'><strong>illum</strong></span> <span class='ocrx_word' id='word_1_413' title='bbox 1045 1046 1168 1078; x_wconf 84' lang='lat' dir='ltr'><strong>haberet,</strong></span> <span class='ocrx_word' id='word_1_414' title='bbox 1191 1045 1246 1072; x_wconf 88' lang='lat' dir='ltr'><strong>lilia</strong></span> <span class='ocrx_word' id='word_1_415' title='bbox 1258 1052 1317 1079; x_wconf 66' lang='lat' dir='ltr'><strong>quae</strong></span> <span class='ocrx_word' id='word_1_416' title='bbox 1333 1052 1365 1072; x_wconf 79' lang='lat' dir='ltr'><strong>ex</strong></span> <span class='ocrx_word' id='word_1_417' title='bbox 1380 1045 1471 1079; x_wconf 90' lang='lat' dir='ltr'><strong>priore</strong></span> <span class='ocrx_word' id='word_1_418' title='bbox 1486 1044 1575 1072; x_wconf 86' lang='lat' dir='ltr'><strong>fuerat</strong></span> <span class='ocrx_word' id='word_1_419' title='bbox 1591 1053 1653 1073; x_wconf 90' lang='lat' dir='ltr'><strong>sus-</strong></span> 
     </span>
    </p>
   </div>
   <div class='ocr_carea' id='block_1_59' title="bbox 867 1090 1655 1126">
    <p class='ocr_par' dir='ltr' id='par_1_59' title="bbox 867 1090 1655 1126">
     <span class='ocr_line' id='line_1_60' title="bbox 867 1090 1655 1126; baseline -0.001 -7"><span class='ocrx_word' id='word_1_420' title='bbox 867 1096 945 1126; x_wconf 86' lang='lat' dir='ltr'><strong>cepta</strong></span> <span class='ocrx_word' id='word_1_421' title='bbox 958 1091 1094 1125; x_wconf 78' lang='lat' dir='ltr'><strong>conjugio,</strong></span> <span class='ocrx_word' id='word_1_422' title='bbox 1113 1091 1138 1118; x_wconf 94' lang='lat' dir='ltr'><strong>in</strong></span> <span class='ocrx_word' id='word_1_423' title='bbox 1157 1090 1358 1118; x_wconf 88' lang='lat' dir='ltr'><strong>matrimonium</strong></span> <span class='ocrx_word' id='word_1_424' title='bbox 1387 1091 1412 1118; x_wconf 91' lang='lat' dir='ltr'><strong>ei</strong></span> <span class='ocrx_word' id='word_1_425' title='bbox 1424 1090 1541 1118; x_wconf 86' lang='lat' dir='ltr'><strong>elocata.</strong></span> <span class='ocrx_word' id='word_1_426' title='bbox 1561 1090 1655 1125; x_wconf 84' lang='lat' dir='ltr'><strong>Itaque</strong></span> 
     </span>
    </p>
   </div>
   <div class='ocr_carea' id='block_1_60' title="bbox 867 1134 1658 1172">
    <p class='ocr_par' dir='ltr' id='par_1_60' title="bbox 867 1134 1658 1172">
     <span class='ocr_line' id='line_1_61' title="bbox 867 1134 1658 1172; baseline -0.001 -9"><span class='ocrx_word' id='word_1_427' title='bbox 867 1136 901 1163; x_wconf 89' lang='lat' dir='ltr'><strong>ad</strong></span> <span class='ocrx_word' id='word_1_428' title='bbox 921 1143 1046 1172; x_wconf 76' lang='lat' dir='ltr'><strong>magnam</strong></span> <span class='ocrx_word' id='word_1_429' title='bbox 1069 1136 1157 1163; x_wconf 89' lang='lat' dir='ltr'><strong>elatus</strong></span> <span class='ocrx_word' id='word_1_430' title='bbox 1179 1135 1312 1170; x_wconf 80' lang='lat' dir='ltr'><strong>gloriam,</strong></span> <span class='ocrx_word' id='word_1_431' title='bbox 1327 1134 1435 1168; x_wconf 87' lang='lat' dir='ltr'><strong>tyranni</strong></span> <span class='ocrx_word' id='word_1_432' title='bbox 1460 1141 1559 1162; x_wconf 85' lang='lat' dir='ltr'><strong>nomen</strong></span> <span class='ocrx_word' id='word_1_433' title='bbox 1581 1134 1658 1162; x_wconf 89' lang='lat' dir='ltr'><strong>dedi-</strong></span> 
     </span>
    </p>
   </div>
   <div class='ocr_carea' id='block_1_61' title="bbox 868 1180 1658 1217">
    <p class='ocr_par' dir='ltr' id='par_1_61' title="bbox 868 1180 1658 1217">
     <span class='ocr_line' id='line_1_62' title="bbox 868 1180 1658 1217; baseline -0.001 -9"><span class='ocrx_word' id='word_1_434' title='bbox 868 1187 976 1217; x_wconf 60' lang='lat' dir='ltr'><strong>gnatur,</strong></span> <span class='ocrx_word' id='word_1_435' title='bbox 991 1186 1018 1210; x_wconf 91' lang='lat' dir='ltr'><strong>et</strong></span> <span class='ocrx_word' id='word_1_436' title='bbox 1035 1182 1107 1217; x_wconf 81' lang='lat' dir='ltr'><strong>regis</strong></span> <span class='ocrx_word' id='word_1_437' title='bbox 1134 1181 1260 1209; x_wconf 87' lang='lat' dir='ltr'><strong>assumit.</strong></span> <span class='ocrx_word' id='word_1_438' title='bbox 1277 1180 1390 1215; x_wconf 85' lang='lat' dir='ltr'><strong>Jamque</strong></span> <span class='ocrx_word' id='word_1_439' title='bbox 1408 1185 1481 1207; x_wconf 87' lang='lat' dir='ltr'><strong>metu</strong></span> <span class='ocrx_word' id='word_1_440' title='bbox 1494 1185 1522 1207; x_wconf 91' lang='lat' dir='ltr'><strong>et</strong></span> <span class='ocrx_word' id='word_1_441' title='bbox 1535 1180 1610 1208; x_wconf 87' lang='lat' dir='ltr'><strong>curis</strong></span> <span class='ocrx_word' id='word_1_442' title='bbox 1626 1180 1658 1207; x_wconf 75' lang='lat' dir='ltr'><strong>li-</strong></span> 
     </span>
    </p>
   </div>
   <div class='ocr_carea' id='block_1_62' title="bbox 869 1226 1655 1262">
    <p class='ocr_par' dir='ltr' id='par_1_62' title="bbox 869 1226 1655 1262">
     <span class='ocr_line' id='line_1_63' title="bbox 869 1226 1655 1262; baseline -0.004 -6"><span class='ocrx_word' id='word_1_443' title='bbox 869 1230 989 1261; x_wconf 86' lang='lat' dir='ltr'><strong>beratus,</strong></span> <span class='ocrx_word' id='word_1_444' title='bbox 1006 1235 1069 1256; x_wconf 89' lang='lat' dir='ltr'><strong>cum</strong></span> <span class='ocrx_word' id='word_1_445' title='bbox 1093 1228 1121 1254; x_wconf 94' lang='lat' dir='ltr'><strong>in</strong></span> <span class='ocrx_word' id='word_1_446' title='bbox 1139 1226 1306 1262; x_wconf 86' lang='lat' dir='ltr'><strong>quotidianis</strong></span> <span class='ocrx_word' id='word_1_447' title='bbox 1324 1227 1407 1254; x_wconf 89' lang='lat' dir='ltr'><strong>vitam</strong></span> <span class='ocrx_word' id='word_1_448' title='bbox 1427 1226 1532 1254; x_wconf 84' lang='lat' dir='ltr'><strong>deliciis</strong></span> <span class='ocrx_word' id='word_1_449' title='bbox 1548 1231 1655 1261; x_wconf 75' lang='lat' dir='ltr'><strong>ageret,</strong></span> 
     </span>
    </p>
   </div>
   <div class='ocr_carea' id='block_1_63' title="bbox 869 1272 1659 1308">
    <p class='ocr_par' dir='ltr' id='par_1_63' title="bbox 869 1272 1659 1308">
     <span class='ocr_line' id='line_1_64' title="bbox 869 1272 1659 1308; baseline -0.005 -6"><span class='ocrx_word' id='word_1_450' title='bbox 869 1275 896 1302; x_wconf 86' lang='lat' dir='ltr'><strong>in</strong></span> <span class='ocrx_word' id='word_1_451' title='bbox 916 1281 1037 1302; x_wconf 84' lang='lat' dir='ltr'><strong>crassam</strong></span> <span class='ocrx_word' id='word_1_452' title='bbox 1066 1273 1193 1308; x_wconf 90' lang='lat' dir='ltr'><strong>corporis</strong></span> <span class='ocrx_word' id='word_1_453' title='bbox 1212 1272 1310 1300; x_wconf 88' lang='lat' dir='ltr'><strong>molem</strong></span> <span class='ocrx_word' id='word_1_454' title='bbox 1335 1272 1467 1305; x_wconf 84' lang='lat' dir='ltr'><strong>excrevit,</strong></span> <span class='ocrx_word' id='word_1_455' title='bbox 1494 1272 1659 1307; x_wconf 72' lang='lat' dir='ltr'><strong>pinguedine</strong></span> 
     </span>
    </p>
   </div>
   <div class='ocr_carea' id='block_1_64' title="bbox 869 1317 1659 1356">
    <p class='ocr_par' dir='ltr' id='par_1_64' title="bbox 869 1317 1659 1356">
     <span class='ocr_line' id='line_1_65' title="bbox 869 1317 1659 1356; baseline -0.005 -8"><span class='ocrx_word' id='word_1_456' title='bbox 869 1328 951 1356; x_wconf 91' lang='lat' dir='ltr'><strong>supra</strong></span> <span class='ocrx_word' id='word_1_457' title='bbox 967 1324 1071 1347; x_wconf 86' lang='lat' dir='ltr'><strong>naturae</strong></span> <span class='ocrx_word' id='word_1_458' title='bbox 1083 1319 1192 1346; x_wconf 88' lang='lat' dir='ltr'><strong>modum</strong></span> <span class='ocrx_word' id='word_1_459' title='bbox 1210 1319 1352 1346; x_wconf 85' lang='lat' dir='ltr'><strong>adauctus.</strong></span> <span class='ocrx_word' id='word_1_460' title='bbox 1368 1318 1447 1346; x_wconf 87' lang='lat' dir='ltr'><strong>Unde</strong></span> <span class='ocrx_word' id='word_1_461' title='bbox 1458 1317 1549 1345; x_wconf 85' lang='lat' dir='ltr'><strong>evenit</strong></span> <span class='ocrx_word' id='word_1_462' title='bbox 1564 1321 1659 1344; x_wconf 76' lang='lat' dir='ltr'><strong>utnon</strong></span> 
     </span>
    </p>
   </div>
   <div class='ocr_carea' id='block_1_65' title="bbox 870 1364 1659 1402">
    <p class='ocr_par' dir='ltr' id='par_1_65' title="bbox 870 1364 1659 1402">
     <span class='ocr_line' id='line_1_66' title="bbox 870 1364 1659 1402; baseline -0.006 -7"><span class='ocrx_word' id='word_1_463' title='bbox 870 1367 949 1396; x_wconf 89' lang='lat' dir='ltr'><strong>modo</strong></span> <span class='ocrx_word' id='word_1_464' title='bbox 965 1367 1133 1402; x_wconf 79' lang='lat' dir='ltr'><strong>negligenter</strong></span> <span class='ocrx_word' id='word_1_465' title='bbox 1151 1372 1265 1400; x_wconf 85' lang='lat' dir='ltr'><strong>regnum</strong></span> <span class='ocrx_word' id='word_1_466' title='bbox 1279 1364 1492 1396; x_wconf 86' lang='lat' dir='ltr'><strong>administraret,</strong></span> <span class='ocrx_word' id='word_1_467' title='bbox 1512 1365 1561 1392; x_wconf 90' lang='lat' dir='ltr'><strong>sed</strong></span> <span class='ocrx_word' id='word_1_468' title='bbox 1576 1364 1659 1391; x_wconf 84' lang='lat' dir='ltr'><strong>etiam</strong></span> 
     </span>
    </p>
   </div>
   <div class='ocr_carea' id='block_1_66' title="bbox 870 1410 1661 1448">
    <p class='ocr_par' dir='ltr' id='par_1_66' title="bbox 870 1410 1661 1448">
     <span class='ocr_line' id='line_1_67' title="bbox 870 1410 1661 1448; baseline -0.005 -7"><span class='ocrx_word' id='word_1_469' title='bbox 870 1421 965 1442; x_wconf 89' lang='lat' dir='ltr'><strong>somno</strong></span> <span class='ocrx_word' id='word_1_470' title='bbox 980 1419 1137 1448; x_wconf 82' lang='lat' dir='ltr'><strong>oppressus,</strong></span> <span class='ocrx_word' id='word_1_471' title='bbox 1160 1410 1283 1444; x_wconf 86' lang='lat' dir='ltr'><strong>aciculis,</strong></span> <span class='ocrx_word' id='word_1_472' title='bbox 1305 1411 1369 1438; x_wconf 88' lang='lat' dir='ltr'><strong>licet</strong></span> <span class='ocrx_word' id='word_1_473' title='bbox 1390 1410 1527 1446; x_wconf 77' lang='lat' dir='ltr'><strong>oblongis,</strong></span> <span class='ocrx_word' id='word_1_474' title='bbox 1549 1410 1575 1437; x_wconf 89' lang='lat' dir='ltr'><strong>in</strong></span> <span class='ocrx_word' id='word_1_475' title='bbox 1600 1417 1661 1437; x_wconf 86' lang='lat' dir='ltr'><strong>cor-</strong></span> 
     </span>
    </p>
   </div>
   <div class='ocr_carea' id='block_1_67' title="bbox 870 1455 1658 1496">
    <p class='ocr_par' dir='ltr' id='par_1_67' title="bbox 870 1455 1658 1496">
     <span class='ocr_line' id='line_1_68' title="bbox 870 1455 1658 1496; baseline -0.006 -9"><span class='ocrx_word' id='word_1_476' title='bbox 870 1467 935 1496; x_wconf 86' lang='lat' dir='ltr'><strong>pore</strong></span> <span class='ocrx_word' id='word_1_477' title='bbox 949 1459 1010 1486; x_wconf 75' lang='lat' dir='ltr'><strong>ﬁxis</strong></span> <span class='ocrx_word' id='word_1_478' title='bbox 1026 1459 1065 1494; x_wconf 91' lang='lat' dir='ltr'><strong>(id</strong></span> <span class='ocrx_word' id='word_1_479' title='bbox 1078 1458 1150 1486; x_wconf 90' lang='lat' dir='ltr'><strong>enim</strong></span> <span class='ocrx_word' id='word_1_480' title='bbox 1159 1457 1248 1485; x_wconf 88' lang='lat' dir='ltr'><strong>solum</strong></span> <span class='ocrx_word' id='word_1_481' title='bbox 1266 1456 1371 1484; x_wconf 86' lang='lat' dir='ltr'><strong>veterni</strong></span> <span class='ocrx_word' id='word_1_482' title='bbox 1386 1461 1414 1484; x_wconf 89' lang='lat' dir='ltr'><strong>et</strong></span> <span class='ocrx_word' id='word_1_483' title='bbox 1427 1455 1548 1490; x_wconf 86' lang='lat' dir='ltr'><strong>stuporis</strong></span> <span class='ocrx_word' id='word_1_484' title='bbox 1559 1463 1658 1490; x_wconf 83' lang='lat' dir='ltr'><strong>super-</strong></span> 
     </span>
    </p>
   </div>
   <div class='ocr_carea' id='block_1_68' title="bbox 870 1501 1661 1540">
    <p class='ocr_par' dir='ltr' id='par_1_68' title="bbox 870 1501 1661 1540">
     <span class='ocr_line' id='line_1_69' title="bbox 870 1501 1661 1540; baseline -0.008 -6"><span class='ocrx_word' id='word_1_485' title='bbox 870 1510 932 1534; x_wconf 87' lang='lat' dir='ltr'><strong>erat</strong></span> <span class='ocrx_word' id='word_1_486' title='bbox 958 1504 1121 1540; x_wconf 87' lang='lat' dir='ltr'><strong>remedium)</strong></span> <span class='ocrx_word' id='word_1_487' title='bbox 1148 1503 1191 1530; x_wconf 81' lang='lat' dir='ltr'><strong>vix</strong></span> <span class='ocrx_word' id='word_1_488' title='bbox 1217 1508 1306 1530; x_wconf 89' lang='lat' dir='ltr'><strong>tamen</strong></span> <span class='ocrx_word' id='word_1_489' title='bbox 1330 1510 1345 1529; x_wconf 94' lang='lat' dir='ltr'><strong>a</strong></span> <span class='ocrx_word' id='word_1_490' title='bbox 1381 1502 1487 1537; x_wconf 88' lang='lat' dir='ltr'><strong>soporis</strong></span> <span class='ocrx_word' id='word_1_491' title='bbox 1515 1501 1661 1537; x_wconf 81' lang='lat' dir='ltr'><strong>gravedine</strong></span> 
     </span>
    </p>
   </div>
   <div class='ocr_carea' id='block_1_69' title="bbox 871 1547 1661 1580">
    <p class='ocr_par' dir='ltr' id='par_1_69' title="bbox 871 1547 1661 1580">
     <span class='ocr_line' id='line_1_70' title="bbox 871 1547 1661 1580; baseline -0.005 0"><span class='ocrx_word' id='word_1_492' title='bbox 871 1552 1097 1580; x_wconf 81' lang='lat' dir='ltr'><strong>exsuscitaretur.</strong></span> <span class='ocrx_word' id='word_1_493' title='bbox 1127 1549 1226 1578; x_wconf 86' lang='lat' dir='ltr'><strong>Tribus</strong></span> <span class='ocrx_word' id='word_1_494' title='bbox 1250 1554 1340 1576; x_wconf 86' lang='lat' dir='ltr'><strong>autem</strong></span> <span class='ocrx_word' id='word_1_495' title='bbox 1363 1556 1397 1575; x_wconf 81' lang='lat' dir='ltr'><strong>ex</strong></span> <span class='ocrx_word' id='word_1_496' title='bbox 1423 1548 1543 1575; x_wconf 87' lang='lat' dir='ltr'><strong>Amastri</strong></span> <span class='ocrx_word' id='word_1_497' title='bbox 1565 1547 1661 1576; x_wconf 87' lang='lat' dir='ltr'><strong>liberis</strong></span> 
     </span>
    </p>
   </div>
   <div class='ocr_carea' id='block_1_70' title="bbox 871 1593 1661 1633">
    <p class='ocr_par' dir='ltr' id='par_1_70' title="bbox 871 1593 1661 1633">
     <span class='ocr_line' id='line_1_71' title="bbox 871 1593 1661 1633; baseline -0.005 -8"><span class='ocrx_word' id='word_1_498' title='bbox 871 1598 923 1626; x_wconf 87' lang='lat' dir='ltr'><strong>sibi</strong></span> <span class='ocrx_word' id='word_1_499' title='bbox 939 1597 1100 1633; x_wconf 88' lang='lat' dir='ltr'><strong>procreatis.</strong></span> <span class='ocrx_word' id='word_1_500' title='bbox 1114 1595 1258 1627; x_wconf 85' lang='lat' dir='ltr'><strong>Clearcho,</strong></span> <span class='ocrx_word' id='word_1_501' title='bbox 1271 1595 1405 1627; x_wconf 78' lang='lat' dir='ltr'><strong>Oxathrc,</strong></span> <span class='ocrx_word' id='word_1_502' title='bbox 1424 1598 1452 1621; x_wconf 91' lang='lat' dir='ltr'><strong>et</strong></span> <span class='ocrx_word' id='word_1_503' title='bbox 1466 1593 1520 1620; x_wconf 84' lang='lat' dir='ltr'><strong>ﬁlia</strong></span> <span class='ocrx_word' id='word_1_504' title='bbox 1537 1593 1661 1629; x_wconf 79' lang='lat' dir='ltr'><strong>ejusdem</strong></span> 
     </span>
    </p>
   </div>
   <div class='ocr_carea' id='block_1_71' title="bbox 872 1637 1658 1674">
    <p class='ocr_par' dir='ltr' id='par_1_71' title="bbox 872 1637 1658 1674">
     <span class='ocr_line' id='line_1_72' title="bbox 872 1637 1658 1674; baseline -0.005 -6"><span class='ocrx_word' id='word_1_505' title='bbox 872 1649 932 1669; x_wconf 86' lang='lat' dir='ltr'><strong>cum</strong></span> <span class='ocrx_word' id='word_1_506' title='bbox 950 1646 1036 1667; x_wconf 88' lang='lat' dir='ltr'><strong>matre</strong></span> <span class='ocrx_word' id='word_1_507' title='bbox 1059 1640 1187 1672; x_wconf 90' lang='lat' dir='ltr'><strong>nominis,</strong></span> <span class='ocrx_word' id='word_1_508' title='bbox 1201 1640 1257 1674; x_wconf 90' lang='lat' dir='ltr'><strong>jam</strong></span> <span class='ocrx_word' id='word_1_509' title='bbox 1281 1639 1362 1666; x_wconf 87' lang='lat' dir='ltr'><strong>morti</strong></span> <span class='ocrx_word' id='word_1_510' title='bbox 1385 1638 1562 1673; x_wconf 82' lang='lat' dir='ltr'><strong>propinquus,</strong></span> <span class='ocrx_word' id='word_1_511' title='bbox 1579 1637 1658 1665; x_wconf 79' lang='lat' dir='ltr'><strong>uxori</strong></span> 
     </span>
    </p>
   </div>
   <div class='ocr_carea' id='block_1_72' title="bbox 874 1685 1662 1718">
    <p class='ocr_par' dir='ltr' id='par_1_72' title="bbox 874 1685 1662 1718">
     <span class='ocr_line' id='line_1_73' title="bbox 874 1685 1662 1718; baseline -0.004 -3"><span class='ocrx_word' id='word_1_512' title='bbox 874 1687 1136 1715; x_wconf 88' lang='lat' dir='ltr'><strong>administrationem</strong></span> <span class='ocrx_word' id='word_1_513' title='bbox 1177 1691 1315 1718; x_wconf 89' lang='lat' dir='ltr'><strong>cunctam,</strong></span> <span class='ocrx_word' id='word_1_514' title='bbox 1352 1689 1380 1712; x_wconf 86' lang='lat' dir='ltr'><strong>et</strong></span> <span class='ocrx_word' id='word_1_515' title='bbox 1418 1685 1579 1718; x_wconf 87' lang='lat' dir='ltr'><strong>liberorum,</strong></span> <span class='ocrx_word' id='word_1_516' title='bbox 1616 1685 1662 1718; x_wconf 78' lang='lat' dir='ltr'><strong>qui</strong></span> 
     </span>
    </p>
   </div>
   <div class='ocr_carea' id='block_1_73' title="bbox 874 1730 1664 1763">
    <p class='ocr_par' dir='ltr' id='par_1_73' title="bbox 874 1730 1664 1763">
     <span class='ocr_line' id='line_1_74' title="bbox 874 1730 1664 1763; baseline -0.005 -3"><span class='ocrx_word' id='word_1_517' title='bbox 874 1733 961 1761; x_wconf 89' lang='lat' dir='ltr'><strong>adhuc</strong></span> <span class='ocrx_word' id='word_1_518' title='bbox 980 1738 1082 1761; x_wconf 75' lang='lat' dir='ltr'><strong>tenera:</strong></span> <span class='ocrx_word' id='word_1_519' title='bbox 1099 1733 1243 1760; x_wconf 87' lang='lat' dir='ltr'><strong>admodum</strong></span> <span class='ocrx_word' id='word_1_520' title='bbox 1268 1731 1356 1758; x_wconf 75' lang='lat' dir='ltr'><strong>anatis</strong></span> <span class='ocrx_word' id='word_1_521' title='bbox 1372 1735 1462 1762; x_wconf 79' lang='lat' dir='ltr'><strong>erant.</strong></span> <span class='ocrx_word' id='word_1_522' title='bbox 1478 1730 1590 1757; x_wconf 88' lang='lat' dir='ltr'><strong>tutelam</strong></span> <span class='ocrx_word' id='word_1_523' title='bbox 1605 1730 1664 1763; x_wconf 84' lang='lat' dir='ltr'><strong>(ad-</strong></span> 
     </span>
    </p>
   </div>
   <div class='ocr_carea' id='block_1_74' title="bbox 871 1775 1663 1814">
    <p class='ocr_par' dir='ltr' id='par_1_74' title="bbox 871 1775 1663 1814">
     <span class='ocr_line' id='line_1_75' title="bbox 871 1775 1663 1814; baseline -0.006 -7"><span class='ocrx_word' id='word_1_524' title='bbox 871 1778 973 1814; x_wconf 88' lang='lat' dir='ltr'><strong>junctis</strong></span> <span class='ocrx_word' id='word_1_525' title='bbox 998 1779 1160 1814; x_wconf 88' lang='lat' dir='ltr'><strong>quihusdam</strong></span> <span class='ocrx_word' id='word_1_526' title='bbox 1188 1778 1259 1812; x_wconf 88' lang='lat' dir='ltr'><strong>aliis)</strong></span> <span class='ocrx_word' id='word_1_527' title='bbox 1283 1776 1432 1811; x_wconf 80' lang='lat' dir='ltr'><strong>relinquit:</strong></span> <span class='ocrx_word' id='word_1_528' title='bbox 1460 1783 1521 1803; x_wconf 86' lang='lat' dir='ltr'><strong>cum</strong></span> <span class='ocrx_word' id='word_1_529' title='bbox 1546 1775 1663 1803; x_wconf 84' lang='lat' dir='ltr'><strong>vixisset</strong></span> 
     </span>
    </p>
   </div>
   <div class='ocr_carea' id='block_1_75' title="bbox 60 1822 1666 1860">
    <p class='ocr_par' dir='ltr' id='par_1_75' title="bbox 60 1822 1666 1860">
     <span class='ocr_line' id='line_1_76' title="bbox 60 1822 1666 1860; baseline 0.003 -16"><span class='ocrx_word' id='word_1_530' title='bbox 60 1825 125 1846; x_wconf 81' lang='lat' dir='ltr'><strong>annos</strong></span> <span class='ocrx_word' id='word_1_531' title='bbox 138 1829 176 1854; x_wconf 77' lang='grc' dir='ltr'>ιν,</span> <span class='ocrx_word' id='word_1_532' title='bbox 191 1822 216 1849; x_wconf 92' lang='lat' dir='ltr'><strong>in</strong></span> <span class='ocrx_word' id='word_1_533' title='bbox 229 1823 345 1857; x_wconf 90' lang='lat' dir='ltr'><strong>imperio</strong></span> <span class='ocrx_word' id='word_1_534' title='bbox 361 1829 452 1852; x_wconf 82' lang='lat' dir='ltr'><strong>aulem</strong></span> <span class='ocrx_word' id='word_1_535' title='bbox 464 1826 630 1860; x_wconf 89' lang='lat' dir='ltr'><strong>conspicuus</strong></span> <span class='ocrx_word' id='word_1_536' title='bbox 643 1826 739 1853; x_wconf 88' lang='lat' dir='ltr'><strong>fuisset</strong></span> <span class='ocrx_word' id='word_1_537' title='bbox 752 1834 817 1858; x_wconf 83' lang='lat' dir='ltr'><strong>xxx,</strong></span> <span class='ocrx_word' id='word_1_538' title='bbox 838 1826 864 1853; x_wconf 91' lang='lat' dir='ltr'><strong>in</strong></span> <span class='ocrx_word' id='word_1_539' title='bbox 885 1833 939 1860; x_wconf 92' lang='lat' dir='ltr'><strong>quo</strong></span> <span class='ocrx_word' id='word_1_540' title='bbox 965 1833 993 1853; x_wconf 90' lang='lat' dir='ltr'><strong>se</strong></span> <span class='ocrx_word' id='word_1_541' title='bbox 1019 1826 1194 1853; x_wconf 86' lang='lat' dir='ltr'><strong>mitissimum</strong></span> <span class='ocrx_word' id='word_1_542' title='bbox 1230 1825 1314 1860; x_wconf 91' lang='lat' dir='ltr'><strong>(quod</strong></span> <span class='ocrx_word' id='word_1_543' title='bbox 1340 1823 1407 1858; x_wconf 85' lang='lat' dir='ltr'><strong>dixi)</strong></span> <span class='ocrx_word' id='word_1_544' title='bbox 1436 1822 1532 1859; x_wconf 80' lang='lat' dir='ltr'><strong>gessit,</strong></span> <span class='ocrx_word' id='word_1_545' title='bbox 1559 1823 1598 1850; x_wconf 86' lang='lat' dir='ltr'><strong>ita</strong></span> <span class='ocrx_word' id='word_1_546' title='bbox 1636 1828 1666 1850; x_wconf 88' lang='lat' dir='ltr'><strong>ut</strong></span> 
     </span>
    </p>
   </div>
   <div class='ocr_carea' id='block_1_76' title="bbox 61 1869 1666 1906">
    <p class='ocr_par' dir='ltr' id='par_1_76' title="bbox 61 1869 1666 1906">
     <span class='ocr_line' id='line_1_77' title="bbox 61 1869 1666 1906; baseline 0 -8"><span class='ocrx_word' id='word_1_547' title='bbox 61 1870 237 1898; x_wconf 64' lang='grc' dir='ltr'><strong>Γοέηοιιιοιιιοηι</strong></span> <span class='ocrx_word' id='word_1_548' title='bbox 258 1869 372 1905; x_wconf 81' lang='lat' dir='ltr'><strong>Benigni</strong></span> <span class='ocrx_word' id='word_1_549' title='bbox 397 1877 431 1897; x_wconf 82' lang='lat' dir='ltr'><strong>ex</strong></span> <span class='ocrx_word' id='word_1_550' title='bbox 449 1870 570 1898; x_wconf 85' lang='lat' dir='ltr'><strong>moribus</strong></span> <span class='ocrx_word' id='word_1_551' title='bbox 600 1870 732 1904; x_wconf 86' lang='lat' dir='ltr'><strong>referret;</strong></span> <span class='ocrx_word' id='word_1_552' title='bbox 757 1878 938 1906; x_wconf 77' lang='lat' dir='ltr'><strong>magnumque</strong></span> <span class='ocrx_word' id='word_1_553' title='bbox 956 1871 1061 1898; x_wconf 86' lang='lat' dir='ltr'><strong>civibus</strong></span> <span class='ocrx_word' id='word_1_554' title='bbox 1087 1871 1251 1898; x_wconf 85' lang='lat' dir='ltr'><strong>desiderium</strong></span> <span class='ocrx_word' id='word_1_555' title='bbox 1285 1876 1312 1898; x_wconf 88' lang='lat' dir='ltr'><strong>et</strong></span> <span class='ocrx_word' id='word_1_556' title='bbox 1335 1871 1438 1898; x_wconf 87' lang='lat' dir='ltr'><strong>luetum</strong></span> <span class='ocrx_word' id='word_1_557' title='bbox 1470 1875 1531 1906; x_wconf 88' lang='lat' dir='ltr'><strong>post</strong></span> <span class='ocrx_word' id='word_1_558' title='bbox 1565 1877 1595 1898; x_wconf 90' lang='lat' dir='ltr'><strong>se</strong></span> <span class='ocrx_word' id='word_1_559' title='bbox 1626 1877 1666 1898; x_wconf 88' lang='lat' dir='ltr'><strong>re-</strong></span> 
     </span>
    </p>
   </div>
   <div class='ocr_carea' id='block_1_77' title="bbox 63 1910 129 1943">
    <p class='ocr_par' dir='ltr' id='par_1_77' title="bbox 63 1910 129 1943">
     <span class='ocr_line' id='line_1_78' title="bbox 63 1910 129 1943; baseline 0.045 -7"><span class='ocrx_word' id='word_1_560' title='bbox 63 1910 129 1943; x_wconf 83' lang='lat' dir='ltr'><strong>liquit.</strong></span> 
     </span>
    </p>
   </div>
   <div class='ocr_carea' id='block_1_78' title="bbox 87 1958 820 1999">
    <p class='ocr_par' dir='ltr' id='par_1_78' title="bbox 87 1958 820 1999">
     <span class='ocr_line' id='line_1_79' title="bbox 87 1958 820 1999; baseline 0.008 -15"><span class='ocrx_word' id='word_1_561' title='bbox 87 1958 153 1985; x_wconf 73' lang='grc' dir='ltr'>Οὐδὲν</span> <span class='ocrx_word' id='word_1_562' title='bbox 163 1960 188 1987; x_wconf 79' lang='grc' dir='ltr'>δὲ</span> <span class='ocrx_word' id='word_1_563' title='bbox 199 1959 280 1998; x_wconf 85' lang='grc' dir='ltr'>ἦττον</span> <span class='ocrx_word' id='word_1_564' title='bbox 293 1962 341 1989; x_wconf 83' lang='grc' dir='ltr'>καὶ</span> <span class='ocrx_word' id='word_1_565' title='bbox 356 1963 425 1998; x_wconf 74' lang='grc' dir='ltr'>μετὰ</span> <span class='ocrx_word' id='word_1_566' title='bbox 438 1963 489 1998; x_wconf 83' lang='grc' dir='ltr'><strong>τὴν</strong></span> <span class='ocrx_word' id='word_1_567' title='bbox 505 1963 610 1990; x_wconf 84' lang='grc' dir='ltr'>ἐκείνου</span> <span class='ocrx_word' id='word_1_568' title='bbox 625 1962 654 1996; x_wconf 76' lang='grc' dir='ltr'><strong>ἐξ</strong></span> <span class='ocrx_word' id='word_1_569' title='bbox 668 1963 820 1999; x_wconf 81' lang='grc' dir='ltr'>ἀνθρώπων</span> 
     </span>
    </p>
   </div>
   <div class='ocr_carea' id='block_1_79' title="bbox 63 2002 820 2045">
    <p class='ocr_par' dir='ltr' id='par_1_79' title="bbox 63 2002 820 2045">
     <span class='ocr_line' id='line_1_80' title="bbox 63 2002 820 2045; baseline 0.005 -13"><span class='ocrx_word' id='word_1_570' title='bbox 63 2002 204 2041; x_wconf 70' lang='grc' dir='ltr'><strong>ἀναχώρησιν</strong></span> <span class='ocrx_word' id='word_1_571' title='bbox 223 2009 256 2035; x_wconf 83' lang='grc' dir='ltr'>τὰ</span> <span class='ocrx_word' id='word_1_572' title='bbox 282 2009 331 2044; x_wconf 85' lang='grc' dir='ltr'>τῆς</span> <span class='ocrx_word' id='word_1_573' title='bbox 347 2009 451 2041; x_wconf 79' lang='grc' dir='ltr'>πόλεως</span> <span class='ocrx_word' id='word_1_574' title='bbox 472 2009 540 2045; x_wconf 77' lang='grc' dir='ltr'>πρὸς</span> <span class='ocrx_word' id='word_1_575' title='bbox 562 2010 736 2044; x_wconf 79' lang='grc' dir='ltr'>εὐδαιμονίαν</span> <span class='ocrx_word' id='word_1_576' title='bbox 757 2011 820 2044; x_wconf 75' lang='grc' dir='ltr'><strong>ἐφέ-</strong></span> 
     </span>
    </p>
   </div>
   <div class='ocr_carea' id='block_1_80' title="bbox 66 2052 822 2088">
    <p class='ocr_par' dir='ltr' id='par_1_80' title="bbox 66 2052 822 2088">
     <span class='ocr_line' id='line_1_81' title="bbox 66 2052 822 2088; baseline 0.011 -14"><span class='ocrx_word' id='word_1_577' title='bbox 66 2055 124 2082; x_wconf 75' lang='grc' dir='ltr'>ρετο,</span> <span class='ocrx_word' id='word_1_578' title='bbox 144 2052 291 2088; x_wconf 78' lang='grc' dir='ltr'>Ἀντιγόνου</span> <span class='ocrx_word' id='word_1_579' title='bbox 316 2055 369 2081; x_wconf 78' lang='grc' dir='ltr'>τῶν</span> <span class='ocrx_word' id='word_1_580' title='bbox 384 2063 412 2081; x_wconf 79' lang='grc' dir='ltr'><strong>τε</strong></span> <span class='ocrx_word' id='word_1_581' title='bbox 436 2055 538 2082; x_wconf 81' lang='grc' dir='ltr'>παίδων</span> <span class='ocrx_word' id='word_1_582' title='bbox 554 2057 693 2082; x_wconf 73' lang='grc' dir='ltr'>Διονυσίου</span> <span class='ocrx_word' id='word_1_583' title='bbox 709 2057 756 2082; x_wconf 80' lang='grc' dir='ltr'>καὶ</span> <span class='ocrx_word' id='word_1_584' title='bbox 769 2056 822 2082; x_wconf 87' lang='grc' dir='ltr'><strong>τῶν</strong></span> 
     </span>
    </p>
   </div>
   <div class='ocr_carea' id='block_1_81' title="bbox 65 2095 821 2136">
    <p class='ocr_par' dir='ltr' id='par_1_81' title="bbox 65 2095 821 2136">
     <span class='ocr_line' id='line_1_82' title="bbox 65 2095 821 2136; baseline 0.011 -15"><span class='ocrx_word' id='word_1_585' title='bbox 65 2095 155 2124; x_wconf 77' lang='grc' dir='ltr'>πολιτῶν</span> <span class='ocrx_word' id='word_1_586' title='bbox 175 2099 203 2125; x_wconf 70' lang='grc' dir='ltr'>οὐ</span> <span class='ocrx_word' id='word_1_587' title='bbox 230 2101 380 2136; x_wconf 81' lang='grc' dir='ltr'>παρέργως</span> <span class='ocrx_word' id='word_1_588' title='bbox 402 2102 615 2136; x_wconf 78' lang='grc' dir='ltr'>προνοουμένου.</span> <span class='ocrx_word' id='word_1_589' title='bbox 646 2102 768 2129; x_wconf 82' lang='grc' dir='ltr'>Ἐκείνου</span> <span class='ocrx_word' id='word_1_590' title='bbox 792 2102 821 2129; x_wconf 76' lang='grc' dir='ltr'>δὲ</span> 
     </span>
    </p>
   </div>
   <div class='ocr_carea' id='block_1_82' title="bbox 66 2142 823 2183">
    <p class='ocr_par' dir='ltr' id='par_1_82' title="bbox 66 2142 823 2183">
     <span class='ocr_line' id='line_1_83' title="bbox 66 2142 823 2183; baseline 0 -9"><span class='ocrx_word' id='word_1_591' title='bbox 66 2142 115 2174; x_wconf 50' lang='grc' dir='ltr'><strong>πρὸς</strong></span> <span class='ocrx_word' id='word_1_592' title='bbox 131 2143 205 2180; x_wconf 68' lang='grc' dir='ltr'>ἕτερα</span> <span class='ocrx_word' id='word_1_593' title='bbox 229 2147 280 2178; x_wconf 81' lang='grc' dir='ltr'><strong>τὰς</strong></span> <span class='ocrx_word' id='word_1_594' title='bbox 302 2147 445 2182; x_wconf 80' lang='grc' dir='ltr'>φροντίδας</span> <span class='ocrx_word' id='word_1_595' title='bbox 461 2148 648 2183; x_wconf 82' lang='grc' dir='ltr'>τρεψαμένου,</span> <span class='ocrx_word' id='word_1_596' title='bbox 664 2147 823 2183; x_wconf 83' lang='grc' dir='ltr'>Λυσίμαχος</span> 
     </span>
    </p>
   </div>
   <div class='ocr_carea' id='block_1_83' title="bbox 66 2186 823 2233">
    <p class='ocr_par' dir='ltr' id='par_1_83' title="bbox 66 2186 823 2233">
     <span class='ocr_line' id='line_1_84' title="bbox 66 2186 823 2233; baseline 0.001 -15"><span class='ocrx_word' id='word_1_597' title='bbox 66 2186 126 2233; x_wconf 50' lang='grc' dir='ltr'>ςκιξλιν</span> <span class='ocrx_word' id='word_1_598' title='bbox 139 2190 187 2217; x_wconf 85' lang='grc' dir='ltr'>τῶν</span> <span class='ocrx_word' id='word_1_599' title='bbox 200 2193 264 2228; x_wconf 81' lang='grc' dir='ltr'>περὶ</span> <span class='ocrx_word' id='word_1_600' title='bbox 286 2192 450 2227; x_wconf 83' lang='grc' dir='ltr'>Ἡράκλειαν</span> <span class='ocrx_word' id='word_1_601' title='bbox 464 2195 513 2220; x_wconf 81' lang='grc' dir='ltr'><strong>καὶ</strong></span> <span class='ocrx_word' id='word_1_602' title='bbox 528 2193 582 2220; x_wconf 85' lang='grc' dir='ltr'>τῶν</span> <span class='ocrx_word' id='word_1_603' title='bbox 601 2193 706 2220; x_wconf 83' lang='grc' dir='ltr'>παίδων</span> <span class='ocrx_word' id='word_1_604' title='bbox 721 2193 823 2228; x_wconf 81' lang='grc' dir='ltr'>ἐπεμε-</span> 
     </span>
    </p>
   </div>
   <div class='ocr_carea' id='block_1_84' title="bbox 66 2232 823 2273">
    <p class='ocr_par' dir='ltr' id='par_1_84' title="bbox 66 2232 823 2273">
     <span class='ocr_line' id='line_1_85' title="bbox 66 2232 823 2273; baseline 0.001 -9"><span class='ocrx_word' id='word_1_605' title='bbox 66 2232 126 2264; x_wconf 70' lang='grc' dir='ltr'><strong>λεῖτο,</strong></span> <span class='ocrx_word' id='word_1_606' title='bbox 137 2234 163 2266; x_wconf 74' lang='grc' dir='ltr'><strong>ὃς</strong></span> <span class='ocrx_word' id='word_1_607' title='bbox 180 2237 226 2263; x_wconf 80' lang='grc' dir='ltr'>καὶ</span> <span class='ocrx_word' id='word_1_608' title='bbox 243 2238 398 2273; x_wconf 75' lang='grc' dir='ltr'>’Ἄμαστριν</span> <span class='ocrx_word' id='word_1_609' title='bbox 415 2239 532 2264; x_wconf 85' lang='grc' dir='ltr'>ποιεῖται</span> <span class='ocrx_word' id='word_1_610' title='bbox 547 2239 674 2272; x_wconf 84' lang='grc' dir='ltr'>γυναῖκα.</span> <span class='ocrx_word' id='word_1_611' title='bbox 692 2238 749 2265; x_wconf 77' lang='grc' dir='ltr'><strong>Καὶ</strong></span> <span class='ocrx_word' id='word_1_612' title='bbox 762 2238 823 2265; x_wconf 82' lang='grc' dir='ltr'>κατ’</span> 
     </span>
    </p>
   </div>
   <div class='ocr_carea' id='block_1_85' title="bbox 67 2268 864 2321">
    <p class='ocr_par' dir='ltr' id='par_1_85' title="bbox 67 2268 864 2321">
     <span class='ocr_line' id='line_1_86' title="bbox 67 2268 864 2321; baseline 0.004 -12"><span class='ocrx_word' id='word_1_613' title='bbox 67 2276 132 2311; x_wconf 55' lang='lat' dir='ltr'><strong>dixit</strong></span> <span class='ocrx_word' id='word_1_614' title='bbox 143 2280 188 2314; x_wconf 79' lang='grc' dir='ltr'><strong>μὲν</strong></span> <span class='ocrx_word' id='word_1_615' title='bbox 203 2282 262 2309; x_wconf 84' lang='grc' dir='ltr'>λίαν</span> <span class='ocrx_word' id='word_1_616' title='bbox 275 2268 397 2318; x_wconf 58' lang='grc' dir='ltr'>έστερξε,</span> <span class='ocrx_word' id='word_1_617' title='bbox 415 2268 590 2319; x_wconf 79' lang='grc' dir='ltr'>πραγμάτων</span> <span class='ocrx_word' id='word_1_618' title='bbox 604 2285 632 2311; x_wconf 81' lang='grc' dir='ltr'>δὲ</span> <span class='ocrx_word' id='word_1_619' title='bbox 647 2284 723 2320; x_wconf 88' lang='grc' dir='ltr'><strong>αὐτῷ</strong></span> <span class='ocrx_word' id='word_1_620' title='bbox 738 2293 824 2321; x_wconf 84' lang='grc' dir='ltr'>προσ·</span> <span class='ocrx_word' id='word_1_621' title='bbox 837 2268 864 2298; x_wconf 83' lang='lat' dir='ltr'><strong>D</strong></span> 
     </span>
    </p>
   </div>
   <div class='ocr_carea' id='block_1_86' title="bbox 67 2324 825 2366">
    <p class='ocr_par' dir='ltr' id='par_1_86' title="bbox 67 2324 825 2366">
     <span class='ocr_line' id='line_1_87' title="bbox 67 2324 825 2366; baseline 0.013 -18"><span class='ocrx_word' id='word_1_622' title='bbox 67 2324 177 2353; x_wconf 71' lang='grc' dir='ltr'>πεσόντων</span> <span class='ocrx_word' id='word_1_623' title='bbox 191 2328 274 2364; x_wconf 81' lang='grc' dir='ltr'>αὐτὴν</span> <span class='ocrx_word' id='word_1_624' title='bbox 296 2329 345 2364; x_wconf 78' lang='grc' dir='ltr'>μὲν</span> <span class='ocrx_word' id='word_1_625' title='bbox 371 2330 400 2356; x_wconf 83' lang='grc' dir='ltr'>ὲν</span> <span class='ocrx_word' id='word_1_626' title='bbox 422 2330 573 2366; x_wconf 73' lang='grc' dir='ltr'>Ἡρακλείᾳ</span> <span class='ocrx_word' id='word_1_627' title='bbox 592 2330 692 2363; x_wconf 85' lang='grc' dir='ltr'>λείπει,</span> <span class='ocrx_word' id='word_1_628' title='bbox 706 2331 788 2363; x_wconf 81' lang='grc' dir='ltr'>αὐτὸς</span> <span class='ocrx_word' id='word_1_629' title='bbox 802 2331 825 2358; x_wconf 83' lang='grc' dir='ltr'>δ’</span> 
     </span>
    </p>
   </div>
   <div class='ocr_carea' id='block_1_87' title="bbox 69 2367 826 2412">
    <p class='ocr_par' dir='ltr' id='par_1_87' title="bbox 69 2367 826 2412">
     <span class='ocr_line' id='line_1_88' title="bbox 69 2367 826 2412; baseline 0.012 -17"><span class='ocrx_word' id='word_1_630' title='bbox 69 2367 135 2403; x_wconf 77' lang='grc' dir='ltr'>εἴχετο</span> <span class='ocrx_word' id='word_1_631' title='bbox 149 2372 198 2400; x_wconf 83' lang='grc' dir='ltr'>τῶν</span> <span class='ocrx_word' id='word_1_632' title='bbox 213 2374 388 2409; x_wconf 74' lang='grc' dir='ltr'>ἐπειγόντων.</span> <span class='ocrx_word' id='word_1_633' title='bbox 407 2375 455 2408; x_wconf 83' lang='grc' dir='ltr'><strong>Είς</strong></span> <span class='ocrx_word' id='word_1_634' title='bbox 472 2376 585 2411; x_wconf 79' lang='grc' dir='ltr'>Σάρδεις</span> <span class='ocrx_word' id='word_1_635' title='bbox 599 2377 629 2404; x_wconf 84' lang='grc' dir='ltr'>δὲ</span> <span class='ocrx_word' id='word_1_636' title='bbox 647 2377 706 2412; x_wconf 79' lang='grc' dir='ltr'>μετ’</span> <span class='ocrx_word' id='word_1_637' title='bbox 725 2378 757 2404; x_wconf 90' lang='grc' dir='ltr'><strong>οὑ</strong></span> <span class='ocrx_word' id='word_1_638' title='bbox 777 2386 826 2404; x_wconf 77' lang='grc' dir='ltr'>πο‹</span> 
     </span>
    </p>
   </div>
   <div class='ocr_carea' id='block_1_88' title="bbox 69 2412 826 2459">
    <p class='ocr_par' dir='ltr' id='par_1_88' title="bbox 69 2412 826 2459">
     <span class='ocr_line' id='line_1_89' title="bbox 69 2412 826 2459; baseline 0.004 -13"><span class='ocrx_word' id='word_1_639' title='bbox 69 2412 103 2440; x_wconf 71' lang='grc' dir='ltr'>λῖδν</span> <span class='ocrx_word' id='word_1_640' title='bbox 112 2417 203 2454; x_wconf 77' lang='grc' dir='ltr'>χρόνον,</span> <span class='ocrx_word' id='word_1_641' title='bbox 216 2421 270 2449; x_wconf 70' lang='grc' dir='ltr'>τῶν</span> <span class='ocrx_word' id='word_1_642' title='bbox 286 2422 392 2449; x_wconf 84' lang='grc' dir='ltr'>πολλῶν</span> <span class='ocrx_word' id='word_1_643' title='bbox 403 2423 492 2450; x_wconf 87' lang='grc' dir='ltr'>πόνων</span> <span class='ocrx_word' id='word_1_644' title='bbox 504 2423 613 2459; x_wconf 75' lang='grc' dir='ltr'>ῥαΐσας,</span> <span class='ocrx_word' id='word_1_645' title='bbox 630 2424 826 2459; x_wconf 77' lang='grc' dir='ltr'>μετεπέμψατο</span> 
     </span>
    </p>
   </div>
   <div class='ocr_carea' id='block_1_89' title="bbox 70 2461 825 2506">
    <p class='ocr_par' dir='ltr' id='par_1_89' title="bbox 70 2461 825 2506">
     <span class='ocr_line' id='line_1_90' title="bbox 70 2461 825 2506; baseline 0.005 -13"><span class='ocrx_word' id='word_1_646' title='bbox 70 2461 156 2506; x_wconf 66' lang='grc' dir='ltr'><strong>ῖιύτην.</strong></span> <span class='ocrx_word' id='word_1_647' title='bbox 169 2467 212 2493; x_wconf 79' lang='grc' dir='ltr'><strong>καὶ</strong></span> <span class='ocrx_word' id='word_1_648' title='bbox 232 2467 361 2504; x_wconf 75' lang='grc' dir='ltr'>ἔστεργεν</span> <span class='ocrx_word' id='word_1_649' title='bbox 376 2469 487 2504; x_wconf 77' lang='grc' dir='ltr'>ὁμοίως.</span> <span class='ocrx_word' id='word_1_650' title='bbox 501 2470 634 2506; x_wconf 70' lang='grc' dir='ltr'>’Υστερον</span> <span class='ocrx_word' id='word_1_651' title='bbox 648 2470 678 2497; x_wconf 79' lang='grc' dir='ltr'>δὲ</span> <span class='ocrx_word' id='word_1_652' title='bbox 691 2471 759 2506; x_wconf 88' lang='grc' dir='ltr'>πρὸς</span> <span class='ocrx_word' id='word_1_653' title='bbox 776 2471 825 2506; x_wconf 84' lang='grc' dir='ltr'><strong>τὴν</strong></span> 
     </span>
    </p>
   </div>
   <div class='ocr_carea' id='block_1_90' title="bbox 71 2504 824 2556">
    <p class='ocr_par' dir='ltr' id='par_1_90' title="bbox 71 2504 824 2556">
     <span class='ocr_line' id='line_1_91' title="bbox 71 2504 824 2556; baseline 0.012 -23"><span class='ocrx_word' id='word_1_654' title='bbox 71 2504 180 2556; x_wconf 35' lang='grc' dir='ltr'>(ξξλγατέρα</span> <span class='ocrx_word' id='word_1_655' title='bbox 192 2512 215 2528; x_wconf 76' lang='grc'><strong>’⁸</strong></span> <span class='ocrx_word' id='word_1_656' title='bbox 228 2514 396 2550; x_wconf 81' lang='grc' dir='ltr'>Πτολεμαίου</span> <span class='ocrx_word' id='word_1_657' title='bbox 423 2514 471 2542; x_wconf 79' lang='grc' dir='ltr'><strong>τοῦ</strong></span> <span class='ocrx_word' id='word_1_658' title='bbox 490 2504 656 2550; x_wconf 81' lang='grc' dir='ltr'>Φιλαδέλφου</span> <span class='ocrx_word' id='word_1_659' title='bbox 681 2504 824 2552; x_wconf 22' lang='grc' dir='ltr'><strong>(Ἃρσινόνη</strong></span> 
     </span>
    </p>
   </div>
   <div class='ocr_carea' id='block_1_91' title="bbox 71 2550 827 2597">
    <p class='ocr_par' dir='ltr' id='par_1_91' title="bbox 71 2550 827 2597">
     <span class='ocr_line' id='line_1_92' title="bbox 71 2550 827 2597; baseline 0.009 -15"><span class='ocrx_word' id='word_1_660' title='bbox 71 2550 91 2576; x_wconf 60' lang='grc' dir='ltr'><strong>δὲ</strong></span> <span class='ocrx_word' id='word_1_661' title='bbox 100 2550 126 2588; x_wconf 83' lang='grc' dir='ltr'><strong>ἦν</strong></span> <span class='ocrx_word' id='word_1_662' title='bbox 136 2556 162 2582; x_wconf 80' lang='grc' dir='ltr'><strong>τὸ</strong></span> <span class='ocrx_word' id='word_1_663' title='bbox 172 2557 272 2595; x_wconf 74' lang='grc' dir='ltr'>ὄνομα)</span> <span class='ocrx_word' id='word_1_664' title='bbox 284 2560 330 2586; x_wconf 82' lang='grc' dir='ltr'><strong>τὸν</strong></span> <span class='ocrx_word' id='word_1_665' title='bbox 347 2560 437 2596; x_wconf 81' lang='grc' dir='ltr'>ἔρωτα</span> <span class='ocrx_word' id='word_1_666' title='bbox 451 2561 588 2596; x_wconf 82' lang='grc' dir='ltr'>μεταθεὶς,</span> <span class='ocrx_word' id='word_1_667' title='bbox 602 2550 763 2596; x_wconf 84' lang='grc' dir='ltr'>διαζυγῆναι</span> <span class='ocrx_word' id='word_1_668' title='bbox 777 2550 827 2597; x_wconf 79' lang='grc' dir='ltr'>τὴν</span> 
     </span>
    </p>
   </div>
   <div class='ocr_carea' id='block_1_92' title="bbox 74 2597 827 2642">
    <p class='ocr_par' dir='ltr' id='par_1_92' title="bbox 74 2597 827 2642">
     <span class='ocr_line' id='line_1_93' title="bbox 74 2597 827 2642; baseline 0.001 -9"><span class='ocrx_word' id='word_1_669' title='bbox 74 2597 197 2638; x_wconf 66' lang='grc' dir='ltr'>Ἄμαστριν</span> <span class='ocrx_word' id='word_1_670' title='bbox 206 2606 436 2642; x_wconf 76' lang='grc' dir='ltr'>αὐτοῦ’παρέσχεν</span> <span class='ocrx_word' id='word_1_671' title='bbox 448 2608 549 2641; x_wconf 83' lang='grc' dir='ltr'>αἰτίαν,</span> <span class='ocrx_word' id='word_1_672' title='bbox 562 2608 610 2634; x_wconf 78' lang='grc' dir='ltr'>καὶ</span> <span class='ocrx_word' id='word_1_673' title='bbox 621 2607 827 2634; x_wconf 78' lang='grc' dir='ltr'>καταλιποῦσαν</span> 
     </span>
    </p>
   </div>
   <div class='ocr_carea' id='block_1_93' title="bbox 74 2643 826 2689">
    <p class='ocr_par' dir='ltr' id='par_1_93' title="bbox 74 2643 826 2689">
     <span class='ocr_line' id='line_1_94' title="bbox 74 2643 826 2689; baseline 0.001 -11"><span class='ocrx_word' id='word_1_674' title='bbox 74 2643 144 2673; x_wconf 55' lang='grc' dir='ltr'><strong>τοῦτον</strong></span> <span class='ocrx_word' id='word_1_675' title='bbox 154 2650 308 2679; x_wconf 78' lang='grc' dir='ltr'>καταλαϐεῖν</span> <span class='ocrx_word' id='word_1_676' title='bbox 322 2653 372 2689; x_wconf 82' lang='grc' dir='ltr'>τὴν</span> <span class='ocrx_word' id='word_1_677' title='bbox 388 2653 565 2688; x_wconf 79' lang='grc' dir='ltr'>Ἡράκλειαν.</span> <span class='ocrx_word' id='word_1_678' title='bbox 584 2653 702 2689; x_wconf 80' lang='grc' dir='ltr'>Ἐγεὶρει</span> <span class='ocrx_word' id='word_1_679' title='bbox 715 2653 744 2679; x_wconf 85' lang='grc' dir='ltr'>δὲ</span> <span class='ocrx_word' id='word_1_680' title='bbox 756 2653 826 2688; x_wconf 76' lang='grc' dir='ltr'>αὕτη</span> 
     </span>
    </p>
   </div>
   <div class='ocr_carea' id='block_1_94' title="bbox 75 2694 753 2736">
    <p class='ocr_par' dir='ltr' id='par_1_94' title="bbox 75 2694 753 2736">
     <span class='ocr_line' id='line_1_95' title="bbox 75 2694 753 2736; baseline 0.003 -12"><span class='ocrx_word' id='word_1_681' title='bbox 75 2694 251 2732; x_wconf 65' lang='grc' dir='ltr'><strong>παραγενομένη</strong></span> <span class='ocrx_word' id='word_1_682' title='bbox 265 2699 312 2725; x_wconf 78' lang='grc' dir='ltr'>καὶ</span> <span class='ocrx_word' id='word_1_683' title='bbox 326 2699 474 2731; x_wconf 76' lang='grc' dir='ltr'>συνοικίζει</span> <span class='ocrx_word' id='word_1_684' title='bbox 490 2700 570 2727; x_wconf 83' lang='grc' dir='ltr'>πόλιν</span> <span class='ocrx_word' id='word_1_685' title='bbox 588 2701 753 2736; x_wconf 73' lang='grc' dir='ltr'>Ἄμαστριν.</span> 
     </span>
    </p>
   </div>
   <div class='ocr_carea' id='block_1_95' title="bbox 911 1959 1665 1993">
    <p class='ocr_par' dir='ltr' id='par_1_95' title="bbox 911 1959 1665 1993">
     <span class='ocr_line' id='line_1_96' title="bbox 911 1959 1665 1993; baseline -0.004 -4"><span class='ocrx_word' id='word_1_686' title='bbox 911 1961 1001 1989; x_wconf 80' lang='lat' dir='ltr'><strong>Nihilo</strong></span> <span class='ocrx_word' id='word_1_687' title='bbox 1016 1965 1106 1988; x_wconf 86' lang='lat' dir='ltr'><strong>tamen</strong></span> <span class='ocrx_word' id='word_1_688' title='bbox 1131 1959 1233 1991; x_wconf 89' lang='lat' dir='ltr'><strong>minus,</strong></span> <span class='ocrx_word' id='word_1_689' title='bbox 1248 1963 1307 1993; x_wconf 92' lang='lat' dir='ltr'><strong>post</strong></span> <span class='ocrx_word' id='word_1_690' title='bbox 1326 1959 1385 1993; x_wconf 85' lang='lat' dir='ltr'><strong>ejus</strong></span> <span class='ocrx_word' id='word_1_691' title='bbox 1401 1966 1416 1986; x_wconf 91' lang='lat' dir='ltr'><strong>a</strong></span> <span class='ocrx_word' id='word_1_692' title='bbox 1430 1959 1591 1988; x_wconf 82' lang='lat' dir='ltr'><strong>mortalibus</strong></span> <span class='ocrx_word' id='word_1_693' title='bbox 1610 1959 1665 1986; x_wconf 90' lang='lat' dir='ltr'><strong>dis-</strong></span> 
     </span>
    </p>
   </div>
   <div class='ocr_carea' id='block_1_96' title="bbox 874 2005 1664 2040">
    <p class='ocr_par' dir='ltr' id='par_1_96' title="bbox 874 2005 1664 2040">
     <span class='ocr_line' id='line_1_97' title="bbox 874 2005 1664 2040; baseline -0.005 -4"><span class='ocrx_word' id='word_1_694' title='bbox 874 2015 992 2039; x_wconf 88' lang='lat' dir='ltr'><strong>cessum,</strong></span> <span class='ocrx_word' id='word_1_695' title='bbox 1006 2015 1050 2034; x_wconf 89' lang='lat' dir='ltr'><strong>res</strong></span> <span class='ocrx_word' id='word_1_696' title='bbox 1066 2006 1186 2034; x_wconf 85' lang='lat' dir='ltr'><strong>civitatis</strong></span> <span class='ocrx_word' id='word_1_697' title='bbox 1202 2006 1228 2033; x_wconf 92' lang='lat' dir='ltr'><strong>in</strong></span> <span class='ocrx_word' id='word_1_698' title='bbox 1243 2007 1363 2033; x_wconf 88' lang='lat' dir='ltr'><strong>secundo</strong></span> <span class='ocrx_word' id='word_1_699' title='bbox 1378 2005 1493 2032; x_wconf 67' lang='lat' dir='ltr'><strong>fortuna:</strong></span> <span class='ocrx_word' id='word_1_700' title='bbox 1524 2013 1588 2033; x_wconf 83' lang='lat' dir='ltr'><strong>casu</strong></span> <span class='ocrx_word' id='word_1_701' title='bbox 1600 2013 1664 2040; x_wconf 86' lang='lat' dir='ltr'><strong>per-</strong></span> 
     </span>
    </p>
   </div>
   <div class='ocr_carea' id='block_1_97' title="bbox 876 2051 1664 2087">
    <p class='ocr_par' dir='ltr' id='par_1_97' title="bbox 876 2051 1664 2087">
     <span class='ocr_line' id='line_1_98' title="bbox 876 2051 1664 2087; baseline -0.004 -6"><span class='ocrx_word' id='word_1_702' title='bbox 876 2054 1031 2086; x_wconf 84' lang='lat' dir='ltr'><strong>manebant,</strong></span> <span class='ocrx_word' id='word_1_703' title='bbox 1061 2053 1198 2086; x_wconf 75' lang='lat' dir='ltr'><strong>Antigono</strong></span> <span class='ocrx_word' id='word_1_704' title='bbox 1225 2052 1342 2079; x_wconf 88' lang='lat' dir='ltr'><strong>ﬁliorum</strong></span> <span class='ocrx_word' id='word_1_705' title='bbox 1367 2051 1489 2087; x_wconf 86' lang='lat' dir='ltr'><strong>Dionysii</strong></span> <span class='ocrx_word' id='word_1_706' title='bbox 1512 2057 1539 2079; x_wconf 90' lang='lat' dir='ltr'><strong>et</strong></span> <span class='ocrx_word' id='word_1_707' title='bbox 1563 2052 1664 2079; x_wconf 86' lang='lat' dir='ltr'><strong>civium</strong></span> 
     </span>
    </p>
   </div>
   <div class='ocr_carea' id='block_1_98' title="bbox 880 2099 1664 2135">
    <p class='ocr_par' dir='ltr' id='par_1_98' title="bbox 880 2099 1664 2135">
     <span class='ocr_line' id='line_1_99' title="bbox 880 2099 1664 2135; baseline -0.004 -7"><span class='ocrx_word' id='word_1_708' title='bbox 880 2108 933 2129; x_wconf 86' lang='lat' dir='ltr'><strong>non</strong></span> <span class='ocrx_word' id='word_1_709' title='bbox 959 2100 1048 2127; x_wconf 88' lang='lat' dir='ltr'><strong>obiter</strong></span> <span class='ocrx_word' id='word_1_710' title='bbox 1073 2107 1166 2127; x_wconf 87' lang='lat' dir='ltr'><strong>curam</strong></span> <span class='ocrx_word' id='word_1_711' title='bbox 1187 2105 1309 2135; x_wconf 83' lang='lat' dir='ltr'><strong>gerente.</strong></span> <span class='ocrx_word' id='word_1_712' title='bbox 1337 2099 1386 2132; x_wconf 88' lang='lat' dir='ltr'><strong>Qui</strong></span> <span class='ocrx_word' id='word_1_713' title='bbox 1408 2099 1453 2126; x_wconf 91' lang='lat' dir='ltr'><strong>ubi</strong></span> <span class='ocrx_word' id='word_1_714' title='bbox 1471 2099 1508 2126; x_wconf 76' lang='lat' dir='ltr'><strong>ad</strong></span> <span class='ocrx_word' id='word_1_715' title='bbox 1531 2099 1583 2126; x_wconf 90' lang='lat' dir='ltr'><strong>alia</strong></span> <span class='ocrx_word' id='word_1_716' title='bbox 1604 2104 1664 2125; x_wconf 87' lang='lat' dir='ltr'><strong>stu-</strong></span> 
     </span>
    </p>
   </div>
   <div class='ocr_carea' id='block_1_99' title="bbox 874 2145 1664 2181">
    <p class='ocr_par' dir='ltr' id='par_1_99' title="bbox 874 2145 1664 2181">
     <span class='ocr_line' id='line_1_100' title="bbox 874 2145 1664 2181; baseline -0.003 -7"><span class='ocrx_word' id='word_1_717' title='bbox 874 2147 948 2174; x_wconf 90' lang='lat' dir='ltr'><strong>dium</strong></span> <span class='ocrx_word' id='word_1_718' title='bbox 965 2146 1075 2178; x_wconf 85' lang='lat' dir='ltr'><strong>avertit,</strong></span> <span class='ocrx_word' id='word_1_719' title='bbox 1089 2145 1269 2181; x_wconf 82' lang='lat' dir='ltr'><strong>Lysimachus</strong></span> <span class='ocrx_word' id='word_1_720' title='bbox 1282 2146 1309 2173; x_wconf 92' lang='lat' dir='ltr'><strong>in</strong></span> <span class='ocrx_word' id='word_1_721' title='bbox 1323 2146 1491 2173; x_wconf 84' lang='lat' dir='ltr'><strong>curationem</strong></span> <span class='ocrx_word' id='word_1_722' title='bbox 1506 2145 1664 2173; x_wconf 85' lang='lat' dir='ltr'><strong>Heraclieu-</strong></span> 
     </span>
    </p>
   </div>
   <div class='ocr_carea' id='block_1_100' title="bbox 875 2192 1664 2228">
    <p class='ocr_par' dir='ltr' id='par_1_100' title="bbox 875 2192 1664 2228">
     <span class='ocr_line' id='line_1_101' title="bbox 875 2192 1664 2228; baseline -0.001 -9"><span class='ocrx_word' id='word_1_723' title='bbox 875 2193 945 2220; x_wconf 91' lang='lat' dir='ltr'><strong>sium</strong></span> <span class='ocrx_word' id='word_1_724' title='bbox 967 2198 994 2220; x_wconf 90' lang='lat' dir='ltr'><strong>et</strong></span> <span class='ocrx_word' id='word_1_725' title='bbox 1011 2200 1156 2228; x_wconf 91' lang='lat' dir='ltr'><strong>puerorum</strong></span> <span class='ocrx_word' id='word_1_726' title='bbox 1174 2193 1318 2220; x_wconf 88' lang='lat' dir='ltr'><strong>successit.</strong></span> <span class='ocrx_word' id='word_1_727' title='bbox 1333 2192 1384 2225; x_wconf 87' lang='lat' dir='ltr'><strong>Qui</strong></span> <span class='ocrx_word' id='word_1_728' title='bbox 1401 2197 1430 2219; x_wconf 73' lang='lat' dir='ltr'><strong>et</strong></span> <span class='ocrx_word' id='word_1_729' title='bbox 1444 2192 1580 2219; x_wconf 80' lang='lat' dir='ltr'><strong>Amastrin</strong></span> <span class='ocrx_word' id='word_1_730' title='bbox 1598 2199 1664 2219; x_wconf 83' lang='lat' dir='ltr'><strong>uxo-</strong></span> 
     </span>
    </p>
   </div>
   <div class='ocr_carea' id='block_1_101' title="bbox 877 2237 1661 2272">
    <p class='ocr_par' dir='ltr' id='par_1_101' title="bbox 877 2237 1661 2272">
     <span class='ocr_line' id='line_1_102' title="bbox 877 2237 1661 2272; baseline -0.003 -7"><span class='ocrx_word' id='word_1_731' title='bbox 877 2245 933 2265; x_wconf 93' lang='lat' dir='ltr'><strong>rem</strong></span> <span class='ocrx_word' id='word_1_732' title='bbox 951 2238 1001 2265; x_wconf 90' lang='lat' dir='ltr'><strong>sibi</strong></span> <span class='ocrx_word' id='word_1_733' title='bbox 1013 2238 1121 2270; x_wconf 86' lang='lat' dir='ltr'><strong>ascivit,</strong></span> <span class='ocrx_word' id='word_1_734' title='bbox 1138 2242 1166 2265; x_wconf 88' lang='lat' dir='ltr'><strong>et</strong></span> <span class='ocrx_word' id='word_1_735' title='bbox 1178 2238 1257 2266; x_wconf 84' lang='lat' dir='ltr'><strong>initio</strong></span> <span class='ocrx_word' id='word_1_736' title='bbox 1273 2238 1388 2265; x_wconf 80' lang='lat' dir='ltr'><strong>miriﬁce</strong></span> <span class='ocrx_word' id='word_1_737' title='bbox 1411 2237 1534 2264; x_wconf 81' lang='lat' dir='ltr'><strong>amavit:</strong></span> <span class='ocrx_word' id='word_1_738' title='bbox 1550 2237 1597 2264; x_wconf 90' lang='lat' dir='ltr'><strong>sed</strong></span> <span class='ocrx_word' id='word_1_739' title='bbox 1616 2237 1661 2272; x_wconf 77' lang='lat' dir='ltr'><strong>gli-</strong></span> 
     </span>
    </p>
   </div>
   <div class='ocr_carea' id='block_1_102' title="bbox 877 2283 1667 2319">
    <p class='ocr_par' dir='ltr' id='par_1_102' title="bbox 877 2283 1667 2319">
     <span class='ocr_line' id='line_1_103' title="bbox 877 2283 1667 2319; baseline -0.001 -8"><span class='ocrx_word' id='word_1_740' title='bbox 877 2284 1017 2312; x_wconf 86' lang='lat' dir='ltr'><strong>scentibus</strong></span> <span class='ocrx_word' id='word_1_741' title='bbox 1048 2284 1165 2319; x_wconf 83' lang='lat' dir='ltr'><strong>negotiis</strong></span> <span class='ocrx_word' id='word_1_742' title='bbox 1195 2283 1269 2311; x_wconf 87' lang='lat' dir='ltr'><strong>illam</strong></span> <span class='ocrx_word' id='word_1_743' title='bbox 1297 2283 1436 2311; x_wconf 75' lang='lat' dir='ltr'><strong>Heracles:</strong></span> <span class='ocrx_word' id='word_1_744' title='bbox 1452 2283 1595 2318; x_wconf 88' lang='lat' dir='ltr'><strong>relinquit,</strong></span> <span class='ocrx_word' id='word_1_745' title='bbox 1610 2283 1667 2317; x_wconf 85' lang='lat' dir='ltr'><strong>ipse</strong></span> 
     </span>
    </p>
   </div>
   <div class='ocr_carea' id='block_1_103' title="bbox 878 2329 1667 2365">
    <p class='ocr_par' dir='ltr' id='par_1_103' title="bbox 878 2329 1667 2365">
     <span class='ocr_line' id='line_1_104' title="bbox 878 2329 1667 2365; baseline -0.004 -7"><span class='ocrx_word' id='word_1_746' title='bbox 878 2332 958 2358; x_wconf 89' lang='lat' dir='ltr'><strong>rebus</strong></span> <span class='ocrx_word' id='word_1_747' title='bbox 985 2331 1143 2364; x_wconf 81' lang='lat' dir='ltr'><strong>urgentibus</strong></span> <span class='ocrx_word' id='word_1_748' title='bbox 1159 2334 1318 2365; x_wconf 88' lang='lat' dir='ltr'><strong>occupatur.</strong></span> <span class='ocrx_word' id='word_1_749' title='bbox 1344 2329 1400 2358; x_wconf 84' lang='lat' dir='ltr'><strong>Nec</strong></span> <span class='ocrx_word' id='word_1_750' title='bbox 1423 2330 1503 2364; x_wconf 80' lang='lat' dir='ltr'><strong>longo</strong></span> <span class='ocrx_word' id='word_1_751' title='bbox 1524 2329 1667 2356; x_wconf 90' lang='lat' dir='ltr'><strong>intervallo</strong></span> 
     </span>
    </p>
   </div>
   <div class='ocr_carea' id='block_1_104' title="bbox 877 2375 1667 2412">
    <p class='ocr_par' dir='ltr' id='par_1_104' title="bbox 877 2375 1667 2412">
     <span class='ocr_line' id='line_1_105' title="bbox 877 2375 1667 2412; baseline -0.003 -9"><span class='ocrx_word' id='word_1_752' title='bbox 877 2381 949 2412; x_wconf 89' lang='lat' dir='ltr'><strong>post,</strong></span> <span class='ocrx_word' id='word_1_753' title='bbox 978 2383 1040 2403; x_wconf 91' lang='lat' dir='ltr'><strong>cum</strong></span> <span class='ocrx_word' id='word_1_754' title='bbox 1067 2375 1189 2402; x_wconf 91' lang='lat' dir='ltr'><strong>laborum</strong></span> <span class='ocrx_word' id='word_1_755' title='bbox 1215 2375 1393 2403; x_wconf 84' lang='lat' dir='ltr'><strong>distractione</strong></span> <span class='ocrx_word' id='word_1_756' title='bbox 1411 2375 1531 2410; x_wconf 88' lang='lat' dir='ltr'><strong>quietem</strong></span> <span class='ocrx_word' id='word_1_757' title='bbox 1565 2379 1667 2406; x_wconf 76' lang='lat' dir='ltr'><strong>ageret,</strong></span> 
     </span>
    </p>
   </div>
   <div class='ocr_carea' id='block_1_105' title="bbox 879 2421 1666 2457">
    <p class='ocr_par' dir='ltr' id='par_1_105' title="bbox 879 2421 1666 2457">
     <span class='ocr_line' id='line_1_106' title="bbox 879 2421 1666 2457; baseline -0.003 -7"><span class='ocrx_word' id='word_1_758' title='bbox 879 2423 980 2450; x_wconf 83' lang='lat' dir='ltr'><strong>Sardes</strong></span> <span class='ocrx_word' id='word_1_759' title='bbox 1001 2422 1074 2450; x_wconf 86' lang='lat' dir='ltr'><strong>illam</strong></span> <span class='ocrx_word' id='word_1_760' title='bbox 1099 2423 1260 2450; x_wconf 87' lang='lat' dir='ltr'><strong>accersitam</strong></span> <span class='ocrx_word' id='word_1_761' title='bbox 1274 2423 1332 2457; x_wconf 84' lang='lat' dir='ltr'><strong>pari</strong></span> <span class='ocrx_word' id='word_1_762' title='bbox 1347 2429 1442 2449; x_wconf 88' lang='lat' dir='ltr'><strong>amore</strong></span> <span class='ocrx_word' id='word_1_763' title='bbox 1456 2421 1646 2456; x_wconf 89' lang='lat' dir='ltr'><strong>complectitur</strong></span> <span class='ocrx_word' id='word_1_764' title='bbox 1659 2430 1666 2448; x_wconf 94' lang='lat'><strong>:</strong></span> 
     </span>
    </p>
   </div>
   <div class='ocr_carea' id='block_1_106' title="bbox 879 2467 1667 2504">
    <p class='ocr_par' dir='ltr' id='par_1_106' title="bbox 879 2467 1667 2504">
     <span class='ocr_line' id='line_1_107' title="bbox 879 2467 1667 2504; baseline -0.003 -8"><span class='ocrx_word' id='word_1_765' title='bbox 879 2474 1022 2504; x_wconf 88' lang='lat' dir='ltr'><strong>postquam</strong></span> <span class='ocrx_word' id='word_1_766' title='bbox 1051 2475 1116 2496; x_wconf 84' lang='lat' dir='ltr'><strong>vero</strong></span> <span class='ocrx_word' id='word_1_767' title='bbox 1142 2469 1175 2496; x_wconf 83' lang='lat' dir='ltr'><strong>ad</strong></span> <span class='ocrx_word' id='word_1_768' title='bbox 1203 2467 1341 2496; x_wconf 65' lang='lat' dir='ltr'><strong>Ptolemaei</strong></span> <span class='ocrx_word' id='word_1_769' title='bbox 1368 2467 1540 2503; x_wconf 84' lang='lat' dir='ltr'><strong>Philadelphi</strong></span> <span class='ocrx_word' id='word_1_770' title='bbox 1565 2471 1667 2501; x_wconf 89' lang='lat' dir='ltr'><strong>natam,</strong></span> 
     </span>
    </p>
   </div>
   <div class='ocr_carea' id='block_1_107' title="bbox 881 2514 1668 2547">
    <p class='ocr_par' dir='ltr' id='par_1_107' title="bbox 881 2514 1668 2547">
     <span class='ocr_line' id='line_1_108' title="bbox 881 2514 1668 2547; baseline -0.003 -5"><span class='ocrx_word' id='word_1_771' title='bbox 881 2517 924 2542; x_wconf 90' lang='lat' dir='ltr'><strong>cui</strong></span> <span class='ocrx_word' id='word_1_772' title='bbox 941 2522 1039 2543; x_wconf 87' lang='lat' dir='ltr'><strong>nomen</strong></span> <span class='ocrx_word' id='word_1_773' title='bbox 1057 2515 1187 2547; x_wconf 80' lang='lat' dir='ltr'><strong>Arsinoe,</strong></span> <span class='ocrx_word' id='word_1_774' title='bbox 1202 2521 1323 2542; x_wconf 89' lang='lat' dir='ltr'><strong>amorem</strong></span> <span class='ocrx_word' id='word_1_775' title='bbox 1344 2514 1539 2547; x_wconf 83' lang='lat' dir='ltr'><strong>transtulisset,</strong></span> <span class='ocrx_word' id='word_1_776' title='bbox 1558 2521 1668 2540; x_wconf 81' lang='lat' dir='ltr'><strong>causam</strong></span> 
     </span>
    </p>
   </div>
   <div class='ocr_carea' id='block_1_108' title="bbox 882 2558 1669 2596">
    <p class='ocr_par' dir='ltr' id='par_1_108' title="bbox 882 2558 1669 2596">
     <span class='ocr_line' id='line_1_109' title="bbox 882 2558 1669 2596; baseline -0.003 -8"><span class='ocrx_word' id='word_1_777' title='bbox 882 2561 1000 2589; x_wconf 80' lang='lat' dir='ltr'><strong>Amastri</strong></span> <span class='ocrx_word' id='word_1_778' title='bbox 1026 2561 1142 2596; x_wconf 74' lang='lat' dir='ltr'><strong>prmbuit</strong></span> <span class='ocrx_word' id='word_1_779' title='bbox 1164 2560 1366 2594; x_wconf 69' lang='lat' dir='ltr'><strong>disiunctionis,</strong></span> <span class='ocrx_word' id='word_1_780' title='bbox 1390 2564 1473 2596; x_wconf 88' lang='lat' dir='ltr'><strong>utque</strong></span> <span class='ocrx_word' id='word_1_781' title='bbox 1497 2560 1605 2588; x_wconf 86' lang='lat' dir='ltr'><strong>deserto</strong></span> <span class='ocrx_word' id='word_1_782' title='bbox 1623 2558 1669 2586; x_wconf 87' lang='lat' dir='ltr'><strong>ille</strong></span> 
     </span>
    </p>
   </div>
   <div class='ocr_carea' id='block_1_109' title="bbox 882 2605 1668 2642">
    <p class='ocr_par' dir='ltr' id='par_1_109' title="bbox 882 2605 1668 2642">
     <span class='ocr_line' id='line_1_110' title="bbox 882 2605 1668 2642; baseline -0.005 -7"><span class='ocrx_word' id='word_1_783' title='bbox 882 2608 1039 2635; x_wconf 88' lang='lat' dir='ltr'><strong>lleracleam</strong></span> <span class='ocrx_word' id='word_1_784' title='bbox 1067 2612 1225 2642; x_wconf 88' lang='lat' dir='ltr'><strong>occuparet.</strong></span> <span class='ocrx_word' id='word_1_785' title='bbox 1244 2607 1436 2642; x_wconf 65' lang='lat' dir='ltr'><strong>Quozreversa,</strong></span> <span class='ocrx_word' id='word_1_786' title='bbox 1466 2605 1603 2633; x_wconf 88' lang='lat' dir='ltr'><strong>Amastrin</strong></span> <span class='ocrx_word' id='word_1_787' title='bbox 1622 2612 1668 2631; x_wconf 84' lang='lat' dir='ltr'><strong>ur-</strong></span> 
     </span>
    </p>
   </div>
   <div class='ocr_carea' id='block_1_110' title="bbox 880 2653 1429 2688">
    <p class='ocr_par' dir='ltr' id='par_1_110' title="bbox 880 2653 1429 2688">
     <span class='ocr_line' id='line_1_111' title="bbox 880 2653 1429 2688; baseline -0.005 -6"><span class='ocrx_word' id='word_1_788' title='bbox 880 2654 941 2682; x_wconf 86' lang='lat' dir='ltr'><strong>bem</strong></span> <span class='ocrx_word' id='word_1_789' title='bbox 957 2653 1054 2688; x_wconf 78' lang='lat' dir='ltr'><strong>erexit,</strong></span> <span class='ocrx_word' id='word_1_790' title='bbox 1069 2657 1096 2681; x_wconf 86' lang='lat' dir='ltr'><strong>et</strong></span> <span class='ocrx_word' id='word_1_791' title='bbox 1116 2653 1219 2682; x_wconf 88' lang='lat' dir='ltr'><strong>colonis</strong></span> <span class='ocrx_word' id='word_1_792' title='bbox 1237 2653 1429 2687; x_wconf 74' lang='lat' dir='ltr'><strong>t‘requentavit.</strong></span> 
     </span>
    </p>
   </div>
   <div class='ocr_carea' id='block_1_111' title="bbox 681 2756 1017 2786">
    <p class='ocr_par' dir='ltr' id='par_1_111' title="bbox 681 2756 1017 2786">
     <span class='ocr_line' id='line_1_112' title="bbox 681 2756 1017 2786; baseline 0.003 -2"><span class='ocrx_word' id='word_1_793' title='bbox 681 2757 798 2784; x_wconf 65' lang='grc' dir='ltr'>νΑιιιΑῑ</span> <span class='ocrx_word' id='word_1_794' title='bbox 816 2756 1017 2786; x_wconf 72' lang='lat' dir='ltr'><strong>LECTIONES.</strong></span> 
     </span>
    </p>
   </div>
   <div class='ocr_carea' id='block_1_112' title="bbox 109 2794 128 2809">
    <p class='ocr_par' dir='ltr' id='par_1_112' title="bbox 109 2794 128 2809">
     <span class='ocr_line' id='line_1_113' title="bbox 109 2794 128 2809; baseline 0.053 -1"><span class='ocrx_word' id='word_1_795' title='bbox 109 2794 128 2809; x_wconf 71' lang='grc' dir='ltr'>η</span> 
     </span>
    </p>
   </div>
   <div class='ocr_carea' id='block_1_113' title="bbox 148 2802 648 2838">
    <p class='ocr_par' dir='ltr' id='par_1_113' title="bbox 148 2802 648 2838">
     <span class='ocr_line' id='line_1_114' title="bbox 148 2802 648 2838; baseline -0.006 0"><span class='ocrx_word' id='word_1_796' title='bbox 148 2802 307 2838; x_wconf 66' lang='grc' dir='ltr'><strong>ῗεγενημένη</strong></span> <span class='ocrx_word' id='word_1_797' title='bbox 328 2804 348 2830; x_wconf 70' lang='grc' dir='ltr'>Α</span> <span class='ocrx_word' id='word_1_798' title='bbox 376 2812 382 2829; x_wconf 73' lang='grc' dir='ltr'><strong>τ</strong></span> <span class='ocrx_word' id='word_1_799' title='bbox 411 2803 594 2838; x_wconf 72' lang='grc' dir='ltr'>γεγαμημένη</span> <span class='ocrx_word' id='word_1_800' title='bbox 619 2812 648 2835; x_wconf 81' lang='grc' dir='ltr'><strong>ς-</strong></span> 
     </span>
    </p>
   </div>
   <div class='ocr_carea' id='block_1_114' title="bbox 79 2803 1091 2840">
    <p class='ocr_par' dir='ltr' id='par_1_114' title="bbox 79 2803 1091 2840">
     <span class='ocr_line' id='line_1_115' title="bbox 79 2803 1091 2840; baseline 0 -11"><span class='ocrx_word' id='word_1_801' title='bbox 79 2826 94 2840; x_wconf 62' lang='lat' dir='ltr'><strong>n</strong></span> <span class='ocrx_word' id='word_1_802' title='bbox 148 2803 307 2840; x_wconf 60' lang='grc' dir='ltr'>’ζεγενημξνη</span> <span class='ocrx_word' id='word_1_803' title='bbox 328 2804 382 2840; x_wconf 43' lang='grc' dir='ltr'><strong>Α]</strong></span> <span class='ocrx_word' id='word_1_804' title='bbox 411 2803 594 2840; x_wconf 73' lang='grc' dir='ltr'>γεγαμημένη</span> <span class='ocrx_word' id='word_1_805' title='bbox 619 2812 648 2835; x_wconf 81' lang='grc' dir='ltr'>ς.</span> <span class='ocrx_word' id='word_1_806' title='bbox 664 2804 718 2840; x_wconf 20' lang='lat' dir='ltr'><strong>ru“</strong></span> <span class='ocrx_word' id='word_1_807' title='bbox 737 2803 943 2840; x_wconf 77' lang='grc' dir='ltr'>διαπειρομενος</span> <span class='ocrx_word' id='word_1_808' title='bbox 968 2810 1039 2830; x_wconf 81' lang='lat' dir='ltr'><strong>corr.</strong></span> <span class='ocrx_word' id='word_1_809' title='bbox 1053 2804 1091 2840; x_wconf 20' lang='lat' dir='ltr'><strong>‘A</strong></span> 
     </span>
    </p>
   </div>
   <div class='ocr_carea' id='block_1_115' title="bbox 114 2830 1095 2875">
    <p class='ocr_par' dir='ltr' id='par_1_115' title="bbox 114 2830 1095 2875">
     <span class='ocr_line' id='line_1_116' title="bbox 114 2830 1095 2875; baseline 0.001 -10"><span class='ocrx_word' id='word_1_810' title='bbox 114 2830 246 2871; x_wconf 56' lang='grc' dir='ltr'><strong>Αξιάθέρηξ</strong></span> <span class='ocrx_word' id='word_1_811' title='bbox 259 2838 290 2866; x_wconf 86' lang='lat' dir='ltr'><strong>A.</strong></span> <span class='ocrx_word' id='word_1_812' title='bbox 301 2830 343 2875; x_wconf 53' lang='grc' dir='ltr'><strong>Ἀ²³</strong></span> <span class='ocrx_word' id='word_1_813' title='bbox 357 2830 505 2874; x_wconf 69' lang='grc' dir='ltr'><strong>θυγᾶτέρᾶι</strong></span> <span class='ocrx_word' id='word_1_814' title='bbox 515 2830 649 2874; x_wconf 46' lang='lat' dir='ltr'><strong>&quot;sani-9+};</strong></span> <span class='ocrx_word' id='word_1_815' title='bbox 663 2830 923 2874; x_wconf 42' lang='lat' dir='ltr'><strong>\\&#39;csscling_‘t)lbss.</strong></span> <span class='ocrx_word' id='word_1_816' title='bbox 935 2831 997 2866; x_wconf 34' lang='lat' dir='ltr'><strong>Ivar.</strong></span> <span class='ocrx_word' id='word_1_817' title='bbox 1014 2845 1033 2871; x_wconf 88' lang='grc' dir='ltr'>ι,</span> <span class='ocrx_word' id='word_1_818' title='bbox 1050 2838 1095 2866; x_wconf 75' lang='lat' dir='ltr'><strong>‘lb.</strong></span> 
     </span>
    </p>
   </div>
   <div class='ocr_carea' id='block_1_116' title="bbox 1119 2801 1667 2838">
    <p class='ocr_par' dir='ltr' id='par_1_116' title="bbox 1119 2801 1667 2838">
     <span class='ocr_line' id='line_1_117' title="bbox 1119 2801 1667 2838; baseline -0.004 -10"><span class='ocrx_word' id='word_1_819' title='bbox 1119 2811 1122 2828; x_wconf 90' lang='lat'>:</span> <span class='ocrx_word' id='word_1_820' title='bbox 1143 2803 1357 2838; x_wconf 70' lang='grc' dir='ltr'>διαπειρώμενος</span> <span class='ocrx_word' id='word_1_821' title='bbox 1373 2812 1400 2835; x_wconf 70' lang='grc' dir='ltr'>ς.</span> <span class='ocrx_word' id='word_1_822' title='bbox 1446 2803 1466 2818; x_wconf 62' lang='grc' dir='ltr'><strong>π</strong></span> <span class='ocrx_word' id='word_1_823' title='bbox 1480 2801 1624 2827; x_wconf 74' lang='grc' dir='ltr'>ὑπελίπετο</span> <span class='ocrx_word' id='word_1_824' title='bbox 1637 2810 1667 2832; x_wconf 80' lang='grc' dir='ltr'>ς,</span> 
     </span>
    </p>
   </div>
  </div>
