1920 3090
233 97 284 128 887

814 101 944 132 I’HOTII.
960 103 1098 133 ΡΛΤΗῘΑ
1103 104 1213 134 RCH/E
1228 105 1282 136 CP.

1810 109 1862 141 888

234 150 295 180 CAP.
329 150 371 178 Vl.
397 166 431 171 ——-
452 150 595 181 Clearchus
621 154 739 190 princeps
772 154 804 182 V.
833 155 900 188 Eius
952 158 1033 218 om?
1068 158 1170 186 bellica.
1205 158 1325 186 Fortuna
1360 160 1505 189 mutabilis.
1529 161 1710 197 Degeneratio.
1736 162 1862 192 Parrici-

1016 201 1080 218 "Im.

1016 201 1080 220 tum.

267 244 416 272 Clearchus
439 247 541 278 autem,
563 244 596 271 ad
623 244 729 272 virilem
747 250 812 273 tunc
829 251 936 275 aetatem
960 255 1021 282 pro-

1110 250 1251 286 Κλὲαρχος
1271 252 1299 278 δὲ
1319 253 1468 290 ἀνδρωθεὶς
1481 253 1531 290 ήδη
1544 254 1595 289 τῆς
1608 263 1638 281 τε
1653 255 1757 288 πόλεως
1778 254 1861 293 ἦρχε,

234 297 356 325 gressus,
377 293 405 317 et
423 289 527 316 civitati
552 288 691 318 Heracleae
706 291 823 325 praefuit,
850 297 879 320 et
901 293 927 320 in
942 293 1020 321 bellis

234 343 287 363 non
308 335 412 370 paucis,
434 343 494 372 quae
510 335 552 363 vel
575 343 627 371 ope
642 343 692 364 sua
708 337 879 372 propulsaret
894 338 929 366 ab
946 339 1018 372 aliis,

233 382 277 409 vel
307 381 382 409 illata
415 382 466 410 sibi
489 381 660 414 defenderet,
687 384 825 418 specimen
860 384 1019 418 praeclarum

233 427 329 456 edidit.
348 427 420 455 inter
442 435 502 462 quae
524 428 622 462 etiam,
644 428 744 464 225a
762 430 825 457 dum
857 429 1020 466 Lysimacho

233 477 327 501 contra
358 472 443 501 Getas
467 473 638 509 belligeranti
668 482 779 510 operam
806 481 898 510 navat,
924 482 1021 512 captus

232 524 275 550 est
300 527 362 547 cum
382 527 445 555 rege
461 529 469 548 :
484 527 572 556 eoque
597 527 632 548 ex
648 521 807 555 captivitate
833 522 934 555 soluto,
962 523 1019 558 ipse

232 566 315 595 etiam
329 566 473 601 prudentia
493 566 646 602 Lysimachi
661 571 755 597 postea
769 573 811 596 est
826 568 966 597 dimissus.

267 612 417 642 Clearchus
430 613 523 647 itaque
540 616 568 641 et
578 612 665 640 frater
681 613 708 639 in
727 620 810 648 regno
828 619 943 649 paterno
958 623 1020 642 suc-

232 665 367 691 cessores,
395 658 509 686 lenitate
542 663 571 686 et
592 658 772 686 beneﬁcentia
800 667 865 695 erga
896 661 1019 689 subditos

232 709 310 739 patre
334 703 414 739 longe
438 704 582 732 inferiores
616 709 771 733 evaserunt.
800 704 873 738 Quid
890 707 962 740 quod
987 707 1021 734 ad

233 748 368 776 nefarium
388 753 416 777 et
432 749 600 777 exsecrabile
617 749 722 778 facinus
745 755 808 778 sunt
827 750 941 786 delapsi.
962 750 1020 778 Ma-

236 799 305 822 trem
323 794 406 827 enim,
434 802 493 830 qua:
504 795 571 822 nihil
599 795 625 822 in
650 803 698 823 eos
722 795 824 830 grande
847 802 1020 831 peccaverat,

233 847 294 867 cum
312 841 375 868 navi
392 847 422 868 se
437 841 631 873 commisisset,
651 841 750 876 insigni
766 847 919 870 commento
931 848 959 871 et
972 843 1022 871 ﬂa-

231 885 307 921 gitio,
326 886 393 914 mari
406 886 588 915 suti‘ocandam
606 893 747 914 curarunt.

1074 296 1121 324 καὶ
1133 296 1262 333 πολέμοις
1274 299 1325 326 οὐκ
1333 299 1433 334 ὀλίγοις
1447 300 1480 328 τὰ
1496 301 1546 335 μὲν
1557 302 1711 337 συμμαχῶν
1726 302 1818 335 ἄλλοις
1826 304 1861 337 ¹⁹,

1071 342 1107 370 τὰ
1116 343 1144 369 δὲ
1153 344 1268 376 καὶτοῖς
1284 344 1493 380 ἐπιφερομένοις
1502 345 1576 382 αὐτῷ
1592 347 1747 383 ἐξητάζετο.
1761 348 1806 376 Ἐν
1819 348 1861 382 οἷς

1072 389 1121 415 καὶ
1133 389 1204 417 κατὰ
1218 390 1309 417 Γετῶν
1325 392 1477 427 Λυσιμάχῳ
1485 392 1507 408 ³⁰
1521 393 1735 428 στρατευόμενος
1747 394 1768 411 ³¹
1787 395 1860 423 ἑάλω

1071 443 1102 460 τε
1115 435 1163 462 σὺν
1176 435 1261 471 αὐτῷ,
1277 436 1324 463 καὶ
1338 436 1480 469 ἀνεθέντος
1491 438 1541 473 τῆς
1551 439 1739 474 αἰχμαλωσίας
1753 441 1860 468 ἐκείνου

1071 480 1119 506 καὶ
1139 481 1220 514 αὐτὸς
1246 481 1358 509 ὕστεοον
1382 484 1414 518 τῇ
1435 484 1595 519 Λυσιμάχου
1616 485 1729 521 προνοίᾳ
1753 486 1859 520 ἀφίετο.

1105 611 1191 646 Οὗτος
1205 615 1219 640 ό
1229 614 1370 651 Κλέαρχος
1379 616 1438 652 ἅμα
1450 616 1490 652 τῷ
1504 617 1612 652 ἀδελφῷ
1619 617 1669 652 τῆς
1677 618 1765 653 ἀρχῆς
1775 627 1860 645 κατα-

1074 660 1187 692 στάντες
1201 660 1319 696 διάδοχοι
1339 662 1409 696 πρδς
1436 663 1485 696 μὲν
1501 664 1660 699 ἡμερότητα
1676 664 1723 691 καὶ
1742 665 1862 700 χρηστό-

1073 714 1144 741 τητα
1159 705 1226 732 πολὺ
1247 706 1296 733 τοῦ
1313 707 1415 742 πατρὸς
1431 708 1559 740 ἐλάττους
1577 711 1633 740 τοῖς
1649 710 1781 744 ὑπηκόοις
1805 711 1861 736 άπ-

1074 751 1194 786 έὸησαν,
1210 752 1250 784 είς
1269 752 1403 788 ἔκθεσμον
1419 754 1448 781 δὲ
1467 755 1515 781 καὶ
1531 755 1703 791 μιαρώτατον
1722 756 1803 792 ἔργον
1817 757 1863 790 ἒξ-

1075 798 1191 825 έπεσον·
1204 797 1253 834 τὴν
1275 798 1329 835 γὰρ
1347 799 1454 835 μητέρα
1482 801 1564 836 μηδὲν
1588 801 1653 837 περὶ
1675 802 1773 834 αὐτοὺς
1791 803 1862 838 μέγα

1075 845 1324 881 πλημμελήσασαν.
1347 847 1455 882 μηχανῇ
1470 847 1543 882 δεινῇ
1560 848 1609 874 καὶ
1627 849 1782 885 κακουργίᾳ
1799 850 1860 876 ἐπι-

1076 891 1165 918 ϐᾶσαν
1178 891 1241 927 νηὸς
1259 891 1382 928 θαλάσσῃ
1399 893 1587 928 ἀποπνιγῆναι
1599 894 1826 930 κατειργάσαντο.

451 943 517 971 Cn.
543 943 599 970 VII.
619 958 656 964 —
676 944 821 972 Parricidii
839 945 914 974 ultio.
925 945 1098 982 Lysimachus
1120 947 1159 975 VI
1184 949 1306 976 dominus
1327 954 1449 977 externus
1467 955 1491 977 et
1510 951 1644 985 benignus.

265 1003 351 1037 Quam
375 1003 412 1030 ob
430 1009 540 1030 causam
562 1002 754 1038 Lysimachus,
775 1003 873 1038 saepius
889 1003 916 1031 in
935 1004 1020 1033 histo-

1106 1007 1144 1033 Δι’
1165 1007 1200 1043 ἡν
1223 1007 1314 1034 αἰτίαν
1338 1007 1387 1034 καὶ
1405 1007 1561 1042 Λυσίμαχος
1576 1008 1591 1034 ὸ
1615 992 1745 1040 πολλάκις
1769 1009 1866 1043 ῥηθεὶς

231 1050 273 1078 ria
289 1049 340 1077 ista
363 1048 590 1084 memoratus(in
607 1047 767 1076 Macedonia
783 1053 873 1076 autem
890 1054 955 1077 tunc
975 1058 1020 1078 re-

231 1103 292 1123 rum
307 1094 486 1131 potiebatur),
502 1094 553 1122 etsi
567 1099 679 1130 propter
693 1095 825 1122 Arsinoes
843 1096 1021 1123 consuetudi-

232 1149 294 1169 nem
314 1141 453 1168 Amastrin
478 1148 492 1167 a
517 1147 547 1168 se
571 1140 829 1173 abalienarat,cum
848 1145 936 1168 tamen
963 1141 1020 1176 pri-

232 1188 296 1216 stini
317 1187 345 1214 in
363 1194 392 1214 se
408 1186 510 1214 amoris
526 1193 575 1214 ceu
587 1186 733 1221 igniculum
748 1186 844 1221 ferret,
863 1191 890 1214 et
904 1187 1022 1214 immane

232 1238 317 1269 atque
333 1231 495 1260 detestabile
509 1232 561 1260 hoc
581 1231 670 1259 scelus
686 1239 739 1259 non
757 1232 924 1259 tolerandum
940 1232 1022 1260 duce-

232 1283 275 1306 ret
291 1288 298 1306 :
317 1278 399 1305 animi
422 1277 532 1313 quidem
556 1277 626 1312 apud
649 1284 678 1304 se
702 1277 809 1305 decreta
823 1285 903 1312 quam
924 1279 1022 1305 arctis-

233 1324 303 1352 sime
318 1323 463 1357 continuit,
486 1323 604 1359 antiquae
615 1323 725 1350 interim
742 1323 955 1351 necessitudinis
966 1329 1023 1352 stu-

234 1369 308 1398 dium
329 1369 464 1397 Clearcho
480 1372 645 1396 ostentans:
671 1368 718 1395 sed
738 1373 828 1395 tamen
849 1372 910 1396 arte
925 1368 1021 1403 multa,

233 1420 263 1443 et
276 1414 475 1451 strategematis
490 1415 524 1442 ad
539 1414 687 1441 fallendum
703 1414 862 1449 compositis
873 1415 1023 1449 (occultare

234 1462 306 1489 enim
321 1468 381 1496 quae
394 1460 488 1492 vellet,
502 1460 659 1488 mortalium
677 1460 916 1496 ingeniosissimus
933 1461 1023 1495 perhi-

234 1507 325 1542 betur)
350 1506 519 1539 Heracleam,
543 1513 592 1534 ceu
609 1506 717 1541 publico
740 1506 932 1542 recipientium
948 1514 1023 1535 com-

235 1553 316 1580 modo
337 1552 362 1579 id
381 1552 438 1585 tiat,
459 1551 614 1587 ingreditur
633 1560 640 1578 :
661 1556 690 1578 et
714 1552 777 1578 dum
796 1551 919 1579 intimam
936 1552 1022 1587 patris

235 1597 408 1625 atl'eetionem
425 1597 501 1624 larva
518 1597 634 1632 quadam
657 1597 791 1625 Clearcho
811 1597 892 1632 eique
907 1598 1023 1625 addictis

235 1651 292 1679 pra
309 1651 339 1671 se
355 1643 417 1678 fert,
441 1643 594 1678 parricidas
618 1643 680 1670 illos
693 1650 710 1670 e
732 1642 820 1671 medio
835 1643 917 1676 tollit,
935 1644 1023 1679 primo

1072 1051 1254 1086 (Μακεδονίας
1278 1052 1307 1079 δὲ
1323 1052 1481 1079 ἐϐασίλευεν
1507 1052 1552 1087 ³¹),
1577 1053 1602 1078 εἰ
1626 1052 1674 1079 καὶ
1698 1053 1748 1088 τὴν
1772 1053 1862 1088 Ἀμα-

1073 1106 1150 1133 στριν
1163 1098 1208 1125 διὰ
1226 1098 1276 1134 τὴν
1290 1099 1314 1115 ³⁸
1331 1099 1479 1133 συνάφειαν
1502 1099 1647 1134 Ἀρσινόης
1669 1098 1757 1126 λιπεῖν
1780 1100 1863 1126 αὐτὸν

1072 1144 1311 1179 παρεσκευάσατο,
1338 1144 1396 1171 ἀλλ’
1424 1144 1470 1171 οὖν
1497 1144 1544 1171 τοῦ
1565 1153 1596 1170 τε
1621 1145 1754 1180 προτέρου
1778 1145 1862 1174 πόθον

1073 1189 1164 1226 φέρων
1181 1189 1211 1215 ὲν
1236 1188 1324 1224 ἑαυτῷ
1352 1189 1382 1216 τὸ
1409 1188 1588 1225 ἐμπύρευμα,
1607 1189 1654 1216 καὶ
1681 1189 1712 1216 τὺ
1739 1191 1862 1226 μυσαρὸν

1073 1234 1120 1260 καὶ
1139 1233 1214 1269 ὠμὸν
1237 1234 1287 1270 τῆς
1307 1233 1434 1269 πράξεως
1456 1233 1506 1260 οὐκ
1523 1233 1672 1267 ἀνασχετὸν
1689 1233 1862 1268 ποιούμενος,

1074 1277 1266 1312 στεγανώτατα
1281 1278 1330 1314 μὲν
1347 1278 1396 1313 τὴν
1408 1277 1490 1304 αὑτοῦ
1507 1279 1633 1313 κατεῖχεν
1647 1277 1719 1304 ἔνδον
1736 1277 1801 1314 [5Ἱο
1814 1277 1862 1313 IL]

1073 1324 1196 1360 γνώμην,
1206 1324 1255 1360 τὴν
1269 1324 1386 1360 ἀρχαίαν
1404 1324 1433 1351 δὲ
1448 1324 1541 1359 φιλίαν
1552 1324 1620 1360 πρὸς
1632 1324 1695 1356 τοὺς
1708 1324 1775 1360 περὶ
1791 1324 1862 1350 Κλέφ

1072 1378 1156 1405 αρχον
1168 1369 1208 1405 τῷ
1226 1371 1348 1406 σχήματι
1359 1370 1514 1402 ἐπιδεικνὺς
1527 1369 1573 1397 διὰ
1587 1369 1692 1396 πολλῶν
1715 1378 1745 1396 τε
1765 1378 1864 1405 μηχα-

1073 1414 1127 1441 νῶν
1140 1415 1188 1441 καὶ
1206 1414 1259 1441 τῶν
1273 1414 1321 1442 τοῦ
1337 1414 1479 1442 λανθάνειν
1492 1415 1729 1450 στρατηγημάτων
1745 1414 1864 1450 (κρύψαι

1074 1461 1128 1497 γὰρ
1142 1461 1173 1487 τὸ
1186 1461 1346 1497 βουλόμενον
1360 1461 1382 1476 ³⁸
1395 1461 1547 1493 δεινότατος
1557 1460 1709 1496 ἀνθρώπων
1719 1461 1864 1495 γεγονέναι

1074 1507 1207 1543 λέγεται),
1225 1508 1254 1534 ἐν
1270 1507 1292 1524 ³⁵
1310 1507 1459 1543 Ἡρακλείᾳ
1476 1507 1525 1543 μὲν
1544 1507 1582 1538 ὡς
1596 1507 1643 1534 ἐπὶ
1657 1507 1697 1542 τῷ
1717 1506 1774 1533 τῶν
1790 1507 1866 1542 δεχο-

1076 1553 1165 1588 μένων
1193 1554 1343 1580 συνοίσοντι
1366 1553 1559 1589 παραγίνεται,
1581 1553 1686 1589 πατρὸς
1699 1553 1726 1580 δὲ
1745 1553 1865 1588 στοργήν

1074 1598 1114 1634 τῷ
1138 1598 1303 1634 προσωπείῳ
1322 1600 1378 1630 τοῖς
1392 1599 1458 1635 περὶ
1475 1599 1616 1634 Κλέαρχον
1645 1598 1866 1635 προϐαλλόμενος

1075 1644 1183 1678 ἀναιρεί
1207 1643 1257 1678 μὲν
1273 1643 1337 1676 τοὺς
1352 1643 1565 1679 μητροκτόνους,
1590 1644 1700 1680 πρῶτον
1718 1644 1768 1678 μὲν
1793 1643 1865 1670 Κλέ-

236 1691 410 1726 Clearchum,
428 1691 528 1719 deinde
548 1691 629 1720 etiam
650 1690 789 1720 Oxathren
807 1700 814 1718 :
840 1696 868 1718 et
882 1692 922 1719 sic
936 1691 1021 1725 justas

1076 1698 1170 1725 αρχον,
1190 1687 1249 1716 εἶτα
1278 1689 1327 1716 καὶ
1362 1689 1514 1725 Ὀξάθρην,
1543 1689 1681 1725 μητρικῆς
1708 1690 1868 1725 ἀπαιτήσας

236 1743 366 1766 maternae
378 1738 461 1766 caedis
478 1746 574 1774 pmnas
588 1738 682 1774 exigit.
702 1737 782 1770 Hinc,
802 1739 846 1764 ubi
866 1738 975 1765 redacta
997 1738 1023 1764 in

236 1785 392 1815 clientelam
412 1792 490 1812 suam
517 1785 638 1817 civitate,
674 1791 742 1819 opes
770 1788 947 1818 tyrannorum
973 1784 1024 1812 do-

237 1830 342 1858 minatu
362 1829 492 1858 collectas
519 1830 547 1857 in
574 1829 692 1865 praedam
716 1837 792 1857 suam
819 1830 964 1863 vertisset,
998 1835 1027 1858 et

238 1877 322 1913 (quod
343 1877 388 1905 diu
409 1875 647 1911 exspectaverant)
674 1874 787 1903 liberam
815 1875 921 1903 civibus
952 1883 1025 1902 rem-

240 1922 377 1958 publicam
389 1922 564 1954 restituisset,
587 1921 614 1949 in
633 1921 774 1956 proprium
801 1929 832 1948 se
848 1929 962 1957 regnum
979 1929 1022 1948 re-

241 1969 324 2004 cepit.

1077 1735 1236 1771 μιαιφονίας
1246 1735 1324 1767 δίκας
1336 1743 1343 1750 θ
1361 1735 1425 1771 [715
1439 1735 1486 1772 R.]
1505 1737 1552 1763 καὶ
1576 1736 1626 1772 τὴν
1653 1735 1731 1762 πόλιν
1749 1736 1867 1771 ποιησά-

1079 1791 1159 1817 μενος
1179 1782 1231 1809 ὺπὸ
1243 1782 1292 1818 τὴν
1315 1782 1442 1818 πρόνοιαν
1462 1783 1512 1817 τὴν
1534 1782 1630 1814 αὑτοῦ,
1647 1782 1695 1809 καὶ
1719 1782 1754 1808 τὰ
1777 1782 1867 1809 πολλά

1076 1829 1105 1856 δὲ
1129 1829 1369 1865 λαφυραγωγήσας
1385 1826 1423 1856 ὧν
1443 1829 1460 1864 ή
1476 1829 1602 1866 τυραννὶς
1616 1828 1740 1864 ἠθροίκει
1757 1829 1868 1864 χρημά-

1075 1885 1141 1907 των.
1160 1875 1253 1903 άδειάν
1270 1884 1300 1902 τε
1316 1875 1380 1906 δοὺς
1398 1874 1631 1910 δημοκρατεῖσθαι
1653 1875 1717 1906 τοὺς
1740 1874 1867 1908 πολίτας,

1076 1920 1107 1950 οὗ
1121 1923 1238 1957 ἐφίεντο,
1254 1922 1323 1958 πρὸς
1341 1922 1391 1958 τὴν
1404 1921 1471 1949 ἰδίαν
1486 1921 1627 1957 βασιλείαν
1642 1921 1794 1948 ἐστέλλετο.

565 2025 630 2054 CAP.
654 2024 923 2053 VllI.—lleraclius
964 2029 1091 2059 tyrannus
1109 2022 1174 2050 VII.
1205 2022 1342 2050 Muliebris
1372 2022 1537 2056 impotentia.

274 2085 412 2114 Reversus
428 2086 510 2121 igitur
524 2087 558 2114 ad
571 2094 631 2119 sua,
643 2086 781 2114 Amastrin
796 2086 922 2115 laudibus
936 2086 1027 2115 extol-

239 2133 306 2164 lere,
332 2132 444 2167 ejusque
463 2139 553 2160 mores
567 2137 596 2160 et
611 2132 753 2168 imperium
770 2133 913 2166 demirari,
933 2138 964 2160 ut
975 2133 1028 2161 hoe

239 2178 273 2205 ad
294 2178 320 2205 id
335 2178 544 2214 magnitudinis,
567 2179 697 2213 potentiae
713 2183 742 2207 et
755 2179 906 2213 maiestatis
924 2179 1025 2206 elatum

239 2225 455 2258 eorrohorasset,
470 2225 602 2260 uniceque
616 2225 764 2261 praedicare
779 2225 936 2253 Heracleam
953 2233 961 2252 :
978 2226 1027 2253 sed

239 2271 267 2298 ul
287 2271 314 2298 in
334 2275 438 2305 partem
454 2271 541 2298 laudis
561 2271 687 2298 venirent
705 2271 788 2298 etiam
805 2270 872 2298 Tius
891 2274 919 2298 et
944 2271 1027 2298 Ama-

239 2317 316 2348 stris,
335 2323 415 2352 quam
440 2317 550 2343 nomine
570 2323 621 2344 suo
635 2316 771 2344 celebrem
787 2316 831 2344 illa
847 2316 1026 2344 condidisset.

242 2363 307 2391 Haec
329 2362 426 2390 crebro
442 2362 545 2390 habens
563 2362 589 2389 in
609 2369 667 2395 ore,
684 2362 819 2390 Arsinoen
843 2363 1029 2390 exstimulavit

243 2415 272 2437 ut
284 2409 390 2437 urbium
406 2412 548 2443 tantopere
563 2408 760 2437 cclebratarum
776 2409 949 2437 dominatum
963 2409 1028 2436 alle-

1116 2085 1274 2120 Δυσίμαχος
1298 2084 1328 2111 δὲ
1353 2083 1404 2119 τὴν
1431 2083 1500 2110 ἰδίαν
1524 2082 1612 2118 ἀρχὴν
1640 2081 1805 2108 καταλαϐὼν
1831 2082 1868 2108 δι’

1079 2131 1199 2158 ἐπαίνων
1213 2130 1263 2166 μὲν
1282 2130 1332 2166 τὴν
1346 2130 1501 2165 ’Ἄμαστριν
1511 2126 1596 2163 εἶχεν,
1610 2127 1750 2162 ὶθαύμαζε
1765 2127 1795 2154 δὲ
1819 2128 1869 2155 αὐ-

1079 2178 1130 2213 τῆς
1153 2176 1216 2208 τούς
1237 2184 1266 2203 τε
1294 2175 1413 2211 τρόπους
1434 2175 1483 2202 καὶ
1507 2174 1557 2210 τὴν
1571 2173 1671 2209 ἀρχὴν,
1689 2173 1758 2208 πρὸς
1785 2173 1868 2207 δγκον

1078 2224 1126 2253 καὶ
1151 2222 1265 2258 μέγεθος
1290 2221 1337 2248 καὶ
1355 2221 1430 2256 ἰσχὺν
1443 2221 1481 2252 ὡς
1497 2219 1675 2254 ἐκρατύνατο,
1688 2219 1806 2254 ἐξαίρων
1818 2219 1869 2255 μὲν

1075 2270 1126 2305 τὴν
1157 2268 1332 2304 Ἡράκλειαν,
1362 2267 1445 2303 μέρος
1464 2266 1493 2293 δὲ
1519 2274 1573 2292 των
1599 2265 1717 2292 ἐπαίνων
1744 2265 1793 2291 καὶ
1819 2265 1869 2299 τὴν

1077 2316 1139 2342 Τίον
1166 2315 1214 2342 καὶ
1245 2315 1295 2350 τὴν
1325 2315 1498 2349 Ἄμαστριν,
1524 2311 1558 2347 ῆν
1587 2311 1730 2346 ἐπώνυμον
1755 2311 1870 2346 ἤγειρεν

1077 2361 1182 2395 ἐκείνη,
1198 2359 1371 2394 ποιούμενος.
1382 2359 1438 2385 Καὶ
1448 2357 1535 2384 ταῦτα
1546 2357 1634 2391 λέγων
1652 2357 1675 2373 ³⁸
1702 2355 1752 2391 τὴν
1774 2356 1870 2391 Ἀρσι-

1077 2407 1142 2442 νόην
1165 2406 1275 2441 ἠρέθιζε
1297 2406 1424 2433 δεσπότιν
1435 2406 1490 2432 τῶν
1513 2405 1718 2440 ἐπαινουμένων
1742 2404 1765 2420 ³¹
1793 2403 1872 2438 γενέ-

241 2459 346 2488 claret,
361 2461 475 2490 quaeque
489 2455 636 2483 ati‘ectabat
650 2456 699 2483 sibi
710 2456 807 2485 donari
824 2461 939 2491 peteret.
953 2456 989 2484 At
1005 2456 1021 2483 it

1081 2453 1154 2480 σθαι,
1176 2453 1208 2479 Ἡ
1222 2452 1252 2479 δὲ
1277 2452 1363 2479 ἐδεῖτο
1376 2453 1469 2486 τυχεῖν
1487 2448 1525 2478 ὦν
1546 2451 1650 2478 ὲπόθει.
1666 2450 1721 2477 Καὶ
1743 2449 1758 2475 ὁ
1783 2450 1870 2476 Δυσί·
1890 2457 1900 2480 ,’

242 2501 403 2536 gravitatem
430 2501 550 2528 muneris
566 2502 744 2536 praetendens,
770 2501 848 2529 initio
863 2508 958 2537 preces
973 2509 1027 2529 non

226 2546 413 2579 ,admiltebat,
433 2546 481 2574 sed
501 2552 602 2578 tamen,
622 2552 766 2581 progressu
785 2546 914 2581 temporis
931 2554 1025 2574 exorat

243 2599 296 2624 tus,
310 2592 456 2620 concessit.
472 2592 612 2626 Ingeniosa
627 2592 700 2619 enim
712 2593 746 2620 ad
760 2592 1027 2620 circumveniendum

243 2637 293 2667 fuit
313 2638 439 2671 Arsinoe,
465 2643 493 2666 et
511 2638 568 2673 jam
585 2643 713 2666 senectus
739 2638 795 2673 ipsa
812 2637 1026 2666 mansuefactum

1082 2508 1167 2535 μαχος
1195 2497 1338 2533 σεμνύνων
1363 2497 1394 2524 τὺ
1429 2498 1515 2533 δῶρον
1551 2496 1612 2524 κατ’
1640 2496 1728 2531 ἀρχὰς
1758 2496 1810 2531 μὲν
1838 2496 1869 2522 οὺ

1080 2545 1218 2580 προσίετο,
1235 2543 1429 2579 ἐκλιπαρηθεὶς
1441 2543 1470 2570 δὲ
1483 2543 1572 2579 χρόνῳ
1588 2542 1727 2578 παρέσχεν
1740 2550 1748 2557 ·
1765 2540 1802 2577 ἦν
1816 2542 1871 2578 γὰρ

1078 2592 1153 2626 δεινὴ
1181 2590 1334 2626 περιελθεῖν
1349 2590 1374 2625 [ἡ
1406 2589 1553 2625 Ἀρσινόη,
1577 2589 1625 2615 καὶ
1647 2589 1678 2615 τὸ
1704 2588 1794 2623 γῆρας
1819 2588 1872 2622 ἠδη

1080 2637 1239 2672 Λυσίμαχον
1268 2637 1400 2670 παρεῖχεν
1427 2635 1450 2652 ³⁸
1479 2635 1695 2670 εὐεπιχείρητον.
1727 2634 1871 2669 Δεξαμένη

896 2707 1014 2735 VARle
1038 2705 1238 2733 LECTIOi‘ES.

279 2757 300 2772 ’³
317 2756 406 2788 ἄλλοις
427 2757 448 2785 Α
467 2765 474 2783 :
493 2756 618 2792 ἀλλήλοις
638 2766 668 2790 ς.

715 2757 737 2772 ³⁸³
755 2756 912 2790 Λυσιμάχου
930 2765 959 2787 ς.
999 2755 1019 2770 ³¹
1037 2752 1285 2790 συστρατευόμενος
1295 2751 1430 2790 -Sciil.iger.

1482 2751 1504 2766 δ’
1524 2749 1698 2776 ἐσασίλευσεν
1716 2756 1747 2779 ς.
1787 2747 1810 2762 ³³
1826 2747 1871 2773 διά

242 2801 272 2818 τε
295 2792 345 2826 τήν
363 2783 405 2824 ς..
427 2783 456 2808 ⁵⁵
479 2783 670 2826 βουλεύόμένῖω
695 2800 767 2818 em-r.
794 2783 832 2818 Λ.’
866 2783 887 2808 ⁵³
916 2783 943 2817 ἐκ)
963 2791 1024 2818 add.
1044 2794 1075 2816 A.
1107 2783 1138 2804 ’³⁸
1154 2783 1239 2814 ταῦτα
1274 2787 1322 2822 μὲν
1336 2783 1422 2820 λέγων
1448 2795 1477 2818 τ.
1517 2787 1538 2802 ³⁷
1574 2784 1780 2818 ἐπαινουμένων
1813 2783 1832 2809 Α
1863 2790 1869 2807 :

244 2828 361 2855 ἐπαίνων
376 2837 405 2860 ς.
445 2829 467 2844 ’⁵⁵
496 2829 623 2861 παρεῖχεν
639 2830 660 2854 Α
681 2837 685 2854 :
700 2829 771 2859 εἶχεν
784 2835 812 2858 ς.
