1920 3090
79 133 120 165 889

570 128 831 159 BIBLIOTHECA.
848 139 884 145 -
906 127 989 157 COD.
1009 126 1157 156 CCXXIV.

1615 122 1670 155 890

79 189 96 216 δ*
106 185 169 223 οὖνὴ
191 186 304 222 ’Δρσινόη
325 185 376 221 τῆς
406 184 572 221 Ἡρακλείας
587 185 637 220 τὴν
651 185 740 221 ἀρχὴν
755 185 828 221 πέμ-

882 183 991 211 dederat
1013 182 1213 218 Lysimachum.
1238 180 1326 209 Potita
1346 181 1428 216 igitur
1459 179 1596 208 Heraclea:
1622 181 1669 209 do-

80 234 172 262 πειιτὺν
197 233 314 268 Κυμαῖον
342 231 530 267 Ἡράκλειτον,
553 231 637 267 ἄνδρα
663 231 712 268 μὲν
736 231 831 258 εὖνουν

80 281 141 314 αὐτῇ,
154 279 276 314 ἀπότομον
290 277 318 304 δὲ
332 277 421 309 άλλως
437 277 486 304 καὶ
499 277 585 304 δεινὸν
594 277 624 304 ἐν
640 277 831 312 βουλευμάτων

80 324 191 360 ἑντρεχείᾳ
205 324 249 351 καὶ
263 323 381 359 ὀξύτητι.
403 323 434 349 '0
448 322 477 350 δὲ
490 323 540 358 τῆς
556 322 720 358 Ἡρακλείας
735 322 832 354 ὲπιὸἁς

79 372 105 399 τὰ
122 379 147 398 τε
168 370 229 398 άλλα
253 370 354 406 σφόδρα
386 369 560 405 ὲπιστρόφως
581 369 635 395 τῶν
660 368 831 404 πραγμάτων

81 418 187 453 ἐξηγεῖτο,
210 417 254 444 καὶ
268 416 382 448 πολλοὺς
398 415 502 447 αἰτίαις
525 415 684 443 ὑποϐάλλων
708 415 763 442 τῶν
786 423 833 442 πο-

80 463 140 490 λιτῶν
152 464 196 490 οὐκ
212 463 335 494 ἐλάττους
356 463 529 498 ἐτιμωρεῖτο,
556 461 594 493 ὠς
619 461 701 488 πάλιν
724 460 829 488 ἀποϐα-

80 509 121 535 λεῖν
132 509 216 540 αὐτοὺς
227 508 275 543 τὴν
290 507 369 543 μόλις
379 507 559 542 ⁷είιιιιςριινεῖτῖαν
572 505 758 541 εὐδαιμονίαν.

124 608 179 637 CAP.
202 609 245 640 IX.
269 625 305 630 —
331 609 372 636 De
392 607 543 644 Lysimachi
554 607 698 641 parricidio
719 607 748 634 in
771 607 858 642 [ilium

108 667 130 694 '0
151 667 232 702 μέντοι
255 666 412 702 Λυσίμαχος
435 666 587 701 περιδρομῇ
619 665 762 701 Ἀρσινόης
783 665 830 692 τόν

78 713 162 748 ἄριστον
179 713 230 740 τῶν
251 713 354 739 παίδων
382 713 430 738 καὶ
451 711 640 747 πρεσὸύτερον
662 711 830 745 Ἀγαθοκλέα

77 759 108 792 (ἐκ
120 758 241 793 προτέρων
259 757 288 784 δὲ
308 757 360 792 φὺς
381 755 415 792 ἦν
433 756 507 791 αὐτῷ
533 756 641 791 γάμων)
664 755 725 782 κατ’
742 755 830 791 ἀρχὰς

77 805 113 838 μὲν
123 803 265 830 λανθάνοντι
280 803 430 838 φαρμάκῳ,
445 802 550 829 ἐκείνου
570 801 599 828 δὲ
615 801 686 828 κατὰ
701 801 830 837 πρόνοιαν

882 231 985 257 minatu
1012 229 1140 261 Arsinoe,
1162 228 1330 256 Heraclitum
1355 235 1388 255 eo
1408 227 1548 264 Cymzcum
1576 228 1670 260 mittit.

881 275 979 311 225!)
994 276 1082 303 virum
1100 275 1171 303 illius
1187 275 1375 303 observantem
1391 278 1420 301 et
1446 274 1610 307 studiosum,
1623 274 1670 301 sed

882 322 983 358 alioqui
1001 320 1187 356 praelractum,
1206 324 1234 347 et
1249 319 1276 347 in
1294 319 1416 348 consiliis
1430 319 1528 347 dandis
1545 323 1572 346 et
1590 325 1671 346 exse-

881 367 996 403 quendis
1011 374 1142 402 perquam
1164 366 1330 393 industrium
1349 370 1377 393 et
1390 373 1491 393 acrem.
1507 365 1556 392 llic
1575 365 1672 400 praefe-

881 418 941 441 ctus
956 412 1104 444 Heracleae,
1121 419 1183 440 cum
1198 411 1265 439 alias
1286 419 1331 439 res
1345 411 1428 439 nimis
1443 411 1528 446 rigide
1551 410 1669 437 admini-

882 464 962 492 strat,
987 464 1044 486 tum
1061 459 1161 486 inultos
1181 458 1282 486 civium
1308 457 1470 485 criminibus
1488 462 1594 489 onerat,
1621 464 1670 484 nec

882 505 1024 541 pauciores
1048 504 1178 540 supplicio
1200 504 1306 532 allicit:
1323 508 1351 532 et
1367 504 1408 532 sic
1431 503 1587 532 felicitatem
1608 504 1669 532 vix-

883 552 947 579 dum
963 555 1087 578 exortam
1105 551 1177 578 cives
1194 550 1282 578 denuo
1300 549 1473 577 amittebant.

881 607 1060 642 Agathoclem,
1078 606 1185 634 consilio
1214 614 1341 639 nouercae,
1360 606 1466 641 ejusque
1480 606 1598 634 interitu.

907 665 1041 692 Czeterum
1076 663 1265 699 Lysimachus,
1304 664 1398 691 fraude
1432 663 1572 695 Arsinoes,
1606 668 1670 690 natu

882 711 1031 738 maximum
1066 711 1237 745 etoptimum
1277 710 1620 744 filiorum,.Agatlioclem,
1655 718 1672 738 e

881 757 973 791 priore
999 757 1050 784 sibi
1075 756 1189 791 conjuge
1206 761 1312 788 natum,
1335 756 1424 791 primo
1437 756 1546 790 quidem
1567 763 1672 782 veneno

883 802 1057 835 clanculario,
1080 802 1127 830 sed
1150 807 1260 837 postea,
1279 802 1329 830 hoc
1348 809 1397 838 per
1409 802 1541 829 vomitum
1560 801 1672 836 rejecto,

76 849 226 883 ὲξεμεθέντος,
240 848 422 883 ἀναιδεστάτῃ
434 847 632 883 διαχειρίζεται
643 846 752 883 γνώμῃ·
768 847 829 874 δεσ-

882 848 1013 876 sententia
1029 848 1263 882 impudentissima
1275 843 1432 875 damnatum
1459 852 1547 874 necat.
1565 847 1594 874 In
1611 854 1671 874 car-

76 897 178 932 μωτηρίῳ
198 895 325 931 ἐμϐαλὼν
344 896 451 922 κελεύει
466 895 666 930 κατακοπῆναι,
683 894 830 930 ὲπιὸουλὴν

74 941 127 977 αὑτῷ
142 942 376 977 καταψευσάμενος
388 941 421 968 ³⁹.
445 941 512 968 ’(»δὲ
529 941 707 976 Πτολεμαῖος,
729 941 762 972 ὃς
786 942 830 968 αὐ-

71 987 141 1022 τόχειρ
161 987 203 1014 τοῦ
221 988 377 1023 μιάσματος
392 987 525 1021 ἐγεγόνει,
543 986 656 1021 ἁδελφὸς
674 985 708 1022 ἦν
737 987 829 1022 Ἀρσι-

72 1033 125 1069 νόης,
135 1034 176 1060 καὶ
190 1034 333 1069 ἐπώνυμον
346 1033 390 1061 διὰ
404 1033 453 1069 τὴν
469 1033 618 1068 σκαιότητα
637 1034 684 1060 καὶ
700 1033 830 1061 ἀπόνοιαν

72 1080 105 1106 τόν
117 1080 238 1116 Κεραυνὸν
258 1080 369 1115 ἔφερεν.
391 1080 421 1107 '0
436 1080 527 1106 τοίνυν
540 1079 697 1115 Λυσίμαχος
721 1080 765 1106 διὰ
780 1079 830 1115 τὴν

72 1125 226 1152 παιδοκτονίαν
249 1127 331 1161 μῖσός
354 1134 383 1153 τε
408 1125 513 1152 δίκαιον
537 1125 613 1161 παρὰ
628 1125 682 1152 τῶν
700 1125 829 1160 ὑπηκόων

72 1169 187 1206 ἐλάμϐανε,
207 1173 254 1199 καὶ
277 1172 413 1204 Σέλευκος
434 1171 521 1199 ταῦτα
545 1171 710 1207 πυθόμενος,
725 1172 772 1199 καὶ
791 1171 828 1204 ὡς

72 1217 155 1252 εὐχερὲς
168 1218 208 1254 εἴη
221 1218 318 1245 τοῦτον
335 1216 493 1252 παραλῦσαι
516 1217 569 1252 τῆς
587 1217 684 1252 ἀρχῆς,
701 1217 756 1243 τῶν
781 1217 830 1243 πό-

71 1259 120 1285 λεων
143 1261 328 1297 ἀφισταμένων
355 1260 462 1293 αὐτοῦ,
489 1261 579 1296 μάχην
606 1262 738 1288 συνάπτει
760 1261 829 1296 πρὸς

71 1305 140 1332 αὐτόν.
163 1307 213 1334 Καὶ
237 1307 335 1334 πίπτει
361 1307 391 1334 ὲν
418 1306 458 1341 τῷ
483 1307 597 1342 πολέμῳ
624 1306 783 1342 Λυσίμαχος
805 1306 828 1323 ⁸⁸³

71 1351 141 1387 παλτῷ
159 1352 261 1388 βληθείς
273 1363 281 1369 ·
298 1354 312 1380 ὁ
332 1353 360 1379 δὲ
381 1352 471 1388 βαλὼν
486 1352 555 1388 ἀνὴρ
575 1352 770 1388 Ἡρακλεώτης
782 1351 828 1388 ἦν,

71 1396 165 1435 [571Η.]
178 1400 259 1435 ὄνομα
273 1401 424 1432 Μαλάκων,
444 1399 496 1426 ὑπὸ
512 1399 638 1436 Σελεύκῳ
651 1400 826 1435 ταττόμενος.

71 1443 173 1477 Πεσόντος
190 1446 217 1473 δὲ
241 1447 257 1482 ἡ
273 1445 370 1473 τούτου
386 1445 459 1482 ἀρχὴ
472 1447 694 1482 προσχωρήσασα
719 1447 753 1481 τῇ
779 1445 826 1472 τοῦ

70 1490 174 1518 Maiam
198 1493 278 1529 μέρος
306 1493 435 1528 κατέστη.
464 1492 535 1519 Ἀλλ’
559 1492 676 1519 ἐνταῦθα
707 1492 757 1527 μὲν
779 1492 828 1520 καὶ

68 1536 90 1561 τὸ
99 1536 125 1572 ιβ’
135 1538 178 1573 τῆς
188 1539 328 1575 Μέμνονος
340 1539 462 1574 ἱστορίας
473 1539 564 1575 λήγει.
839 1546 861 1574 c

882 902 970 922 cerem
995 895 1067 922 enim
1093 899 1264 929 compactum
1290 894 1421 922 trucidari
1445 894 1534 929 jubet,
1557 894 1671 921 insidias

881 942 951 976 patri
971 946 1090 969 structas
1108 941 1177 970 falso
1197 941 1367 969 criminatus.
1385 940 1547 968 Ptolemaeus
1567 945 1670 973 autem,

881 987 926 1023 qui
951 995 999 1014 sua
1020 994 1100 1014 manu
1126 988 1215 1015 scelus
1239 987 1266 1014 id
1294 987 1469 1022 perpetravit,
1499 987 1584 1014 frater
1610 992 1671 1014 erat

879 1034 1021 1067 Arsinoes,
1046 1037 1073 1061 et
1094 1033 1211 1060 Cerauni
1235 1033 1273 1070 [id
1304 1037 1346 1060 est
1360 1032 1494 1069 fulminis]
1508 1041 1672 1068 cognomen-

880 1083 936 1106 tum
958 1079 992 1106 ab
1024 1079 1227 1114 importunitate
1248 1086 1352 1106 morum
1379 1084 1406 1107 et
1423 1079 1547 1106 vecordia
1568 1079 1670 1106 retulit.

879 1123 1058 1159 Lysimachus
1079 1124 1160 1159 igitur
1173 1127 1285 1159 propter
1304 1124 1350 1152 ﬁlii
1368 1125 1468 1152 cmdem
1489 1125 1515 1151 in
1533 1125 1596 1152 odio
1612 1130 1671 1152 erat

879 1169 1059 1198 subditorum.
1082 1169 1116 1196 Et
1132 1169 1274 1203 Seleucus,
1296 1170 1339 1197 his
1353 1169 1480 1205 cognitis,
1495 1174 1523 1197 et
1544 1171 1615 1205 quod
1629 1170 1671 1198 fa-

879 1216 931 1243 cile
947 1216 983 1242 sit
999 1223 1082 1250 regno
1098 1216 1236 1243 hominem
1256 1221 1395 1250 excutere,
1412 1216 1569 1244 civitatibus
1589 1217 1622 1244 ab
1638 1225 1671 1245 eo

879 1261 1078 1295 deﬁcientibus,
1103 1262 1228 1297 prmlium
1253 1269 1314 1289 cum
1344 1270 1376 1290 eo
1402 1263 1531 1296 conserit,
1560 1262 1587 1290 in
1618 1270 1672 1297 qum

879 1305 1069 1342 Lysimachus,
1092 1308 1154 1334 dum
1181 1307 1287 1335 fortiter
1311 1307 1440 1341 dimicat,
1462 1308 1516 1342 pilo
1543 1308 1672 1343 trajectus

878 1354 1004 1381 occubat.
1033 1353 1154 1389 Trajecit
1176 1359 1266 1381 autem
1294 1354 1337 1382 vir
1355 1353 1548 1385 Heracliensis.
1563 1355 1673 1382 nomine

878 1398 1013 1433 Malacon,
1030 1399 1145 1427 Seleuco
1158 1399 1290 1432 militans,
1304 1399 1490 1434 subversaque
1503 1407 1546 1432 eo,
1561 1399 1671 1435 regnum

878 1447 911 1472 ad
938 1444 1045 1473 Seleuci
1069 1446 1199 1474 ditionem
1217 1448 1260 1481 (ut
1284 1446 1358 1482 pars)
1376 1446 1503 1474 accessit.
1521 1446 1555 1473 Et
1571 1447 1614 1474 hic
1635 1455 1671 1474 Ml

879 1492 1030 1525 Memnonis
1053 1493 1123 1521 liber
1137 1492 1284 1520 historicus
1301 1492 1410 1520 desinit.

337 1595 403 1622 CAP.
423 1593 456 1623 X.
474 1609 510 1615 —
526 1593 721 1628 Heracliam“,
745 1594 854 1629 expulso
869 1599 993 1630 tyranno,
1011 1602 1039 1621 se
1053 1593 1082 1620 in
1103 1593 1251 1620 libertatem
1267 1599 1399 1621 asserunt.

97 1651 133 1677 Ἐν
150 1651 175 1678 δὲ
198 1652 236 1688 τῷ
259 1656 296 1687 ιγ’
315 1652 380 1684 τοὺς
398 1651 592 1687 Ἡρακλεώτας
610 1651 684 1687 λέγει
707 1651 829 1688 πυθομέ-

68 1704 113 1728 νους
126 1698 144 1713 δ¹
154 1699 199 1734 τὴν
213 1699 359 1734 ἀναίρεσιν
372 1698 532 1733 Λυσιμάχου
545 1698 592 1724 κσῖι
603 1697 641 1729 ὼς
655 1698 697 1733 εῐη
707 1699 721 1724 ὁ
737 1697 831 1725 τοῦτον

69 1742 196 1776 ἀπεκτονὼς
215 1743 420 1780 Ἡρακλεώτης,
436 1744 487 1775 τάς
504 1752 535 1770 τε
553 1743 666 1778 γνώμας
689 1743 831 1779 ἀναρρών-

68 1790 140 1817 meat
149 1791 192 1817 καὶ
205 1792 272 1827 πρὸς
284 1791 331 1818 τὸν
346 1791 396 1826 τῆς
408 1790 566 1825 ἐλευθερίας
583 1790 830 1826 ἀνδραγαθίζεσθαι

69 1834 138 1868 πόθον,
161 1837 192 1873 ἣν
216 1838 236 1864 δ’
263 1837 314 1864 καὶ
337 1840 365 1863 π’
391 1836 479 1863 ἔτεσιν
493 1836 546 1863 ὑπό
564 1845 594 1863 τε
610 1836 664 1864 τῶν
691 1837 830 1872 ἐμφυλίων

68 1881 178 1915 τυράννων
201 1883 247 1910 καὶ
276 1882 338 1918 μετ’
362 1883 485 1913 ἐκείνους
511 1881 563 1909 ὑπο
584 1882 743 1917 Λυσιμάχου
756 1881 827 1917 ἀφῄ-

68 1934 137 1960 ρηντο.
151 1928 304 1964 Πμσῆλθον
330 1927 377 1955 οὖν
398 1929 533 1964 πρότερον
568 1929 743 1966 Ἡρακλείδῃ,
765 1929 828 1955 πεί-

68 1969 137 2004 θοντες
154 1973 230 2000 αὐτὸν
244 1975 298 2009 μὲν
314 1975 448 2009 ἐκχωρεῖν
466 1974 518 2008 τῆς
536 1973 651 2006 πόλεως,
666 1974 716 2001 οὐκ
732 1974 826 2010 ἀπαθῆ

66 2016 138 2043 κακῶν
160 2017 248 2052 μόνον,
261 2018 332 2045 ἀλλά
347 2018 395 2045 καὶ
408 2018 546 2053 λαμπροῖς
567 2017 665 2053 δώροις
688 2018 830 2054 ὲφοδιαζό-

64 2069 136 2096 μενον,
161 2064 201 2098 ἐφ’
215 2061 238 2099 ᾧ
264 2065 316 2100 τὴν
335 2064 496 2099 ἐλευθερίαν
519 2064 642 2096 ἐκείνους
670 2064 827 2093 ἀναλαϐεῖν.

70 2106 101 2138 Ὧς
119 2108 144 2135 δὲ
165 2110 194 2136 οὺ
216 2110 299 2145 μόνον
321 2111 371 2136 οὐκ
395 2110 515 2142 ἔπειθον,
535 2109 605 2137 ἀλλὰ
619 2110 667 2137 καὶ
680 2111 720 2142 είς
743 2111 829 2146 ὀργὴν

66 2153 188 2184 ἐκπεσόντα
215 2156 287 2185 εῐδον
314 2157 362 2184 καί
385 2166 463 2189 τινας
486 2157 577 2184 αὐτῶν
604 2156 653 2184 καὶ
681 2156 828 2192 τιμωρίαις

66 2198 186 2234 ὑπάγοντα,
213 2203 278 2239 [716
301 2202 348 2239 IL]
376 2203 514 2238 συνθήκας
535 2203 645 2238 θέμενοι
671 2202 740 2238 πρὸς
764 2202 828 2234 τοὺς

66 2247 226 2284 φρουράρχους
237 2250 263 2276 ot
277 2249 398 2283 πολῖται,
426 2249 455 2276 αἶ
475 2250 526 2285 τήν
543 2249 566 2265 ι¹
591 2257 622 2275 τε
648 2247 828 2275 ἰσοπολιτείαν

67 2293 132 2325 αὑταῖς
152 2295 244 2331 ἔνεμον
266 2296 316 2322 καὶ
337 2297 401 2328 τοὺς
423 2295 536 2331 μισθοὺς
568 2295 662 2322 λαϐεῖν
689 2290 727 2321 ὧν
752 2294 830 2320 ἐστέ-

67 2346 126 2372 ρηντο
135 2341 165 2375 ⁸³,
178 2342 397 2377 συλλαμϐάνουσι
406 2341 452 2368 τὸν
470 2341 649 2377 Ἡρακλείδην
664 2340 713 2367 καὶ
725 2339 828 2374 φυλατ-

65 2384 151 2418 τόμενον
171 2386 242 2424 εἶχον
262 2390 312 2416 ἐπὶ
328 2389 434 2425 χρόνον.
454 2388 577 2414 Ἐκεῖθεν
591 2387 722 2423 λαμπρὰς
734 2377 828 2418 ἀδείας

65 2428 176 2464 λειᾶντες,
192 2434 242 2468 τῆς
261 2443 292 2461 τε
324 2434 500 2470 ἀκροπόλεως
530 2433 628 2469 μέχρις
652 2432 769 2466 ἐδάφους
793 2432 828 2458 τά

65 2475 120 2512 τείχη
130 2480 285 2512 κατέϐαλον,
297 2481 344 2507 καὶ
361 2480 430 2516 πρὸς
445 2480 577 2506 Σέλευκον
590 2477 826 2514 sier-95°65‘5th

64 2520 100 2555 τῆς
109 2524 202 2557 πόλεως
214 2527 385 2562 ἐπιμελητὴν
402 2526 624 2562 προστησάμενοι
641 2524 790 2559 Φώκριτον.

919 1652 949 1679 ln
966 1659 1015 1679 xui
1046 1651 1175 1686 deinceps
1202 1651 1260 1678 ιλιι-ιι
1284 1657 1498 1683 commemorat,
1518 1651 1674 1680 Heraclien—

883 1704 948 1730 ses,
977 1697 1069 1724 audito
1096 1696 1251 1733 Lysimachi
1279 1696 1407 1732 interitu,
1432 1703 1459 1726 et
1483 1700 1554 1733 quod
1578 1706 1593 1725 a
1623 1707 1674 1733 po-

883 1743 971 1778 pulari
996 1751 1047 1772 suo
1077 1751 1130 1772 nex
1155 1745 1180 1772 ei
1209 1745 1284 1774 illata
1312 1750 1404 1779 esset,
1436 1745 1542 1773 animos
1571 1746 1673 1772 contir-

884 1795 980 1824 Inant,
1008 1795 1036 1818 et
1065 1798 1115 1826 pro
1151 1792 1288 1820 libertatis
1321 1792 1513 1828 recuperandae
1539 1791 1674 1819 desiderio

879 1835 963 1864 fortes
981 1844 1011 1864 se
1030 1836 1106 1865 viros
1131 1837 1284 1872 declarant,
1309 1846 1389 1872 quam
1405 1846 1454 1873 per
1474 1845 1559 1865 annos
1575 1837 1610 1865 84
1630 1843 1672 1872 ty-

879 1885 961 1910 ranni
984 1884 1139 1916 domestici,
1155 1889 1182 1911 et
1203 1889 1263 1919 post
1286 1892 1333 1911 eos
1346 1884 1535 1920 Lysimachus,
1551 1888 1672 1919 ereptam

879 1933 1033 1956 tenuerant.
1063 1929 1153 1963 Quare
1184 1929 1354 1958 Heraclidem
1381 1931 1559 1963 conveniunt,
1585 1936 1613 1958 et
1643 1936 1673 1958 ut

877 1982 930 2002 non
961 1979 1065 2002 tantum
1093 1975 1188 2003 salvus
1204 1980 1232 2003 et
1245 1975 1403 2008 incolumis,
1426 1977 1473 2004 sed
1488 1977 1569 2004 etiam
1581 1977 1674 2012 splen-

882 2020 945 2047 dido
960 2028 1101 2047 munerum
1112 2021 1213 2049 viatico
1228 2021 1378 2049 instructus
1391 2022 1514 2056 excedat,
1530 2023 1672 2057 pristinam

882 2066 962 2093 modo
982 2066 1135 2093 libertatem
1159 2067 1315 2101 obtineant,
1344 2068 1470 2096 suadent.
1489 2069 1526 2096 At
1540 2076 1602 2096 etim
1619 2074 1672 2096 tam

881 2112 975 2148 procul
1004 2112 1090 2140 abfuit
1107 2117 1137 2140 ut
1155 2115 1364 2149 persuaderent,
1383 2121 1411 2142 ut
1427 2115 1510 2143 etiam
1524 2115 1564 2143 ira
1580 2121 1673 2151 tyran-

882 2167 947 2186 num
964 2159 1139 2193 inﬂammari,
1159 2165 1187 2188 et
1209 2161 1356 2189 nonnullos
1372 2162 1405 2190 de
1419 2162 1477 2190 suis
1490 2163 1525 2190 ad
1540 2162 1672 2197 supplicia

882 2203 939 2238 rapi
952 2204 987 2231 ab
1005 2211 1038 2231 eo
1057 2204 1191 2237 viderent,
1211 2210 1291 2240 pacto
1312 2212 1374 2232 cum
1402 2205 1521 2240 prmsidii
1539 2204 1674 2240 praefectis

881 2250 958 2283 inito,
975 2255 1004 2277 ut
1019 2251 1117 2285 arquali
1134 2251 1161 2278 iu
1178 2251 1315 2286 republica
1327 2251 1388 2286 jure
1402 2256 1554 2283 uterentur,
1576 2257 1602 2279 et
1616 2252 1674 2286 qui-

879 2295 930 2323 bus
955 2296 1073 2324 fraudati
1093 2302 1186 2325 essent
1209 2297 1344 2332 stipendia
1367 2299 1531 2333 reciperent,
1550 2298 1673 2325 Heracli-

879 2342 940 2368 dem
966 2342 993 2369 in
1017 2342 1125 2370 vincula
1143 2344 1297 2380 conjectura
1319 2345 1354 2372 ad
1372 2349 1480 2380 tempus
1502 2345 1672 2373 custodiunt.

879 2385 951 2413 Metu
971 2387 1072 2415 dehinc
1098 2388 1193 2421 soluti,
1221 2391 1321 2417 ιιιυιιιίε
1347 2389 1419 2416 arcis
1438 2389 1472 2416 ad
1499 2390 1673 2418 fundamenta

879 2440 966 2467 usque
979 2433 1088 2469 226a
1101 2434 1220 2469 diruunt,
1243 2440 1270 2463 et
1286 2437 1368 2463 missa
1383 2434 1416 2462 ad
1435 2435 1581 2463 Seleucum
1599 2436 1674 2470 lega-
1730 2456 1733 2458 -

881 2480 965 2513 tione,
985 2479 1144 2508 Phocritum
1169 2482 1289 2510 civitatis
1312 2482 1464 2517 principem
1480 2487 1673 2510 etcuratorcm

881 2526 985 2553 faciunt

476 2586 542 2613 Car.
555 2585 648 2612 Xl.—-
665 2583 778 2619 Zipwtes
799 2582 927 2618 Bithynas
948 2581 1128 2610 Ilcraclienses
1146 2582 1263 2617 infestat.

90 2638 200 2678 Ζυποίτης
223 2643 252 2670 δὲ
278 2645 294 2671 ὁ
314 2643 436 2670 Βιθυνῶν
462 2644 601 2678 ὲπάρχων,
624 2641 731 2678 ἐχθρῶς
758 2641 828 2676 ἔχων

69 2681 249 2722 Ἡρακλεώταις
273 2690 408 2725 πρότερον
436 2689 486 2724 μὲν
511 2688 556 2716 διὰ
572 2689 741 2724 Λυσίμαχον,
764 2687 826 2714 τότε

917 2641 953 2669 At
968 2641 1097 2676 Zipmtcs,
1110 2640 1245 2676 Bithyniae
1266 2641 1387 2676 regulus,
1402 2641 1568 2670 Heracleotis
1589 2641 1674 2669 infen-

881 2695 938 2720 sus,
956 2693 1047 2715 ’autea
1071 2686 1238 2722 Lysimachi,
1262 2693 1326 2715 tunc
1353 2689 1435 2716 etiam
1458 2687 1564 2715 Seleuci
1592 2695 1674 2715 causa

680 2768 799 2796 VARUE
819 2767 1027 2796 LECTIONES.

123 2815 348 2851 καταψευδόμενος
361 2825 390 2849 ς.
429 2816 452 2832 ⁵⁰
470 2816 529 2843 πολ.
546 2817 559 2842 ὁ
573 2815 728 2850 Λυσίμαχος
745 2825 774 2848 ς.
815 2815 834 2831 δ’
851 2814 1030 2849 πειθομένους
1046 2822 1075 2846 ς.
1114 2815 1135 2831 ³³
1155 2816 1216 2843 «EA
1235 2825 1240 2844 :
1254 2816 1282 2842 οἰ
1294 2824 1324 2848 ς.
1365 2815 1386 2832 ⁵³
1402 2815 1545 2852 ἐστέρηντο
1561 2815 1675 2850 ﬁtme

66 2846 122 2873 συλλ.
137 2857 163 2881 ς,
