1920 3090
246 115 296 149 891

823 113 955 144 ΡΗΟΤΙΙ
972 112 1227 144 PATRIARCH/E
1245 112 1301 142 ΟΡ.

1817 108 1867 139 892

247 171 322 205 (nam
338 174 399 195 cum
408 170 523 201 utr0que
534 165 685 195 simultates
696 165 836 201 habebat),
867 166 1034 194 excursioni-

1091 165 1119 192 δὲ
1144 165 1188 191 διὰ
1210 164 1340 191 Σέλευκον
1365 163 1506 200 (διάφορος
1526 162 1580 198 γὰρ
1599 160 1637 198 λῆν
1652 162 1799 198 ἑκατέρῳ),
1824 164 1870 195 τὴν

249 217 300 243 bus
313 214 340 241 in
362 221 428 248 agro
444 219 536 240 eorum
556 212 647 244 factis,
664 220 678 239 a
694 212 767 238 tmllo
781 212 976 240 tnaleliciorutn
994 220 1037 247 ge-

248 268 315 288 nere
341 259 480 286 abstinuit.
507 257 651 285 Exercitus
681 263 768 285 tamen
790 258 860 292 ejus,
887 259 949 285 dum
974 259 1036 286 huic

248 308 359 342 negotio
373 304 513 336 incumbit,
537 303 653 330 cladium
665 310 719 329 non
735 311 833 337 expers
855 307 907 336 est,
921 303 967 330 sed
982 310 1035 330 non

248 354 333 380 multo
350 351 483 383 mitiores,
496 357 576 384 quam
592 348 682 380 infert,
699 349 806 382 recipit.

1085 211 1146 238 κατ’
1171 210 1260 236 αὐτῶν
1275 209 1435 245 ἐπιδρομὴν,
1451 209 1519 244 ἔργα
1538 208 1686 241 κακώσεως
1701 209 1868 243 ἀποδεικνὺς,

1085 257 1206 282 ἐποιεῖτο
1222 264 1229 272 ·
1257 256 1287 282 οὐ
1315 255 1369 291 μὴν
1381 255 1440 282 οὐδὲ
1455 256 1485 282 τὸ
1501 253 1584 282 αὐτοῦ
1606 255 1766 290 στράτευμα
1782 256 1870 283 κακῶν

1085 302 1200 334 ἀπαθεῖς
1222 303 1358 337 ἔπραττον
1377 301 1448 337 ἂπερ
1469 301 1613 336 ἔπραττον,
1639 300 1758 336 ἔπασχον
1776 302 1804 329 δὲ
1827 303 1870 329 καὶ

1085 349 1162 376 αὐτοὶ
1175 345 1213 376 ὧν
1227 349 1312 384 ἔδρων
1324 349 1354 374 οὺ
1367 347 1438 375 κατὰ
1453 347 1521 374 πολὺ
1535 347 1700 382 ἁνεκτότερα
1715 347 1749 374 ⁸⁸.

363 418 427 447 CAP.
441 418 501 445 XII.
514 431 549 438 -—
560 416 660 444 Seleuci
675 417 707 443 ab
724 416 938 444 Heracliensibus
954 417 1234 445 alienatio.E:rsulum
1249 418 1348 444 reditur
1357 421 1383 444 et
1398 416 1547 451 reipublicae
1561 416 1732 443 instauratio.

285 476 342 504 Sub
352 475 410 503 hzec
424 474 553 502 Seleucus
581 473 774 507 Aphrodisium
788 479 991 507 procuratorem
1007 475 1035 501 in

246 523 345 556 oppida
369 520 505 555 Phrygiae,
529 526 588 553 quae
613 518 736 553 adjacent
758 518 855 550 Ponto.
879 519 971 548 mittit.
986 519 1037 547 Hic

248 569 330 596 rebus
346 573 462 601 quarum
485 573 566 593 causa
591 569 703 592 venerat
727 565 868 598 confectis,
890 571 951 601 post
965 567 1036 594 redi-

248 619 318 647 tum,
339 613 365 639 in
391 611 504 638 aliarum
522 611 634 645 quidem
652 611 791 638 civitatum
811 612 891 639 laude
915 613 1038 647 prolixus

246 664 329 691 erat,
346 658 535 686 lleraclienses
555 659 644 684 autem
669 657 865 684 criminabatur
878 663 907 685 ut
923 658 1037 687 Seleuco

246 712 342 740 parum
362 703 493 730 addictos.
519 701 647 729 Seleucus
668 709 745 736 ergo,
768 701 820 729 hoc
840 702 974 735 irritatus,
995 703 1036 731 le-

247 754 326 784 gatos
342 747 374 774 ad
388 755 417 774 se
437 746 573 781 profectos
593 745 707 777 fastidit,
723 750 750 772 et
769 746 850 773 minis
869 746 1035 780 increpitans

247 799 343 822 terret.
371 793 492 826 Quorum
517 796 607 819 tamen
629 800 697 819 unus
714 791 890 820 Chauucleon
907 793 974 820 nihil
990 794 1033 822 his

247 839 400 874 perculsus,
426 839 463 865 ita
478 846 568 872 regem
592 838 758 872 compellat:
785 837 913 866 Hercules
938 847 1035 866 carron

248 884 356 912 Seleuce
371 884 494 920 (κάρῥων
508 889 598 910 autent
619 882 796 910 Doriensibus
817 891 878 910 cum
899 883 1035 918 signiﬁcat

249 930 298 966 qui
312 935 354 958 est
368 929 485 964 fortior).
506 931 591 962 Quam
610 936 703 956 vocem
717 937 778 956 cutn
795 937 841 957 rex
859 938 911 957 non
935 930 1036 957 intelli-

248 983 335 1015 geret,
355 981 482 1011 concepta
498 977 524 1003 in
541 976 581 1003 ira
600 976 761 1011 persistens,
779 984 808 1004 se
823 977 932 1004 avertit.
950 977 1037 1012 Lega-

249 1026 283 1053 tis
295 1024 387 1060 igitur,
405 1031 491 1058 neque
507 1023 615 1050 domum
630 1022 730 1054 redire,
742 1029 830 1056 neque
846 1022 900 1049 illic
915 1031 1035 1056 manere,

247 1077 337 1104 opera:
354 1069 469 1104 pretium
482 1068 637 1095 videbatur.
650 1067 715 1100 Quae
731 1075 792 1094 cum
813 1067 1036 1096 Ileracliensibus

247 1116 479 1147 renuntiarentur,
502 1119 558 1141 tum
583 1113 691 1141 caeteris
715 1121 744 1140 se
758 1114 895 1146 muniunt,
919 1119 974 1141 tum
989 1122 1036 1142 co-

246 1162 306 1196 pias
324 1161 472 1188 auxiliares
494 1159 634 1193 colligunt,
659 1163 686 1186 et
703 1167 750 1194 per
770 1159 874 1194 legatos
892 1159 1035 1187 Mithrida-

246 1212 313 1240 tem,
339 1206 418 1233 Ponti
445 1213 547 1239 regem,
563 1210 591 1231 et
615 1205 780 1240 Byzantinos
797 1209 824 1232 et
839 1204 1036 1233 Chalcedouios

246 1254 279 1280 dc
293 1261 344 1287 opc
358 1252 469 1279 ferenda
504 1251 661 1278 sollicitant.
677 1252 711 1277 At
733 1251 839 1289 exsules
856 1251 890 1278 ab
907 1251 1035 1279 Heraclea

248 1299 294 1334 qui
318 1302 489 1333 supererant,
511 1298 547 1324 ita
577 1298 683 1324 tandem
707 1297 884 1324 conveniunl.
908 1296 1035 1332 Nymphi-

245 1345 317 1378 dius,
340 1344 449 1379 quidam
468 1351 500 1370 ex
520 1351 613 1370 eortnn
635 1349 758 1376 numero,
780 1342 897 1369 reditum
912 1343 952 1370 eis
971 1350 1035 1369 sua-

245 1391 312 1417 det:
329 1397 379 1417 nec
395 1389 537 1417 dillicilem
560 1388 632 1415 hunc
655 1395 716 1415 esse
733 1389 913 1421 demonstrat,
929 1389 951 1416 si
967 1389 1035 1416 nihil

245 1444 339 1463 eorum
358 1443 416 1470 qua:
432 1435 550 1469 majores
568 1435 725 1462 amisissent
746 1435 858 1462 moleste
879 1436 1035 1464 viderentur

244 1484 273 1508 et
293 1480 446 1507 turbulente
471 1487 625 1514 reposcere,
642 1485 670 1508 et
689 1489 770 1515 quam
789 1481 901 1508 minimo
925 1483 1034 1518 negotio

245 1526 391 1560 persuasit.
418 1526 510 1559 Quare
532 1534 593 1554 cum
617 1534 649 1554 eo
672 1535 726 1562 quo
749 1528 925 1556 consuluerat
954 1523 1034 1556 modo

246 1572 350 1599 felicem
368 1572 503 1599 inveniret
525 1580 683 1601 successum
707 1574 822 1606 reditus,
843 1579 896 1601 tum
917 1576 1033 1608 reducti,

245 1623 301 1645 tum
317 1626 377 1652 qua:
400 1619 503 1653 recepit
523 1619 585 1646 illos
603 1621 688 1654 patria
714 1620 739 1646 in
758 1621 894 1648 connnuui
914 1625 941 1648 et
957 1628 1033 1656 aequa

244 1665 424 1691 versabantur
448 1665 541 1691 laetitia
558 1670 584 1692 et
599 1665 752 1700 voluptate.
768 1665 834 1692 Nam
852 1671 877 1693 et
894 1666 1034 1694 humanis-

244 1710 314 1737 sime
337 1718 384 1737 eos
406 1710 480 1737 cives
504 1710 669 1742 tractabant,
686 1715 714 1737 et
731 1711 798 1738 nihil
814 1712 910 1739 horum
923 1720 982 1747 quae
999 1713 1032 1740 ad

245 1756 410 1783 mediocrem
433 1755 495 1783 vita:
517 1758 743 1784 sustentationem
759 1758 923 1791 conducunt,
939 1759 1032 1786 deﬁeri

244 1802 430 1835 patiebantur.
452 1801 508 1828 Hoc
527 1802 617 1836 itaque
640 1803 720 1828 modo
735 1803 760 1829 in
775 1803 917 1837 antiquum
936 1804 1034 1831 nobili-

246 1846 309 1873 tatis
323 1851 351 1874 et
364 1846 570 1881 gubernationis
590 1846 674 1874 decus
689 1854 748 1874 sese
763 1847 945 1875 vindicarunt.

1127 474 1173 500 Ἐν
1197 474 1284 508 τούτῳ
1297 473 1326 499 δὲ
1350 473 1481 504 Σέλευκος
1498 472 1668 507 Ἀφροδίσιον
1684 472 1789 506 πέμπει
1807 473 1870 499 διοι-

1087 518 1174 554 κητὴν
1199 518 1240 549 εἴς
1263 526 1292 544 τε
1317 517 1365 549 τὰς
1383 518 1411 544 ὲν
1427 517 1532 552 Φρυγία
1556 517 1649 548 πόλεις
1664 516 1776 548 καὶτὰς
1790 517 1870 551 ὑπερ-

1087 564 1217 599 κειμένας
1229 563 1275 590 τοῦ
1288 563 1401 590 Πόντου,
1423 564 1451 589 '0
1470 563 1509 595 δὲ,
1522 562 1747 598 ’διαπραξάμενος
1761 562 1779 589 ὃ.
1795 562 1870 589 ἑ.δοὺ-

1087 611 1148 637 λετο
1162 610 1209 636 καὶ
1222 608 1351 641 ἐπανιὼν,
1367 609 1421 635 τῶν
1438 609 1487 644 μὲν
1501 609 1589 636 ἄλλων
1614 609 1717 635 πόλεων
1738 610 1769 635 ὲν
1793 610 1870 636 ἐπαὶ-

1087 663 1142 686 νοις
1157 652 1202 690 ἦν,
1225 653 1422 689 Ἡρακλεωτῶν
1444 652 1473 679 δὲ
1501 653 1651 688 κατηγόρει
1677 653 1714 688 μὴ
1743 653 1871 684 εὐνοῖκῶς

1086 699 1158 734 ἔχειν
1176 700 1232 730 τοῖς
1255 697 1303 725 τοῦ
1328 697 1461 724 Σελεύκου
1484 697 1655 733 πράγμασιν.
1691 698 1751 732 Ὑφ’
1776 694 1806 724 οὗ
1827 698 1871 724 Σέ-

1086 745 1183 777 λευκος
1198 743 1377 779 παροξυνθεὶς
1393 743 1457 775 τούς
1473 752 1502 770 τε
1518 745 1586 779 πρὸς
1597 743 1678 770 αὐτὸν
1693 744 1871 779 ἀφικομένους

1087 791 1217 826 πρέσΰεις
1235 790 1422 824 ὰπειλητικοϊς
1438 789 1598 824 ὲξεφαύλιζε
1626 790 1717 823 λόγοις
1737 790 1785 816 καὶ
1807 799 1872 817 κατ-

1050 831 1071 858 Β
1086 839 1231 874 έπληττεν,
1241 839 1299 869 ένὺς
1311 837 1359 864 τοῦ
1371 837 1577 872 Χαμαιλέοντος
1584 836 1660 862 οὐδὲν
1670 836 1871 872 ὀρρωδήσιιντος

1086 885 1136 917 τὰς
1160 884 1286 916 ἀπειλὰς,
1309 884 1376 911 ἀλλὰ
1396 883 1530 918 φαμένου,
1554 883 1703 917 Ἡρακλῆς
1714 883 1738 899 ⁸⁵
1757 883 1872 917 adﬁgit.»-

1088 933 1217 961 Σέλευκε
1235 932 1362 968 (κάῤῥων
1382 931 1405 948 ⁸⁸
1420 931 1449 958 δὲ
1469 933 1483 958 ό
1501 932 1674 966 ἰσχυρότερος
1692 930 1768 966 παρὰ
1790 932 1871 966 Δωρι-

1087 979 1185 1012 εῦσιν).
1196 979 1224 1006 Ὁ
1238 979 1260 1005 δ’
1279 977 1326 1005 οὖν
1338 978 1468 1010 Σέλευκος
1485 977 1516 1004 τὺ
1536 977 1586 1012 μὲν
1602 977 1683 1012 ῥηθὲν
1697 978 1727 1003 οὑ
1745 972 1870 1011 συνῆκεν,

1087 1025 1172 1060 ὀργῆς
1191 1024 1213 1050 δ’
1227 1025 1264 1056 ὡς
1294 1023 1362 1059 εἶχε,
1394 1024 1442 1050 καὶ
1466 1023 1647 1058 ἀπετρέπετο.
1675 1022 1739 1054 Τοῖς
1762 1022 1790 1048 δὲ
1812 1022 1872 1048 οὔτε

1087 1071 1118 1097 τὸ
1133 1071 1284 1105 ἀναχωρεῖν
1296 1071 1398 1102 οἴκαδε,
1411 1070 1473 1097 οὔτε
1489 1070 1520 1096 τδ
1547 1069 1714 1105 προσμένειν
1738 1069 1873 1100 λυσιτελὲς

1087 1117 1185 1143 ἐδόκει.
1214 1117 1306 1143 Ταῦτα
1336 1117 1364 1143 δὲ
1394 1115 1583 1151 Ἡρακλεῶται
1607 1115 1755 1150 πυθόμενοι
1785 1115 1821 1141 τά.
1845 1123 1873 1140 τε

1087 1161 1155 1189 ἄλλα
1184 1161 1423 1196 παρεσκευάζοντο
1460 1161 1507 1188 καὶ
1539 1160 1702 1195 συμμάχους
1727 1159 1872 1194 ἧϐροιζον,

1086 1208 1156 1242 πρός
1178 1216 1208 1234 τε
1230 1207 1400 1242 Μιθριδάτην
1421 1206 1467 1233 τὸν
1486 1206 1588 1233 Πόντου
1604 1204 1718 1240 βασιλέα
1743 1204 1872 1239 διαπρεσ-

1087 1253 1230 1287 ϐευόμενοι
1251 1253 1299 1279 καὶ
1324 1253 1392 1288 πρὸς
1418 1251 1583 1284 Βυζαντίους
1597 1252 1646 1278 καὶ
1665 1250 1872 1285 Χαλκηδονίους.

1087 1299 1118 1325 Οἱ
1137 1298 1166 1325 δὲ
1179 1298 1400 1334 περιλειπόμενοι
1414 1298 1469 1324 τῶν
1484 1297 1538 1324 ἀπὸ
1558 1296 1721 1332 Ἡρακλείας
1737 1296 1872 1331 φυγάδων,

1086 1344 1237 1379 Νύμφιδος,
1252 1345 1298 1371 καὶ
1313 1343 1395 1370 αὐτοῦ
1411 1344 1471 1374 ἑνὸς
1487 1343 1656 1379 ὑπάρχοντος
1666 1342 1782 1374 τούτων,
1807 1342 1874 1368 διάο-

1086 1390 1144 1417 οδον
1176 1390 1371 1426 βουλεύσαντος
1385 1391 1488 1423 αὐτοῖς,
1506 1390 1554 1416 καὶ
1571 1389 1668 1425 ῥᾳδίαν
1686 1385 1757 1415 εἶναι
1774 1388 1875 1422 ταύτην

1086 1436 1300 1468 έπιδεικνύντος,
1320 1437 1344 1462 εἰ
1362 1435 1444 1470 μηδὲν
1458 1443 1496 1462 ων
1507 1435 1529 1450 ⁸⁷
1553 1435 1577 1461 οἱ
1603 1435 1732 1469 πρόγονοι
1757 1434 1876 1460 ἀπεστέ-

1089 1491 1169 1517 ρηντο
1195 1482 1273 1508 αὐτοὶ
1298 1483 1407 1516 φανεῖεν
1429 1480 1597 1516 διοχλοῦντες
1618 1479 1743 1515 [57211.]
1774 1478 1876 1514 ἀναλή-

1086 1527 1197 1562 ψεσθαι,
1213 1527 1307 1554 ἔπεισὲ
1323 1535 1354 1553 τε
1371 1527 1419 1553 σὺν
1435 1526 1474 1562 τῷ
1494 1527 1595 1562 ρᾁτῳ,
1619 1526 1666 1552 καὶ
1686 1527 1735 1560 τῆς
1761 1525 1876 1551 καθόδου

1086 1574 1115 1602 ὃν
1132 1573 1276 1600 ἐϐούλευσε
1293 1573 1395 1610 τρόπον
1409 1572 1597 1607 γεγενημένης
1611 1573 1639 1598 οῖ
1651 1580 1680 1597 τε
1696 1571 1877 1606 καταχθέντες

1086 1620 1133 1646 καὶ
1149 1621 1165 1655 ἡ
1182 1619 1317 1654 δεξαμένη
1334 1619 1412 1650 πόλις
1427 1619 1457 1644 ἐν
1470 1618 1576 1653 ὁμοίαις
1591 1618 1699 1653 ἡδοναῖς
1717 1618 1763 1643 καὶ
1778 1618 1878 1652 εὐφρο-

1087 1665 1181 1697 σύναις
1205 1665 1413 1700 ἀνεστρέφοντο,
1442 1663 1612 1698 φιλοφρόνως
1626 1664 1681 1689 τῶν
1702 1664 1730 1689 ἐν
1746 1664 1779 1698 τῇ
1801 1663 1877 1688 πόλει

1086 1711 1196 1743 τούτους
1225 1710 1431 1745 δεξιωσαμένων
1458 1710 1504 1737 καὶ
1533 1710 1618 1745 μηδὲν
1638 1710 1692 1735 τῶν
1714 1710 1754 1740 εἰς
1774 1708 1878 1742 αὐτὰρ·

1087 1765 1165 1783 κειαν
1193 1757 1286 1787 αὐτοῖς
1313 1756 1512 1783 συντελούντων
1544 1755 1798 1791 παραὶελοιπότων.
1822 1755 1879 1781 Καὶ

1086 1804 1110 1830 οἱ
1133 1803 1335 1839 Ἡρακλειῶται
1351 1803 1397 1828 τὸν
1416 1802 1561 1838 εἰρημένον
1582 1803 1682 1838 τρόπον
1695 1802 1745 1836 τῆς
1759 1801 1880 1831 παλαιᾶς

1088 1849 1229 1883 εὐγενείας
1243 1857 1273 1875 τε
1283 1849 1332 1875 καὶ
1349 1849 1487 1880 πολιτείας
1503 1848 1734 1884 ἐπελαμὸἁνοντο.

476 1912 541 1940 CAP.
556 1912 626 1942 XIII.
640 1928 675 1933 —
688 1914 812 1942 Seleucus
825 1915 851 1942 in
863 1916 1027 1950 expeditione
1040 1916 1211 1944 Macedonica
1226 1925 1242 1943 a
1261 1916 1330 1943 Ptol.
1344 1916 1464 1943 Cerauno
1479 1916 1638 1943 trucidatur.

280 1970 314 1997 At
340 1969 481 2003 Seleucus,
501 1977 628 1997 successu
655 1975 750 1998 contra
770 1970 963 2006 Lysimachum
978 1971 1035 1999 ela-

246 2021 298 2048 tus,
317 2017 461 2044 transitum
488 2017 515 2044 in
542 2016 728 2044 Macedoniam
755 2018 874 2045 instituit
903 2019 1035 2054 (impulit

244 2063 317 2090 enim
337 2070 413 2088 amor
442 2062 547 2096 patriae,
572 2070 605 2088 ex
637 2070 690 2097 qua
704 2063 774 2097 [cum
791 2063 945 2090 Alexandro
962 2065 1032 2091 mili-

245 2114 329 2136 tatum
344 2109 430 2135 iverat
442 2107 464 2147 ),
484 2108 575 2142 ibique
592 2108 723 2143 reliquum
752 2110 813 2135 vitm
830 2115 935 2144 tempus
948 2110 1032 2137 conli-

244 2161 307 2181 cere
330 2153 470 2181 destinatis
492 2153 567 2188 (nam
586 2153 663 2180 senio
680 2153 820 2181 confectus
837 2155 918 2189 erat),
938 2155 1031 2182 Asiam

243 2199 342 2235 2266
368 2199 422 2226 lilio
446 2199 582 2234 Antigono
621 2198 833 2226 commendavit.
869 2199 1032 2228 Ptolemaeus

244 2251 333 2272 autem
361 2245 512 2277 Ceraunus,
537 2244 690 2279 Lysimachi
717 2252 800 2280 regno
825 2246 875 2273 sub
890 2246 1032 2274 arbitrium

245 2291 350 2318 Selcuci
379 2293 497 2324 redacto,
524 2296 551 2318 et
570 2292 628 2326 ipse
647 2291 697 2319 sub
716 2299 748 2319 eo
773 2292 902 2320 vivebat:
920 2300 970 2320 nec
990 2297 1033 2320 ta-

244 2345 316 2370 men,
346 2344 395 2364 ceu
421 2337 520 2371 captivi
540 2337 610 2370 loco,
635 2338 790 2372 neglectim,
818 2338 866 2366 sed
894 2343 924 2366 ut
959 2339 1032 2374 regia

243 2381 360 2414 soboles,
378 2381 405 2408 in
421 2381 524 2409 honore
538 2387 566 2409 et
581 2384 755 2412 accuratione
772 2383 890 2416 habitus,
909 2385 964 2411 imo
977 2393 1033 2411 ma-

243 2425 350 2460 gniﬁcis
374 2427 454 2453 etiam
472 2427 614 2461 promissis
628 2434 743 2456 ornatus
756 2437 771 2455 a
786 2429 911 2462 Seleuco,
931 2430 990 2456 fore
1006 2435 1036 2456 ut

244 2470 370 2498 defuncto
391 2478 502 2506 parente
518 2472 545 2499 in
561 2478 703 2507 paternum
719 2473 831 2509 Egypti
848 2482 960 2509 regnum
985 2475 1034 2502 dc—

243 2516 397 2544 dnceretur.
431 2516 468 2543 lla
492 2525 558 2546 sane
586 2518 736 2547 liberaliter
761 2525 789 2547 et
813 2521 961 2550 honoriﬁce
988 2522 1034 2549 ille

244 2561 419 2589 tractabatur.
445 2563 481 2590 At
502 2564 639 2591 hominem
662 2565 816 2600 improbum
844 2567 914 2594 bene
935 2569 1033 2596 merita

243 2607 329 2635 nihilo
346 2609 485 2636 meliorem
503 2609 602 2637 fecere.
618 2610 687 2637 Nam
708 2611 912 2640 benefactorem
927 2614 1033 2642 insidiis

243 2660 401 2688 oppressutn
415 2656 544 2689 trucidat,
561 2661 589 2684 et
603 2657 665 2691 equi
684 2665 767 2686 cursu
780 2658 891 2693 adjutus
910 2658 1034 2694 Lysima-

1119 1973 1251 2004 Σέ),ευκος
1272 1972 1302 1998 δὲ
1328 1973 1386 2003 τοῖς
1410 1971 1638 2006 κατωρθωμένοις
1663 1972 1733 1997 κατὰ
1749 1972 1772 1986 ⁵⁸
1794 1973 1880 1999 Λυσι-

1085 2019 1172 2054 μάχου
1189 2018 1330 2054 ἐπαρθεὶς,
1344 2019 1383 2049 είς
1408 2017 1458 2052 τὴν
1474 2017 1644 2044 Μακεδονίαν
1658 2017 1806 2043 διαϐαίνειν
1822 2018 1879 2054 ὦρ-

1085 2073 1164 2100 μητο,
1191 2064 1274 2090 πόθον
1289 2064 1359 2099 ἔχων
1378 2064 1428 2098 τῆς
1449 2063 1588 2097 πατρίδος,
1611 2063 1640 2095 ἐξ
1667 2060 1700 2098 ἧς
1716 2064 1765 2089 σὺν
1788 2064 1882 2096 Ἀλεξ-

1083 2110 1172 2145 άνδρῳ
1195 2110 1370 2145 ἐστράτευτο,
1395 2110 1476 2136 κάκεῖ
1506 2109 1553 2135 τοῦ
1582 2108 1640 2144 βίου
1663 2108 1694 2135 τδ
1722 2109 1818 2135 λεῖπον
1837 2109 1880 2135 δια

1084 2156 1183 2183 ανύσαι
1204 2156 1325 2190 ,γηραιὸς
1338 2155 1388 2191 ἤδη
1403 2154 1441 2181 ὣν
1466 2155 1667 2190 διανοούμενος,
1680 2155 1729 2190 τὴν
1740 2155 1769 2181 δὲ
1784 2155 1881 2181 Ἀσίαν

1087 2203 1234 2238 ’Λντιγόνῳ
1245 2202 1268 2217 δ’
1285 2201 1457 2237 παραθέσθαι
1472 2201 1511 2236 τῷ
1536 2201 1622 2228 παιδί.
1653 2201 1822 2236 Πτολεμαῖος
1853 2201 1883 2227 δὲ

1086 2249 1101 2274 ὁ
1111 2247 1263 2283 Κεραυνὸς,
1277 2247 1330 2274 τῶν
1340 2248 1500 2282 Λυσιμάχου
1512 2247 1681 2282 πραγμάτων
1691 2246 1744 2273 ὑπὸ
1754 2246 1883 2280 Σελεύκῳ

1087 2294 1294 2328 γεγενημένων,
1313 2293 1361 2320 καὶ
1384 2292 1467 2325 αὐτὸς
1489 2293 1534 2319 ὑπ’
1550 2292 1630 2319 αὐτὸν
1652 2292 1748 2323 ἐτέλει,
1766 2293 1817 2326 οὐχ
1843 2292 1882 2323 ὠς

1086 2339 1260 2375 αἰχμάλωτος
1276 2339 1485 2374 παρορώμενος,
1499 2338 1556 2365 ἀλλ’
1568 2337 1611 2364 οἷα
1621 2338 1652 2371 δὴ
1668 2338 1733 2369 παῖς
1744 2338 1882 2372 βασιλέως

1087 2388 1170 2422 τιμῆς
1188 2394 1219 2412 τε
1231 2385 1279 2412 καὶ
1294 2385 1423 2420 προνοίας
1440 2385 1613 2420 ἀξιούμενος,
1631 2384 1661 2410 οὐ
1677 2384 1726 2418 μὲν
1741 2383 1814 2410 ἀλλὰ
1834 2385 1884 2409 καὶ

1088 2432 1252 2466 ὑποσχέσεσι
1289 2430 1534 2465 λαμπρυνάμενος,
1566 2430 1599 2461 ἃς
1633 2429 1708 2464 αὐτῷ
1745 2429 1884 2459 Σέλευκος

1087 2476 1259 2512 προῦτεινεν,
1280 2477 1305 2503 εί
1320 2477 1508 2510 τελευτήσειεν
1530 2477 1545 2502 ὸ
1570 2476 1744 2510 γεινάμενος,
1778 2475 1834 2510 τὴν
1860 2475 1883 2490 ⁵⁰

1086 2524 1236 2558 Αἴγυπτον,
1255 2522 1388 2559 πατρῴαν
1402 2521 1486 2549 οὖσαν
1503 2523 1601 2558 ἀρχὴν,
1618 2523 1800 2556 καταγαγεῖν.
1819 2521 1884 2557 [717

1087 2571 1135 2607 Κ]
1160 2570 1230 2597 Ἀλλ’
1244 2571 1259 2597 ὁ
1273 2570 1321 2606 μὲν
1332 2569 1460 2604 τοιαύτης
1475 2569 1637 2604 κηδεμονίας
1660 2568 1773 2603 ἠξίωτο,
1796 2567 1886 2595 κακὸν

1087 2617 1117 2643 δὲ
1135 2617 1189 2652 ἀρα
1203 2616 1230 2642 αἱ
1245 2615 1400 2651 εὐεργεσίαι
1413 2615 1491 2641 οὐδὲν
1503 2615 1641 2641 έῦελτίουν
1655 2615 1689 2642 “.
1712 2613 1885 2648 Ἐπιὸουλὴν

1089 2661 1143 2696 γὰρ
1168 2662 1316 2697 συστήσας,
1329 2660 1493 2697 προσπεσὼν
1516 2660 1562 2687 τὸν
1587 2661 1736 2696 εὐεργέτην
1759 2660 1883 2694 ἀναιρεῖ,

885 2715 1005 2743 VARle
1022 2715 1226 2743 LECTIONES.

279 2756 303 2772 “
316 2757 494 2797 ἀνεκτότερον
512 2767 542 2790 ς.
581 2759 603 2776 ⁸⁵
629 2760 768 2796 Ἡρακλῆς
787 2769 859 2788 corr.
875 2763 894 2788 A
913 2770 920 2788 :
944 2762 1089 2796 Ἡρακλεῖς
1103 2771 1133 2794 ς.
1173 2762 1195 2778 ⁵⁵
1208 2760 1331 2797 κάρρων]
1355 2760 1416 2797 libri
1433 2761 1535 2795 καρῶν.
1552 2759 1683 2797 ηυμηδέν
1697 2760 1718 2786 Α
1738 2769 1744 2785 :
1853 2767 1882 2797 ς.

246 2791 273 2832 "_
283 2793 354 2832 κατᾴ
371 2791 583 2832 ltltmlotnannus
603 2804 609 2821 :
628 2791 696 2831 μετὰ
710 2791 764 2828 τ.”’
780 2796 801 2812 ⁸³
819 2791 1116 2832 ἈντιγόνῳῖΑντιόχιέῖ
1133 2791 1290 2826 ΡίιΙιιιενὶὐέ.
1311 2791 1332 2813 ³⁵
1351 2795 1410 2831 τὴν]
1427 2791 1528 2830 εἰς’τήν
1551 2791 1728 2824 licescitclitrs.
1760 2791 1886 2822 “165).-

247 2826 322 2855 Ιτίουν
337 2828 360 2855 Α
376 2837 383 2855 :
400 2828 544 2855 ἐπετέλουν
559 2837 587 2860 ς.
