1920 3090
1056 79 1063 92 1

73 138 114 169 393
594 134 857 171 BIBLIOTHECA.
876 148 910 154 —
926 135 1008 166 con.
1024 134 1174 168 ccxxw.
1620 123 1675 169 sat

74 194 110 220 καὶ
123 193 195 218 ἵππου
208 191 301 223 ἐπιὸέις
322 191 390 226 πρὸς
415 190 590 226 Λυσιμαχίαν
618 191 730 226 φεύγει·
758 193 787 218 ὲν

911 191 972 218 liam
995 189 1132 226 profugit:
1150 189 1195 218 ub.
1213 191 1405 227 tntposito_silii
1427 191 1591 224 diademate,
1609 200 1669 219 cum

71 239 165 273 διάδημα
178 238 350 273 πριθέμενος
362 237 431 272 μετὰ
442 237 573 272 λαμπρᾶς
585 238 746 272 δορυφορίας
760 246 828 264 κατ-

916 237 1029 264 tellitum
1045 244 1124 263 manu
1137 237 1338 270 speciosissima
1359 238 1393 264 ad
1409 238 1559 265 exercitum
1576 239 1670 265 tendit.

73 283 157 310 ἐϐαινεν
178 284 215 314 εἰς
244 283 274 309 τὸ
294 283 470 317 στράτευμα,
495 282 649 317 δεχομένων
671 283 753 309 αὐτὸν
776 282 828 309 ὑπὸ

917 283 924 308 i
945 282 1107 310 necessitate
1123 283 1256 318 compulsi
1282 291 1344 310 eum
1370 285 1515 319 recipiunt,
1530 288 1557 311 et
1583 291 1673 318 regem

72 330 109 362 τῆς
131 329 242 362 ἀνάγκης
262 329 310 355 καὶ
331 328 444 363 βασιλέα
464 329 618 356 καλούντων
645 329 670 355 οῗ
695 329 828 364 πρότερον

916 328 1013 360 lutant,
1037 329 1081 362 qui
1104 328 1184 362 paulo
1207 333 1269 356 ante
1294 329 1407 357 Seleuco
1431 331 1596 357 sacramenti
1612 330 1674 356 reli-

73 374 171 408 Σελεύκῳ
185 374 328 408 ὑπήκουον.

884 376 964 410 gione
978 374 1082 402 astricti
1100 379 1197 401 erant]

130 433 185 460 CAP.
206 431 273 459 XIV.
292 447 327 452 —
343 432 467 467 Antigoni
490 432 621 464 expeditio
645 431 672 457 in
691 429 855 462 Camurium,
874 429 1084 457 Heracliemium
1099 429 1199 456 auxilio
1213 431 1381 457 instructum.
1397 431 1519 466 Antigoni
1529 432 1604 466 fuga.

103 480 236 513 Ἀντίγονος
251 478 279 505 δὲ
296 479 311 504 ὸ
325 478 482 513 Δημητρίου
502 478 537 504 τὰ
556 477 754 512 συνενεχθέντα
778 486 832 512 μα-

919 477 1072 511 Antigonus
1093 481 1182 502 autem
1213 476 1340 504 Demetrii
1366 477 1448 509 lilius,
1464 477 1515 505 hoc
1532 479 1673 506 intellecto

73 527 121 557 θὼν,
137 526 178 552 ἐπὶ
194 525 360 552 Μακεδονίαν
382 524 531 551 διαϐαίνειν
542 524 680 559 ἐπεχείρει
697 522 773 557 πεζῷ
784 523 831 549 καὶ

914 530 960 554 su,
979 522 1180 556 expeditionem
1205 522 1324 557 suscepit
1337 523 1362 549 in
1381 523 1576 557 Macedoniam,
1590 528 1672 560 pede-

71 571 132 606 νηῖτῃ
144 568 333 604 στρατεύματι,
345 568 502 603 προφθάσαι
519 567 643 594 σπεύδων
663 567 709 593 τὸν
729 566 829 592 Πτολε-

917 569 988 595 ribus
1017 574 1044 595 et
1065 567 1182 594 nattticis
1202 568 1288 602 copiis
1312 569 1488 596 Ptolemreum
1520 572 1675 599 antevenire

74 615 141 648 μαῖον.
165 613 193 639 '0
209 613 236 639 δὲ
253 613 421 647 Πτολεμαῖος
433 612 483 642 τὰς
498 611 657 646 Λυσιμάχου
671 611 738 646 νῆας
761 610 831 644 ἔχων

917 620 1045 648 operans.
1062 613 1097 640 At
1114 612 1276 640 Ptolemazus
1310 615 1451 648 expeditas
1478 615 1579 643 habens
1595 615 1674 652 Lys-

72 660 158 694 ἀπήντα
170 658 215 685 καὶ
230 657 488 692 ἀντιπαρετάττετο.
511 655 602 683 Ἦσαν
629 656 652 683 δ’
675 657 705 682 ἐν
734 656 830 687 αὐταῖς

917 658 972 686 achi
998 665 1091 690 naves,
1127 658 1258 685 instructa
1280 659 1338 686 acie
1365 660 1504 687 occurrit:
1521 661 1591 688 inter
1609 669 1675 696 quas

70 703 130 730 ἄλλαι
144 711 170 729 τε
185 702 231 729 καὶ
244 703 295 737 τῆς
317 702 479 738 Ἡρακλείας
507 703 534 728 αἱ
557 702 761 737 μετάπεμπτοι,
781 701 828 735 ἐξ·

918 710 964 732 ant
979 710 1035 732 tum
1055 705 1125 739 alias,
1145 711 1199 732 tum
1215 706 1248 733 ab
1264 706 1393 734 Heraclea
1412 709 1552 734 accersitae
1563 709 1676 736 hexeres

71 750 130 784 ήρεις
144 758 169 775 τε
183 749 228 775 καὶ
241 749 388 783 πεντήρεις
401 756 432 774 τε
453 747 500 774 καὶ
515 748 662 783 ἄφρακτοι,
681 747 729 774 καὶ
748 747 829 782 ὀκτή-

923 756 1060 787 penteres,
1076 757 1102 780 et
1119 753 1217 786 quibus
1233 753 1379 787 Aphractis
1395 759 1437 781 est
1448 761 1544 781 nomen
1563 759 1609 781 τοι
1623 762 1676 781 una

72 803 109 830 ρης
121 795 163 830 μία
176 796 191 830 ή
204 795 380 829 λεοντοφόρος
388 794 554 829 καλουμένη,
569 794 701 828 μεγέθους
710 794 734 809 ⁵³
749 793 830 819 ἕνεκα

917 797 998 831 teris,
1017 797 1103 825 leonis
1119 797 1183 825 fera:
1214 798 1322 825 nomine
1338 798 1465 834 insignis,
1484 807 1544 833 «luas
1571 799 1675 834 magni-

71 843 106 868 καὶ
120 842 224 873 κάλλους
234 841 341 876 ἥκουσα
353 842 393 872 εις
406 840 498 875 θαῦμα
510 848 518 855 ·
536 841 565 866 ὲν
576 839 664 875 ταύτῃ
673 840 728 874 γὰρ
745 842 766 874 ρ’
781 839 829 874 μὲν

918 843 981 870 dine
1003 846 1031 870 et
1051 842 1183 877 elegantia
1211 843 1238 869 in
1261 843 1470 871 admirationem
1498 845 1633 871 veniebat.
1647 844 1675 870 lu

70 887 143 921 ἄνδρες
161 887 271 913 ἕκαστον
298 887 403 921 στοῖχον
417 886 439 901 ⁸³
454 886 579 921 ἤρεττον,
596 885 633 916 ὡς
655 888 683 911 ω’
699 885 732 911 ὲκ
753 884 828 911 θατέ-

921 896 935 915 c
945 889 1018 915 enim
1031 888 1083 916 100
1098 888 1157 921 viri,
1170 896 1227 916 sua:
1241 889 1341 923 quique
1358 889 1488 916 centuria:
1513 890 1617 921 ordine,
1636 896 1677 916 re-

71 942 104 968 ρον
118 934 207 968 μέρους
219 932 357 968 γενέσθαι,
371 932 401 964 ἐξ
417 931 558 966 ἑκατέρων
570 931 599 958 δὲ
613 930 714 966 χιλίους
733 930 780 957 καὶ
790 932 814 965 χ’
823 938 829 945 ·

920 942 946 959 us
956 933 1099 965 ducebant,
1115 938 1144 960 ut
1170 941 1203 960 ex
1230 933 1314 961 altera
1334 939 1411 969 parte
1427 935 1490 966 800,
1504 943 1537 962 ex
1564 942 1678 969 utraque

70 980 87 1004 oi
103 979 125 1006 δὲ
135 979 182 1005 ἀπὸ
197 979 251 1005 τῶν
275 977 519 1012 καταστρωμάτων
545 975 730 1011 μαχησόμενοι
751 975 828 1010 χίλιοι

925 983 977 1003 tem
994 977 1062 1004 i600
1081 984 1192 1004 numero
1208 983 1298 1005 essent
1315 985 1323 1004 :
1339 978 1385 1012 qui
1409 985 1474 1005 vero
1495 979 1528 1005 de
1542 978 1610 1006 foris
1628 986 1678 1013 pu-

70 1025 105 1051 κειὶ
120 1027 139 1051 σ¹
149 1045 156 1056 ,
172 1025 217 1051 καὶ
237 1024 403 1060 κυϐερνῆται
425 1022 457 1058 β’.
475 1022 529 1057 Τῆς
541 1022 588 1049 οὖν
603 1021 741 1056 συμὸολῆς
759 1029 828 1055 γενο

924 1027 1013 1054 arent,
1036 1023 1117 1050 1200.
1133 1023 1168 1050 Et
1182 1024 1235 1050 duo
1255 1024 1579 1059 inerantgubernatores.
1599 1024 1679 1052 Post-

71 1068 146 1102 μένης,
156 1069 248 1104 κρατεῖ
264 1068 435 1102 Πτολεμαῖος
457 1066 487 1093 τὸ
509 1066 638 1094 ναυτικὸν
660 1066 829 1101 τρεψάμενος

917 1077 969 1096 tam
983 1070 1010 1096 in
1027 1070 1112 1097 aciem
1130 1070 1292 1097 descensum
1306 1071 1491 1104 est,superior
1508 1071 1598 1098 evadit
1614 1070 1675 1097 Pto-

69 1113 104 1140 τοῦ
116 1114 271 1148 Ἀντιγόνου,
289 1114 475 1150 ἀνδρειότερον
487 1113 541 1140 τῶν
558 1112 645 1140 ἄλλων
659 1112 799 1146 ἀγωνισαμ
806 1111 827 1138 ἐ‹

919 1115 1043 1148 [πευθώ]
1057 1114 1148 1150 fugam
1167 1123 1244 1143 versa
1261 1115 1388 1150 Antigoni
1407 1116 1506 1143 classe.
1517 1116 1565 1143 Ubi
1579 1116 1677 1143 fortius

69 1169 108 1187 νων
128 1162 148 1177 ³⁸
172 1161 199 1188 αἶ
219 1159 292 1197 ἦσαν
313 1161 342 1195 ἐξ
366 1159 602 1196 Ἡρακλεώτιδος·
621 1159 711 1185 αὐτῶν
726 1158 756 1185 δὲ
776 1158 827 1184 τῶν

922 1161 994 1188 :teris
1015 1166 1168 1196 pugnarunt
1187 1169 1272 1189 naves
1302 1169 1335 1188 ex
1364 1162 1563 1194 Heracleotide,
1580 1167 1607 1189 et
1621 1162 1680 1196 pal-

74 1207 270 1243 Ἡρακλεωτίδων
287 1208 318 1234 τὸ
342 1207 481 1243 ἐξαίρετον
502 1207 600 1242 ἔφερεν
618 1208 634 1241 ἠ
657 1205 832 1241 λεοντοφὸρος

917 1215 958 1233 am
975 1207 1047 1233 inter
1065 1207 1113 1234 has
1130 1208 1191 1234 tulit
1209 1207 1508 1235 octoremisleonifcra.
1527 1207 1674 1235 Sinistram

69 1253 172 1288 ὁκτήρης.
193 1253 269 1281 Οὕτω
288 1253 382 1285 κακῶς
404 1253 558 1287 Ἀντίγονος
572 1252 611 1287 τῷ
625 1251 710 1287 στόλῳ
726 1251 827 1287 πράξας

923 1260 980 1288 ique
995 1254 1128 1280 fortunam
1139 1254 1235 1281 classis
1249 1260 1377 1288 expertus
1385 1254 1548 1289 Antigonus,
1563 1255 1588 1281 in
1599 1254 1681 1282 Bato-

69 1298 98 1329 είς
118 1299 160 1333 τὴν
187 1299 320 1326 Βοιωτίαν
344 1299 514 1340 ἀνεχώρησε.
541 1298 710 1332 Πτολεμαῖος
733 1297 762 1324 δὲ
786 1297 827 1323 ὲπλ

924 1308 955 1326 in
970 1307 1000 1327 se
1013 1300 1116 1334 recepit
1129 1309 1135 1327 ε
1148 1306 1175 1328 et
1192 1299 1367 1333 Ptolemaeus,
1382 1301 1498 1328 transitu
1515 1301 1541 1328 in
1560 1300 1682 1328 Maccdo-

69 1345 211 1374 Μακεδονίαν
223 1346 312 1382 διέϐη,
326 1347 373 1373 καὶ
387 1346 504 1381 βεϐαίως
519 1345 582 1380 ἔσχε
597 1344 646 1380 τὴν
662 1345 761 1380 ἀρχήν.

889 1346 962 1373 niam
981 1345 1064 1378 facto,
1078 1346 1134 1380 jam
1151 1346 1267 1373 ﬁrmiter
1284 1354 1396 1382 regnum
1421 1347 1539 1374 tenebat.

225 1404 291 1432 CAP.
307 1402 366 1430 XV.
378 1418 411 1424 -—
425 1403 540 1430 (Ξεναυηὶ
563 1403 666 1438 ﬂagitia
682 1408 706 1430 et
735 1403 869 1432 interitus.
880 1397 1005 1438 Antigoni
1022 1403 1051 1429 in
1067 1411 1146 1438 regno
1163 1402 1326 1430 Macedoniae
1341 1403 1482 1429 successio.

94 1448 182 1476 Αὐτίκα
193 1450 271 1484 γοῦν,
293 1451 342 1485 τὴν
355 1450 458 1476 οἰκείαν
474 1449 574 1485 μᾶλλον
587 1449 726 1484 ὲκφαίνων
745 1449 835 1476 σκαιό-

928 1449 1026 1476 Statim
1042 1450 1134 1483 igitur,
1153 1454 1182 1476 ut
1214 1449 1374 1484 improbitas
1404 1449 1464 1484 ejus
1492 1456 1524 1476 eo
1553 1449 1638 1483 magis
1655 1449 1680 1475 in

68 1502 130 1529 τητιι,
147 1497 288 1531 Ἀρσινόην
302 1496 362 1531 μὲν,
374 1496 412 1527 ὡς
438 1495 554 1529 πάτριον
574 1494 653 1521 τοῦτο
674 1495 730 1524 τοῖς
751 1494 826 1528 Αἰγυ-

925 1494 984 1522 uios
1001 1495 1141 1522 hominum
1160 1496 1292 1528 incurrat,
1308 1495 1445 1522 Arsinoen
1459 1502 1594 1526 sororem,
1611 1495 1681 1529 quod

69 1541 150 1573 Ιπτὶοις,
162 1543 209 1577 τὴν
231 1542 352 1577 ἀδελφὴν
377 1542 472 1576 γαμεῖ,
486 1542 549 1572 τοὺς
576 1541 608 1567 ὲκ
624 1540 783 1575 Λυσιμάχου
806 1539 827 1565 δὲ

928 1541 1008 1568 trium
1026 1541 1078 1568 hoc
1096 1541 1131 1568 sit
1155 1540 1290 1576 [Egyptiis
1307 1541 1487 1575 praetendens,
1517 1541 1681 1567 matrimonii

69 1588 147 1620 παῖδας
168 1589 233 1624 αὐτῇ
247 1589 450 1623 γεγενημένους
464 1588 571 1622 ἀναιρεῖ
583 1595 590 1603 ’
610 1587 669 1622 μεθ’
684 1586 731 1618 οὓς
741 1586 827 1612 κάκεί·

926 1588 990 1615 dere
1004 1586 1055 1614 sibi
1082 1586 1217 1621 astringit,
1243 1591 1270 1613 et
1294 1591 1370 1613 natos
1395 1586 1421 1614 ei
1461 1594 1493 1613 ex
1521 1586 1683 1620 Lysimacho

68 1641 106 1667 νην
116 1634 158 1669 τῆς
177 1634 316 1669 βασιλείας
328 1633 488 1669 ἐξεκήρυξε.
507 1633 562 1659 Καὶ
576 1631 662 1658 πολλὰ
675 1631 723 1658 καὶ
738 1631 826 1666 παρὰ·

924 1633 1008 1660 icidat
1025 1641 1031 1660 :
1047 1633 1113 1667 quin
1125 1640 1187 1659 mox
1201 1631 1283 1659 etiam
1301 1632 1398 1666 ipsam,
1414 1639 1466 1658 non
1487 1631 1557 1659 citra
1586 1637 1682 1659 contu-

69 1687 123 1713 νομα
137 1681 164 1706 ἐν
183 1681 241 1707 δυσὶ
279 1679 503 1715 διαπραξάμενος
523 1678 546 1695 ⁸⁵
573 1678 656 1710 ἔτεσι,
683 1676 827 1703 Γαλατικοί

925 1679 1012 1711 aliam,
1043 1686 1127 1713 regno
1152 1678 1271 1713 expellit.
1296 1678 1418 1711 Cumque
1441 1677 1557 1712 plurima
1589 1683 1683 1704 contra

70 1724 119 1760 [375
137 1726 180 1762 IL]
204 1728 307 1762 μέρους
331 1727 382 1761 τῆς
406 1726 535 1761 πατρίδος
552 1723 771 1759 μεταναστάντος
792 1723 828 1749 διε

925 1732 975 1751 :um
989 1723 1184 1757 hominumque
1204 1723 1358 1758 legesintra
1374 1722 1513 1749 biennium
1529 1727 1683 1756 perpetras-

70 1770 140 1806 λιμῦν,
152 1772 196 1798 καὶ
206 1772 382 1800 Μακεδονίαν
401 1770 610 1798 καταλαϐόντων
621 1769 669 1795 καὶ
689 1769 728 1800 εἰς
745 1768 828 1804 μάχην

925 1776 945 1804 t,
973 1771 1073 1798 accidit
1102 1775 1131 1797 ut
1160 1777 1224 1805 pars
1252 1770 1374 1805 quzedam
1403 1769 1540 1796 Gallorum
1559 1767 1631 1794 fame
1651 1775 1682 1794 ex

70 1818 129 1852 αὐτῷ
141 1819 326 1853 συναψάντων,
343 1817 426 1850 ἀξίως
438 1816 488 1851 τῆς
499 1816 638 1851 ὠμότητος
653 1815 824 1850 καταοτρέφε

928 1817 979 1844 tria
1007 1817 1126 1852 migrare
1161 1820 1267 1847 coacta,
1288 1814 1474 1843 Macedoniam
1502 1812 1685 1845 invaderet,a

70 1862 104 1889 τὸν
126 1864 185 1898 βίον,
211 1863 432 1899 διασπαραχοεὶς
456 1863 509 1889 ὑπὸ
529 1862 583 1888 τῶν
606 1860 754 1887 Γαλατῶν·
782 1859 828 1892 {de

924 1863 998 1896 tibus,
1026 1867 1154 1890 conserto
1171 1862 1279 1896 proelio.
1310 1869 1359 1888 rex
1389 1861 1465 1887 vivus
1485 1860 1604 1894 capitur,
1628 1858 1682 1885 cle-

70 1910 112 1944 γὰρ
126 1911 232 1947 ἐλήφθη,
250 1911 300 1938 τοῦ
314 1910 471 1945 ἐλέφαντος,
485 1910 513 1936 ὲν
525 1905 548 1942 ᾧ
564 1908 670 1942 ὠχεῖτο,
687 1905 828 1941 τρωθέντα

929 1913 1004 1941 ante,
1021 1915 1074 1942 quo
1100 1907 1260 1939 vehebatur,
1290 1906 1412 1934 saucialo
1440 1912 1582 1938 excussus,
1608 1908 1635 1930 et
1652 1903 1685 1929 ab

71 1958 107 1982 καὶ
118 1959 311 1989 καταῦαλόντος
329 1957 422 1983 αὐτόν,
445 1955 598 1986 Ἀντίγονος
610 1954 639 1980 δὲ
655 1955 668 1979 ὁ
680 1951 829 1987 Δημητρίοι

927 1953 1016 1980 stibus
1041 1953 1204 1986 discerptus,
1220 1952 1329 1986 dignum
1342 1951 1564 1978 crudelitatesua
1585 1949 1685 1984 227a

70 2001 175 2038 ἡττηθεὶς
198 2005 221 2020 ⁵⁸
244 2004 285 2039 τῷ
306 2002 436 2037 ναυτικῷ,
463 2000 632 2037 Πτολεμαίου
661 1998 828 2036 ἀνῃρημένοι

928 2000 994 2026 itum
1010 1999 1122 2025 invenit.
1141 1999 1294 2033 Antigonus
1307 2002 1397 2024 autem
1424 1996 1621 2030 Demetrii,qui
1636 2003 1685 2029 pu-

69 2048 108 2083 τὴν
120 2050 276 2077 Μακεδόνων
294 2050 428 2085 λαμϐάνει
442 2050 539 2084 ἀρχήν-

927 2053 945 2071 ηίι
959 2043 1040 2079 (quod
1065 2043 1167 2071 dictum
1183 2044 1235 2078 est)
1261 2043 1349 2070 navali
1365 2042 1624 2075 succubuerat,jam
1639 2042 1685 2068 ho-

895 2095 937 2119 ste
947 2090 1064 2122 sublato,
1078 2089 1247 2116 Macedonia:
1258 2097 1371 2124 regnum
1385 2092 1508 2123 occupat.

237 2152 305 2179 Cap.
323 2150 392 2176 XVI.
409 2165 444 2170 —
465 2149 600 2177 Patrocles
618 2149 744 2176 Antiochi
768 2149 910 2182 prtefeclus
933 2157 949 2174 a
988 2146 1109 2182 Bithynia
1140 2154 1200 2172 cunt
1220 2145 1337 2172 exercitu
1362 2145 1474 2172 creditur

102 2195 126 2222 ’0
135 2196 160 2223 δὲ
175 2197 307 2224 Σελεύκου
329 2197 465 2232 Ἀντίοχος
482 2196 589 2227 πολλοῖς
604 2195 743 2230 πολέμοις.
756 2195 780 2220 εἱ
793 2194 839 2220 καὶ
856 2195 860 2222 l

929 2191 1078 2219 Antiochus
1099 2191 1219 2224 interim,
1238 2191 1345 2218 Seleuci
1373 2190 1458 2222 ﬁlius,
1477 2197 1538 2216 cum
1558 2190 1600 2216 vix
1625 2194 1687 2215 tati-

73 2242 132 2276 μῶ-ις
143 2244 188 2271 καὶ
201 2245 263 2271 οὐδὲ
282 2245 385 2275 πᾶσαν,
401 2244 476 2278 ὅμως
496 2241 710 2276 ἁνατωσάμενος
727 2241 777 2275 τὴν
790 2249 828 2266 πα

932 2246 958 2265 ιιι
973 2238 1066 2265 multis
1100 2237 1192 2268 bellis,
1221 2243 1271 2264 nec
1301 2237 1458 2263 universum
1479 2241 1570 2263 tamen
1602 2236 1687 2270 patris

70 2288 143 2323 τρῴαν
167 2291 263 2326 ἀρχὴν,
295 2291 399 2325 πέμπει
429 2289 583 2323 στρατηγὸν
608 2287 768 2322 Πατροκλέα
794 2286 826 2312 σὺ

930 2292 1009 2320 gnum
1026 2287 1225 2318 recuperasset,
1259 2283 1414 2317 expeditam
1443 2289 1553 2308 manttm
1576 2282 1602 2308 in
1618 2281 1688 2308 ulte-

72 2333 271 2371 ἑκστρατεύματι
296 2337 337 2367 εἰς
359 2335 408 2370 τὴν
431 2335 542 2361 ἐπιτάδε
557 2335 606 2361 τοῦ
631 2334 754 2368 Ταύρου·
777 2334 791 2360 ὁ
814 2333 827 2360 δ

929 2339 969 2358 ira
986 2330 1067 2357 Tauri
1079 2330 1173 2361 mittit,
1186 2329 1312 2356 Patrocle
1324 2329 1402 2361 duce,
1418 2329 1464 2363 qui
1479 2328 1687 2363 Hermogenem,

76 2379 225 2417 Ἑρμογένην
236 2384 258 2399 ⁸⁷
274 2383 475 2417 προσαιρεῖται,
493 2382 524 2408 τὸ
543 2382 620 2415 γένος
642 2380 797 2407 Ἀσπένδιον
808 2379 831 2396 ⁵³

930 2377 1063 2411 pendium
1085 2383 1197 2411 genere,
1213 2375 1331 2409 legatum
1349 2375 1400 2401 sibi
1415 2375 1536 2408 adoptat.
1555 2374 1604 2401 llic
1627 2382 1688 2401 cum

73 2425 94 2457 ὃς
114 2428 154 2454 ἐπί
179 2438 208 2456 τε
235 2429 329 2461 πόλεις
352 2428 434 2458 ἄλλας
460 2428 507 2454 καὶ
530 2428 577 2454 ἐπὶ
600 2426 649 2461 τὴν
678 2425 831 2460 Ἡράκλεια

931 2424 970 2450 ias
990 2423 1082 2455 urbes,
1099 2426 1155 2449 tum
1177 2420 1335 2448 Heracleam
1355 2427 1464 2454 quoque
1481 2420 1611 2446 infestare
1622 2427 1688 2446 con-

74 2470 167 2508 ίῖιρμητο
180 2475 328 2502 εἰσϐαλεῖν.
343 2475 405 2501 Τῶν
418 2474 448 2501 δὲ
469 2472 668 2509 Ἡρακλεωτῶν
681 2472 750 2507 πρὸς
763 2470 830 2497 αὐτὸ

934 2473 1023 2495 tuerat
1040 2476 1047 2495 :
1064 2475 1159 2495 verum
1181 2466 1396 2493 lleraclieusimn
1413 2465 1549 2499 legatione
1566 2465 1689 2500 placatus

74 2519 304 2554 πρεσϐευσαμένων
317 2520 352 2550 ⁸³,
363 2519 413 2554 τῆς
428 2518 520 2554 χώρας
534 2518 671 2552 ἀναχωρεῖ
690 2516 738 2542 καὶ
755 2516 830 2550 φιλία

929 2514 1018 2541 inibus
1029 2521 1123 2540 eorum
1131 2512 1249 2543 excedit,
1259 2517 1287 2538 et
1299 2519 1429 2546 percusso
1440 2511 1568 2538 amicitia:
1576 2510 1687 2542 fcedere,

75 2565 219 2599 συντίθεται,
232 2566 280 2592 ἐπὶ
303 2566 353 2601 τὴν
369 2565 496 2591 Βιθυνίαν
517 2564 562 2591 διὰ
577 2564 628 2598 τῆς
643 2562 764 2598 Φρυγίας
780 2570 832 2596 τρα

936 2568 947 2587 r
959 2559 1084 2595 Phrygiae
1101 2566 1182 2593 agros
1197 2559 1223 2585 in
1240 2557 1398 2592 Bithyniam
1416 2564 1446 2585 se
1472 2557 1618 2584 convertit.
1636 2555 1689 2582 Ex-

76 2611 184 2645 πῦμενος.
204 2612 389 2648 Ἐνεδρευοεὶς
400 2612 428 2638 δὲ.
444 2612 495 2637 tua
510 2611 564 2637 τῶν
579 2609 699 2637 Βιθυνῶν
714 2608 834 2644 διεφθάρ

928 2611 993 2641 ιριυε
1010 2613 1073 2633 vero
1088 2604 1265 2639 Bithynorum
1292 2604 1410 2635 insidiis,
1427 2610 1480 2630 una
1497 2609 1558 2630 cum
1566 2601 1686 2628 exercitu

77 2663 100 2682 τι
112 2658 185 2691 αὐτὸς
202 2660 252 2686 καὶ
271 2661 288 2694 ἠ
312 2661 360 2685 σὺν
375 2658 450 2694 αὺτῷ
466 2657 590 2693 στρατιὰ,
607 2657 704 2691 ἀνδρὸς
725 2655 795 2690 ἔργα
816 2655 835 2681 τὶ

934 2652 1091 2681 ternccione
1117 2651 1240 2682 caeditur,
1260 2659 1323 2678 cum
1350 2649 1455 2678 strenui
1479 2649 1531 2676 viri
1557 2648 1690 2680 facinora,

78 2702 127 2728 καθ’
141 2705 232 2733 ὲαυτδν
244 2707 287 2737 εἰς
300 2705 445 2740 πολεμίους
456 2705 478 2720 ⁰⁰
490 2703 705 2738 ἐπιδειξάμενος.

595 2703 705 2738 άμενος.
903 2707 953 2727 suo
964 2699 1035 2731 loco,
1055 2699 1083 2726 in
1101 2697 1192 2725 hostes
1211 2698 1352 2726 edidisset.

698 2759 817 2787 VARIA'I
836 2756 1038 2787 LECTIONES.

107 2807 126 2822 “
142 2809 198 2836 καλ.
216 2811 232 2843 ἡ
248 2809 378 2843 μεγέθους
394 2818 422 2840 ς.
461 2808 482 2824 ⁵³
497 2808 612 2834 ἕκαστον
629 2808 735 2841 στοῖχον
753 2806 902 2843 l‘altueritts
913 2825 920 2835 ,
944 2805 1047 2843 ἕκατον.
1060 2810 1164 2841 στοιχον
1213 2811 1218 2828 :
1245 2801 1435 2843 mereamur)!
1448 2808 1478 2832 ς.
1516 2799 1539 2814 ⁸⁵
1555 2797 1692 2843 (He-tingat.-

83 2833 197 2878 F’vo-AE.’
219 2833 450 2874 'ia'alhia'nEJ-Jn;
471 2833 507 2874 cf
539 2844 562 2857 δ*
580 2833 706 2878 ἡττηθείέ
724 2842 743 2868 Α
763 2833 925 2876 εήττήθητζ
945 2837 1081 2868 addcudus
1100 2833 1240 2865 articulus.
1278 2838 1299 2853 ⁸⁷
1320 2833 1488 2871 Ἐρμόγένης
1503 2843 1533 2868 ς·
1557 2833 1694 2871 ⁵⁸.Ἀσπέ·

83 2875 125 2902 im
136 2875 172 2906 Δί
200 2880 222 2895 ⁸³
238 2879 530 2914 διαπρεῖεευταμέιων
545 2887 574 2909 τ.
591 2875 595 2878 ’
616 2878 636 2893 “"
664 2877 795 2911 πολέμους
809 2885 836 2907 τ.
