1920 3090
221 126 271 158 8θέ

803 120 936 155 PHOTII
953 120 1208 154 PATRIARCHIE
1229 112 1299 152 cp.‘

1809 115 1862 148 896

425 180 490 208 CAP.
518 178 888 213 XVII.,—I!eracliemium
920 186 980 205 tum
1011 176 1156 204 Nicomede
1181 176 1305 203 lsocietat
1323 180 1348 202 et
1375 175 1477 202 urbium
1494 173 1665 208 temperatio.

258 238 314 266 Ilac
323 239 356 266 de
371 245 464 272 causa,
478 238 614 266 Antiocho
631 238 658 265 in
672 237 805 272 Bithynos
818 237 1017 271 expeditionem

1106 233 1157 260 Διὰ
1179 233 1267 261 ταῦτα
1281 233 1312 268 δὴ
1330 232 1540 268 ἐπιστρατεύειν
1555 230 1706 265 ἐγνωκότος
1723 230 1862 265 Ἀντιόχου

222 286 394 316 instituente.
415 292 462 312 rex
476 283 572 312 horum
581 283 742 311 Nicomedes
755 290 803 318 per
817 282 919 318 legatos
927 282 1016 310 subsi-

223 331 298 358 dium
313 331 345 358 ab
362 330 585 358 IIeracliensibus
605 330 673 364 petit
696 334 725 358 et
743 329 886 365 impetrat:
899 329 1014 364 gratiam

223 384 252 404 se
266 377 426 409 relaturum,
442 376 487 404 ubi
504 376 531 403 in
548 376 630 404 simili
650 376 817 403 necessitate
833 379 942 410 tempus
967 374 1016 402 Ila-

225 422 302 456 gitet,
322 421 471 456 pollicitus.
496 421 553 449 llac
571 421 717 448 occasione
727 420 849 453 Cierum.
872 426 900 448 et
924 419 1015 454 Tium,

223 472 252 495 et
273 466 415 495 Thinidem
432 472 544 500 terram,
560 467 653 494 multis
668 467 796 501 expensis
815 466 848 494 ad
879 473 910 494 se
935 465 1017 493 redu-

225 516 335 540 xerunt.
355 512 493 539 Amastrin
516 512 622 540 interea
637 513 710 547 (qua:
732 516 760 539 et
780 512 837 546 ipsa
866 518 928 539 cum
957 511 1018 538 aliis

225 559 351 593 adempta
368 558 469 593 fuerat)
487 561 544 584 tam
559 558 630 585 bello
651 565 732 592 quam
748 559 837 593 pretio
854 564 1018 593 recuperare

226 605 289 632 dum
303 604 476 639 percupiunt,
494 611 623 632 successu
635 608 730 632 carent
755 604 833 632 felice
848 613 856 635 ;
874 608 1017 639 propterea

226 651 298 685 quod
317 650 363 685 qui
379 650 452 677 illam
470 650 580 678 tenebat
610 650 757 684 Eumenes,
773 650 951 684 Ariobazani,
968 650 1018 678 Mi-

226 695 354 722 thridatis
367 695 432 728 tilio,
457 696 542 731 gratis
570 703 630 723 eam
654 696 777 729 tradere,
793 703 874 731 quam
902 696 1017 732 pecunia

226 742 376 770 revendere
394 742 729 776 lleracliensibustmallet,
745 744 857 771 vesania
881 742 929 771 ira:
952 743 1018 772 sub-

226 792 315 816 actus.

1068 280 1141 308 κατά
1153 280 1285 312 Βιθυνῶν,
1298 281 1312 306 6
1323 279 1427 306 τούτων
1438 278 1566 313 βασιλεὺς
1577 276 1737 312 Νικομήδης
1748 277 1862 311 διαπρει

1069 327 1197 354 σϐεύεται
1223 326 1292 362 πρὸς
1326 325 1492 360 Ἡράκλειαν
1518 323 1678 359 συμμαχίαν
1694 323 1789 356 αἰτῶν,
1814 323 1863 349 καὶ

1068 373 1198 409 τυγχάνει
1209 373 1258 408 τῆς
1271 373 1399 408 σπουδῆς,
1414 373 1443 399 ὲν
1455 371 1562 407 ὁμοίοις
1572 371 1680 406 καιροῖς
1691 370 1740 397 καὶ
1754 370 1862 405 χρείαις

1068 419 1118 455 τὴν
1133 419 1251 455 ἀμοιϐὴν
1268 418 1462 453 ὑποσχόμενος.
1493 418 1538 444 Ἐν
1553 417 1642 452 τούτῳ
1654 417 1684 443 δὲ
1703 416 1862 451 Ἡρακλεῶ-

1068 475 1114 493 ται
1127 467 1179 502 τήν
1200 475 1229 493 τε
1247 465 1347 501 Κίερον
1362 465 1410 492 καὶ
1423 464 1472 500 τὴν
1486 465 1507 490 Τ
1509 465 1548 491 ἴον
1565 463 1740 491 ἀνεσώσαντο
1752 463 1800 489 καὶ
1813 463 1863 496 τὴν

1067 513 1168 540 Θυνίδα
1185 513 1248 548 γῆν,
1271 512 1336 548 [720
1355 511 1401 548 8.]
1419 511 1506 538 πολλὰ
1528 511 1583 538 τῶν
1605 509 1755 546 χρημάτων
1776 509 1862 536 δαπα-

1069 559 1212 594 νήσαντες·
1228 558 1277 595 τὴν
1292 559 1321 585 δὲ
1336 558 1490 593 Ἄμαστριν
1505 554 1556 593 (ἦν
1573 555 1629 592 γὰρ
1644 556 1692 584 καὶ
1707 555 1776 590 αὐτὴ
1795 554 1864 590 μετά

1068 605 1124 632 τῶν
1147 605 1236 632 ἄλλων
1259 604 1446 640 ἀφῃρημένη)
1470 603 1519 631 καὶ⁹
1541 603 1655 638 πολέμῳ
1669 602 1716 630 καὶ
1738 602 1865 637 χρήμασι

1072 650 1253 686 βουληθέντες
1265 650 1335 681 τέως
1350 650 1495 677 ἀναλαϐεῖν
1511 649 1599 684 αὐτὴν
1613 649 1645 676 οὐ
1663 648 1864 683 κατώρθωσαν,

1070 697 1119 724 τοῦ
1139 697 1303 732 κατέχοντος
1326 697 1412 732 αὐτὴν
1434 696 1573 731 Εὐμένους
1601 695 1801 731 Ἀριοϐαρζάνῃ
1826 694 1866 729 τῷ

1071 743 1239 778 Μιθριδάτου
1250 743 1326 770 ’παιδὶ¹
1337 743 1441 779 προῖκα
1453 742 1554 777 μᾶλλον
1566 741 1735 777 παραδοῦναι
1750 740 1865 775 ταύτην,

1071 790 1088 825 ἢ
1113 789 1265 826 παρέχουσι
1288 790 1420 825 χρήματα
1441 790 1500 821 τοῖς
1527 787 1732 824 Ἡρακλεώταις
1745 807 1753 820 ,
1770 787 1816 814 διὰ
1837 787 1868 813 te

1069 835 1122 872 τῆς
1135 836 1220 872 ὀργῆς
1233 835 1402 872 ὑπαχθέντος
1415 835 1570 870 ἀλόγιστον.

515 887 581 917 CAP.
601 888 697 917 XVIII.
710 903 745 909 —-
764 887 979 918 Ileracliensium
993 899 1052 918 cum
1064 891 1164 927 Zipata
1180 893 1287 928 bellum,
1296 893 1385 921 clades
1400 897 1424 921 et
1439 893 1559 922 victoria.

257 949 430 985 Subftempus
444 949 520 982 illud,
529 949 631 977 bellum
642 949 773 978 adversus
787 949 911 985 Ziptnten
922 949 1020 986 Bithy-
1035 955 1058 983 Β

228 1004 305 1029 num,
316 996 362 1031 qui
377 995 546 1031 Thyniacam
560 1003 622 1023 cum
644 996 760 1030 imperio
784 995 932 1024 Thraciam
948 996 1020 1024 obti-

228 1042 324 1074 nebat,
338 1041 527 1070 Ileraclienses
544 1042 662 1077 excepit.
690 1040 749 1075 Quo
777 1042 804 1070 in
834 1042 905 1070 bello
936 1041 1021 1070 Hera-

231 1089 380 1117 cleotarum
400 1089 470 1116 boua
479 1095 553 1123 pars,
568 1087 678 1116 fortiter
693 1088 859 1122 dimicando,
874 1096 944 1116 caesa
959 1088 1021 1116 fuit.

229 1135 265 1163 Et
281 1135 393 1163 victoria
410 1135 519 1170 quidem
535 1142 640 1163 summa
655 1135 680 1162 vi
707 1135 809 1170 potitur
826 1134 1023 1170 Ziptetesued

229 1182 276 1210 ubi
295 1182 432 1209 sociorum
465 1181 566 1209 auxilia
593 1186 812 1216 supervenerant
843 1181 1022 1216 Heracleotis,

231 1229 294 1263 fuga
305 1229 378 1255 illam
388 1228 561 1256 dehOnestat.
576 1228 648 1263 Ergo
662 1229 706 1263 qui
718 1229 798 1256 modo
811 1228 1023 1262 succubuerant,

232 1275 364 1302 cadavera
397 1282 509 1303 suorum
535 1279 671 1307 asserunt,
696 1279 723 1302 et
747 1278 871 1302 cremant
903 1281 1022 1302 secure:

231 1320 365 1348 etexinde
376 1321 427 1348 sub
443 1320 588 1347 arbitrium
603 1327 681 1347 suum
700 1319 837 1355 redigunt,
869 1319 905 1347 de
922 1320 1023 1354 quibus

231 1367 304 1395 bello
317 1367 530 1402 disceptabatur,
547 1371 575 1394 et
602 1373 664 1394 ossa
701 1365 907 1393 interfectorum
926 1365 954 1393 in
975 1373 1023 1392 ur-

232 1414 294 1441 bem
314 1413 409 1446 relata,
426 1412 571 1447 magniﬁce
598 1413 625 1440 in
642 1413 773 1447 prteclare
802 1412 963 1440 meritorum
991 1411 1025 1440 de

234 1460 322 1495 patria
341 1463 517 1487 monumento
534 1458 702 1486 conducunt.

1115 951 1184 978 Ὑπὸ
1195 952 1224 979 δὲ
1237 952 1300 984 τοὺς
1315 952 1415 984 αὐτοὺς
1427 952 1539 988 χρόνους
1551 952 1690 988 ἐκδέχεται
1702 952 1766 983 τοὺς
1781 951 1868 987 Ἦρα-

1074 997 1195 1029 κλεώτας
1215 998 1230 1024 6
1254 997 1324 1032 πρὸς
1338 998 1469 1034 Ζιποίτην
1485 998 1532 1025 τὸν
1549 997 1662 1024 Βιθυνὸν
1684 997 1803 1032 πόλεμος
1814 1017 1823 1030 ,
1841 997 1870 1028 ὃς

1073 1044 1125 1078 τῆς
1137 1043 1276 1079 Θυνιακῆς
1289 1043 1394 1079 ὲπῆρχε
1409 1043 1533 1080 Θρᾴκης.
1553 1044 1598 1070 Ἐν
1613 1040 1635 1078 ᾧ
1648 1043 1759 1078 πολέμῳ
1775 1042 1872 1069 πολλοὶ

1074 1089 1129 1116 τῶν
1148 1089 1347 1125 Ἡρακλεωτῶν
1359 1089 1493 1125 γενναίως
1505 1089 1699 1125 ἀνδρισάμενοι
1712 1089 1872 1124 κατεκόπη-

1076 1145 1137 1169 σαν,
1157 1137 1204 1163 καὶ
1218 1137 1281 1173 νικᾷ
1295 1136 1346 1172 μὲν
1366 1136 1437 1164 κατὰ
1450 1136 1472 1152 ⁶¹
1494 1136 1596 1172 κράτος
1606 1137 1620 1163 6
1635 1136 1784 1171 Ζιποίτης,
1799 1144 1872 1171 συμ-

1076 1185 1190 1220 μαχίδος
1202 1184 1231 1211 δὲ
1242 1184 1384 1219 δυνάμεως
1400 1185 1456 1216 τοῖς
1471 1182 1675 1219 Ἡρακλεώταις
1688 1182 1871 1218 ἐπελθούσης,

1075 1231 1148 1266 φυγῇ
1163 1230 1213 1266 τὴν
1229 1229 1307 1264 νίκην
1322 1230 1514 1265 καταισχύνει.
1536 1229 1568 1256 Ol
1584 1229 1614 1256 δὲ
1637 1229 1786 1265 ἡττημένοι
1805 1229 1873 1260 τοὺς

1075 1276 1226 1312 σφετέρους
1247 1276 1362 1312 νεκροὺς
1380 1276 1468 1308 ἀδεῶς
1483 1276 1665 1306 ἀναλαϐόντες
1681 1276 1729 1302 κα)⁸
1749 1275 1872 1302 καύσαν-

1075 1333 1132 1357 τες,
1144 1322 1206 1352 εἶτα
1217 1323 1264 1351 καὶ
1280 1324 1390 1351 πάντων
1403 1323 1496 1359 κύριοι
1509 1344 1516 1356 ,
1532 1323 1596 1359 περὶ
1613 1320 1651 1350 ὧν
1660 1321 1694 1358 ἦν
1711 1323 1725 1350 ὀ
1737 1322 1872 1357 πόλεμος,

1077 1370 1273 1403 καταστάντες,
1288 1370 1336 1397 καὶ
1355 1369 1391 1396 τὰ
1404 1370 1472 1397 ὀστᾶ
1488 1369 1542 1396 τῶν
1565 1370 1747 1405 ἀνῃρημένων
1767 1369 1858 1396 ἀνακο

1079 1415 1210 1451 μίσαντες
1227 1416 1268 1447 είς
1280 1415 1331 1451 τὴν
1354 1415 1444 1448 πόλιν,
1467 1415 1606 1450 ἐπιφανῶς
1631 1415 1660 1441 ὲν
1680 1414 1721 1450 τῷ
1735 1413 1792 1442 τῶν
1808 1413 1876 1450 ἀρι-

1081 1461 1168 1489 στέων
1184 1461 1288 1497 ἔθαψαν
1301 1461 1437 1496 μνήματι.

481 1517 546 1545 CAP.
566 1515 809 1545 XIX—Antiochi
819 1524 880 1544 cum
894 1516 1026 1552 Antigono
1037 1522 1062 1545 et
1076 1517 1221 1546 Nicomede
1235 1517 1330 1545 bellum
1341 1521 1366 1545 et
1384 1516 1495 1544 Heracl.
1512 1516 1625 1544 auxilia.

269 1575 347 1603 Circa
362 1575 420 1603 haec
439 1579 575 1610 tempora,
585 1575 655 1602 inter
681 1574 844 1602 Antiochum
875 1574 984 1603 Seleuci
996 1579 1024 1603 et

234 1620 400 1656 Antigonum
427 1618 679 1654 Demetrii,ingens
709 1624 834 1647 movetur
857 1619 980 1648 bellum:
997 1625 1026 1648 et

234 1667 298 1694 dum
319 1672 432 1700 magnos
450 1665 581 1698 utrinque
600 1669 750 1700 apparatus
765 1665 870 1692 faciunt
883 1665 910 1692 in
931 1665 1024 1700 copias

235 1712 377 1745 militares,
403 1715 511 1746 tempus
529 1711 597 1738 satis
618 1710 728 1746 longum
739 1712 918 1738 consumitur.
939 1711 1025 1739 Alteri

233 1757 395 1786 Nicomedes
412 1757 510 1792 227b
526 1756 662 1792 Bithynia:
680 1764 727 1784 rex
756 1764 866 1791 operam
886 1757 1025 1790 navabat;

237 1803 373 1831 Antiocho
405 1802 559 1837 complures
599 1802 658 1830 alii.
688 1801 809 1830 Necdum
854 1803 1025 1838 eruptionem

237 1850 341 1877 fecerat
363 1849 389 1876 in
418 1848 585 1883 Antigonum
603 1848 766 1878 Antiochus,
779 1856 840 1875 cum
862 1848 961 1875 bellum
976 1848 1026 1876 ad-

236 1903 332 1922 versus
344 1895 518 1922 Nicomedem
539 1893 666 1922 instituit.
685 1893 734 1922 llic
762 1894 845 1929 igitur
864 1893 1025 1922 Nicomedes

235 1947 263 1970 et
279 1941 387 1968 aliunde
399 1940 499 1968 auxilia
515 1940 629 1974 colligit.
645 1945 673 1968 et
687 1941 719 1968 de
734 1940 796 1967 belli
813 1941 944 1968 societate
971 1940 1027 1968 He-

237 1988 355 2015 racleam
383 1987 476 2014 missis
501 1987 607 2021 legatis,
621 1986 655 2014 15
671 1987 699 2014 iu
719 1986 869 2014 subsidiqu
899 1988 1026 2015 triremes

236 2033 346 2067 accipit,
376 2037 404 2060 et
431 2037 486 2060 tum
507 2032 615 2059 demum
653 2031 769 2059 classem
793 2039 870 2059 suam
895 2033 1026 2060 Antiochi

236 2080 319 2107 classi
338 2079 460 2114 opponit.
486 2078 542 2106 Etsi
561 2083 654 2106 autem
669 2079 799 2106 adversas
815 2078 972 2113 aliquandiu
990 2084 1026 2106 te-

237 2126 432 2159 nebantacies,
450 2126 540 2154 neutri
557 2131 648 2154 tamen
659 2132 756 2161 pugnae
779 2125 887 2153 initium
908 2125 1024 2158 faciunt,

236 2172 284 2200 sed
299 2171 402 2206 absque
410 2170 508 2199 cll'eetu
524 2171 636 2198 tandem
656 2169 835 2198 divelluntur.

1114 1575 1194 1603 Κατὰ
1215 1575 1244 1602 δὲ
1265 1575 1330 1607 τοὺς
1349 1574 1450 1606 αὐτοὺς
1474 1573 1588 1610 χρόνους
1612 1573 1743 1608 Ἀντιόχῳ
1764 1572 1805 1608 τῷ
1828 1573 1879 1600 Σε-

1078 1622 1176 1650 λεύκου
1188 1623 1235 1649 καὶ
1254 1621 1400 1655 Ἀντιγόνῳ
1413 1620 1453 1656 τῷ
1471 1619 1644 1656 Δημητρίου,
1661 1619 1790 1654 μεγάλων
1807 1619 1879 1646 ἑκα-

1079 1667 1197 1702 τέρωθεν
1204 1665 1416 1702 στρατευμάτων
1424 1664 1749 1700 ἀντιπαραταττομένων,
1758 1665 1880 1691 κινεῖτα.

1079 1714 1093 1740 6
1109 1713 1236 1748 πόλεμος,
1251 1713 1298 1740 καὶ
1312 1712 1410 1747 χρόνον
1426 1711 1524 1747 συχνὸν
1545 1710 1705 1746 κατέτριψε·
1725 1711 1881 1746 συνεμάχει

1079 1759 1108 1786 δὲ
1119 1759 1159 1795 τῷ
1175 1759 1224 1794 μὲν
1238 1760 1253 1786 6
1265 1759 1314 1794 τῆς
1332 1758 1460 1790 Βιθυνίας
1475 1757 1602 1794 βασιλεὺς
1614 1757 1773 1793 Νικομήδης
1785 1777 1793 1790 ,
1817 1758 1880 1784 Ἀν-

1079 1806 1161 1842 τιόχῳ
1173 1805 1202 1832 δὲ
1211 1805 1304 1832 πολλοὶ
1316 1805 1415 1840 ἕτεροι.
1433 1804 1515 1831 Οὔπω
1525 1804 1554 1832 δὲ
1570 1804 1720 1840 συρραγεὶς
1736 1804 1880 1839 ’Δντίοχος

1085 1851 1231 1887 ’Δντιγόνῳ
1246 1851 1292 1878 τὸν
1304 1851 1373 1886 πρὸς
1382 1851 1542 1887 Νικομήδην
1555 1849 1705 1886 χειρῑζεται
1716 1849 1851 1884 πόλεμον·
1868 1851 1882 1875 6

1079 1899 1109 1926 δὲ
1122 1897 1283 1933 Νικομήδης
1303 1897 1453 1932 ἀλλαχόθεν
1467 1905 1498 1923 τε
1518 1896 1648 1931 δυνάμεις
1661 1895 1785 1931 ἀθροίζει
1797 1915 1805 1928 ,
1833 1895 1882 1922 καὶ

1079 1944 1236 1978 συμμαχεῖν
1271 1942 1341 1979 πρὸς
1364 1941 1559 1978 Ἡρακλεώτας
1591 1940 1883 1976 διαπρεσϐευσάμενος

1076 1990 1201 2025 τριήρεις
1215 1988 1251 2024 ιγ’
1265 1988 1331 2025 [574
1346 1987 1393 2024 H.]
1407 1987 1570 2023 συμμάχους
1586 1986 1732 2022 λαμϐάνει,
1758 1986 1808 2014 καὶ
1823 1986 1882 2013 λοι-

1078 2035 1129 2062 πὺν
1146 2035 1373 2062 ἀντικαθίσταται
1397 2033 1437 2069 τῷ
1461 2033 1509 2059 τοῦ
1529 2033 1668 2068 ’Λντιόχου
1697 2031 1796 2067 στόλῳ.
1819 2032 1884 2058 Ἐπὶ

1077 2081 1174 2117 χρόνον
1194 2080 1223 2108 δέ
1237 2089 1299 2107 τινα
1320 2078 1572 2110 ἀντικαταστάντες
1585 2078 1722 2113 ἀλλήλοις,
1739 2078 1884 2114 οὐδέτεροι

1080 2127 1172 2164 μάχης
1185 2125 1283 2164 ἦρξαν,
1297 2126 1356 2153 ἀλλ’
1371 2125 1510 2162 ἄπρακτοι
1523 2125 1546 2140 ⁶¹
1563 2124 1736 2160 διελύθησαν.

588 2228 653 2257 CAP.
669 2228 730 2256 XX.
740 2244 776 2250 --
788 2228 926 2257 Gallorum
938 2231 967 2258 in
979 2230 1071 2257 Atiam
1081 2227 1290 2264 trunnuigralio,
1305 2231 1329 2255 et
1343 2227 1416 2255 sedes
1431 2226 1568 2254 distincta.

272 2285 420 2320 Postquam
434 2292 500 2312 vero
513 2284 583 2313 Galli
595 2285 629 2312 ad
653 2284 817 2321 Byzantium
828 2285 921 2318 delati,
938 2285 1029 2313 maxi-
1044 2287 1067 2315 Ι)

238 2340 311 2360 mam
326 2331 437 2359 ditionis
451 2336 557 2367 partem
583 2331 829 2366 depopularentur.
859 2332 938 2359 fracti
958 2332 1030 2360 bello

238 2377 393 2412 Byzantini,
415 2377 566 2409 sociorum,
583 2377 637 2404 huc
653 2377 717 2404 illuc
733 2377 914 2410 missitantes,
930 2378 1030 2405 auxilia

239 2423 401 2458 implorant,
411 2427 440 2450 et
453 2423 570 2458 quisque
579 2430 628 2457 pro
646 2423 744 2450 virium
760 2423 843 2451 modo
863 2424 1030 2459 suppeditat.

239 2470 430 2498 Ileraclienses
444 2470 525 2497 etiam
543 2476 643 2497 aureos
665 2469 738 2497 mille
751 2469 869 2506 (tantum
897 2470 971 2498 enim
993 2470 1033 2498 le-

239 2517 296 2552 εειιί
311 2515 456 2551 petierant)
469 2515 688 2544 subministrant.
713 2515 769 2544 Nec
780 2516 889 2552 longum
903 2516 930 2544 in
943 2516 1032 2544 medio

240 2564 370 2599 spatium,
395 2570 457 2591 cum
476 2562 639 2590 Nicomedes
658 2562 744 2591 Gallis
772 2561 820 2598 [αι.
853 2562 968 2599 Calatis]
988 2563 1032 2598 qui

240 2610 389 2638 incursatis
407 2610 497 2638 adhuc
526 2608 740 2646 Byzantinorum
773 2609 883 2642 ﬁnibus,
922 2609 1032 2637 tametsi

244 2665 435 2692 saepenumero
450 2657 478 2684 in
503 2657 598 2684 Asiam
625 2656 754 2690 trajicere
768 2656 870 2689 conati,
895 2656 976 2684 toties
1001 2655 1036 2683 ab

243 2704 352 2739 incepto
361 2704 505 2736 desistere,
520 2702 732 2732 adversantibus
763 2702 932 2738 Byzantinis,
947 2702 1034 2730 coacti

245 2754 348 2784 essent,
361 2749 445 2778 certis
458 2753 549 2777 tamen
576 2747 783 2776 conditionibus
801 2747 947 2774 transitum
973 2753 1034 2773 con»

1123 2284 1199 2312 Ἐπεὶ
1213 2283 1242 2310 δὲ
1256 2283 1375 2311 Γαλάται
1386 2283 1456 2319 πρὸς
1472 2283 1503 2310 τδ
1514 2282 1664 2315 Βυζάντιον
1681 2278 1750 2316 ἧκον
1767 2281 1820 2308 καὶ
1834 2282 1885 2316 τὴν

1085 2331 1216 2367 πλείστην
1231 2330 1317 2366 αὐτῆς
1332 2330 1465 2366 ἐδῄωσαν,
1482 2329 1521 2364 τῷ
1537 2328 1651 2364 πολέμῳ
1662 2327 1886 2359 ταπεινωθέντες

1084 2378 1110 2405 οἱ
1140 2379 1170 2405 ἐν
1200 2377 1340 2412 Βυζαντίῳ
1366 2377 1506 2412 πέμπουσι
1532 2375 1600 2411 πρὸς
1627 2375 1691 2406 τοὺς
1718 2375 1886 2410 συμμάχους

1083 2425 1205 2460 δεόμενοι
1217 2423 1363 2458 ὡφελείας.
1378 2423 1434 2449 Καὶ
1451 2422 1589 2458 παρέσχον
1604 2421 1653 2457 μὲν
1673 2421 1778 2452 πάντες
1793 2422 1834 2453 ὡς
1846 2419 1886 2447 εἷο

1084 2479 1132 2507 χον
1149 2471 1241 2506 ἰσχύος
1253 2491 1260 2503 ,
1277 2469 1416 2505 παρέσχον
1428 2469 1456 2496 δὲ
1472 2468 1520 2495 καὶ
1531 2468 1557 2495 οἱ
1571 2469 1620 2503 τῆς
1637 2467 1804 2503 Ἡρακλείας
1821 2469 1885 2501 (το-

1086 2517 1183 2544 σοῦτον
1207 2516 1262 2552 γὰρ
1280 2516 1298 2551 ἡ
1322 2515 1457 2551 πρεσϐεία
1475 2514 1545 2550 ¹ᾔτει)
1571 2513 1689 2549 χρυσοῦς
1705 2521 1886 2550 τετρακισχι-

1086 2562 1171 2594 λίους.
1191 2562 1258 2589 Μετ’
1280 2561 1311 2588 οὐ
1334 2561 1402 2588 πολὺ
1421 2560 1450 2587 δὲ
1474 2560 1634 2595 Νικομήδης
1650 2559 1714 2591 τοὺς
1735 2558 1883 2590 Γαλάτας.

1087 2605 1128 2640 οἷς
1138 2608 1156 2643 ἡ
1170 2607 1331 2642 καταδρομὴ
1342 2606 1396 2634 τῶν
1409 2605 1563 2638 Βυζαντίων
1575 2604 1732 2639 ἐγεγένητο,
1748 2604 1886 2635 πολλάκις

1090 2654 1141 2688 μὲν
1155 2654 1386 2689 ὲπιχειρήσαντας
1397 2653 1448 2688 τὴν
1468 2651 1562 2679 Ἀσίαν
1572 2651 1774 2687 περαιωθῆναι,
1790 2659 1887 2678 τοσαυ-

1088 2700 1167 2732 τάκις
1183 2699 1213 2726 δὲ
1237 2699 1434 2734 ἀποτυχόντας,
1447 2699 1497 2725 οὐκ
1519 2698 1693 2734 ἀνεχομένων
1719 2697 1768 2733 τὴν
1783 2697 1886 2733 πρᾶξιν

1090 2745 1256 2778 Βυζαντίων,
1273 2745 1320 2772 ἐπὶ
1338 2744 1485 2780 συνθήκαις
1511 2744 1588 2779 ὅμως
1609 2743 1819 2779 παρασκευάζει
1835 2751 1886 2769 πε-

887 2813 1007 2841 VAIIIAS
1028 2812 1231 2842 LECTIONES.

285 2865 306 2882 "
322 2865 393 2893 κατὰ
408 2865 448 2896 A;
464 2864 516 2892 ἀνά
527 2873 557 2898 ς.
597 2864 619 2881 ⁸³
634 2862 773 2899 ἄπρακτοι
789 2863 811 2890 Α
829 2872 834 2890 :
854 2862 1035 2897 ἀπςιράδεκτοι
1053 2870 1082 2893 ς.

574 2900 589 2910 κ
