1920 3090
70 156 108 187 ειη
568 147 835 180 BIBLIOTHECA.
856 160 891 166 -
909 147 994 178 COD.
1012 148 1164 180 CCXXIV.
1611 151 1667 183 898

69 210 194 249 ραιωθῆναι.
210 209 241 236 Δί
252 208 279 235 δὲ
300 208 444 249 συνθῆκαι,
461 206 614 242 Νικομήδει
631 205 682 241 μὲν
696 205 745 232 καὶ
758 205 815 236 τοῖς

907 204 980 232 iavit.
993 204 1188 232 Conditionum
1204 203 1321 232 formula
1334 204 1392 232 haec
1403 209 1481 232 erat:
1498 203 1534 232 Ut
1557 205 1665 234 barbari

67 243 159 292 ίκτύνοις
178 255 217 282 ἀεὶ
230 254 291 289 φίλα
306 255 416 289 φρονεῖν
436 243 499 284 τοὺς
515 252 672 288 βαρϐάρους
683 271 691 284 ,
707 251 754 278 καὶ
766 250 816 285 τῆς

909 250 1010 278 comedi
1033 250 1148 285 ejusque
1164 250 1283 284 posteris
1306 255 1440 286 perpetuo
1462 251 1592 279 amicitia:
1619 252 1667 279 ite-

66 303 151 338 γνὼμης
169 300 211 327 τοῦ
233 300 402 335 Νικομήδους
430 298 518 334 χωρὶς
542 297 638 333 μηδενὶ
661 297 817 332 συμμαχεῖν

908 305 936 325 re
956 297 1095 332 conjuncti
1118 302 1273 331 manerent,
1299 298 1403 333 absque
1419 297 1575 326 Nicomedis
1604 305 1666 326 sen-

66 349 104 376 τῶν
117 348 171 383 πρὸς
191 347 283 378 αὐτοὺς
300 346 587 381 διαπρεσϐευομένων,
603 344 662 371 ἀλλ’
678 342 749 370 εἶναι
771 342 817 376 φι-

909 344 953 371 itia
970 349 998 372 et
1010 344 1151 372 voluntate
1168 344 1282 376 nemini,
1302 351 1317 370 a
1337 351 1391 379 quo
1404 351 1453 379 per
1469 343 1573 379 legatos
1589 344 1667 372 solli.

66 396 110 425 λους
124 394 164 428 μὲν
175 395 225 425 τοῖς
245 393 343 427 φίλοις,
360 391 512 427 πολεμίους
525 390 554 417 δὲ
569 391 627 422 τοῖς
642 389 673 416 οὐ
697 388 818 424 φιλοῦσι,

908 395 1032 422 arentur,
1051 390 1077 417 in
1089 390 1167 417 bellis
1177 397 1256 424 opem
1276 390 1378 417 [errent
1391 398 1397 416 :
1412 389 1460 417 sed
1475 390 1572 418 amicis
1586 390 1665 424 hujus

67 440 186 474 συμμαχεῖν
204 439 230 464 δὲ
252 439 298 465 καὶ
316 438 477 470 Βυζαντίοις
490 457 498 470 ,
523 436 550 463 εἰ
568 445 620 463 που
644 435 753 471 δεήσοι,
772 435 819 462 καὶ

907 437 962 470 tici,
975 441 1001 465 et
1011 437 1130 465 inimicis
1145 437 1239 464 hostes
1251 435 1351 464 forent.
1363 436 1386 463 A
1409 435 1567 472 Byzantinis
1582 437 1665 464 etiam

66 487 145 517 Τιανοῐς
155 485 180 512 δὲ
193 485 236 512 καὶ
255 484 463 519 Ἡρακλεώταις
478 483 526 510 καὶ
549 482 747 518 Καλχηδονίοις
771 482 819 508 καὶ

905 487 989 516 irent,
1018 483 1041 511 si
1070 491 1123 518 qua
1148 482 1300 510 necessitas
1327 482 1469 510 incideret.
1495 482 1663 510 Societatem

67 531 176 565 Κιερανοῖς
192 532 234 558 καί
253 539 322 557 τισιν
339 531 446 566 ἑτέροις
469 530 555 557 ἐθνῶν
577 530 721 565 ἄρχουσιν.
756 528 820 555 Ἐπὶ

907 534 1005 557 aeterea
1017 528 1143 557 colerent
1158 527 1328 556 cum'Tianis
1338 533 1366 556 et
1388 528 1621 561 Heracliensibus,
1637 534 1665 556 et

66 577 147 608 ταύταις
158 577 202 612 μὲν
210 578 267 608 ταῖς
280 577 430 612 συνθήκαις
444 575 608 611 Νικομήδης
621 574 652 602 τὺ
667 573 820 601 Γαλατικὸν

907 575 1074 606 talcedoniis,
1099 579 1125 602 et
1151 574 1289 606 Cieranis,
1315 579 1344 602 et
1370 574 1509 602 nonnullis
1524 574 1570 609 qui
1597 575 1665 602 alias

68 622 141 657 711300;
151 623 186 654 εἰς
203 622 294 649 Ἀσίαν
304 621 469 654 διαϐιϐάζει·
480 619 521 655 ὧν
532 622 694 657 περιφανεῖς
707 621 757 655 μὲν
772 619 820 646 ἐπὶ

906 621 920 648 b
943 621 1137 656 iurisdictione
1160 624 1254 656 gentes
1281 620 1423 648 haberent.
1453 620 1501 648 His
1525 626 1664 655 pactorum

67 668 115 693 ab“
126 668 207 703 ἄρχειν
224 668 254 700 ιζ’
273 668 319 694 τὸν
336 668 453 704 ἀριθμὸν
478 666 562 703 ἦσαν.
580 669 605 694 οί
622 667 652 694 δὲ
666 667 712 693 καὶ
728 665 820 692 αὐτῶν

908 666 978 701 gibus
995 665 1159 694 Nicomedes
1178 665 1318 693 Gallorum
1346 664 1398 701 [aL
1409 664 1579 701 Galatarum]
1597 665 1666 692 mul-

67 713 142 740 τούτων
163 714 370 749 προκεκριμένοι
396 713 445 741 καὶ
471 714 617 749 κορυφαῖοι
644 711 821 747 Λεωννώριος

908 712 1015 739 udiucm
1035 712 1061 739 in
1078 712 1172 739 Asiam
1191 711 1357 739 transmisit.
1372 710 1475 739 Horum
1493 712 1628 746 principes
1639 711 1666 739 in

67 760 129 794 ήπην
145 760 186 786 καὶ
201 760 372 796 Λουτούριος.

911 758 985 792 perio
1002 757 1122 785 illustres
1138 757 1171 785 l7
1185 756 1273 790 fuere,
1297 757 1370 784 inter
1397 763 1467 791 quos
1488 756 1618 792 praecipui
1639 760 1667 784 et

871 802 982 835 summi,
999 801 1152 830 Leonorius
1168 806 1195 829 et
1208 800 1350 829 Lutarius.

91 839 143 875 [721
167 839 215 876 8.]
244 839 320 876 Αὕτη
355 840 445 868 τοίνυν
477 839 532 867 τῶν
568 840 698 868 Γαλατῶν
725 843 742 877 ὴ
773 841 820 869 ἐπὶ
837 881 849 884 _

908 848 972 875 lisse
994 849 1079 884 igitur
1105 847 1246 877 Gallorum
1271 848 1298 875 in
1328 847 1422 875 Asiam
1451 846 1666 882 transmigratio,

65 885 98 920 τήν
121 886 202 913 Ἀσίαν
223 887 350 918 διάϐασις
377 887 439 914 κατ’
469 887 558 923 ἀρχὰς
584 887 634 923 μὲν
663 887 711 914 ἐπὶ
742 888 820 924 κακῷ

909 894 964 921 imo
982 894 1105 929 quidem,
1121 894 1153 921 ad
1171 893 1325 921 incolarum
1339 893 1532 920 detrimentum
1543 899 1667 927 progres-

66 932 102 957 τῶν
120 933 254 968 οἰκητόρων
283 933 427 969 προελθεῖν
453 933 602 969 ἐνομίσθη,
634 934 665 960 τὸ
691 934 720 961 δὲ
744 935 822 966 τέλος

908 948 936 967 ra
949 940 1157 969 existimabatur
1173 950 1181 968 :
1203 941 1249 967 sed
1264 940 1362 972 exitus,
1379 939 1529 966 commodis
1548 939 1666 972 ipsorum

67 978 139 1010 ἔδειξεν
159 979 301 1014 ἀποκριθὲν
316 978 385 1015 πρὸς
400 979 430 1006 τὸ
449 979 606 1015 συμφέρον·
632 980 689 1007 τῶν
706 980 760 1017 γὰρ
775 981 823 1016 βα-

908 988 1038 1015 stinatum
1050 988 1103 1016 hoc
1110 987 1242 1015 ostendit.
1255 986 1321 1013 Dum
1334 985 1406 1012 enim
1422 992 1499 1020 reges
1507 984 1666 1019 popularem

67 1024 135 1051 σιὶέων
149 1024 192 1060 τὴν
210 1025 264 1052 τῶν
277 1026 384 1052 πόλεων
406 1026 596 1062 δημοκρατίαν
616 1027 727 1062 ἀφελεῖν
739 1036 824 1054 απου-

909 1032 1028 1059 ιίιοιίὺυε
1046 1036 1150 1061 statum
1179 1032 1313 1067 abrogare
1337 1036 1482 1064 satagunt,
1501 1029 1580 1061 Galli,
1610 1030 1667 1056 hate

65 1070 175 1105 ὼζόντων,
193 1067 269 1099 uiaret
287 1072 389 1108 μᾶλλον
406 1073 510 1108 ταύτην
525 1073 548 1089 ⁸⁸
568 1073 722 1107 ἐϐεϐαίουν,
746 1074 823 1101 ἀντι-

908 1075 1054 1104 olientibus
1073 1077 1242 1107 obsistendo,
1268 1075 1355 1110 magis
1379 1075 1453 1102 illam
1478 1075 1666 1102 corroborant.

65 1115 221 1153 καθιστάμενοι
234 1119 291 1150 τοῖς
304 1118 519 1153 ἐπιτιθεμένοις.
536 1119 698 1155 Νικομήδης
709 1119 738 1146 δὲ
751 1119 822 1147 κατὰ

909 1122 1038 1150 comedes
1052 1122 1136 1157 igitur
1149 1127 1245 1150 contra
1265 1121 1398 1157 Bithynos
1410 1121 1540 1156 primum.
1559 1121 1667 1148 illorum

67 1161 154 1188 Βιθυνῶν
168 1163 282 1199 πρῶτον,
312 1163 531 1199 συμμαχούντων
553 1164 629 1199 αὺτῷ
646 1165 693 1191 καὶ
716 1165 769 1191 τῶν
792 1164 824 1198 ἐξ

911 1168 975 1196 ιίίίυ
986 1173 1014 1196 et
1028 1176 1097 1203 quos
1111 1176 1145 1196 ex
1160 1168 1292 1196 Heraclea
1323 1172 1458 1195 armasset
1476 1167 1667 1200 barbarorum,

69 1206 213 1242 Ἡρακλείας,
230 1210 295 1241 τοὺς
312 1209 467 1245 βαρϐάρους
480 1209 626 1242 ὲξοπλίσας
637 1229 645 1241 ,
659 1211 710 1244 τῆς
723 1218 751 1238 τε
767 1210 822 1246 χώ-

919 1213 1087 1248 provinciam
1111 1213 1236 1249 subegit,
1257 1217 1286 1239 et
1309 1213 1429 1241 concidit
1453 1212 1577 1240 incolas:
1598 1213 1668 1247 quod

67 1262 100 1288 ρας
111 1255 229 1291 ἐκράτησε
250 1256 301 1283 καὶ
321 1257 386 1287 τοὺς
411 1255 585 1287 ἐνοικοῦντας
601 1255 738 1290 κατέκοψε
749 1275 757 1288 ,
773 1256 823 1292 τὴν

913 1259 996 1293 oquin
1024 1264 1084 1286 erat
1099 1259 1207 1293 praedae,
1234 1259 1307 1286 inter
1328 1266 1358 1286 se
1378 1258 1514 1294 dispertiti
1532 1264 1595 1286 sunt
1611 1258 1668 1286 Ga-

66 1300 125 1335 ἄλλην
141 1301 209 1329 λείαν
231 1302 287 1329 τῶν
308 1301 439 1329 Γαλατῶν
457 1302 565 1333 ἑαυτοῖς
589 1301 822 1337 διανειμαμένων.

913 1312 946 1332 ae.
971 1304 1003 1332 lli
1033 1306 1106 1332 enim
1133 1304 1212 1340 longe
1237 1304 1346 1339 lateque
1381 1309 1483 1332 terram
1515 1304 1670 1340 depopulati

66 1342 125 1373 Οὗτοι
140 1347 164 1374 δὲ
178 1348 275 1383 πολλὴν
296 1347 458 1379 ἐπελθόντες
474 1346 568 1383 χώραν
585 1344 665 1379 αὖθις
681 1347 824 1384 ἀνεχώρη-

913 1356 951 1377 Lro
967 1351 1075 1378 demum
1093 1356 1253 1378 cesserunt:
1271 1355 1299 1378 et
1315 1351 1348 1378 de
1363 1351 1479 1378 subacta
1495 1350 1522 1378 id
1540 1350 1592 1378 sibi
1613 1359 1671 1378 am-

66 1400 109 1424 m,
121 1394 161 1420 καὶ
174 1395 221 1430 τῆς
236 1394 397 1431 αἱρεθείσης
414 1394 509 1425 αὐτοῖς
526 1393 699 1429 ἀπετέμοντο
713 1393 762 1430 τὴν
777 1395 824 1421 νῦν

938 1399 1016 1428 .runt,
1036 1395 1108 1430 quod
1124 1403 1195 1423 nunc
1215 1395 1329 1423 Galatia
1344 1403 1444 1423 nomen
1461 1395 1553 1428 habet,
1565 1395 1672 1431 228a
1695 1396 1696 1402 ‘

66 1437 168 1466 Γαλατίαν
183 1440 364 1476 καλουμένην,
380 1441 420 1472 εἰς
440 1441 515 1475 τρεῖς
534 1440 632 1476 μοίρας
647 1439 751 1474 ταύτην
765 1440 824 1467 δια-

917 1447 974 1469 tres
988 1446 1081 1476 partes
1097 1442 1285 1470 distributum.
1295 1441 1372 1469 Alios
1385 1442 1458 1469 enim
1474 1441 1608 1477 Trogmos
1623 1449 1672 1468 no-

65 1484 196 1518 νείμαντες,
219 1487 349 1518 καὶτοὺς
372 1487 423 1522 μὲν
446 1486 600 1521 Τρωγμοῦς
623 1485 823 1521 ὀνομάσαντες,

916 1491 1004 1520 nant;
1031 1487 1121 1520 alios,
1147 1487 1364 1523 Tolistobogios;
1389 1488 1471 1521 alios,
1496 1487 1671 1522 Tectosagos,

64 1530 108 1560 τοὺς
120 1530 143 1557 δὲ
156 1532 394 1566 Τολοστοϐογίους,
410 1531 474 1563 τοὺς
487 1531 515 1558 δὲ
531 1531 719 1565 Τεκτοσάγας.
740 1531 822 1558 Ἐδεί-

914 1533 965 1562 bes
977 1533 1059 1561 etiam
1070 1533 1251 1562 condiderunt
1266 1541 1276 1562 :
1292 1533 1402 1569 Trogmi
1421 1533 1568 1569 Ancyram,
1581 1532 1672 1562 Tolit-

66 1583 129 1607 ttam
141 1577 165 1604 δὲ
180 1579 271 1610 πόλεις
287 1577 421 1617 Τρωγμοὶ
435 1578 485 1613 μὲν
495 1578 651 1613 Ἄγκυραν,
661 1576 824 1604 Τολοστοϐό-

839 1576 860 1585 “⁴
880 1579 980 1616 tobogii
1000 1579 1125 1613 Tabiam,
1145 1578 1309 1615 Tectosages
1323 1579 1499 1608 Pesinuntem
1515 1578 1586 1616 (65).

65 1628 104 1655 γιοι
114 1623 138 1650 δὲ
149 1624 257 1658 Ταϐίαν,
274 1624 449 1659 Τεκτοσάγες
462 1623 491 1650 δὲ
507 1623 681 1651 Πισινοῦντα.

246 1680 314 1707 (λιν.
330 1678 403 1707 XXI.
423 1693 460 1699 -—
478 1677 516 1706 De
528 1677 627 1705 Actaeo
647 1682 671 1705 et
686 1677 844 1707 Nicomedia
864 1679 981 1708 urbibus.
991 1679 1165 1716 Bithynorum
1180 1680 1329 1716 principum
1350 1680 1441 1707 series.

94 1737 117 1764 '0
128 1737 152 1764 δὲ
164 1738 324 1774 Νικομήδης
338 1738 378 1770 εις
391 1736 524 1773 λαμπράν
540 1735 714 1771 εὐδαιμονίαν
735 1736 831 1772 ἀρθεὶς

918 1737 1080 1766 Nicomedes
1092 1741 1194 1772 autem,
1217 1737 1245 1764 in
1273 1736 1419 1772 conspicuo
1429 1735 1570 1765 felicitatis
1586 1738 1670 1775 gradu

67 1782 124 1809 πόλιν
137 1783 219 1818 ἑαυτῷ
230 1783 383 1819 ὁμώνυμον
398 1781 537 1817 ἀνεγείρει
548 1780 663 1816 ἀντικρὺ
684 1780 825 1808 Ἀστακοῦ.

915 1784 1000 1817 situs,
1011 1784 1046 1812 de
1056 1784 1166 1812 nomine
1190 1791 1239 1811 suo
1251 1783 1387 1811 exstruxit
1409 1783 1504 1811 urbem
1525 1791 1542 1812 e
1562 1784 1673 1819 regione

67 1827 108 1862 Τὴν
133 1828 256 1856 Ἀστακὺν
286 1829 317 1856 δὲ
352 1826 645 1863 Μεγαρέωνιῷκισαν
671 1827 693 1843 ⁸⁸
721 1826 825 1854 ἄποικοι

914 1829 988 1856 staci.
1012 1829 1099 1862 Quam
1125 1828 1324 1864 Megarensium
1349 1828 1454 1857 colonia
1481 1829 1533 1857 sub
1565 1830 1672 1857 initium

71 1872 223 1909 Ὀλυμπιάδος
239 1875 393 1910 ἱσταμένης
409 1874 452 1907 ιζ’,
475 1872 609 1900 Ἀστακδν
623 1871 741 1906 ἐπίκλην
759 1871 829 1899 κατὰ

915 1875 1050 1910 ympiadis
1084 1882 1140 1902 xvu
1176 1874 1376 1909 frequentant,
1410 1874 1541 1901 Astacum
1569 1873 1673 1901 oraculi

67 1922 164 1956 χρησμὸν
178 1922 286 1957 θέμενοι
307 1921 360 1948 ἀπό
376 1929 449 1951 τινος
462 1919 517 1946 τῶν
529 1919 685 1955 λεγομένων
701 1917 825 1954 σπαρτῶν

916 1928 957 1947 ssu
985 1919 1187 1947 denominatam
1200 1938 1207 1951 ,
1225 1918 1260 1945 ab
1280 1919 1381 1946 Astaco
1401 1918 1519 1953 quodam
1541 1924 1674 1951 generoso

67 1967 101 1992 καὶ
110 1968 222 2001 γηγενῶν
232 1968 287 1994 τῶν
296 1968 319 1983 ⁵⁸
330 1967 474 2001 ἀπογόνων
483 1965 537 1992 τῶν
548 1965 577 1991 ὲν
593 1964 708 2000 Θήϐαις,
730 1964 825 1990 ’Δατα-

926 1965 1041 1993 cordalo
1066 1965 1139 1996 viro,
1154 1971 1188 1991 ex
1204 1971 1298 1992 eorum
1321 1964 1447 1999 prosapia
1466 1964 1513 1998 qui
1533 1963 1626 1999 Sparti
1645 1967 1674 1992 et

67 2011 102 2038 χοῦ
114 2012 155 2048 τὴν
168 2013 274 2048 κλῆσιν,
290 2012 387 2047 ἀνδρὸς
401 2011 529 2046 γενναίου
551 2009 598 2037 καὶ
618 2008 825 2045 μεγαλόφρονος.

916 2011 1028 2046 rrigente
1043 2010 1108 2037 olim
1126 2009 1229 2038 Thebis
1243 2010 1421 2037 vocabantur.
1439 2009 1502 2037 Haec
1527 2009 1642 2037 multum
1657 2016 1674 2037 α

68 2056 124 2093 Αὕτη
143 2058 238 2091 πολλὰς
261 2058 403 2089 ἐπιθέσεις
425 2056 502 2092 παρά
526 2065 555 2082 τε
582 2055 637 2083 τῶν
660 2053 826 2090 ὀμορούντωι

915 2057 1011 2084 titimis
1025 2056 1156 2092 appetita,
1166 2061 1195 2084 et
1205 2056 1310 2084 crebris
1320 2056 1410 2083 accisa
1427 2056 1673 2088 bellis,Athenien-

68 2103 183 2132 ὑποστᾶσα
210 2106 259 2132 καὶ
289 2104 421 2138 πολέμοις
452 2103 584 2133 πολλάκις
610 2100 816 2137 ὲκτρυχωθεῖσα

916 2111 955 2130 um
988 2103 1098 2131 colonis
1129 2102 1303 2138 postmodum
1334 2102 1463 2138 adjectis,
1499 2102 1674 2130 vexationum

73 2148 197 2184 Ἀθηναίων
210 2151 276 2186 [575
291 2148 339 2185 IL]
352 2149 438 2183 αὐτὴν
450 2148 518 2183 μετὰ
529 2147 678 2183 Μεγαρέας
692 2145 831 2182 ὲπῳκηκό-

917 2157 981 2182 tem,
998 2153 1026 2176 et
1042 2149 1211 2177 incrementa
1239 2148 1332 2184 gloria:
1347 2153 1375 2176 et
1399 2148 1527 2184 potentiae
1542 2156 1594 2175 non
1616 2155 1675 2174 me-

68 2203 109 2221 tm
119 2197 187 2231 έληξέ
199 2205 229 2223 τε
245 2197 302 2223 τῶν
318 2194 468 2230 συμφορῶν
485 2195 532 2221 καὶ
546 2194 593 2220 ἐπὶ
611 2193 682 2228 μέγα
695 2193 776 2227 δόξης
789 2201 826 2219 κα

917 2195 988 2223 ocria
1014 2195 1110 2229 adepta
1138 2199 1190 2228 est,
1213 2194 1331 2229 Dydalso
1355 2199 1420 2221 tunc
1447 2195 1519 2221 inter
1543 2194 1675 2229 Bithynos

70 2240 142 2275 ἰσχύος
155 2243 281 2277 ἐγένετο,
308 2239 444 2267 Δυδαλσοῦ
467 2238 619 2275 τηνικαῦτα
644 2238 695 2274 τὴν
717 2237 828 2265 Βιθυνῶη

919 2249 977 2268 rum
1004 2241 1136 2275 potiente.
1165 2238 1226 2272 Quo
1254 2239 1398 2271 defuncto,
1426 2238 1533 2266 Botiras
1568 2243 1674 2274 regnat,

69 2286 136 2322 ἀρχὴν
150 2287 274 2323 ἔχοντος·
297 2284 328 2314 οὗ
350 2286 563 2320 τελευτήσαντος
586 2284 665 2319 ἄρχει
689 2283 820 2319 Βοτείρας

918 2287 921 2313 ι
936 2287 971 2313 76
985 2293 1072 2313 annos
1086 2289 1167 2312 aetate
1184 2285 1326 2320 producta.
1344 2283 1374 2311 Ei
1387 2284 1459 2311 ﬁlius
1472 2283 1524 2311 Bas
1536 2284 1676 2312 succedit:

70 2330 136 2366 ζήσας
148 2337 173 2365 ς·¹
188 2334 236 2360 καὶ
249 2333 271 2360 ο¹
289 2333 349 2367 ἐτη.
365 2331 466 2358 Τοῦτον
485 2330 638 2365 διαδέχεται
653 2329 707 2361 Ba;
720 2329 735 2354 ὁ
759 2329 816 2360 υἱὸς

919 2331 936 2358 ἠ
944 2332 1027 2358 etiam
1039 2330 1194 2363 Calantum,
1205 2329 1348 2357 Alexandri
1359 2330 1497 2364 copiarum
1506 2329 1677 2364 praefectum,

69 2376 91 2407 ὃς
105 2380 146 2405 καὶ
159 2380 300 2407 Κάλαντον
312 2379 333 2395 ⁸⁷
367 2377 545 2412 Ἀλεξάνδρου
567 2375 732 2412 στρατηγὸν,
748 2375 826 2402 καίτο

921 2381 955 2404 :et
978 2377 1080 2411 optime
1102 2377 1138 2404 ad
1169 2383 1287 2410 pugnam
1319 2375 1494 2407 instructum,
1525 2374 1679 2410 proﬂigavit

70 2430 93 2455 γε
103 2423 154 2451 λίαν
166 2424 427 2461 παρεσκευασμένον
444 2423 512 2459 πρὸς
525 2422 576 2457 τὴν
592 2421 693 2457 μάχην,
709 2429 828 2456 κατηγω-

918 2422 960 2456 :ie,
975 2427 1002 2450 et
1016 2427 1045 2450 ut
1060 2422 1243 2450 Macedonesa
1255 2421 1380 2457 Bithynia
1394 2421 1562 2450 abstinerent
1576 2422 1676 2449 etlecit.

71 2468 158 2503 νίσατο,
178 2472 226 2498 καὶ
248 2472 300 2506 τῆς
316 2470 442 2501 Βιθυνίας
459 2468 650 2504 παρεσκεύασε
664 2467 729 2499 τοὺς
743 2467 829 2494 Μακε-

920 2469 969 2496 ixit
986 2469 1032 2496 hic
1059 2468 1091 2495 Ἠ
1116 2475 1212 2502 annos,
1229 2472 1257 2495 et
1281 2468 1314 2495 de
1335 2467 1368 2494 iis
1388 2466 1423 2494 50
1452 2474 1565 2502 regnum
1582 2467 1678 2499 tenuit,

70 2513 132 2547 66w;
145 2517 324 2552 ἀποσχέσθαι.
351 2515 453 2543 Τούτου
480 2514 537 2550 βίος
561 2513 611 2549 μὲν
627 2513 749 2548 ἐγεγόνει
772 2511 828 2538 ὲτῶπ

922 2514 1036 2548 ιίιιηιᾳυο
1053 2513 1147 2540 habuit
1158 2521 1345 2541 successorem
1359 2513 1494 2548 Zipmten.
1509 2513 1567 2548 qtti,
1591 2513 1680 2540 clarus

72 2563 90 2585 α’
97 2562 135 2588 καὶ
147 2566 176 2596 0',
192 2560 229 2591 ὧν
247 2562 410 2590 ἐϐασίλευσε
425 2561 458 2588 ν’.
474 2560 512 2588 Οὒ
526 2560 591 2591 παῖς
601 2580 608 2592 ,
620 2559 670 2594 τῆς
683 2558 771 2594 ἀρχῆς
784 2557 830 2584 διάη

922 2560 985 2593 allis,
1001 2568 1017 2588 e
1031 2559 1182 2596 Lysimachi
1199 2559 1336 2594 pratfectis
1350 2559 1433 2587 alium
1459 2559 1575 2592 occidit,
1597 2559 1680 2586 alium

72 2606 142 2641 ὣχδς,
155 2609 300 2645 Ζιποίτηςξ,
316 2608 444 2644 λαμπρὸς
458 2608 488 2634 ὲν
504 2606 634 2641 πολέμοις
645 2604 784 2639 γεγονὼς,
796 2611 830 2630 κα

925 2613 978 2632 tant
1000 2605 1159 2639 longissime
1186 2612 1201 2631 τι
1224 2604 1324 2632 ﬁnibus
1345 2604 1403 2632 suis
1422 2604 1535 2638 depulit.
1562 2604 1632 2637 Quin
1653 2607 1682 2631 et

73 2654 122 2686 τσὺς
138 2656 296 2692 Λυσιμάχου
311 2655 482 2692 στρατηγοὺς
499 2654 545 2681 τὸν
558 2654 608 2690 μὲν
624 2651 737 2683 ἀνελὼν,
752 2651 798 2677 τὸν
813 2650 831 2677 δί

923 2658 984 2678 sum
1023 2650 1212 2687 Lysimachum
1233 2650 1370 2685 repressit.
1401 2649 1518 2678 Posthac
1546 2650 1681 2678 Antiocho

692 2715 811 2745 VARIJE
831 2715 1032 2743 LECTIONES.

103 2770 122 2785 “
134 2771 176 2798 ὲπὶ
186 2771 229 2807 τό]
240 2771 296 2799 imo
305 2771 351 2798 ἐπὶ
363 2770 414 2806 τῷ.
451 2769 474 2785 ⁸⁵
490 2768 575 2803 αὐτήν
588 2776 617 2799 ς.
658 2766 680 2783 ⁸⁵
693 2765 753 2793 libri
766 2763 888 2800 ᾤκησαν.
927 2764 950 2780 ⁶⁶
963 2765 1016 2792 τῶν
1028 2770 1090 2799 post
1100 2765 1223 2801 γηγενῶν
1237 2773 1292 2795 om.
1308 2766 1341 2794 A.
1379 2766 1400 2782 "
1410 2765 1504 2793 Κάλαν
1516 2765 1563 2792 τὸν
1579 2765 1635 2792 Άλ.
1653 2774 1685 2798 ς’.

811 2820 926 2849 NOTAE.

106 2874 155 2910 (65)
169 2875 229 2905 Vid.
241 2876 290 2904 lib.
303 2883 322 2903 ιι
334 2875 398 2904 Rer.
415 2873 490 2902 Boic.
507 2870 590 2900 Marci
603 2867 718 2902 Velseri,
734 2874 761 2903 ιλ
777 2867 821 2894 7i.
