1920 3090
232 135 286 167 899
822 133 953 163 ΡΠΟΤΙΙ
978 134 1017 163 ΡΛ

1079 132 1232 162 IARClI/E
1245 132 1298 161 (ΖΡ.
1813 127 1864 159 900

233 188 351 220 Seleuci,
370 187 415 222 qui
441 186 533 214 Asiam
560 190 649 212 tamen
673 190 700 212 ct
727 184 887 213 Macedones
913 187 1017 221 imperii

1079 186 1126 212 ἐπὶ
1140 186 1271 222 μήκιστον
1283 185 1332 219 τῆς
1345 185 1448 216 οἰκείας
1464 185 1602 216 ἀπελάσας
1617 184 1716 220 ἀρχῆς,
1729 185 1798 212 ἀλλὰ
1817 186 1863 212 καὶ

235 235 388 266 coercebat,
409 232 533 268 superior
548 231 647 262 factus.
667 231 761 260 urbem
779 233 870 259 condit
886 233 919 259 ad
941 233 1017 267 Lype-

1077 231 1161 259 αὐτοῦ
1176 232 1335 266 Λυσιμάχου
1347 231 1381 263 ⁸⁸,
1397 229 1455 258 εἶτα
1474 231 1522 258 καὶ
1544 231 1681 265 ’Δντιόχου
1703 230 1750 257 τοῦ
1767 231 1862 264 παιδὸς

235 288 297 308 rum
309 284 441 311 montem,
455 278 572 305 'nomine
591 284 642 304 suo
652 277 799 312 insignem.
821 277 870 304 Hic
882 278 926 304 vbi
942 278 1017 305 vitan

1077 277 1208 304 Σελεύκου
1225 277 1455 312 ἐπικρατέστερος
1467 275 1595 311 γεγονὼς,
1606 277 1652 303 τοῦ
1667 285 1696 302 τε
1708 277 1758 310 τῆς
1771 277 1863 309 Ἀσίας

234 327 261 354 in
276 326 319 359 16,
336 330 363 352 et
380 323 648 352 administrationem
663 322 738 357 regni
762 323 788 349 in
809 322 844 350 48
859 330 945 350 annos
977 329 1024 349 ex-

235 373 370 404 tenderat,
386 371 403 397 4
419 370 489 397 filios
509 369 631 403 reliquit.
656 369 783 402 Eumque
804 368 831 395 iu
846 375 929 403 regno
944 367 1023 395 Nico-

233 417 325 444 medes
341 420 405 442 natu
417 416 551 442 maximus
569 414 687 448 excepit,
704 413 837 441 fratribus
853 421 905 440 non
926 413 1023 446 frater,

232 463 279 490 sed
308 463 388 489 lictor
425 462 523 488 factus.
549 456 844 487 Coufirmavit‘tameu
868 459 950 487 etiam
979 460 1024 487 llic

233 508 365 544 Bithyniae
381 515 505 542 regnum,
524 507 642 534 maxime
655 513 698 538 eo,
715 507 787 541 quod
807 505 919 533 Galatas
943 507 1021 534 sedes

231 554 259 581 in
279 555 369 581 Asiam
386 553 584 581 transferentes
609 552 722 587 adjuvit,
737 553 899 588 urbemque,
914 556 945 579 ut
962 552 1019 587 jam

231 599 379 625 iudicatum
396 603 449 629 est,
462 598 503 624 sui
521 597 640 624 nominis
659 597 761 624 eduxit.

1076 323 1264 359 βασιλεύοντος
1281 324 1329 350 καὶ
1342 323 1389 350 τοῦ
1407 324 1581 355 Μακεδόνων,
1600 322 1688 354 κτίζει
1709 323 1788 349 πόλιν
1811 324 1864 350 ὑπὸ

1074 369 1113 404 τῷ
1127 369 1246 405 Λυπερῷ
1255 370 1313 405 ὄρει
1325 390 1331 401 ,
1347 371 1379 405 τῇ
1396 368 1479 396 αὑτοῦ
1495 371 1589 405 κλήσει
1607 369 1761 404 ἐπώνυμον.
1778 366 1864 401 Οὗτος

1077 416 1150 450 βιοὺς
1169 418 1218 451 μὲν
1238 416 1286 452 ἐτη
1301 420 1327 449 ς’
1342 417 1389 444 καὶ
1401 421 1432 448 o',
1450 418 1591 452 κρατήσας
1609 417 1639 443 δὲ
1664 418 1712 452 τῆς
1734 418 1822 452 ἀρχῆς
1839 416 1863 452 η’

1075 462 1122 488 καὶ
1138 465 1175 497 μ’,
1191 462 1352 489 καταλείπει
1368 463 1466 494 παῖδας
1485 463 1516 489 δ’.
1534 462 1634 489 Τοῦτον
1648 463 1670 482 ⁸ο
1685 463 1698 489 ὁ
1713 462 1864 498 πρεσϐύτε-

1076 515 1122 542 ρος
1135 508 1188 534 τῶν
1203 508 1307 534 παίδων
1323 509 1481 543 Νικομήδης
1494 508 1653 543 διαδέχεται,
1669 509 1724 540 τοῖς
1738 509 1863 543 ἀδελφοῖς

1073 554 1123 579 οὐκ
1134 553 1244 586 ἀδελφὸς
1259 554 1327 580 ἀλλὰ
1340 554 1435 589 δήμιος
1448 555 1579 588 γεγονώς.
1599 554 1782 589 Ἐκρατύνατο
1798 554 1862 590 μέν·

1070 607 1112 624 τοι
1129 600 1176 625 καὶ
1195 597 1272 631 οὗτος
1292 600 1341 636 τὴν
1360 600 1480 628 Βιθυνῶν
1500 601 1598 636 ἀρχὴν,
1615 600 1732 636 μάλιστά
1752 609 1785 634 γε
1800 601 1863 632 τοὺς

229 644 353 675 Γαλάτας
369 644 415 670 ἐπὶ
437 643 487 678 τὴν
507 643 599 669 Ἀσίαν
615 643 848 678 διαπεραιωθῆναι
865 644 1061 679 συναράμενος·
1073 647 1121 670 καὶ
1140 644 1226 678 πόλιν,
1266 645 1304 677 ὡς
1320 647 1491 682 προείρηται,
1524 647 1574 682 τὴν
1608 646 1690 674 αὑτοῦ
1724 654 1862 682 προσηγο-

232 691 292 726 ρίαν
307 691 440 725 ὰνέστησε
453 690 599 725 φέρουσαν.

470 749 538 777 CAP.
551 748 634 777 XXII.
650 764 685 769 —--
702 748 913 784 Bgzantinomm
924 749 1025 776 bellum
1047 758 1106 776 cum
1124 749 1272 777 Calatianis
1294 749 1505 777 Heracliensium
1518 749 1633 776 colonia.

265 809 414 842 lnterlapso
430 808 493 834 hinc
511 812 633 842 tempore
650 807 752 841 aliquo,
773 807 932 841 Byzantinis
958 805 1016 833 bel-

230 856 284 882 lum
310 855 440 882 adversus
463 853 620 881 Calatiauos
635 853 872 888 (Heracleotarum
907 853 1017 880 colonia

1108 808 1145 834 Οὐ
1175 807 1265 843 πολλῷ
1278 808 1306 835 δὲ
1328 807 1442 844 ὕστερον
1465 808 1554 842 χρόνῳ
1578 807 1696 841 πόλεμος
1719 808 1861 844 ἀνερράγη

1070 852 1229 886 Βυζαντίοις
1264 853 1333 888 πρὸς
1360 853 1549 884 Καλατιανοὺς
1576 853 1703 887 (ἄποικοι
1732 853 1761 880 δὲ
1787 852 1861 881 οὗτοι

229 903 286 928 lucc
298 901 349 934 est)
368 905 394 927 et
412 899 542 927 lslrianos
570 900 671 934 erupit,
701 904 812 934 propter
829 898 939 931 Tomin,
959 906 1017 926 em-

1077 898 1273 934 Ἰιρακλεωτῶν
1288 897 1371 934 ἦσαν)
1394 899 1442 926 καὶ
1461 899 1527 934 πρὸς
1550 899 1714 934 Ἰστριανοὺς
1728 900 1793 935 περὶ
1809 899 1862 925 Τό-

228 948 332 982 porium
345 946 493 974 Calatianis
505 946 635 977 vicinum,
652 945 724 980 quod
744 946 928 980 monopolium
944 953 976 972 cx
986 952 1019 971 co

228 993 319 1020 facere
355 993 445 1019 animo
472 996 659 1026 conceperant
692 991 838 1019 Calatiani.
869 990 1017 1025 Propterea

230 1040 359 1074 utrinque
376 1039 409 1066 ad
430 1038 620 1068 lieraclienses
635 1038 668 1065 de
681 1038 743 1065 belli
757 1038 888 1065 societate
902 1037 1018 1063 mittitur

228 1086 335 1120 legatio.
349 1084 385 1110 At
402 1084 430 1111 hi
449 1084 539 1111 neutri
570 1083 669 1118 2281)
696 1084 765 1118 parti
791 1082 914 1110 bellicam
938 1090 1017 1117 opem

229 1132 362 1164 tribuunt,
379 1131 425 1158 sed
440 1130 531 1165 legant
545 1130 578 1157 ad
597 1135 735 1163 utrosque,
755 1130 801 1164 qui
826 1129 937 1164 pacitice
952 1136 1019 1155 con-1

229 1177 387 1204 troversiam
400 1177 554 1210 transigant
571 1184 578 1203 :
606 1176 713 1203 tametsi
737 1175 840 1210 absque
855 1174 951 1202 effectu
966 1174 1018 1202 hoc

228 1223 294 1256 ipsis
318 1222 439 1249 studium
462 1221 556 1249 exivit.
573 1221 664 1248 Multis
687 1221 770 1256 igitur
792 1221 964 1248 detrimentis
979 1221 1018 1248 af-

228 1268 290 1295 fecti
302 1267 433 1294 Calatidis
450 1267 554 1299 incolm,
573 1267 605 1293 ad
623 1267 699 1301 pacis
713 1267 822 1294 demum
848 1266 1020 1294 conditiones

228 1312 434 1339 descenderunt.
447 1311 504 1339 Nec
515 1311 663 1346 quidquam
677 1312 735 1339 fere
749 1311 784 1339 ab
799 1312 852 1339 ista
866 1311 1021 1338 calamitate

227 1358 327 1384 virium
345 1362 493 1392 potuerunt
509 1358 639 1391 recipere.

1074 954 1146 980 μεως
1159 945 1205 972 τοῦ
1226 946 1359 980 ἐμπορίου
1372 964 1380 976 ,
1395 945 1409 972 ὃ
1430 946 1486 976 τοῖς
1499 945 1680 976 Καλατιανοῖς
1699 945 1801 980 ὅμορον
1815 943 1860 981 ἦν,

1073 991 1241 1028 μονοπώλιον
1264 991 1344 1018 τοῦτο
1364 992 1564 1026 διανοουμένων
1585 993 1790 1018 κατασκευάσαι
1804 992 1862 1018 τῶν

1070 1037 1260 1066 Καλατιανῶν.
1276 1036 1506 1072 Διεπρεσϐεὑοντο
1519 1034 1566 1063 οὖν
1580 1036 1650 1072 πρὸς
1668 1036 1863 1072 Ἡρακλεώτας

1071 1082 1118 1109 ἐπὶ
1132 1081 1291 1116 συμμαχίαν
1303 1082 1326 1097 ⁷⁰
1338 1082 1475 1116 ἑκάτεροι.
1491 1083 1522 1108 Ol
1536 1082 1564 1108 δὲ
1581 1082 1732 1117 πολεμικὴν
1750 1082 1800 1117 μὲν
1815 1084 1863 1118 ῥο-

1071 1129 1126 1164 πὴν
1149 1128 1283 1163 οὐδετέρῳ
1297 1128 1393 1163 ἔνεμον
1418 1129 1506 1163 μέρει,
1524 1128 1751 1164 διαλλακτηρίους
1767 1129 1796 1155 δὲ
1813 1130 1863 1155 ἇν-

1071 1175 1136 1209 δρας
1160 1174 1301 1210 ἑκατέροις
1318 1174 1494 1206 ἀπέστελλον,
1511 1174 1562 1200 κᾶν
1580 1174 1721 1210 ἄπρακτος
1737 1175 1828 1202 αὐτῶν
1842 1177 1860 1210 ἡ

1072 1220 1174 1256 σπουδὴ
1189 1220 1250 1246 τότε
1261 1220 1366 1254 γέγονε.
1383 1219 1447 1256 [724
1458 1219 1503 1256 8.]
1521 1220 1609 1246 Πολλὰ
1620 1220 1648 1246 δὲ
1662 1221 1685 1247 οί
1699 1220 1751 1255 τῆς
1766 1222 1863 1248 Καλα-

1070 1265 1142 1297 τίδος
1161 1266 1214 1293 ὑπὸ
1229 1266 1283 1292 τῶν
1299 1266 1438 1301 πολεμίων
1457 1267 1604 1298 παθόντες,
1624 1266 1738 1302 ὕστερον
1750 1267 1791 1299 είς
1803 1267 1863 1294 δια-

1071 1311 1163 1342 λύσεις
1179 1309 1272 1346 ἦλθον,
1285 1312 1341 1338 ἀπὸ
1353 1312 1454 1347 ταύτης
1465 1312 1515 1346 ’τῆς
1528 1312 1673 1348 συμφορᾶς
1687 1312 1781 1339 οὐκέτι
1797 1321 1863 1348 σχε-

1070 1358 1114 1384 δὸν
1129 1357 1273 1384 ἀναλαῦεῖν
1286 1358 1385 1389 αὐτοὺς
1399 1357 1569 1393 δυνηθέντες,

291 1414 357 1441 Car.
369 1412 464 1440 XXIII.
478 1428 514 1433 —
527 1413 722 1440 Testamentum
745 1413 901 1441 Nicomedis
913 1435 920 1448 ,
943 1419 967 1441 et
987 1413 1068 1440 Zeiltz
1094 1414 1193 1441 exclusi
1208 1414 1305 1441 bellum
1323 1423 1382 1441 cum
1399 1414 1530 1450 Bithynis,
1548 1424 1596 1450 ope
1624 1415 1795 1444 Galatarum.

265 1476 320 1503 Nec
338 1475 452 1502 multum
472 1476 601 1510 temporis
622 1475 738 1508 efﬂuxit,
761 1483 824 1503 cum
844 1483 893 1503 rex
924 1475 1019 1511 Bithy-

229 1530 328 1549 norum
352 1521 513 1549 Nicomedes
540 1522 696 1557 (postquam
723 1529 739 1548 e
767 1522 858 1556 priore
885 1522 909 1548 ei
937 1526 1018 1548 natus

228 1567 355 1602 coniugio
381 1567 473 1594 Zeilas
485 1568 517 1594 ad
533 1568 724 1594 Armeniorum
744 1574 833 1602 regem
844 1566 1019 1601 profugisset,

228 1614 357 1648 expulsus
385 1621 512 1640 noverca:
537 1613 656 1640 Etazette
680 1613 825 1645 machinis,
849 1612 926 1646 cujus
940 1612 1018 1639 liberi

229 1661 316 1688 adhuc
332 1659 360 1686 in
378 1664 468 1687 tenera
479 1664 560 1686 aetate
572 1659 671 1694 erant).
681 1664 766 1686 morte
777 1659 833 1692 jam
847 1657 1016 1689 imminente,

227 1714 261 1734 ex
290 1706 374 1733 altera
391 1711 470 1733 natos
486 1712 570 1732 uxore
595 1704 717 1731 Incredes
739 1704 814 1738 regni
839 1703 948 1737 scripsit
966 1711 972 1730 :
991 1707 1018 1729 et

227 1757 384 1783 curatores,
413 1750 589 1778 Ptolemaeum
625 1757 687 1776 cum
710 1749 848 1784 Antigono
870 1753 897 1775 et
920 1749 1017 1783 popqu

227 1798 452 1834 Byzantiuorum,
466 1804 514 1823 nec
536 1803 590 1823 non
615 1795 830 1822 lleracliensium
857 1795 1018 1822 Cianorum-

227 1851 290 1878 que,
306 1843 465 1878 designavit.
483 1841 571 1868 Zeilas
583 1847 673 1868 autem
691 1849 753 1868 cum
770 1842 908 1869 instructa
923 1849 1016 1873 manu,

227 1889 270 1915 cui
287 1896 302 1915 e
314 1887 417 1915 Calatis
435 1886 612 1922 Tolistobogii
628 1886 734 1914 animos
751 1887 886 1921 augebant
899 1905 906 1918 ,
927 1888 954 1913 in
971 1893 1015 1914 re-

226 1941 308 1968 gnum
325 1937 466 1967 paternum
484 1932 564 1959 redit.
586 1932 621 1958 At
633 1931 755 1967 Bithyni,
774 1932 836 1959 dum
852 1939 1016 1960 conservare

226 1979 391 2006 dominatum
429 1977 548 2013 parvulis
586 1983 737 2012 satagunt,
765 1982 878 2004 matrem
916 1979 1013 2005 herum

226 2022 379 2052 Nicomedis
395 2023 474 2050 fratri
496 2023 524 2050 in
550 2024 753 2050 matrimonium
777 2023 894 2053 elocant.
909 2029 937 2050 et
962 2023 1014 2058 ipsi

225 2074 337 2103 accepto
352 2077 366 2095 a
382 2069 553 2096 curatoribus
567 2069 688 2096 exercitu
703 2068 806 2096 Zeilam
825 2069 1013 2104 opperiuntur.

225 2115 257 2143 Et
267 2115 370 2142 crebris
382 2115 525 2148 utrobique
538 2114 641 2149 prwliis
653 2119 681 2141 et
695 2114 798 2141 viribus
810 2114 860 2146 usi,
875 2121 968 2149 pacem
980 2114 1014 2141 ad

223 2166 376 2188 extremum
416 2161 510 2188 ineunt
535 2169 541 2187 :
563 2168 624 2188 cum
653 2159 842 2188 lleraclienses
863 2160 890 2187 iu
918 2160 1014 2195 pinguis

224 2207 278 2234 illis
293 2206 502 2238 excelluissent,
518 2210 545 2234 et
561 2206 586 2233 in
602 2205 799 2240 compositione
815 2205 876 2233 belli
893 2206 1013 2240 egissent

222 2254 319 2287 qrueiu
339 2261 396 2280 rem
414 2253 511 2280 forent.
540 2252 644 2280 Idcirco
670 2252 771 2291 Galatae
790 2251 960 2285 lleracleam,
983 2257 1012 2280 ut

1108 1477 1145 1502 Οὐ
1160 1476 1258 1502 πολλοῦ
1271 1476 1300 1503 δὲ
1319 1477 1390 1503 πάνυ
1402 1477 1522 1512 Ῑρυέντος
1535 1477 1631 1512 χρόνου
1646 1477 1660 1503 ὸ
1672 1476 1727 1503 τῶν
1742 1476 1865 1504 Βιθυνῶν

1073 1522 1201 1556 βασιλεὺς
1215 1523 1375 1559 Νικομήδης
1386 1544 1393 1556 ,
1409 1524 1470 1550 ἐπεὶ
1487 1525 1500 1550 ὁ
1515 1524 1564 1558 μὲν
1580 1525 1611 1550 ὲκ
1629 1523 1773 1559 προτέρων
1788 1524 1866 1560 αὺτῷ

1072 1568 1168 1603 γάμων
1183 1568 1301 1602 γεγονὼς
1314 1570 1380 1600 παῖς
1395 1569 1495 1604 Ζηῒλας
1508 1569 1597 1604 φυγὰς
1615 1568 1649 1605 ἦν
1667 1570 1736 1606 πρὸς
1748 1570 1796 1596 τὸν
1809 1571 1866 1597 τῶν

1079 1614 1230 1648 ’Λρμενίων
1254 1614 1377 1648 βασιλέα,
1391 1617 1450 1647 ταῖς
1474 1616 1525 1650 τῆς
1547 1618 1682 1652 μητρυιᾶς
1715 1617 1865 1649 Ἐταξέτας

1072 1661 1208 1694 μηχαναῖς
1223 1660 1347 1692 ἐλαθεὶς,
1371 1662 1395 1687 oi
1409 1661 1438 1687 δὲ
1454 1662 1486 1688 ἐκ
1503 1663 1607 1697 ταύτης
1621 1662 1695 1698 αὐτῷ
1715 1663 1866 1697 γεγονότες

1070 1703 1227 1739 ὲνηπιαζον,
1244 1706 1312 1740 πρὸς
1322 1706 1391 1741 τῷ⁷¹
1404 1706 1533 1742 τελευτᾷν
1544 1708 1663 1741 γεγονὼς
1674 1709 1867 1745 κληρονόμους
1907 1728 1908 1733 η

1070 1750 1119 1784 μὲν
1134 1750 1197 1782 τοὺς
1221 1751 1253 1778 ἐκ
1270 1752 1319 1787 τῆς
1335 1752 1464 1788 δευτέρας
1479 1754 1607 1787 γυναικὸς
1619 1755 1720 1789 γράφει
1742 1757 1843 1788 παῖδας
1854 1777 1865 1789 ,
1899 1790 1904 1793 μ

1068 1795 1233 1830 ἐπιτρόπους
1256 1796 1285 1823 δὲ
1309 1797 1477 1833 Πτολεμαῖον
1502 1801 1550 1826 καὶ
1573 1800 1728 1835 Ἀντίγονον
1752 1803 1866 1829 καὶτὸν

1068 1840 1154 1876 δῆμον
1169 1843 1223 1868 τῶν
1239 1842 1394 1875 Βυζαντίων
1407 1845 1454 1871 καὶ
1473 1845 1504 1881 δὴ
1520 1846 1569 1872 καὶ
1583 1846 1638 1874 τῶν
1659 1848 1865 1883 Ἡρακλεωτῶν

1069 1887 1181 1914 καὶτὸν
1197 1888 1252 1915 τῶν
1276 1889 1386 1916 Κιανῶν
1412 1891 1565 1926 ἐφίστησιν.
1590 1892 1619 1919 Ὀ
1642 1894 1734 1928 μέντοι
1760 1895 1865 1930 Ζηῖλας

1071 1934 1139 1968 μετὰ
1152 1934 1293 1970 δυνάμεως
1305 1955 1313 1968 ,
1331 1936 1364 1971 ἢν
1379 1936 1454 1972 αὐτῷ
1468 1938 1521 1964 τῶν
1536 1939 1664 1967 Γαλατῶν
1684 1941 1709 1966 oi
1727 1941 1865 1968 Τολοστο-

1068 1980 1154 2014 ϐόγιοι
1170 1981 1289 2016 θάρσους
1305 1982 1453 2018 ἐπλήρουν,
1468 1985 1514 2011 ἐπὶ
1527 1985 1577 2020 τὴν
1593 1986 1734 2021 βασιλείαν
1749 1988 1863 2024 κατῄει.

1067 2025 1176 2053 Βιθυνοὶ
1190 2027 1218 2054 δὲ
1243 2028 1293 2063 τὴν
1308 2028 1396 2064 ἀρχὴν
1412 2029 1508 2062 σώζειν
1531 2033 1588 2063 τοῖς
1606 2033 1714 2067 νηπίοις
1737 2035 1863 2062 σπουδά-

1067 2071 1168 2104 ζοντες,
1185 2072 1234 2108 τὴν
1249 2073 1299 2108 μὲν
1313 2074 1416 2101 τούτων
1431 2076 1537 2111 μητέρα
1551 2077 1659 2112 ἀδελφῷ
1675 2079 1862 2111 συνοικίζουσι

1065 2116 1105 2151 τῷ
1119 2117 1302 2153 Νικομήδους,
1318 2120 1396 2146 αὐτοὶ
1411 2121 1440 2147 δὲ
1453 2122 1611 2157 στράτευμα
1626 2124 1700 2158 παρὰ
1711 2124 1766 2151 τῶν
1779 2127 1862 2161 εἰρη-

1067 2163 1154 2198 μένων
1177 2165 1334 2200 ἐπιτρόπων
1361 2165 1489 2198 λαϐόντες
1512 2168 1647 2202 ὑπέμενον
1674 2169 1720 2196 τὸν
1745 2171 1860 2206 Ζηῖλαν.

1065 2209 1178 2243 Συχναῖς
1191 2209 1219 2235 δὲ
1234 2210 1334 2244 μάχαις
1354 2211 1401 2238 καὶ
1419 2213 1578 2247 μεταϐολαῖς
1591 2214 1715 2250 ἑκάτεροι
1730 2215 1795 2251 [576
1809 2217 1860 2252 H.]

1066 2255 1305 2291 ἀποχρησάμενοι,
1318 2258 1349 2284 τὺ
1360 2258 1513 2286 τελευταῖον
1528 2260 1700 2296 κατέστησαν
1710 2262 1859 2297 είςξδιαλύ-

223 2299 371 2332 inimicam,
384 2299 555 2331 invaserunt,
572 2298 606 2324 ad
629 2298 757 2325 Calletem
774 2305 862 2332 usque
875 2297 984 2325 ﬂuvium
1004 2307 1010 2324 :

1074 2309 1133 2334 ἵεις,
1151 2302 1346 2336 Ἡρακλεωτῶν
1360 2305 1390 2330 ὲν
1401 2306 1462 2336 ταῖς
1475 2305 1575 2340 μάχαις
1590 2306 1790 2341 ἁριστευόντων
1805 2310 1860 2335 κὰν

222 2345 360 2379 multaque
375 2345 452 2371 ditati
466 2345 566 2378 praeda,
585 2344 694 2370 domum
712 2343 887 2377 repetierunt.

1065 2348 1125 2380 ταῖς
1143 2349 1294 2384 συμϐάσεσι
1317 2351 1348 2378 τὸ
1366 2352 1505 2386 συμφέρον
1529 2355 1787 2389 καταπραττόντων.
1811 2358 1860 2385 Διὸ

223 2389 341 2439 Γαλάται
355 2389 392 2439 ὡς
407 2388 507 2439 ἐχθρὰν
524 2388 573 2422 τὴν
593 2387 756 2422 Ἡράκλειαν
777 2387 949 2424 κατέδραμον
961 2388 1013 2420 ἓως
1030 2391 1173 2428 Κάλλητος
1215 2400 1357 2434 ποταμοῦ.
1384 2401 1431 2427 καὶ
1471 2397 1570 2433 πολλῆς
1593 2387 1682 2437 κύ-ριοι
1712 2406 1859 2439 γεγονὸτ;ς

222 2436 296 2467 λείας
313 2435 405 2462 οἶκαδε
421 2434 610 2469 ἀνεχώρησαν.

489 2490 553 2518 Car.
573 2489 668 2518 XXIV.
680 2506 716 2513 —-
732 2489 941 2517 Herucliensium
958 2493 1110 2533 paciﬁcatio
1120 2495 1190 2523 inter
1204 2499 1363 2527 Antiochum
1372 2507 1396 2528 et
1411 2501 1585 2537 Byzantinos.

257 2549 313 2576 Sub
329 2549 387 2576 lucc
401 2548 557 2583 Byzantiuis
583 2548 716 2575 iufereute
740 2547 839 2574 bellum
866 2547 1013 2580 Antiocho,

222 2595 257 2622 40
270 2594 426 2621 triremibus
450 2593 616 2621 llcraclcotze
640 2593 806 2621 auxiliantur
828 2600 835 2618 :
864 2597 891 2620 et
917 2593 1015 2620 horum

222 2641 321 2668 factum
343 2645 385 2667 est
408 2647 489 2674 opera
515 2644 544 2666 ut
576 2639 609 2666 ad
638 2638 725 2666 minas
745 2638 930 2665 tantummodo
951 2646 1014 2673 pru-

222 2694 344 2722 gressum
361 2686 477 2713 ltabcrct
493 2686 604 2713 bellum.

1103 2541 1267 2576 Βυζαντίους
1295 2546 1323 2573 δὲ
1355 2547 1492 2582 Ἀντιόχου
1520 2548 1702 2584 πολεμοῦντος
1732 2552 1859 2586 τριήρεσι

1066 2590 1259 2625 συνεμάχησαν
1281 2595 1307 2626 μ’
1328 2593 1353 2618 oi
1382 2593 1585 2628 Ἡρακλεῶται,
1602 2597 1650 2624 καὶ
1674 2596 1721 2623 τὸν
1738 2598 1859 2633 πόλεμον

1064 2636 1275 2670 παρεωεύασαν
1289 2638 1312 2653 ⁷¹
1333 2638 1429 2674 μέχρις
1443 2640 1564 2667 ἀπειλῶν
1579 2642 1725 2677 προκόψαι.

872 2753 986 2783 VARUE
1013 2754 1216 2782 LECTIONES.

259 2805 282 2821 “
295 2805 375 2832 αὐτὸν
389 2806 543 2842 Λυσέμπχον
577 2813 648 2834 corr.
677 2805 709 2833 Α.
749 2807 770 2822 δί’
785 2805 886 2832 τούτων
905 2813 974 2832 corr.
988 2804 1020 2831 Α.
1035 2836 1036 2839 η

220 2841 371 2867 εσκεὺεισαν
385 2849 413 2872 ς.

1060 2802 1242 2844 τοῖσυμμαχίᾳ
1258 2801 1420 2837 Stephanus.
1477 2804 1498 2819 “
1522 2803 1559 2839 τῷ
1570 2804 1592 2831 Α
1607 2814 1613 2832 :
1631 2806 1660 2832 τό
1673 2814 1703 2837 ς.
1757 2808 1781 2824 τ’
1795 2817 1858 2834 κατ-
