1920 3090
59 162 103 195 ἕνοί
595 158 860 188 BIBLIOTHECA.

886 170 921 176 —
941 157 1024 188 COD.
1046 157 1198 189 CCXXIV.
1632 161 1686 193 902

166 214 242 242 CAP.
258 213 342 242 XXV.
352 229 385 234 —
398 212 506 240 Herart.
524 211 675 239 Mithridati
691 212 860 240 auxiliantur
874 217 966 239 contra
985 211 1076 239 Gallos
1088 232 1096 245 ,
1108 213 1154 239 sed
1170 219 1243 238 caro.
1265 211 1396 247 Nymphis
1411 212 1562 240 historicus.

89 262 179 311 Συνέϐη
195 275 223 301 δὲ
236 275 297 310 μετ’
311 274 340 300 οὺ
357 274 424 300 πολὺ
438 273 467 306 ἐξ
482 271 635 308 ἀνθρώπων
657 265 831 311 ’Λρηιοϐαρςάι

924 272 980 300 Nec
998 273 1080 307 longe
1095 276 1157 306 post
1178 280 1194 299 e
1213 273 1268 299 vita
1286 273 1443 300 mortalium
1457 275 1589 301 eximitur
1603 276 1685 303 Ario-

59 333 98 358 νην
111 321 242 356 γενέσθαι,
259 320 341 347 παῖδα
356 319 526 354 Μιθριδάτην
539 320 724 346 καταλιπόντα
744 320 793 346 καὶ
809 320 837 346 ὲν

58 369 157 404 διαφορᾷ
172 368 240 403 πρὸς
257 367 321 398 τοὺς
343 367 466 397 Γαλάτας
478 366 623 400 γεγονότα-
646 365 680 392 δι’
698 366 731 401 ῆν
746 366 837 393 αἰτίαν

60 415 298 449 καταφρονήσαντες
317 412 364 439 τοῦ
380 413 476 444 παιδὸς
492 410 566 439 οὗτοι
590 412 640 448 τὴν
659 412 743 439 αὐτοῦ
761 411 838 446 βασι-

59 462 119 486 λείαν
142 459 271 486 ἐσίνοντο.
291 459 346 486 Καὶ
371 459 489 494 ἀπορίας
512 459 611 490 αὐτοὺς
627 457 837 492 καταλαϐούσης

60 507 226 540 ἀνελάμϐανον
238 506 263 532 οἱ
279 506 333 532 ἀπὺ
347 506 396 539 τῆς
417 504 594 540 Ἡρακλείας,
612 506 684 531 σῖτον
700 505 740 535 είς
758 504 836 539 Ἀμι-

61 554 119 579 σὸν⁷³
134 554 297 588 πέμποντες,
311 552 341 585 ἐξ
351 549 384 588 ἧς
399 553 464 586 ῥᾷον
478 550 512 587 ἦν
527 552 589 583 τοὺς
603 551 650 577 τοῦ
668 550 834 585 Μιθριδάτου

60 600 161 632 σιτηγεῖν
180 599 289 629 ἑαυτοῖς
315 600 362 625 καὶ
384 597 542 631 ἐξακεῖσθαι
569 597 618 631 τὴν
645 597 759 622 ἔνδειαν.
785 596 835 621 Διὰ

59 645 128 671 ταῦτα
140 645 217 671 πάλιν
231 646 256 671 οἱ
273 644 392 671 Γαλάται
411 644 452 674 εἰς
471 644 520 678 τὴν
544 641 731 677 Ἦρακλεῶτιν
749 641 835 676 ἔπεμ-

58 691 100 724 ψαν
112 690 265 726 στράτευμα
276 710 283 722 ,
302 690 350 716 καὶ
373 689 476 724 ταύτην
493 689 669 723 κατέτρεχον,
689 687 786 722 μέχρις
801 685 834 712 ἂν

59 738 76 762 οξ
91 737 267 772 Ἡρακλεῶται
280 735 528 771 διεπρεσϐεύσαντο
546 733 614 769 πρὸς
630 732 740 763 αὐτούς.
758 731 834 766 Νύμ-

59 793 93 817 φις
105 784 130 810 δὲ
147 782 178 819 ἧν
204 784 219 810 ὁ
237 783 374 819 ἱστορικὸς
388 784 402 809 ὁ
427 782 578 817 κορυφαῖος
596 780 651 807 τῶν
676 779 830 815 πρέσϐεων·

58 828 78 857 ὃς
89 827 126 853 τὸν
142 827 189 862 μὲν
202 829 321 863 στρατὸν
335 829 364 853 ἐν
377 826 416 862 τῷ
431 826 514 861 κοινῷ
525 827 637 861 χρυσοῖς
653 833 832 859 πεντακισχι-

58 873 118 904 λίοις,
134 874 194 905 τοὺς
210 874 239 900 δὲ
254 873 396 910 ἡγεμόνας
412 873 466 907 ἰδίᾳ
481 873 630 903 διακοσίοις
642 869 832 906 ὑποθεραπεύ-

60 926 105 951 σας,
117 919 160 954 τῆς
172 919 264 955 χώρας
279 918 472 954 ἀπαναστῆναι
486 918 704 953 παρεσκεύασεν.

849 909 871 936 Β

890 318 1036 351 barzanes,
1067 317 1208 352 ﬁliumque
1238 318 1369 353 relinquit
1392 319 1578 347 Mithridatem
1606 331 1613 348 :
1641 321 1686 348 cui

887 365 952 392 lites
968 372 1029 391 cum
1055 363 1160 391 Galatis
1178 364 1372 391 intercessere.
1400 365 1486 398 Quam
1511 366 1546 393 ob
1571 373 1684 394 causam

893 410 931 442 hi,
944 414 1100 444 contempta
1119 410 1195 443 pueri
1222 414 1314 442 θείοιο,
1331 417 1446 445 regnum
1468 411 1527 445 ejus
1543 411 1681 440 divexant.

887 455 1010 489 Cumque
1022 455 1110 490 inopia
1125 463 1214 483 rerum
1228 455 1385 483 laborarem
1396 456 1461 491 regii
1473 475 1481 489 ,
1492 455 1682 497 llegaclienses

887 509 935 529 eos
961 506 1129 533 sustentant,
1163 501 1300 528 l'rtlntenlo
1321 501 1444 528 Amisum
1470 502 1594 534 advecto,
1609 504 1682 530 unde

886 547 995 575 facilior
1011 552 1085 575 esset
1099 547 1296 574 Mithridaticis
1312 548 1401 574 victus
1417 548 1493 582 copia
1505 569 1512 580 ,
1530 552 1558 575 et
1572 554 1680 583 egesta-

888 595 923 622 tis
949 594 1065 621 medela.
1082 593 1198 628 Propter
1225 593 1283 620 hzec
1310 594 1410 620 iterum
1436 594 1549 621 hostiles
1572 595 1598 621 in
1627 595 1682 621 llc-

886 640 1062 668 raclcotidem
1088 639 1182 673 copias
1212 640 1333 673 mittunt,
1362 647 1478 674 eamque
1513 640 1681 674 depopulan-

885 691 930 713 tur
952 695 959 714 :
982 694 1068 721 usque
1104 686 1168 713 dum
1193 687 1228 714 ab
1257 685 1478 714 lleracliensibus
1507 694 1555 721 per
1579 687 1682 721 legatos

885 732 1051 767 mitigantur.
1069 731 1201 767 Princeps
1216 737 1306 759 autem
1323 731 1428 767 legatus
1451 736 1512 759 erat
1537 731 1679 766 Nymphis,

889 779 1010 807 historiae
1045 779 1164 814 scriptor
1189 788 1197 807 :
1225 779 1270 815 qui
1288 786 1348 805 cum
1368 779 1518 805 exercitum
1537 777 1636 812 229a
1653 778 1680 806 in

884 832 1028 853 commune
1051 827 1142 854 aureis
1160 826 1240 859 5000,
1259 826 1396 860 ducesque
1413 832 1537 852 seorsum
1553 824 1607 851 ‘200
1630 825 1678 851 de-

884 871 1026 904 linivisset,
1047 877 1108 900 ut'a
1122 872 1219 900 ﬁnibus
1234 871 1418 904 discederent,
1435 870 1537 898 el'l'ecit.

460 976 524 1004 CAP.
544 975 638 1003 XXVI.
651 990 687 995 —
701 975 838 1002 Ptolemwi
858 973 1003 1002 liberalitas
1019 975 1046 1001 in
1069 973 1262 1001 Heraclienses.

86 1041 234 1076 Πτολεμαῖος
248 1042 278 1068 δὲ
295 1042 310 1068 ὁ
323 1042 372 1077 τῆς
386 1041 525 1076 Αἰγύπτου
540 1041 668 1076 βασιλεὺς
687 1041 727 1072 είς
740 1040 826 1075 ἄκρον

58 1087 204 1121 muttonis;
233 1087 341 1118 ἀναϐάς
377 1087 586 1123 λαμπροτάταις
627 1087 676 1122 μὲν
712 1087 826 1122 δωρεαῖς

59 1133 188 1166 εὐεργετεῖν
217 1134 268 1164 τὰς
298 1134 390 1165 πόλεις
415 1134 562 1168 προήγετο,
591 1131 698 1167 ἔπεμψε
728 1132 756 1158 δὲ
780 1131 828 1158 καὶ

58 1179 99 1208 τοῖς
123 1178 327 1214 Ἡρακλεώταις
362 1180 484 1214 ἀρτάϐας
512 1178 599 1214 πυροῦ
631 1179 825 1211 πεντακοσίας,

58 1228 93 1250 καὶ
104 1225 163 1251 νεὼν
181 1226 275 1257 αὐτοῖς
294 1226 494 1261 Προκοννησίας
510 1225 613 1261 πέτρας
634 1225 663 1252 ὲν
685 1226 718 1260 τῇ
735 1226 829 1260 ·άκρο-

59 1270 117 1296 sitsi.
137 1271 284 1306 ’Πρακλέος
298 1271 469 1306 ἀνεδείματο.

916 1039 1076 1068 Ριοίθιιιαξιιε
1096 1045 1186 1068 autem
1207 1048 1255 1067 rex
1276 1039 1385 1076 {Egypti
1403 1060 1409 1073 ,
1437 1039 1599 1067 altissimum
1628 1040 1677 1067 be-

883 1087 972 1122 nignae
1009 1087 1122 1114 fortuna:
1160 1087 1272 1122 gradum
1307 1091 1469 1118 assecutus,
1496 1086 1677 1121 magniﬁcen-

880 1133 992 1160 tissimis
1005 1133 1130 1160 civitates
1146 1134 1303 1160 uulneribus
1324 1133 1456 1159 demereri
1486 1132 1674 1159 constituerat.

880 1177 975 1213 Itaque
991 1178 1073 1205 etiam
1098 1177 1317 1205 Ileracliensibus
1333 1177 1385 1204 500
1402 1177 1512 1204 artabas
1530 1177 1577 1212 (sic
1588 1176 1676 1203 Persia

882 1225 1043 1252 medimnum
1057 1224 1160 1259 uacant)
1183 1223 1265 1251 lritici
1282 1223 1400 1256 misit,et
1418 1221 1676 1257 templumﬂerculis

880 1279 896 1300 e
909 1271 1093 1299 Proconnesio
1105 1279 1172 1298 saxo
1185 1270 1212 1298 iu
1228 1277 1291 1298 arce
1305 1271 1345 1298 eis
1360 1270 1504 1297 exstruxit.

58 1339 108 1367 Cir.
132 1341 236 1370 XXVII.
259 1357 298 1362 —
318 1341 429 1369 Summa
462 1343 646 1369 narrationum
669 1343 701 1369 de
727 1342 815 1369 Roma:
844 1342 927 1369 initiis
954 1348 980 1369 et
1002 1342 1188 1374 incrementis,
1212 1350 1302 1376 regno,
1333 1341 1496 1371 consulibus,
1532 1339 1676 1373 imperato-

478 1378 561 1410 riltus,
573 1378 648 1405 bellis
666 1386 724 1404 cum
733 1377 847 1413 Pyrrho,
867 1378 1007 1412 Annibale,
1025 1377 1133 1410 Perseo,
1146 1378 1285 1405 Antiocho.

85 1444 158 1480 Μέχρι
178 1445 272 1472 τούτου
297 1446 404 1480 φθάσας
424 1447 438 1474 ὁ
458 1448 633 1482 συγγραφεὺς
647 1449 689 1480 είς
708 1447 758 1483 τὴν
772 1447 830 1474 τῶν

64 1487 184 1524 Ῥωμαίων
206 1492 391 1527 ἐπικράτειαν
407 1492 457 1528 τὴν
483 1493 597 1529 ἐκϐολὴν
621 1495 750 1525 ποιεῖται,
769 1494 830 1520 ὅθεν

59 1544 80 1561 τε
91 1537 174 1569 γένους
185 1536 302 1570 ἔφυσαν,
319 1538 366 1564 καὶ
385 1537 447 1564 τίνα
462 1538 562 1572 τρόπον
587 1538 635 1572 τῆς
653 1537 767 1568 Ἰταλίας
783 1538 828 1563 ὲν-

58 1581 126 1607 milia
139 1583 313 1618 κατῴκησαν,
322 1583 373 1609 ὅσα
386 1592 415 1609 τε
431 1585 471 1615 είς
483 1584 532 1619 τὴν
546 1584 596 1619 τῆς
614 1584 723 1620 Ῥώμης
738 1585 827 1613 κτίσιν

59 1628 173 1662 προῦλαϐέ
185 1638 213 1656 τε
227 1631 277 1656 καὶ.
292 1629 429 1664 ἐπράχθη,
447 1630 494 1656 καὶ
509 1630 563 1657 τῶν
582 1631 762 1666 ὲπαρξάντων
778 1633 828 1658 αὺ-

60 1674 100 1700 τῶν
110 1675 262 1711 ἐπιτρέχων,
275 1677 323 1703 καὶ
336 1677 404 1712 πρὸς
417 1676 464 1709 οὓς
476 1677 605 1712 πολέμοις
617 1678 864 1728 διηγωνίσαντοβρ

61 1721 95 1745 καὶ
114 1721 157 1754 τήν
171 1731 199 1748 τε
214 1723 268 1749 τῶν
295 1722 428 1757 βασιλέων
457 1724 625 1751 κατάστασιν
647 1724 695 1752 καὶ
716 1725 766 1761 τὴν
790 1727 830 1758 είς

61 1764 157 1798 ὑπάτους
182 1768 229 1803 τῆς
259 1769 414 1804 μοναρχίας
442 1769 604 1805 μεταϐολὴν,
620 1770 695 1803 ὅπως
722 1779 752 1798 τε
777 1771 830 1798 ὑπὸ

61 1810 163 1839 Γαλατῶν
183 1814 316 1849 Ῥωμαίοι
330 1815 489 1850 ἡττήθησαν
506 1816 540 1848 ⁷⁸,
562 1817 610 1842 καὶ
624 1816 682 1851 ἥλω
698 1817 731 1844 ἂν
748 1818 764 1853 ἡ
778 1819 828 1844 πό-

62 1856 100 1889 λις.
122 1859 143 1884 εἰ
164 1859 199 1894 μὴ
220 1859 364 1895 Κάμιλλος
379 1859 402 1875 ⁷⁵
418 1860 605 1896 ἐπιϐοηθήσας
626 1861 675 1897 τὴν
692 1861 771 1888 πόλιν
789 1863 832 1898 sp-

62 1902 150 1936 ρἇειτο.
162 1904 223 1940 [7‘25
241 1905 289 1940 IL]
302 1905 397 1937 ’Ὀπως
410 1914 439 1932 τε
454 1906 501 1932 ἐπὶ
512 1907 562 1941 τὴν
583 1907 677 1934 Ἀσίαν
705 1907 831 1941 Ἀλεξάν-

61 1948 286 1984 ερῳδιαὸαίνοντι,
310 1953 356 1978 καὶ
379 1953 516 1988 γράψαντι
529 1953 546 1988 ἢ
571 1955 695 1989 κρατεῖν,
713 1953 761 1981 ἐὰν
782 1954 832 1989 ἄρ-

62 2003 106 2029 χειν
114 1996 248 2030 δύνωνται,
264 1998 282 2032 ἢ
301 1998 358 2029 τοῖς
376 1998 530 2034 κρείττοσιν
545 1999 679 2032 ὑπείκειν,
699 2000 830 2034 στέφανον

63 2043 157 2076 χρυσοῦν
172 2045 225 2071 ἀπὸ
242 2044 344 2071 ἱκανῶν
356 2044 494 2072 ταλάντων
512 2046 642 2079 Ῥωμαῖοι
655 2046 828 2082 ἐξέπεμψαν·

64 2089 99 2113 καὶ
114 2090 147 2121 ὡς
162 2091 227 2126 πρὸς
241 2090 429 2125 Ταραντίνους
449 2092 497 2118 καὶ
514 2091 622 2127 Πύρρον
634 2093 657 2108 ⁷⁵
672 2093 717 2119 τὸν
738 2093 831 2120 Ἤπει-

66 2133 136 2169 μίιτην
161 2136 358 2172 συμμαχοῦντα
381 2137 488 2168 τούτοις
516 2138 700 2174 ἐπολέμησαν,
726 2140 773 2166 καὶ
797 2139 831 2168 τὰ

65 2179 102 2211 μὲν
116 2182 255 2215 παθόντες,
274 2182 308 2209 τὰ
323 2182 351 2208 δὲ
366 2182 459 2214 κακῶς
482 2183 546 2215 τοὺς
576 2184 723 2219 πολεμίους
740 2186 831 2212 διαθέ-

66 2233 133 2258 μενοι,
147 2227 329 2263 Ταραντίνους
346 2227 395 2263 μὲν
408 2228 594 2263 ὑπηγάγοντο,
606 2229 715 2266 Πύρρον
730 2231 758 2257 δὲ
776 2231 831 2259 τῶν

65 2270 102 2305 τῆς
118 2273 225 2306 Ἰταλίας
236 2275 395 2310 ἀπήλασαν.
415 2275 485 2302 Ὅσα
499 2284 529 2302 τε
543 2276 613 2311 πρὸς
628 2277 832 2313 Καρχηδονίους

66 2315 100 2342 καὶ
118 2318 233 2345 Ἀννίϐαν
251 2319 401 2354 Ῥωμαίοις
424 2320 560 2355 ἐπράχθη,
589 2320 637 2346 καὶ
653 2321 703 2347 ὅσα
721 2321 742 2337 ⁷⁷
763 2321 831 2358 πρὸς

918 1448 979 1475 Huc
990 1452 1086 1476 auctor:
1106 1455 1271 1483 progressus
1295 1448 1329 1475 ad
1362 1447 1507 1483 imperium
1524 1447 1676 1476 Romanum

884 1494 1076 1521 excursionem
1091 1493 1156 1521 fecit
1171 1502 1179 1521 :
1192 1501 1246 1529 quo
1263 1501 1364 1528 genere
1386 1495 1451 1527 orti,
1467 1495 1601 1529 quomodo
1618 1495 1677 1522 haec

882 1540 966 1568 Italiae
979 1540 1040 1567 loca
1061 1540 1212 1567 insederint
1227 1549 1234 1567 :
1248 1547 1364 1575 quaeque
1384 1545 1448 1568 ante
1463 1542 1557 1568 urbem
1578 1542 1676 1568 condi-

883 1591 937 1613 tam
952 1586 1095 1614 evenerint
1109 1591 1137 1613 et
1155 1591 1230 1620 gesta
1250 1587 1313 1614 sint.
1340 1586 1413 1619 Quos
1438 1587 1520 1614 etiam
1539 1588 1677 1622 principes

882 1631 1027 1660 habuerint
1043 1652 1050 1665 ,
1063 1632 1223 1667 perstringit
1250 1641 1256 1658 :
1271 1639 1332 1666 qua:
1345 1639 1406 1659 cum
1424 1632 1483 1659 aliis
1501 1632 1570 1659 bella
1585 1640 1678 1667 gesse-

881 1679 947 1712 rint,
961 1678 1027 1712 quid
1050 1678 1159 1705 condito
1183 1685 1266 1711 regno
1284 1677 1431 1710 acciderit;
1461 1681 1487 1705 et
1512 1681 1541 1704 ut
1569 1678 1676 1705 tandem

882 1724 955 1759 regia
966 1729 1087 1759 potestas
1101 1724 1127 1751 in
1141 1723 1289 1751 consulare
1302 1728 1405 1752 mutata
1418 1723 1499 1750 fuerit
1520 1723 1676 1758 imperium,

883 1775 965 1804 utque
988 1778 1004 1797 a
1019 1769 1102 1797 Gallis
1117 1770 1233 1798 Romani
1250 1769 1361 1802 devicti,
1387 1775 1466 1804 capta
1479 1770 1676 1804 propemodum

882 1824 945 1844 arce
964 1824 1026 1844 cum
1039 1817 1106 1844 urbe
1121 1838 1128 1849 ,
1148 1816 1198 1843 nisi
1226 1816 1335 1843 maturo
1358 1816 1554 1850 superveniens
1573 1816 1676 1844 auxilio

881 1861 1010 1888 Camillus
1030 1869 1090 1889 eam
1116 1861 1261 1889 liberasset
1277 1870 1284 1888 :
1299 1865 1328 1888 ut
1348 1861 1429 1888 etiam
1454 1860 1620 1893 Alexandro.
1646 1863 1674 1889 in

882 1907 974 1934 Asiam
991 1906 1146 1941 trajicienti,
1162 1911 1190 1934 et
1203 1914 1251 1942 per
1267 1907 1371 1934 litteras
1384 1907 1424 1934 eis
1441 1906 1623 1939 denuntianti,
1643 1912 1673 1935 ut

882 1958 928 1980 aut
944 1953 1096 1987 vincerent,
1122 1953 1144 1980 si
1170 1953 1291 1988 gerendo
1314 1953 1429 1988 imperio
1449 1958 1540 1981 essent
1568 1954 1673 1986 idonei,

882 2003 927 2026 aut
943 1998 1144 2034 potentioribus
1170 2000 1308 2031 cederent,
1327 2006 1438 2026 auream
1458 2007 1586 2027 coronam
1601 1999 1673 2034 (qua:

881 2045 989 2072 talentis
1003 2052 1055 2071 non
1068 2045 1162 2079 paucis
1175 2046 1324 2081 constaret)
1338 2049 1434 2073 contra
1447 2045 1580 2073 miserint.
1599 2045 1632 2072 Et
1646 2050 1676 2071 ut

881 2091 951 2119 bella
972 2092 1106 2127 gesserint
1130 2093 1261 2120 adversus
1275 2092 1460 2125 Tarentinos,
1485 2097 1514 2119 et
1538 2091 1673 2128 Pyrrhum

880 2137 1028 2172 Epiroten,
1056 2137 1106 2165 hos
1129 2137 1230 2166 auxilio
1255 2138 1421 2173 juvantem:
1442 2142 1470 2165 et
1489 2142 1529 2170 ut,
1551 2145 1605 2173 qua
1627 2145 1676 2172 pa-

880 2184 981 2216 tiendo,
1003 2191 1056 2218 qua
1079 2183 1221 2211 inferendo
1240 2185 1348 2217 clades,
1370 2184 1462 2212 hostes
1488 2184 1596 2211 tandem
1624 2184 1675 2211 do-

881 2230 1022 2262 muerint,
1050 2235 1077 2257 et
1104 2230 1239 2265 Pyrrhum
1267 2230 1344 2257 Italia
1372 2231 1533 2266 expulerint.
1556 2230 1676 2266 Quaeque

881 2284 942 2303 cum
958 2277 1220 2312 Carthaginensibus
1243 2281 1271 2304 et
1293 2277 1427 2304 Annibale
1451 2277 1558 2311 negotia
1580 2277 1674 2304 conle-

883 2321 969 2348 rerint
985 2330 992 2348 :
1008 2325 1036 2348 et
1052 2328 1111 2355 quas
1137 2326 1231 2348 contra
1263 2321 1415 2356 Hispanos,
1444 2329 1506 2348 cum
1531 2322 1588 2354 alii,
1618 2327 1673 2348 tum

68 2362 157 2398 Ἴϐηρας
171 2365 260 2397 ἄλλοις
281 2364 317 2392 τε
327 2367 373 2392 καὶ
387 2366 517 2392 Σκιπίωνι
534 2366 714 2403 κατωρθώθη,
734 2369 782 2394 καὶ
793 2368 831 2400 ὡς

885 2366 984 2401 Scipio,
1004 2366 1089 2393 Marte
1106 2367 1226 2394 secundo
1246 2367 1403 2402 peregerint
1422 2377 1429 2395 :
1447 2372 1530 2402 utque
1546 2368 1591 2394 hic
1610 2367 1674 2395 llis-

66 2410 125 2442 παρὶι
136 2410 185 2437 τῶν
207 2411 319 2446 Ἰϐήρων
336 2411 462 2446 βασιλεὺς
484 2411 631 2447 ψηφισθεὶς
644 2414 695 2440 οὐκ
709 2414 828 2447 ἐδέξατο,

67 2453 123 2486 ὖκως
138 2464 164 2482 τε
179 2458 418 2493 καταπολεμηθεὶς
437 2458 538 2493 ἔφυγεν
555 2458 690 2490 Ἀννίϐας.
717 2460 773 2487 Καὶ
792 2460 830 2492 ὡς

68 2500 136 2534 πέραν
148 2503 192 2529 τοῦ
212 2504 317 2530 Ἰωνίου
340 2504 470 2540 Ῥωμαῖοι
484 2504 612 2539 διέϐησαν
625 2512 632 2520 '
648 2505 696 2532 καὶ
710 2505 748 2537 ὡς
760 2506 831 2541 Περ-

70 2547 119 2578 σεὺς
129 2549 142 2574 ὁ
151 2549 282 2577 Φιλίππου
295 2550 344 2586 τὴν
358 2551 522 2578 Μακεδόνων
539 2551 627 2586 ἀρχὴν
642 2551 830 2587 ἐκδεξάμενος,

69 2593 159 2626 καὶτὰς
174 2597 310 2632 συνθήκας
322 2597 385 2633 [577
410 2597 457 2632 Η.]
472 2597 522 2629 τὰς
535 2598 604 2632 πρὸς
619 2598 665 2624 τὸν
680 2597 763 2624 αὐτοῦ
779 2607 832 2624 πα-

69 2636 120 2671 τέρα
144 2641 285 2678 Ῥωμαίοις
308 2644 494 2679 γεγενημένας
518 2644 625 2678 νεότητι
647 2643 740 2676 κινῶν,
767 2653 834 2671 κατ⁴

70 2684 211 2724 επολεμήθη,
238 2689 343 2716 Παύλου
368 2690 399 2716 τὺ
419 2690 479 2716 κατ’
505 2690 618 2717 ait-rev”
634 2691 835 2725 ἁναστήσαντος

883 2420 1015 2447 pauorum
1032 2410 1141 2440 decreto
1158 2421 1205 2440 rex
1220 2413 1383 2448 appellatus,
1401 2413 1532 2441 honorem
1553 2422 1606 2441 non
1623 2414 1674 2441 ad-

884 2458 990 2486 miserit
1016 2466 1024 2485 :
1051 2463 1081 2485 ut
1107 2458 1258 2486 debellatus
1280 2459 1399 2486 Annibal
1430 2460 1541 2494 fugerit.
1570 2459 1619 2487 llic
1644 2465 1675 2487 ut

883 2503 988 2530 Ionium
1005 2510 1080 2531 mare
1089 2506 1293 2536 transmissum,
1306 2509 1334 2532 et
1347 2512 1407 2531 cutn
1422 2505 1532 2537 Perseo,
1559 2505 1673 2540 Philippi

884 2550 911 2576 in
927 2556 1012 2584 regno
1035 2548 1215 2577 Macedonum
1243 2549 1368 2583 literede,
1398 2551 1461 2578 dum
1489 2551 1576 2578 lonlus
1612 2559 1672 2578 cutn

885 2601 964 2631 patre
977 2604 992 2622 a
1006 2595 1445 2630 Romanis'peroussum,juvenili
1461 2597 1613 2624 temeritate
1630 2605 1673 2623 rc-

886 2642 1003 2674 scindit,
1029 2642 1065 2670 sit
1092 2642 1274 2674 debellatum,
1305 2642 1419 2670 !Emilio
1442 2643 1525 2670 Paulo
1557 2643 1591 2670 de
1615 2643 1673 2678 ipso

889 2689 1082 2723 triumphante.
1098 2688 1133 2716 Ut
1155 2689 1332 2721 Antiochum,
1359 2689 1446 2724 Syria:
1466 2694 1494 2716 et
1514 2689 1675 2724 Comagenze

681 2757 799 2805 varum
828 2776 1028 2805 LECTIONES.

99 2840 241 2883 ":Agnoév
256 2855 300 2883 g.‘
316 2847 348 2883 7"
364 2847 530 2882 ἡττήθησαν,
559 2847 720 2882 ἡττηθέντες
732 2848 763 2876 Δ.
803 2847 965 2883 τδλΚάμηλος
988 2848 1019 2874 Α.

72 2873 135 2902 αὐτοῦ
157 2873 278 2916 Scaligel.
295 2873 380 2910 idem.
392 2873 452 2910 mox
462 2873 604 2918 'expung'it
614 2873 692 2918 ἑτρόςξ

1066 2849 1096 2884 Ἴτε
1126 2848 1213 2884 Πύρον
1228 2849 1260 2875 Λ.
1301 2849 1334 2884 ,⁷⁷
1349 2848 1398 2875 ὅσα
1421 2855 1451 2874 τε
1467 2856 1496 2880 ς.
1534 2848 1556 2864 ⁷⁸
1583 2847 1675 2883 αὑτὸν]
