  <div class='ocr_page' id='page_1' title='image "/cluster/home/n/w/nwhite01/storage/ocr_20150623/103/njp.32101010943882/575.png"; bbox 0 0 1920 3090; ppageno 0'>
   <div class='ocr_carea' id='block_1_1' title="bbox 223 142 274 174">
    <p class='ocr_par' dir='ltr' id='par_1_1' title="bbox 223 142 274 174">
     <span class='ocr_line' id='line_1_1' title="bbox 223 142 274 174; baseline -0.039 0"><span class='ocrx_word' id='word_1_1' title='bbox 223 142 274 174; x_wconf 66' lang='lat'><strong>903</strong></span> 
     </span>
    </p>
   </div>
   <div class='ocr_carea' id='block_1_2' title="bbox 811 144 1285 175">
    <p class='ocr_par' dir='ltr' id='par_1_2' title="bbox 811 144 1285 175">
     <span class='ocr_line' id='line_1_2' title="bbox 811 144 1285 175; baseline 0.004 -2"><span class='ocrx_word' id='word_1_2' title='bbox 811 144 925 174; x_wconf 84' lang='lat' dir='ltr'><strong>PHOTI</strong></span> <span class='ocrx_word' id='word_1_3' title='bbox 931 145 944 174; x_wconf 86' lang='grc' dir='ltr'><strong>Ι</strong></span> <span class='ocrx_word' id='word_1_4' title='bbox 964 144 1216 175; x_wconf 76' lang='lat' dir='ltr'><strong>PATRIARCH/E</strong></span> <span class='ocrx_word' id='word_1_5' title='bbox 1231 145 1285 175; x_wconf 73' lang='grc' dir='ltr'><strong>ΠΡ.</strong></span> 
     </span>
    </p>
   </div>
   <div class='ocr_carea' id='block_1_3' title="bbox 1793 140 1847 172">
    <p class='ocr_par' dir='ltr' id='par_1_3' title="bbox 1793 140 1847 172">
     <span class='ocr_line' id='line_1_3' title="bbox 1793 140 1847 172; baseline -0.019 0"><span class='ocrx_word' id='word_1_6' title='bbox 1793 140 1847 172; x_wconf 67' lang='lat' dir='ltr'><strong>90L</strong></span> 
     </span>
    </p>
   </div>
   <div class='ocr_carea' id='block_1_4' title="bbox 221 197 1013 236">
    <p class='ocr_par' dir='ltr' id='par_1_4' title="bbox 221 198 1003 234">
     <span class='ocr_line' id='line_1_4' title="bbox 221 198 1003 234; baseline 0.001 -7"><span class='ocrx_word' id='word_1_7' title='bbox 221 205 250 227; x_wconf 80' lang='lat' dir='ltr'><strong>et</strong></span> <span class='ocrx_word' id='word_1_8' title='bbox 277 199 377 228; x_wconf 64' lang='lat' dir='ltr'><strong>Iudaea:</strong></span> <span class='ocrx_word' id='word_1_9' title='bbox 402 206 509 234; x_wconf 73' lang='lat' dir='ltr'><strong>regem,</strong></span> <span class='ocrx_word' id='word_1_10' title='bbox 539 198 646 227; x_wconf 85' lang='lat' dir='ltr'><strong>duabus</strong></span> <span class='ocrx_word' id='word_1_11' title='bbox 668 200 765 234; x_wconf 78' lang='lat' dir='ltr'><strong>pugnis</strong></span> <span class='ocrx_word' id='word_1_12' title='bbox 791 200 948 234; x_wconf 80' lang='lat' dir='ltr'><strong>infractum,</strong></span> <span class='ocrx_word' id='word_1_13' title='bbox 971 209 1003 229; x_wconf 82' lang='lat' dir='ltr'><strong>ex</strong></span> 
     </span>
    </p>
   </div>
   <div class='ocr_carea' id='block_1_5' title="bbox 1065 197 1848 236">
    <p class='ocr_par' dir='ltr' id='par_1_5' title="bbox 1065 197 1848 236">
     <span class='ocr_line' id='line_1_5' title="bbox 1065 197 1848 236; baseline -0.008 -8"><span class='ocrx_word' id='word_1_14' title='bbox 1065 203 1208 236; x_wconf 79' lang='grc' dir='ltr'>τρόπαιον·</span> <span class='ocrx_word' id='word_1_15' title='bbox 1228 202 1302 232; x_wconf 83' lang='grc' dir='ltr'>ὅπως</span> <span class='ocrx_word' id='word_1_16' title='bbox 1323 209 1352 227; x_wconf 76' lang='grc' dir='ltr'><strong>τε</strong></span> <span class='ocrx_word' id='word_1_17' title='bbox 1373 201 1440 235; x_wconf 69' lang='grc' dir='ltr'>προς</span> <span class='ocrx_word' id='word_1_18' title='bbox 1460 200 1593 234; x_wconf 73' lang='grc' dir='ltr'>Ἀντίοχον</span> <span class='ocrx_word' id='word_1_19' title='bbox 1617 198 1662 225; x_wconf 71' lang='grc' dir='ltr'><strong>τὸν</strong></span> <span class='ocrx_word' id='word_1_20' title='bbox 1685 197 1786 232; x_wconf 79' lang='grc' dir='ltr'><strong>Συρίας</strong></span> <span class='ocrx_word' id='word_1_21' title='bbox 1798 197 1848 222; x_wconf 74' lang='grc' dir='ltr'>καὶ</span> 
     </span>
    </p>
   </div>
   <div class='ocr_carea' id='block_1_6' title="bbox 222 245 486 281">
    <p class='ocr_par' dir='ltr' id='par_1_6' title="bbox 222 245 486 281">
     <span class='ocr_line' id='line_1_6' title="bbox 222 245 486 281; baseline 0 -8"><span class='ocrx_word' id='word_1_22' title='bbox 222 245 330 281; x_wconf 84' lang='lat' dir='ltr'><strong>Europa</strong></span> <span class='ocrx_word' id='word_1_23' title='bbox 343 245 486 281; x_wconf 83' lang='lat' dir='ltr'><strong>ejecerint.</strong></span> 
     </span>
    </p>
   </div>
   <div class='ocr_carea' id='block_1_7' title="bbox 1064 243 1849 282">
    <p class='ocr_par' dir='ltr' id='par_1_7' title="bbox 1064 243 1849 282">
     <span class='ocr_line' id='line_1_7' title="bbox 1064 243 1849 282; baseline -0.006 -8"><span class='ocrx_word' id='word_1_24' title='bbox 1064 248 1232 282; x_wconf 85' lang='grc' dir='ltr'>Κομαγήνης</span> <span class='ocrx_word' id='word_1_25' title='bbox 1259 247 1306 274; x_wconf 79' lang='grc' dir='ltr'>καὶ</span> <span class='ocrx_word' id='word_1_26' title='bbox 1327 247 1456 278; x_wconf 74' lang='grc' dir='ltr'>Ἰουδαίας</span> <span class='ocrx_word' id='word_1_27' title='bbox 1480 248 1504 264; x_wconf 77' lang='grc' dir='ltr'><strong>τ’</strong></span> <span class='ocrx_word' id='word_1_28' title='bbox 1529 245 1643 281; x_wconf 81' lang='grc' dir='ltr'>βασιλέα</span> <span class='ocrx_word' id='word_1_29' title='bbox 1661 245 1723 271; x_wconf 70' lang='grc' dir='ltr'>δυσὶ</span> <span class='ocrx_word' id='word_1_30' title='bbox 1746 243 1849 278; x_wconf 80' lang='grc' dir='ltr'><strong>μάχαις</strong></span> 
     </span>
    </p>
   </div>
   <div class='ocr_carea' id='block_1_8' title="bbox 1062 291 1585 328">
    <p class='ocr_par' dir='ltr' id='par_1_8' title="bbox 1062 291 1585 328">
     <span class='ocr_line' id='line_1_8' title="bbox 1062 291 1585 328; baseline -0.002 -9"><span class='ocrx_word' id='word_1_31' title='bbox 1062 293 1221 328; x_wconf 79' lang='grc' dir='ltr'><strong>νικήσαντες</strong></span> <span class='ocrx_word' id='word_1_32' title='bbox 1235 294 1284 328; x_wconf 83' lang='grc' dir='ltr'>τῆς</span> <span class='ocrx_word' id='word_1_33' title='bbox 1296 292 1430 328; x_wconf 79' lang='grc' dir='ltr'><strong>Εὐρώπης</strong></span> <span class='ocrx_word' id='word_1_34' title='bbox 1446 291 1585 325; x_wconf 74' lang='grc' dir='ltr'>ὲξέὃαλον.</span> 
     </span>
    </p>
   </div>
   <div class='ocr_carea' id='block_1_9' title="bbox 405 355 1672 393">
    <p class='ocr_par' dir='ltr' id='par_1_9' title="bbox 405 355 1672 393">
     <span class='ocr_line' id='line_1_9' title="bbox 405 355 1672 393; baseline -0.002 -8"><span class='ocrx_word' id='word_1_35' title='bbox 405 357 471 385; x_wconf 76' lang='lat' dir='ltr'><strong>CAP.</strong></span> <span class='ocrx_word' id='word_1_36' title='bbox 484 355 601 384; x_wconf 77' lang='lat' dir='ltr'><strong>XXVIII.</strong></span> <span class='ocrx_word' id='word_1_37' title='bbox 615 357 868 384; x_wconf 74' lang='lat' dir='ltr'><strong>—Heracliensium</strong></span> <span class='ocrx_word' id='word_1_38' title='bbox 883 357 960 393; x_wconf 84' lang='lat' dir='ltr'><strong>legati</strong></span> <span class='ocrx_word' id='word_1_39' title='bbox 980 366 996 385; x_wconf 86' lang='grc' dir='ltr'><strong>ιι</strong></span> <span class='ocrx_word' id='word_1_40' title='bbox 1013 356 1139 386; x_wconf 76' lang='lat' dir='ltr'><strong>Romanis</strong></span> <span class='ocrx_word' id='word_1_41' title='bbox 1160 359 1186 385; x_wconf 83' lang='lat' dir='ltr'><strong>in</strong></span> <span class='ocrx_word' id='word_1_42' title='bbox 1200 359 1263 386; x_wconf 80' lang='lat' dir='ltr'><strong>Asia</strong></span> <span class='ocrx_word' id='word_1_43' title='bbox 1277 359 1386 386; x_wconf 70' lang='lat' dir='ltr'><strong>ducibus</strong></span> <span class='ocrx_word' id='word_1_44' title='bbox 1407 359 1556 385; x_wconf 84' lang='lat' dir='ltr'><strong>humaniter</strong></span> <span class='ocrx_word' id='word_1_45' title='bbox 1566 356 1672 391; x_wconf 79' lang='lat' dir='ltr'><strong>accepli.</strong></span> 
     </span>
    </p>
   </div>
   <div class='ocr_carea' id='block_1_10' title="bbox 261 419 1015 455">
    <p class='ocr_par' dir='ltr' id='par_1_10' title="bbox 261 419 1015 455">
     <span class='ocr_line' id='line_1_10' title="bbox 261 419 1015 455; baseline 0.001 -8"><span class='ocrx_word' id='word_1_46' title='bbox 261 420 308 448; x_wconf 87' lang='lat' dir='ltr'><strong>Illa</strong></span> <span class='ocrx_word' id='word_1_47' title='bbox 324 420 405 455; x_wconf 80' lang='lat' dir='ltr'><strong>igitur</strong></span> <span class='ocrx_word' id='word_1_48' title='bbox 419 419 568 454; x_wconf 88' lang='lat' dir='ltr'><strong>hucusque</strong></span> <span class='ocrx_word' id='word_1_49' title='bbox 584 419 619 448; x_wconf 87' lang='lat' dir='ltr'><strong>de</strong></span> <span class='ocrx_word' id='word_1_50' title='bbox 630 419 752 454; x_wconf 81' lang='lat' dir='ltr'><strong>iimperio</strong></span> <span class='ocrx_word' id='word_1_51' title='bbox 764 419 886 447; x_wconf 76' lang='lat' dir='ltr'><strong>Romano</strong></span> <span class='ocrx_word' id='word_1_52' title='bbox 910 427 1015 448; x_wconf 86' lang='lat' dir='ltr'><strong>comme</strong></span> 
     </span>
    </p>
   </div>
   <div class='ocr_carea' id='block_1_11' title="bbox 225 465 1012 500">
    <p class='ocr_par' dir='ltr' id='par_1_11' title="bbox 225 465 1012 500">
     <span class='ocr_line' id='line_1_11' title="bbox 225 465 1012 500; baseline -0.001 -6"><span class='ocrx_word' id='word_1_53' title='bbox 225 472 312 494; x_wconf 85' lang='lat' dir='ltr'><strong>morat</strong></span> <span class='ocrx_word' id='word_1_54' title='bbox 325 471 430 494; x_wconf 87' lang='lat' dir='ltr'><strong>auctor.</strong></span> <span class='ocrx_word' id='word_1_55' title='bbox 450 465 553 493; x_wconf 85' lang='lat' dir='ltr'><strong>Exinde</strong></span> <span class='ocrx_word' id='word_1_56' title='bbox 573 465 739 500; x_wconf 79' lang='lat' dir='ltr'><strong>propositam</strong></span> <span class='ocrx_word' id='word_1_57' title='bbox 751 465 801 492; x_wconf 88' lang='lat' dir='ltr'><strong>sibi</strong></span> <span class='ocrx_word' id='word_1_58' title='bbox 819 465 960 492; x_wconf 89' lang='lat' dir='ltr'><strong>historiam</strong></span> <span class='ocrx_word' id='word_1_59' title='bbox 975 466 1012 493; x_wconf 88' lang='lat' dir='ltr'><strong>ita</strong></span> 
     </span>
    </p>
   </div>
   <div class='ocr_carea' id='block_1_12' title="bbox 225 510 1016 543">
    <p class='ocr_par' dir='ltr' id='par_1_12' title="bbox 225 510 1016 543">
     <span class='ocr_line' id='line_1_12' title="bbox 225 510 1016 543; baseline -0.003 -3"><span class='ocrx_word' id='word_1_60' title='bbox 225 513 375 540; x_wconf 83' lang='lat' dir='ltr'><strong>continuat.</strong></span> <span class='ocrx_word' id='word_1_61' title='bbox 385 510 585 543; x_wconf 80' lang='lat' dir='ltr'><strong>Ileraclienses.</strong></span> <span class='ocrx_word' id='word_1_62' title='bbox 595 511 779 538; x_wconf 76' lang='lat' dir='ltr'><strong>Romanorum</strong></span> <span class='ocrx_word' id='word_1_63' title='bbox 795 511 877 538; x_wconf 89' lang='lat' dir='ltr'><strong>duces</strong></span> <span class='ocrx_word' id='word_1_64' title='bbox 889 511 915 538; x_wconf 87' lang='lat' dir='ltr'><strong>in</strong></span> <span class='ocrx_word' id='word_1_65' title='bbox 924 511 1016 538; x_wconf 80' lang='lat' dir='ltr'><strong>Asiam</strong></span> 
     </span>
    </p>
   </div>
   <div class='ocr_carea' id='block_1_13' title="bbox 227 556 1018 591">
    <p class='ocr_par' dir='ltr' id='par_1_13' title="bbox 227 556 1018 591">
     <span class='ocr_line' id='line_1_13' title="bbox 227 556 1018 591; baseline -0.003 -7"><span class='ocrx_word' id='word_1_66' title='bbox 227 564 421 591; x_wconf 83' lang='lat' dir='ltr'><strong>transgressos,</strong></span> <span class='ocrx_word' id='word_1_67' title='bbox 438 556 528 583; x_wconf 82' lang='lat' dir='ltr'><strong>missis</strong></span> <span class='ocrx_word' id='word_1_68' title='bbox 545 557 640 591; x_wconf 83' lang='lat' dir='ltr'><strong>legatis</strong></span> <span class='ocrx_word' id='word_1_69' title='bbox 651 556 828 588; x_wconf 86' lang='lat' dir='ltr'><strong>conveniunt,</strong></span> <span class='ocrx_word' id='word_1_70' title='bbox 845 556 889 591; x_wconf 87' lang='lat' dir='ltr'><strong>qui</strong></span> <span class='ocrx_word' id='word_1_71' title='bbox 904 557 1018 583; x_wconf 75' lang='lat' dir='ltr'><strong>comiter</strong></span> 
     </span>
    </p>
   </div>
   <div class='ocr_carea' id='block_1_14' title="bbox 225 603 1015 639">
    <p class='ocr_par' dir='ltr' id='par_1_14' title="bbox 225 603 1015 639">
     <span class='ocr_line' id='line_1_14' title="bbox 225 603 1015 639; baseline 0.001 -9"><span class='ocrx_word' id='word_1_72' title='bbox 225 605 340 639; x_wconf 76' lang='lat' dir='ltr'><strong>accepti,</strong></span> <span class='ocrx_word' id='word_1_73' title='bbox 354 603 458 630; x_wconf 85' lang='lat' dir='ltr'><strong>litteras</strong></span> <span class='ocrx_word' id='word_1_74' title='bbox 466 603 564 638; x_wconf 66' lang='lat'><strong>2291:</strong></span> <span class='ocrx_word' id='word_1_75' title='bbox 578 603 754 631; x_wconf 79' lang='lat' dir='ltr'><strong>humanitatis</strong></span> <span class='ocrx_word' id='word_1_76' title='bbox 764 603 896 638; x_wconf 86' lang='lat' dir='ltr'><strong>plenasab</strong></span> <span class='ocrx_word' id='word_1_77' title='bbox 905 603 1015 631; x_wconf 58' lang='lat' dir='ltr'><strong>[Emilio</strong></span> 
     </span>
    </p>
   </div>
   <div class='ocr_carea' id='block_1_15' title="bbox 227 647 1015 684">
    <p class='ocr_par' dir='ltr' id='par_1_15' title="bbox 227 647 1015 684">
     <span class='ocr_line' id='line_1_15' title="bbox 227 647 1015 684; baseline 0.001 -8"><span class='ocrx_word' id='word_1_78' title='bbox 227 649 309 677; x_wconf 85' lang='lat' dir='ltr'><strong>Paulo</strong></span> <span class='ocrx_word' id='word_1_79' title='bbox 325 649 382 684; x_wconf 88' lang='lat' dir='ltr'><strong>(al.</strong></span> <span class='ocrx_word' id='word_1_80' title='bbox 401 648 498 676; x_wconf 80' lang='lat' dir='ltr'><strong>Publio</strong></span> <span class='ocrx_word' id='word_1_81' title='bbox 514 647 637 683; x_wconf 66' lang='lat' dir='ltr'><strong>Eiuilio)</strong></span> <span class='ocrx_word' id='word_1_82' title='bbox 660 649 810 676; x_wconf 90' lang='lat' dir='ltr'><strong>retulerant</strong></span> <span class='ocrx_word' id='word_1_83' title='bbox 831 657 839 675; x_wconf 88' lang='lat'>:</span> <span class='ocrx_word' id='word_1_84' title='bbox 859 649 958 684; x_wconf 86' lang='lat' dir='ltr'><strong>quibus</strong></span> <span class='ocrx_word' id='word_1_85' title='bbox 988 653 1015 677; x_wconf 88' lang='lat' dir='ltr'><strong>et</strong></span> 
     </span>
    </p>
   </div>
   <div class='ocr_carea' id='block_1_16' title="bbox 227 694 1015 728">
    <p class='ocr_par' dir='ltr' id='par_1_16' title="bbox 227 694 1015 728">
     <span class='ocr_line' id='line_1_16' title="bbox 227 694 1015 728; baseline 0.003 -8"><span class='ocrx_word' id='word_1_86' title='bbox 227 695 343 721; x_wconf 79' lang='lat' dir='ltr'><strong>amicum</strong></span> <span class='ocrx_word' id='word_1_87' title='bbox 359 695 425 728; x_wconf 86' lang='lat' dir='ltr'><strong>ipsis</strong></span> <span class='ocrx_word' id='word_1_88' title='bbox 442 694 500 721; x_wconf 85' lang='lat' dir='ltr'><strong>fore</strong></span> <span class='ocrx_word' id='word_1_89' title='bbox 517 699 654 726; x_wconf 85' lang='lat' dir='ltr'><strong>senatum,</strong></span> <span class='ocrx_word' id='word_1_90' title='bbox 671 701 721 722; x_wconf 87' lang='lat' dir='ltr'><strong>nec</strong></span> <span class='ocrx_word' id='word_1_91' title='bbox 737 694 790 721; x_wconf 90' lang='lat' dir='ltr'><strong>ulla</strong></span> <span class='ocrx_word' id='word_1_92' title='bbox 810 694 836 721; x_wconf 90' lang='lat' dir='ltr'><strong>in</strong></span> <span class='ocrx_word' id='word_1_93' title='bbox 849 702 878 722; x_wconf 90' lang='lat' dir='ltr'><strong>re</strong></span> <span class='ocrx_word' id='word_1_94' title='bbox 898 695 1015 728; x_wconf 88' lang='lat' dir='ltr'><strong>pruden-</strong></span> 
     </span>
    </p>
   </div>
   <div class='ocr_carea' id='block_1_17' title="bbox 229 740 1014 775">
    <p class='ocr_par' dir='ltr' id='par_1_17' title="bbox 229 740 1014 775">
     <span class='ocr_line' id='line_1_17' title="bbox 229 740 1014 775; baseline 0.001 -8"><span class='ocrx_word' id='word_1_95' title='bbox 229 740 293 767; x_wconf 87' lang='lat' dir='ltr'><strong>tiam</strong></span> <span class='ocrx_word' id='word_1_96' title='bbox 317 740 499 766; x_wconf 82' lang='lat' dir='ltr'><strong>Romanorum</strong></span> <span class='ocrx_word' id='word_1_97' title='bbox 524 743 553 767; x_wconf 87' lang='lat' dir='ltr'><strong>et</strong></span> <span class='ocrx_word' id='word_1_98' title='bbox 576 747 670 767; x_wconf 85' lang='lat' dir='ltr'><strong>curam</strong></span> <span class='ocrx_word' id='word_1_99' title='bbox 686 740 727 774; x_wconf 87' lang='lat' dir='ltr'><strong>(si</strong></span> <span class='ocrx_word' id='word_1_100' title='bbox 750 741 858 775; x_wconf 81' lang='lat' dir='ltr'><strong>quando</strong></span> <span class='ocrx_word' id='word_1_101' title='bbox 886 740 928 768; x_wconf 90' lang='lat' dir='ltr'><strong>his</strong></span> <span class='ocrx_word' id='word_1_102' title='bbox 943 741 1014 768; x_wconf 87' lang='lat' dir='ltr'><strong>indi-</strong></span> 
     </span>
    </p>
   </div>
   <div class='ocr_carea' id='block_1_18' title="bbox 227 784 1012 821">
    <p class='ocr_par' dir='ltr' id='par_1_18' title="bbox 227 784 1012 821">
     <span class='ocr_line' id='line_1_18' title="bbox 227 784 1012 821; baseline 0.004 -10"><span class='ocrx_word' id='word_1_103' title='bbox 227 784 325 820; x_wconf 84' lang='lat' dir='ltr'><strong>geant)</strong></span> <span class='ocrx_word' id='word_1_104' title='bbox 347 785 501 812; x_wconf 79' lang='lat' dir='ltr'><strong>defuturam</strong></span> <span class='ocrx_word' id='word_1_105' title='bbox 529 785 684 819; x_wconf 87' lang='lat' dir='ltr'><strong>pollicetur.</strong></span> <span class='ocrx_word' id='word_1_106' title='bbox 706 786 837 821; x_wconf 78' lang='lat' dir='ltr'><strong>Deinceps</strong></span> <span class='ocrx_word' id='word_1_107' title='bbox 859 786 939 814; x_wconf 89' lang='lat' dir='ltr'><strong>etiam</strong></span> <span class='ocrx_word' id='word_1_108' title='bbox 979 788 1012 814; x_wconf 88' lang='lat' dir='ltr'><strong>ad</strong></span> 
     </span>
    </p>
   </div>
   <div class='ocr_carea' id='block_1_19' title="bbox 227 830 1014 866">
    <p class='ocr_par' dir='ltr' id='par_1_19' title="bbox 227 830 1014 866">
     <span class='ocr_line' id='line_1_19' title="bbox 227 830 1014 866; baseline 0 -8"><span class='ocrx_word' id='word_1_109' title='bbox 227 831 385 858; x_wconf 87' lang='lat' dir='ltr'><strong>Cornelium</strong></span> <span class='ocrx_word' id='word_1_110' title='bbox 414 830 580 864; x_wconf 87' lang='lat' dir='ltr'><strong>Scipionem,</strong></span> <span class='ocrx_word' id='word_1_111' title='bbox 602 832 648 866; x_wconf 88' lang='lat' dir='ltr'><strong>qui</strong></span> <span class='ocrx_word' id='word_1_112' title='bbox 666 831 784 860; x_wconf 86' lang='lat' dir='ltr'><strong>Africam</strong></span> <span class='ocrx_word' id='word_1_113' title='bbox 801 832 931 860; x_wconf 76' lang='lat' dir='ltr'><strong>Romanis</strong></span> <span class='ocrx_word' id='word_1_114' title='bbox 945 832 1014 860; x_wconf 83' lang='lat' dir='ltr'><strong>bello</strong></span> 
     </span>
    </p>
   </div>
   <div class='ocr_carea' id='block_1_20' title="bbox 227 877 1014 914">
    <p class='ocr_par' dir='ltr' id='par_1_20' title="bbox 227 877 1014 914">
     <span class='ocr_line' id='line_1_20' title="bbox 227 877 1014 914; baseline 0.004 -11"><span class='ocrx_word' id='word_1_115' title='bbox 227 877 356 908; x_wconf 83' lang='lat' dir='ltr'><strong>asseruit,</strong></span> <span class='ocrx_word' id='word_1_116' title='bbox 378 877 540 911; x_wconf 79' lang='lat' dir='ltr'><strong>legationem</strong></span> <span class='ocrx_word' id='word_1_117' title='bbox 563 877 674 910; x_wconf 87' lang='lat' dir='ltr'><strong>misere,</strong></span> <span class='ocrx_word' id='word_1_118' title='bbox 698 882 823 906; x_wconf 81' lang='lat' dir='ltr'><strong>testatam</strong></span> <span class='ocrx_word' id='word_1_119' title='bbox 843 879 919 914; x_wconf 90' lang='lat' dir='ltr'><strong>prius</strong></span> <span class='ocrx_word' id='word_1_120' title='bbox 943 880 1014 906; x_wconf 84' lang='lat' dir='ltr'><strong>ami-</strong></span> 
     </span>
    </p>
   </div>
   <div class='ocr_carea' id='block_1_21' title="bbox 228 923 1015 958">
    <p class='ocr_par' dir='ltr' id='par_1_21' title="bbox 228 923 1015 958">
     <span class='ocr_line' id='line_1_21' title="bbox 228 923 1015 958; baseline 0.003 -8"><span class='ocrx_word' id='word_1_121' title='bbox 228 923 317 950; x_wconf 88' lang='lat' dir='ltr'><strong>citiam</strong></span> <span class='ocrx_word' id='word_1_122' title='bbox 334 927 362 950; x_wconf 88' lang='lat' dir='ltr'><strong>ut</strong></span> <span class='ocrx_word' id='word_1_123' title='bbox 377 923 582 950; x_wconf 80' lang='lat' dir='ltr'><strong>conﬁrmarent.</strong></span> <span class='ocrx_word' id='word_1_124' title='bbox 595 924 628 951; x_wconf 90' lang='lat' dir='ltr'><strong>Et</strong></span> <span class='ocrx_word' id='word_1_125' title='bbox 640 929 700 958; x_wconf 89' lang='lat' dir='ltr'><strong>post</strong></span> <span class='ocrx_word' id='word_1_126' title='bbox 712 925 769 952; x_wconf 58' lang='lat' dir='ltr'><strong>haec</strong></span> <span class='ocrx_word' id='word_1_127' title='bbox 781 925 905 953; x_wconf 90' lang='lat' dir='ltr'><strong>eumdem</strong></span> <span class='ocrx_word' id='word_1_128' title='bbox 920 932 1015 952; x_wconf 86' lang='lat' dir='ltr'><strong>rursus</strong></span> 
     </span>
    </p>
   </div>
   <div class='ocr_carea' id='block_1_22' title="bbox 227 969 1015 1006">
    <p class='ocr_par' dir='ltr' id='par_1_22' title="bbox 227 969 1015 1006">
     <span class='ocr_line' id='line_1_22' title="bbox 227 969 1015 1006; baseline 0.004 -11"><span class='ocrx_word' id='word_1_129' title='bbox 227 977 277 1003; x_wconf 90' lang='lat' dir='ltr'><strong>per</strong></span> <span class='ocrx_word' id='word_1_130' title='bbox 288 969 391 1003; x_wconf 77' lang='lat' dir='ltr'><strong>legatos</strong></span> <span class='ocrx_word' id='word_1_131' title='bbox 407 973 496 1002; x_wconf 88' lang='lat' dir='ltr'><strong>orant,</strong></span> <span class='ocrx_word' id='word_1_132' title='bbox 515 974 546 996; x_wconf 92' lang='lat' dir='ltr'><strong>ut</strong></span> <span class='ocrx_word' id='word_1_133' title='bbox 561 970 725 998; x_wconf 84' lang='lat' dir='ltr'><strong>Antiochum</strong></span> <span class='ocrx_word' id='word_1_134' title='bbox 740 970 766 998; x_wconf 89' lang='lat' dir='ltr'><strong>in</strong></span> <span class='ocrx_word' id='word_1_135' title='bbox 779 971 892 1006; x_wconf 80' lang='lat' dir='ltr'><strong>gratiam</strong></span> <span class='ocrx_word' id='word_1_136' title='bbox 902 977 1015 1006; x_wconf 87' lang='lat' dir='ltr'><strong>reponat</strong></span> 
     </span>
    </p>
   </div>
   <div class='ocr_carea' id='block_1_23' title="bbox 227 1015 1013 1053">
    <p class='ocr_par' dir='ltr' id='par_1_23' title="bbox 227 1015 1013 1053">
     <span class='ocr_line' id='line_1_23' title="bbox 227 1015 1013 1053; baseline 0.004 -11"><span class='ocrx_word' id='word_1_137' title='bbox 227 1016 299 1049; x_wconf 83' lang='lat' dir='ltr'><strong>apud</strong></span> <span class='ocrx_word' id='word_1_138' title='bbox 313 1015 449 1043; x_wconf 86' lang='lat' dir='ltr'><strong>Romanos</strong></span> <span class='ocrx_word' id='word_1_139' title='bbox 465 1024 471 1042; x_wconf 89' lang='lat'>:</span> <span class='ocrx_word' id='word_1_140' title='bbox 488 1021 515 1044; x_wconf 85' lang='lat' dir='ltr'><strong>et</strong></span> <span class='ocrx_word' id='word_1_141' title='bbox 528 1018 681 1052; x_wconf 85' lang='lat' dir='ltr'><strong>perscripto</strong></span> <span class='ocrx_word' id='word_1_142' title='bbox 699 1017 732 1045; x_wconf 89' lang='lat' dir='ltr'><strong>ad</strong></span> <span class='ocrx_word' id='word_1_143' title='bbox 751 1025 840 1053; x_wconf 79' lang='lat' dir='ltr'><strong>regem</strong></span> <span class='ocrx_word' id='word_1_144' title='bbox 861 1018 1013 1052; x_wconf 82' lang='lat' dir='ltr'><strong>plebiscito,</strong></span> 
     </span>
    </p>
   </div>
   <div class='ocr_carea' id='block_1_24' title="bbox 227 1061 1014 1098">
    <p class='ocr_par' dir='ltr' id='par_1_24' title="bbox 227 1061 1014 1098">
     <span class='ocr_line' id='line_1_24' title="bbox 227 1061 1014 1098; baseline 0.003 -10"><span class='ocrx_word' id='word_1_145' title='bbox 227 1066 258 1088; x_wconf 91' lang='lat' dir='ltr'><strong>ut</strong></span> <span class='ocrx_word' id='word_1_146' title='bbox 275 1061 372 1089; x_wconf 87' lang='lat' dir='ltr'><strong>bellum</strong></span> <span class='ocrx_word' id='word_1_147' title='bbox 399 1066 492 1089; x_wconf 85' lang='lat' dir='ltr'><strong>contra</strong></span> <span class='ocrx_word' id='word_1_148' title='bbox 515 1061 653 1090; x_wconf 82' lang='lat' dir='ltr'><strong>Romanos</strong></span> <span class='ocrx_word' id='word_1_149' title='bbox 676 1063 803 1098; x_wconf 85' lang='lat' dir='ltr'><strong>deponat,</strong></span> <span class='ocrx_word' id='word_1_150' title='bbox 826 1064 1014 1091; x_wconf 85' lang='lat' dir='ltr'><strong>adhortantur.</strong></span> 
     </span>
    </p>
   </div>
   <div class='ocr_carea' id='block_1_25' title="bbox 226 1107 1014 1142">
    <p class='ocr_par' dir='ltr' id='par_1_25' title="bbox 226 1107 1014 1142">
     <span class='ocr_line' id='line_1_25' title="bbox 226 1107 1014 1142; baseline 0.004 -8"><span class='ocrx_word' id='word_1_151' title='bbox 226 1107 368 1134; x_wconf 84' lang='lat' dir='ltr'><strong>Cornelius</strong></span> <span class='ocrx_word' id='word_1_152' title='bbox 388 1107 470 1135; x_wconf 86' lang='lat' dir='ltr'><strong>etiam</strong></span> <span class='ocrx_word' id='word_1_153' title='bbox 498 1107 592 1142; x_wconf 85' lang='lat' dir='ltr'><strong>Scipio</strong></span> <span class='ocrx_word' id='word_1_154' title='bbox 607 1127 615 1140; x_wconf 64' lang='grc' dir='ltr'><strong>ς</strong></span> <span class='ocrx_word' id='word_1_155' title='bbox 646 1107 815 1137; x_wconf 82' lang='lat' dir='ltr'><strong>lleracleotis</strong></span> <span class='ocrx_word' id='word_1_156' title='bbox 836 1109 990 1138; x_wconf 81' lang='lat' dir='ltr'><strong>reseribeus</strong></span> <span class='ocrx_word' id='word_1_157' title='bbox 1006 1130 1014 1142; x_wconf 91' lang='lat'><strong>,</strong></span> 
     </span>
    </p>
   </div>
   <div class='ocr_carea' id='block_1_26' title="bbox 227 1153 1013 1190">
    <p class='ocr_par' dir='ltr' id='par_1_26' title="bbox 227 1153 1013 1190">
     <span class='ocr_line' id='line_1_26' title="bbox 227 1153 1013 1190; baseline 0.005 -11"><span class='ocrx_word' id='word_1_158' title='bbox 227 1153 280 1180; x_wconf 88' lang='lat' dir='ltr'><strong>hac</strong></span> <span class='ocrx_word' id='word_1_159' title='bbox 299 1153 476 1188; x_wconf 80' lang='lat' dir='ltr'><strong>inscriptione</strong></span> <span class='ocrx_word' id='word_1_160' title='bbox 505 1153 591 1180; x_wconf 86' lang='lat' dir='ltr'><strong>utitur</strong></span> <span class='ocrx_word' id='word_1_161' title='bbox 605 1163 612 1180; x_wconf 93' lang='lat'><strong>:</strong></span> <span class='ocrx_word' id='word_1_162' title='bbox 633 1153 723 1188; x_wconf 82' lang='lat' dir='ltr'><strong>Scipio</strong></span> <span class='ocrx_word' id='word_1_163' title='bbox 739 1155 894 1190; x_wconf 80' lang='lat' dir='ltr'><strong>imperator,</strong></span> <span class='ocrx_word' id='word_1_164' title='bbox 910 1164 1013 1189; x_wconf 70' lang='lat' dir='ltr'><strong>praeor.</strong></span> 
     </span>
    </p>
   </div>
   <div class='ocr_carea' id='block_1_27' title="bbox 230 1197 1016 1235">
    <p class='ocr_par' dir='ltr' id='par_1_27' title="bbox 230 1197 1016 1235">
     <span class='ocr_line' id='line_1_27' title="bbox 230 1197 1016 1235; baseline 0.003 -10"><span class='ocrx_word' id='word_1_165' title='bbox 230 1197 420 1232; x_wconf 79' lang='lat' dir='ltr'><strong>Romanorum,</strong></span> <span class='ocrx_word' id='word_1_166' title='bbox 435 1199 539 1226; x_wconf 69' lang='lat' dir='ltr'><strong>senatui</strong></span> <span class='ocrx_word' id='word_1_167' title='bbox 552 1198 699 1235; x_wconf 77' lang='lat' dir='ltr'><strong>populoque</strong></span> <span class='ocrx_word' id='word_1_168' title='bbox 714 1199 922 1227; x_wconf 76' lang='lat' dir='ltr'><strong>Heracliensium</strong></span> <span class='ocrx_word' id='word_1_169' title='bbox 946 1201 1016 1228; x_wconf 70' lang='lat' dir='ltr'><strong>salu-</strong></span> 
     </span>
    </p>
   </div>
   <div class='ocr_carea' id='block_1_28' title="bbox 229 1245 1013 1281">
    <p class='ocr_par' dir='ltr' id='par_1_28' title="bbox 229 1245 1013 1281">
     <span class='ocr_line' id='line_1_28' title="bbox 229 1245 1013 1281; baseline 0.004 -10"><span class='ocrx_word' id='word_1_170' title='bbox 229 1250 290 1271; x_wconf 89' lang='lat' dir='ltr'><strong>tem.</strong></span> <span class='ocrx_word' id='word_1_171' title='bbox 304 1245 335 1272; x_wconf 88' lang='lat' dir='ltr'><strong>Et</strong></span> <span class='ocrx_word' id='word_1_172' title='bbox 356 1245 398 1272; x_wconf 85' lang='lat' dir='ltr'><strong>his</strong></span> <span class='ocrx_word' id='word_1_173' title='bbox 414 1245 513 1272; x_wconf 85' lang='lat' dir='ltr'><strong>litteris</strong></span> <span class='ocrx_word' id='word_1_174' title='bbox 530 1245 747 1273; x_wconf 88' lang='lat' dir='ltr'><strong>benevolentiam</strong></span> <span class='ocrx_word' id='word_1_175' title='bbox 761 1254 824 1281; x_wconf 76' lang='lat' dir='ltr'><strong>erga</strong></span> <span class='ocrx_word' id='word_1_176' title='bbox 844 1247 915 1281; x_wconf 88' lang='lat' dir='ltr'><strong>ipsos</strong></span> <span class='ocrx_word' id='word_1_177' title='bbox 926 1252 1013 1274; x_wconf 86' lang='lat' dir='ltr'><strong>ratam</strong></span> 
     </span>
    </p>
   </div>
   <div class='ocr_carea' id='block_1_29' title="bbox 226 1290 1013 1326">
    <p class='ocr_par' dir='ltr' id='par_1_29' title="bbox 226 1290 1013 1326">
     <span class='ocr_line' id='line_1_29' title="bbox 226 1290 1013 1326; baseline 0.004 -10"><span class='ocrx_word' id='word_1_178' title='bbox 226 1296 253 1317; x_wconf 89' lang='lat' dir='ltr'><strong>et</strong></span> <span class='ocrx_word' id='word_1_179' title='bbox 267 1291 370 1317; x_wconf 87' lang='lat' dir='ltr'><strong>tirmam</strong></span> <span class='ocrx_word' id='word_1_180' title='bbox 386 1298 462 1322; x_wconf 85' lang='lat' dir='ltr'><strong>esse,</strong></span> <span class='ocrx_word' id='word_1_181' title='bbox 486 1295 514 1317; x_wconf 87' lang='lat' dir='ltr'><strong>et</strong></span> <span class='ocrx_word' id='word_1_182' title='bbox 529 1290 628 1318; x_wconf 91' lang='lat' dir='ltr'><strong>bellum</strong></span> <span class='ocrx_word' id='word_1_183' title='bbox 644 1298 706 1319; x_wconf 91' lang='lat' dir='ltr'><strong>cum</strong></span> <span class='ocrx_word' id='word_1_184' title='bbox 726 1292 861 1320; x_wconf 78' lang='lat' dir='ltr'><strong>Antiocho</strong></span> <span class='ocrx_word' id='word_1_185' title='bbox 888 1292 1013 1326; x_wconf 81' lang='lat' dir='ltr'><strong>solvisse,</strong></span> 
     </span>
    </p>
   </div>
   <div class='ocr_carea' id='block_1_30' title="bbox 227 1335 1013 1372">
    <p class='ocr_par' dir='ltr' id='par_1_30' title="bbox 227 1335 1013 1372">
     <span class='ocr_line' id='line_1_30' title="bbox 227 1335 1013 1372; baseline 0.004 -10"><span class='ocrx_word' id='word_1_186' title='bbox 227 1336 362 1364; x_wconf 79' lang='lat' dir='ltr'><strong>llomanos</strong></span> <span class='ocrx_word' id='word_1_187' title='bbox 404 1335 533 1364; x_wconf 81' lang='lat' dir='ltr'><strong>allirmat.</strong></span> <span class='ocrx_word' id='word_1_188' title='bbox 574 1336 675 1364; x_wconf 87' lang='lat' dir='ltr'><strong>Eadem</strong></span> <span class='ocrx_word' id='word_1_189' title='bbox 703 1345 763 1372; x_wconf 73' lang='lat' dir='ltr'><strong>qum</strong></span> <span class='ocrx_word' id='word_1_190' title='bbox 788 1337 899 1370; x_wconf 88' lang='lat' dir='ltr'><strong>Lucius,</strong></span> <span class='ocrx_word' id='word_1_191' title='bbox 932 1338 1013 1366; x_wconf 89' lang='lat' dir='ltr'><strong>etiam</strong></span> 
     </span>
    </p>
   </div>
   <div class='ocr_carea' id='block_1_31' title="bbox 226 1381 1014 1418">
    <p class='ocr_par' dir='ltr' id='par_1_31' title="bbox 226 1381 1014 1418">
     <span class='ocr_line' id='line_1_31' title="bbox 226 1381 1014 1418; baseline 0.003 -9"><span class='ocrx_word' id='word_1_192' title='bbox 226 1381 257 1409; x_wconf 84' lang='lat' dir='ltr'><strong>P.</strong></span> <span class='ocrx_word' id='word_1_193' title='bbox 273 1381 417 1409; x_wconf 86' lang='lat' dir='ltr'><strong>Cornelius</strong></span> <span class='ocrx_word' id='word_1_194' title='bbox 443 1381 534 1416; x_wconf 87' lang='lat' dir='ltr'><strong>Scipio</strong></span> <span class='ocrx_word' id='word_1_195' title='bbox 556 1381 616 1417; x_wconf 88' lang='lat' dir='ltr'><strong>ejus</strong></span> <span class='ocrx_word' id='word_1_196' title='bbox 639 1382 735 1416; x_wconf 83' lang='lat' dir='ltr'><strong>frater,</strong></span> <span class='ocrx_word' id='word_1_197' title='bbox 757 1386 784 1410; x_wconf 84' lang='lat' dir='ltr'><strong>et</strong></span> <span class='ocrx_word' id='word_1_198' title='bbox 801 1383 896 1410; x_wconf 79' lang='lat' dir='ltr'><strong>classis</strong></span> <span class='ocrx_word' id='word_1_199' title='bbox 910 1383 1014 1418; x_wconf 57' lang='lat' dir='ltr'><strong>praefe-</strong></span> 
     </span>
    </p>
   </div>
   <div class='ocr_carea' id='block_1_32' title="bbox 225 1427 1014 1463">
    <p class='ocr_par' dir='ltr' id='par_1_32' title="bbox 225 1427 1014 1463">
     <span class='ocr_line' id='line_1_32' title="bbox 225 1427 1014 1463; baseline 0.003 -8"><span class='ocrx_word' id='word_1_200' title='bbox 225 1433 298 1459; x_wconf 84' lang='lat' dir='ltr'><strong>ctus.</strong></span> <span class='ocrx_word' id='word_1_201' title='bbox 314 1427 544 1459; x_wconf 85' lang='lat' dir='ltr'><strong>Ileraclieusibus,</strong></span> <span class='ocrx_word' id='word_1_202' title='bbox 566 1432 629 1462; x_wconf 89' lang='lat' dir='ltr'><strong>post</strong></span> <span class='ocrx_word' id='word_1_203' title='bbox 652 1427 761 1455; x_wconf 86' lang='lat' dir='ltr'><strong>missam</strong></span> <span class='ocrx_word' id='word_1_204' title='bbox 785 1427 946 1463; x_wconf 76' lang='lat' dir='ltr'><strong>legationem</strong></span> <span class='ocrx_word' id='word_1_205' title='bbox 971 1437 1014 1457; x_wconf 89' lang='lat' dir='ltr'><strong>re-</strong></span> 
     </span>
    </p>
   </div>
   <div class='ocr_carea' id='block_1_33' title="bbox 226 1473 1013 1507">
    <p class='ocr_par' dir='ltr' id='par_1_33' title="bbox 226 1473 1013 1507">
     <span class='ocr_line' id='line_1_33' title="bbox 226 1473 1013 1507; baseline 0 -6"><span class='ocrx_word' id='word_1_206' title='bbox 226 1473 346 1507; x_wconf 85' lang='lat' dir='ltr'><strong>spondit.</strong></span> <span class='ocrx_word' id='word_1_207' title='bbox 359 1473 438 1500; x_wconf 89' lang='lat' dir='ltr'><strong>Brevi</strong></span> <span class='ocrx_word' id='word_1_208' title='bbox 452 1477 513 1507; x_wconf 83' lang='lat' dir='ltr'><strong>post</strong></span> <span class='ocrx_word' id='word_1_209' title='bbox 528 1473 679 1500; x_wconf 81' lang='lat' dir='ltr'><strong>Antiochus</strong></span> <span class='ocrx_word' id='word_1_210' title='bbox 696 1473 794 1500; x_wconf 91' lang='lat' dir='ltr'><strong>bellum</strong></span> <span class='ocrx_word' id='word_1_211' title='bbox 815 1473 946 1501; x_wconf 83' lang='lat' dir='ltr'><strong>adversus</strong></span> <span class='ocrx_word' id='word_1_212' title='bbox 959 1473 1013 1501; x_wconf 84' lang='lat' dir='ltr'><strong>Ro-</strong></span> 
     </span>
    </p>
   </div>
   <div class='ocr_carea' id='block_1_34' title="bbox 1029 851 1053 883">
    <p class='ocr_par' dir='ltr' id='par_1_34' title="bbox 1029 851 1053 883">
     <span class='ocr_line' id='line_1_34' title="bbox 1029 851 1053 883; baseline 0 0"><span class='ocrx_word' id='word_1_213' title='bbox 1029 851 1053 883; x_wconf 84' lang='lat' dir='ltr'><strong>B</strong></span> 
     </span>
    </p>
   </div>
   <div class='ocr_carea' id='block_1_35' title="bbox 1100 415 1852 454">
    <p class='ocr_par' dir='ltr' id='par_1_35' title="bbox 1100 415 1852 454">
     <span class='ocr_line' id='line_1_35' title="bbox 1100 415 1852 454; baseline 0 -8"><span class='ocrx_word' id='word_1_214' title='bbox 1100 419 1140 446; x_wconf 78' lang='grc' dir='ltr'>Τά</span> <span class='ocrx_word' id='word_1_215' title='bbox 1150 421 1172 436; x_wconf 78' lang='grc' dir='ltr'><strong>’⁸ο</strong></span> <span class='ocrx_word' id='word_1_216' title='bbox 1194 419 1244 454; x_wconf 79' lang='grc' dir='ltr'>μὲν</span> <span class='ocrx_word' id='word_1_217' title='bbox 1265 417 1311 446; x_wconf 74' lang='grc' dir='ltr'>οὖν</span> <span class='ocrx_word' id='word_1_218' title='bbox 1328 420 1394 453; x_wconf 72' lang='grc' dir='ltr'>περὶ</span> <span class='ocrx_word' id='word_1_219' title='bbox 1416 419 1466 454; x_wconf 80' lang='grc' dir='ltr'>τῆς</span> <span class='ocrx_word' id='word_1_220' title='bbox 1489 417 1646 453; x_wconf 80' lang='grc' dir='ltr'>Ῥωμαῖκῆς</span> <span class='ocrx_word' id='word_1_221' title='bbox 1664 415 1752 450; x_wconf 80' lang='grc' dir='ltr'>ἀρχῆς</span> <span class='ocrx_word' id='word_1_222' title='bbox 1769 415 1852 449; x_wconf 72' lang='grc' dir='ltr'>μέχρι</span> 
     </span>
    </p>
   </div>
   <div class='ocr_carea' id='block_1_36' title="bbox 1064 461 1852 500">
    <p class='ocr_par' dir='ltr' id='par_1_36' title="bbox 1064 461 1852 500">
     <span class='ocr_line' id='line_1_36' title="bbox 1064 461 1852 500; baseline -0.009 -7"><span class='ocrx_word' id='word_1_223' title='bbox 1064 466 1141 493; x_wconf 82' lang='grc' dir='ltr'>τοῦδε</span> <span class='ocrx_word' id='word_1_224' title='bbox 1159 466 1255 493; x_wconf 81' lang='grc' dir='ltr'><strong>δίεισιν</strong></span> <span class='ocrx_word' id='word_1_225' title='bbox 1282 467 1296 493; x_wconf 84' lang='grc' dir='ltr'><strong><em>ὁ</em></strong></span> <span class='ocrx_word' id='word_1_226' title='bbox 1316 465 1490 500; x_wconf 73' lang='grc' dir='ltr'>συγγραφεύς</span> <span class='ocrx_word' id='word_1_227' title='bbox 1506 473 1514 480; x_wconf 89' lang='grc'><strong>·</strong></span> <span class='ocrx_word' id='word_1_228' title='bbox 1533 462 1675 490; x_wconf 75' lang='grc' dir='ltr'>ἀναλαϐὼν</span> <span class='ocrx_word' id='word_1_229' title='bbox 1694 462 1722 487; x_wconf 80' lang='grc' dir='ltr'>δὲ</span> <span class='ocrx_word' id='word_1_230' title='bbox 1748 461 1852 495; x_wconf 71' lang='grc' dir='ltr'>γράφει</span> 
     </span>
    </p>
   </div>
   <div class='ocr_carea' id='block_1_37' title="bbox 1065 506 1853 548">
    <p class='ocr_par' dir='ltr' id='par_1_37' title="bbox 1065 506 1853 548">
     <span class='ocr_line' id='line_1_37' title="bbox 1065 506 1853 548; baseline -0.01 -9"><span class='ocrx_word' id='word_1_231' title='bbox 1065 513 1139 542; x_wconf 80' lang='grc' dir='ltr'>ὅπως</span> <span class='ocrx_word' id='word_1_232' title='bbox 1169 512 1367 548; x_wconf 75' lang='grc' dir='ltr'>Ἡρακλεῶται,</span> <span class='ocrx_word' id='word_1_233' title='bbox 1394 509 1673 546; x_wconf 81' lang='grc' dir='ltr'>διαπρεσῦευσάμενοι</span> <span class='ocrx_word' id='word_1_234' title='bbox 1695 506 1763 541; x_wconf 61' lang='grc' dir='ltr'>προς</span> <span class='ocrx_word' id='word_1_235' title='bbox 1787 507 1853 537; x_wconf 72' lang='grc' dir='ltr'>τοὺς</span> 
     </span>
    </p>
   </div>
   <div class='ocr_carea' id='block_1_38' title="bbox 1066 552 1853 593">
    <p class='ocr_par' dir='ltr' id='par_1_38' title="bbox 1066 552 1853 593">
     <span class='ocr_line' id='line_1_38' title="bbox 1066 552 1853 593; baseline -0.01 -8"><span class='ocrx_word' id='word_1_236' title='bbox 1066 558 1120 585; x_wconf 79' lang='grc' dir='ltr'>τῶν</span> <span class='ocrx_word' id='word_1_237' title='bbox 1141 557 1284 593; x_wconf 81' lang='grc' dir='ltr'>Ῥωμαίων</span> <span class='ocrx_word' id='word_1_238' title='bbox 1298 558 1468 593; x_wconf 80' lang='grc' dir='ltr'>στρατηγοὺς</span> <span class='ocrx_word' id='word_1_239' title='bbox 1483 556 1529 583; x_wconf 66' lang='grc' dir='ltr'><strong>ἐπὶ</strong></span> <span class='ocrx_word' id='word_1_240' title='bbox 1546 555 1595 591; x_wconf 81' lang='grc' dir='ltr'>τὴν</span> <span class='ocrx_word' id='word_1_241' title='bbox 1616 553 1708 580; x_wconf 75' lang='grc' dir='ltr'>’Λσίαν</span> <span class='ocrx_word' id='word_1_242' title='bbox 1721 552 1853 586; x_wconf 75' lang='grc' dir='ltr'>διαϐεϐη-</span> 
     </span>
    </p>
   </div>
   <div class='ocr_carea' id='block_1_39' title="bbox 1068 599 1853 638">
    <p class='ocr_par' dir='ltr' id='par_1_39' title="bbox 1068 599 1853 638">
     <span class='ocr_line' id='line_1_39' title="bbox 1068 599 1853 638; baseline -0.009 -8"><span class='ocrx_word' id='word_1_243' title='bbox 1068 603 1161 635; x_wconf 79' lang='grc' dir='ltr'>κότας.</span> <span class='ocrx_word' id='word_1_244' title='bbox 1185 604 1311 638; x_wconf 77' lang='grc' dir='ltr'>ἁσμένως</span> <span class='ocrx_word' id='word_1_245' title='bbox 1325 611 1355 629; x_wconf 85' lang='grc' dir='ltr'><strong>τε</strong></span> <span class='ocrx_word' id='word_1_246' title='bbox 1373 601 1561 636; x_wconf 81' lang='grc' dir='ltr'>ἀπεδέχθησαν</span> <span class='ocrx_word' id='word_1_247' title='bbox 1584 600 1631 627; x_wconf 76' lang='grc' dir='ltr'><strong>καὶ</strong></span> <span class='ocrx_word' id='word_1_248' title='bbox 1651 599 1796 633; x_wconf 74' lang='grc' dir='ltr'><strong>ἐπιστολῆς</strong></span> <span class='ocrx_word' id='word_1_249' title='bbox 1808 607 1853 633; x_wconf 82' lang='grc' dir='ltr'>φι-</span> 
     </span>
    </p>
   </div>
   <div class='ocr_carea' id='block_1_40' title="bbox 1067 645 1853 684">
    <p class='ocr_par' dir='ltr' id='par_1_40' title="bbox 1067 645 1853 684">
     <span class='ocr_line' id='line_1_40' title="bbox 1067 645 1853 684; baseline -0.008 -9"><span class='ocrx_word' id='word_1_250' title='bbox 1067 648 1279 684; x_wconf 76' lang='grc' dir='ltr'>λοφρονούμενοι</span> <span class='ocrx_word' id='word_1_251' title='bbox 1297 647 1392 682; x_wconf 80' lang='grc' dir='ltr'>ἔτυχον</span> <span class='ocrx_word' id='word_1_252' title='bbox 1410 647 1445 679; x_wconf 82' lang='grc'><strong>⁸¹,</strong></span> <span class='ocrx_word' id='word_1_253' title='bbox 1468 646 1586 673; x_wconf 81' lang='grc' dir='ltr'><strong>Ποπλίου</strong></span> <span class='ocrx_word' id='word_1_254' title='bbox 1605 645 1709 678; x_wconf 72' lang='grc' dir='ltr'>ταύτην</span> <span class='ocrx_word' id='word_1_255' title='bbox 1721 645 1853 671; x_wconf 81' lang='grc' dir='ltr'>ἀποστεί-</span> 
     </span>
    </p>
   </div>
   <div class='ocr_carea' id='block_1_41' title="bbox 1067 690 1853 732">
    <p class='ocr_par' dir='ltr' id='par_1_41' title="bbox 1067 690 1853 732">
     <span class='ocr_line' id='line_1_41' title="bbox 1067 690 1853 732; baseline -0.008 -11"><span class='ocrx_word' id='word_1_256' title='bbox 1067 695 1174 726; x_wconf 78' lang='grc' dir='ltr'>λαντος,</span> <span class='ocrx_word' id='word_1_257' title='bbox 1188 694 1218 720; x_wconf 80' lang='grc' dir='ltr'>ὲν</span> <span class='ocrx_word' id='word_1_258' title='bbox 1266 694 1358 729; x_wconf 78' lang='grc' dir='ltr'>φιλίαν</span> <span class='ocrx_word' id='word_1_259' title='bbox 1373 702 1404 719; x_wconf 87' lang='grc' dir='ltr'><strong>τε</strong></span> <span class='ocrx_word' id='word_1_260' title='bbox 1424 693 1493 728; x_wconf 69' lang='grc' dir='ltr'>πρὸς</span> <span class='ocrx_word' id='word_1_261' title='bbox 1513 691 1611 723; x_wconf 73' lang='grc' dir='ltr'>αὐτοὺς</span> <span class='ocrx_word' id='word_1_262' title='bbox 1629 691 1680 726; x_wconf 78' lang='grc' dir='ltr'>τῆς</span> <span class='ocrx_word' id='word_1_263' title='bbox 1699 690 1853 724; x_wconf 75' lang='grc' dir='ltr'><strong>συγκλήτου</strong></span> 
     </span>
    </p>
   </div>
   <div class='ocr_carea' id='block_1_42' title="bbox 1068 735 1855 775">
    <p class='ocr_par' dir='ltr' id='par_1_42' title="bbox 1068 735 1855 775">
     <span class='ocr_line' id='line_1_42' title="bbox 1068 735 1855 775; baseline -0.006 -9"><span class='ocrx_word' id='word_1_264' title='bbox 1068 740 1167 775; x_wconf 85' lang='grc' dir='ltr'>βουλῆς</span> <span class='ocrx_word' id='word_1_265' title='bbox 1190 740 1358 775; x_wconf 78' lang='grc' dir='ltr'><strong>ὑπισχνεῖτο,</strong></span> <span class='ocrx_word' id='word_1_266' title='bbox 1379 739 1426 766; x_wconf 79' lang='grc' dir='ltr'>καὶ</span> <span class='ocrx_word' id='word_1_267' title='bbox 1452 739 1486 765; x_wconf 78' lang='grc' dir='ltr'>τὰ</span> <span class='ocrx_word' id='word_1_268' title='bbox 1515 738 1582 765; x_wconf 77' lang='grc' dir='ltr'>ἄλλα</span> <span class='ocrx_word' id='word_1_269' title='bbox 1607 736 1733 773; x_wconf 78' lang='grc' dir='ltr'><strong>προνοίας</strong></span> <span class='ocrx_word' id='word_1_270' title='bbox 1749 744 1779 762; x_wconf 82' lang='grc' dir='ltr'><strong>τε</strong></span> <span class='ocrx_word' id='word_1_271' title='bbox 1805 735 1855 762; x_wconf 75' lang='grc' dir='ltr'><strong>καὶ</strong></span> 
     </span>
    </p>
   </div>
   <div class='ocr_carea' id='block_1_43' title="bbox 1068 781 1854 820">
    <p class='ocr_par' dir='ltr' id='par_1_43' title="bbox 1068 781 1854 820">
     <span class='ocr_line' id='line_1_43' title="bbox 1068 781 1854 820; baseline -0.009 -8"><span class='ocrx_word' id='word_1_272' title='bbox 1068 786 1237 820; x_wconf 79' lang='grc' dir='ltr'>ἐπιμελείας,</span> <span class='ocrx_word' id='word_1_273' title='bbox 1253 785 1362 812; x_wconf 75' lang='grc' dir='ltr'>ἐπειδάν</span> <span class='ocrx_word' id='word_1_274' title='bbox 1382 792 1455 816; x_wconf 87' lang='grc' dir='ltr'>τινος</span> <span class='ocrx_word' id='word_1_275' title='bbox 1478 783 1568 810; x_wconf 81' lang='grc' dir='ltr'>αὐτῶν</span> <span class='ocrx_word' id='word_1_276' title='bbox 1588 782 1700 812; x_wconf 77' lang='grc' dir='ltr'>δέοιντο.</span> <span class='ocrx_word' id='word_1_277' title='bbox 1717 781 1854 815; x_wconf 75' lang='grc' dir='ltr'>μηδεμιᾶς</span> 
     </span>
    </p>
   </div>
   <div class='ocr_carea' id='block_1_44' title="bbox 1070 827 1854 867">
    <p class='ocr_par' dir='ltr' id='par_1_44' title="bbox 1070 827 1854 867">
     <span class='ocr_line' id='line_1_44' title="bbox 1070 827 1854 867; baseline -0.009 -9"><span class='ocrx_word' id='word_1_278' title='bbox 1070 831 1251 867; x_wconf 75' lang='grc' dir='ltr'>ὑστερεῖσθαι.</span> <span class='ocrx_word' id='word_1_279' title='bbox 1269 831 1403 866; x_wconf 85' lang='grc' dir='ltr'>’Ύστερον</span> <span class='ocrx_word' id='word_1_280' title='bbox 1423 830 1452 856; x_wconf 81' lang='grc' dir='ltr'>δὲ</span> <span class='ocrx_word' id='word_1_281' title='bbox 1474 830 1522 856; x_wconf 72' lang='grc' dir='ltr'>καὶ</span> <span class='ocrx_word' id='word_1_282' title='bbox 1539 829 1606 863; x_wconf 75' lang='grc' dir='ltr'>πρὸς</span> <span class='ocrx_word' id='word_1_283' title='bbox 1622 827 1772 863; x_wconf 78' lang='grc' dir='ltr'>Κορνήλιον</span> <span class='ocrx_word' id='word_1_284' title='bbox 1787 827 1854 852; x_wconf 88' lang='grc' dir='ltr'>Σκι-</span> 
     </span>
    </p>
   </div>
   <div class='ocr_carea' id='block_1_45' title="bbox 1067 872 1855 911">
    <p class='ocr_par' dir='ltr' id='par_1_45' title="bbox 1067 872 1855 911">
     <span class='ocr_line' id='line_1_45' title="bbox 1067 872 1855 911; baseline -0.01 -6"><span class='ocrx_word' id='word_1_285' title='bbox 1067 878 1154 905; x_wconf 75' lang='grc' dir='ltr'>πίωνα</span> <span class='ocrx_word' id='word_1_286' title='bbox 1164 878 1210 904; x_wconf 80' lang='grc' dir='ltr'>τὸν</span> <span class='ocrx_word' id='word_1_287' title='bbox 1219 877 1268 911; x_wconf 83' lang='grc' dir='ltr'><strong>τὴν</strong></span> <span class='ocrx_word' id='word_1_288' title='bbox 1278 876 1382 911; x_wconf 82' lang='grc' dir='ltr'><strong>Λιὸύην</strong></span> <span class='ocrx_word' id='word_1_289' title='bbox 1394 875 1540 910; x_wconf 79' lang='grc' dir='ltr'>Ῥωμαίοις</span> <span class='ocrx_word' id='word_1_290' title='bbox 1556 873 1726 909; x_wconf 84' lang='grc' dir='ltr'><strong>στησάμενον</strong></span> <span class='ocrx_word' id='word_1_291' title='bbox 1735 872 1855 906; x_wconf 81' lang='grc' dir='ltr'>διαπέμ-</span> 
     </span>
    </p>
   </div>
   <div class='ocr_carea' id='block_1_46' title="bbox 1066 919 1856 958">
    <p class='ocr_par' dir='ltr' id='par_1_46' title="bbox 1066 919 1856 958">
     <span class='ocr_line' id='line_1_46' title="bbox 1066 919 1856 958; baseline -0.009 -8"><span class='ocrx_word' id='word_1_292' title='bbox 1066 932 1146 950; x_wconf 86' lang='grc' dir='ltr'>πουσι</span> <span class='ocrx_word' id='word_1_293' title='bbox 1167 921 1325 958; x_wconf 77' lang='grc' dir='ltr'>πρεσϐείαν,</span> <span class='ocrx_word' id='word_1_294' title='bbox 1343 922 1393 957; x_wconf 83' lang='grc' dir='ltr'>τὴν</span> <span class='ocrx_word' id='word_1_295' title='bbox 1420 920 1631 955; x_wconf 82' lang='grc' dir='ltr'>ὡμολογημένην</span> <span class='ocrx_word' id='word_1_296' title='bbox 1649 919 1739 953; x_wconf 86' lang='grc' dir='ltr'>φιλίαν</span> <span class='ocrx_word' id='word_1_297' title='bbox 1760 919 1856 944; x_wconf 59' lang='lat' dir='ltr'><strong>{mxu-</strong></span> 
     </span>
    </p>
   </div>
   <div class='ocr_carea' id='block_1_47' title="bbox 1067 965 1853 1005">
    <p class='ocr_par' dir='ltr' id='par_1_47' title="bbox 1067 965 1853 1005">
     <span class='ocr_line' id='line_1_47' title="bbox 1067 965 1853 1005; baseline -0.009 -9"><span class='ocrx_word' id='word_1_298' title='bbox 1067 969 1186 1005; x_wconf 79' lang='grc' dir='ltr'>ροῦντες.</span> <span class='ocrx_word' id='word_1_299' title='bbox 1199 968 1277 995; x_wconf 79' lang='grc' dir='ltr'>Μετὰ</span> <span class='ocrx_word' id='word_1_300' title='bbox 1287 967 1372 995; x_wconf 84' lang='grc' dir='ltr'>ταῦτα</span> <span class='ocrx_word' id='word_1_301' title='bbox 1383 967 1411 994; x_wconf 81' lang='grc' dir='ltr'>δὲ</span> <span class='ocrx_word' id='word_1_302' title='bbox 1422 967 1502 993; x_wconf 76' lang='grc' dir='ltr'>πάλιν</span> <span class='ocrx_word' id='word_1_303' title='bbox 1514 966 1581 1001; x_wconf 70' lang='grc' dir='ltr'>πρὸς</span> <span class='ocrx_word' id='word_1_304' title='bbox 1591 966 1636 991; x_wconf 82' lang='grc' dir='ltr'>τὸν</span> <span class='ocrx_word' id='word_1_305' title='bbox 1650 965 1730 991; x_wconf 69' lang='grc' dir='ltr'>αὐτὸν</span> <span class='ocrx_word' id='word_1_306' title='bbox 1738 965 1853 997; x_wconf 82' lang='grc' dir='ltr'>διαπρε-</span> 
     </span>
    </p>
   </div>
   <div class='ocr_carea' id='block_1_48' title="bbox 1065 1010 1855 1048">
    <p class='ocr_par' dir='ltr' id='par_1_48' title="bbox 1065 1010 1855 1048">
     <span class='ocr_line' id='line_1_48' title="bbox 1065 1010 1855 1048; baseline -0.008 -6"><span class='ocrx_word' id='word_1_307' title='bbox 1065 1015 1219 1047; x_wconf 76' lang='grc' dir='ltr'>σϐεύονται,</span> <span class='ocrx_word' id='word_1_308' title='bbox 1246 1014 1413 1041; x_wconf 81' lang='grc' dir='ltr'>διαλλάττειν</span> <span class='ocrx_word' id='word_1_309' title='bbox 1436 1013 1504 1048; x_wconf 75' lang='grc' dir='ltr'>πρὸς</span> <span class='ocrx_word' id='word_1_310' title='bbox 1531 1012 1684 1047; x_wconf 60' lang='grc' dir='ltr'>Ῥωμαίους</span> <span class='ocrx_word' id='word_1_311' title='bbox 1712 1010 1855 1044; x_wconf 75' lang='grc' dir='ltr'>ἀξιοῦντες</span> 
     </span>
    </p>
   </div>
   <div class='ocr_carea' id='block_1_49' title="bbox 1064 1057 1855 1096">
    <p class='ocr_par' dir='ltr' id='par_1_49' title="bbox 1064 1057 1855 1096">
     <span class='ocr_line' id='line_1_49' title="bbox 1064 1057 1855 1096; baseline -0.006 -9"><span class='ocrx_word' id='word_1_312' title='bbox 1064 1061 1111 1087; x_wconf 63' lang='grc' dir='ltr'><strong>τὸν</strong></span> <span class='ocrx_word' id='word_1_313' title='bbox 1140 1060 1253 1095; x_wconf 80' lang='grc' dir='ltr'>βασιλέα</span> <span class='ocrx_word' id='word_1_314' title='bbox 1275 1060 1427 1096; x_wconf 66' lang='grc' dir='ltr'>Ἀντίοχον·</span> <span class='ocrx_word' id='word_1_315' title='bbox 1453 1059 1502 1086; x_wconf 74' lang='grc' dir='ltr'>καὶ</span> <span class='ocrx_word' id='word_1_316' title='bbox 1525 1058 1653 1093; x_wconf 72' lang='grc' dir='ltr'>ψήφισμα</span> <span class='ocrx_word' id='word_1_317' title='bbox 1681 1057 1748 1091; x_wconf 79' lang='grc' dir='ltr'>πρὸς</span> <span class='ocrx_word' id='word_1_318' title='bbox 1770 1057 1855 1083; x_wconf 67' lang='grc' dir='ltr'>αὑτὸν</span> 
     </span>
    </p>
   </div>
   <div class='ocr_carea' id='block_1_50' title="bbox 1066 1102 1855 1143">
    <p class='ocr_par' dir='ltr' id='par_1_50' title="bbox 1066 1102 1855 1143">
     <span class='ocr_line' id='line_1_50' title="bbox 1066 1102 1855 1143; baseline -0.009 -9"><span class='ocrx_word' id='word_1_319' title='bbox 1066 1106 1186 1143; x_wconf 71' lang='grc' dir='ltr'>ἔγραψαν</span> <span class='ocrx_word' id='word_1_320' title='bbox 1197 1107 1232 1140; x_wconf 66' lang='grc' dir='ltr'><strong>θ’,</strong></span> <span class='ocrx_word' id='word_1_321' title='bbox 1247 1105 1442 1142; x_wconf 78' lang='grc' dir='ltr'>παραινοῦντες</span> <span class='ocrx_word' id='word_1_322' title='bbox 1458 1105 1538 1132; x_wconf 74' lang='grc' dir='ltr'>αὑτὸν</span> <span class='ocrx_word' id='word_1_323' title='bbox 1553 1105 1602 1139; x_wconf 83' lang='grc' dir='ltr'>τὴν</span> <span class='ocrx_word' id='word_1_324' title='bbox 1614 1104 1682 1141; x_wconf 67' lang='grc' dir='ltr'>πρρς</span> <span class='ocrx_word' id='word_1_325' title='bbox 1699 1102 1855 1137; x_wconf 82' lang='grc' dir='ltr'>Ῥωμαίους</span> 
     </span>
    </p>
   </div>
   <div class='ocr_carea' id='block_1_51' title="bbox 1064 1150 1854 1189">
    <p class='ocr_par' dir='ltr' id='par_1_51' title="bbox 1064 1150 1854 1189">
     <span class='ocr_line' id='line_1_51' title="bbox 1064 1150 1854 1189; baseline -0.009 -8"><span class='ocrx_word' id='word_1_326' title='bbox 1064 1153 1242 1181; x_wconf 77' lang='grc' dir='ltr'>διαλύσασθαι</span> <span class='ocrx_word' id='word_1_327' title='bbox 1259 1154 1282 1170; x_wconf 77' lang='grc'><strong>⁸³</strong></span> <span class='ocrx_word' id='word_1_328' title='bbox 1306 1153 1419 1189; x_wconf 76' lang='grc' dir='ltr'>ἔχθραν.</span> <span class='ocrx_word' id='word_1_329' title='bbox 1442 1153 1471 1179; x_wconf 83' lang='grc' dir='ltr'><strong>Ὀ</strong></span> <span class='ocrx_word' id='word_1_330' title='bbox 1502 1152 1529 1178; x_wconf 80' lang='grc' dir='ltr'>δὲ</span> <span class='ocrx_word' id='word_1_331' title='bbox 1561 1150 1708 1185; x_wconf 75' lang='grc' dir='ltr'>Κορνήλιος</span> <span class='ocrx_word' id='word_1_332' title='bbox 1730 1150 1854 1175; x_wconf 75' lang='grc' dir='ltr'><strong>Σκιπίων</strong></span> 
     </span>
    </p>
   </div>
   <div class='ocr_carea' id='block_1_52' title="bbox 1065 1194 1852 1234">
    <p class='ocr_par' dir='ltr' id='par_1_52' title="bbox 1065 1194 1852 1234">
     <span class='ocr_line' id='line_1_52' title="bbox 1065 1194 1852 1234; baseline -0.011 -6"><span class='ocrx_word' id='word_1_333' title='bbox 1065 1200 1279 1228; x_wconf 83' lang='grc' dir='ltr'>ἀντεπιστέλλων</span> <span class='ocrx_word' id='word_1_334' title='bbox 1302 1201 1359 1231; x_wconf 82' lang='grc' dir='ltr'>τοῖς</span> <span class='ocrx_word' id='word_1_335' title='bbox 1382 1197 1583 1234; x_wconf 80' lang='grc' dir='ltr'>Ἡρακλεώταις</span> <span class='ocrx_word' id='word_1_336' title='bbox 1603 1196 1750 1230; x_wconf 81' lang='grc' dir='ltr'>ἐπιγράφει</span> <span class='ocrx_word' id='word_1_337' title='bbox 1767 1194 1852 1220; x_wconf 69' lang='grc' dir='ltr'>οὕτωσ</span> 
     </span>
    </p>
   </div>
   <div class='ocr_carea' id='block_1_53' title="bbox 1065 1241 1852 1281">
    <p class='ocr_par' dir='ltr' id='par_1_53' title="bbox 1065 1241 1852 1281">
     <span class='ocr_line' id='line_1_53' title="bbox 1065 1241 1852 1281; baseline -0.011 -7"><span class='ocrx_word' id='word_1_338' title='bbox 1065 1248 1195 1274; x_wconf 79' lang='grc' dir='ltr'><strong>Σκιπίων</strong></span> <span class='ocrx_word' id='word_1_339' title='bbox 1244 1245 1434 1281; x_wconf 76' lang='grc' dir='ltr'>στρατηγὸς.</span> <span class='ocrx_word' id='word_1_340' title='bbox 1479 1243 1650 1275; x_wconf 79' lang='grc' dir='ltr'><strong>ἀνθύπατος</strong></span> <span class='ocrx_word' id='word_1_341' title='bbox 1688 1241 1852 1276; x_wconf 73' lang='grc' dir='ltr'>Ῥωμαίων,</span> 
     </span>
    </p>
   </div>
   <div class='ocr_carea' id='block_1_54' title="bbox 1070 1287 1854 1327">
    <p class='ocr_par' dir='ltr' id='par_1_54' title="bbox 1070 1287 1854 1327">
     <span class='ocr_line' id='line_1_54' title="bbox 1070 1287 1854 1327; baseline -0.011 -6"><span class='ocrx_word' id='word_1_342' title='bbox 1070 1291 1282 1327; x_wconf 73' lang='grc' dir='ltr'>Ἡρακλεωτῶν</span> <span class='ocrx_word' id='word_1_343' title='bbox 1292 1291 1330 1325; x_wconf 73' lang='grc' dir='ltr'>τῇ</span> <span class='ocrx_word' id='word_1_344' title='bbox 1339 1289 1440 1324; x_wconf 78' lang='grc' dir='ltr'>βουλῇ</span> <span class='ocrx_word' id='word_1_345' title='bbox 1459 1289 1508 1317; x_wconf 77' lang='grc' dir='ltr'><strong>καί</strong></span> <span class='ocrx_word' id='word_1_346' title='bbox 1523 1288 1562 1321; x_wconf 81' lang='grc' dir='ltr'>τῷ</span> <span class='ocrx_word' id='word_1_347' title='bbox 1577 1288 1659 1322; x_wconf 79' lang='grc' dir='ltr'>δήμῳ</span> <span class='ocrx_word' id='word_1_348' title='bbox 1678 1288 1802 1322; x_wconf 77' lang='grc' dir='ltr'>χαίρειν,</span> <span class='ocrx_word' id='word_1_349' title='bbox 1823 1287 1854 1312; x_wconf 82' lang='grc' dir='ltr'>ἐν</span> 
     </span>
    </p>
   </div>
   <div class='ocr_carea' id='block_1_55' title="bbox 1064 1334 1854 1376">
    <p class='ocr_par' dir='ltr' id='par_1_55' title="bbox 1064 1334 1854 1376">
     <span class='ocr_line' id='line_1_55' title="bbox 1064 1334 1854 1376; baseline -0.009 -10"><span class='ocrx_word' id='word_1_350' title='bbox 1064 1339 1151 1376; x_wconf 81' lang='grc' dir='ltr'>ταύτῃ</span> <span class='ocrx_word' id='word_1_351' title='bbox 1172 1339 1222 1374; x_wconf 85' lang='grc' dir='ltr'>τήν</span> <span class='ocrx_word' id='word_1_352' title='bbox 1234 1348 1264 1365; x_wconf 85' lang='grc' dir='ltr'><strong>τε</strong></span> <span class='ocrx_word' id='word_1_353' title='bbox 1279 1338 1348 1374; x_wconf 82' lang='grc' dir='ltr'>πρὸς</span> <span class='ocrx_word' id='word_1_354' title='bbox 1361 1338 1459 1370; x_wconf 83' lang='grc' dir='ltr'>αὐτοὺς</span> <span class='ocrx_word' id='word_1_355' title='bbox 1475 1337 1584 1364; x_wconf 76' lang='grc' dir='ltr'>εὔνοιαν</span> <span class='ocrx_word' id='word_1_356' title='bbox 1601 1334 1778 1365; x_wconf 73' lang='grc' dir='ltr'>ἑπιϐεϐαιῶν,</span> <span class='ocrx_word' id='word_1_357' title='bbox 1803 1334 1854 1360; x_wconf 67' lang='grc' dir='ltr'>καὶ</span> 
     </span>
    </p>
   </div>
   <div class='ocr_carea' id='block_1_56' title="bbox 1064 1380 1855 1420">
    <p class='ocr_par' dir='ltr' id='par_1_56' title="bbox 1064 1380 1855 1420">
     <span class='ocr_line' id='line_1_56' title="bbox 1064 1380 1855 1420; baseline -0.01 -7"><span class='ocrx_word' id='word_1_358' title='bbox 1064 1387 1103 1419; x_wconf 85' lang='grc' dir='ltr'>ὼς</span> <span class='ocrx_word' id='word_1_359' title='bbox 1131 1385 1302 1413; x_wconf 83' lang='grc' dir='ltr'>διαλύσαιντο</span> <span class='ocrx_word' id='word_1_360' title='bbox 1317 1385 1449 1420; x_wconf 83' lang='grc' dir='ltr'>Ῥωμαῖοι</span> <span class='ocrx_word' id='word_1_361' title='bbox 1466 1383 1518 1418; x_wconf 85' lang='grc' dir='ltr'>τὴν</span> <span class='ocrx_word' id='word_1_362' title='bbox 1541 1382 1611 1417; x_wconf 71' lang='grc' dir='ltr'>πρὸς</span> <span class='ocrx_word' id='word_1_363' title='bbox 1633 1381 1769 1415; x_wconf 79' lang='grc' dir='ltr'>Ἀντίοχον</span> <span class='ocrx_word' id='word_1_364' title='bbox 1797 1380 1855 1414; x_wconf 71' lang='grc' dir='ltr'><strong>μάν</strong></span> 
     </span>
    </p>
   </div>
   <div class='ocr_carea' id='block_1_57' title="bbox 1064 1425 1853 1468">
    <p class='ocr_par' dir='ltr' id='par_1_57' title="bbox 1064 1425 1853 1468">
     <span class='ocr_line' id='line_1_57' title="bbox 1064 1425 1853 1468; baseline -0.009 -10"><span class='ocrx_word' id='word_1_365' title='bbox 1064 1441 1126 1468; x_wconf 83' lang='grc' dir='ltr'><strong>χην.</strong></span> <span class='ocrx_word' id='word_1_366' title='bbox 1158 1432 1198 1458; x_wconf 89' lang='grc' dir='ltr'>Τὰ</span> <span class='ocrx_word' id='word_1_367' title='bbox 1221 1432 1291 1458; x_wconf 82' lang='grc' dir='ltr'>αὐτὰ</span> <span class='ocrx_word' id='word_1_368' title='bbox 1322 1430 1351 1457; x_wconf 71' lang='grc' dir='ltr'>δὲ</span> <span class='ocrx_word' id='word_1_369' title='bbox 1377 1429 1486 1464; x_wconf 86' lang='grc' dir='ltr'>Λευκίῳ</span> <span class='ocrx_word' id='word_1_370' title='bbox 1502 1429 1525 1445; x_wconf 76' lang='grc'><strong>⁸⁸</strong></span> <span class='ocrx_word' id='word_1_371' title='bbox 1555 1426 1671 1457; x_wconf 84' lang='grc' dir='ltr'>Πόπλιος</span> <span class='ocrx_word' id='word_1_372' title='bbox 1699 1425 1853 1461; x_wconf 80' lang='grc' dir='ltr'>Κορνήλιος</span> 
     </span>
    </p>
   </div>
   <div class='ocr_carea' id='block_1_58' title="bbox 1064 1472 1855 1511">
    <p class='ocr_par' dir='ltr' id='par_1_58' title="bbox 1064 1472 1855 1511">
     <span class='ocr_line' id='line_1_58' title="bbox 1064 1472 1855 1511; baseline -0.008 -7"><span class='ocrx_word' id='word_1_373' title='bbox 1064 1477 1184 1505; x_wconf 82' lang='grc' dir='ltr'>Σκιπίων</span> <span class='ocrx_word' id='word_1_374' title='bbox 1207 1477 1221 1502; x_wconf 78' lang='grc' dir='ltr'>ὁ</span> <span class='ocrx_word' id='word_1_375' title='bbox 1238 1476 1352 1511; x_wconf 81' lang='grc' dir='ltr'>ἀδελφὸς</span> <span class='ocrx_word' id='word_1_376' title='bbox 1368 1476 1415 1502; x_wconf 75' lang='grc' dir='ltr'>καὶ</span> <span class='ocrx_word' id='word_1_377' title='bbox 1429 1474 1580 1511; x_wconf 81' lang='grc' dir='ltr'>στρατηγὸς</span> <span class='ocrx_word' id='word_1_378' title='bbox 1590 1473 1636 1500; x_wconf 78' lang='grc' dir='ltr'>τοῦ</span> <span class='ocrx_word' id='word_1_379' title='bbox 1651 1472 1779 1500; x_wconf 80' lang='grc' dir='ltr'>ναυτικοῦ</span> <span class='ocrx_word' id='word_1_380' title='bbox 1795 1474 1855 1504; x_wconf 86' lang='grc' dir='ltr'>τοῖς</span> 
     </span>
    </p>
   </div>
   <div class='ocr_carea' id='block_1_59' title="bbox 226 1517 1013 1562">
    <p class='ocr_par' dir='ltr' id='par_1_59' title="bbox 226 1517 1011 1554">
     <span class='ocr_line' id='line_1_59' title="bbox 226 1517 1011 1554; baseline 0.003 -10"><span class='ocrx_word' id='word_1_381' title='bbox 226 1525 321 1544; x_wconf 86' lang='lat' dir='ltr'><strong>manos</strong></span> <span class='ocrx_word' id='word_1_382' title='bbox 336 1517 516 1553; x_wconf 78' lang='lat' dir='ltr'><strong>redintegrat,</strong></span> <span class='ocrx_word' id='word_1_383' title='bbox 540 1522 568 1554; x_wconf 84' lang='lat' dir='ltr'><strong>et</strong></span> <span class='ocrx_word' id='word_1_384' title='bbox 585 1518 680 1552; x_wconf 63' lang='lat' dir='ltr'><strong>proelio</strong></span> <span class='ocrx_word' id='word_1_385' title='bbox 693 1518 807 1545; x_wconf 88' lang='lat' dir='ltr'><strong>summis</strong></span> <span class='ocrx_word' id='word_1_386' title='bbox 820 1518 923 1546; x_wconf 84' lang='lat' dir='ltr'><strong>viribus</strong></span> <span class='ocrx_word' id='word_1_387' title='bbox 937 1526 1011 1546; x_wconf 87' lang='lat' dir='ltr'><strong>com-</strong></span> 
     </span>
    </p>
   </div>
   <div class='ocr_carea' id='block_1_60' title="bbox 1065 1517 1854 1562">
    <p class='ocr_par' dir='ltr' id='par_1_60' title="bbox 1070 1517 1854 1559">
     <span class='ocr_line' id='line_1_60' title="bbox 1070 1517 1854 1559; baseline -0.008 -10"><span class='ocrx_word' id='word_1_388' title='bbox 1070 1520 1274 1559; x_wconf 83' lang='grc' dir='ltr'>Ἢρακλεώταις</span> <span class='ocrx_word' id='word_1_389' title='bbox 1290 1519 1588 1556; x_wconf 75' lang='grc' dir='ltr'>διαπρεσϐευσαμένοις</span> <span class='ocrx_word' id='word_1_390' title='bbox 1601 1517 1767 1552; x_wconf 79' lang='grc' dir='ltr'><strong>ἀντέγραψε.</strong></span> <span class='ocrx_word' id='word_1_391' title='bbox 1784 1518 1854 1544; x_wconf 81' lang='grc' dir='ltr'>Μετ’</span> 
     </span>
    </p>
   </div>
   <div class='ocr_carea' id='block_1_61' title="bbox 225 1564 1014 1599">
    <p class='ocr_par' dir='ltr' id='par_1_61' title="bbox 225 1564 1014 1599">
     <span class='ocr_line' id='line_1_61' title="bbox 225 1564 1014 1599; baseline 0.003 -9"><span class='ocrx_word' id='word_1_392' title='bbox 225 1565 309 1590; x_wconf 87' lang='lat' dir='ltr'><strong>misso</strong></span> <span class='ocrx_word' id='word_1_393' title='bbox 336 1564 435 1597; x_wconf 85' lang='lat' dir='ltr'><strong>victus,</strong></span> <span class='ocrx_word' id='word_1_394' title='bbox 462 1572 537 1591; x_wconf 80' lang='lat' dir='ltr'><strong>artua</strong></span> <span class='ocrx_word' id='word_1_395' title='bbox 574 1564 695 1598; x_wconf 81' lang='lat' dir='ltr'><strong>deponit,</strong></span> <span class='ocrx_word' id='word_1_396' title='bbox 718 1565 793 1599; x_wconf 81' lang='lat' dir='ltr'><strong>pacis</strong></span> <span class='ocrx_word' id='word_1_397' title='bbox 813 1565 1014 1592; x_wconf 90' lang='lat' dir='ltr'><strong>conditionibus</strong></span> 
     </span>
    </p>
   </div>
   <div class='ocr_carea' id='block_1_62' title="bbox 226 1608 1012 1644">
    <p class='ocr_par' dir='ltr' id='par_1_62' title="bbox 226 1608 1012 1644">
     <span class='ocr_line' id='line_1_62' title="bbox 226 1608 1012 1644; baseline 0.003 -9"><span class='ocrx_word' id='word_1_398' title='bbox 226 1608 354 1642; x_wconf 87' lang='lat' dir='ltr'><strong>acceptis.</strong></span> <span class='ocrx_word' id='word_1_399' title='bbox 372 1609 437 1642; x_wconf 68' lang='lat' dir='ltr'><strong>Qum</strong></span> <span class='ocrx_word' id='word_1_400' title='bbox 452 1613 480 1636; x_wconf 90' lang='lat' dir='ltr'><strong>et</strong></span> <span class='ocrx_word' id='word_1_401' title='bbox 497 1614 553 1636; x_wconf 87' lang='lat' dir='ltr'><strong>tota</strong></span> <span class='ocrx_word' id='word_1_402' title='bbox 569 1617 630 1637; x_wconf 90' lang='lat' dir='ltr'><strong>eum</strong></span> <span class='ocrx_word' id='word_1_403' title='bbox 652 1609 717 1637; x_wconf 78' lang='lat' dir='ltr'><strong>Asia</strong></span> <span class='ocrx_word' id='word_1_404' title='bbox 735 1609 840 1637; x_wconf 79' lang='lat' dir='ltr'><strong>Minore</strong></span> <span class='ocrx_word' id='word_1_405' title='bbox 855 1610 1012 1644; x_wconf 80' lang='lat' dir='ltr'><strong>excludunt,</strong></span> 
     </span>
    </p>
   </div>
   <div class='ocr_carea' id='block_1_63' title="bbox 225 1654 1015 1691">
    <p class='ocr_par' dir='ltr' id='par_1_63' title="bbox 225 1654 1015 1691">
     <span class='ocr_line' id='line_1_63' title="bbox 225 1654 1015 1691; baseline 0.004 -10"><span class='ocrx_word' id='word_1_406' title='bbox 225 1658 253 1681; x_wconf 88' lang='lat' dir='ltr'><strong>et</strong></span> <span class='ocrx_word' id='word_1_407' title='bbox 266 1654 419 1689; x_wconf 82' lang='lat' dir='ltr'><strong>elephantis</strong></span> <span class='ocrx_word' id='word_1_408' title='bbox 444 1655 607 1690; x_wconf 83' lang='lat' dir='ltr'><strong>naviumque</strong></span> <span class='ocrx_word' id='word_1_409' title='bbox 635 1656 718 1684; x_wconf 84' lang='lat' dir='ltr'><strong>classi</strong></span> <span class='ocrx_word' id='word_1_410' title='bbox 734 1663 796 1683; x_wconf 87' lang='lat' dir='ltr'><strong>eum</strong></span> <span class='ocrx_word' id='word_1_411' title='bbox 820 1657 939 1691; x_wconf 88' lang='lat' dir='ltr'><strong>privant,</strong></span> <span class='ocrx_word' id='word_1_412' title='bbox 962 1657 1015 1684; x_wconf 83' lang='lat' dir='ltr'><strong>Co-</strong></span> 
     </span>
    </p>
   </div>
   <div class='ocr_carea' id='block_1_64' title="bbox 226 1701 1012 1737">
    <p class='ocr_par' dir='ltr' id='par_1_64' title="bbox 226 1701 1012 1737">
     <span class='ocr_line' id='line_1_64' title="bbox 226 1701 1012 1737; baseline 0.005 -10"><span class='ocrx_word' id='word_1_413' title='bbox 226 1708 338 1734; x_wconf 80' lang='lat' dir='ltr'><strong>magena</strong></span> <span class='ocrx_word' id='word_1_414' title='bbox 361 1706 388 1728; x_wconf 91' lang='lat' dir='ltr'><strong>et</strong></span> <span class='ocrx_word' id='word_1_415' title='bbox 412 1701 491 1737; x_wconf 88' lang='lat' dir='ltr'><strong>Syria</strong></span> <span class='ocrx_word' id='word_1_416' title='bbox 512 1707 539 1729; x_wconf 92' lang='lat' dir='ltr'><strong>et</strong></span> <span class='ocrx_word' id='word_1_417' title='bbox 560 1701 658 1736; x_wconf 64' lang='lat' dir='ltr'><strong>[Judata</strong></span> <span class='ocrx_word' id='word_1_418' title='bbox 680 1703 870 1730; x_wconf 84' lang='lat' dir='ltr'><strong>tantummodo</strong></span> <span class='ocrx_word' id='word_1_419' title='bbox 898 1703 1012 1731; x_wconf 83' lang='lat' dir='ltr'><strong>relictis.</strong></span> 
     </span>
    </p>
   </div>
   <div class='ocr_carea' id='block_1_65' title="bbox 225 1746 1013 1783">
    <p class='ocr_par' dir='ltr' id='par_1_65' title="bbox 225 1746 1013 1783">
     <span class='ocr_line' id='line_1_65' title="bbox 225 1746 1013 1783; baseline 0.001 -9"><span class='ocrx_word' id='word_1_420' title='bbox 225 1746 441 1774; x_wconf 87' lang='lat' dir='ltr'><strong>Ileraclicnsium</strong></span> <span class='ocrx_word' id='word_1_421' title='bbox 467 1747 566 1775; x_wconf 84' lang='lat' dir='ltr'><strong>dehinc</strong></span> <span class='ocrx_word' id='word_1_422' title='bbox 595 1748 692 1775; x_wconf 86' lang='lat' dir='ltr'><strong>civitas</strong></span> <span class='ocrx_word' id='word_1_423' title='bbox 716 1748 785 1783; x_wconf 77' lang='lat' dir='ltr'><strong>apud</strong></span> <span class='ocrx_word' id='word_1_424' title='bbox 808 1748 1013 1782; x_wconf 88' lang='lat' dir='ltr'><strong>imperatorum,</strong></span> 
     </span>
    </p>
   </div>
   <div class='ocr_carea' id='block_1_66' title="bbox 225 1792 1013 1828">
    <p class='ocr_par' dir='ltr' id='par_1_66' title="bbox 225 1792 1013 1828">
     <span class='ocr_line' id='line_1_66' title="bbox 225 1792 1013 1828; baseline 0.006 -11"><span class='ocrx_word' id='word_1_425' title='bbox 225 1793 314 1828; x_wconf 85' lang='lat' dir='ltr'><strong>(quos</strong></span> <span class='ocrx_word' id='word_1_426' title='bbox 334 1792 413 1820; x_wconf 89' lang='lat' dir='ltr'><strong>modo</strong></span> <span class='ocrx_word' id='word_1_427' title='bbox 426 1793 479 1820; x_wconf 87' lang='lat' dir='ltr'><strong>dixi</strong></span> <span class='ocrx_word' id='word_1_428' title='bbox 494 1794 502 1827; x_wconf 96' lang='lat'><strong>)</strong></span> <span class='ocrx_word' id='word_1_429' title='bbox 520 1793 618 1821; x_wconf 86' lang='lat' dir='ltr'><strong>missos</strong></span> <span class='ocrx_word' id='word_1_430' title='bbox 633 1801 648 1820; x_wconf 86' lang='lat' dir='ltr'><strong>a</strong></span> <span class='ocrx_word' id='word_1_431' title='bbox 672 1793 802 1821; x_wconf 73' lang='lat' dir='ltr'><strong>Romanis</strong></span> <span class='ocrx_word' id='word_1_432' title='bbox 827 1800 1013 1826; x_wconf 65' lang='lat' dir='ltr'><strong>successores,</strong></span> 
     </span>
    </p>
   </div>
   <div class='ocr_carea' id='block_1_67' title="bbox 224 1838 1015 1875">
    <p class='ocr_par' dir='ltr' id='par_1_67' title="bbox 224 1838 1015 1875">
     <span class='ocr_line' id='line_1_67' title="bbox 224 1838 1015 1875; baseline 0.005 -10"><span class='ocrx_word' id='word_1_433' title='bbox 224 1839 319 1866; x_wconf 89' lang='lat' dir='ltr'><strong>eadem</strong></span> <span class='ocrx_word' id='word_1_434' title='bbox 333 1838 419 1874; x_wconf 78' lang='lat' dir='ltr'><strong>gratia</strong></span> <span class='ocrx_word' id='word_1_435' title='bbox 436 1843 463 1866; x_wconf 91' lang='lat' dir='ltr'><strong>et</strong></span> <span class='ocrx_word' id='word_1_436' title='bbox 477 1839 645 1867; x_wconf 81' lang='lat' dir='ltr'><strong>humanitate</strong></span> <span class='ocrx_word' id='word_1_437' title='bbox 675 1841 796 1875; x_wconf 81' lang='lat' dir='ltr'><strong>potitur:</strong></span> <span class='ocrx_word' id='word_1_438' title='bbox 816 1841 902 1869; x_wconf 77' lang='lat' dir='ltr'><strong>donec</strong></span> <span class='ocrx_word' id='word_1_439' title='bbox 916 1841 949 1869; x_wconf 89' lang='lat' dir='ltr'><strong>ad</strong></span> <span class='ocrx_word' id='word_1_440' title='bbox 966 1841 1015 1869; x_wconf 74' lang='lat' dir='ltr'><strong>has</strong></span> 
     </span>
    </p>
   </div>
   <div class='ocr_carea' id='block_1_68' title="bbox 226 1884 1016 1922">
    <p class='ocr_par' dir='ltr' id='par_1_68' title="bbox 226 1884 1016 1922">
     <span class='ocr_line' id='line_1_68' title="bbox 226 1884 1016 1922; baseline 0.005 -11"><span class='ocrx_word' id='word_1_441' title='bbox 226 1885 331 1911; x_wconf 81' lang='lat' dir='ltr'><strong>tandem</strong></span> <span class='ocrx_word' id='word_1_442' title='bbox 348 1884 420 1920; x_wconf 78' lang='lat' dir='ltr'><strong>leges</strong></span> <span class='ocrx_word' id='word_1_443' title='bbox 432 1886 503 1912; x_wconf 85' lang='lat' dir='ltr'><strong>inter</strong></span> <span class='ocrx_word' id='word_1_444' title='bbox 518 1884 656 1913; x_wconf 76' lang='lat' dir='ltr'><strong>RomanOS</strong></span> <span class='ocrx_word' id='word_1_445' title='bbox 668 1891 694 1914; x_wconf 90' lang='lat' dir='ltr'><strong>et</strong></span> <span class='ocrx_word' id='word_1_446' title='bbox 708 1886 882 1914; x_wconf 86' lang='lat' dir='ltr'><strong>lleracleotas</strong></span> <span class='ocrx_word' id='word_1_447' title='bbox 907 1895 1016 1922; x_wconf 86' lang='lat' dir='ltr'><strong>proces-</strong></span> 
     </span>
    </p>
   </div>
   <div class='ocr_carea' id='block_1_69' title="bbox 225 1933 1015 1966">
    <p class='ocr_par' dir='ltr' id='par_1_69' title="bbox 225 1933 1015 1966">
     <span class='ocr_line' id='line_1_69' title="bbox 225 1933 1015 1966; baseline 0.004 -9"><span class='ocrx_word' id='word_1_448' title='bbox 225 1938 284 1957; x_wconf 86' lang='lat' dir='ltr'><strong>sum</strong></span> <span class='ocrx_word' id='word_1_449' title='bbox 292 1936 349 1958; x_wconf 85' lang='lat' dir='ltr'><strong>est:</strong></span> <span class='ocrx_word' id='word_1_450' title='bbox 363 1936 390 1958; x_wconf 87' lang='lat' dir='ltr'><strong>ut</strong></span> <span class='ocrx_word' id='word_1_451' title='bbox 404 1939 454 1958; x_wconf 86' lang='lat' dir='ltr'><strong>non</strong></span> <span class='ocrx_word' id='word_1_452' title='bbox 465 1933 541 1958; x_wconf 90' lang='lat' dir='ltr'><strong>modo</strong></span> <span class='ocrx_word' id='word_1_453' title='bbox 551 1933 694 1959; x_wconf 78' lang='lat' dir='ltr'><strong>amicitiam</strong></span> <span class='ocrx_word' id='word_1_454' title='bbox 702 1933 771 1960; x_wconf 81' lang='lat' dir='ltr'><strong>inter</strong></span> <span class='ocrx_word' id='word_1_455' title='bbox 784 1941 823 1966; x_wconf 74' lang='lat' dir='ltr'><strong>se,</strong></span> <span class='ocrx_word' id='word_1_456' title='bbox 835 1941 924 1960; x_wconf 85' lang='lat' dir='ltr'><strong>uerum</strong></span> <span class='ocrx_word' id='word_1_457' title='bbox 935 1935 1015 1961; x_wconf 82' lang='lat' dir='ltr'><strong>etiam</strong></span> 
     </span>
    </p>
   </div>
   <div class='ocr_carea' id='block_1_70' title="bbox 223 1977 1011 2014">
    <p class='ocr_par' dir='ltr' id='par_1_70' title="bbox 223 1977 1011 2014">
     <span class='ocr_line' id='line_1_70' title="bbox 223 1977 1011 2014; baseline 0.005 -12"><span class='ocrx_word' id='word_1_458' title='bbox 223 1977 382 2010; x_wconf 67' lang='lat' dir='ltr'><strong>societatem,</strong></span> <span class='ocrx_word' id='word_1_459' title='bbox 404 1982 496 2004; x_wconf 80' lang='lat' dir='ltr'><strong>contra</strong></span> <span class='ocrx_word' id='word_1_460' title='bbox 514 1986 579 2013; x_wconf 82' lang='lat' dir='ltr'><strong>quos</strong></span> <span class='ocrx_word' id='word_1_461' title='bbox 597 1984 620 2005; x_wconf 87' lang='lat' dir='ltr'><strong>et</strong></span> <span class='ocrx_word' id='word_1_462' title='bbox 648 1987 759 2012; x_wconf 82' lang='lat' dir='ltr'><strong>quorum</strong></span> <span class='ocrx_word' id='word_1_463' title='bbox 775 1979 864 2014; x_wconf 81' lang='lat' dir='ltr'><strong>gratia</strong></span> <span class='ocrx_word' id='word_1_464' title='bbox 888 1988 952 2014; x_wconf 70' lang='lat' dir='ltr'><strong>opus</strong></span> <span class='ocrx_word' id='word_1_465' title='bbox 965 1981 1011 2012; x_wconf 78' lang='lat' dir='ltr'><strong>sit,</strong></span> 
     </span>
    </p>
   </div>
   <div class='ocr_carea' id='block_1_71' title="bbox 224 2021 1012 2058">
    <p class='ocr_par' dir='ltr' id='par_1_71' title="bbox 224 2021 1012 2058">
     <span class='ocr_line' id='line_1_71' title="bbox 224 2021 1012 2058; baseline 0.005 -10"><span class='ocrx_word' id='word_1_466' title='bbox 224 2021 321 2048; x_wconf 78' lang='lat' dir='ltr'><strong>colant.</strong></span> <span class='ocrx_word' id='word_1_467' title='bbox 341 2022 463 2057; x_wconf 90' lang='lat' dir='ltr'><strong>Suntque</strong></span> <span class='ocrx_word' id='word_1_468' title='bbox 479 2022 589 2050; x_wconf 61' lang='lat' dir='ltr'><strong>foederis</strong></span> <span class='ocrx_word' id='word_1_469' title='bbox 611 2023 690 2058; x_wconf 87' lang='lat' dir='ltr'><strong>hujus</strong></span> <span class='ocrx_word' id='word_1_470' title='bbox 712 2028 808 2058; x_wconf 84' lang='lat' dir='ltr'><strong>pacta,</strong></span> <span class='ocrx_word' id='word_1_471' title='bbox 831 2024 950 2058; x_wconf 78' lang='lat' dir='ltr'><strong>ejusdem</strong></span> <span class='ocrx_word' id='word_1_472' title='bbox 969 2030 1012 2052; x_wconf 89' lang='lat' dir='ltr'><strong>te-</strong></span> 
     </span>
    </p>
   </div>
   <div class='ocr_carea' id='block_1_72' title="bbox 224 2068 1011 2103">
    <p class='ocr_par' dir='ltr' id='par_1_72' title="bbox 224 2068 1011 2103">
     <span class='ocr_line' id='line_1_72' title="bbox 224 2068 1011 2103; baseline 0.006 -10"><span class='ocrx_word' id='word_1_473' title='bbox 224 2068 300 2095; x_wconf 86' lang='lat' dir='ltr'><strong>noris</strong></span> <span class='ocrx_word' id='word_1_474' title='bbox 324 2072 352 2095; x_wconf 88' lang='lat' dir='ltr'><strong>et</strong></span> <span class='ocrx_word' id='word_1_475' title='bbox 388 2068 492 2102; x_wconf 67' lang='lat' dir='ltr'><strong>formae,</strong></span> <span class='ocrx_word' id='word_1_476' title='bbox 522 2069 547 2096; x_wconf 92' lang='lat' dir='ltr'><strong>in</strong></span> <span class='ocrx_word' id='word_1_477' title='bbox 576 2069 679 2097; x_wconf 83' lang='lat' dir='ltr'><strong>tabulas</strong></span> <span class='ocrx_word' id='word_1_478' title='bbox 714 2077 803 2097; x_wconf 77' lang='lat' dir='ltr'><strong>amens</strong></span> <span class='ocrx_word' id='word_1_479' title='bbox 827 2070 911 2098; x_wconf 85' lang='lat' dir='ltr'><strong>relata</strong></span> <span class='ocrx_word' id='word_1_480' title='bbox 933 2071 1011 2103; x_wconf 85' lang='lat' dir='ltr'><strong>duas.</strong></span> 
     </span>
    </p>
   </div>
   <div class='ocr_carea' id='block_1_73' title="bbox 223 2114 1011 2150">
    <p class='ocr_par' dir='ltr' id='par_1_73' title="bbox 223 2114 1011 2150">
     <span class='ocr_line' id='line_1_73' title="bbox 223 2114 1011 2150; baseline 0.005 -11"><span class='ocrx_word' id='word_1_481' title='bbox 223 2121 338 2146; x_wconf 90' lang='lat' dir='ltr'><strong>quorum</strong></span> <span class='ocrx_word' id='word_1_482' title='bbox 352 2114 436 2141; x_wconf 84' lang='lat' dir='ltr'><strong>altera</strong></span> <span class='ocrx_word' id='word_1_483' title='bbox 461 2122 543 2149; x_wconf 89' lang='lat' dir='ltr'><strong>penes</strong></span> <span class='ocrx_word' id='word_1_484' title='bbox 568 2114 717 2147; x_wconf 85' lang='lat' dir='ltr'><strong>Romanos,</strong></span> <span class='ocrx_word' id='word_1_485' title='bbox 743 2115 768 2143; x_wconf 93' lang='lat' dir='ltr'><strong>in</strong></span> <span class='ocrx_word' id='word_1_486' title='bbox 783 2115 945 2150; x_wconf 81' lang='lat' dir='ltr'><strong>Capitolino,</strong></span> <span class='ocrx_word' id='word_1_487' title='bbox 963 2115 1011 2143; x_wconf 84' lang='lat' dir='ltr'><strong>Jo-</strong></span> 
     </span>
    </p>
   </div>
   <div class='ocr_carea' id='block_1_74' title="bbox 223 2159 1011 2197">
    <p class='ocr_par' dir='ltr' id='par_1_74' title="bbox 223 2159 1011 2197">
     <span class='ocr_line' id='line_1_74' title="bbox 223 2159 1011 2197; baseline 0.005 -11"><span class='ocrx_word' id='word_1_488' title='bbox 223 2159 265 2187; x_wconf 87' lang='lat' dir='ltr'><strong>vis</strong></span> <span class='ocrx_word' id='word_1_489' title='bbox 277 2161 386 2195; x_wconf 83' lang='lat' dir='ltr'><strong>templo,</strong></span> <span class='ocrx_word' id='word_1_490' title='bbox 401 2160 487 2188; x_wconf 87' lang='lat' dir='ltr'><strong>altera</strong></span> <span class='ocrx_word' id='word_1_491' title='bbox 505 2160 651 2193; x_wconf 55' lang='lat' dir='ltr'><strong>Heraclea,</strong></span> <span class='ocrx_word' id='word_1_492' title='bbox 668 2162 749 2189; x_wconf 83' lang='lat' dir='ltr'><strong>etiam</strong></span> <span class='ocrx_word' id='word_1_493' title='bbox 762 2161 819 2197; x_wconf 86' lang='lat' dir='ltr'><strong>ipsa</strong></span> <span class='ocrx_word' id='word_1_494' title='bbox 834 2163 861 2189; x_wconf 93' lang='lat' dir='ltr'><strong>in</strong></span> <span class='ocrx_word' id='word_1_495' title='bbox 876 2162 953 2190; x_wconf 81' lang='lat' dir='ltr'><strong>Jovis</strong></span> <span class='ocrx_word' id='word_1_496' title='bbox 965 2170 1011 2190; x_wconf 85' lang='lat' dir='ltr'><strong>sa-</strong></span> 
     </span>
    </p>
   </div>
   <div class='ocr_carea' id='block_1_75' title="bbox 224 2206 468 2234">
    <p class='ocr_par' dir='ltr' id='par_1_75' title="bbox 224 2206 468 2234">
     <span class='ocr_line' id='line_1_75' title="bbox 224 2206 468 2234; baseline 0.012 -4"><span class='ocrx_word' id='word_1_497' title='bbox 224 2207 312 2232; x_wconf 86' lang='lat' dir='ltr'><strong>crario</strong></span> <span class='ocrx_word' id='word_1_498' title='bbox 324 2210 366 2233; x_wconf 84' lang='lat' dir='ltr'><strong>est</strong></span> <span class='ocrx_word' id='word_1_499' title='bbox 378 2206 468 2234; x_wconf 82' lang='lat' dir='ltr'><strong>aflixa.</strong></span> 
     </span>
    </p>
   </div>
   <div class='ocr_carea' id='block_1_76' title="bbox 1063 1563 1855 1600">
    <p class='ocr_par' dir='ltr' id='par_1_76' title="bbox 1063 1563 1855 1600">
     <span class='ocr_line' id='line_1_76' title="bbox 1063 1563 1855 1600; baseline -0.008 -5"><span class='ocrx_word' id='word_1_500' title='bbox 1063 1568 1093 1595; x_wconf 79' lang='grc' dir='ltr'>οὐ</span> <span class='ocrx_word' id='word_1_501' title='bbox 1120 1567 1187 1594; x_wconf 84' lang='grc' dir='ltr'>πολὺ</span> <span class='ocrx_word' id='word_1_502' title='bbox 1209 1567 1238 1594; x_wconf 84' lang='grc' dir='ltr'>δὲ</span> <span class='ocrx_word' id='word_1_503' title='bbox 1259 1566 1342 1593; x_wconf 76' lang='grc' dir='ltr'>πάλιν</span> <span class='ocrx_word' id='word_1_504' title='bbox 1370 1567 1410 1598; x_wconf 87' lang='grc' dir='ltr'>εἰς</span> <span class='ocrx_word' id='word_1_505' title='bbox 1434 1567 1524 1600; x_wconf 83' lang='grc' dir='ltr'>μάχην</span> <span class='ocrx_word' id='word_1_506' title='bbox 1548 1564 1683 1598; x_wconf 79' lang='grc' dir='ltr'>Ἀντίοχος</span> <span class='ocrx_word' id='word_1_507' title='bbox 1703 1563 1855 1598; x_wconf 84' lang='grc' dir='ltr'>Ῥωμαίοις</span> 
     </span>
    </p>
   </div>
   <div class='ocr_carea' id='block_1_77' title="bbox 1062 1609 1854 1648">
    <p class='ocr_par' dir='ltr' id='par_1_77' title="bbox 1062 1609 1854 1648">
     <span class='ocr_line' id='line_1_77' title="bbox 1062 1609 1854 1648; baseline -0.006 -8"><span class='ocrx_word' id='word_1_508' title='bbox 1062 1614 1196 1648; x_wconf 79' lang='grc' dir='ltr'><strong>κατέστη,</strong></span> <span class='ocrx_word' id='word_1_509' title='bbox 1226 1613 1274 1640; x_wconf 74' lang='grc' dir='ltr'>καὶ</span> <span class='ocrx_word' id='word_1_510' title='bbox 1298 1613 1351 1640; x_wconf 81' lang='grc' dir='ltr'><strong>ἀνὰ</strong></span> <span class='ocrx_word' id='word_1_511' title='bbox 1367 1612 1468 1647; x_wconf 84' lang='grc' dir='ltr'>κράτος</span> <span class='ocrx_word' id='word_1_512' title='bbox 1484 1611 1611 1646; x_wconf 80' lang='grc' dir='ltr'>ἡττηθεὶς</span> <span class='ocrx_word' id='word_1_513' title='bbox 1629 1610 1676 1637; x_wconf 71' lang='grc' dir='ltr'>ἐπὶ</span> <span class='ocrx_word' id='word_1_514' title='bbox 1703 1609 1854 1641; x_wconf 80' lang='grc' dir='ltr'>συνθήκαις</span> 
     </span>
    </p>
   </div>
   <div class='ocr_carea' id='block_1_78' title="bbox 1045 1656 1855 1695">
    <p class='ocr_par' dir='ltr' id='par_1_78' title="bbox 1045 1656 1855 1695">
     <span class='ocr_line' id='line_1_78' title="bbox 1045 1656 1855 1695; baseline -0.006 -9"><span class='ocrx_word' id='word_1_515' title='bbox 1045 1659 1202 1687; x_wconf 69' lang='grc' dir='ltr'>ιδιελύσατο</span> <span class='ocrx_word' id='word_1_516' title='bbox 1222 1659 1273 1694; x_wconf 86' lang='grc' dir='ltr'>τὴν</span> <span class='ocrx_word' id='word_1_517' title='bbox 1305 1659 1416 1695; x_wconf 67' lang='grc' dir='ltr'>ἔχθραν,</span> <span class='ocrx_word' id='word_1_518' title='bbox 1448 1658 1478 1685; x_wconf 81' lang='grc' dir='ltr'>αἳ</span> <span class='ocrx_word' id='word_1_519' title='bbox 1508 1657 1626 1692; x_wconf 80' lang='grc' dir='ltr'>καὶτῆς</span> <span class='ocrx_word' id='word_1_520' title='bbox 1654 1656 1746 1687; x_wconf 77' lang='grc' dir='ltr'>Ἀσίας</span> <span class='ocrx_word' id='word_1_521' title='bbox 1771 1656 1855 1683; x_wconf 79' lang='grc' dir='ltr'>αὐτὸν</span> 
     </span>
    </p>
   </div>
   <div class='ocr_carea' id='block_1_79' title="bbox 1062 1703 1856 1742">
    <p class='ocr_par' dir='ltr' id='par_1_79' title="bbox 1062 1703 1856 1742">
     <span class='ocr_line' id='line_1_79' title="bbox 1062 1703 1856 1742; baseline -0.006 -9"><span class='ocrx_word' id='word_1_522' title='bbox 1062 1707 1172 1742; x_wconf 78' lang='grc' dir='ltr'>ἁπάσης</span> <span class='ocrx_word' id='word_1_523' title='bbox 1186 1707 1330 1740; x_wconf 84' lang='grc' dir='ltr'>ἀπεῖργον,</span> <span class='ocrx_word' id='word_1_524' title='bbox 1347 1706 1395 1733; x_wconf 72' lang='grc' dir='ltr'>καὶ</span> <span class='ocrx_word' id='word_1_525' title='bbox 1407 1705 1471 1737; x_wconf 81' lang='grc' dir='ltr'>τοὺς</span> <span class='ocrx_word' id='word_1_526' title='bbox 1483 1705 1632 1739; x_wconf 72' lang='grc' dir='ltr'>ἐλέφαντας</span> <span class='ocrx_word' id='word_1_527' title='bbox 1648 1705 1696 1730; x_wconf 79' lang='grc' dir='ltr'><strong>καὶ</strong></span> <span class='ocrx_word' id='word_1_528' title='bbox 1710 1703 1766 1729; x_wconf 84' lang='grc' dir='ltr'>τῶν</span> <span class='ocrx_word' id='word_1_529' title='bbox 1780 1703 1856 1736; x_wconf 78' lang='grc' dir='ltr'>νηῶν</span> 
     </span>
    </p>
   </div>
   <div class='ocr_carea' id='block_1_80' title="bbox 1064 1748 1856 1787">
    <p class='ocr_par' dir='ltr' id='par_1_80' title="bbox 1064 1748 1856 1787">
     <span class='ocr_line' id='line_1_80' title="bbox 1064 1748 1856 1787; baseline -0.005 -9"><span class='ocrx_word' id='word_1_530' title='bbox 1064 1752 1270 1787; x_wconf 80' lang='grc' dir='ltr'>συναφῃροῦντο</span> <span class='ocrx_word' id='word_1_531' title='bbox 1290 1751 1334 1778; x_wconf 75' lang='grc' dir='ltr'><strong>τὸν</strong></span> <span class='ocrx_word' id='word_1_532' title='bbox 1347 1751 1450 1784; x_wconf 86' lang='grc' dir='ltr'>στόλον,</span> <span class='ocrx_word' id='word_1_533' title='bbox 1468 1751 1519 1784; x_wconf 82' lang='grc' dir='ltr'>τῆς</span> <span class='ocrx_word' id='word_1_534' title='bbox 1533 1751 1725 1785; x_wconf 86' lang='grc' dir='ltr'>Κομμαγήνης</span> <span class='ocrx_word' id='word_1_535' title='bbox 1740 1748 1816 1782; x_wconf 79' lang='grc' dir='ltr'>αὐτῷ</span> <span class='ocrx_word' id='word_1_536' title='bbox 1830 1749 1856 1765; x_wconf 75' lang='grc'><strong>⁸³</strong></span> 
     </span>
    </p>
   </div>
   <div class='ocr_carea' id='block_1_81' title="bbox 1063 1793 1856 1831">
    <p class='ocr_par' dir='ltr' id='par_1_81' title="bbox 1063 1793 1856 1831">
     <span class='ocr_line' id='line_1_81' title="bbox 1063 1793 1856 1831; baseline -0.008 -7"><span class='ocrx_word' id='word_1_537' title='bbox 1063 1798 1111 1824; x_wconf 81' lang='grc' dir='ltr'>καὶ</span> <span class='ocrx_word' id='word_1_538' title='bbox 1132 1798 1181 1831; x_wconf 81' lang='grc' dir='ltr'>τῆς</span> <span class='ocrx_word' id='word_1_539' title='bbox 1203 1797 1333 1828; x_wconf 77' lang='grc' dir='ltr'>Ἰουδαίας</span> <span class='ocrx_word' id='word_1_540' title='bbox 1351 1797 1390 1824; x_wconf 73' lang='grc' dir='ltr'>εἰς</span> <span class='ocrx_word' id='word_1_541' title='bbox 1413 1796 1500 1831; x_wconf 76' lang='grc' dir='ltr'>ἀρχὴν</span> <span class='ocrx_word' id='word_1_542' title='bbox 1520 1795 1754 1829; x_wconf 81' lang='grc' dir='ltr'>ὑπολειπομένων.</span> <span class='ocrx_word' id='word_1_543' title='bbox 1775 1793 1809 1819; x_wconf 85' lang='grc'><strong>’11</strong></span> <span class='ocrx_word' id='word_1_544' title='bbox 1824 1794 1856 1819; x_wconf 73' lang='grc' dir='ltr'>δὲ</span> 
     </span>
    </p>
   </div>
   <div class='ocr_carea' id='block_1_82' title="bbox 1063 1838 1857 1876">
    <p class='ocr_par' dir='ltr' id='par_1_82' title="bbox 1063 1838 1857 1876">
     <span class='ocr_line' id='line_1_82' title="bbox 1063 1838 1857 1876; baseline -0.008 -7"><span class='ocrx_word' id='word_1_545' title='bbox 1063 1842 1117 1870; x_wconf 69' lang='grc' dir='ltr'>τῶν</span> <span class='ocrx_word' id='word_1_546' title='bbox 1138 1841 1333 1876; x_wconf 83' lang='grc' dir='ltr'>Ἡρακλεωτῶν</span> <span class='ocrx_word' id='word_1_547' title='bbox 1353 1841 1432 1872; x_wconf 82' lang='grc' dir='ltr'>πόλις</span> <span class='ocrx_word' id='word_1_548' title='bbox 1457 1840 1526 1876; x_wconf 80' lang='grc' dir='ltr'>πρὸς</span> <span class='ocrx_word' id='word_1_549' title='bbox 1538 1840 1601 1871; x_wconf 74' lang='grc' dir='ltr'>τοὺς</span> <span class='ocrx_word' id='word_1_550' title='bbox 1625 1838 1857 1873; x_wconf 79' lang='grc' dir='ltr'>ὲκπεμπομένους</span> 
     </span>
    </p>
   </div>
   <div class='ocr_carea' id='block_1_83' title="bbox 1064 1882 1858 1922">
    <p class='ocr_par' dir='ltr' id='par_1_83' title="bbox 1064 1882 1858 1922">
     <span class='ocr_line' id='line_1_83' title="bbox 1064 1882 1858 1922; baseline -0.01 -8"><span class='ocrx_word' id='word_1_551' title='bbox 1064 1887 1139 1922; x_wconf 81' lang='grc' dir='ltr'>παρὰ</span> <span class='ocrx_word' id='word_1_552' title='bbox 1151 1887 1205 1914; x_wconf 86' lang='grc' dir='ltr'>τῶν</span> <span class='ocrx_word' id='word_1_553' title='bbox 1231 1885 1376 1921; x_wconf 83' lang='grc' dir='ltr'>Ῥωμαίων</span> <span class='ocrx_word' id='word_1_554' title='bbox 1400 1885 1454 1912; x_wconf 81' lang='grc' dir='ltr'>τῶν</span> <span class='ocrx_word' id='word_1_555' title='bbox 1475 1883 1637 1920; x_wconf 82' lang='grc' dir='ltr'>στρατηγῶν</span> <span class='ocrx_word' id='word_1_556' title='bbox 1659 1882 1799 1916; x_wconf 75' lang='grc' dir='ltr'>διαδόχους</span> <span class='ocrx_word' id='word_1_557' title='bbox 1820 1882 1858 1907; x_wconf 71' lang='grc' dir='ltr'>τὰ</span> 
     </span>
    </p>
   </div>
   <div class='ocr_carea' id='block_1_84' title="bbox 1064 1926 1856 1967">
    <p class='ocr_par' dir='ltr' id='par_1_84' title="bbox 1064 1926 1856 1967">
     <span class='ocr_line' id='line_1_84' title="bbox 1064 1926 1856 1967; baseline -0.009 -9"><span class='ocrx_word' id='word_1_558' title='bbox 1064 1932 1133 1958; x_wconf 80' lang='grc' dir='ltr'>αὑτά</span> <span class='ocrx_word' id='word_1_559' title='bbox 1157 1940 1188 1958; x_wconf 87' lang='grc' dir='ltr'><strong>τε</strong></span> <span class='ocrx_word' id='word_1_560' title='bbox 1214 1930 1433 1967; x_wconf 78' lang='grc' dir='ltr'>διεπρεσϐεύετο,</span> <span class='ocrx_word' id='word_1_561' title='bbox 1459 1929 1506 1956; x_wconf 83' lang='grc' dir='ltr'>καὶ</span> <span class='ocrx_word' id='word_1_562' title='bbox 1529 1930 1589 1960; x_wconf 79' lang='grc' dir='ltr'>ταῖς</span> <span class='ocrx_word' id='word_1_563' title='bbox 1615 1927 1719 1962; x_wconf 74' lang='grc' dir='ltr'>ὁμοίαις</span> <span class='ocrx_word' id='word_1_564' title='bbox 1743 1926 1856 1952; x_wconf 78' lang='grc' dir='ltr'>ἀντεδε-</span> 
     </span>
    </p>
   </div>
   <div class='ocr_carea' id='block_1_85' title="bbox 1066 1973 1858 2011">
    <p class='ocr_par' dir='ltr' id='par_1_85' title="bbox 1066 1973 1858 2011">
     <span class='ocr_line' id='line_1_85' title="bbox 1066 1973 1858 2011; baseline -0.009 -7"><span class='ocrx_word' id='word_1_565' title='bbox 1066 1977 1154 2009; x_wconf 74' lang='grc' dir='ltr'>ξιοῦτο</span> <span class='ocrx_word' id='word_1_566' title='bbox 1168 1977 1284 2008; x_wconf 82' lang='grc' dir='ltr'>εὐνοίαις</span> <span class='ocrx_word' id='word_1_567' title='bbox 1309 1977 1357 2002; x_wconf 68' lang='grc' dir='ltr'>καὶ</span> <span class='ocrx_word' id='word_1_568' title='bbox 1374 1976 1594 2011; x_wconf 72' lang='grc' dir='ltr'>φιλοφρονήσεσι.</span> <span class='ocrx_word' id='word_1_569' title='bbox 1618 1974 1672 2000; x_wconf 69' lang='grc' dir='ltr'><strong>Καὶ</strong></span> <span class='ocrx_word' id='word_1_570' title='bbox 1690 1973 1767 2004; x_wconf 83' lang='grc' dir='ltr'>τέλος</span> <span class='ocrx_word' id='word_1_571' title='bbox 1792 1980 1858 1998; x_wconf 82' lang='grc' dir='ltr'>συν-</span> 
     </span>
    </p>
   </div>
   <div class='ocr_carea' id='block_1_86' title="bbox 1066 2017 1857 2058">
    <p class='ocr_par' dir='ltr' id='par_1_86' title="bbox 1066 2017 1857 2058">
     <span class='ocr_line' id='line_1_86' title="bbox 1066 2017 1857 2058; baseline -0.009 -9"><span class='ocrx_word' id='word_1_572' title='bbox 1066 2022 1147 2058; x_wconf 83' lang='grc' dir='ltr'>θῆκαι</span> <span class='ocrx_word' id='word_1_573' title='bbox 1171 2022 1305 2057; x_wconf 81' lang='grc' dir='ltr'>προῆλοον</span> <span class='ocrx_word' id='word_1_574' title='bbox 1329 2020 1474 2056; x_wconf 80' lang='grc' dir='ltr'>Ῥωμαίοις</span> <span class='ocrx_word' id='word_1_575' title='bbox 1502 2029 1531 2046; x_wconf 90' lang='grc' dir='ltr'><strong>τε</strong></span> <span class='ocrx_word' id='word_1_576' title='bbox 1567 2019 1613 2046; x_wconf 72' lang='grc' dir='ltr'>καὶ</span> <span class='ocrx_word' id='word_1_577' title='bbox 1635 2017 1857 2053; x_wconf 75' lang='grc' dir='ltr'>’11ρακλεώταις,</span> 
     </span>
    </p>
   </div>
   <div class='ocr_carea' id='block_1_87' title="bbox 1067 2063 1855 2104">
    <p class='ocr_par' dir='ltr' id='par_1_87' title="bbox 1067 2063 1855 2104">
     <span class='ocr_line' id='line_1_87' title="bbox 1067 2063 1855 2104; baseline -0.006 -11"><span class='ocrx_word' id='word_1_578' title='bbox 1067 2068 1104 2104; x_wconf 83' lang='grc' dir='ltr'>μὴ</span> <span class='ocrx_word' id='word_1_579' title='bbox 1116 2068 1209 2103; x_wconf 82' lang='grc' dir='ltr'>φίλους</span> <span class='ocrx_word' id='word_1_580' title='bbox 1221 2066 1290 2094; x_wconf 80' lang='grc' dir='ltr'>εἶναι</span> <span class='ocrx_word' id='word_1_581' title='bbox 1305 2066 1394 2102; x_wconf 84' lang='grc' dir='ltr'>μόνον,</span> <span class='ocrx_word' id='word_1_582' title='bbox 1408 2066 1476 2093; x_wconf 75' lang='grc' dir='ltr'>ἀλλὰ</span> <span class='ocrx_word' id='word_1_583' title='bbox 1487 2065 1533 2092; x_wconf 66' lang='grc' dir='ltr'>καὶ</span> <span class='ocrx_word' id='word_1_584' title='bbox 1544 2065 1703 2099; x_wconf 73' lang='grc' dir='ltr'>συμμάχους</span> <span class='ocrx_word' id='word_1_585' title='bbox 1715 2063 1855 2097; x_wconf 72' lang='grc' dir='ltr'>ἀλλήλοις,</span> 
     </span>
    </p>
   </div>
   <div class='ocr_carea' id='block_1_88' title="bbox 1065 2109 1855 2148">
    <p class='ocr_par' dir='ltr' id='par_1_88' title="bbox 1065 2109 1855 2148">
     <span class='ocr_line' id='line_1_88' title="bbox 1065 2109 1855 2148; baseline -0.008 -7"><span class='ocrx_word' id='word_1_586' title='bbox 1065 2114 1125 2141; x_wconf 77' lang='grc' dir='ltr'>καθ’</span> <span class='ocrx_word' id='word_1_587' title='bbox 1140 2110 1177 2140; x_wconf 81' lang='grc' dir='ltr'>ὧν</span> <span class='ocrx_word' id='word_1_588' title='bbox 1194 2122 1224 2140; x_wconf 83' lang='grc' dir='ltr'><strong>τε</strong></span> <span class='ocrx_word' id='word_1_589' title='bbox 1234 2113 1281 2139; x_wconf 73' lang='grc' dir='ltr'>καὶ</span> <span class='ocrx_word' id='word_1_590' title='bbox 1295 2113 1364 2148; x_wconf 83' lang='grc' dir='ltr'>ὑπὲρ</span> <span class='ocrx_word' id='word_1_591' title='bbox 1382 2109 1420 2138; x_wconf 85' lang='grc' dir='ltr'>ὧν</span> <span class='ocrx_word' id='word_1_592' title='bbox 1434 2112 1554 2147; x_wconf 80' lang='grc' dir='ltr'>δεηθεῖεν</span> <span class='ocrx_word' id='word_1_593' title='bbox 1569 2111 1706 2146; x_wconf 77' lang='grc' dir='ltr'>ἑκάτεροι.</span> <span class='ocrx_word' id='word_1_594' title='bbox 1725 2109 1791 2145; x_wconf 69' lang='grc'><strong>[728</strong></span> <span class='ocrx_word' id='word_1_595' title='bbox 1807 2109 1855 2144; x_wconf 70' lang='lat' dir='ltr'><strong>IL]</strong></span> 
     </span>
    </p>
   </div>
   <div class='ocr_carea' id='block_1_89' title="bbox 1065 2156 1857 2194">
    <p class='ocr_par' dir='ltr' id='par_1_89' title="bbox 1065 2156 1857 2194">
     <span class='ocr_line' id='line_1_89' title="bbox 1065 2156 1857 2194; baseline -0.006 -8"><span class='ocrx_word' id='word_1_596' title='bbox 1065 2159 1121 2186; x_wconf 70' lang='lat' dir='ltr'><strong>Kal.</strong></span> <span class='ocrx_word' id='word_1_597' title='bbox 1147 2160 1242 2194; x_wconf 84' lang='grc' dir='ltr'>χαλκοί</span> <span class='ocrx_word' id='word_1_598' title='bbox 1268 2158 1381 2190; x_wconf 77' lang='grc' dir='ltr'>πίνακες</span> <span class='ocrx_word' id='word_1_599' title='bbox 1405 2158 1452 2184; x_wconf 83' lang='grc' dir='ltr'>δύο</span> <span class='ocrx_word' id='word_1_600' title='bbox 1477 2158 1526 2189; x_wconf 73' lang='grc' dir='ltr'><strong>τὰς</strong></span> <span class='ocrx_word' id='word_1_601' title='bbox 1547 2157 1693 2191; x_wconf 77' lang='grc' dir='ltr'>ὁμολογίας</span> <span class='ocrx_word' id='word_1_602' title='bbox 1716 2157 1792 2186; x_wconf 79' lang='grc' dir='ltr'>ῐσους</span> <span class='ocrx_word' id='word_1_603' title='bbox 1808 2156 1857 2182; x_wconf 74' lang='grc' dir='ltr'><strong>καὶ</strong></span> 
     </span>
    </p>
   </div>
   <div class='ocr_carea' id='block_1_90' title="bbox 1063 2199 1857 2238">
    <p class='ocr_par' dir='ltr' id='par_1_90' title="bbox 1063 2199 1857 2238">
     <span class='ocr_line' id='line_1_90' title="bbox 1063 2199 1857 2238; baseline -0.006 -7"><span class='ocrx_word' id='word_1_604' title='bbox 1063 2205 1158 2237; x_wconf 81' lang='grc' dir='ltr'>ὁμοίας</span> <span class='ocrx_word' id='word_1_605' title='bbox 1167 2204 1263 2238; x_wconf 75' lang='grc' dir='ltr'>ἔφερον</span> <span class='ocrx_word' id='word_1_606' title='bbox 1275 2214 1280 2219; x_wconf 94' lang='grc'><strong><em>-</em></strong></span> <span class='ocrx_word' id='word_1_607' title='bbox 1291 2199 1328 2230; x_wconf 82' lang='grc' dir='ltr'>ὧν</span> <span class='ocrx_word' id='word_1_608' title='bbox 1339 2204 1353 2229; x_wconf 79' lang='grc' dir='ltr'>ὁ</span> <span class='ocrx_word' id='word_1_609' title='bbox 1370 2203 1419 2238; x_wconf 84' lang='grc' dir='ltr'>μὲν</span> <span class='ocrx_word' id='word_1_610' title='bbox 1433 2203 1508 2238; x_wconf 81' lang='grc' dir='ltr'>παρά</span> <span class='ocrx_word' id='word_1_611' title='bbox 1528 2202 1674 2236; x_wconf 84' lang='grc' dir='ltr'>Ῥωμαίοις</span> <span class='ocrx_word' id='word_1_612' title='bbox 1689 2201 1768 2236; x_wconf 78' lang='grc' dir='ltr'>ἐντῷ</span> <span class='ocrx_word' id='word_1_613' title='bbox 1782 2201 1857 2227; x_wconf 73' lang='grc' dir='ltr'>κατὰ</span> 
     </span>
    </p>
   </div>
   <div class='ocr_carea' id='block_1_91' title="bbox 1062 2247 1856 2283">
    <p class='ocr_par' dir='ltr' id='par_1_91' title="bbox 1062 2247 1856 2283">
     <span class='ocr_line' id='line_1_91' title="bbox 1062 2247 1856 2283; baseline -0.004 -8"><span class='ocrx_word' id='word_1_614' title='bbox 1062 2249 1093 2275; x_wconf 72' lang='grc' dir='ltr'><strong>τὸ</strong></span> <span class='ocrx_word' id='word_1_615' title='bbox 1125 2248 1298 2275; x_wconf 81' lang='grc' dir='ltr'>Καπιτώλιον</span> <span class='ocrx_word' id='word_1_616' title='bbox 1311 2248 1376 2283; x_wconf 84' lang='grc' dir='ltr'>ἱερῷ</span> <span class='ocrx_word' id='word_1_617' title='bbox 1397 2247 1445 2274; x_wconf 83' lang='grc' dir='ltr'>τοῦ</span> <span class='ocrx_word' id='word_1_618' title='bbox 1459 2248 1520 2279; x_wconf 82' lang='grc' dir='ltr'>Διὸς</span> <span class='ocrx_word' id='word_1_619' title='bbox 1536 2247 1692 2283; x_wconf 81' lang='grc' dir='ltr'>καθηλώθη,</span> <span class='ocrx_word' id='word_1_620' title='bbox 1708 2248 1723 2273; x_wconf 84' lang='grc' dir='ltr'>ὁ</span> <span class='ocrx_word' id='word_1_621' title='bbox 1741 2247 1770 2273; x_wconf 81' lang='grc' dir='ltr'>δὲ</span> <span class='ocrx_word' id='word_1_622' title='bbox 1783 2247 1856 2272; x_wconf 70' lang='grc' dir='ltr'>κατὰ</span> 
     </span>
    </p>
   </div>
   <div class='ocr_carea' id='block_1_92' title="bbox 1061 2291 1854 2330">
    <p class='ocr_par' dir='ltr' id='par_1_92' title="bbox 1061 2291 1854 2330">
     <span class='ocr_line' id='line_1_92' title="bbox 1061 2291 1854 2330; baseline -0.004 -8"><span class='ocrx_word' id='word_1_623' title='bbox 1061 2295 1111 2330; x_wconf 83' lang='grc' dir='ltr'>τὴν</span> <span class='ocrx_word' id='word_1_624' title='bbox 1131 2294 1295 2330; x_wconf 76' lang='grc' dir='ltr'>¹1Ιράκλειαν</span> <span class='ocrx_word' id='word_1_625' title='bbox 1313 2294 1359 2320; x_wconf 75' lang='grc' dir='ltr'>καὶ</span> <span class='ocrx_word' id='word_1_626' title='bbox 1379 2294 1460 2325; x_wconf 82' lang='grc' dir='ltr'>αὐτὸς</span> <span class='ocrx_word' id='word_1_627' title='bbox 1474 2295 1496 2309; x_wconf 76' lang='grc'><strong><em>⁸⁸</em></strong></span> <span class='ocrx_word' id='word_1_628' title='bbox 1517 2294 1545 2320; x_wconf 82' lang='grc' dir='ltr'>ἐν</span> <span class='ocrx_word' id='word_1_629' title='bbox 1569 2293 1606 2328; x_wconf 83' lang='grc' dir='ltr'>τῷ</span> <span class='ocrx_word' id='word_1_630' title='bbox 1620 2293 1667 2319; x_wconf 83' lang='grc' dir='ltr'><strong>τοῦ</strong></span> <span class='ocrx_word' id='word_1_631' title='bbox 1689 2292 1750 2324; x_wconf 74' lang='grc' dir='ltr'>Διὸς</span> <span class='ocrx_word' id='word_1_632' title='bbox 1775 2291 1854 2327; x_wconf 80' lang='grc' dir='ltr'>ἱερῷ.</span> 
     </span>
    </p>
   </div>
   <div class='ocr_carea' id='block_1_93' title="bbox 482 2339 1604 2376">
    <p class='ocr_par' dir='ltr' id='par_1_93' title="bbox 482 2339 1604 2376">
     <span class='ocr_line' id='line_1_93' title="bbox 482 2339 1604 2376; baseline 0.001 -10"><span class='ocrx_word' id='word_1_633' title='bbox 482 2339 547 2366; x_wconf 75' lang='lat' dir='ltr'><strong>CAP.</strong></span> <span class='ocrx_word' id='word_1_634' title='bbox 563 2339 658 2368; x_wconf 76' lang='lat' dir='ltr'><strong>XXIX.</strong></span> <span class='ocrx_word' id='word_1_635' title='bbox 672 2340 899 2367; x_wconf 76' lang='lat' dir='ltr'><strong>—-IIeraclienses</strong></span> <span class='ocrx_word' id='word_1_636' title='bbox 913 2349 929 2368; x_wconf 89' lang='lat' dir='ltr'><strong>a</strong></span> <span class='ocrx_word' id='word_1_637' title='bbox 945 2340 1042 2368; x_wconf 68' lang='lat' dir='ltr'><strong>Prusia</strong></span> <span class='ocrx_word' id='word_1_638' title='bbox 1056 2341 1082 2368; x_wconf 88' lang='lat' dir='ltr'><strong>in</strong></span> <span class='ocrx_word' id='word_1_639' title='bbox 1097 2342 1232 2376; x_wconf 74' lang='lat' dir='ltr'><strong>angustias</strong></span> <span class='ocrx_word' id='word_1_640' title='bbox 1250 2341 1333 2368; x_wconf 80' lang='lat' dir='ltr'><strong>coacti</strong></span> <span class='ocrx_word' id='word_1_641' title='bbox 1345 2349 1355 2373; x_wconf 89' lang='lat'><strong><em>;</em></strong></span> <span class='ocrx_word' id='word_1_642' title='bbox 1369 2340 1495 2375; x_wconf 83' lang='lat' dir='ltr'><strong>Intjusque</strong></span> <span class='ocrx_word' id='word_1_643' title='bbox 1508 2340 1604 2367; x_wconf 78' lang='lat' dir='ltr'><strong>clades.</strong></span> 
     </span>
    </p>
   </div>
   <div class='ocr_carea' id='block_1_94' title="bbox 260 2393 1013 2432">
    <p class='ocr_par' dir='ltr' id='par_1_94' title="bbox 260 2394 1008 2431">
     <span class='ocr_line' id='line_1_94' title="bbox 260 2394 1008 2431; baseline 0.004 -11"><span class='ocrx_word' id='word_1_644' title='bbox 260 2394 322 2421; x_wconf 77' lang='lat' dir='ltr'><strong>lltec</strong></span> <span class='ocrx_word' id='word_1_645' title='bbox 347 2399 492 2430; x_wconf 80' lang='lat' dir='ltr'><strong>postquam</strong></span> <span class='ocrx_word' id='word_1_646' title='bbox 510 2404 558 2423; x_wconf 80' lang='lat' dir='ltr'><strong>xm</strong></span> <span class='ocrx_word' id='word_1_647' title='bbox 575 2401 602 2424; x_wconf 87' lang='lat' dir='ltr'><strong>et</strong></span> <span class='ocrx_word' id='word_1_648' title='bbox 619 2404 664 2423; x_wconf 80' lang='lat' dir='ltr'><strong>xlv</strong></span> <span class='ocrx_word' id='word_1_649' title='bbox 689 2396 815 2423; x_wconf 71' lang='lat' dir='ltr'><strong>Ilistorire</strong></span> <span class='ocrx_word' id='word_1_650' title='bbox 838 2396 909 2424; x_wconf 87' lang='lat' dir='ltr'><strong>libro</strong></span> <span class='ocrx_word' id='word_1_651' title='bbox 923 2404 1008 2431; x_wconf 83' lang='lat' dir='ltr'><strong>expo-</strong></span> 
     </span>
    </p>
   </div>
   <div class='ocr_carea' id='block_1_95' title="bbox 1065 2393 1856 2432">
    <p class='ocr_par' dir='ltr' id='par_1_95' title="bbox 1098 2393 1856 2432">
     <span class='ocr_line' id='line_1_95' title="bbox 1098 2393 1856 2432; baseline -0.007 -8"><span class='ocrx_word' id='word_1_652' title='bbox 1098 2397 1191 2424; x_wconf 80' lang='grc' dir='ltr'>Ταῦτα</span> <span class='ocrx_word' id='word_1_653' title='bbox 1221 2395 1365 2430; x_wconf 78' lang='grc' dir='ltr'>διεξελθὼν</span> <span class='ocrx_word' id='word_1_654' title='bbox 1385 2396 1399 2422; x_wconf 84' lang='grc' dir='ltr'>ὁ</span> <span class='ocrx_word' id='word_1_655' title='bbox 1415 2396 1590 2432; x_wconf 77' lang='grc' dir='ltr'>συγγραφεὺς</span> <span class='ocrx_word' id='word_1_656' title='bbox 1609 2394 1679 2421; x_wconf 82' lang='grc' dir='ltr'>κατὰ</span> <span class='ocrx_word' id='word_1_657' title='bbox 1706 2393 1737 2420; x_wconf 72' lang='grc' dir='ltr'><strong>τὸ</strong></span> <span class='ocrx_word' id='word_1_658' title='bbox 1753 2397 1789 2427; x_wconf 88' lang='grc' dir='ltr'><strong>ιγ’</strong></span> <span class='ocrx_word' id='word_1_659' title='bbox 1805 2395 1856 2423; x_wconf 64' lang='grc' dir='ltr'>καὶ</span> 
     </span>
    </p>
   </div>
   <div class='ocr_carea' id='block_1_96' title="bbox 223 2440 1010 2476">
    <p class='ocr_par' dir='ltr' id='par_1_96' title="bbox 223 2440 1010 2476">
     <span class='ocr_line' id='line_1_96' title="bbox 223 2440 1010 2476; baseline 0.005 -12"><span class='ocrx_word' id='word_1_660' title='bbox 223 2440 289 2472; x_wconf 77' lang='lat' dir='ltr'><strong>suit,</strong></span> <span class='ocrx_word' id='word_1_661' title='bbox 307 2447 341 2466; x_wconf 85' lang='lat' dir='ltr'><strong>xv</strong></span> <span class='ocrx_word' id='word_1_662' title='bbox 369 2448 482 2468; x_wconf 88' lang='lat' dir='ltr'><strong>exorsus</strong></span> <span class='ocrx_word' id='word_1_663' title='bbox 507 2442 565 2469; x_wconf 63' lang='lat' dir='ltr'><strong>hac</strong></span> <span class='ocrx_word' id='word_1_664' title='bbox 582 2441 676 2470; x_wconf 81' lang='lat' dir='ltr'><strong>refert.</strong></span> <span class='ocrx_word' id='word_1_665' title='bbox 701 2441 825 2475; x_wconf 85' lang='lat' dir='ltr'><strong>Prusias,</strong></span> <span class='ocrx_word' id='word_1_666' title='bbox 847 2441 943 2476; x_wconf 82' lang='lat' dir='ltr'><strong>inquit,</strong></span> <span class='ocrx_word' id='word_1_667' title='bbox 965 2441 1010 2468; x_wconf 87' lang='lat' dir='ltr'><strong>Bi-</strong></span> 
     </span>
    </p>
   </div>
   <div class='ocr_carea' id='block_1_97' title="bbox 225 2485 1010 2522">
    <p class='ocr_par' dir='ltr' id='par_1_97' title="bbox 225 2485 1010 2522">
     <span class='ocr_line' id='line_1_97' title="bbox 225 2485 1010 2522; baseline 0.004 -11"><span class='ocrx_word' id='word_1_668' title='bbox 225 2485 369 2520; x_wconf 83' lang='lat' dir='ltr'><strong>thynorum</strong></span> <span class='ocrx_word' id='word_1_669' title='bbox 392 2494 452 2517; x_wconf 78' lang='lat' dir='ltr'><strong>rex.</strong></span> <span class='ocrx_word' id='word_1_670' title='bbox 476 2487 588 2514; x_wconf 84' lang='lat' dir='ltr'><strong>miriﬁce</strong></span> <span class='ocrx_word' id='word_1_671' title='bbox 603 2487 751 2514; x_wconf 86' lang='lat' dir='ltr'><strong>industrius</strong></span> <span class='ocrx_word' id='word_1_672' title='bbox 765 2493 792 2515; x_wconf 87' lang='lat' dir='ltr'><strong>et</strong></span> <span class='ocrx_word' id='word_1_673' title='bbox 809 2495 923 2522; x_wconf 75' lang='lat' dir='ltr'><strong>gnavus,</strong></span> <span class='ocrx_word' id='word_1_674' title='bbox 940 2487 1010 2514; x_wconf 94' lang='lat' dir='ltr'><strong>mul-</strong></span> 
     </span>
    </p>
   </div>
   <div class='ocr_carea' id='block_1_98' title="bbox 226 2532 1010 2568">
    <p class='ocr_par' dir='ltr' id='par_1_98' title="bbox 226 2532 1010 2568">
     <span class='ocr_line' id='line_1_98' title="bbox 226 2532 1010 2568; baseline 0.004 -10"><span class='ocrx_word' id='word_1_675' title='bbox 226 2532 316 2566; x_wconf 86' lang='lat' dir='ltr'><strong>tisque</strong></span> <span class='ocrx_word' id='word_1_676' title='bbox 332 2534 411 2560; x_wconf 83' lang='lat' dir='ltr'><strong>rebus</strong></span> <span class='ocrx_word' id='word_1_677' title='bbox 425 2534 508 2568; x_wconf 77' lang='lat' dir='ltr'><strong>gestis</strong></span> <span class='ocrx_word' id='word_1_678' title='bbox 519 2534 619 2567; x_wconf 90' lang='lat' dir='ltr'><strong>clarus,</strong></span> <span class='ocrx_word' id='word_1_679' title='bbox 636 2535 707 2562; x_wconf 86' lang='lat' dir='ltr'><strong>inter</strong></span> <span class='ocrx_word' id='word_1_680' title='bbox 721 2534 771 2561; x_wconf 88' lang='lat' dir='ltr'><strong>alia</strong></span> <span class='ocrx_word' id='word_1_681' title='bbox 792 2535 874 2561; x_wconf 88' lang='lat' dir='ltr'><strong>etiam</strong></span> <span class='ocrx_word' id='word_1_682' title='bbox 889 2533 1010 2567; x_wconf 89' lang='lat' dir='ltr'><strong>Cierum,</strong></span> 
     </span>
    </p>
   </div>
   <div class='ocr_carea' id='block_1_99' title="bbox 226 2579 1010 2616">
    <p class='ocr_par' dir='ltr' id='par_1_99' title="bbox 226 2579 1010 2616">
     <span class='ocr_line' id='line_1_99' title="bbox 226 2579 1010 2616; baseline 0.004 -11"><span class='ocrx_word' id='word_1_683' title='bbox 226 2579 407 2607; x_wconf 86' lang='lat' dir='ltr'><strong>Ileracliensis</strong></span> <span class='ocrx_word' id='word_1_684' title='bbox 444 2581 555 2608; x_wconf 87' lang='lat' dir='ltr'><strong>ditionis</strong></span> <span class='ocrx_word' id='word_1_685' title='bbox 581 2581 686 2614; x_wconf 87' lang='lat' dir='ltr'><strong>urbem,</strong></span> <span class='ocrx_word' id='word_1_686' title='bbox 711 2580 782 2608; x_wconf 90' lang='lat' dir='ltr'><strong>hello</strong></span> <span class='ocrx_word' id='word_1_687' title='bbox 810 2581 935 2616; x_wconf 89' lang='lat' dir='ltr'><strong>subjecit,</strong></span> <span class='ocrx_word' id='word_1_688' title='bbox 961 2588 1010 2615; x_wconf 89' lang='lat' dir='ltr'><strong>pro</strong></span> 
     </span>
    </p>
   </div>
   <div class='ocr_carea' id='block_1_100' title="bbox 224 2625 1010 2661">
    <p class='ocr_par' dir='ltr' id='par_1_100' title="bbox 224 2625 1010 2661">
     <span class='ocr_line' id='line_1_100' title="bbox 224 2625 1010 2661; baseline 0.001 -9"><span class='ocrx_word' id='word_1_689' title='bbox 224 2625 305 2652; x_wconf 83' lang='lat' dir='ltr'><strong>Ciero</strong></span> <span class='ocrx_word' id='word_1_690' title='bbox 323 2626 483 2654; x_wconf 83' lang='lat' dir='ltr'><strong>Prusiadem</strong></span> <span class='ocrx_word' id='word_1_691' title='bbox 505 2634 673 2661; x_wconf 87' lang='lat' dir='ltr'><strong>nuncupans.</strong></span> <span class='ocrx_word' id='word_1_692' title='bbox 696 2626 774 2654; x_wconf 88' lang='lat' dir='ltr'><strong>Timn</strong></span> <span class='ocrx_word' id='word_1_693' title='bbox 794 2627 876 2654; x_wconf 86' lang='lat' dir='ltr'><strong>etiam</strong></span> <span class='ocrx_word' id='word_1_694' title='bbox 902 2633 1010 2653; x_wconf 82' lang='lat' dir='ltr'><strong>eorum-</strong></span> 
     </span>
    </p>
   </div>
   <div class='ocr_carea' id='block_1_101' title="bbox 225 2670 1010 2707">
    <p class='ocr_par' dir='ltr' id='par_1_101' title="bbox 225 2670 1010 2707">
     <span class='ocr_line' id='line_1_101' title="bbox 225 2670 1010 2707; baseline 0.005 -11"><span class='ocrx_word' id='word_1_695' title='bbox 225 2671 286 2697; x_wconf 88' lang='lat' dir='ltr'><strong>dem</strong></span> <span class='ocrx_word' id='word_1_696' title='bbox 300 2670 481 2705; x_wconf 88' lang='lat' dir='ltr'><strong>jurisdictioni</strong></span> <span class='ocrx_word' id='word_1_697' title='bbox 505 2673 648 2700; x_wconf 81' lang='lat' dir='ltr'><strong>obnoxiam</strong></span> <span class='ocrx_word' id='word_1_698' title='bbox 667 2673 740 2706; x_wconf 91' lang='lat' dir='ltr'><strong>cepit</strong></span> <span class='ocrx_word' id='word_1_699' title='bbox 761 2680 768 2699; x_wconf 85' lang='lat'><strong>:</strong></span> <span class='ocrx_word' id='word_1_700' title='bbox 788 2677 816 2699; x_wconf 87' lang='lat' dir='ltr'><strong>ut</strong></span> <span class='ocrx_word' id='word_1_701' title='bbox 837 2672 878 2699; x_wconf 86' lang='lat' dir='ltr'><strong>sic</strong></span> <span class='ocrx_word' id='word_1_702' title='bbox 893 2673 1010 2707; x_wconf 89' lang='lat' dir='ltr'><strong>undique</strong></span> 
     </span>
    </p>
   </div>
   <div class='ocr_carea' id='block_1_102' title="bbox 226 2715 1008 2751">
    <p class='ocr_par' dir='ltr' id='par_1_102' title="bbox 226 2715 1008 2751">
     <span class='ocr_line' id='line_1_102' title="bbox 226 2715 1008 2751; baseline 0 -8"><span class='ocrx_word' id='word_1_703' title='bbox 226 2715 324 2751; x_wconf 80' lang='lat' dir='ltr'><strong>230a</strong></span> <span class='ocrx_word' id='word_1_704' title='bbox 338 2725 411 2744; x_wconf 81' lang='lat' dir='ltr'><strong>mare</strong></span> <span class='ocrx_word' id='word_1_705' title='bbox 421 2718 657 2745; x_wconf 78' lang='lat' dir='ltr'><strong>circumscriberet</strong></span> <span class='ocrx_word' id='word_1_706' title='bbox 669 2717 836 2745; x_wconf 82' lang='lat' dir='ltr'><strong>Heracleam.</strong></span> <span class='ocrx_word' id='word_1_707' title='bbox 851 2717 915 2744; x_wconf 89' lang='lat' dir='ltr'><strong>Inde</strong></span> <span class='ocrx_word' id='word_1_708' title='bbox 927 2717 1008 2744; x_wconf 86' lang='lat' dir='ltr'><strong>etiam</strong></span> 
     </span>
    </p>
   </div>
   <div class='ocr_carea' id='block_1_103' title="bbox 1071 2439 1856 2477">
    <p class='ocr_par' dir='ltr' id='par_1_103' title="bbox 1071 2439 1856 2477">
     <span class='ocr_line' id='line_1_103' title="bbox 1071 2439 1856 2477; baseline -0.008 -7"><span class='ocrx_word' id='word_1_709' title='bbox 1071 2443 1101 2470; x_wconf 85' lang='grc' dir='ltr'>ιδ’</span> <span class='ocrx_word' id='word_1_710' title='bbox 1118 2443 1168 2477; x_wconf 83' lang='grc' dir='ltr'>τῆς</span> <span class='ocrx_word' id='word_1_711' title='bbox 1196 2443 1326 2476; x_wconf 78' lang='grc' dir='ltr'>ἱστορίας,</span> <span class='ocrx_word' id='word_1_712' title='bbox 1349 2442 1390 2473; x_wconf 85' lang='grc' dir='ltr'>εἰς</span> <span class='ocrx_word' id='word_1_713' title='bbox 1418 2443 1467 2476; x_wconf 77' lang='grc' dir='ltr'>τὴν</span> <span class='ocrx_word' id='word_1_714' title='bbox 1498 2444 1528 2467; x_wconf 90' lang='grc' dir='ltr'>ιε’</span> <span class='ocrx_word' id='word_1_715' title='bbox 1556 2439 1688 2467; x_wconf 71' lang='grc' dir='ltr'>εἰσϐαλὼν</span> <span class='ocrx_word' id='word_1_716' title='bbox 1715 2439 1856 2473; x_wconf 78' lang='grc' dir='ltr'>διηγεῖται</span> 
     </span>
    </p>
   </div>
   <div class='ocr_carea' id='block_1_104' title="bbox 1062 2484 1855 2523">
    <p class='ocr_par' dir='ltr' id='par_1_104' title="bbox 1062 2484 1855 2523">
     <span class='ocr_line' id='line_1_104' title="bbox 1062 2484 1855 2523; baseline -0.008 -7"><span class='ocrx_word' id='word_1_717' title='bbox 1062 2489 1137 2520; x_wconf 82' lang='grc' dir='ltr'>ὅπως</span> <span class='ocrx_word' id='word_1_718' title='bbox 1151 2488 1286 2523; x_wconf 85' lang='grc' dir='ltr'>Προυσίας</span> <span class='ocrx_word' id='word_1_719' title='bbox 1301 2489 1316 2514; x_wconf 87' lang='grc' dir='ltr'><strong>ὀ</strong></span> <span class='ocrx_word' id='word_1_720' title='bbox 1326 2487 1448 2514; x_wconf 82' lang='grc' dir='ltr'>Βιθυνῶν</span> <span class='ocrx_word' id='word_1_721' title='bbox 1465 2486 1602 2521; x_wconf 76' lang='grc' dir='ltr'>βασιλεὺς,</span> <span class='ocrx_word' id='word_1_722' title='bbox 1622 2486 1788 2521; x_wconf 85' lang='grc' dir='ltr'>δραστήριος</span> <span class='ocrx_word' id='word_1_723' title='bbox 1815 2484 1855 2510; x_wconf 76' lang='grc' dir='ltr'>ὧν</span> 
     </span>
    </p>
   </div>
   <div class='ocr_carea' id='block_1_105' title="bbox 1063 2531 1855 2570">
    <p class='ocr_par' dir='ltr' id='par_1_105' title="bbox 1063 2531 1855 2570">
     <span class='ocr_line' id='line_1_105' title="bbox 1063 2531 1855 2570; baseline -0.004 -9"><span class='ocrx_word' id='word_1_724' title='bbox 1063 2535 1111 2562; x_wconf 80' lang='grc' dir='ltr'>καὶ</span> <span class='ocrx_word' id='word_1_725' title='bbox 1125 2533 1210 2561; x_wconf 77' lang='grc' dir='ltr'>πολλὰ</span> <span class='ocrx_word' id='word_1_726' title='bbox 1223 2533 1341 2570; x_wconf 82' lang='grc' dir='ltr'>πράξας,</span> <span class='ocrx_word' id='word_1_727' title='bbox 1357 2533 1425 2568; x_wconf 79' lang='grc' dir='ltr'>μετὰ</span> <span class='ocrx_word' id='word_1_728' title='bbox 1440 2533 1493 2559; x_wconf 83' lang='grc' dir='ltr'>τῶν</span> <span class='ocrx_word' id='word_1_729' title='bbox 1506 2532 1594 2560; x_wconf 77' lang='grc' dir='ltr'>ἄλλων</span> <span class='ocrx_word' id='word_1_730' title='bbox 1606 2532 1652 2558; x_wconf 75' lang='grc' dir='ltr'>καὶ</span> <span class='ocrx_word' id='word_1_731' title='bbox 1662 2532 1763 2566; x_wconf 87' lang='grc' dir='ltr'>Κίερον</span> <span class='ocrx_word' id='word_1_732' title='bbox 1773 2531 1855 2558; x_wconf 73' lang='grc' dir='ltr'>πὸλιν</span> 
     </span>
    </p>
   </div>
   <div class='ocr_carea' id='block_1_106' title="bbox 1068 2577 1853 2616">
    <p class='ocr_par' dir='ltr' id='par_1_106' title="bbox 1068 2577 1853 2616">
     <span class='ocr_line' id='line_1_106' title="bbox 1068 2577 1853 2616; baseline -0.008 -8"><span class='ocrx_word' id='word_1_733' title='bbox 1068 2580 1264 2616; x_wconf 80' lang='grc' dir='ltr'>Ἡρακλεωτῶν</span> <span class='ocrx_word' id='word_1_734' title='bbox 1281 2577 1364 2606; x_wconf 76' lang='grc' dir='ltr'>οὖσαν</span> <span class='ocrx_word' id='word_1_735' title='bbox 1386 2579 1432 2613; x_wconf 85' lang='grc' dir='ltr'><strong>ὑφ’</strong></span> <span class='ocrx_word' id='word_1_736' title='bbox 1445 2579 1539 2606; x_wconf 75' lang='grc' dir='ltr'>ἑαυτὸν</span> <span class='ocrx_word' id='word_1_737' title='bbox 1560 2577 1635 2605; x_wconf 77' lang='grc' dir='ltr'>ἔθετο</span> <span class='ocrx_word' id='word_1_738' title='bbox 1660 2577 1698 2612; x_wconf 80' lang='grc' dir='ltr'>τῷ</span> <span class='ocrx_word' id='word_1_739' title='bbox 1722 2577 1853 2612; x_wconf 75' lang='grc' dir='ltr'>πολέμῳ,</span> 
     </span>
    </p>
   </div>
   <div class='ocr_carea' id='block_1_107' title="bbox 1062 2622 1852 2662">
    <p class='ocr_par' dir='ltr' id='par_1_107' title="bbox 1062 2622 1852 2662">
     <span class='ocr_line' id='line_1_107' title="bbox 1062 2622 1852 2662; baseline -0.005 -9"><span class='ocrx_word' id='word_1_740' title='bbox 1062 2627 1123 2654; x_wconf 75' lang='grc' dir='ltr'>ἀντὶ</span> <span class='ocrx_word' id='word_1_741' title='bbox 1138 2627 1238 2662; x_wconf 82' lang='grc' dir='ltr'>Κιέρου</span> <span class='ocrx_word' id='word_1_742' title='bbox 1261 2625 1415 2661; x_wconf 85' lang='grc' dir='ltr'>Προυσιάδα</span> <span class='ocrx_word' id='word_1_743' title='bbox 1427 2625 1554 2657; x_wconf 78' lang='grc' dir='ltr'>καλέσας,</span> <span class='ocrx_word' id='word_1_744' title='bbox 1569 2623 1623 2651; x_wconf 72' lang='grc' dir='ltr'>εῗλε</span> <span class='ocrx_word' id='word_1_745' title='bbox 1635 2624 1662 2650; x_wconf 81' lang='grc' dir='ltr'>δὲ</span> <span class='ocrx_word' id='word_1_746' title='bbox 1672 2623 1788 2659; x_wconf 66' lang='grc' dir='ltr'>καὶβῖε</span> <span class='ocrx_word' id='word_1_747' title='bbox 1803 2622 1852 2658; x_wconf 83' lang='grc' dir='ltr'><strong>Η.]</strong></span> 
     </span>
    </p>
   </div>
   <div class='ocr_carea' id='block_1_108' title="bbox 1063 2668 1852 2708">
    <p class='ocr_par' dir='ltr' id='par_1_108' title="bbox 1063 2668 1852 2708">
     <span class='ocr_line' id='line_1_108' title="bbox 1063 2668 1852 2708; baseline -0.006 -9"><span class='ocrx_word' id='word_1_748' title='bbox 1063 2673 1113 2708; x_wconf 78' lang='grc' dir='ltr'>τὴν</span> <span class='ocrx_word' id='word_1_749' title='bbox 1130 2673 1203 2705; x_wconf 89' lang='grc' dir='ltr'>Τῖον,</span> <span class='ocrx_word' id='word_1_750' title='bbox 1219 2671 1267 2698; x_wconf 79' lang='grc' dir='ltr'>καὶ</span> <span class='ocrx_word' id='word_1_751' title='bbox 1282 2671 1366 2706; x_wconf 83' lang='grc' dir='ltr'>αὐτὴν</span> <span class='ocrx_word' id='word_1_752' title='bbox 1379 2671 1498 2706; x_wconf 82' lang='grc' dir='ltr'>ὑπήκοον</span> <span class='ocrx_word' id='word_1_753' title='bbox 1513 2670 1605 2701; x_wconf 75' lang='grc' dir='ltr'>αὐτοῖς</span> <span class='ocrx_word' id='word_1_754' title='bbox 1621 2669 1714 2700; x_wconf 77' lang='grc' dir='ltr'>οὖσαν,</span> <span class='ocrx_word' id='word_1_755' title='bbox 1733 2668 1805 2695; x_wconf 81' lang='grc' dir='ltr'>ὥστε</span> <span class='ocrx_word' id='word_1_756' title='bbox 1819 2670 1852 2694; x_wconf 84' lang='grc' dir='ltr'>ὲκ</span> 
     </span>
    </p>
   </div>
   <div class='ocr_carea' id='block_1_109' title="bbox 1063 2714 1850 2752">
    <p class='ocr_par' dir='ltr' id='par_1_109' title="bbox 1063 2714 1850 2752">
     <span class='ocr_line' id='line_1_109' title="bbox 1063 2714 1850 2752; baseline -0.005 -8"><span class='ocrx_word' id='word_1_757' title='bbox 1063 2717 1198 2752; x_wconf 79' lang='grc' dir='ltr'>θαλάττης</span> <span class='ocrx_word' id='word_1_758' title='bbox 1208 2717 1248 2748; x_wconf 86' lang='grc' dir='ltr'><strong>είς</strong></span> <span class='ocrx_word' id='word_1_759' title='bbox 1262 2717 1399 2743; x_wconf 85' lang='grc' dir='ltr'>Θάλασσαν</span> <span class='ocrx_word' id='word_1_760' title='bbox 1414 2716 1462 2751; x_wconf 78' lang='grc' dir='ltr'>τὴν</span> <span class='ocrx_word' id='word_1_761' title='bbox 1482 2715 1645 2750; x_wconf 80' lang='grc' dir='ltr'>Ἡράκλειαν</span> <span class='ocrx_word' id='word_1_762' title='bbox 1665 2714 1850 2749; x_wconf 59' lang='grc' dir='ltr'>περιγράψαι.</span> 
     </span>
    </p>
   </div>
   <div class='ocr_carea' id='block_1_110' title="bbox 877 2777 1213 2806">
    <p class='ocr_par' dir='ltr' id='par_1_110' title="bbox 877 2777 1213 2806">
     <span class='ocr_line' id='line_1_110' title="bbox 877 2777 1213 2806; baseline 0 -1"><span class='ocrx_word' id='word_1_763' title='bbox 877 2778 993 2806; x_wconf 64' lang='lat' dir='ltr'><strong>VARI/Ii</strong></span> <span class='ocrx_word' id='word_1_764' title='bbox 1011 2777 1213 2806; x_wconf 79' lang='lat' dir='ltr'><strong>LECTIONES.</strong></span> 
     </span>
    </p>
   </div>
   <div class='ocr_carea' id='block_1_111' title="bbox 262 2831 940 2869">
    <p class='ocr_par' dir='ltr' id='par_1_111' title="bbox 262 2831 940 2869">
     <span class='ocr_line' id='line_1_111' title="bbox 262 2831 940 2869; baseline 0.004 -9"><span class='ocrx_word' id='word_1_765' title='bbox 262 2831 285 2869; x_wconf 59' lang='grc' dir='ltr'><strong>ξ’</strong></span> <span class='ocrx_word' id='word_1_766' title='bbox 303 2832 352 2869; x_wconf 62' lang='grc' dir='ltr'>καὶ</span> <span class='ocrx_word' id='word_1_767' title='bbox 363 2833 412 2869; x_wconf 74' lang='grc' dir='ltr'>τῆς</span> <span class='ocrx_word' id='word_1_768' title='bbox 436 2835 565 2866; x_wconf 80' lang='grc' dir='ltr'>Ἰουδαίας</span> <span class='ocrx_word' id='word_1_769' title='bbox 581 2844 611 2868; x_wconf 83' lang='grc' dir='ltr'>ς.</span> <span class='ocrx_word' id='word_1_770' title='bbox 663 2836 685 2852; x_wconf 75' lang='grc'><strong>³⁰</strong></span> <span class='ocrx_word' id='word_1_771' title='bbox 698 2835 732 2863; x_wconf 80' lang='grc' dir='ltr'><strong>τά</strong></span> <span class='ocrx_word' id='word_1_772' title='bbox 747 2836 768 2863; x_wconf 80' lang='grc' dir='ltr'><strong>Α</strong></span> <span class='ocrx_word' id='word_1_773' title='bbox 788 2845 793 2862; x_wconf 90' lang='lat'><strong><em>:</em></strong></span> <span class='ocrx_word' id='word_1_774' title='bbox 809 2836 895 2863; x_wconf 73' lang='grc' dir='ltr'>ταῦτα</span> <span class='ocrx_word' id='word_1_775' title='bbox 910 2846 940 2869; x_wconf 83' lang='grc' dir='ltr'>ς.</span> 
     </span>
    </p>
   </div>
   <div class='ocr_carea' id='block_1_112' title="bbox 979 2835 1393 2872">
    <p class='ocr_par' dir='ltr' id='par_1_112' title="bbox 979 2835 1393 2872">
     <span class='ocr_line' id='line_1_112' title="bbox 979 2835 1393 2872; baseline -0.002 -9"><span class='ocrx_word' id='word_1_776' title='bbox 979 2837 1000 2852; x_wconf 81' lang='grc'><strong>⁸⁸</strong></span> <span class='ocrx_word' id='word_1_777' title='bbox 1015 2836 1175 2872; x_wconf 74' lang='grc' dir='ltr'>φιλοφρόνου</span> <span class='ocrx_word' id='word_1_778' title='bbox 1188 2837 1237 2871; x_wconf 74' lang='grc' dir='ltr'><strong>μὲν</strong></span> <span class='ocrx_word' id='word_1_779' title='bbox 1251 2835 1344 2871; x_wconf 81' lang='grc' dir='ltr'>ἔτυχον</span> <span class='ocrx_word' id='word_1_780' title='bbox 1364 2845 1393 2868; x_wconf 72' lang='grc' dir='ltr'>ς.</span> 
     </span>
    </p>
   </div>
   <div class='ocr_carea' id='block_1_113' title="bbox 228 2864 1550 2907">
    <p class='ocr_par' dir='ltr' id='par_1_113' title="bbox 228 2864 1550 2907">
     <span class='ocr_line' id='line_1_113' title="bbox 228 2864 1550 2907; baseline 0.004 -16"><span class='ocrx_word' id='word_1_781' title='bbox 228 2864 412 2895; x_wconf 47' lang='lat' dir='ltr'><strong>&quot;nauseam</strong></span> <span class='ocrx_word' id='word_1_782' title='bbox 427 2878 455 2901; x_wconf 77' lang='grc' dir='ltr'>ς.</span> <span class='ocrx_word' id='word_1_783' title='bbox 495 2869 518 2885; x_wconf 71' lang='grc'><strong>⁸⁸</strong></span> <span class='ocrx_word' id='word_1_784' title='bbox 535 2864 643 2906; x_wconf 57' lang='grc' dir='ltr'>Λευκίῳ</span> <span class='ocrx_word' id='word_1_785' title='bbox 658 2871 680 2898; x_wconf 80' lang='grc' dir='ltr'><strong>Α</strong></span> <span class='ocrx_word' id='word_1_786' title='bbox 696 2881 702 2899; x_wconf 87' lang='lat'>:</span> <span class='ocrx_word' id='word_1_787' title='bbox 722 2872 856 2907; x_wconf 79' lang='grc' dir='ltr'>Σελευκίῳ</span> <span class='ocrx_word' id='word_1_788' title='bbox 873 2881 901 2904; x_wconf 77' lang='grc' dir='ltr'>ς.</span> <span class='ocrx_word' id='word_1_789' title='bbox 915 2864 924 2869; x_wconf 74' lang='grc'><em>’</em></span> <span class='ocrx_word' id='word_1_790' title='bbox 940 2873 962 2888; x_wconf 81' lang='grc'><strong>⁸⁵</strong></span> <span class='ocrx_word' id='word_1_791' title='bbox 975 2864 1049 2907; x_wconf 67' lang='grc' dir='ltr'>αὐτῷ</span> <span class='ocrx_word' id='word_1_792' title='bbox 1076 2864 1106 2899; x_wconf 55' lang='grc' dir='ltr'><strong>1’1ί</strong></span> <span class='ocrx_word' id='word_1_793' title='bbox 1119 2864 1271 2907; x_wconf 74' lang='lat' dir='ltr'><strong>Stephanus</strong></span> <span class='ocrx_word' id='word_1_794' title='bbox 1286 2864 1377 2898; x_wconf 37' lang='lat' dir='ltr'><strong>:Ililnri&#39;</strong></span> <span class='ocrx_word' id='word_1_795' title='bbox 1391 2864 1490 2897; x_wconf 64' lang='grc' dir='ltr'>αὑτῶνί</span> <span class='ocrx_word' id='word_1_796' title='bbox 1507 2864 1550 2886; x_wconf 76' lang='grc'><strong>”⁸⁶</strong></span> 
     </span>
    </p>
   </div>
   <div class='ocr_carea' id='block_1_114' title="bbox 1442 2833 1847 2895">
    <p class='ocr_par' dir='ltr' id='par_1_114' title="bbox 1442 2833 1847 2895">
     <span class='ocr_line' id='line_1_114' title="bbox 1442 2833 1847 2870; baseline 0 -9"><span class='ocrx_word' id='word_1_797' title='bbox 1442 2835 1464 2851; x_wconf 78' lang='grc'><strong>⁸³</strong></span> <span class='ocrx_word' id='word_1_798' title='bbox 1475 2834 1544 2870; x_wconf 73' lang='grc' dir='ltr'>ψηφ.</span> <span class='ocrx_word' id='word_1_799' title='bbox 1557 2833 1804 2868; x_wconf 67' lang='grc' dir='ltr'>προσαντὲγραψαν</span> <span class='ocrx_word' id='word_1_800' title='bbox 1818 2843 1847 2865; x_wconf 70' lang='grc' dir='ltr'><strong>τ.</strong></span> 
     </span>
     <span class='ocr_line' id='line_1_115' title="bbox 1443 2869 1700 2895; baseline 0 0"><span class='ocrx_word' id='word_1_801' title='bbox 1443 2871 1490 2895; x_wconf 82' lang='grc' dir='ltr'><strong>ὢν.</strong></span> <span class='ocrx_word' id='word_1_802' title='bbox 1528 2871 1550 2886; x_wconf 75' lang='grc'><strong>⁸⁵</strong></span> <span class='ocrx_word' id='word_1_803' title='bbox 1580 2869 1645 2895; x_wconf 79' lang='grc' dir='ltr'>αὑτό</span> <span class='ocrx_word' id='word_1_804' title='bbox 1671 2877 1700 2895; x_wconf 66' lang='grc' dir='ltr'><strong>(ῗ.</strong></span> 
     </span>
    </p>
   </div>
   <div class='ocr_carea' id='block_1_115' title="bbox 1580 2877 1700 2900">
    <p class='ocr_par' dir='ltr' id='par_1_115' title="bbox 1580 2877 1700 2900">
     <span class='ocr_line' id='line_1_116' title="bbox 1580 2877 1700 2900; baseline -0.008 -4"><span class='ocrx_word' id='word_1_805' title='bbox 1580 2877 1645 2896; x_wconf 83' lang='grc' dir='ltr'>αυτο</span> <span class='ocrx_word' id='word_1_806' title='bbox 1671 2877 1700 2900; x_wconf 74' lang='grc' dir='ltr'>ς.</span> 
     </span>
    </p>
   </div>
  </div>
