1920 3090
236 124 288 155 907

236 184 289 215 sin,
306 189 394 217 usque
418 183 451 209 ad
471 183 579 210 climata
597 187 672 210 trans
696 183 848 210 Caucasum
863 191 870 209 :
888 191 1024 219 regnoque
1038 185 1062 215 Α

235 229 341 263 magnis
359 229 461 256 viribus
474 230 649 264 amplilicato,
668 238 795 265 maguum
808 231 968 265 arrogantiae
981 236 1024 257 tu-

234 284 336 303 morem
363 276 533 309 ostentabat.
562 275 757 309 Quamobrem,
791 283 852 302 cum
883 283 916 302 eo
940 277 1025 311 magis

233 321 347 349 consilio
375 321 434 354 ejus
456 326 581 355 suspecta
610 321 741 348 haberent
770 320 884 347 Romani
901 327 1026 348 senatus-

233 367 387 394 consiiltum
405 366 540 397 fecerant,
553 371 582 392 ut
600 370 709 401 paterna
734 367 841 400 regibus
862 366 1023 401 Scytharum

235 419 317 447 regna
341 411 528 439 constitueret.
549 411 585 438 At
609 411 631 438 is
663 411 801 438 moderate
822 412 930 446 quidem
949 419 1026 439 man-

234 458 304 486 datis
328 457 441 492 obsequi
466 457 537 484 :sed
558 458 665 484 interim
692 456 809 484 Parthos
823 462 847 485 et
871 457 972 490 Medos,
999 462 1026 485 et

234 503 381 539 Tigranem
396 504 568 537 Armenium,
584 511 717 539 regesque
729 505 905 540 Scytharum.
923 510 949 532 et
965 505 1025 532 Ihe-

236 556 291 582 ras,
307 549 334 575 in
359 549 517 576 societatem
549 549 778 578 helliasciscere:
809 551 930 585 aliasque
961 550 1022 577 belli

236 602 333 622 causas
348 595 506 630 adjungere.
525 594 593 623 Cum
611 601 723 623 senatus
739 596 811 622 enim
831 596 924 623 Itonia!
945 596 1025 624 Nico-

236 642 354 673 medem,
367 649 400 668 ex
422 640 567 669 Nicomede
588 647 615 669 et
626 641 696 677 Nysa
725 642 912 677 progenitum,
933 642 1026 678 Bithy-

235 687 287 714 niae
302 693 390 721 regem
405 687 577 720 instituisset,
589 686 759 715 Mithridates
767 687 1027 721 Niconiedem,Frn-

235 733 261 767 εἰ
276 739 465 767 cognomento,
484 732 521 759 illi
538 735 675 767 opposuit.
691 733 836 761 Praevaluit.
855 739 945 761 tamen
971 733 1026 762 ele-

235 778 291 806 ctio
307 777 501 810 Romanorum,
519 777 673 806 Mithridate
690 779 784 806 invito.

806 125 937 155 PIIO’I‘II
957 125 1210 156 PATRIARCIIIE
1229 126 1282 156 CI’.

1075 182 1123 209 τὸν
1133 183 1217 209 Φᾶσιν
1234 186 1238 195 ³
1248 182 1352 214 ατιλεῖς
1370 182 1423 214 ἕως
1435 181 1489 209 τῶν
1507 182 1647 218 κλιμάτων
1659 183 1713 210 τῶν
1728 183 1801 219 ὑπὲρ
1819 184 1869 210 τὸν

1077 228 1234 261 Καύκασον,
1260 230 1306 255 καὶ
1333 230 1383 264 τὴν
1409 228 1495 264 ἀρχὴν
1517 229 1631 264 ηὔξησε,
1653 231 1700 256 καὶ
1720 231 1766 257 ἐπὶ
1792 231 1870 266 μέγα

1077 274 1237 307 ἀλαζονείας
1262 274 1416 309 ἐξώγκωτο.
1444 275 1484 301 Δι’
1501 275 1519 302 ἃ
1541 276 1640 310 μᾶλλον
1658 276 1790 311 Ῥωμαῖοι
1815 277 1870 312 τὴν

1079 320 1162 346 αὐτοῦ
1184 320 1305 346 διάνοιαν
1325 319 1446 346 ὕποπτον
1466 320 1530 356 [378
1561 320 1589 348 b.
1620 320 1666 356 ΙΙ.]
1694 321 1868 356 ποιούμενοι,

1075 367 1134 397 τοῖς
1163 365 1275 392 Σκυθῶν
1299 365 1458 401 βασιλεῦσιν
1475 365 1642 401 ἐψηφίσαντο
1662 366 1711 398 τὰς
1732 366 1871 402 πατρῴας

1076 411 1160 438 αὑτὸν
1177 411 1266 447 ἀρχὰς
1282 412 1519 447 ἀποκαταστῆσαι.
1536 412 1565 438 '0
1573 412 1601 438 δὲ
1614 413 1732 448 μετρίως
1744 413 1795 446 μὲν
1807 414 1870 444 τοῖς

1077 459 1326 493 προσταττομένοις
1337 459 1469 493 ὑπήκουε,
1478 458 1639 493 συμμάχους
1649 458 1677 484 δὲ
1686 458 1813 493 Πάρθους
1819 459 1870 485 καὶ

1076 503 1187 538 Μήδους
1200 503 1249 530 καὶ
1261 503 1402 538 Τιγράνην
1420 503 1561 538 Ἀρμένιον
1574 503 1622 530 καὶ
1637 504 1699 535 τοὺς
1713 504 1870 535 Σκυθικοὺς

1077 548 1199 584 βασιλεῖς
1222 549 1324 576 καὶτὸν
1337 549 1435 584 Ἴϐηρα
1451 549 1686 585 προσηταιρίζετο.
1703 550 1870 584 Προσετίθει

1076 594 1104 620 δὲ
1121 593 1169 620 καὶ
1184 593 1281 629 ἑτέρας
1297 594 1344 620 τοῦ
1364 594 1484 628 πολέμου
1505 594 1611 626 αἰτίας·
1632 594 1684 628 τῆς
1700 595 1755 630 γὰρ
1778 595 1810 620 ὲν
1832 596 1868 629 τῇ

1082 640 1176 676 Ῥώμῃ
1193 640 1346 675 συγκλήτου
1363 640 1523 676 Νικομήδην
1537 640 1583 667 τὸν
1601 641 1624 657 ⁸⁸
1646 641 1677 667 ὲκ
1692 641 1870 676 Νικομήδους

1077 686 1125 713 καὶ
1134 685 1227 721 Νύσης
1242 686 1352 721 βασιλέα
1359 686 1487 718 Βιθυνίας
1499 686 1681 721 καθιστώσης,
1695 686 1871 721 Μιθριδάτης

1076 731 1123 758 τὸν
1154 731 1272 766 χρηστὸν
1296 731 1478 766 ἐπικληθέντα
1509 731 1668 767 Νικομήδην
1695 732 1718 748 η
1750 733 1866 758 ἀντεκα-

1078 776 1158 811 θίστη
1170 783 1177 791 ·
1199 776 1348 812 ἐπεκράτει
1370 775 1391 802 δ’
1416 776 1492 812 ὅμως
1508 777 1525 812 ή
1551 776 1694 812 Ῥωμαίων
1711 776 1804 812 κρίσις
1819 777 1872 803 καὶ

1078 822 1191 854 ἄκοντος
1202 821 1380 857 Μιθριδάτου.
1581 816 1594 832 ⁸

428 877 491 905 CAP.
508 875 626 905 XXXIII.
641 891 676 896 -
689 875 850 904 Mithridatis
864 877 980 904 victoriae
992 877 1024 904 de
1044 877 1196 910 Nicomede,
1212 884 1235 906 et
1251 884 1350 914 strages
1363 878 1459 906 civium
1472 878 1548 906 Rom.
1563 879 1592 905 in
1611 878 1686 907 Asia.

269 924 368 959 lnterie
379 929 416 952 -ιο
433 930 564 958 tempore,
580 931 641 952 cum
654 923 734 960 Sylla:
755 928 782 951 et
810 923 888 951 Marii
905 923 931 951 in
948 931 1027 959 repu~
1043 927 1067 957 B

235 971 307 998 blica
321 971 442 999 Romana
455 970 554 998 seditio
575 970 738 1002 exarsisset,
756 969 920 998 Archelaum
936 970 1027 1004 copia-

235 1025 294 1044 rum
307 1017 401 1044 ducem
420 1016 589 1044 Mithridates
606 1016 689 1043 £5000
700 1015 943 1051 peditum,et1000
951 1015 1028 1051 equi-

237 1066 309 1093 tum,
328 1062 353 1088 in
379 1060 511 1096 Bithynos
530 1061 630 1089 ducere
650 1060 743 1096 jussit,
764 1060 924 1095 collatisque
941 1061 1027 1095 signis

237 1108 324 1135 victor
340 1108 433 1134 evadit
447 1107 609 1135 Archelaus.
623 1107 656 1134 Et
670 1107 738 1143 fugit
753 1115 814 1136 cum
829 1108 924 1143 paucis
945 1108 1025 1135 etiam

235 1153 405 1181 Nicomedes.
415 1153 474 1187 Quo
482 1153 591 1188 cognito
608 1153 790 1186 Mithridates,
801 1161 862 1181 cum
875 1153 927 1181 sub
945 1161 1025 1181 manu

234 1205 326 1231 essent
343 1199 505 1233 auxiliares,
522 1199 621 1227 castris
633 1206 649 1227 e
665 1199 786 1234 subiecto
799 1200 915 1227 Amasis:
930 1206 1027 1234 campo

235 1247 326 1280 motis,
334 1255 381 1282 per
391 1244 599 1282 Paphlagoniam
611 1244 664 1275 iter
676 1243 752 1277 facit.
764 1243 867 1272 150000
874 1245 1025 1272 exercitum

235 1293 382 1319 adducens.
398 1291 499 1320 Marius
514 1298 603 1320 autent
615 1292 666 1319 sub
681 1293 767 1328 signis
782 1289 885 1320 habens
898 1289 1024 1320 Nicome-

236 1339 278 1366 dis
292 1339 384 1373 copias
408 1340 478 1374 (φιλο
493 1339 526 1366 ad
540 1339 627 1366 solam
646 1338 809 1366 Mithridatis
822 1338 922 1365 famam
943 1338 1025 1367 dissi-

236 1385 392 1419 patiantur),
406 1393 468 1412 cum
482 1384 577 1419 exigua
596 1383 782 1412 Romanorum
799 1392 879 1412 manu
895 1392 955 1412 sese
963 1386 1024 1413 sub-

233 1430 301 1465 jecit
326 1430 501 1466 ilenophani,
521 1431 687 1458 Mithridatis
716 1431 834 1463 tribuno,
851 1436 879 1458 et
902 1431 1025 1466 repulsus

235 1476 316 1510 fugit,
333 1477 406 1504 omni
422 1477 544 1503 exercitu
565 1476 677 1503 antisse.
701 1475 803 1503 Secura
829 1476 912 1510 igitur
933 1477 1025 1512 Bithy—

235 1523 310 1549 niam
332 1522 465 1550 invadens
484 1522 665 1555 Mithridates,
681 1526 709 1550 et
731 1523 813 1550 urbes
836 1528 865 1550 et
885 1524 1024 1558 regionem

236 1569 305 1596 citra
327 1577 444 1604 pugnam
463 1569 569 1597 obtinet
584 1578 591 1596 :
606 1573 823 1603 ceterarumque
838 1569 911 1597 Asiae
926 1569 1024 1597 civita-

236 1619 294 1643 tum
324 1600 384 1643 aliaa
399 1616 553 1651 capiuntur,
565 1615 625 1643 aliae
639 1615 667 1642 in
681 1615 760 1643 [idem
776 1615 847 1650 regis
863 1616 1023 1643 concedunt.
1039 1600 1062 1631 ο

236 1660 270 1688 Ει
287 1667 396 1696 repente
426 1662 524 1697 ingens
550 1662 576 1688 lit
598 1660 688 1688 rerum
708 1661 894 1694 cotnmutatio,
912 1660 1026 1690 Rhodiis

236 1707 408 1735 solummodo
419 1707 446 1735 in
462 1707 581 1735 amicitia
600 1706 786 1734 Romanorum
803 1706 1024 1742 perdurantihus.

237 1753 352 1787 Ideoque
372 1757 444 1779 terra
463 1752 586 1786 marique
607 1751 706 1778 bellum
721 1755 818 1778 contra
843 1751 916 1786 ipsos
941 1751 1025 1778 movit

238 1797 420 1829 Mithridates,
438 1797 502 1824 licet
516 1796 613 1824 Rhodii
629 1797 729 1824 virtute
739 1801 767 1824 et
777 1796 884 1823 fortuna
898 1796 934 1823 ita
950 1801 1026 1824 ante-

236 1843 377 1876 cellerent,
388 1848 417 1871 ut
425 1851 508 1879 prope
523 1848 596 1872 esset
620 1844 708 1878 ipsum
723 1850 813 1878 regem
831 1843 918 1870 navali
933 1843 1025 1877 praelio

238 1891 264 1917 in
290 1890 407 1917 hostium
432 1889 525 1917 venire
551 1897 657 1917 manus.
681 1889 820 1917 Intellecto
843 1894 903 1924 post
923 1889 1024 1924 231a

237 1934 418 1966 Mithridates,
431 1935 505 1962 cives
521 1935 657 1962 Romanos
670 1943 717 1970 per
735 1935 821 1962 urbes
834 1934 906 1962 Asiae
918 1935 1025 1970 disper-

237 1987 283 2007 sos
304 1980 425 2007 consiliis
444 1980 500 2007 suis
526 1980 721 2014 impedimento
742 1988 814 2012 esse,
839 1980 872 2008 ad
899 1981 1024 2008 civitates

237 2027 359 2062 scripsit,
380 2031 410 2054 ut
423 2035 477 2054 uno
494 2027 537 2054 die
553 2034 647 2054 omnes
663 2027 734 2062 apud
751 2034 781 2055 se
799 2027 937 2055 Romanos
949 2028 1025 2056 occi-

237 2073 342 2100 derent.
360 2073 393 2100 Et
412 2073 548 2108 plerasque
570 2073 642 2100 dicto
660 2073 719 2108 ejus
740 2073 898 2106 audientes,
923 2074 1024 2101 caedem

239 2124 341 2146 tantam
366 2123 527 2154 patrarunt,
552 2123 582 2146 ut
608 2126 661 2146 uno
687 2119 837 2154 eodemque
863 2119 907 2147 die
938 2119 1025 2147 80000

237 2166 327 2200 gladio
342 2170 456 2193 mhrtem
477 2170 649 2201 oppeterent.

1120 924 1256 960 'Y'atepov
1271 925 1299 952 δὲ
1319 925 1406 953 Σύλλα
1420 926 1468 952 καὶ
1481 925 1588 960 Μαρίου
1603 925 1666 959 περὶ
1680 924 1730 960 τήν
1746 924 1871 960 Ῥωμαῖ-

1077 970 1128 1006 κὴν
1141 971 1280 998 πολιτείαν
1293 972 1533 1008 ἀναρῥιπισάντων
1540 971 1589 1006 τὴν
1605 971 1710 1004 στάσιν,
1727 971 1871 1006 τέσσαρας

1078 1015 1213 1050 μυριάδας
1246 1016 1337 1049 πεζῶν
1360 1016 1409 1043 καὶ
1427 1017 1540 1052 μυρίους
1555 1016 1578 1032 ⁸⁸
1603 1015 1703 1047 ἱππέας
1723 1016 1872 1051 ’Δρχελάῳ

1075 1060 1115 1096 τῷ
1127 1061 1273 1097 στρατηγῷ
1294 1062 1433 1096 παραδοὺς
1445 1063 1460 1089 ὸ
1476 1062 1645 1098 Μιθριδάτης
1660 1063 1731 1089 κατὰ
1742 1062 1872 1088 Βιθυνῶν

1075 1106 1205 1134 ἐκέλευσε
1220 1108 1390 1142 στρατεύειν,
1412 1109 1468 1135 Καὶ
1483 1109 1580 1144 κρατεῖ
1595 1109 1643 1143 τῆς
1658 1108 1746 1143 μάχης
1756 1108 1871 1143 συμϐα-

1076 1151 1131 1179 λὼν
1144 1153 1302 1188 Ἀρχέλαος.
1331 1154 1427 1188 φεύγει
1449 1154 1478 1180 δὲ
1492 1154 1539 1180 καὶ
1553 1154 1713 1189 Νικομήδης
1734 1154 1793 1188 μετ’
1812 1154 1871 1180 ὀλί-

1076 1205 1142 1232 γων.
1157 1198 1251 1224 Ταῦτα
1263 1197 1358 1233 μαθὼν
1372 1199 1544 1235 Μιθριδάτης
1554 1199 1774 1234 παραγεγονότος
1789 1199 1872 1234 αὺτῴ

1076 1243 1125 1270 καὶ
1137 1243 1184 1269 τοῦ
1199 1244 1387 1279 συμμαχικοῦ,
1401 1245 1471 1280 ἄρας
1481 1245 1536 1272 ἀπὸ
1549 1245 1597 1272 τοῦ
1609 1245 1673 1281 πρὸς
1685 1247 1719 1280 τῇ
1729 1245 1872 1281 ’Δμασείᾳ

1076 1288 1167 1315 πεδίου
1189 1289 1235 1316 διὰ
1248 1290 1298 1324 τῆς
1319 1290 1513 1325 Παφλαγονίας
1527 1291 1581 1327 ᾔει,
1606 1292 1803 1319 πεντεκαίδεκα
1817 1301 1874 1328 μυ-

1077 1333 1172 1372 ριάδας
1183 1335 1300 1373 στρατὸν
1317 1335 1498 1371 ἐπαγόμενος.
1517 1337 1620 1370 Μάνιος
1638 1339 1660 1354 ’⁷
1678 1338 1706 1365 δὲ
1718 1338 1773 1364 τῶν
1793 1339 1873 1373 ἀμφὶ

1074 1382 1235 1418 Νικομήδην
1265 1382 1525 1420 συστραπυομένων
1553 1383 1627 1421 αὐτῷ
1649 1383 1719 1422 μόνῃ
1750 1385 1782 1421 τῇ
1816 1386 1868 1413 τοῦ

1075 1429 1244 1465 Μιθριδάτου
1259 1431 1339 1466 φήμῃ
1353 1431 1612 1465 διασκεδασθέντων,
1627 1433 1696 1467 μετὰ
1718 1432 1872 1467 Ῥωμαίων

1074 1475 1174 1510 ὀλίγων
1187 1476 1456 1511 ἀντιπαρατάσσεται
1474 1478 1633 1514 Μηνοφάνει
1643 1477 1682 1513 τῷ
1698 1478 1873 1513 Μιθριδάτου

1076 1521 1237 1557 στρατηγῷ,
1261 1522 1309 1548 καὶ
1325 1523 1441 1557 τραπεὶς
1455 1524 1561 1558 φεύγει,
1584 1525 1675 1550 πᾶσαν
1689 1523 1738 1559 τὴν
1750 1523 1873 1559 δύναμιν

1077 1567 1235 1596 ἀποϐαλών.
1253 1568 1397 1603 Ἐμὸαλὼν
1421 1569 1450 1595 δὲ
1473 1569 1522 1596 σὺν
1546 1569 1623 1605 ἀδείᾳ
1641 1569 1812 1605 Μιθριδάτης
1828 1571 1874 1602 εἷς

1077 1613 1126 1647 τὴν
1140 1613 1267 1641 Βιθυνίαν
1281 1614 1329 1646 τάς
1341 1623 1371 1641 τε
1388 1614 1480 1646 πόλεις
1500 1616 1547 1642 καὶ
1560 1616 1611 1650 τὴν
1635 1615 1726 1651 χώραν
1746 1616 1836 1651 ἀμαχὶ
1847 1616 1872 1632 ⁹¹

1079 1660 1195 1696 κατέσχε
1208 1669 1215 1675 ·
1233 1661 1281 1688 καὶ
1303 1661 1357 1687 τῶν
1372 1661 1461 1689 ἄλλων
1473 1662 1502 1688 δὲ
1527 1662 1632 1688 πόλεων
1651 1663 1707 1689 τῶν
1731 1663 1804 1689 κατὰ
1818 1664 1874 1698 τὴν

1082 1706 1176 1734 Ἀσίαν
1194 1707 1222 1733 αἱ
1244 1707 1293 1742 μὲν
1310 1707 1455 1742 ἡλίσκοντο
1474 1710 1502 1735 αἱ
1513 1708 1541 1735 δὲ
1557 1709 1750 1744 προσεχώρουν
1764 1709 1804 1744 τῷ
1820 1709 1874 1744 βα-

1077 1752 1155 1785 σιλεῖ,
1179 1753 1227 1779 καὶ
1254 1753 1389 1790 μεταϐολὴ
1415 1755 1469 1781 τῶν
1501 1756 1570 1782 ὅλων
1596 1755 1684 1790 ἀθρόα
1706 1756 1874 1789 καθίστατο,

1083 1797 1191 1824 Ῥοδίων
1214 1798 1293 1833 μόνον
1318 1799 1367 1835 τὴν
1384 1800 1453 1835 πρὸς
1469 1800 1624 1835 Ῥωμαίους
1641 1801 1811 1836 στεργόντων
1825 1810 1875 1833 φι-

1077 1843 1149 1871 λίαν.
1174 1844 1213 1871 Δι’
1237 1845 1271 1880 ἢν
1295 1846 1355 1872 κατ’
1368 1846 1459 1873 αὐτῶν
1481 1846 1650 1882 Μιθριδάτης
1671 1848 1718 1874 καὶ
1730 1847 1802 1874 κατὰ
1816 1848 1875 1882 γῆν

1078 1891 1126 1918 καὶ
1154 1892 1225 1918 κατὰ
1241 1892 1376 1919 θάλατταν
1405 1892 1490 1920 ἐκίνει
1513 1894 1559 1919 τὸν
1580 1894 1708 1928 πόλεμον,
1734 1895 1758 1920 εί
1777 1894 1825 1920 καὶ
1841 1895 1875 1921 τὸ

1079 1937 1160 1964 πλέον
1178 1938 1275 1965 Ῥόδιοι
1291 1938 1380 1974 ἔσχον,
1399 1939 1437 1971 ὡς
1454 1939 1502 1966 καὶ
1522 1940 1604 1967 αὐτὸν
1620 1941 1788 1977 Μιθριδάτην
1802 1950 1873 1968 ναυ-

1079 1984 1220 2019 μαχοῦντα
1237 1985 1319 2019 ἐγγὺς
1334 1985 1382 2012 τοῦ
1397 1986 1500 2012 ἁλῶναι
1515 1986 1615 2013 ἐλθεῖν.
1640 1987 1717 2013 Μετὰ
1731 1987 1760 2014 δὲ
1781 1988 1875 2015 ταῦτα

1081 2029 1175 2065 μαθὼν
1195 2031 1366 2067 Μιθριδάτης
1380 2032 1417 2064 ὡς
1431 2033 1456 2059 οἱ
1474 2033 1542 2060 κατὰ
1558 2033 1608 2064 τὰς
1625 2032 1718 2065 πόλεις
1734 2033 1876 2069 σποράδες

1086 2077 1219 2113 Ῥωμαῖοι
1238 2079 1293 2106 τῶν
1318 2080 1384 2116 παρ’
1411 2080 1494 2107 αὑτοῦ
1517 2081 1716 2115 διανοουμένων
1742 2082 1876 2117 ἐμποδὼν

1079 2122 1214 2155 ἵστανται.
1235 2126 1336 2160 γράφει
1352 2126 1419 2162 πρὸς
1433 2128 1526 2159 πάσας
1541 2127 1593 2154 ὑπὸ
1609 2128 1674 2163 μίαν
1685 2128 1795 2163 ἡμέραν
1807 2130 1875 2160 τοὺς

1078 2170 1143 2205 παρ’
1152 2169 1246 2202 αὑταῖς
1266 2171 1419 2207 Ῥωμαίους
1426 2173 1562 2206 φονεύειν.
1573 2174 1628 2200 Καὶ
1639 2173 1733 2200 πολλοὶ
1743 2173 1875 2200 πεισθέν-

235 2221 281 2244 τες
294 2212 422 2239 τοσοῦτον
446 2212 527 2247 φόνον
544 2212 727 2248 εἰργάσαντο,
741 2212 780 2244 ὼς
802 2211 936 2248 μυριάδας
950 2212 1023 2240 ὀκτὼ
1044 2213 1075 2241 ὲν
1095 2218 1146 2252 μιᾷ
1163 2218 1211 2245 καὶ
1235 2220 1268 2254 τῇ
1285 2219 1354 2254 αὐτῇ
1377 2219 1470 2255 ἡμέρᾳ
1499 2220 1545 2247 τὸν
1558 2220 1602 2247 διὰ
1638 2220 1733 2256 ξίφους
1759 2221 1877 2258 ὖλεθρον

236 2259 251 2285 th
256 2258 396 2293 ποστῆναι.

487 2315 551 2343 CM“.
569 2314 688 2342 XXXIV.
703 2331 734 2336 —-
748 2314 831 2349 Sylla:
843 2315 958 2342 victoria:
971 2316 1003 2343 de
1016 2316 1108 2343 Taxile
1126 2321 1151 2343 et
1164 2317 1292 2345 Are/telae
1309 2318 1474 2347 Mithridatis
1486 2320 1607 2348 ducibus.

274 2371 324 2399 Uhi
342 2379 406 2399 vero
423 2371 526 2399 Eretria
542 2377 569 2399 et
582 2371 690 2399 Chalcis
703 2373 826 2406 adeoque
844 2377 898 2400 tota
928 2373 1028 2400 Euboea
1045 2375 1069 2404 D

1122 2373 1264 2409 Ἐρετρίας
1280 2375 1308 2401 δὲ
1328 2375 1375 2402 καὶ
1391 2376 1523 2409 Χαλκίδος
1538 2378 1586 2405 καὶ
1603 2378 1668 2414 ὅλης
1682 2378 1801 2411 Εὖϐοίας
1817 2381 1879 2412 τοῖς

1079 2418 1127 2446 τοῦ
1155 2420 1321 2455 Μιθριδάτου
1343 2422 1555 2457 προσθεμένων,
1580 2425 1627 2450 καὶ
1653 2423 1741 2451 ἄλλων
1767 2426 1880 2453 πόλεων

1080 2465 1155 2500 αὐτῷ
1175 2467 1425 2501 προσχωρούντων,
1442 2469 1490 2495 καὶ
1510 2469 1563 2505 μὴν
1583 2470 1630 2496 καὶ
1650 2471 1879 2506 Λακεδαιμονίων

1080 2511 1270 2545 ἡττηθέντων,
1293 2513 1397 2541 Σύλλαν
1407 2515 1429 2530 ’³
1455 2515 1644 2550 ἐκπέμπουσιν
1667 2517 1693 2543 οι
1720 2516 1878 2552 Ῥωμαῖοι,

237 2558 352 2584 adventu
362 2556 499 2588 civitates,
510 2555 607 2590 partim
623 2559 719 2589 sponte
729 2554 895 2582 deditionem
908 2554 1024 2587 faciunt,

1081 2557 1178 2593 ἱκανὴν
1192 2558 1267 2593 αὺτῷ
1282 2560 1526 2596 συνεκπέμψαντες
1538 2562 1681 2597 στρατιάν,
1702 2562 1731 2588 ’0
1742 2562 1771 2589 δὲ
1784 2572 1880 2598 παρα-

237 2603 334 2638 partim
361 2603 385 2629 vi
413 2602 439 2629 iu
475 2605 633 2636 potestatem
659 2601 719 2635 ejus
747 2601 872 2628 veniunt.
889 2600 944 2628 Nec
967 2602 1026 2628 exi-

1081 2603 1200 2638 γεγονὼς
1215 2602 1270 2630 τῶν
1290 2605 1394 2632 πόλεων
1413 2606 1462 2637 τὰς
1478 2607 1527 2642 μὲν
1547 2607 1719 2643 ἑκουσιότητι
1739 2610 1881 2643 μεταδαλ-

236 2656 304 2684 guas
321 2648 494 2675 I’onticorum
515 2647 608 2682 copias
634 2647 724 2674 l'undit
745 2651 772 2674 et
795 2646 881 2682 fugat.
906 2647 1026 2675 Athenas

1080 2649 1212 2684 λομένας,
1228 2650 1278 2682 τὰς
1294 2651 1321 2677 δὲ
1336 2651 1384 2678 καὶ
1398 2651 1444 2687 βίᾳ
1459 2653 1603 2688 κατέσχεν,
1620 2654 1670 2680 οὐκ
1684 2654 1775 2688 ὀλίγον
1792 2658 1878 2692 στρὰη

236 2695 316 2722 etiam
333 2693 405 2728 cepit
420 2702 426 2720 :
440 2698 468 2721 et
486 2693 544 2720 SUIO
567 2693 631 2720 urbs
646 2697 749 2727 aequata
767 2697 850 2726 esset,
874 2693 927 2720 nisi
951 2693 1026 2720 ocius

1080 2703 1168 2731 τευμα
1180 2696 1234 2723 τῶν
1249 2697 1388 2724 Ποντικῶν
1410 2699 1485 2734 μάχῃ
1507 2699 1688 2735 τρεψάμενος,
1703 2698 1767 2727 Εἵλε
1785 2701 1816 2728 δὲ
1831 2704 1884 2730 καὶ

876 2764 994 2792 ΥΛΠΙᾸΕ
1018 2765 1221 2797 LECTIONES.

236 2849 258 2865 η
270 2813 425 2882 ἒαῖἒιτὶοὲι,
442 2813 479 2864 Av;
497 2812 649 2874 a'fiaﬁwam
661 2812 832 2848 Νικομήδην]
849 2813 998 2849 Σωκράτην
1008 2814 1250 2852 τὸν-Νικομήδει
1265 2816 1424 2846 Pulnterius.
1459 2818 1482 2834 "
1496 2818 1598 2854 μυρίας
1613 2827 1643 2851 ς.
1682 2820 1704 2836 θ’
1721 2819 1829 2856 Μάριος
1847 2830 1880 2854 ς.

293 2863 419 2883 {Juv-(1:55,.
497 2863 579 2874 ιδιΛἉι
597 2863 627 2876 .1.

237 2419 270 2444 ad
289 2418 469 2446 Mithridatem
486 2425 547 2446 sese
566 2418 756 2452 applicarant,
775 2418 889 2452 aliaaque
910 2420 943 2446 ad
964 2428 1024 2447 eum

237 2465 361 2492 civitates
378 2465 573 2496 transiverant,
595 2464 676 2491 victis
698 2465 780 2491 etiam
802 2464 1025 2496 Lacedzemoniis,

237 2509 337 2544 Syllam
355 2517 416 2536 cum
433 2509 507 2544 justo
523 2511 631 2544 agmine
655 2508 769 2535 Romani
786 2509 923 2536 emittunt.
943 2509 1027 2543 Cujus
