1920 3090
36 119 86 150 909
575 121 835 152 BIBLIOTHECA.
848 134 880 139 -α
894 122 974 153 COD.
986 122 1133 153 CCXXIV.
1610 122 1662 154 910

36 175 83 206 τὰς
110 173 228 209 Ἀθήνας
242 181 250 189 ·
279 174 327 200 καὶ
354 174 529 201 κατέσκαπτο
546 175 579 202 ἂν
602 177 619 211 ἡ
639 176 726 209 πόλις,
748 177 773 202 εί
791 176 828 212 μὴ

886 183 989 205 senatus
1003 177 1140 204 Romanus
1151 176 1230 212 Syllae
1242 177 1408 212 propositum
1426 177 1589 214 infregisset.
1600 178 1662 206 Post

37 221 142 248 θᾶττον.
156 220 173 255 ἡ
187 218 341 254 σύγκλητος
357 220 501 254 Ῥωμαίων
514 220 563 255 τὴν
588 221 636 247 τοῦ
658 221 745 248 Σύλλα
759 221 828 255 γνὼ-

888 224 988 250 -rebros
1013 228 1103 250 autent
1127 223 1288 256 coallictus,
1313 224 1343 251 in
1371 224 1470 259 quibus
1497 225 1664 252 excellebant

37 274 88 300 μην
105 265 234 299 eamea.
251 263 360 298 Συχνῶν
375 264 403 291 δὲ
417 265 596 299 παρατάξεων
611 267 826 301 συνισταμένων,

886 269 993 301 Pontici.
1004 277 1065 296 cum
1075 269 1146 297 felici
1154 270 1208 304 jam
1225 277 1352 298 successu
1363 278 1408 298 res
1419 276 1664 303 committerentur,

36 313 63 338 ὲν
75 309 123 343 αἷς
136 312 168 337 τὸ
181 311 275 338 πλεῖον
290 308 364 346 εἶχον
379 312 405 338 οἱ
421 312 560 342 Ποντικοὶ.
576 313 622 338 καὶ
635 313 829 348 συμμεταϐαλ-

36 357 158 392 λομένων
177 355 231 383 τῶν
249 356 423 392 πραγμάτων
449 357 506 385 τοῖς
523 356 768 392 κατορθουμένοις,
786 358 828 384 ἕν-

36 403 92 430 cm
107 404 166 434 τοῖς
192 402 344 437 βασιλικοῖς
361 403 411 438 τῆς
433 403 538 437 διαίτης
555 403 666 437 ἐπέστη,
691 403 755 440 [752
780 396 834 439 Β.]’

37 448 150 480 ἀσώτως
168 456 198 474 τε
217 447 285 482 πρὸς
308 447 409 483 ταύτην
425 447 490 483 [579
507 446 553 482 IL]
576 447 760 482 διακειμένοις
780 448 828 475 καὶ

36 496 179 531 ταμιεύειν
196 495 232 523 τὰ
250 496 385 531 κτηθέντα
400 496 408 511 ¹
432 496 469 532 μὴ
486 497 691 532 ἐπισταμένοις.
710 497 765 524 Καὶ
786 497 826 528 είς

37 542 185 577 συμφορῶν
202 542 235 569 ἂν
251 541 379 574 ἐξέπεσον
390 542 441 576 τὴν
455 543 584 578 ἐσχάτην,
601 544 626 570 εί
642 543 678 578 μὴ
693 543 827 578 Ταξίλλης

42 587 206 623 Ἀμφίπολιν
235 587 320 619 ἑλὼν,
341 587 390 614 καὶ
403 587 449 614 διὰ
472 588 560 615 ταῦτα
584 589 635 624 τῆς
658 582 827 620 Μακεδονίας

36 635 104 670 πρὸς
135 634 218 660 αὑτὸν
245 633 483 670 μεταϐαλομένης,
499 634 603 661 ἐκεῖθεν
627 635 676 669 τὴν
696 634 828 669 ἀφθονίαν

37 680 191 715 ἐχορήγησε
206 679 261 705 τῶν
275 679 447 713 ἐπιτηδείων.
469 677 553 711 Οὗτος
570 679 599 706 δὲ
615 679 663 705 καὶ
683 679 829 714 ’Δρχέλαος

38 725 224 761 συμμίξαντες
234 725 268 752 τὰ
281 724 475 761 στρατεύματα
483 725 493 741 ¹
509 725 580 760 ὑπὲρ
592 724 641 755 τὰς
650 723 680 756 ἒξ
694 725 829 761 μυριάδας

37 772 65 798 το
90 771 216 807 πλῆθος³
234 769 313 807 ἦγον.
338 771 392 798 Καὶ
416 770 674 806 στρατοπεδεύονται
693 772 764 798 κατὰ
778 771 828 807 τὴν

38 817 145 845 Φωκίδα
160 817 253 853 χώραν
263 837 270 848 .
287 817 501 848 ὑπαντιάσοντες
515 816 554 851 τῷ
570 816 668 851 Σύλλα.
691 817 721 842 '0
737 817 764 844 δὲ
780 817 828 844 καὶ

879 315 1015 342 alimoniae
1031 315 1121 349 inopia
1136 316 1218 351 regiis
1229 316 1361 350 incubuit,
1379 317 1449 352 quod
1463 318 1575 352 prodige
1590 318 1664 345 victu

881 361 1069 393 abuterentur,
1080 365 1107 388 et
1120 361 1253 395 acquisita
1266 365 1339 389 recte
1350 361 1507 397 dispensare
1515 363 1663 390 nescirent.

878 405 912 433 Et
927 406 953 433 in
969 410 1117 433 extremam
1134 406 1278 434 deventum
1301 413 1374 434 esset
1390 409 1588 442 calamitatem,
1612 409 1664 437 nisi

878 451 998 485 Taxiles,
1022 457 1100 486 capta
1124 452 1290 487 Amphipoli,
1315 453 1430 488 ideoque
1451 454 1607 482 Macedonia
1629 457 1664 483 ad

878 497 966 533 ipsum
996 497 1148 531 deficiente,
1186 498 1287 533 largam
1316 500 1480 527 cibariorum
1509 501 1664 529 facultatem

878 541 940 572 inde
956 544 1202 572 subministrasset.
1223 545 1272 572 Hic
1290 551 1318 573 et
1334 546 1495 580 Archelaus,
1514 545 1665 576 comn'tistis

878 591 1041 624 agminibus,
1068 590 1128 626 plus
1148 597 1227 625 quam
1244 591 1332 620 60000
1357 592 1495 620 hominumn
1516 594 1565 621 sub
1581 595 1666 629 signis

878 636 1023 668 ducebant,
1037 640 1065 663 et
1081 637 1220 664 oceursuri
1238 637 1319 673 Sylla:
1342 638 1367 665 iu
1385 638 1503 666 Phocide
1530 639 1666 667 habebant

878 682 988 709 stativa.
1006 681 1052 709 Ille
1062 689 1135 714 vero,
1154 682 1185 709 L.
1205 682 1350 711 Hortensio
1365 689 1516 719 assumpto,
1534 685 1578 719 qui
1594 685 1666 713 6000

878 733 911 753 ex
929 726 1002 753 italia
1024 726 1187 760 adduxerat,
1207 728 1274 755 satis
1290 728 1398 764 longum
1425 729 1452 756 in
1471 730 1560 757 medio
1582 731 1667 758 inter-

880 772 978 800 vallum
996 773 1264 809 relinquens.castra
1276 776 1361 810 ponit.
1373 776 1497 804 Archelai
1514 782 1603 804 autem
1618 778 1668 804 mi-

879 819 972 846 litibus
1000 820 1180 854 incomposite
1202 821 1235 848 ad
1269 822 1487 850 frumentandtun
1517 824 1668 856 conversis,

38 862 154 888 Λούκιον
172 862 333 897 Ὀρτήνσιον
347 862 356 876 ⁵
374 861 446 896 ὑπὲρ
463 861 513 892 τὰς
525 860 555 893 ἒξ
567 860 690 895 χιλιάδας
699 861 710 876 ⁸
722 862 824 894 ἄγοντα

890 864 1026 899 mproviso
1040 865 1151 893 adortus
1164 870 1264 898 castra,
1288 872 1419 902 quotquot
1428 869 1524 896 robore
1537 869 1669 904 pollentes

38 907 67 939 ἐξ
84 907 203 938 Ἰταλίας
218 906 454 942 συμπαραλαϐὼν,
467 906 520 933 ἀπὸ
536 905 634 942 συχνοῦ
644 906 829 941 διαστήματος

38 953 346 988 ἀντεστρατοπεδεύετο.
377 952 438 979 Ἐπὶ
467 953 618 987 σιτολογίαν
647 952 676 979 δὲ
698 953 774 988 παρὰ
799 953 829 980 τὸ

37 1000 144 1034 πρέπον
160 999 216 1025 τῶν
232 999 299 1034 περὶ
313 999 359 1024 τὸν
381 998 526 1034 Ἀρχέλαον
547 998 706 1033 τραπέντων
716 1019 724 1031 ,
740 998 829 1034 ἀπρο-

37 1045 127 1081 όπτως
143 1043 248 1075 Σύλλας
266 1043 417 1070 ἐπιτίθεται
430 1043 469 1079 τῷ
482 1043 537 1070 τῶν
557 1043 693 1078 πολεμίων
715 1051 829 1079 στρατο-

37 1090 126 1125 πέδῳ,
141 1089 191 1116 καὶ
205 1090 269 1120 τοὺς
286 1089 335 1124 μὲν
350 1088 503 1124 εὐρώστους
526 1082 579 1116 τῶν
593 1089 711 1116 ἁλόντων
726 1089 826 1116 αὐτίκα

37 1137 148 1168 κτείνει,
164 1136 193 1168 ἐξ
208 1132 246 1162 ὢν
260 1135 289 1162 δὲ
301 1135 382 1170 φόϐον
397 1135 546 1167 ἐπιθέσεως
564 1135 614 1162 οὐκ
633 1133 701 1170 εἶχε,
718 1135 830 1167 τούτους

881 909 952 944 cepit
967 909 1051 945 Sylla,
1076 910 1176 939 occidit
1192 921 1199 939 :
1215 920 1229 939 a
1252 913 1351 948 quibus
1368 919 1458 941 autem
1480 915 1569 942 nnllus
1592 916 1669 953 inva—

881 953 961 981 dendi
983 960 1069 982 metus
1086 961 1155 987 erat.
1179 956 1228 984 bos
1245 956 1305 984 loco
1320 958 1502 985 circumdatos
1525 959 1600 993 ignes
1621 967 1667 986 ac-

881 999 1089 1034 cenderejuhet,
1101 1006 1129 1028 ut
1140 1010 1154 1028 a
1168 1001 1338 1036 pabulatione
1351 1008 1517 1031 revertentes
1530 1005 1669 1039 opperiar:-

884 1048 938 1076 tur,
957 1045 1029 1072 nnlla
1044 1047 1150 1074 adversi
1166 1055 1246 1075 casus
1261 1049 1416 1083 suspicione
1432 1049 1553 1085 praebita.
1571 1050 1625 1078 Hou
1640 1055 1670 1078 ut

881 1090 1030 1124 prudenter
1049 1093 1083 1120 ab
1106 1093 1270 1126 imperatore
1298 1095 1435 1129 provisum
1457 1101 1527 1129 erat,
1554 1097 1670 1124 feliciter

882 1136 969 1163 exivit
987 1146 994 1164 :
1016 1139 1213 1176 magniﬁcaque
1226 1141 1338 1170 victoria
1353 1144 1491 1179 patiuntur
1508 1145 1621 1181 Syllani.

38 1184 196 1219 περιίστησι
217 1183 257 1218 τῷ
274 1183 366 1219 χωρίῳ
380 1183 428 1209 καὶ
447 1183 522 1218 πυρὰ
540 1182 646 1209 κελεύει
673 1182 774 1215 καίειν,
798 1183 836 1215 ὡς
859 1184 923 1215 τοὺς
945 1184 999 1211 ἀπὸ
1037 1187 1088 1222 τῆς
1120 1189 1273 1224 σιτολογίας
1302 1191 1516 1227 ἀφικνουμένους
1552 1193 1670 1228 δέχοιντο

39 1231 175 1266 μηδεμίαν
198 1229 328 1256 ὑπόνοιαν
357 1229 540 1265 παρεχόμενοι
560 1229 607 1256 τοῦ
628 1230 749 1261 πάθους·
781 1230 828 1257 καὶ
851 1231 952 1267 συνέϐη
975 1233 1013 1264 ὡς
1037 1234 1250 1272 ἐστρατηγήθη,
1267 1237 1314 1265 καὶ
1338 1238 1469 1274 λαμπρὰν
1507 1239 1556 1275 τὴν
1591 1241 1670 1277 νίκην

40 1280 118 1314 ἔσχον
136 1279 164 1305 οἱ
184 1279 249 1313 περὶ
267 1277 313 1304 τὸν
328 1277 443 1304 Σύλλαν.

244 1339 309 1367 Car.
326 1338 435 1366 XXXV.
450 1354 484 1359 —-
500 1338 683 1366 Heracliemec
710 1338 787 1366 Chios
814 1348 831 1366 a
853 1339 970 1376 Dorylae
993 1341 1020 1369 in
1034 1343 1182 1371 servitutem
1195 1345 1314 1373 redacto:
1330 1346 1474 1375 uindicant.

74 1388 158 1419 Χίους
181 1388 212 1414 δὲ
234 1387 273 1419 ὡς
307 1386 420 1418 Ῥοδίοις
446 1386 682 1421 συμμαχήσαντας
708 1387 834 1413 αἰτιασά-

40 1443 120 1470 μενος
134 1435 149 1461 ό
161 1428 343 1470 Μιθριδάτηξ,
357 1433 416 1459 κατ’
427 1432 516 1459 αὐτῶν
531 1432 671 1467 Δορύλαον
682 1432 834 1467 ἐκπέμπει,

38 1480 80 1511 ὃς.
97 1480 123 1506 εἰ
138 1479 186 1506 καὶ
201 1477 292 1513 πολλῷ
311 1477 396 1513 πόνῳ,
412 1477 461 1512 τὴν
477 1476 555 1503 πόλιν
573 1476 700 1511 κατέσχε,
717 1476 765 1503 καὶ
784 1476 834 1511 τὴν

40 1526 91 1561 μὲν
113 1525 207 1560 χώραν
222 1524 368 1558 κατένειμε
390 1524 447 1555 τοῖς
466 1523 617 1554 Ποντικοῖς,
640 1522 702 1553 τοὺς
715 1521 745 1548 δὲ
759 1521 833 1548 πολί-

921 1387 1003 1416 Chios
1019 1394 1082 1418 tunc
1105 1390 1234 1419 incusans
1250 1391 1428 1426 Mithridates,
1460 1393 1532 1428 quod
1559 1393 1672 1420 Rhodiis

885 1434 987 1461 auxilia
1012 1435 1161 1466 misissent.
1194 1436 1301 1473 Dorylai
1330 1445 1411 1471 opera
1441 1437 1668 1473 impuguatzqui

885 1479 982 1515 (multo
999 1480 1062 1507 licet
1081 1481 1184 1517 labore)
1204 1487 1232 1508 et
1246 1482 1339 1509 urbem
1356 1482 1438 1517 cepit,
1454 1487 1481 1510 et
1501 1489 1580 1517 agros
1603 1481 1674 1509 Putt-

886 1524 947 1552 ticis
959 1525 1062 1558 divisit,
1073 1531 1101 1553 et
1115 1526 1188 1554 cives
1211 1527 1323 1562 navigiis
1346 1527 1443 1562 2311:
1467 1527 1606 1563 impositos
1619 1527 1673 1554 huc

39 1579 89 1602 τας
105 1569 210 1600 πλοίοις
221 1567 350 1603 ἐμϐαλὼν
364 1567 489 1603 διέφερεν
499 1568 544 1593 ἐπὶ
558 1567 603 1593 τὸν
617 1567 725 1594 Πόντον.
748 1566 832 1602 Ἥρω

887 1570 950 1598 illuc
964 1573 990 1599 in
1005 1571 1092 1599 Ponto
1109 1573 1223 1600 distulit.
1245 1574 1281 1600 At
1301 1572 1498 1606 lleraclienses,
1515 1573 1587 1606 quod
1605 1573 1674 1600 ami<

39 1614 160 1640 κλεῶται
176 1613 218 1646 δὲ,
233 1613 294 1638 ἐπεὶ
305 1612 381 1647 φιλία
399 1612 490 1643 αὐτοῖς
504 1612 572 1648 προς
587 1611 668 1642 Χίους
681 1609 727 1648 ἦν,
746 1612 776 1639 ὲν
794 1612 833 1648 τῷ

41 1659 178 1694 παράπλῳ
198 1658 248 1690 τὰς
264 1658 396 1689 nomn;
415 1659 492 1693 νῆας,
513 1657 541 1684 αἳ
562 1658 625 1688 τοὺς
643 1657 832 1693 αἰχμαλώτους

40 1703 119 1740 ⁶ἦγον,
136 1706 346 1739 ἑφορμήσαντες
358 1704 453 1736 αὑταῖς
469 1704 524 1731 οὐδ’
536 1703 749 1738 ἀνθισταμέναις
760 1703 832 1738 (οὐδὲ

41 1751 96 1786 γὰρ
112 1750 266 1786 ἐξήρκουν)
282 1750 402 1785 κατῆγον
420 1751 467 1777 ἐπὶ
481 1750 531 1786 τὴν
546 1750 636 1778 πόλιν.
652 1749 707 1777 Καὶ
725 1757 831 1785 παραυ-

41 1799 106 1824 τίκα
127 1798 163 1825 τὰ
181 1798 251 1834 πρὸς
264 1798 314 1834 τὴν
328 1798 421 1834 χρείαν
435 1798 618 1834 χορηγοῦντες
635 1797 760 1832 ἀφθόνως
775 1799 832 1830 τοῖς

42 1846 164 1877 Χιώταις
187 1846 300 1878 τούτους
321 1846 525 1882 ἀνελάμϐανον,
545 1847 593 1873 καὶ
614 1845 727 1881 ὕστερον
746 1854 834 1880 μεγα-

42 1891 191 1926 λοπρεπῶς
215 1892 405 1927 δωρησάμενοι
429 1892 458 1918 ὲν
490 1892 524 1927 τῇ
561 1891 672 1927 πατρίδι
694 1891 833 1918 ἀπεκατὲ-

42 1947 93 1973 στη
98 1947 157 1965 ταν.

885 1619 949 1646 citia
962 1619 1027 1653 ipsis
1038 1626 1098 1646 cum
1111 1619 1187 1646 Chiis
1197 1619 1360 1651 intercessit,
1376 1619 1502 1647 Ponticas
1516 1619 1542 1646 in
1558 1619 1673 1646 transitu

886 1673 978 1697 naves,
991 1673 1050 1700 qute
1067 1665 1189 1700 captivos
1198 1665 1341 1697 vehebant,
1354 1665 1451 1696 adorti.
1468 1672 1501 1692 ne
1517 1665 1674 1692 resistentes

885 1713 992 1748 quidem
1014 1713 1080 1746 (non
1103 1713 1175 1739 enim
1199 1716 1242 1740 sat
1265 1712 1363 1739 virium
1382 1710 1452 1746 erat)
1470 1711 1496 1738 in
1513 1711 1608 1739 urbem
1628 1712 1674 1738 de-

885 1761 996 1788 duxere.
1011 1758 1044 1787 Et
1053 1766 1125 1787 nunc
1138 1758 1246 1794 quidem
1258 1758 1332 1794 large
1345 1757 1425 1786 rebus
1436 1758 1597 1786 necessariis
1609 1765 1674 1792 snp-

884 1805 1013 1841 peditatis
1045 1805 1170 1833 reﬁciunt
1185 1805 1296 1833 Cbiotas
1313 1814 1319 1832 :
1335 1805 1506 1840 postmodum
1528 1812 1602 1837 vero,
1618 1805 1675 1833 exi-

888 1850 951 1879 miis
965 1851 1076 1878 alTectos
1089 1850 1264 1883 muneribus,
1279 1849 1307 1877 in
1321 1851 1436 1885 patriam
1452 1850 1605 1878 restituunt.

157 1995 223 2023 Car.
244 1994 365 2023 XXXVI.
382 2010 406 2016 —
437 1995 557 2022 Valerius
568 1994 692 2028 Flacctu,
711 2002 846 2022 successor
858 1993 950 2029 Sylla,
971 1990 1119 2019 trucidatur
1129 1998 1145 2017 α
1156 1988 1277 2017 Fimbria
1288 1989 1420 2026 hujusquc
1431 1998 1575 2018 successus.

85 2059 118 2085 Ἦ
132 2059 161 2086 δὲ
178 2058 329 2094 σύγκλητος
345 2058 471 2085 Φλάκκον
482 2058 629 2093 Οὐαλέριον
642 2058 690 2084 καὶ
703 2057 839 2092 Φιμϐρίαν

45 2106 151 2139 πέμπει
167 2105 296 2140 πολεμεῖν
315 2105 481 2140 Μιθριδάτῃ,
499 2104 667 2139 ἐπιτρέψασα
687 2104 734 2130 καὶ
750 2103 838 2138 Σύλλᾳ

45 2151 250 2186 συλλαμϐάνειν
276 2150 315 2186 τῷ
342 2151 489 2186 πολέμῳο,
518 2151 599 2186 ὃμοια
631 2150 774 2186 φρονοῦντι
803 2150 837 2185 τῇ

45 2197 210 2232 συγκλήτῳ·
227 2197 291 2223 εἰδέ
308 2197 355 2232 μὴ,
366 2197 417 2232 τὴν
434 2196 502 2232 πρὸς
524 2197 605 2224 αὑτὸν
622 2196 755 2232 πρότερον
773 2204 837 2222 συν-

45 2243 112 2277 άψαι
138 2242 240 2278 μάχην.
270 2238 355 2274 οὗτος
372 2242 432 2269 κατ’
453 2242 541 2278 ἀρχὰς
556 2242 605 2277 μὲν
624 2241 760 2271 ποικίλαις
772 2241 840 2267 ἑπά-

927 2053 983 2082 Sub
996 2061 1027 2080 ea
1046 2052 1138 2080 Romae
1153 2057 1263 2080 senatus
1279 2050 1388 2078 Valerio
1403 2050 1500 2078 Flacco
1512 2055 1539 2078 et
1552 2050 1677 2078 Fimbria:

891 2099 989 2127 bellum
1003 2097 1212 2126 Mithridaticum
1226 2096 1372 2124 committit
1387 2104 1395 2122 :
1410 2104 1471 2123 ctttn
1487 2096 1630 2128 mandatis,
1647 2102 1676 2123 ut

891 2145 1008 2180 Syllum,
1029 2145 1050 2172 si
1074 2149 1165 2179 partes
1185 2149 1298 2171 senatus
1320 2147 1439 2174 tueatur,
1464 2142 1612 2177 adjuveut;
1634 2143 1676 2169 sin

891 2193 991 2224 minus,
1007 2199 1068 2219 cum
1084 2191 1141 2226 ipso
1159 2189 1233 2224 prius
1256 2196 1351 2216 manus
1364 2194 1517 2216 conserant.
1535 2189 1580 2216 Ille
1596 2189 1679 2222 igitur

891 2239 974 2266 variis
993 2238 1070 2265 initio
1087 2236 1284 2265 colluetabatur
1304 2235 1387 2264 sortis
1411 2235 1531 2263 adversae
1558 2236 1678 2264 casibus.

45 2288 103 2314 ὶαιε
120 2287 276 2322 συμφοραῖς
292 2287 382 2321 (λιμόν
396 2295 425 2313 τε
440 2286 494 2322 γὰρ
509 2287 558 2312 καὶ
565 2287 599 2312 τά
617 2286 671 2313 ἀπὸ
684 2286 732 2321 τῆς
749 2285 832 2321 μάχης

891 2283 957 2311 Natu
970 2289 997 2310 et
1012 2284 1109 2311 famem
1132 2288 1159 2311 et
1179 2283 1273 2310 Martis
1291 2282 1463 2316 iniquitatem
1477 2281 1606 2308 sustinuit
1625 2291 1632 2309 :
1651 2281 1678 2308 iu

44 2333 209 2367 πταίσματα
224 2332 320 2367 ἔσχε),
335 2332 501 2368 κατώρθωσε
517 2332 609 2367 μέντοι
624 2332 659 2358 τὰ
674 2332 758 2358 πλείω
770 2340 777 2347 ·
795 2331 839 2358 διὰ

44 2380 73 2406 δὲ
91 2379 251 2410 Βυζαντίων
266 2379 314 2405 ἐπὶ
328 2378 454 2405 Βιθυνίαν
473 2377 627 2410 διαϐαλὼν,
648 2378 775 2405 κάκεῖθεν
794 2378 840 2404 ἐπὶ

44 2425 176 2457 Νίκαιαν,
196 2425 246 2459 τῆς
269 2424 383 2459 πορείας
399 2423 476 2458 ἔστη.
497 2423 634 2455 Ὡσαύτως
658 2424 751 2450 δὲκαὶ
773 2424 854 2459 Φιμχ

46 2471 129 2506 δρίας
147 2471 207 2505 ἅμα
222 2471 281 2502 τοῖς
305 2471 353 2496 σὺν
372 2469 447 2504 αὐτῷ
460 2469 652 2504 διεπεραιώθη.
667 2469 793 2495 Φλάκκου
812 2469 841 2495 δὲ

45 2516 273 2551 δυσχεραίνοντος
290 2515 331 2541 ὅτι
350 2515 486 2550 Φιμῦρίαν
506 2514 606 2549 μᾶλλον
617 2534 623 2545 ,
641 2514 688 2541 ᾶτε
703 2513 735 2549 δὴ
750 2514 843 2548 φιλαν-

45 2562 167 2598 θρώπως
187 2562 325 2597 ἄρχοντα,
352 2561 383 2587 τδ
407 2561 507 2596 πλῆθος
526 2559 648 2596 Ῐάρχεινῖ
665 2560 771 2594 ἠγάπα,
796 2560 843 2586 καὶ

46 2608 303 2643 διαλοιδορουμένου
319 2607 394 2642 αὐτῷ
413 2616 443 2633 τε
460 2607 507 2633 καὶ
521 2607 576 2632 τῶν
592 2605 767 2641 στρατιωτῶν
789 2607 844 2637 τοῖς

46 2654 290 2688 ἐπιφανεστέρας,
306 2652 353 2679 δύο
368 2652 423 2678 τῶν
436 2652 524 2678 ἄλλων
547 2652 628 2678 πλέον
639 2651 678 2683 εἰς
702 2651 787 2686 ὀργὴν
801 2650 845 2683 ἐξ·

46 2699 181 2734 αφθέντες
192 2699 412 2732 ἀποσφάττουσιν
425 2699 517 2726 αὐτόν.
533 2698 583 2732 Ἑφ
607 2695 648 2730 οἷς
659 2698 678 2733 ή
694 2697 846 2733 σύγκλητος

892 2330 1027 2364 plerisque
1046 2335 1135 2357 tamen
1158 2337 1289 2365 prospero
1310 2329 1426 2361 fortunae
1450 2336 1578 2356 successu
1603 2336 1678 2355 usus.

891 2375 998 2410 Perque
1015 2375 1225 2411 Bynntinorum
1247 2375 1315 2404 ﬁnes
1339 2376 1365 2403 in
1388 2375 1538 2410 Bithyniam
1553 2380 1680 2410 progres-

892 2430 950 2454 sus,
980 2427 1006 2449 et
1029 2422 1090 2449 inde
1110 2421 1228 2449 Nit-mam
1256 2429 1363 2454 versus,
1389 2422 1487 2448 stativa
1512 2421 1617 2448 bahttit.
1645 2421 1679 2447 At

893 2466 1040 2499 Flaccum,
1060 2467 1124 2494 dum
1149 2467 1259 2500 indigne
1282 2466 1335 2494 fert
1358 2467 1391 2494 ab
1409 2467 1529 2494 exercitu
1555 2465 1681 2493 Fimbria:

894 2513 953 2547 plus
978 2512 1060 2540 favcri
1075 2533 1083 2544 ,
1113 2513 1312 2547 imperiumque
1333 2512 1406 2547 ejus.
1425 2518 1515 2546 utpote
1539 2512 1630 2539 utilius
1654 2516 1681 2538 et

896 2560 1050 2592 bmnanius,
1067 2558 1201 2594 pra-ferri,
1223 2560 1337 2593 ideoque
1359 2563 1386 2585 et
1409 2559 1495 2592 ipsum
1515 2564 1543 2585 et
1567 2558 1680 2585 militum
1707 2571 1716 2584 ο

896 2605 1043 2633 nobiliores
1059 2606 1232 2635 criminatur.
1251 2606 1303 2631 duo
1322 2612 1377 2639 pne
1392 2604 1453 2631 aliis
1466 2605 1504 2631 ira
1524 2605 1680 2631 inﬂammat;

896 2653 1041 2680 trucidant.
1065 2652 1124 2685 Quo
1138 2652 1245 2678 nomine
1261 2656 1371 2678 senatus
1387 2651 1513 2678 Fimbria:
1528 2651 1608 2679 irasci
1623 2651 1682 2686 qui-

897 2698 970 2730 dem,
988 2700 1035 2726 sed
1054 2703 1143 2725 tatucu
1164 2698 1333 2725 dissimulata
1355 2698 1540 2734 indignatione
1557 2698 1683 2725 consula-

690 2753 809 2782 νΑιιιΑῑ
822 2753 1024 2782 LECTIONLS.

101 2800 110 2815 '
128 2799 276 2826 κτισθέντα
290 2809 320 2832 ς.
360 2801 369 2816 ¹
385 2800 415 2826 τὸ
430 2801 588 2836 στράτευμα
604 2810 634 2834 ς.
673 2802 683 2818 ³
699 2802 800 2836 πλῆθος
821 2802 853 2828 A.
871 2802 903 2828 τὸ
927 2802 1018 2829 πλεῖον
1034 2811 1064 2834 ς.

46 2835 168 2868 ιρτίσιον
187 2844 218 2868 ς.
248 2836 366 2863 curtmit
389 2835 518 2871 Scaliger.

1121 2801 1132 2817 ‘
1148 2802 1299 2829 λουκίνσιον
1327 2801 1461 2836 ὀρτίνσιον
1487 2800 1519 2828 A.
1551 2799 1684 2827 λουὸίσιον

557 2839 568 2853 ⁸
582 2836 702 2870 χιλιάδας
717 2838 737 2864 Α
752 2846 758 2864 :
775 2837 907 2870 μυριάδας
924 2846 955 2869 ς.
994 2838 1004 2854 ﬁ
1019 2838 1065 2865 τοῦ
1087 2838 1203 2871 πολέμου
1224 2837 1386 2866 Schn-ferus.
