1920 3090
65 152 107 186 913
564 155 648 184 BlBL
655 155 824 186 lOTIIECA.
833 169 867 173 -—
875 156 956 188 COD.
972 157 1065 187 CCXX
1072 157 1118 187 lV.

1622 151 1673 183 9H

65 209 112 244 βίον
125 208 269 243 φιλόσοφοι,
294 208 340 235 τὸν
361 208 531 244 Μιθριδάτην
550 210 650 244 μᾶλλον
666 209 791 245 διέσυρον
815 210 824 236 i

885 215 980 246 parent
996 211 1177 238 Mithridatem
1190 217 1271 245 (tuam
1284 208 1519 243 commendarent)
1535 209 1562 236 in
1580 214 1671 243 regem

65 254 194 286 συνίστων)
213 253 326 288 ὥρμητο
342 254 389 280 ἐπὶ
407 254 452 280 τὸν
470 254 649 289 Μιθριδάτην.
666 254 723 280 Καὶ
745 254 784 289 τῷ
800 263 830 280 τε

64 299 244 331 Καππαδοκίας
267 300 463 335 Ἀριοϐαρζάνῃ
479 300 529 335 τὴν
549 299 637 335 ἀρχὴν
655 299 830 335 βεϐαιοτέραν

64 346 152 376 ἐποίει,
175 345 221 371 καὶ
246 346 293 371 ἐπὶ
316 347 375 377 ταῖς
396 346 566 377 είσῦολαῖς¹⁶
587 347 636 381 τῆς
663 346 829 381 Μιθριδάτου

66 391 185 425 βασιλείας
212 391 299 422 κτίζει
316 391 393 418 πόλιν
417 391 562 417 Ἐκίνειαν.
590 391 634 418 Ἐν
655 391 786 423 τούτοιςό
800 401 829 419 τε

64 438 190 471 Μουρήνας
206 438 255 464 καὶ
270 438 285 464 ὁ
309 438 478 472 Μιθριδάτης
500 439 744 474 διαπρεσϐεὑονται
762 439 830 474 πρὸς

69 483 251 516 Ἡρακλεώτας,
277 484 329 510 ἀνὰ
345 484 428 520 μέρος
442 485 571 519 ἑκάτερος
586 485 657 511 κατὰ
673 485 720 511 τοῦ
735 485 828 520 ἐτέρου

63 528 137 555 καλῶν
160 529 205 555 ἐπὶ
231 530 387 565 συμμαχίᾳ.
409 529 471 556 Τῶν
487 530 536 564 μὲν
557 527 605 556 οὗν
624 529 766 564 Ῥωμαίων
779 529 828 565 τὴν

64 574 125 608 ἰσχὺν
135 574 252 609 φοϐερὰν
278 576 403 610 ἡγοῦντο,
427 575 572 611 ὠρρώδουν
591 575 620 602 δὲ
642 577 689 602 καὶ
703 576 752 611 τὴν
770 583 829 610 γει-

62 620 148 646 τνίασιν
163 620 208 647 τοῦ
239 621 420 656 Μιθριδάτου.
440 622 486 648 Διὸ
513 622 708 657 ἀποκρίνονται
722 622 743 639 ³⁷
771 622 828 653 τοῖς

63 663 109 699 [381
126 665 167 701 ll.]
190 667 256 702 παρ’
272 668 362 694 αὐτῶν
378 668 526 703 πρέσϐεσιν
542 668 580 699 ὡς
593 667 727 694 τοσούτων
747 668 827 694 πολέ-

62 719 108 744 μων
120 712 327 747 ἀναρραγέντων
342 713 418 748 μόλις
431 713 466 741 ἂν
480 713 529 748 τὴν
547 713 616 740 ἰδίαν
634 714 728 749 τηρεῖν
747 713 828 740 δύνα-

62 755 118 788 σθαι,
134 757 195 792 μήτι
215 766 248 791 γε
271 758 376 793 ἑτέροις
396 759 564 794 ἐπικουρεῖν.
588 758 668 786 Ἀλλὰ
684 759 739 794 γὰρ
755 759 828 785 Μου-

63 802 116 837 ρήνᾳ
130 802 176 837 μὲν
190 803 384 830 συνεϐούλευον
397 804 447 830 οὐκ
459 804 544 839 ὀλίγοι
557 804 625 840 πρὸς
638 804 688 840 τὴν
701 804 827 839 Σινώπην
844 830 845 835 η

60 847 132 882 ὀρμᾷν
145 848 188 874 καὶ
210 849 278 884 περὶ
293 849 339 876 τοῦ
359 849 495 884 βασιλείου
516 852 602 878 κινεῖν
620 850 666 877 τὸν
689 851 824 885 πόλεμον,

883 257 967 285 ιιιονίι
984 267 991 285 :
1009 262 1037 284 et
1055 257 1228 285 Ariobarzani
1253 264 1363 292 regnum
1382 255 1558 289 Cappadocia:
1587 254 1673 289 magis

882 302 1025 331 confirmat
1040 311 1048 330 :
1064 307 1090 330 et
1108 302 1180 330 circa
1204 303 1355 336 ingressum
1377 301 1452 335 regni
1475 300 1668 331 Mithridatici,

881 350 975 377 urbem
991 349 1081 376 condit
1095 348 1222 376 Nicaeam.
1236 348 1307 375 Inter
1322 348 1378 375 lucc
1394 347 1504 374 Murena
1520 352 1548 374 et
1562 344 1667 374 Mithri-

881 396 968 426 dates.
981 402 1030 430 pro
1046 403 1076 423 se
1091 395 1205 430 quisque
1221 399 1316 422 contra
1333 394 1447 420 alterttm
1460 394 1564 428 legatis,
1582 394 1669 420 Hera-

880 442 995 469 elienses
1017 441 1050 468 de
1076 441 1184 468 auxiliis
1211 441 1365 469 sollicitant.
1392 440 1444 466 Sed
1463 447 1523 466 cum
1547 440 1666 474 potentia

880 485 1063 513 Romanorum
1080 485 1258 512 formidabilis
1273 485 1409 511 videretur
1425 483 1499 518 ipsis,
1512 489 1540 510 et
1559 483 1666 510 Mithri-

879 530 950 557 datis
964 529 1130 557 vicinitatem
1143 530 1223 556 etiatn
1237 530 1372 559 tituerent,
1389 528 1482 562 legatis
1493 528 1664 562 respondent,

880 575 906 603 iu
926 579 1000 603 tanta
1028 575 1160 603 bellorum
1179 579 1352 609 tempestate,
1375 573 1518 601 diﬁlculter
1541 573 1664 608 proprios

879 628 908 648 se
922 620 993 648 lares
1009 620 1090 651 tueri,
1108 619 1205 646 nedum
1222 619 1283 646 aliis
1302 617 1405 653 2326
1432 617 1555 644 auxiliari
1575 625 1664 651 poSsc.

878 665 997 693 Murenae
1032 670 1125 692 tamen
1158 672 1211 692 non
1240 665 1319 699 pauci
1349 665 1414 691 dant
1450 664 1609 695 consilium,
1636 668 1666 690 ut

878 712 1005 746 Sinopem
1028 711 1168 744 invadens,
1183 711 1217 738 de
1237 711 1308 745 regia
1323 711 1378 745 ipsa
1393 710 1492 737 belltttn
1506 714 1621 737 moveat.
1636 709 1664 736 Si

877 759 948 785 enim
966 758 1035 785 hanc
1052 758 1165 792 ceperit.
1182 755 1266 784 facile
1285 757 1366 784 etiatu
1385 761 1480 783 caetera
1502 756 1528 783 in
1546 761 1665 790 potesta-

877 809 930 831 tem
944 809 1068 831 ventura.
1087 803 1122 831 At
1135 798 1317 834 Mithridates,
1340 797 1436 829 validis
1458 802 1510 829 hac
1533 803 1665 837 prarsidiis

878 851 1055 881 commuttita,
1071 849 1129 884 ipse
1150 849 1219 876 bello
1233 849 1351 883 gerendo
1373 848 1516 875 incumbit.
1539 847 1664 882 Interque

60 892 87 923 ὡς
103 893 122 918 εί
136 894 234 929 ταύτην
250 895 318 927 ἕλοι,
332 896 386 921 τῶν
405 895 507 922 λοιπῶν
525 897 658 932 κρατήσει
680 897 797 932 ῥᾳδίως·
813 897 824 924 d

880 895 957 923 initia
973 895 1016 921 tibi
1033 896 1065 922 ad
1085 902 1180 922 manus
1195 899 1304 922 ventum
1314 899 1382 927 erat,
1401 894 1466 928 regii
1482 894 1584 920 viribus
1596 901 1665 927 pra:-

59 937 80 963 δὲ
101 939 261 975 Μιθριδάτης
285 941 370 976 πολλῇ
406 941 521 976 δυνάμει
551 943 827 978 κατασφαλισάμενος

59 982 142 1018 ταύτην
156 985 194 1016 είς
206 986 421 1021 αὐτοπρόσωπον
435 987 554 1022 πόλεμον
568 987 754 1023 καθειστήκει.
772 989 827 1015 Καὶ

59 1029 149 1064 πείραις
164 1032 212 1065 μὲν
235 1033 298 1063 ταῖς
324 1033 384 1059 κατ’
398 1033 486 1069 ἀρχὰς
501 1035 722 1070 ἐπικρατέστερα
739 1033 773 1071 ἦν
791 1035 826 1062 τὰ

58 1075 94 1100 τηῦ
114 1075 259 1110 βασιλέως·
288 1077 348 1105 εἶτα
369 1079 409 1110 είς
434 1079 598 1115 ἀγχώμαλον
614 1081 631 1116 ή
662 1082 736 1116 μάχη
765 1090 828 1109 συν-

58 1122 169 1158 εστράφη,
188 1124 236 1150 καὶ
253 1124 295 1156 είς
307 1124 384 1151 ὄκνον
400 1125 416 1160 ἡ
435 1126 508 1161 μάχη
536 1126 566 1152 τὸ
589 1126 730 1161 πρόθυμον
749 1135 828 1162 περι-

879 941 990 977 pollent.
1008 941 1103 969 Postea
1122 942 1227 968 fortuna
1245 948 1340 976 pugnae
1356 944 1522 975 extenuatur.
1541 939 1661 967 Tandem

879 988 1015 1023 prmliandi
1035 988 1140 1015 lzcdiutu
1156 988 1277 1014 hostibus
1293 984 1460 1014 alacritatem
1476 987 1557 1013 animi
1580 986 1664 1013 demi-

880 1033 947 1060 nuit.
967 1032 1028 1060 ldeo
1046 1033 1078 1059 ad
1099 1033 1226 1060 interiora
1250 1032 1321 1060 circa
1345 1032 1443 1059 Phasin
1462 1037 1489 1058 ct
1510 1032 1661 1058 Caucasum

880 1087 909 1108 se
920 1079 1062 1107 convertit.
1076 1078 1186 1106 Murena
1202 1086 1266 1106 vero
1277 1078 1369 1113 copias
1384 1078 1410 1105 in
1426 1078 1516 1104 Asiam
1534 1077 1661 1109 traducit,

880 1131 908 1153 et
920 1134 967 1153 sua
980 1130 1034 1152 tum
1046 1125 1162 1160 quisque
1175 1124 1356 1151 administrat.

58 1164 139 1200 ἔστησε
159 1168 212 1196 τῶν
226 1170 377 1205 πολεμίων.
397 1170 462 1207 [756
473 1170 519 1207 1L]
539 1171 584 1197 Διὸ
598 1172 646 1198 καὶ
664 1171 832 1207 Μιθριδάτης
844 1170 892 1207 μὲν
907 1172 946 1202 είς
962 1170 996 1197 τὰ
1010 1169 1074 1205 περὶ
1089 1170 1133 1196 τὸν
1155 1170 1239 1196 Φᾶσιν
1272 1169 1319 1196 καὶ
1344 1168 1390 1195 τὸν
1413 1168 1557 1196 Καύκασον
1581 1168 1662 1203 ἐτρά-

59 1221 118 1247 πετο,
138 1216 286 1252 Μουρήνας
308 1217 336 1244 δὲ
349 1219 458 1254 ἀπῆρεν
479 1220 519 1251 είς
532 1219 582 1255 τὴν
611 1219 714 1251 Ἀσίαν,
729 1219 776 1246 καὶ
792 1220 825 1246 τὰ
839 1220 927 1246 οἰκεῖα
941 1219 1054 1250 ἕκαστος
1069 1212 1189 1244 διετίθει.

391 1275 457 1305 CAP.
477 1276 599 1304 XXXIX.
613 1292 649 1297 -—
660 1277 767 1304 Luculli
781 1282 804 1304 et
820 1277 903 1304 Cottw
921 1277 947 1303 in
969 1275 1149 1303 Mithridatem
1175 1274 1314 1308 expeditio.

84 1331 140 1358 Μετ’
161 1332 190 1359 οὒ
209 1333 296 1361 πολὺν
319 1335 347 1361 δὲ
362 1335 460 1370 χρόνον
480 1336 584 1368 Σύλλας
609 1337 639 1362 ἑν
661 1336 755 1372 Ῥώμῃ
777 1345 824 1363 τε-

59 1376 138 1413 luti,
156 1379 202 1406 ml.
226 1381 385 1415 πέμπουσιν
410 1383 427 1417 ή
452 1382 605 1417 σύγκλητος
628 1383 673 1410 ἐπὶ
700 1383 748 1418 μὲν
774 1384 824 1419 τὴν

59 1420 162 1450 Βιθυνία-ι
176 1425 313 1461 Δῦρήλιον
328 1427 444 1459 Κότταν,
460 1428 508 1454 ἐπὶ
523 1428 551 1454 δὲ
574 1428 623 1464 τὴν
646 1429 738 1457 Ἀσίαν
753 1429 824 1456 Λεύ-

58 1475 104 1494 κιον
119 1470 263 1498 Λεύκολλον
278 1491 285 1504 ,
308 1469 349 1503 οἷς
366 1473 382 1506 ή
401 1473 496 1508 ἐντολὴ
510 1474 640 1507 πολεμεῖν
657 1474 820 1511 Μιθριδάτῃ.

58 1513 202 1551 Μιθριδάτης
216 1517 244 1543 δὲ
261 1517 342 1544 ἄλλον
356 1527 386 1544 τε
409 1519 523 1554 στρατὸν
539 1520 635 1554 συχνὸν
651 1521 824 1555 παρεσκευά-

913 1334 969 1362 Nec
981 1334 1060 1369 longe
1074 1338 1134 1368 post
1148 1333 1223 1368 Sylla
1239 1333 1330 1361 Romae
1342 1341 1357 1360 e
1371 1333 1439 1360 vivis
1450 1333 1547 1368 migrat
1560 1341 1568 1360 :
1581 1337 1609 1360 et
1620 1339 1664 1361 ee-

878 1387 957 1409 natus
985 1382 1011 1408 iu
1039 1380 1192 1415 Bithyniam
1218 1380 1301 1407 mittit
1328 1379 1465 1406 Aurelium
1491 1379 1608 1411 Cottam,
1636 1380 1662 1406 in

876 1426 968 1453 Asiam
980 1433 1043 1453 vero
1056 1425 1086 1452 L.
1105 1424 1245 1451 Lucullum
1255 1443 1263 1456 ,
1290 1431 1350 1450 cum
1366 1424 1500 1451 mandatis
1522 1427 1551 1450 ut
1565 1423 1662 1450 bellum

876 1472 1024 1500 Mithridati
1042 1471 1188 1499 facessaut.
1204 1470 1238 1496 At
1253 1470 1433 1501 Mithridates,
1452 1477 1512 1496 cum
1529 1469 1609 1496 alium
1634 1469 1661 1495 in

878 1518 1019 1553 procinctu
1041 1517 1142 1544 habens
1155 1516 1306 1543 exercitum
1323 1515 1569 1550 frequentissimum
1581 1535 1588 1548 ,
1606 1521 1661 1542 tttm

58 1559 116 1592 ζετο,
128 1562 170 1587 καὶ
187 1563 313 1598 τριήρεις
332 1563 383 1598 μὲν
396 1563 429 1596 υ’,
450 1565 504 1591 τῶν
520 1565 548 1591 δὲ
563 1565 733 1600 μικροτέρων
752 1565 824 1600 νηῶν

877 1564 1001 1592 triremes
1017 1562 1069 1590 400
1083 1561 1246 1596 naviumque
1261 1562 1409 1593 minorum,
1430 1569 1499 1595 quas
1517 1567 1662 1595 petttecon-

57 1607 256 1642 ’πεντηκοντέρων
270 1608 292 1624 ⁸³
304 1617 334 1635 τε
350 1610 397 1635 καὶ
413 1610 572 1644 κερκούρων
591 1611 707 1645 ἀριθμὸς
722 1609 756 1647 ἦν
773 1612 824 1638 οὐκ

57 1649 139 1683 ὀλίγος.
156 1654 299 1689 Διοφάντῳ
323 1654 350 1681 δὲ
375 1654 414 1690 τῷ
438 1655 555 1692 Μιθάρῳ
571 1657 593 1672 ¹⁹
619 1656 734 1691 δύναμιν
761 1657 823 1690 δοὺς

58 1695 142 1729 πέμπει
155 1699 219 1733 πρὸς
231 1699 283 1733 τὴν
304 1700 512 1734 Καππαδοκίαν,
529 1702 650 1737 φρουρὰς
670 1703 729 1734 ταῖς
745 1703 824 1729 πόλε-

59 1747 91 1765 σιν
106 1742 309 1777 ἐγκαθιστάναι,
327 1746 351 1772 εί
369 1745 397 1772 δὲ
421 1747 572 1780 Λεύκολλος
594 1749 635 1780 είς
651 1749 697 1776 τὸν
723 1750 823 1776 Πὸντον

58 1785 175 1835 ἐφίκοιτο,
213 1791 391 1824 ὑπαντιάζειν
422 1793 470 1820 καὶ
500 1794 550 1828 τῆς
581 1795 675 1830 πρόσω
711 1796 823 1831 πορείας

58 1832 186 1875 eminent.
204 1836 290 1867 Αὐτὸς
304 1837 333 1863 δὲ
353 1838 412 1872 μεθ’
427 1839 525 1865 ἑαυτοῦ
546 1839 628 1871 πεζὸν
643 1840 692 1875 μὲν
707 1841 822 1874 στρατὸν

59 1874 97 1909 ἦγε
108 1882 133 1904 ιε’
148 1882 290 1915 μυριάδας,
307 1883 398 1916 ἱππεῖς
409 1884 437 1910 δὲ
447 1884 591 1920 δισχιλίους
602 1886 624 1901 ¹⁰
636 1886 683 1912 ἐπὶ
698 1887 755 1918 τοῖς
772 1895 823 1921 μυ-

59 1922 121 1954 ρίοις.
143 1925 270 1961 Ἅρμα-σά
293 1936 323 1954 τε
343 1929 540 1965 δρεπανηφόρα
555 1932 708 1966 συνεπῆγεν
732 1931 758 1958 κ’
775 1932 822 1959 καὶ

59 1973 84 1999 t‘,
104 1970 144 1996 καὶ
169 1970 260 2000 πᾶσαν
282 1974 365 2008 ἄλλην
392 1977 577 2010 μηχανοποιὸν
602 1978 651 2003 οὐκ
678 1977 822 2006 ἐνδέουσαν

59 2012 152 2048 πληθύν.
173 2017 317 2052 Ἢπείγετο
333 2020 363 2046 δὲ
385 2019 429 2047 διὰ
442 2021 492 2056 τῆς
508 2022 686 2056 Τιμωνιτίδος
711 2023 822 2057 Παφλα-

58 2059 132 2092 Win
144 2062 182 2094 είς
193 2064 242 2099 τὴν
255 2064 401 2100 Γαλατίαν,
423 2067 471 2094 καὶ
487 2067 611 2100 ἐναταῖος
624 2069 663 2100 εἰς
680 2069 731 2104 τὴν
744 2069 822 2096 Βιθυ-

58 2103 104 2150 νίαν
114 2106 272 2140 ἀφικνεῖται.
291 2111 443 2143 Λεύκολλος
458 2113 486 2138 δὲ
500 2113 607 2140 Κότταν
620 2114 670 2149 μὲν
691 2103 821 2150 ὲιρορμεῖν

58 2149 143 2178 κελεύει
162 2154 200 2189 τῷ
214 2155 408 2191 Καλχηδονίων
422 2157 512 2193 λιμένι
532 2159 615 2185 παντὶ
631 2160 670 2194 τῷ
689 2149 819 2196 ναυτικῷ.

877 1616 947 1638 teres
955 1615 982 1637 Ci.
1000 1616 1128 1637 cercuras
1156 1608 1287 1641 vocitant,
1301 1615 1353 1634 non
1371 1608 1484 1643 exigatis
1495 1613 1555 1634 erat
1566 1615 1660 1634 Illllllﬂ-

875 1662 930 1684 rus.
947 1656 1126 1691 Diophantum
1137 1655 1218 1681 etiam
1232 1654 1389 1686 Mithartmt,
1398 1662 1459 1679 cum
1468 1653 1555 1679 valida
1567 1662 1660 1684 manu,

876 1704 902 1730 itt
924 1702 1122 1737 Cappadociam
1147 1700 1268 1731 dimittit,
1298 1703 1327 1727 ut
1350 1699 1472 1734 praesidia
1497 1699 1523 1725 in
1550 1700 1662 1725 ttrbihus

876 1748 990 1776 collocet
1005 1756 1014 1776 :
1031 1752 1070 1780 et,
1084 1747 1110 1774 s‘t
1127 1746 1252 1773 Lucullus
1270 1745 1385 1772 Pontum
1409 1745 1575 1779 ingrediatur
1586 1765 1594 1778 ,
1615 1753 1662 1772 oc-

875 1799 983 1827 currat,
1008 1799 1036 1821 et
1060 1800 1230 1829 progressum
1251 1792 1309 1826 ejus
1326 1791 1498 1819 intercludat.
1517 1790 1575 1824 Ipse
1595 1798 1660 1818 vero

876 1840 982 1869 150000
1000 1840 1119 1875 peditum
1140 1839 1190 1866 sub
1213 1837 1319 1866 vexillis
1343 1837 1412 1872 apud
1439 1845 1468 1864 se
1490 1837 1610 1868 retinet,
1634 1842 1661 1864 et

876 1886 962 1913 12000
978 1886 1116 1921 equitum,
1128 1892 1196 1919 quos
1211 1884 1302 1911 falcati
1320 1888 1469 1918 sequuntur
1485 1890 1579 1910 currus
1595 1881 1660 1915 120,

875 1940 926 1960 nec
946 1932 999 1959 ulla
1022 1932 1209 1959 machinarum
1234 1931 1323 1959 omnis
1341 1930 1448 1965 generis
1471 1930 1548 1965 copia
1572 1929 1658 1956 abest.

875 1972 1016 2005 concitato
1038 1977 1119 2011 igitur
1137 1977 1246 2008 itinere,
1268 1984 1316 2011 per
1331 1976 1533 2008 Titnunitidetn,
1552 1975 1659 2009 Cappa-

876 2024 981 2051 dociatn
1001 2028 1028 2052 et
1043 2023 1177 2051 Galatiam
1208 2030 1334 2058 pergens,
1354 2023 1387 2050 ad
1412 2023 1482 2050 diem
1500 2030 1599 2049 nonum
1618 2022 1660 2048 Bi-

877 2070 997 2106 thyniam
1013 2070 1130 2105 attingit.
1140 2069 1268 2097 Lucullus
1286 2069 1394 2097 interim
1407 2069 1514 2096 Cottam
1536 2068 1562 2095 in
1578 2068 1659 2096 Chal-

875 2116 1050 2143 cedoniorum
1075 2121 1153 2151 portu
1192 2115 1335 2144 stationem
1364 2114 1465 2142 habere
1495 2114 1571 2149 jubet
1597 2122 1658 2141 cum

875 2162 948 2189 omni
965 2161 1062 2189 classe.

172 2209 235 2239 CAP.
258 2211 313 2240 XL.
327 2228 363 2232 —
386 2212 568 2242 Heraclienses
589 2214 739 2243 Mithridati
763 2225 790 2243 se
817 2217 963 2252 adjttngunt
982 2221 1007 2244 et
1023 2217 1175 2251 publicanos
1196 2217 1328 2244 Romanos
1346 2217 1517 2250 interﬁciunt.

84 2265 114 2293 Τὸ
128 2267 153 2294 δὲ
173 2270 338 2306 Μιθριδάτου
354 2273 482 2300 ναυτικὸν
497 2275 654 2310 παραπλέον
669 2276 718 2311 τὴν
736 2276 822 2312 Ἠρά-

910 2277 1072 2305 Mithridatis
1084 2282 1174 2305 autent
1185 2277 1279 2305 classis
1290 2277 1444 2305 lleracleam
1456 2277 1658 2313 prtcterlcgcns,

59 2309 131 2360 nam
149 2316 212 2351 παρ’
231 2317 318 2353 αὐτῆς
341 2319 392 2345 οὐκ
418 2309 542 2356 ἐδέχθη,
559 2321 616 2348 ἀλλ’
636 2309 738 2358 ἀγορὰν
771 2309 820 2358 μιν

59 2360 222 2393 αίτησαμένων
250 2364 399 2399 παρέσχον.
424 2363 476 2393 Οἷα
498 2366 527 2392 δὲ
555 2367 645 2398 εἰκὸς,
678 2369 820 2403 ἐπιμιξίας

57 2404 181 2449 γενομένης
216 2407 362 2444 Ἀρχέλαος
393 2411 408 2437 ὁ
435 2411 483 2438 τοῦ
514 2412 641 2438 ναυτικοῦ
669 2414 820 2449 στρατηγὸς

58 2447 169 2497 Caviis-6e
197 2452 308 2487 Σιλῆνον
323 2455 345 2470 ¹¹
373 2456 421 2482 καὶ
451 2456 571 2492 Σάτυρον
601 2447 743 2492 ἐπιφανεῖς

58 2490 202 2538 ,Ἡρακλείας
220 2498 330 2533 ἄνδρας.
347 2503 394 2527 καὶ
415 2501 464 2528 οὐκ
486 2490 586 2538 ἀνῆκεν
603 2490 705 2535 ἓως-ἃν
725 2490 820 2532 ἔπεισε

58 2536 131 2587 ξῇδεῖν
141 2541 217 2587 ῖὲντε
235 2545 357 2580 τριήρεις
371 2536 545 2582 συμμαχίδας
558 2550 599 2580 εἰς
615 2549 663 2575 τὸν
683 2550 753 2577 κατὰ
765 2551 820 2578 τῶν

70 2580 182 2628 ξ’ωμαίων
205 2589 334 2624 πόλεμον.
353 2580 412 2618 Καί
507 2593 610 2628 ταύτης
623 2595 673 2629 τῆς
694 2595 820 2629 πράξεως

146 2632 188 2659 καὶ
212 2633 358 2670 Ἀρχέλαος
384 2637 560 2674 ἐμηχανᾶτο)
586 2625 820 2675 ’τὴν-λΡωμαίων

59 2672 181 2722 ἀτέιβειαν
203 2679 218 2706 ό
245 2679 439 2717 Ἡρακλεώτης
455 2683 541 2719 δῆμος
552 2672 704 2720 ἐκτήσατο.
726 2672 817 2722 Ᾰημο-

60 2720 155 2754 ίιωνίαςε
170 2723 197 2751 δὲ
216 2725 271 2753 τῶν
301 2727 445 2763 Ῥωμαίων
473 2729 502 2755 ὲν
526 2731 586 2762 ταῖς
606 2730 700 2763 ἄλλαις
725 2720 819 2759 πόλεσι

874 2323 907 2350 ab
927 2330 959 2350 ea
976 2331 1028 2350 llOll
1044 2324 1173 2358 recipitur
1188 2331 1196 2351 :
1213 2323 1300 2350 forum
1322 2328 1410 2351 tamen
1424 2325 1519 2351 venale
1540 2325 1661 2359 roganti-

875 2369 924 2396 bus
939 2369 1060 2403 praebent
1078 2377 1085 2395 :
1101 2374 1126 2396 et
1138 2369 1327 2403 commerciis,
1343 2374 1373 2397 ut
1392 2369 1449 2397 ﬁeri
1468 2361 1553 2404 solei,
1574 2372 1659 2404 initis,

873 2414 1021 2442 Archelaus
1041 2415 1180 2450 copiarum
1204 2415 1340 2442 navalium
1364 2416 1470 2447 ductor,
1490 2416 1610 2444 Silenum
1632 2423 1660 2445 et

874 2459 1013 2496 Satyrum,
1029 2461 1133 2488 nobiles
1145 2469 1178 2489 ex
1192 2461 1322 2489 Heraclea
1338 2462 1423 2494 viros,
1436 2463 1641 2496 comprehendit
1653 2474 1658 2490 :

872 2514 923 2533 nec
943 2507 1017 2540 prius
1036 2507 1156 2539 dimisit,
1179 2515 1260 2542 qttam
1284 2509 1465 2543 persuasisset
1491 2513 1518 2536 ut
1539 2510 1659 2544 quinque

874 2553 1031 2580 triremibus
1053 2553 1140 2588 ipsum
1156 2554 1181 2580 in
1198 2554 1247 2581 hoc
1262 2562 1322 2581 cum
1344 2555 1474 2582 Romanis
1495 2556 1564 2582 bello
1581 2556 1657 2590 adju-

872 2604 977 2626 varent.
999 2596 1057 2626 Hoc
1079 2599 1149 2627 facto
1171 2600 1253 2635 (quod
1275 2605 1302 2627 et
1323 2601 1475 2628 Archelaus
1496 2603 1659 2629 veteratorie

874 2643 984 2670 tnolitus
997 2644 1067 2680 erat)
1090 2645 1272 2671 lloutauorum
1292 2646 1460 2673 inimicitiam
1477 2647 1591 2681 populus
1606 2646 1659 2673 Hc-

872 2688 1012 2715 racliensis
1024 2689 1075 2715 sibi
1091 2689 1254 2716 conciliavit.
1268 2688 1335 2716 Cum
1355 2690 1438 2724 igitur
1454 2691 1592 2718 auctiones
1609 2699 1658 2725 pu-

873 2733 956 2760 blicas
967 2733 1079 2761 Romani
1098 2734 1126 2761 itt
1145 2735 1207 2762 aliis
1221 2735 1378 2763 civitatibus
1396 2736 1581 2770 instituerent,
1603 2738 1655 2765 lle-

652 2777 769 2804 VARIIE
792 2778 994 2807 LECTIONES.

83 2811 296 2866 .l'
315 2820 336 2836 ¹⁷
346 2820 527 2866 ἐπεκρινοντο
539 2831 571 2857 ς,
608 2824 629 2840 ¹⁸
645 2823 705 2852 libri
718 2827 950 2862 πεντηκοντήρων.
992 2827 1013 2843 ¹⁹
1030 2825 1153 2862 Μιθάρου
1172 2829 1211 2856 vel
1224 2829 1353 2866 Μιθάρεω
1381 2829 1511 2864 Scaliger.

62 2846 141 2881 χιλίους
155 2851 172 2877 Α
192 2861 199 2879 :
215 2846 308 2887 6657c.
346 2846 367 2872 ίί

1562 2831 1585 2846 ¹⁰
1597 2830 1654 2858 δισο
