1920 3090
212 119 266 153 919

790 121 920 152 ΡΗΟἸἹΙ
940 122 1193 153 PATRIARCILE
1214 123 1268 152 (ΣΡ.

1794 120 1850 150 92υ

215 179 391 215 perfecerunt
410 180 510 207 studio.
527 179 615 207 Nicaea
629 186 693 213 ergo
711 179 762 206 hoc
778 179 858 206 modo
873 179 1004 214 appellata

1058 179 1186 210 πολλάκις
1204 178 1399 209 στασιάσαντες
1418 176 1463 203 ὑπ’
1484 176 1570 211 αὐτῆς
1595 175 1704 211 ἐκείνης
1731 175 1850 212 ὓστερον

213 231 243 253 et
259 226 366 253 condita
391 225 463 253 fuit:
482 230 563 260 atque
584 226 611 252 in
637 225 821 253 Romanorum
838 231 999 260 potestatem

217 273 333 300 devenit.

1055 225 1103 259 τὴν
1117 225 1235 260 πατρίδα
1251 224 1439 259 ἀφῃρέθησαν,
1453 223 1648 258 καταστροφὴν
1669 223 1775 258 ταύτης
1801 225 1852 250 καὶ

1057 272 1209 306 ἀφανισμὸν
1224 271 1278 297 τῶν
1295 272 1323 297 ὲν
1344 272 1378 305 τῇ
1397 269 1495 296 Φωκίδι
1517 269 1603 304 πολλῇ
1632 270 1734 304 σπουδῇ
1761 278 1851 295 κατα-

218 319 410 355 τραξαμὲνων.
432 319 503 346 Ἀλλ’
516 320 534 352 ὴ
550 320 599 354 μὲν
609 320 711 346 Νίκαια
726 318 799 347 οὕτω
811 327 841 345 τε
851 320 900 354 τὴν
914 319 1010 354 κλῆσιν
1026 319 1073 345 καὶ
1102 319 1152 352 τὴν
1174 318 1317 353 οἰκοδομὴν
1356 316 1430 350 ἔσχε,
1456 315 1503 342 καὶ
1538 315 1610 342 οὕτω
1648 315 1850 350 προσεχώρησε

223 367 378 403 Ῥωμαίοις.

440 427 503 454 CAP.
525 425 661 453 XLIV.-—
672 426 838 454 Mithridates
850 427 917 453 cedit
932 425 1015 453 Cotta:
1028 431 1050 453 et
1067 425 1185 456 Triario,
1201 430 1227 451 ct
1243 429 1303 451 astu
1322 423 1478 450 Heracleam
1493 427 1612 456 occupat.

260 484 394 512 Caeterum
430 485 597 512 Mithridates
626 486 795 514 Nicomede
829 486 1003 513 subsistebat.

216 529 293 555 Cotta
319 534 420 560 autem,
438 529 576 563 superiora
594 530 690 556 damna
714 530 848 556 resarcire
870 530 972 560 volens,
989 537 1003 555 a

216 574 387 601 Chalcedone
400 595 407 606 ,
423 575 467 600 ubi
492 576 690 606 succubuerat,
710 575 898 602 Nicometleam
912 574 1004 609 copias

217 620 365 651 transfert,
385 625 412 647 et
431 620 483 647 150
499 621 585 648 stadia
602 621 635 647 ab
655 622 721 648 urbe
739 625 826 648 castra
844 625 972 652 metatus,
988 628 1002 646 a

216 666 392 693 dimicatione
405 671 491 693 cavet.
508 666 557 698 lbi,
576 674 672 701 magna
684 666 803 693 adhibita
820 666 1001 698 festinatione,

215 711 307 738 citatis
324 710 465 738 itineribus
485 711 590 738 Cottam
609 717 705 745 sponte
725 719 772 738 sua
789 711 910 738 Triarius
928 718 1003 738 asse-

213 757 316 791 quitur,
337 761 365 784 et
390 756 559 784 Mithridates
582 757 609 784 in
631 757 723 784 urbem
748 764 778 784 se
801 756 907 791 recipit.
931 755 1000 783 Tum

215 808 329 837 uterque
351 802 488 830 Romanus
502 803 639 829 exercitus
653 802 686 828 ad
701 802 928 836 oppugnationem
944 801 1001 835 ejus

214 856 243 876 se
260 853 347 883 parat.
368 849 403 875 At
418 856 465 876 rex
480 849 590 884 cognito
605 848 712 882 gemino
738 847 862 875 conﬂictu
887 848 978 875 navali
992 868 1000 880 ,
1019 866 1040 895 Β

213 901 266 927 qua
283 894 356 921 circa
374 892 522 926 Tenedum,
546 901 598 928 qua
614 893 641 920 in
656 893 723 920 mari
743 892 829 929 [Egeo
842 892 970 922 Ponticos
985 901 1001 920 a

213 939 326 967 Lucullo
340 940 436 973 victos,
451 947 501 967 nec
520 947 612 975 parem
627 947 656 967 se
672 940 704 966 ad
722 941 918 967 occurrendum
934 948 1002 974 pne-

212 987 337 1014 scntibus
349 986 531 1014 Romanorum
542 986 628 1020 copiis
640 993 710 1018 esse,
723 985 837 1013 classem
850 986 876 1013 in
892 985 1001 1012 ﬂuvium

215 1037 289 1060 retro
308 1036 407 1063 movet.
421 1037 449 1059 et
464 1031 539 1067 gravi
552 1037 692 1065 correpttts
713 1036 882 1066 tempestate,
899 1031 1002 1065 aliquot

212 1079 339 1106 triremes
359 1079 479 1106 amittit:
498 1079 555 1113 ipse
570 1083 660 1106 tamen
680 1087 744 1116 cum
767 1078 889 1111 plurimis
906 1078 931 1105 in
947 1078 1002 1113 Hy-

211 1126 284 1159 pium
309 1123 420 1152 ﬂuvium
442 1124 573 1152 defertur.
594 1123 662 1156 Hic,
687 1132 747 1152 cum
771 1128 920 1159 tempestas
940 1132 1001 1151 eum

212 1176 345 1204 moratur,
373 1171 465 1198 audito
493 1170 659 1202 Lamachum
685 1169 896 1202 Heracliensem,
921 1178 1000 1204 quem

210 1218 323 1251 antiquo
342 1217 470 1244 amicitia:
496 1216 599 1244 taedere
625 1217 784 1243 obstrictum
811 1216 940 1248 haberet,
967 1216 1000 1243 ad

214 1261 366 1297 reipublicae
382 1261 592 1296 gubernaculum
613 1261 728 1293 sedere,
749 1261 841 1288 multis
864 1262 1000 1288 hominem

212 1307 354 1342 promissis
383 1307 507 1338 attraxit,
528 1311 558 1334 ut
583 1307 633 1333 sibi
667 1306 693 1333 in
724 1306 817 1339 urbem
847 1307 1001 1341 recipiendo

211 1361 321 1388 operam
339 1354 426 1380 daret.
448 1352 581 1379 Pecunias
595 1353 675 1379 etiam
693 1353 803 1379 miserat
817 1352 867 1379 hoc
880 1353 999 1380 nomine.

212 1399 262 1427 llic
275 1407 334 1433 qum
355 1403 506 1433 rogaverat,
522 1397 566 1425 ille
578 1402 697 1432 praestat.
713 1397 824 1425 Pnblico
838 1398 909 1424 enim
925 1404 1000 1425 extra

217 1447 310 1474 urbem
334 1445 414 1480 epulo
438 1444 541 1472 civibus
576 1449 716 1478 apparata,
741 1444 792 1471 euh
813 1445 883 1479 Quod
903 1443 1000 1480 23ήύ

212 1493 319 1520 rlausas
341 1500 370 1519 se
393 1500 445 1518 non
468 1492 624 1519 habiturum
649 1496 741 1524 portas
769 1490 847 1518 ﬁdem
878 1491 999 1523 dederat,

213 1546 289 1565 mero
306 1537 431 1573 popttlum
451 1537 572 1569 inescat,
590 1541 672 1570 utque
686 1543 718 1563 eo
738 1536 794 1570 ipso
813 1536 856 1562 die
875 1544 908 1563 ex
925 1544 999 1563 com-
1012 1534 1034 1562 C

215 1589 295 1617 pacto
322 1582 492 1610 Mithridates
516 1583 689 1616 superveniat
711 1581 782 1614 illis,
808 1582 853 1608 dat
877 1589 999 1615 operam.

214 1629 307 1663 Itaque
324 1636 373 1655 nec
384 1627 483 1655 olfactu
503 1627 666 1657 Mithridatis
680 1627 806 1659 adventu,
825 1627 890 1654 urbs
901 1628 926 1654 in
943 1626 1002 1661 ejus

214 1674 357 1706 arbitrium
374 1673 457 1700 venit.
476 1673 611 1708 Postridie
629 1673 732 1707 plehent
758 1681 804 1700 rex
827 1678 1001 1700 convocatam

217 1720 311 1747 amicis
336 1719 459 1746 hortatur
483 1719 584 1750 verbis,
614 1723 695 1753 utque
721 1719 800 1746 {idem
826 1726 888 1753 erga
914 1719 1001 1754 ipsum

216 1772 322 1793 tueatur
353 1766 501 1797 hortatus,
538 1765 740 1800 Conuacorigi,
775 1773 836 1792 cum
876 1765 1002 1800 pratsidio

214 1810 232 1838 ι
249 1810 374 1843 tuilliutn,
397 1811 491 1840 urbem
508 1810 712 1846 custodiendam
736 1810 829 1836 tradit.
850 1809 1002 1837 Prtetextus

214 1861 284 1889 erat,
307 1857 480 1884 defensurum
496 1863 525 1884 se
540 1857 623 1888 cives,
647 1855 669 1882 si
690 1855 807 1882 Romani
824 1856 888 1890 quid
907 1861 1002 1883 contra

214 1903 370 1935 moliantur,
382 1907 409 1930 et
422 1907 657 1931 conservaturum.
674 1901 744 1928 Hinc
756 1902 908 1929 distributis
921 1903 946 1929 in
962 1902 1002 1929 ci-

212 1955 270 1980 ves,
288 1949 404 1975 maxime
417 1948 442 1976 in
458 1948 643 1982 magistratus,
662 1947 795 1982 pecuniis,
813 1955 908 1975 versus
921 1947 1002 1976 Sino-

213 2002 275 2029 pem
295 1995 474 2030 navigationis
488 2002 597 2025 cursum
613 1995 715 2029 dirigit.

1094 484 1264 519 Μιθριδάτης
1274 483 1303 510 δὲ
1320 484 1348 510 ὲν
1362 484 1394 518 τῇ
1411 483 1581 518 Νικομηδείᾳ
1592 482 1719 517 διέτριϐε.
1738 482 1851 514 Κόττας

1057 530 1086 557 δὲ
1107 529 1267 564 βουλόμενός
1286 538 1312 555 τι
1335 529 1389 555 τῶν
1404 527 1688 564 προδιημαρτημένων
1703 528 1725 543 ³⁹
1743 529 1850 554 ἀναλα-

1057 576 1114 602 ϐεῖν
1139 573 1206 612 ἧκεν
1230 575 1284 603 ἀπὸ
1305 575 1477 610 Καλχηδόνος
1492 575 1525 605 ⁵ο,
1540 575 1569 600 ἐν
1591 571 1613 608 ᾧ
1640 574 1751 609 ἥττητο,
1776 575 1849 610 πρὸς

1055 623 1105 658 τὴν
1125 622 1319 657 Νικομήδειαν,
1345 621 1392 647 καὶ
1411 619 1620 655 στρατοπεδεύει
1634 618 1654 645 ν’
1670 619 1717 646 καὶ
1736 623 1759 655 ρ’
1775 629 1846 646 στα-

1056 668 1120 694 δίων
1142 668 1192 703 τῆς
1208 667 1311 698 πόλεως
1330 666 1442 697 ἄποθεν,
1456 666 1507 701 τὴν
1527 666 1665 700 συμϐολὴν
1679 666 1728 701 τῆς
1753 666 1849 701 μάχης

1056 713 1303 747 ὑπευλαῦούμενος.
1327 712 1543 747 Καταλαμϐάνει
1561 712 1590 738 δὲ
1611 713 1718 739 Κότταν
1739 714 1848 747 σπουδῇ

1054 760 1139 795 πολλῇ
1165 759 1329 793 αὐτόκλητος
1356 759 1370 785 ὁ
1398 758 1420 773 ⁸⁸
1444 758 1585 793 Τριάριος.
1610 758 1656 784 καὶ
1675 758 1849 793 Μιθριδάτου

1054 805 1283 840 ὑποχωρήσαντος
1306 804 1347 835 εἰς
1366 803 1415 837 τὴν
1442 803 1520 830 πόλιν
1544 803 1716 837 ἑκατέρωθεν
1740 803 1850 838 ταύτην

1054 851 1209 886 πολιορκεῖν
1223 850 1253 876 τὸ
1273 850 1426 884 Ῥωμαϊκὸν
1440 848 1663 884 παρεσκευάζετο
1674 849 1848 884 στράτευμα,

1061 897 1137 924 Ἐπεὶ
1158 897 1186 923 δὲ
1210 897 1224 924 ὁ
1250 896 1376 930 βασιλεὺς
1399 895 1565 922 ἐπυνθάνετο
1586 895 1646 921 δυσὶ
1665 895 1849 930 ναυμαχίαις,

1053 944 1085 977 τῇ
1105 942 1154 977 μὲν
1174 942 1239 978 περὶ
1251 942 1364 968 Τένεδον
1377 942 1411 976 τῇ
1431 941 1459 967 δὲ
1479 941 1550 968 κατὰ
1570 941 1615 967 τὸν
1633 941 1755 974 Λῖγαιον,
1775 941 1850 967 Λευ-

1053 988 1148 1015 κόλλου
1171 987 1353 1023 πολεμοῦντος
1368 987 1430 1018 τοὺς
1445 984 1592 1018 Ποντικοὺς
1606 986 1776 1020 νενικῆσθαι,
1799 986 1851 1012 καὶ

1052 1035 1103 1061 οὐκ
1124 1034 1274 1069 ἀξιόμαχον
1294 1034 1375 1060 αὑτὸν
1399 1033 1466 1069 πρὸς
1487 1033 1535 1067 τὴν
1553 1032 1618 1068 [584
1634 1032 1679 1068 H.]
1702 1032 1850 1066 παροῦσαν

1052 1081 1165 1115 δύναμιν
1188 1080 1332 1114 Ῥωμαίων
1352 1080 1456 1115 ἡγεῖτο,
1476 1080 1525 1114 τὴν
1551 1079 1676 1105 ἐπίϐασιν
1698 1078 1737 1114 τῷ
1759 1078 1851 1113 στόλῳ

1052 1127 1092 1157 εἰς
1113 1125 1160 1152 τὸν
1182 1125 1305 1160 ποταμὸν
1331 1125 1353 1141 ⁸³
1381 1125 1504 1156 ἀνέπλει,
1533 1125 1579 1151 καὶ
1598 1124 1705 1159 σφοδρῷ
1729 1124 1850 1159 χειμῶνι

1053 1171 1210 1208 περιπεσὼν
1223 1173 1300 1202 τινὰς
1327 1172 1376 1207 μὲν
1390 1171 1444 1198 τῶν
1460 1171 1582 1206 τριήρων
1592 1170 1750 1201 ἀποϐάλλει,
1762 1170 1851 1202 αὐτὸς

1052 1218 1080 1244 δὲ
1105 1217 1174 1253 μετὰ
1192 1217 1246 1243 τῶν
1262 1217 1392 1244 πλειόνων
1407 1217 1447 1249 είς
1462 1217 1507 1243 τὸν
1523 1217 1622 1243 Ὗπιον
1641 1217 1761 1252 ποταμὸν
1777 1224 1850 1243 κατα

1051 1263 1164 1298 ηνέχθη.
1185 1263 1258 1289 Ἑκεῖ
1271 1262 1299 1288 δὲ
1317 1262 1362 1290 διὰ
1379 1262 1426 1288 τὸν
1442 1262 1565 1297 χειμῶνα
1580 1262 1726 1298 διατρίϐων
1750 1262 1850 1297 Λάμα-

1052 1318 1099 1345 χον
1112 1309 1157 1336 τὸν
1181 1308 1386 1344 Ἡρακλεώτην,
1401 1308 1494 1343 φιλίαν
1510 1309 1579 1342 ἔχων
1601 1309 1670 1343 πρὸς
1691 1308 1774 1335 αὑτὸν
1790 1317 1848 1335 πα-

1052 1355 1141 1387 λαιὰν,
1157 1355 1251 1390 μαθὼν
1264 1355 1288 1371 ⁸³
1306 1354 1400 1390 ἄρχειν
1418 1354 1468 1389 τῆς
1481 1354 1629 1385 πολιτείας,
1648 1354 1759 1385 πολλαῖς
1779 1355 1849 1380 ὑπο-

1052 1402 1178 1437 σχέσεσιν
1194 1401 1284 1429 εἷλκεν
1295 1401 1365 1428 ὥστε
1385 1402 1593 1435 παρασκευάσαι
1611 1401 1691 1428 αὑτὸν
1708 1402 1736 1427 ἐν
1748 1403 1782 1436 τῇ
1798 1402 1850 1428 πό-

1051 1449 1093 1476 λει
1117 1449 1337 1484 παραδεχθῆναι.
1357 1449 1485 1483 Ἔπεμπε
1505 1448 1533 1474 δὲ
1550 1449 1597 1475 καὶ
1617 1448 1744 1483 χρήματα
1757 1456 1765 1464 ·
1783 1449 1798 1474 ὁ
1817 1448 1849 1474 δὲ

1053 1494 1189 1521 ἀντεδίδου
1215 1494 1265 1528 τὴν
1293 1494 1412 1529 αἴτησιν,
1443 1493 1490 1519 καὶ
1514 1493 1687 1529 δημοθοινίαν
1717 1493 1769 1525 ἔξω
1793 1494 1848 1527 τῆς

1055 1540 1161 1571 πόλεως
1182 1539 1380 1575 λαμπροτάτην
1406 1540 1686 1574 παρασκευασάμενος
1712 1540 1768 1570 τοῖς
1796 1547 1848 1565 πο-

1052 1586 1151 1619 λίταις,
1163 1586 1210 1612 καὶ
1221 1585 1244 1600 ⁵⁸
1253 1586 1340 1621 ταύτῃ
1360 1585 1427 1620 μηδὲ
1437 1585 1488 1617 τὰς
1501 1585 1588 1617 πύλας
1602 1585 1674 1620 ἔχειν
1685 1593 1851 1620 παρεγγυη-

1053 1631 1170 1666 σάμενος
1192 1630 1400 1665 κεκλεισμένας,
1421 1630 1541 1665 μεθύσας
1560 1639 1592 1656 τε
1618 1630 1663 1657 τὸν
1687 1630 1785 1664 δῆμον,
1814 1630 1851 1656 ἐκ

1053 1677 1228 1715 συνθήματος
1243 1676 1314 1703 κατὰ
1336 1676 1384 1711 τὴν
1402 1676 1488 1712 αὐτὴν
1502 1675 1610 1711 ἡμέραν
1629 1675 1776 1710 ἐφεστάναι
1799 1675 1852 1702 λά-

1053 1723 1106 1758 θρᾳ
1119 1721 1384 1758 προπαρασκευάζει
1396 1723 1418 1738 ι⁵
1432 1722 1478 1749 τὸν
1495 1722 1676 1757 Μιθριδάτην.
1689 1721 1746 1747 Καὶ
1758 1720 1851 1752 οὕτως

1053 1769 1070 1804 ὴ
1093 1768 1181 1800 πόλις,
1208 1768 1277 1803 μηδὲ
1299 1768 1348 1803 τὴν
1371 1768 1463 1802 ἀφιξιν
1488 1767 1658 1802 αἰσθομένων
1680 1767 1735 1794 τῶν
1765 1767 1852 1802 Ἠρα-

1053 1813 1192 1846 κλεωτῶν,
1210 1813 1262 1840 ὑπὸ
1275 1815 1356 1849 χεῖρα
1380 1813 1535 1849 Μιθριδάτῃ
1558 1814 1674 1846 γίνεται.
1700 1813 1740 1848 Τῇ
1759 1813 1852 1840 ἐπαύ-

1056 1869 1112 1895 ριον
1128 1860 1157 1888 δὲ
1173 1861 1348 1894 συγκαλέσας
1363 1860 1394 1886 τὺ
1417 1860 1520 1895 πλῆθος
1536 1861 1550 1886 ὁ
1571 1859 1709 1895 βασιλεὺς,
1728 1859 1776 1886 καὶ
1799 1868 1849 1893 φι-

1053 1905 1122 1937 λίοις
1145 1906 1345 1941 δεξιωσάμενος
1367 1906 1468 1940 λόγοις,
1495 1906 1543 1932 καὶ
1569 1906 1619 1940 τὴν
1647 1905 1755 1932 εὔνοιαν
1780 1905 1853 1939 πρὸς

1054 1951 1137 1978 αὑτὸν
1153 1951 1325 1987 παραινέσας
1337 1951 1445 1985 σώζειν,
1464 1951 1700 1987 τετρακισχιλίους
1716 1959 1746 1976 τε
1762 1959 1854 1985 φρου-

1057 1997 1119 2032 ροὺς
1138 1999 1346 2034 ἐγκαταστήσας
1373 1998 1421 2025 καὶ
1443 1997 1619 2033 φρούραρχον
1640 1998 1853 2032 Κοννακόρηκα,

213 2041 350 2076 προφάσει
362 2041 421 2076 τοῦ,
436 2042 460 2067 εἰ
481 2041 612 2075 Ῥωμαῖοι
631 2040 785 2076 βουληθεῖεν
805 2041 1004 2074 ἐπιϐουλεύειν,
1030 2043 1081 2077 τῆς
1102 2043 1207 2075 πόλεως
1225 2043 1347 2074 ἐκείνους
1364 2043 1535 2078 ὑπερμαχεῖν
1563 2043 1611 2070 καὶ
1634 2043 1763 2078 σωτῆρας
1778 2039 1853 2068 εἶναι

211 2089 267 2117 τῶν
282 2089 470 2123 ἐνοικούντων,
491 2087 552 2116 εἶτα
572 2089 601 2115 δὲ
626 2089 673 2115 καὶ
700 2089 833 2124 χρήματα
858 2089 999 2125 διανείμας
1012 2092 1068 2123 τοῖς
1083 2091 1113 2118 ὲν
1128 2091 1209 2128 αὐτῇ,
1223 2091 1342 2128 μάλιστα
1355 2091 1384 2118 δὲ
1398 2093 1455 2124 τοῖς
1473 2092 1503 2118 ὲν
1531 2091 1620 2124 τέλει,
1639 2091 1687 2123 ἐπὶ
1721 2091 1774 2126 τῆς
1806 2091 1853 2117 Σι-

214 2137 308 2172 νώπης
320 2136 493 2170 ἐξέπλευσεν.

625 2196 688 2223 Car.
706 2194 785 2221 XLV.
795 2210 832 2215 —
843 2194 946 2229 Pugnw
958 2194 1034 2223 Rom.
1049 2205 1107 2223 cum
1131 2196 1252 2223 Milltrid.
1276 2195 1412 2223 secundat.

251 2253 320 2280 Tum
338 2251 465 2279 Lucullus
479 2255 507 2278 et
521 2250 599 2278 Cotta
614 2254 642 2276 et
652 2249 776 2276 Triarius
793 2249 906 2276 Romani
920 2250 1003 2277 duces

1090 2251 1240 2281 Λεύκολλος
1251 2250 1280 2277 δὲ
1295 2249 1343 2276 καὶ
1358 2250 1464 2281 Κόττας
1484 2249 1531 2276 καὶ
1546 2249 1712 2284 ὀτριάριος,
1735 2249 1760 2274 ot
1780 2248 1855 2275 Ῥω-

215 2298 249 2327 ad
267 2299 456 2326 Nicomedeam
481 2296 633 2332 agminibus
654 2295 822 2330 conjunctis.
845 2296 870 2322 iu
888 2295 1003 2323 Pontum

215 2347 394 2382 irrnptionem
412 2346 501 2373 facere
522 2345 702 2372 destinaruut.
720 2343 755 2370 At
774 2344 928 2370 renuntiata
945 2343 1000 2370 lle-

215 2394 310 2422 rac‘lcae
336 2392 545 2428 oppugnatione,
574 2399 634 2418 cuttt
657 2390 690 2417 de
713 2390 863 2425 proditione
888 2391 1002 2417 necdum

217 2445 367 2472 constaret,
388 2439 435 2466 sed
454 2439 537 2465 totius
555 2438 633 2466 simul
657 2438 774 2465 civitatis
798 2437 936 2465 voluntate
957 2438 1004 2465 de-

214 2487 356 2514 fectionem
366 2486 512 2520 contigisse
522 2485 729 2515 arbitrarentur,
743 2484 845 2511 Luculli
860 2484 1002 2510 consilium

213 2537 272 2560 erat
287 2537 313 2558 ut
331 2532 388 2565 ipse
403 2539 462 2558 cmn
479 2531 576 2558 robore
590 2531 728 2558 exercitus
743 2537 790 2563 per
806 2529 1001 2556 Mediterranea

212 2584 240 2606 et
260 2578 458 2613 Cappadociam
485 2582 604 2604 moveret
627 2578 653 2604 in
676 2584 765 2610 regem
781 2581 808 2602 et
833 2580 919 2602 totttm
943 2574 1003 2609 ejus

214 2633 337 2659 regnum,
357 2628 384 2651 ct
400 2624 556 2651 Heracleam
575 2627 742 2658 oppugnaret
757 2621 849 2649 Cotta.
881 2621 1003 2648 Triarius

213 2677 313 2705 autem,
330 2675 467 2706 assumpta
484 2670 582 2702 classe,
597 2670 693 2696 missas
705 2669 730 2696 in
746 2669 853 2696 Cretam
869 2673 897 2694 et
911 2667 1002 2701 llispa-

1057 2297 1145 2332 μαίων
1162 2296 1363 2331 αὐτοκράτορες
1389 2296 1548 2330 στρατηγοὶ,
1572 2295 1618 2321 ἐπὶ
1645 2295 1695 2330 τῆς
1723 2295 1855 2330 Νικομη-

1055 2343 1130 2374 δείας
1155 2342 1216 2369 καθ’
1240 2342 1270 2368 ἐν
1292 2342 1433 2376 γενόμενοι
1460 2341 1590 2376 ὥρμηντο
1611 2342 1651 2372 εἰς
1676 2342 1722 2367 τὸν
1748 2341 1854 2368 Πόντον

1055 2389 1185 2423 ἐμϐαλεῖν
1199 2397 1206 2404 ·
1225 2387 1284 2424 [7M
1300 2388 1346 2423 IL]
1365 2388 1427 2414 ἐπεὶ
1438 2388 1466 2414 δὲ
1480 2388 1571 2418 αὐτοῖς
1585 2387 1601 2422 ή
1614 2389 1664 2422 τῆς
1683 2387 1853 2421 Ἡρακλείας

1055 2435 1208 2470 κατάληψις
1235 2435 1368 2470 ἠγγέλθη,
1389 2435 1406 2469 ὴ
1420 2434 1448 2460 δὲ
1475 2433 1605 2469 προδοσία
1630 2434 1682 2459 οὐκ
1710 2432 1852 2468 ἐγνώσθη,

1055 2482 1123 2508 ἀλλὰ
1139 2482 1189 2516 τῆς
1210 2481 1316 2512 πόλεως
1334 2480 1397 2515 ὅλης
1413 2481 1429 2514 ἡ
1445 2480 1597 2511 ἀπόστασις
1618 2478 1761 2514 ἐνομίσθη,
1779 2479 1854 2505 Λεύ-

1055 2529 1148 2555 κολλον
1162 2529 1211 2562 μὲν
1228 2527 1316 2554 ἐδόκει
1337 2527 1406 2562 μετὰ
1419 2528 1468 2562 τῆς
1490 2526 1621 2561 πλείστης
1638 2526 1782 2560 δυνάμεως
1807 2527 1853 2557 εἰς

1055 2573 1103 2608 τὴν
1128 2573 1326 2600 Καππαδοκίαν
1354 2572 1398 2599 διὰ
1425 2572 1474 2607 τῆς
1503 2572 1646 2607 μεσογείου
1675 2572 1777 2606 χωρεῖν
1802 2572 1852 2597 ὲπξ

1053 2629 1083 2645 τε
1106 2619 1275 2654 Μιθριδάτην
1298 2618 1345 2644 καὶ
1368 2618 1419 2652 τὴν
1445 2618 1536 2644 πᾶσαν
1562 2617 1714 2653 βασιλείαν,
1740 2617 1852 2643 Κότταν

1053 2666 1082 2692 δὲ
1105 2665 1152 2692 ἐπὶ
1180 2665 1354 2699 Ἡρακλείας,
1377 2664 1530 2699 ὐτριάριον
1551 2663 1580 2690 δὲ
1595 2663 1625 2689 τὸ
1638 2662 1766 2689 ναυτικὸν
1781 2662 1852 2688 ἁναε

859 2723 975 2751 VARI/li
992 2722 1195 2750 LEC'I'IONES.

249 2777 271 2792 ³⁵⁵
292 2774 364 2809 βουλ.
382 2783 411 2801 τε
429 2774 483 2800 τῶν
498 2772 727 2809 διημαρτημὲνων
742 2781 771 2804 ς,
785 2808 800 2809 νγ
812 2772 843 2809 ,λθ
860 2769 1024 2809 καρχηδόνος

1051 2769 1120 2805 libri.
1139 2803 1143 2805 _
1161 2768 1181 2784 δι
1202 2770 1215 2805 ῤ
1232 2767 1291 2805 add.
1409 2765 1570 2805 δ’ἔπίίξαισιν
1583 2780 1617 2786 -—-
1633 2763 1768 2805 ποταμὸν]
1788 2763 1850 2792 for-

214 2799 364 2844 mm‘iéé.’
389 2799 437 2835 επὶ
453 2799 710 2835 ΦᾶσινΗ-Ιηόντον,
728 2799 756 2834 et
781 2808 880 2833 Πόντον
898 2799 976 2832 Rideo
990 2804 1072 2831 ctiam
1100 2803 1233 2831 Palmerio
1248 2802 1394 2839 placuisse.
1432 2801 1455 2817 ⁸³
1473 2800 1565 2837 φιλίαν
1579 2816 1620 2837 —_
1638 2800 1685 2827 καὶ
1699 2799 1796 2835 μαθὼν
1815 2808 1847 2833 ς.

213 2848 236 2864 ιδ
257 2845 314 2881 καὶ]
329 2846 379 2871 κὰν
392 2844 554 2879 Stephanus.
593 2843 615 2859 "
633 2843 836 2877 παρασκευάζει
852 2850 880 2873 τ.
