1920 3090
75 147 115 180 921

76 192 172 219 λαϐόντα
184 191 246 227 περὶ
261 191 306 218 τὸν
326 191 520 226 Ἑλλήσποντον
534 191 582 217 καὶ
599 192 648 225 τὴν
664 192 834 226 Προποντίδα
847 195 870 223 Α

77 238 114 268 τὰς
126 237 166 263 ἐπὶ
181 237 291 271 Κρήτην
304 236 350 263 καὶ
367 236 488 271 Ἰϐηρίαν
506 237 715 271 ἀπεσταλμένας
738 237 836 272 Μιθρι-

75 283 176 313 δατείους
203 281 267 313 ναῦς
289 283 512 317 ὑποστρεφούσας
545 282 637 317 λοχᾷν.
667 282 836 318 Μιθριδάτης

75 329 97 354 δὲ
109 328 184 354 ταῦτα
198 327 303 354 ἀκούων
318 328 552 363 παρεσκευάζετο,
565 328 612 354 καὶ
629 328 837 363 διεπρεσϐεύετο

76 374 130 409 πρός
142 383 169 400 τε
183 374 244 405 τοὺς
259 374 368 400 Σκυθῶν
388 373 507 408 βασιλεῖς
523 374 569 400 καὶ
585 374 653 409 πρὸς
667 373 713 400 τὸν
728 374 836 408 Πάρθον

76 422 112 446 iui.
121 420 181 455 πρὸς
192 421 237 446 τὸν
248 420 372 455 γαμὸρδν
383 420 464 447 αὐτοῦ
475 420 613 455 Τιγράνην
623 421 669 446 τὸν
684 420 836 456 Ἀρμένιον.

81 466 136 492 Ἀλλ’
156 467 177 492 οἱ
206 465 254 500 μὲν
277 467 402 499 ἀπεῖπον,
425 466 563 501 Τιγράνης
586 466 615 493 δὲ
639 465 690 493 ὑπὸ
709 466 761 500 τῆς
783 466 837 493 Μι-

76 511 180 546 θριὸἁτου
206 512 339 547 θυγατρὸς
365 511 495 543 πολλάκις
516 511 672 547 ἐνοχληθεὶς
698 511 744 537 καὶ
771 512 838 537 ἁνα-

77 558 216 593 6σλλόμενος
233 559 309 592 ὅμως
331 558 434 593 ὑπέστη
451 559 500 594 τὴν
515 558 684 593 συμμαχίαν.
708 557 763 584 Καὶ
785 558 839 585 Μι-

77 604 181 638 Θριδάτης
195 604 340 639 διαφόρους
356 604 473 639 πέμπων
488 603 559 630 κατὰ
568 603 718 630 Λευκόλλου
741 612 838 636 στρατ-

76 649 151 682 ηγοὺς,
169 649 282 683 καὶτῆς
304 649 462 683 συμπλοκῆς
488 647 685 682 ἐπιγενομένης
709 646 839 680 πολύτρο-

76 704 111 721 ποι
124 694 144 710 ⁸⁸
159 693 378 729 μὲνσυνέϐαινον
398 695 427 720 αῐ
446 694 604 728 μεταϐολαὶ,
629 694 658 719 ἐν
682 693 737 723 τοῖς
763 691 839 718 πλεί-

78 750 134 772 στοις
145 741 171 768 δὲ
182 742 214 768 τὰ
241 741 385 775 Ῥωμαίων
407 741 429 757 ⁸⁷
451 741 526 775 ὅμως
544 738 695 774 κατώρθου.
725 737 838 772 Ἦθύμει

77 787 268 822 μὲνὸβασιλεύς
283 795 292 802 ⁸
317 787 447 822 ἁθροίσας
470 786 493 813 δ’
509 784 555 812 οὖν
572 785 662 817 πεζῶν
678 784 727 820 μὲν
744 784 764 810 δ’
782 792 840 818 μυ-

78 834 160 868 ριάδας,
172 834 264 865 ίππεῖς
279 833 308 860 δὲ
324 832 551 867 ὀκτακισχιλίους,
564 831 703 866 ἐξέπεμψε
721 830 837 863 Διόφαν-

76 888 110 905 τον
127 880 169 906 καὶ
186 879 319 914 Ταξίλλην
338 879 384 905 ἐπὶ
401 880 459 910 τοῖς
475 877 753 913 προαπεσταλμένοις,
775 873 836 902 Τῶν

75 927 95 952 δὲ
117 927 165 957 τοῖς
188 925 355 960 προλαϐοῦσι
377 924 567 959 συναφθέντων
589 924 650 950 κατ’
676 923 763 958 ἀρχὰς
789 922 838 957 μὲν

76 971 260 1005 ὰκροὸολισμοίς
289 969 412 1004 ἀλλήλων
435 970 460 995 οί
487 968 612 1003 πολέμιοι
636 967 697 994 καθ’
720 967 839 1002 ἑκάστην

77 1016 151 1050 σχεδόν
168 1016 367 1051 ἀπεπειρῶντο,
389 1013 449 1041 εἶτα
481 1014 648 1050 ἱππομαχίαι
671 1013 839 1049 συνέστησαν

76 1062 99 1096 β’,
119 1059 151 1088 ὧν
170 1062 215 1097 τὴν
229 1061 279 1097 μὲν
294 1061 359 1097 [585
374 1060 420 1096 H.]
446 1061 544 1088 ἐνίκων
568 1061 592 1087 οἱ
621 1060 760 1095 Ῥωμαῖοι,
789 1059 839 1095 τὴν

74 1108 181 1143 δευτέραν
193 1108 221 1134 δὲ
234 1108 259 1134 οι
276 1107 412 1134 Ποντικοί.
428 1106 594 1141 Τριϐομένου
610 1106 638 1132 δὲ
647 1105 693 1132 τοῦ
708 1105 838 1141 πολέμου,

75 1153 199 1186 Λεύκολλος
216 1154 320 1189 ἀγορὰν
334 1154 447 1186 ἄξοντας
464 1154 503 1184 είς
518 1152 716 1179 Καππαδοκίαν
733 1153 839 1187 ἐκπέμ-

75 1208 118 1232 πει,
133 1201 174 1227 καὶ
188 1199 284 1236 μαθὼν
299 1199 433 1234 Ταξίλλης
447 1200 494 1225 καὶ
515 1198 660 1233 Διόφαντος
677 1199 776 1231 πεζοὺς
793 1199 839 1225 ἐκ·

74 1245 190 1279 πέμπουσι
217 1244 454 1280 τετρακισχιλίους
482 1244 529 1270 καὶ
561 1244 653 1275 ἱππεῖς
681 1243 837 1279 δισχιλίους,

74 1291 105 1323 ἐφ’
120 1287 140 1325 ᾧ
157 1291 312 1326 ἐπιθέμενοι
328 1290 528 1325 ἀφαιρήσονται
542 1290 605 1320 τοὺς
621 1289 839 1324 ὰποκομίζοντας

73 1336 110 1366 τὰς
131 1336 238 1371 ἀγοράς.
265 1336 323 1363 Καὶ
337 1335 531 1370 συμϐαλόντων
546 1335 569 1350 ⁸³
582 1334 706 1370 ἀλλήλοις
722 1335 839 1369 ἐπικρα-

73 1381 173 1416 τέστεροι
196 1383 341 1418 γεγόνασιν
377 1383 402 1408 ol.
435 1381 565 1415 Ῥωμαῖοι
582 1389 590 1397 ·
621 1380 779 1415 πέμψαντος
810 1380 839 1406 δὲ

73 1427 200 1456 Λινχόλλο.)
230 1429 358 1464 βοήθειαν
385 1429 442 1458 τοῖς
467 1428 589 1460 οἰκείοις,
618 1427 705 1462 τροπὴ
735 1426 839 1460 γίνεται

73 1472 195 1509 βαρϐάρων
218 1474 386 1510 περιφανής.
414 1473 469 1501 Καὶ
487 1475 521 1509 τῇ
535 1474 609 1509 φυγῇ
620 1472 752 1507 τούτωνὴ
773 1472 839 1498 Ῥω-

73 1519 143 1551 μαίων
155 1519 266 1555 δύναμις
285 1519 454 1554 ὁδηγουμένη
471 1519 493 1534 ⁵⁹
510 1519 556 1545 ἐπὶ
568 1518 599 1545 τδ
613 1517 794 1553 στρατόπεδον
809 1517 838 1544 τὸ
851 1527 873 1557 C

72 1566 122 1600 περὶ
133 1566 273 1600 Διόφαντον
296 1566 343 1592 καὶ
366 1565 500 1600 Ταξίλλην
526 1562 605 1599 ἧκον,
632 1564 680 1590 καὶ
702 1565 840 1599 καρτερᾶς

73 1610 125 1645 πρὸς
137 1612 229 1643 αὐτοὺς
247 1612 300 1646 τῆς
316 1611 405 1647 μάχης
422 1611 572 1645 γενομένης
590 1610 612 1626 ⁸⁰
630 1609 673 1636 ἐπ’
688 1609 778 1643 ὀλίγον
791 1609 839 1644 μὲν

72 1657 179 1692 ἀντέσχον
191 1660 215 1686 οι
229 1658 370 1688 Ποντικοὶ,
387 1655 445 1685 εἶτα
467 1657 522 1684 τῶν
546 1655 709 1692 στρατηγῶν
731 1656 840 1690 πρῶτον

853 863 873 891 Β

575 147 835 178 BIBLTOTHECA.
848 161 882 165 —
901 147 981 178 COD.
1006 147 1152 178 CCXXIV.

1616 145 1670 178 922

886 192 955 218 niam
973 191 1135 217 Mithridatis
1151 197 1242 219 naves.
1263 190 1290 217 in
1305 189 1403 221 reditu,
1419 189 1489 216 circa
1512 188 1669 223 Hellespon-

886 242 942 264 tum
958 241 985 264 et
1002 236 1189 271 Propontidem
1210 236 1390 270 interciperet.
1407 235 1510 268 Quibus
1531 234 1671 261 Mithrida-

887 288 929 310 tes
945 283 1044 310 auditis
1057 303 1064 314 ,
1080 283 1107 309 in
1132 290 1216 309 novos
1232 282 1291 309 belli
1313 287 1458 316 apparatus
1479 281 1625 317 incumbit,
1644 286 1672 307 et

887 327 1048 362 Scytharum
1071 335 1163 361 reges,
1188 327 1371 361 Parthumque
1396 331 1423 354 et.
1442 334 1569 360 generum
1592 333 1670 352 suum

888 373 1029 408 Tigranem
1043 374 1199 400 Armenium
1212 373 1348 400 sollicitat.
1361 373 1456 400 Caneri
1471 373 1578 407 quidem
1591 373 1673 399 dene-

888 424 954 456 gant
967 429 974 447 :
991 425 1018 446 at
1033 420 1175 453 Tigranes,
1193 420 1256 447 licet
1265 420 1309 446 diu
1323 425 1506 451 cunctaretur,
1518 419 1617 452 saepius
1631 424 1671 444 ta-

890 475 949 494 men
968 475 982 494 a
996 467 1048 494 ﬁlia
1062 466 1237 499 Mithridatis,
1253 474 1305 493 non
1323 467 1382 493 sine
1393 466 1523 496 molestia,
1542 465 1672 499 interpel-

889 512 968 545 latus,
995 512 1096 540 anxilia
1126 512 1232 539 tandem
1256 513 1390 547 promiSit.
1418 512 1528 538 interim
1550 511 1672 539 diversos

889 562 982 585 contra
999 557 1136 584 Lucullum
1159 557 1325 584 Mithridates
1343 557 1483 592 prmfectos
1498 557 1626 589 dimittit,
1647 561 1674 583 et

889 607 950 637 post
973 603 1133 630 commissas
1156 603 1244 634 acies,
1269 603 1350 630 varia:
1379 602 1536 629 acciderunt
1558 602 1672 629 fortuna:

890 649 982 675 vices:
999 648 1024 675 in
1049 648 1184 682 plerisque
1207 653 1296 675 tamen
1315 656 1443 683 prospera
1470 647 1584 674 fortuna:
1607 654 1673 675 aura

890 694 990 721 atii-nit
1011 693 1159 726 Romanis,
1184 699 1212 721 et
1233 694 1379 721 Mithridati
1407 694 1512 720 animus
1540 692 1671 727 elanguit.

890 739 1044 767 Contractis
1069 740 1151 774 igitur
1171 740 1206 767 40
1227 739 1346 774 peditum
1367 744 1394 766 et
1411 739 1428 766 8
1449 739 1569 773 equitum
1593 738 1674 765 milli-

891 786 957 817 bus,
977 786 1154 820 Diophantum
1178 791 1206 814 et
1229 786 1356 820 Taxilen,
1374 786 1445 813 ultra
1481 786 1578 813 missos
1600 791 1673 818 ante,

890 832 1011 860 dimittit.
1043 832 1092 865 Qui
1118 840 1178 860 eum
1206 834 1239 860 ad
1268 838 1452 860 antecessores
1478 831 1674 864 accessissent,

892 878 1023 913 principio
1044 878 1244 906 velitationibus
1263 878 1320 905 fere
1333 879 1448 905 assiduis
1465 878 1579 906 hostiles
1595 885 1674 905 exer-

890 925 960 951 citus
983 924 1054 951 inter
1075 932 1104 952 se
1124 925 1196 952 vires
1220 925 1406 960 explorabant.
1432 924 1526 951 Postea
1548 923 1581 950 ad
1608 924 1674 950 duas

890 977 993 1004 pugnas
1009 975 1148 1005 equestres
1159 971 1302 998 deventum
1317 975 1369 1002 est,
1391 978 1504 1005 quartun
1521 971 1604 997 altera
1621 970 1675 997 Ro-

892 1017 974 1050 mani,
988 1017 1072 1044 altera
1095 1017 1216 1051 Pontici,
1238 1018 1355 1045 victores
1376 1018 1477 1046 abiere.
1496 1018 1618 1052 Dumque
1636 1019 1672 1044 ita

889 1063 988 1090 bellum
1004 1064 1120 1096 ducitur,
1135 1063 1262 1090 Lucullus
1283 1063 1381 1099 235a
1412 1064 1438 1090 in
1459 1064 1672 1098 Cappadociam,

891 1109 935 1142 qui
952 1115 1130 1146 commeatum
1142 1111 1205 1137 inde
1218 1110 1356 1143 alferrent,
1374 1110 1455 1137 misit.
1474 1110 1533 1144 Quo
1543 1110 1672 1137 observa-

891 1160 927 1188 to,
945 1156 1053 1183 Taxiles
1072 1162 1099 1183 et
1115 1156 1308 1191 Diophautusd
1325 1157 1445 1191 peditum
1468 1163 1494 1184 et
1512 1157 1582 1183 2000
1597 1157 1675 1191 equi-

890 1207 945 1228 tnm
959 1206 1054 1228 contra
1078 1203 1204 1233 mittunt,
1222 1207 1251 1228 ut
1264 1222 1271 1234 ,
1286 1203 1392 1230 insidiis
1407 1203 1432 1228 in
1448 1202 1536 1229 tnedio
1560 1203 1653 1236 positis
1665 1221 1674 1234 ,

890 1246 1080 1281 impedimenta
1106 1248 1305 1275 revertentibus
1325 1248 1484 1275 adimerent.
1501 1247 1551 1274 Ubi
1566 1249 1599 1274 ad
1619 1255 1676 1274 tua-

891 1301 941 1320 nus
953 1297 1061 1320 ventum
1074 1297 1201 1327 superant.
1215 1292 1341 1325 Romani,
1355 1298 1381 1320 et
1396 1294 1522 1320 subsidiis
1535 1294 1548 1320 Ξ)
1564 1293 1677 1321 Lucullo

891 1338 992 1370 missis,
1004 1338 1065 1373 fuga
1079 1339 1259 1365 barbarorum
1273 1339 1387 1373 insignis
1399 1339 1588 1366 committitur.
1604 1339 1677 1372 Quo-

892 1391 949 1409 rqu
965 1384 1083 1417 vestigiis
1095 1383 1254 1411 insistentes
1266 1382 1392 1418 Romani,
1406 1385 1438 1411 ad
1456 1384 1512 1418 ipsa
1533 1384 1675 1418 Diophanti

890 1433 917 1455 et
941 1428 1042 1455 Taxilis
1064 1434 1155 1456 castra
1176 1430 1374 1464 provehuntur.
1400 1430 1448 1457 Ubi
1473 1430 1560 1457 valido
1585 1435 1676 1457 certa-

891 1474 963 1500 mine
980 1474 1056 1507 inito,
1071 1474 1104 1500 ad
1123 1475 1203 1502 breve
1222 1480 1326 1510 tempus
1341 1476 1470 1502 obstitere
1484 1475 1599 1503 Pontici.
1615 1475 1674 1502 Mox

892 1521 935 1546 ubi
957 1521 1034 1554 primi
1057 1522 1247 1548 abscesserunt
1272 1522 1373 1554 duces,
1401 1526 1455 1548 tota
1481 1521 1609 1548 inclinata
1636 1527 1678 1548 est

893 1566 984 1593 acies:
1001 1571 1027 1592 et
1045 1567 1094 1601 ipsi
1112 1568 1250 1601 copiarum
1276 1568 1404 1595 ductores
1423 1568 1508 1594 nuntii
1526 1568 1610 1595 cladis
1632 1575 1679 1594 ve-
1721 1576 1725 1580 *

894 1617 991 1638 uerunt
1011 1612 1170 1641 Mithridati.
1195 1613 1326 1641 Occubuit
1342 1619 1405 1641 tunc
1425 1614 1520 1649 ingens
1548 1614 1680 1641 barbaro-

893 1665 951 1683 rum
971 1658 1059 1685 turba.

72 1703 261 1739 ἀποχωρούντων
273 1704 374 1735 πάντες
386 1704 533 1730 ἐνέκλιναν.
550 1703 605 1729 Καὶ
618 1702 769 1738 Μιθριδάτῃ
802 1701 849 1728 τοῦ
878 1703 1045 1738 πταίσματος
1074 1705 1099 1731 οἱ
1122 1705 1269 1740 στρατηγοὶ
1294 1705 1457 1740 αὐτάγγελοι
1484 1705 1678 1740 παρεγένοντο,

72 1750 107 1775 καὶ
120 1750 179 1776 πολὺ
194 1751 296 1786 πλῆθος
309 1750 371 1777 τότε
382 1749 437 1776 τῶν
450 1749 595 1785 βαρϐάρων
614 1748 749 1775 ἀπώλετο.

526 1809 591 1836 CAP.
613 1808 705 1837 XLVI.
724 1823 759 1829 ——
777 1807 856 1844 Fuga
879 1809 1040 1836 Mithridati:
1059 1809 1216 1843 periculosa.

98 1870 164 1897 Οὕτω
197 1871 350 1906 Μιθριδάτῃ
376 1871 430 1898 τῶν
462 1872 634 1906 πραγμάτων
672 1872 831 1908 περιφανῶς

72 1915 271 1952 ἀτοκεκλιμένων
290 1917 343 1943 τῶν
362 1925 392 1944 τε
414 1917 555 1952 βασιλίδων
570 1917 708 1950 γυναικῶν
721 1918 738 1953 ἡ
755 1917 834 1944 ἀναί-

73 1970 131 1995 ρεσις
142 1964 294 1998 ἐπεποίητο,
309 1963 357 1990 καὶ
372 1963 484 1997 φεύγειν
503 1964 535 1989 ἐκ
548 1964 603 1990 τῶν
620 1964 758 1999 Καὸήρων
779 1965 834 1991 αὑ-

71 2007 145 2040 τὸς,ἐν
156 2008 192 2042 οἷς
207 2010 337 2045 διέτριϐε,
352 2009 439 2045 λάθρα
453 2009 508 2036 τῶν
520 2009 608 2037 ἄλλων
623 2010 752 2045 ὑπηκόων
761 2009 833 2045 ὁρμὴ

71 2052 157 2086 γέγονε.
178 2056 231 2082 Καὶ
255 2056 315 2090 ἥλω
327 2055 360 2082 ἂν
373 2056 402 2082 ἐν
423 2057 456 2091 τῇ
474 2057 545 2091 φυγῇ
562 2055 617 2082 τῶν
634 2056 762 2082 Γαλατῶν
776 2057 837 2083 ἐπι-

71 2098 322 2136 διωκόντων,καίπερ
339 2102 384 2129 τὸν
405 2101 541 2136 φεύγοντα
560 2101 741 2135 ἀγνοούντων,
757 2103 782 2128 εἰ
799 2102 837 2138 μὴ

72 2147 239 2181 περιτυχόντες
263 2147 368 2181 ἡμιόνῳ
391 2147 491 2182 χρυσὸν
511 2147 559 2173 καὶ
579 2147 698 2182 ἄργυρον
714 2147 768 2174 τῶν
785 2147 839 2175 Μι-

72 2188 206 2223 θριδατείων
231 2193 382 2227 χρημάτων
406 2192 527 2228 φερούσῃ
550 2193 614 2228 περὶ
640 2193 690 2228 τὴν
709 2193 838 2228 ἁρπαγὴν

70 2237 154 2264 τούτων
174 2239 335 2274 ἐσχόλασαν.
355 2240 410 2266 Καὶ
426 2239 508 2271 αὐτὸς
520 2239 560 2271 εἰς
579 2239 725 2275 Ἀρμενίαν
740 2239 838 2266 διασώ-

71 2281 139 2312 Cum.

925 1871 1001 1898 llunc
1013 1871 1157 1899 admodum
1184 1872 1294 1898 fortuna
1313 1871 1480 1898 Mithridatis
1495 1871 1520 1897 in
1535 1870 1610 1906 pejus
1634 1871 1680 1897 de-

889 1925 1029 1955 vergente,
1054 1925 1080 1947 et
1095 1920 1176 1952 regia
1197 1927 1294 1946 uxores
1317 1925 1440 1946 necatae:
1461 1924 1489 1946 et
1502 1927 1534 1945 ex
1562 1918 1678 1950 Cabiris,

890 1966 935 1993 ubi
949 1968 1017 1992 clam
1036 1967 1094 1992 suis
1106 1965 1266 1999 aliquandiu
1283 1973 1313 1992 se
1327 1965 1511 1998 eominnerat,
1527 1972 1573 1990 rex
1589 1964 1678 1998 fugam

890 2011 1022 2045 arripuit:
1044 2011 1070 2038 in
1089 2019 1141 2045 qua
1161 2011 1244 2039 etiam
1262 2015 1357 2046 captus
1374 2016 1458 2043 esset,
1483 2010 1680 2037 inseetantibus

891 2058 986 2088 Gallis,
1003 2058 1048 2092 qui
1066 2064 1155 2085 tamen
1176 2066 1266 2092 regem
1283 2059 1458 2091 ignorabant,
1476 2057 1527 2083 nisi
1547 2057 1617 2083 tnula
1632 2056 1680 2082 oh-

891 2104 1049 2131 viaurfacta
1068 2105 1139 2139 (quae
1160 2104 1326 2132 Mithridatis
1339 2105 1447 2138 opibus.
1469 2107 1583 2137 argento
1600 2110 1680 2129 auro-

891 2159 945 2186 que
960 2156 1056 2178 onusta
1073 2151 1144 2186 erat)
1158 2151 1311 2186 diripieudo
1323 2159 1427 2178 moram
1440 2151 1608 2177 ncxuissent.
1627 2149 1680 2175 Ita-

892 2205 945 2232 que
963 2205 1010 2225 rex
1026 2197 1051 2224 in
1066 2197 1224 2224 Armeniam
1239 2197 1366 2224 elabitur.

432 2345 495 2372 CAP.
525 2343 630 2372 XLVII.
653 2359 687 2364 —
705 2344 832 2371 Lucullus
853 2343 1026 2379 Eupatoriam
1050 2348 1074 2370 et
1093 2343 1210 2369 Amisum
1222 2343 1303 2378 capit.

97 2406 231 2436 Λεύκολλος
255 2409 285 2435 δὲ
302 2408 347 2435 ἐπὶ
363 2408 420 2443 -μὲν
445 2408 491 2434 τὸν
519 2406 689 2442 Μιθριδάτην
721 2406 834 2440 Μάρκον
850 2410 874 2439 ι)

71 2451 190 2488 Πομπήϊον
208 2456 332 2490 ἡγεμόνα
349 2454 513 2489 ἐξέπεμψεν,
529 2453 609 2484 αὐτὸς
633 2453 660 2479 δὲ
680 2453 727 2479 ἐπὶ
744 2453 837 2488 Καϐή-

73 2506 115 2530 ίιων
128 2501 180 2534 μεθ’
195 2502 258 2537 ὅλης
277 2502 407 2536 ἠπείγετο
421 2502 470 2537 τῆς
487 2501 638 2534 δυνάμεως,
656 2500 703 2526 καὶ
722 2500 772 2534 τὴν
788 2500 836 2525 πό-

70 2543 102 2569 λιν
119 2548 358 2583 περικαοισάμενος
390 2548 459 2581 σφᾶς
485 2547 583 2579 αὐτοὺς
611 2546 837 2582 παραδεδωκότας

72 2590 120 2622 τθὺς
139 2592 287 2628 βαρὸἁρους
308 2593 491 2624 ὑποσπόνδους
515 2593 578 2627 ἔσχε
601 2592 648 2618 καὶ
668 2592 721 2618 τῶν
738 2591 835 2626 τειχῶν

71 2633 216 2670 ἐκυρίευσεν.
239 2639 357 2665 Ἐκεῖθεν
377 2638 405 2664 δὲ
422 2638 490 2673 πρὸς
510 2638 559 2673 τὴν
583 2637 693 2671 Ἀμισὸν
711 2645 835 2672 παραγε-

72 2681 149 2715 ἷτινὼς,
163 2684 207 2710 καὶ
219 2684 308 2718 λόγοις
321 2684 461 2720 παραινῶν
475 2684 538 2715 τοὺς
554 2684 584 2710 ἐν
597 2684 664 2719 αὐτῇ
682 2684 835 2718 Ῥωμαίους

923 2405 1054 2433 Lucullus
1076 2411 1166 2433 autem
1187 2405 1319 2432 adversus
1341 2405 1528 2432 Mithridatem
1555 2404 1677 2433 Marcum

889 2451 1048 2486 Pompeium
1061 2451 1145 2478 mittil
1159 2451 1268 2482 ducem,
1281 2451 1392 2485 ipseque
1406 2458 1467 2477 cum
1484 2451 1620 2478 universis
1633 2459 1680 2477 (νο-

889 2497 940 2532 piis
966 2498 991 2523 in
1011 2497 1126 2525 Cabiros
1142 2502 1239 2529 movet,
1255 2497 1374 2531 tit-bcque
1397 2497 1591 2529 circumsessa,
1616 2497 1678 2523 dum

889 2544 997 2571 barbari
1011 2549 1086 2571 certo
1099 2552 1128 2571 se
1145 2548 1223 2578 pacto
1251 2545 1274 2570 ei
1294 2543 1464 2578 permittunt,
1481 2546 1508 2570 ct
1523 2543 1594 2576 ipsos
1607 2543 1632 2568 iu
1647 2543 1679 2568 li-

888 2593 949 2618 deut
967 2591 1075 2625 accipit,
1092 2595 1120 2618 et
1135 2590 1248 2617 castello
1265 2590 1376 2624 potitur.
1395 2588 1462 2616 Hinc
1475 2589 1597 2616 Amisum
1615 2596 1679 2622 pro-

889 2637 987 2669 fectus,
1009 2643 1035 2664 et
1052 2638 1084 2663 ad
1111 2637 1272 2664 deditionem
1289 2644 1337 2664 eos
1364 2637 1533 2666 cohortatus,
1550 2635 1594 2662 ubi
1623 2643 1677 2662 non

891 2684 1045 2717 persuadet,
1074 2684 1176 2712 omissa
1191 2682 1245 2715 illa,
1261 2683 1294 2710 ad
1311 2683 1483 2718 Eupatoriam
1508 2681 1676 2709 obsidionetn

697 2741 816 2769 VARIA‘J
832 2741 981 2770 LECTION
987 2743 1040 2770 ES.

100 2786 118 2800 “
132 2788 297 2826 πολύτροποι]
319 2791 381 2817 ἐπεὶ
403 2778 566 2825 πολύτροποι
576 2791 748 2825 Stephanus.
802 2791 865 2818 "re

74 2820 160 2857 μὲνηΛ
180 2834 187 2852 :
211 2820 378 2862 ᾕοηθουμὲνη
399 2835 429 2858 ς.
467 2820 495 2842 ’θ’
507 2820 693 2862 γεγενημένης
710 2836 740 2859 ς’

890 2793 943 2820 τῶν
967 2793 1097 2829 ῥωμαίων
1114 2802 1144 2825 ς.
1199 2793 1221 2809 ³⁸
1231 2791 1438 2829 συμϐαλλόντων
1452 2799 1482 2823 ς.
1535 2790 1556 2806 ⁸⁸
1569 2789 1677 2824 ὀδηγου-
