1920 3090
233 142 284 174 923

811 145 936 175 PIIO'l'II
957 145 1212 176 PATRIARCIME
1230 145 1284 175 CP.

1810 140 1863 172 92$

234 199 384 228 transfert:
399 205 426 227 et
447 199 617 235 negligenter
633 208 664 228 se
681 201 752 228 illaut
766 210 923 236 oppugnare
936 203 1021 229 simu-

1079 203 1255 236 προσχωρεῖν,
1267 201 1327 227 ἐπεὶ
1346 199 1396 227 οὐκ
1413 198 1516 229 ἔπειθε.
1537 197 1639 232 ταύτην
1658 196 1746 224 λιπὼν
1764 198 1805 229 είς
1816 198 1866 232 τὴν

233 244 271 270 lat
285 254 291 272 :
307 250 335 270 ιιι
348 245 428 271 simili
446 245 616 279 negligentia!
632 246 756 280 exemplo
768 249 922 280 provocatis
938 249 1023 276 hosti-

234 291 293 321 bus,
309 291 397 318 subita
414 291 578 322 mutatione,
593 292 662 325 apud
677 292 796 318 animum
811 294 929 327 t'ogilnla
959 302 1021 328 pro-

233 344 312 369 spere
324 337 479 363 coniicerm.
500 336 532 363 Et
544 343 659 364 eventus
679 338 831 371 respondit:
849 347 935 372 eoque
952 345 1022 366 stra~

234 388 368 417 tagentate
384 384 448 410 urbs
465 389 553 417 capta.
569 383 637 410 Dum
660 384 731 411 enint
748 384 875 411 custodes
887 385 951 412 nihil
971 386 1024 414 tale

231 430 390 464 opinantur.
418 430 465 457 sed
489 437 586 457 secure
602 436 694 465 agunt,
723 430 767 458 ille
786 431 870 465 jussis
901 431 1023 465 arripere

233 475 323 502 scalas
341 475 472 502 militibus
490 477 588 502 tnmnia
610 475 811 503 conscendendi
831 476 935 510 copiam
948 475 1024 504 facit.

234 522 264 547 tit
279 522 319 549 sic
335 527 411 555 capta
422 522 568 555 Eupatoria
582 522 717 556 extemplo
731 522 855 550 diruitnr.
875 522 930 550 Nec
942 523 1024 550 multo

234 573 294 599 post
317 568 423 602 capitur
450 569 531 595 etiam
562 568 689 601 Amisus,
707 569 843 596 scalarum
871 570 1025 597 adtnotioite

234 613 318 640 etiam
348 614 393 641 hic
417 615 552 648 superatis
573 615 607 641 alt
625 615 700 642 hoste
726 615 871 642 mmuibns.
891 615 924 642 Et
949 616 1025 642 initio

235 660 323 686 credes
351 659 447 694 23511
476 667 529 686 non
550 660 695 687 mediocris
717 660 744 687 in
766 661 840 688 cives
864 661 1022 695 peragitur:

235 706 283 732 sed
296 710 388 739 postea
406 706 543 738 Lucullus,
557 707 631 733 caede
648 707 772 738 inhibita,
790 712 814 733 et
833 708 925 734 turbent
939 712 965 733 et
982 714 1025 733 re-

236 751 342 784 gionem
370 752 561 785 superstitibus
577 752 675 785 reddit,
700 757 727 780 et
744 752 846 786 majore
859 752 884 780 in
902 760 949 780 eos
973 752 1024 780 cie

238 797 336 824 utentia
355 799 449 826 utitur.

1075 247 1245 281 Εὑπατορίαν
1268 246 1382 281 μεθίστη
1399 246 1449 281 τὴν
1471 244 1641 280 πολιορκίαν,
1662 243 1727 279 [7M
1744 243 1791 280 IL]
1811 245 1866 271 Καὶ

1077 293 1206 329 ῥαθύμως
1234 292 1468 326 καταγωνίζεσθαι
1493 291 1595 325 ταύτης
1612 291 1814 325 προσεποιεῖτο,
1827 291 1866 322 ὡς

1075 338 1108 365 ἂν
1128 339 1174 365 καὶ
1189 337 1281 369 τοὺς⁸¹
1294 336 1442 371 πολεμίους
1458 337 1497 367 εἰς
1518 336 1610 370 ὅμοιον
1628 335 1767 369 ῥᾳθυμίας
1781 335 1864 369 ζῆλον

1076 383 1295 418 ἔκκαλεσάμενος
1318 383 1347 415 ἐξ
1373 382 1506 416 αἰφνιδίου
1529 381 1680 416 μεταϐολῆς
1701 381 1866 418 κατορθώσῃ

1076 430 1106 456 τὺ
1121 429 1318 465 μελετώμενον.
1339 429 1371 454 "O
1388 428 1432 454 καὶ
1447 428 1553 462 γέγονε,
1566 428 1612 454 καὶ
1626 427 1675 463 τὴν
1688 427 1766 454 πόλιν
1778 427 1866 459 οὕτως

1075 473 1132 502 εἷλε
1149 475 1188 509 τῷ
1204 474 1431 510 στρατηγήματι*
1446 473 1521 507 ἄφνω
1543 473 1598 508 γὰρ
1621 473 1758 506 κλίμακας
1773 473 1865 508 ἁρπά-

1078 530 1123 548 σαι
1141 521 1273 552 κελεύσας
1292 520 1356 551 τοὺς
1382 518 1559 554 στρατιώτας,
1572 519 1626 545 τῶν
1639 518 1766 553 φυλάκων
1789 519 1866 545 οὐδὲν

1077 567 1197 594 τοιοῦτον
1217 565 1473 601 προσδεδοκηκότων
1488 565 1545 591 ἀλλ’
1567 565 1595 591 ἐν
1616 564 1747 600 ὀλιγωρίᾳ
1763 564 1865 591 διακει-

1079 613 1178 648 μένων,
1190 612 1233 639 διὰ
1245 611 1299 638 τῶν
1314 611 1454 645 κλιμάκων
1471 610 1501 636 τὺ
1511 611 1600 645 τεῖχος
1616 610 1792 645 ὑπερϐαίνειν
1803 611 1866 642 τοὺς

1079 658 1247 694 στρατιώτας
1271 656 1416 691 ἐπέτρεψε,
1437 656 1484 682 καὶ
1507 655 1593 687 οὕτως
1614 655 1670 691 ἥλω
1695 656 1865 691 Εὑπατορεα,

1077 705 1124 732 καὶ
1143 703 1242 732 αὐτίκα
1261 702 1445 730 κατέσκαπτο.
1460 701 1527 728 Μετ’
1539 701 1630 735 ὀλίγον
1647 701 1675 727 δὲ
1687 701 1733 728 καὶ
1753 701 1866 736 Ἀμισδς

1077 751 1159 780 ἑάλω.
1168 749 1211 776 διὰ
1224 749 1277 776 τῶν
1292 748 1434 783 κλιμάκων
1448 748 1496 774 καὶ
1509 747 1595 782 αὐτῆς
1605 747 1704 782 ὁμοίως
1717 747 1773 773 τῶν
1787 747 1867 774 πολε-

1078 796 1148 831 μίων
1163 795 1315 822 ὲπιϐάντων
1333 795 1391 825 τοῖς
1410 794 1523 828 τείχεσι.
1545 794 1600 820 Καὶ
1624 795 1685 820 κατ’
1701 793 1790 829 ἀρχὰς
1816 794 1867 829 μὲν

238 845 318 879 ιρΰνος
341 845 395 871 τῶν
417 845 533 872 πολιτῶν
549 846 599 872 οὐκ
613 845 703 880 ὀλίγος
724 845 846 880 γέγονεν,
864 845 977 881 ὕστερον
994 844 1022 871 δὲ
1034 843 1080 871 τὸν
1092 843 1202 878 ὄλεθρον
1216 841 1367 872 Λεύκολλος
1379 841 1489 876 ἐπέσχε,
1513 841 1560 867 καὶ
1587 840 1636 876 τὴν
1665 840 1743 867 πόλιν
1773 841 1865 871 αὐτοῖς

236 892 285 918 κιιῒΙ
297 891 346 927 τὴν
359 891 451 928 χώραν
464 894 519 924 τοῖς
533 893 705 919 διασωθεῖσιν
714 893 735 909 ⁸¹
744 893 962 928 ἀπεκατέστησε,
975 892 1024 919 καὶ
1037 890 1203 924 οἰκειότερον
1218 889 1327 925 ἐχρῆτο.

500 951 564 978 ΟΜ».
581 951 697 978 XLVIII.
717 966 750 972 -—
763 951 930 978 Mithridates
943 951 978 978 ad
992 950 1131 985 Tigranem
1144 948 1258 983 profugit
1280 952 1305 975 et
1323 949 1425 982 [νιιιινα
1440 947 1595 982 exponitur.

272 1009 308 1036 At
323 992 491 1037 Mithridates
517 1010 550 1037 ad
581 1018 709 1044 generant
736 1011 854 1044 delatus,
874 1011 1022 1046 expetitum

1109 1007 1278 1044 Μιθριδάτης
1297 1007 1325 1034 δὲ
1348 1007 1417 1043 πρὸς
1438 1007 1485 1034 τὸν
1513 1007 1637 1042 γαμϐρὸν
1657 1006 1865 1041 παραγεγονὼς,

237 1054 345 1088 quidem
362 1054 526 1088 colloquium
554 1063 605 1081 non
623 1055 758 1089 impetrat,
777 1056 823 1082 sed
841 1056 964 1090 corporis
981 1055 1022 1082 sui

237 1099 386 1126 custodiant
400 1100 432 1126 ab
444 1107 476 1126 eo
489 1101 598 1134 accipit,
612 1105 638 1127 et
652 1101 713 1128 aliis
728 1101 920 1136 hospitalitatis
929 1101 1024 1128 oﬂiciis

238 1143 364 1172 :tliiritur.
384 1143 453 1170 Misit
465 1145 547 1171 etiam
564 1144 689 1173 Lucullus
700 1147 734 1172 ad
750 1146 891 1181 Tigranem
909 1146 1023 1181 legatum

235 1189 351 1224 Appium
373 1189 508 1220 Clodium,
528 1192 572 1225 qtti
599 1190 783 1218 Mithridatem
802 1197 971 1226 exposceret.
1000 1192 1025 1219 Is

235 1243 300 1263 vero
313 1244 366 1263 non
381 1237 476 1267 tradit,
491 1238 681 1264 universorum
704 1246 733 1265 se
751 1238 968 1265 criminationem
981 1239 1026 1265 lto-

235 1282 338 1309 mittunt
371 1284 488 1309 revereri
517 1284 692 1314 couﬁrntaus.
716 1283 738 1311 si
765 1284 858 1311 uxoris
887 1290 1024 1319 parentem

237 1327 306 1354 hosti
335 1327 442 1361 prodat.
464 1328 541 1355 Scire
555 1329 703 1362 soquidctn
722 1329 871 1363 iutprobunt
891 1337 952 1357 esse
974 1330 1024 1357 Mi—

237 1372 393 1405 thridatem,
422 1373 469 1399 sed
487 1377 577 1400 tamen
606 1373 744 1401 aliinitatis
769 1382 799 1401 se
820 1375 920 1402 habere
944 1377 1026 1403 ratio-

203 1421 206 1423 ‘
237 1425 311 1445 nem.
338 1418 486 1452 Epistolant
503 1418 585 1446 etiant
608 1420 641 1445 ad
665 1418 806 1447 Lucullum
827 1421 852 1447 itt
867 1421 923 1448 haec
943 1422 1025 1449 verba

237 1463 383 1490 rescribit:
401 1471 461 1497 qua:
479 1464 511 1490 ad
534 1464 602 1491 iratn
618 1465 705 1498 ipsum
732 1465 897 1500 provocavit.
911 1474 943 1493 eo
955 1467 1026 1502 quod

237 1515 285 1536 rex
302 1509 328 1534 in
354 1508 530 1542 inscriptione
558 1510 730 1543 imperatoris
757 1518 856 1537 nomen
878 1511 1025 1544 omisisset,

237 1553 378 1580 Lucullum
407 1561 516 1588 quoque
534 1555 706 1590 regisrrgum
734 1556 939 1590 appellationettt
973 1558 1025 1584 sibi

237 1607 292 1626 non
321 1599 478 1626 atttihuisse
503 1599 654 1627 cavillatus.
678 1599 729 1628 Hic
755 1609 790 1628 xv
809 1600 935 1630 Historia:
958 1602 1027 1630 liber

237 1647 305 1675 exit.

1076 1057 1123 1082 καὶ
1134 1055 1278 1087 συνουσίας
1292 1056 1385 1090 τυχεῖν
1393 1054 1489 1087 ἀξιῶν,
1505 1053 1606 1089 ταύτης
1622 1053 1671 1088 μὲν
1684 1054 1713 1079 οὺ
1723 1053 1865 1087 τυγχάνει,

1075 1100 1197 1136 φρουρὰν
1222 1100 1250 1126 δὲ
1274 1099 1321 1126 τοῦ
1343 1099 1469 1134 σώματος
1483 1099 1548 1133 παρ’
1561 1097 1643 1124 αὑτοῦ
1660 1097 1795 1132 λαμϐάνει
1819 1098 1867 1123 καὶ

1074 1147 1125 1182 τῆς
1140 1146 1224 1181 ἄλλης
1241 1146 1392 1179 δεξιώσεως
1407 1146 1542 1180 μετεῖχεν.
1561 1144 1687 1179 Ἐπεμψε
1701 1143 1765 1179 [586
1780 1143 1826 1180 Η.]
1836 1145 1866 1170 δὲ

1075 1194 1122 1221 καὶ
1146 1193 1296 1224 Λεύκολλος
1319 1193 1387 1227 πρὸς
1413 1191 1552 1227 Τιγράνην
1575 1190 1746 1226 πρεσϐευτὴν
1767 1191 1867 1216 Ἀπιον

1076 1239 1205 1270 Κλώδιον,
1232 1237 1402 1272 Μιθριδάτην
1431 1237 1556 1270 ἐξαιτῶν.
1591 1237 1620 1264 '0
1644 1238 1673 1264 δὲ
1693 1238 1744 1264 οὐκ
1767 1237 1867 1271 ἔδωκε,

1076 1285 1166 1319 φήσας
1181 1284 1229 1320 τὴν
1250 1284 1302 1310 ὑπὸ
1322 1284 1430 1310 πάντων
1457 1283 1619 1319 ἀνθρώπων,
1634 1285 1659 1310 εί
1674 1284 1723 1318 τῆς
1740 1284 1868 1318 γαμετῆς

1076 1331 1180 1365 πατέρα
1193 1331 1304 1366 προδοίη
1312 1330 1345 1361 ⁵³,
1360 1329 1557 1356 διευλαϐεῖσθαι
1578 1331 1688 1364 μομφήν
1698 1338 1705 1344 ·
1720 1329 1789 1356 ἀλλὰ
1819 1338 1868 1363 μο-

1076 1377 1176 1412 χθηρὸς
1193 1377 1241 1411 μὲν
1251 1376 1288 1407 ὡς
1301 1376 1345 1411 εἴη
1355 1371 1524 1411 Μιθριδάτης
1537 1376 1671 1402 καὶαὺτὸν
1685 1375 1794 1406 εἰδέναι,
1805 1375 1869 1401 δυσ-

1076 1422 1209 1450 ωπεῖσθαι
1241 1422 1270 1449 δὲ
1285 1423 1335 1457 τὴν
1348 1422 1516 1456 ἑπικηδείαν.
1532 1422 1635 1457 Γράφει
1649 1421 1677 1448 δὲ
1693 1422 1741 1448 καὶ
1750 1422 1868 1447 ἐπιστο-

1076 1468 1124 1504 λὴν
1149 1469 1218 1503 πρὸς
1243 1468 1395 1495 Λεύκολλον
1413 1469 1477 1499 τοὺς
1505 1468 1668 1503 εἰρημένους
1682 1467 1779 1501 λόγους
1790 1466 1870 1501 ἔχου-

1078 1522 1138 1546 σαν,
1157 1514 1218 1548 ἥτις
1242 1513 1387 1549 παρώξυνε
1401 1512 1445 1539 τὸν
1459 1512 1620 1547 δεξάμενονν
1639 1513 1669 1539 οὺ
1685 1513 1739 1548 γὰρ
1754 1512 1868 1547 ἐνέγρα-

1075 1559 1126 1594 ψεν
1144 1558 1226 1585 αὑτὸν
1252 1559 1450 1594 αὐτοκράτορα,
1473 1559 1597 1593 ἐγκαλῶν
1621 1559 1662 1585 ὅτι
1693 1558 1763 1593 μηδὲ
1787 1558 1871 1590 αὐτὸς

1077 1606 1181 1631 ἐκεῖνον
1193 1604 1265 1631 κατὰ
1280 1604 1329 1635 τὰς
1345 1604 1490 1636 ἐπιστολὰς
1504 1604 1616 1639 βασιλέα
1639 1604 1773 1640 βασιλέων
1785 1613 1871 1638 atpos-

1078 1650 1238 1684 ηγόρευσεν.
1258 1650 1391 1677 Ἐνταῦοα
1412 1651 1461 1686 μὲν
1480 1651 1528 1677 καὶ
1543 1651 1559 1687 ή
1573 1649 1805 1686 πεντεκαιδεκάτη
1822 1658 1871 1676 κα-

1039 1688 1061 1718 C
1076 1695 1190 1732 ταλήγει
1208 1696 1323 1731 ἱστορία.

745 1762 812 1792 CAP.
829 1765 921 1794 XLIX.
939 1779 976 1787 —
990 1766 1067 1794 Cotta
1088 1767 1246 1795 Heracleam
1267 1767 1378 1795 obsidet.

274 1822 396 1857 Sequens
410 1827 498 1850 autem
516 1823 628 1850 historia
644 1824 700 1850 haec
711 1828 916 1850 commemorat.
945 1822 1023 1850 Motis

241 1867 424 1894 Romanorum
457 1867 556 1895 castris
573 1887 581 1899 ,
606 1868 737 1896 adversus
762 1866 918 1895 Heracleam
948 1868 1025 1895 Cotta

240 1913 387 1940 contendit.
412 1912 505 1939 Primo
522 1918 610 1940 tamen
639 1913 664 1940 itt
681 1913 838 1940 Prusiadem
853 1913 937 1941 ducit.
964 1913 1025 1941 llaec

239 1958 275 1985 al)
287 1966 366 1985 autne
382 1958 581 1993 prmterlluente
607 1958 679 1986 Cieri
698 1958 903 1992 appellationem
917 1959 1024 1991 tulerat,

240 2005 287 2031 sed
317 2004 469 2038 ademptam
487 2003 706 2031 Hcraclieusilttts
727 2011 772 2030 rex
791 2003 922 2038 Bithyniae
934 2004 967 2031 de
997 2012 1026 2032 se

240 2050 438 2078 denominavit.
455 2049 518 2076 lude
532 2051 566 2076 ad
585 2057 659 2077 mare
678 2048 819 2076 Ponticum
836 2050 985 2081 descendit,
1000 2055 1029 2077 et

241 2097 625 2132 maritimampraetergressus
638 2097 870 2129 orant,mwnibus
886 2097 911 2123 in
928 2097 1028 2124 vertice

239 2145 335 2179 positis
367 2149 458 2171 castra
502 2143 656 2178 applicavit.
693 2143 754 2170 Loci
788 2149 877 2170 autem
907 2143 1027 2171 ﬁrmitati

241 2189 429 2218 lleraclieuscs
447 2190 574 2220 lidebant.
590 2195 617 2217 et
629 2189 714 2217 Cotta
725 2190 954 2225 oppugnationem
970 2190 1026 2217 for-

241 2236 305 2264 titer
324 2237 509 2269 nrgenti.cutn
522 2235 647 2270 praesidio
668 2236 862 2270 repugnabant,
880 2240 908 2262 et
932 2236 1025 2270 plures

240 2290 257 2309 e
269 2282 438 2309 multitudine
446 2281 567 2308 Ilontana
580 2281 723 2308 cadebant.
732 2282 833 2310 Crebra
842 2287 931 2308 tatneu
943 2281 1025 2308 etiam

1120 1823 1236 1859 Ἱστορία
1249 1824 1278 1851 δὲ
1295 1825 1423 1860 ήὲφεξῆς
1442 1823 1504 1851 τάδε
1521 1824 1667 1858 ἀφηγείται
1683 1830 1691 1838 ·
1716 1821 1872 1848 Ἀναλαὸὼν

1087 1870 1182 1897 Κόττα
1196 1871 1230 1897 τὰ
1251 1870 1393 1905 Ῥωμαϊκὰ
1416 1869 1606 1905 στρατεύματα
1625 1867 1696 1895 κατὰ
1722 1868 1772 1902 τῆς
1787 1868 1869 1902 Ἦρα-

1079 1915 1172 1948 κλείας
1193 1916 1303 1952 ἐχώρει.
1321 1916 1401 1944 ’Λλλὰ
1426 1916 1533 1951 πρῶτος
1552 1915 1601 1951 μὲν
1633 1914 1679 1940 ἐπὶ
1705 1914 1872 1950 Προυσιάδος

1078 1960 1146 1998 ἦγεν
1163 1963 1190 1998 (ὴ
1205 1963 1232 1989 δὲ
1250 1963 1385 1998 Προυσιὰς
1405 1962 1470 1997 πρὶν
1489 1962 1539 1997 μὲν
1553 1961 1610 1988 ἀπὺ
1632 1960 1680 1987 τοῦ
1699 1960 1866 1995 παραρρέον

1078 2017 1124 2040 τος
1139 2008 1224 2043 αὐτὴν
1235 2008 1258 2024 ³³
1273 2008 1399 2044 ποταμοῦ
1412 2008 1514 2043 Κίερος
1529 2007 1652 2034 ἐκαλεῖτο
1663 2014 1670 2021 ⁸
1684 2006 1698 2032 6
1712 2006 1741 2033 δὲ
1759 2006 1812 2041 τῆς
1825 2006 1872 2038 Βιτ

1080 2055 1173 2086 θυνίας
1194 2054 1320 2090 βασιλεὺς
1332 2054 1388 2081 τῶν
1409 2053 1607 2088 Ἡρακλεωτῶν
1618 2052 1721 2087 ταύτην
1733 2051 1867 2087 ἀφελόμε-

1081 2109 1125 2132 νος
1140 2100 1170 2133 ἐξ
1194 2100 1293 2127 ἑαυτοῦ
1316 2099 1533 2134 μετωνόμασεν),
1549 2098 1675 2125 ἐντεῦθεν
1691 2098 1720 2124 δὲ
1727 2098 1751 2114 ⁸⁵
1761 2098 1809 2123 ἐπὶ
1823 2098 1872 2132 τὴν

1081 2145 1216 2179 Ποντικὴν
1229 2139 1347 2180 κατῆλθε
1365 2145 1513 2177 θάλασσαν,
1532 2145 1579 2171 καὶ
1593 2142 1736 2179 παρελθὼν
1751 2143 1802 2178 τὴν
1818 2152 1868 2169 πα-

1083 2191 1176 2226 ραλίαν
1193 2192 1249 2222 τοῖς
1260 2191 1330 2218 κατὰ
1345 2190 1466 2225 κορυφὴν
1482 2189 1585 2224 τείχεσι
1600 2189 1630 2222 τὸ
1646 2189 1805 2224 στράτευμα
1823 2197 1870 2215 πε-

1081 2236 1233 2271 ριέστησεν.
1253 2236 1401 2272 Ἐθάρρουν
1420 2236 1471 2270 μὲν
1490 2236 1523 2270 τῇ
1549 2234 1596 2261 τοῦ
1620 2235 1722 2270 χωρίου
1740 2234 1766 2260 οἱ
1789 2234 1868 2269 Ἦρα-

1080 2281 1196 2308 κλεῶται
1207 2281 1363 2316 ὀχυρότητι,
1376 2281 1424 2306 καὶ
1439 2279 1582 2315 καρτερῶς
1592 2278 1638 2305 τοῦ
1655 2278 1748 2305 Κόττα
1762 2277 1870 2313 πολιορσ

242 2328 456 2355 Hcracliensinnt
471 2328 582 2354 vulnera
598 2333 676 2354 erant
694 2335 708 2354 a
723 2328 792 2355 telis.
806 2327 977 2362 Quapropter
993 2327 1025 2354 ab

1079 2327 1189 2358 κοῦντος
1213 2328 1262 2353 σὺν
1283 2327 1340 2358 τοῖς
1357 2326 1486 2361 φρουροῖς
1508 2325 1712 2359 ἁντεμὰχοντο’
1730 2324 1779 2350 καὶ
1792 2324 1872 2358 φόνος

242 2375 443 2409 oppugnatione
470 2375 588 2408 receptui
604 2374 683 2402 Cotta
711 2373 769 2401 suis
782 2374 866 2405 canit,
882 2379 909 2400 et
937 2380 1027 2400 remo-

243 2421 296 2447 tius
311 2420 450 2455 aliqnanto
461 2426 549 2448 castra
572 2425 698 2452 metatus,
717 2424 788 2446 totus
801 2419 828 2446 in
849 2420 901 2446 hoc
914 2423 956 2446 est
986 2419 1029 2446 in-

243 2470 343 2497 leuius,
360 2471 390 2491 ttt
406 2465 508 2492 etitnm
527 2465 559 2492 ad
571 2472 614 2492 res
626 2464 967 2492 necessariasintercludat
979 2464 1030 2491 ob-

242 2511 334 2538 sessis.
367 2511 487 2537 Anuotttn
503 2510 585 2545 igitur
601 2511 735 2538 cltaritate
747 2511 851 2543 oborta,
865 2510 984 2538 dimissis
998 2509 1030 2537 ad

243 2555 364 2583 colonias
377 2557 483 2591 legatis,
502 2557 629 2583 alimenta
651 2557 701 2584 sibi
717 2556 862 2584 venundati
877 2560 981 2591 petunt.
996 2555 1030 2582 Et

243 2601 359 2637 benigne
369 2603 502 2637 acripitnr
516 2602 622 2637 legatio.

1081 2371 1116 2408 ἦν
1140 2372 1187 2399 τοῦ
1219 2371 1376 2406 Ῥωμαϊκοῦ
1404 2370 1524 2406 πλήθους
1549 2369 1640 2400 πλέον,
1673 2368 1821 2404 τραύματα
1845 2368 1872 2394 δὲ

1083 2418 1169 2446 πολλὰ
1185 2418 1240 2445 τῶν
1255 2417 1454 2453 Ἡρακλεωτῶν
1467 2418 1499 2443 ὲκ
1514 2416 1569 2443 τῶν
1591 2415 1686 2451 βελῶν.
1703 2415 1811 2446 Κόττας
1826 2411 1872 2441 οὖν

1082 2465 1259 2493 ἀνακαλεῖται
1284 2465 1333 2500 τῆς
1354 2463 1531 2499 τειχομαχίας
1555 2462 1586 2489 τὸ
1621 2462 1790 2497 στράτευμα,
1827 2460 1872 2487 καὶ

1084 2512 1182 2547 μικρὸν
1200 2510 1421 2546 στρατοπεδεύων
1435 2509 1536 2536 ἄποθεν
1550 2509 1610 2535 ὅλον
1629 2508 1728 2544 ἔτρεπε
1744 2507 1791 2533 τὸν
1809 2515 1872 2533 σκο-

1083 2557 1134 2583 πὸν
1148 2557 1188 2588 είς
1204 2557 1235 2583 τδ
1254 2556 1303 2588 τὰς
1318 2557 1364 2583 ἐπὶ
1379 2557 1438 2587 ταῖς
1454 2555 1561 2590 χρείαις
1572 2553 1679 2586 ἐξόδους
1693 2554 1800 2588 εἴργειν
1819 2553 1871 2578 τῶν

1083 2602 1331 2638 πολιορκουμένων.
1350 2600 1542 2634 Σπανιζόντων
1558 2600 1586 2626 δὲ
1600 2601 1634 2635 τῇ
1648 2599 1724 2626 πόλει
1738 2599 1795 2625 τῶν
1813 2599 1871 2624 ἐπι-

243 2648 356 2682 τηδείων
373 2648 504 2684 πρεσϐεία
523 2649 592 2684 πρὶς
606 2648 668 2680 τοὺς
694 2648 826 2679 ἀποίκους
840 2649 1020 2684 ἐξεπέμπετο,
1045 2650 1148 2685 τροφῆς
1175 2649 1211 2675 δι’
1240 2648 1313 2683 ὠνῆς
1352 2646 1465 2674 αἰτοῦσα
1495 2645 1645 2682 χορηγίαν·
1673 2645 1735 2671 oi"
1766 2644 1796 2671 δὲ
1838 2644 1869 2678 τῇ

246 2704 258 2720 τ
267 2694 381 2729 ρεσὸείᾳ
392 2694 548 2730 ἡσμένιζον.

881 2763 998 2792 VARle
1011 2761 1212 2792 LECTIONES.

279 2824 299 2839 ἰ
316 2823 378 2854 τοὺς
396 2821 457 2846 add.
477 2821 508 2847 A.
553 2821 574 2836 "
589 2819 719 2848 διαθεῖσιν
738 2821 945 2857 ἀποκατέστησε
965 2830 994 2854 ς.
1038 2820 1060 2836 ³³
1081 2819 1192 2855 προδοίη
1211 2819 1230 2845 Λ
1254 2817 1331 2852 ιόοίη
1353 2825 1381 2848 ς.
1421 2814 1444 2831 ⁸⁸
1461 2814 1544 2849 nam}.
1573 2811 1621 2848 τὴν
1632 2811 1717 2848 αὐτὴν
1733 2820 1765 2846 ς.
1803 2812 1826 2829 ³⁸
1839 2810 1867 2837 δὲ

248 2867 301 2887 out.
325 2860 356 2884 Α.
399 2857 421 2872 ⁵⁸
438 2857 462 2882 οἱ
483 2856 502 2882 Λ
525 2857 563 2889 εὴ
577 2864 596 2888 ς
