1920 3090
60 154 102 186 925
558 160 817 193 BIBLIOTHECA.
838 176 873 181 -
891 165 972 195 COD.
990 166 1134 196 CCXXIV.

1618 171 1672 203 99.6

393 215 470 242 CAP.
493 216 524 243 L.
552 232 586 238 —-
604 218 722 246 Triarius
743 221 873 255 reliquum
888 221 1056 250 Mithridatis
1077 225 1186 250 classem
1209 224 1315 259 subigit.

87 258 135 293 Πρὸ
149 257 293 303 βριχέος⁸⁷
303 259 332 286 δὲ
358 259 495 297 Ὀριάριος
521 264 567 289 τὸν
594 265 746 300 Ῥωμαϊκὸν
770 268 820 295 στὸι

917 270 953 297 At
968 270 1041 298 brevi
1062 275 1126 298 ante
1155 271 1277 299 Triarius
1288 291 1295 303 ,
1310 271 1431 299 Romana
1446 271 1534 300 classe
1569 273 1671 300 instrtt~

61 309 95 330 λον
105 301 166 339 ἔχων
183 304 315 340 ὥρμησεν
329 307 382 333 ἀπὸ
402 308 586 348 Νικομηδείας
602 311 648 338 ἐπὶ
669 313 719 344 τὰς
735 314 830 340 Ποντι-

60 351 100 382 ita;
111 351 239 386 τριήρεις,
259 350 295 383 ἃς
320 355 451 388 προεῖπεν
464 355 478 381 ὀ
492 355 570 389 λόγος
593 356 659 391 περί
672 366 702 384 τε
718 359 830 396 Κρήτην

61 398 98 423 καὶ
113 396 225 432 Ἰϐηρίαν
246 397 478 435 ὲξαποσταλῆναι.
492 401 595 429 Μαθὼν
611 402 640 429 δὲ
654 403 704 436 τὰς
720 405 829 432 ὑπολοί-

61 451 114 474 πους
132 443 157 474 ἐς
179 444 224 470 τὸν
252 445 355 472 Πόντον
384 447 628 484 ἀνακεχωρηκέναι
654 450 761 487 (πολλαὶ
775 452 830 488 γὰρ

60 489 132 514 αὐτῶν
147 489 191 515 καὶ
207 491 326 525 χειμῶνι
342 492 390 518 καὶ
407 494 466 525 ταῖς
478 494 549 521 κατὰ
565 497 649 530 μέρος
664 499 830 534 ναυμαχίαις

60 534 90 565 εἰς
101 534 239 570 διαφθορὰν
253 535 364 571 ἔδυσαν)
382 539 589 575 καταλαμϐάνει
605 550 634 568 τε
648 543 763 576 ταύτας,
781 544 829 571 καὶ

59 581 96 615 τὴν
107 581 188 616 μάχην
201 583 267 617 περὶ
283 583 334 618 τὴν
353 584 466 612 Τένεδον
486 589 642 622 συγκροτεῖ,
654 588 675 615 o’
689 589 739 624 μὲν
755 590 828 625 ἔχων

60 627 159 662 τριήρεις
188 627 282 660 αὐτὸς,
315 629 369 656 τῶν
392 630 421 657 δὲ
446 631 586 660 Ποντικῶν
605 634 727 668 ἀγόντων
739 636 826 672 βραχὺ

60 672 151 704 ῑεούσας
171 673 225 700 τῶν
244 677 283 701 π’.
306 674 370 710 [745
384 675 431 711 IL]
448 677 524 704 Ἐπεὶ
539 678 567 705 δὲ
588 680 702 716 συνέστη
718 683 732 708 ὁ
747 683 828 709 πόλε-

59 725 105 750 μος,
118 717 174 744 κατ’
184 717 274 753 ἀρχὰς
288 719 339 754 μὲν
354 721 478 756 ἀντεῖχον
490 722 515 749 οε
527 723 574 750 τοῦ
589 723 732 758 βασιλέως,
749 726 829 753 ὕστεο

59 771 93 798 ρον
111 763 136 789 δὲ
151 764 255 800 τροπῆς
276 766 369 792 αὐτῶν
391 766 521 804 λαμπρᾶς
545 772 695 807 γενομένης
716 773 746 799 τὸ
765 773 828 800 Ῥω-

59 810 127 844 μαίων
150 811 200 838 ἀνὰ
224 812 330 847 κράτος
352 813 462 849 ἐνίκησε
487 817 655 852 στράτευμα,
678 819 725 846 καὶ
741 819 828 853 οὕτως

58 856 113 887 ἅπας
127 857 140 883 ὁ
161 857 357 892 Μιθριδάτειος
376 859 479 894 στόλος,
504 861 566 893 ὅσος
595 863 641 890 ἐπὶ
665 864 715 899 τὴν
737 865 828 893 Ἀσίαν

57 902 114 937 αὐτῷ
127 903 349 937 συνεξέπλευσεν,
364 905 446 933 ἑάλω.

881 321 952 349 ctus,
965 323 980 343 a
996 315 1157 344 Nicomedea
1168 317 1298 352 impetum
1314 317 1415 344 fecerat
1431 317 1456 345 in
1472 317 1600 345 Ponticas
1624 319 1672 345 tri-

882 370 980 395 remes,
1012 370 1079 398 quas
1102 371 1183 397 supra
1202 363 1303 391 dictum
1323 368 1366 390 est
1389 371 1484 391 versus
1511 364 1618 392 Cretam
1643 369 1672 392 et

880 408 1038 443 Hispaniam
1064 409 1190 437 emissas.
1215 411 1250 437 At
1276 418 1337 438 cum
1362 411 1481 445 reliquas
1496 411 1522 438 itt
1551 411 1669 439 Pontum

879 460 953 482 retro
971 455 1047 483 abire
1073 456 1230 483 rescivisset
1250 456 1352 492 (multa:
1367 457 1438 484 enim
1456 458 1489 484 de
1507 457 1549 485 his
1561 462 1590 484 et
1607 465 1670 492 pro-

879 501 947 528 cella
959 506 987 528 et
1001 503 1110 537 pugnis,
1122 509 1172 530 suo
1189 510 1303 538 quaeque
1320 503 1389 535 loco,
1401 503 1543 531 navalibus
1558 503 1671 532 interie-

878 548 962 583 rant),
977 547 1075 584 236a
1099 554 1242 576 assecutus
1264 549 1323 576 illas
1346 550 1378 576 ad
1394 548 1543 582 Tenedum,
1573 558 1670 578 manus

878 595 1016 626 conserit;
1046 593 1080 621 70
1103 593 1153 628 ipsi
1173 593 1298 621 triremes
1329 599 1421 626 erant,
1447 593 1552 622 Pontici
1578 599 1668 622 autem

878 639 1020 674 pauciores
1034 639 1173 674 aliquanto
1196 639 1231 666 80
1243 640 1371 673 agebant.
1389 639 1538 674 Postquam
1563 640 1668 667 infestis

877 691 1071 714 concursatum
1098 692 1140 714 est
1156 686 1257 721 proris,
1275 687 1340 721 regii
1356 688 1389 714 ad
1413 691 1519 722 tempus
1536 687 1589 714 vim
1613 687 1670 714 ho-

878 732 960 760 stium
976 732 1053 760 initio
1082 733 1241 759 sustinent:
1262 738 1354 767 postea
1370 733 1505 760 universis
1525 732 1551 759 iit
1576 731 1668 767 fugam

877 774 978 807 ell'usis.
996 776 1101 810 plenam
1120 775 1257 803 Romanus
1266 776 1408 803 victoriam
1419 782 1447 803 et
1458 777 1594 804 celebrem
1605 784 1667 804 cou-

877 822 1010 856 sequitttr.
1028 822 1117 856 Atque
1129 823 1165 849 ita
1178 822 1275 850 classis
1291 822 1455 850 Mithridatis
1483 827 1551 856 tota,
1567 827 1667 857 quanta

878 867 904 894 in
921 867 1011 894 Asiam
1026 875 1087 895 cum
1106 868 1162 903 ipsa
1181 869 1314 901 exiverat,
1330 869 1443 897 subacta
1459 873 1510 896 est.

382 960 448 990 Car.
467 961 511 990 LI.
523 978 558 983 —
572 963 650 992 Cotta
662 966 698 992 ad
712 965 883 995 obsidendam
892 968 1046 996 Heracleam
1061 969 1195 997 Triarium
1209 971 1323 998 asciuit.

80 1017 172 1050 Κόττας
186 1018 215 1045 δὲ
236 1019 317 1054 παρὰ
333 1020 382 1056 τὴν
405 1020 570 1056 Ἡράκλειαν
595 1025 818 1059 στρατοπεδεύων

905 1027 985 1055 Cotta
1001 1028 1064 1055 vero
1079 1028 1112 1055 ad
1128 1028 1282 1056 Heracleam
1299 1034 1389 1057 castra
1405 1029 1508 1057 habens
1521 1050 1530 1063 ,
1545 1030 1664 1058 nondum

55 1063 95 1098 ὅλῳ
102 1064 145 1098 μὲν
157 1065 186 1092 οὐ
201 1065 359 1100 προσεδαλε
373 1067 406 1101 τῇ
418 1067 560 1103 πολιορκίᾳ
573 1069 643 1101 τέως
657 1070 696 1106 τῷ
705 1071 823 1107 στρατῷ,

55 1108 110 1137 κατά
126 1111 203 1146 μέρος
229 1111 260 1138 δὲ
288 1113 437 1148 προσῆγεν,
467 1115 555 1146 ἐνίους
586 1117 636 1151 μὲν
667 1117 723 1144 τῶν
756 1119 822 1145 Ῥω-

56 1155 134 1188 μαέων,
155 1157 272 1190 πολλοὺς
302 1158 332 1185 δὲ
363 1159 586 1195 προϐαλλόμενος
612 1162 667 1189 τῶν
692 1163 822 1194 Βιθυνῶν.

57 1202 142 1229 Πολλῶν
154 1204 181 1230 δὲ
198 1204 245 1230 καὶ
256 1206 486 1240 τιτρωσκομένων
509 1208 557 1234 καὶ
581 1209 786 1245 ἀναιρουμένων
798 1211 822 1227 ⁸⁸

56 1247 156 1292 μηχανὰς
172 1249 290 1281 ἐπενόει,
313 1247 351 1276 ὧν
371 1251 459 1278 ἐδόκει
474 1253 530 1284 τοῖς
547 1253 792 1290 πολιορκουμένοις
805 1256 821 1292 ή

55 1291 136 1327 χελώνη
153 1294 339 1330 φοϐερωτέρα.
366 1295 481 1330 Ἐπάγει
495 1297 560 1330 γοῦν
571 1297 675 1334 ταύτην
695 1299 759 1334 ὃλην

54 1337 146 1374 δύναμιν
166 1342 334 1376 συγκινήσας
354 1342 452 1378 πύργῳ
467 1342 529 1378 [587
549 1343 598 1380 Η.)
614 1345 667 1371 τινὶ
692 1345 821 1378 ὑπόπτως

54 1383 123 1419 ἔχοντι
142 1387 207 1421 πρὸς
227 1389 258 1415 τὸ
281 1388 379 1415 παθεῖν
393 1398 399 1405 ·
418 1389 456 1420 ὡς
477 1389 506 1416 δὲ
528 1390 602 1423 ἅπαξ
623 1391 670 1417 καὶ
689 1391 820 1427 δεύτερον

55 1429 148 1464 πληγεὶς
162 1433 192 1459 οὐ
209 1433 291 1468 μόνον
309 1434 384 1468 παρὰ
396 1434 474 1467 δόξαν
489 1435 672 1472 διεκαρτέρει,
689 1438 756 1465 ἀλλὰ
773 1439 820 1465 καὶ

53 1475 134 1510 ὁκριὺς
146 1478 193 1513 τῆς
208 1479 295 1515 ἄλλης
308 1480 427 1515 ἐμϐολῆς
444 1482 669 1518 προαπεκλάπθη,
686 1484 819 1519 εὐθυμίαν

54 1521 150 1555 μὲντοῖς
167 1524 383 1559 Ἡρακλεώταις,
409 1526 530 1560 ἀγωνίαν
546 1527 574 1553 δὲ
588 1529 708 1563 παρέσχε
729 1529 820 1565 Κόττα

52 1565 258 1602 διαταράττουσαν
279 1571 375 1603 αὑτὸν,
394 1571 432 1604 ὼς
452 1572 503 1599 οὐκ
518 1573 551 1599 ἃν
567 1574 583 1608 ή
600 1573 678 1606 πόλις
694 1575 817 1612 αἱρεθείη

53 1613 112 1641 ποτέ.
137 1615 173 1650 Τῇ
200 1616 335 1653 ὑστεραίᾳ
364 1617 387 1645 δῗ
412 1618 458 1644 οὖν
483 1619 566 1646 πάλιν
593 1621 744 1656 ἐπαγαγὼν
768 1623 817 1658 τὴν

54 1659 155 1696 μηχανὴν
167 1661 212 1688 xui.
228 1662 316 1697 μηδὲν
330 1663 433 1695 ἀνύσας
450 1665 596 1691 κατακαίει
614 1666 662 1700 μὲν
672 1667 702 1692 τὸ
725 1668 817 1702 μηχά-

54 1711 119 1748 γημα,
129 1706 273 1742 ἀποτέμνει
292 1708 321 1735 δὲ
335 1709 440 1741 καὶτὰς
455 1710 509 1736 τῶν
523 1711 717 1746 μηχανοποιῶν
731 1703 817 1748 κειρία-

53 1746 97 1781 ὶάς.
116 1753 159 1779 καὶ
174 1755 300 1790 φρουρὰν
317 1756 374 1787 τοῖς
387 1756 490 1791 τείχεσι
505 1757 663 1784 καταλιπὼν
684 1759 752 1794 μετὰ
770 1759 817 1786 τοῦ

53 1794 126 1823 λοιποῦ
140 1799 255 1834 πλήθους
270 1801 311 1832 εἰς
323 1801 354 1827 τὸ
371 1801 540 1837 καλούμενον
558 1803 649 1830 πεδίον
665 1804 817 1831 Λύκαιαν⁵⁹

54 1840 173 1878 διέτρισεν,
203 1846 338 1881 ἀφθονίαν
363 1847 470 1882 ἔχοντος
502 1849 556 1876 τῶν
582 1850 743 1884 ἐπιτηδείων
769 1851 817 1878 τοῦ

53 1891 141 1925 χωρίου.
163 1894 299 1921 Κάκεῖθεν
316 1895 366 1930 τὴν
388 1897 453 1932 περὶ
469 1897 520 1932 τὴν
542 1897 704 1933 Ἡράκλειαν
725 1898 817 1933 χώραν

54 1936 140 1965 ἃπασαν
158 1939 245 1975 ἐδῄου,
263 1941 307 1973 εἰς
330 1941 431 1977 πολλὴν
450 1943 605 1978 ἀμηχανίαν
624 1945 687 1976 τοὺς
706 1944 818 1977 πολίτας

54 1983 205 2014 συνελαύνων.
219 1987 436 2023 Διεπρεσῦεύετο
453 1989 520 2023 γοῦν
533 1989 615 2016 πάλιν
629 1990 696 2026 πρός
709 1999 738 2017 τε
753 1992 817 2022 τοὺς

53 2027 74 2053 ἐν
89 2029 179 2065 Σκυθία
201 2033 410 2068 Χερρονησίτας
425 2034 472 2061 καὶ
487 2034 679 2067 Θεοδοσιανοὺς
693 2036 816 2068 καὶτοὺς

54 2075 103 2109 περὶ
112 2076 151 2103 τὸν
166 2078 305 2114 Βόσπορον
320 2079 455 2112 δυνάστας
483 2081 553 2116 ὑπὲρ
576 2081 735 2116 συμμαχίας
745 2091 752 2098 ·
769 2083 817 2109 καὶ

54 2118 66 2152 ἡ
79 2123 193 2155 πρεσδεία
204 2125 372 2160 ἀνέστρεφεν
385 2125 554 2161 ἑμπρακτος.
567 2126 629 2154 Τῶν
637 2127 665 2153 δὲ
679 2128 816 2162 πολεμίων

55 2165 208 2202 ἐπικειμένων
218 2173 251 2207 τῇ
267 2171 354 2202 πόλει,
374 2172 406 2198 οὐ
421 2171 488 2198 πολὺ
511 2172 622 2199 ἔλαττον
637 2173 706 2208 αὐδῇ
720 2174 754 2200 τὰ
769 2173 817 2199 λυ-

54 2212 134 2240 πῡῦντα
154 2215 224 2243 ἔνδον
251 2217 393 2244 ἐπετίθετο
406 2226 412 2232 ·
429 2218 461 2244 οὐ
480 2218 536 2254 γὰρ
547 2218 683 2254 ἠρκοῦντο
694 2219 719 2245 οἱ
735 2228 817 2255 φρου-

56 2256 85 2288 99‘-
101 2256 135 2289 οἷς
147 2260 217 2296 διέζη
237 2262 270 2288 τὸ
283 2262 440 2296 δημοτικὸν,
457 2263 607 2296 τύπτοντες
622 2264 650 2290 δὲ
666 2266 730 2296 τοὺς
741 2265 817 2292 πολί-

54 2309 90 2334 τας
108 2309 226 2341 χορηγεῖν
240 2308 260 2335 ὃ.
281 2308 317 2343 μὴ
345 2309 410 2344 ῥᾷον
420 2310 442 2325 ⁶⁰
456 2307 491 2345 ἦν
516 2310 609 2342 αὐτοῖς
636 2310 665 2343 ἐξ
691 2310 816 2346 ἀνάγκης

55 2347 162 2379 ἐκέλευον.
177 2354 230 2380 Καὶ
244 2354 299 2380 τῶν
314 2354 442 2389 φρουρῶν
456 2354 497 2381 ἔτι
515 2355 616 2389 μᾶλλον
640 2352 673 2392 ἧν
690 2355 815 2391 χαλεπώ-

54 2396 302 2434 τεροςόἑφεοτηκὼς
324 2399 413 2426 αὐτῶν
435 2400 621 2435 Κοννακόρηξ,
647 2401 698 2426 οὐκ
720 2401 816 2437 ἀπείρ-

55 2443 94 2469 im
106 2440 156 2466 ἀλλ’
168 2443 321 2479 ἐπιτρέπων
333 2446 389 2476 τοῖς
400 2444 421 2460 ⁶¹
444 2444 496 2470 ὑπὸ
512 2446 591 2479 χεῖρα
609 2444 658 2480 τὴν
674 2445 746 2480 βίαν.
764 2446 816 2472 Τε-

55 2484 122 2514 μὼν⁶¹
135 2487 160 2513 δὲ
181 2490 228 2523 τὴν
256 2489 349 2525 χώραν
376 2491 390 2516 ὁ
418 2491 523 2522 Κόττας
546 2490 625 2517 πάλιν
650 2491 815 2526 προσϐάλλει

54 2529 94 2560 τοῖς
114 2533 238 2568 τείχεσιν·
261 2535 383 2569 ἀθύμους
409 2535 438 2562 δὲ
462 2537 526 2567 τοὺς
548 2537 716 2571 στρατιώτας
746 2538 815 2573 πρὸς

55 2575 184 2612 πηλιορκίαν
205 2581 277 2616 ὁρῶν
296 2582 397 2616 ἀπάγει
410 2582 458 2618 τῆς
475 2583 662 2618 τειχομαχίας,
675 2584 722 2610 καὶ
743 2583 815 2619 πέμ-

55 2626 88 2645 πει
106 2623 183 2651 καλῶν
213 2628 366 2662 Ὀτριάριον
393 2629 476 2663 τάχος
500 2630 560 2660 ταῖς
584 2629 726 2664 τριήρεσιν
754 2631 810 2664 ἀφ-

56 2668 161 2697 ικνεῖσθαι
173 2674 217 2699 καὶ
230 2673 346 2701 κωλύειν
359 2674 404 2701 τὸν
417 2673 462 2701 διὰ
481 2675 532 2710 τῆς
549 2674 688 2710 θαλάσσης
701 2677 815 2703 ἐπισιτι-

56 2712 107 2745 σμὸν
118 2717 146 2751 τῇ
160 2718 240 2747 πόλει.

877 1077 933 1101 toto
959 1075 1185 1109 oppugnationem
1212 1076 1333 1103 exercitu
1359 1083 1503 1111 aggressus
1520 1081 1596 1109 erat,
1618 1084 1665 1104 sec

874 1119 979 1154 aliquos
991 1120 1023 1147 de
1035 1120 1165 1147 Romanis
1182 1121 1364 1155 particulatim
1380 1122 1552 1154 admovebat,
1568 1122 1665 1150 multos

874 1163 981 1200 Bithyni
994 1165 1109 1192 nominis
1120 1170 1242 1193 statuens
1255 1167 1280 1192 in
1296 1166 1394 1193 fronte.
1405 1167 1528 1201 Dumque
1542 1168 1663 1201 compiti-

873 1217 918 1238 res
938 1210 1114 1237 vulnerantur
1132 1216 1160 1238 et
1170 1216 1318 1246 oppetunt,
1339 1213 1466 1246 operibus
1488 1217 1515 1240 et
1530 1213 1664 1240 machinis

874 1257 993 1283 animum
1013 1257 1126 1291 adjicit:
1151 1266 1265 1293 quarum
1291 1260 1399 1288 testudo
1418 1267 1473 1294 prte
1492 1259 1553 1287 aliis
1568 1259 1664 1287 formi-

872 1302 963 1329 dinem
978 1303 1094 1331 incussit
1107 1303 1237 1331 obsessis.
1252 1303 1346 1330 Totam
1367 1304 1447 1339 igitur
1463 1305 1516 1331 vim
1536 1304 1663 1337 tttilitum,

872 1349 969 1376 castris
980 1349 1096 1376 excitam
1107 1369 1114 1380 ,
1135 1350 1263 1376 admovet
1276 1350 1345 1377 turri
1357 1350 1478 1383 cuidam,
1494 1350 1577 1378 ruinae
1588 1358 1662 1386 spent

872 1393 1039 1428 pt'tefercnti.
1053 1393 1152 1421 Verum
1167 1395 1210 1422 ubi
1223 1395 1305 1422 semel
1321 1401 1402 1430 atqtte
1415 1395 1513 1423 iterum
1523 1403 1664 1431 percussa.

871 1447 924 1466 non
944 1441 1023 1468 modo
1038 1445 1133 1468 contra
1148 1441 1303 1476 opinionem
1321 1442 1496 1477 persisteret,
1514 1442 1561 1470 sed
1581 1443 1664 1469 etiam

871 1486 942 1513 aries
959 1495 973 1513 a
992 1491 1088 1514 czctera
1107 1488 1232 1515 machina
1250 1488 1392 1515 diffractus
1414 1488 1585 1521 avelleretur,
1605 1490 1666 1516 ani-

870 1540 930 1560 mus
942 1533 1155 1561 Heracliensium
1171 1542 1305 1568 crescere,
1317 1540 1344 1562 et
1357 1535 1532 1570 perturbatus
1546 1543 1664 1563 maerore

868 1578 946 1606 Cotta
969 1580 1064 1607 timere
1085 1580 1182 1614 coepit,
1204 1588 1343 1615 nmtquam
1367 1581 1431 1608 urbs
1453 1589 1486 1608 ne
1508 1586 1662 1615 caperetur.

868 1623 981 1652 Postero
1003 1624 1084 1651 etiam
1106 1625 1165 1656 die,
1189 1632 1249 1652 cum
1272 1626 1401 1652 machina
1424 1626 1524 1653 iterum
1547 1626 1663 1661 impacta

869 1669 937 1697 nihil
955 1669 1113 1704 proﬁceret,
1130 1670 1344 1698 instrumentum
1366 1671 1430 1698 illud
1446 1675 1621 1705 concremat,
1636 1677 1664 1700 et

871 1717 957 1744 fabris
965 1717 1052 1752 capita
1062 1717 1195 1751 praecidit,
1207 1717 1356 1752 relictoque
1365 1718 1399 1745 ad
1412 1718 1512 1745 moenia
1524 1719 1662 1752 prtesidio.

872 1770 933 1789 cum
951 1766 1049 1790 cetera
1067 1762 1182 1789 militum
1199 1763 1276 1790 turba
1291 1763 1317 1790 in
1332 1771 1429 1798 campo
1441 1763 1524 1799 (quod
1536 1763 1662 1799 Lycaeum

871 1812 981 1842 vocant)
995 1808 1093 1835 stativa
1106 1808 1215 1843 delegit,
1231 1815 1285 1843 qtto
1301 1808 1326 1835 itt
1342 1808 1400 1836 loco
1418 1808 1490 1842 larga
1503 1814 1561 1835 erat
1575 1809 1663 1837 victus

871 1855 960 1889 copia.
988 1854 1077 1889 Atque
1097 1855 1159 1882 inde
1179 1855 1251 1882 omni
1272 1855 1344 1882 circa
1367 1854 1526 1882 Heracleam
1552 1856 1661 1890 regione

871 1901 1020 1932 devastata,
1030 1901 1055 1927 in
1066 1908 1190 1935 magnam
1202 1901 1275 1927 cives
1286 1900 1470 1928 difficultatem
1480 1901 1561 1936 cogit.
1572 1901 1661 1934 Quare

871 1947 959 1974 denuo
974 1947 1007 1974 ad
1018 1946 1144 1982 Scythas,
1156 1946 1321 1974 Chersonesi
1334 1947 1448 1979 incolas,
1461 1951 1488 1974 et
1497 1947 1663 1975 Theodosia-

871 2001 937 2024 nos,
953 1997 980 2020 et
996 1993 1069 2020 circa
1084 1992 1251 2028 Bosphorum
1266 1994 1395 2028 dynastas
1406 2014 1415 2026 ,
1432 1993 1466 2021 de
1481 1994 1610 2034 societate
1623 1993 1662 2020 le-

871 2039 1005 2071 gationem
1024 2039 1116 2071 mittit,
1132 2047 1191 2073 qua:
1208 2047 1262 2067 non
1276 2040 1377 2075 absque
1394 2039 1489 2068 effectu
1505 2040 1659 2067 revertitur.

870 2084 994 2119 Dumque
1013 2085 1105 2113 hostes
1123 2085 1183 2113 urbi
1202 2086 1381 2119 incumbunt,
1400 2093 1452 2113 non
1469 2086 1552 2114 multo
1572 2086 1661 2113 minus

871 2130 905 2156 ab
933 2130 1047 2158 internis
1068 2136 1184 2158 vexatur
1210 2131 1352 2159 molestiis.
1384 2131 1564 2159 Praesidiariis
1587 2131 1658 2159 ettim

870 2176 1000 2203 militibus
1015 2176 1041 2203 id
1055 2184 1106 2204 non
1120 2177 1187 2205 satis
1202 2182 1258 2204 erat
1271 2185 1325 2212 quo
1339 2177 1416 2212 plebs
1434 2177 1536 2204 ttrbaua
1552 2178 1658 2204 victita-

869 2223 926 2252 bat.
949 2224 1114 2252 Yerberibus
1131 2224 1212 2259 igitur
1231 2225 1359 2252 multatos
1377 2225 1467 2256 cives,
1485 2224 1659 2258 suppeditare

869 2277 930 2304 qua:
946 2269 972 2296 in
990 2274 1115 2304 promptu
1135 2278 1187 2297 non
1204 2274 1296 2302 erant,
1317 2278 1364 2305 per
1380 2271 1433 2297 vim
1447 2270 1553 2305 jubent.
1569 2270 1659 2303 Quid?

869 2316 940 2350 quod
957 2316 1133 2350 praisidiariis
1149 2316 1230 2350 longe
1247 2315 1426 2351 importunior
1441 2321 1500 2343 erat
1516 2316 1659 2350 praefectus

869 2362 1052 2394 Connacorix,
1069 2370 1122 2390 non
1139 2363 1218 2389 ntodo
1232 2370 1285 2389 non
1303 2362 1450 2397 prohibens
1465 2363 1519 2389 vim
1533 2369 1654 2393 suorum.

868 2409 915 2436 sed
934 2409 1018 2442 etiam
1036 2409 1119 2436 libere
1138 2409 1312 2444 permittens.
1327 2408 1396 2436 Tum
1415 2417 1494 2444 agros
1513 2409 1658 2444 populatus

867 2454 960 2485 Cotta,
984 2462 1077 2482 muros
1097 2455 1195 2482 iterum
1220 2455 1400 2481 adoritur.At
1422 2463 1482 2482 cum
1504 2463 1600 2490 segnes
1623 2456 1657 2483 ait

867 2501 1094 2536 oppugnationem
1112 2501 1286 2535 remissisque
1304 2502 1402 2528 animis
1425 2501 1499 2528 videt
1515 2502 1623 2533 milites,
1641 2510 1655 2528 ιι

868 2553 965 2575 conatu
981 2547 1127 2580 desistens,
1143 2553 1267 2574 vocatum
1286 2548 1368 2574 tnittit
1383 2547 1532 2579 Triarium,
1552 2555 1581 2575 ut
1596 2555 1656 2575 cunt

869 2594 1024 2621 triremibus
1046 2594 1246 2629 quamprimum
1281 2594 1403 2626 advolet,
1422 2594 1518 2630 2366
1537 2599 1565 2621 et
1583 2602 1658 2621 com-

868 2643 973 2667 meatus
989 2639 1015 2666 itt
1031 2640 1099 2667 mari
1116 2639 1272 2668 facultatth
1289 2639 1431 2676 oppidanis
1447 2639 1611 2675 intercipiat.

650 2790 768 2820 VARIAS
782 2792 985 2822 LECTIONES.

72 2830 222 2880 ξραζέωί
241 2846 270 2869 ς.
308 2837 331 2853 ⁸⁸
350 2838 396 2864 καὶ
410 2837 614 2874 ἀναιρουμένων
629 2838 693 2866 add.
714 2839 748 2866 Δ.
789 2841 811 2857 ⁵³
826 2841 937 2869 λύκαιον
952 2842 1115 2878 Stephanus.
1156 2844 1178 2860 ⁸ο
1196 2843 1332 2880 ῥᾷονᾘιιιο
1353 2844 1453 2880 ῥᾴδιον.
1493 2843 1513 2858 ⁶¹
1532 2842 1585 2874 τοῖς
1606 2843 1628 2871 A
1647 2850 1652 2868 ι

56 2869 94 2889 των
106 2874 130 2898 ς.
162 2870 181 2886 ⁶¹
196 2873 298 2906 τέμνων
327 2882 346 2906 ς
