1920 3090
231 123 283 155 927

805 127 936 158 ΡΠΟΤΠ
949 128 1200 158 ΡΑΤΙΠΛΠΟΙΙΕ
1217 128 1270 157 Cl‘.

1807 126 1868 158 928

423 183 486 211 Car.
503 183 559 210 [ΑΙ.
572 199 605 204 -—
619 182 719 211 Triarii
740 184 852 212 victoria
874 187 976 213 navalis
994 187 1026 213 de
1046 185 1155 212 lleracl.
1173 190 1198 212 et
1214 185 1324 219 grauiss.
1341 183 1414 210 urbis
1431 183 1514 217 [alites
1529 190 1560 208 αι’
1571 182 1662 217 pestis.

266 242 419 275 Assumptis
434 249 498 276 ergo
512 241 634 270 Triarius
650 250 717 277 quas
737 243 872 276 habebat,
893 245 1016 276 navibus,

1105 244 1202 271 Λαὸὼν
1231 242 1277 269 οὖν
1292 242 1325 274 ἂς
1348 240 1422 276 εἶχεν
1447 240 1612 275 Ὀτριάριος,
1637 238 1684 264 καὶ
1701 237 1821 269 Ῥοδίους
1833 242 1868 264 κ’

190 306 191 310 η
232 294 259 314 ct
276 288 311 314 20
327 287 455 320 Rho-liis,
477 295 594 322 quarum
611 295 716 314 summa
738 288 773 316 65
799 290 976 321 conficiebat,
993 290 1018 316 in

231 333 345 360 l'ontum
361 332 476 366 trajicit,
492 336 520 359 et
536 333 654 359 adventu
671 333 729 367 ejus
751 333 777 360 in
796 338 916 368 tempore
936 334 1020 360 Cottae

231 377 390 413 signiﬁcato,
406 378 501 404 eodem
517 378 560 404 die
577 378 726 405 exercitum
739 379 773 405 ad
795 380 893 406 lamnis
908 379 1021 414 appellit

230 423 326 455 Cotta,
347 427 374 450 et
394 423 540 450 imminens
564 422 661 449 Triarii
685 423 782 451 classis
802 430 925 458 apparet.
950 424 1018 452 Tum

231 468 372 502 repentino
393 469 498 495 navium
518 468 633 496 adventu
652 469 838 497 lleraclienses
853 471 967 503 turbati,
985 472 1019 500 50

229 514 339 548 quidem
359 521 442 541 naves
460 514 485 541 in
499 521 575 541 mare
592 515 737 546 deducunt,
751 516 798 542 sed
818 522 865 542 eas
880 523 932 543 non
952 519 1020 544 satis

191 584 194 586 .
231 559 376 594 complent.
397 559 508 595 Reliqua
529 560 672 588 multitudo
692 561 725 588 ad
744 562 967 596 propugnandum
988 569 1018 589 se

232 607 378 633 convertit.
406 605 528 641 Dumque
554 606 650 634 classis
680 606 894 634 lleracliensium
923 614 1020 636 contra

232 650 393 678 accedentes
414 651 533 679 hostium
553 659 635 679 naves
659 653 684 679 in
707 652 790 680 altum
815 653 917 686 tendit,
939 654 1020 689 primi

233 695 342 729 Rhodii,
359 697 455 730 peritia
467 702 493 724 et
505 697 662 724 fortitudine
675 698 737 726 aliis
753 699 909 734 praecellere
926 699 1021 726 existi-

234 743 310 773 mati,
323 741 348 768 iu
363 741 564 771 Heracleoticus
579 743 784 778 impressionem
796 743 908 776 faciunt,
921 750 949 772 et
963 750 1020 772 sta-

235 786 281 812 tim
301 791 356 813 tres
378 786 544 814 Rhodiorum
563 791 590 814 et
607 788 727 823 quinque
743 788 956 816 lleracliensium
973 789 1021 816 de-

233 832 396 867 primuntur.
411 831 444 859 Et
459 840 554 867 pugnat
570 833 634 860 hinc
651 834 873 867 supervenientes
891 833 1019 867 Romani,

234 880 325 907 multis
355 880 473 915 acceptis
501 880 624 912 damnis,
654 880 777 914 pluribus
806 885 896 908 tamen
926 881 1017 912 illatis,

233 925 408 954 lleracleotas
421 926 622 958 illuduul,etad
636 927 728 954 urbem
739 926 831 961 fugere
843 927 1017 961 compellunt,
1036 923 1056 950 Β

231 972 249 999 4
276 977 304 999 et
327 972 360 999 10
387 973 499 999 navibus
525 972 683 1006 depenlitis.
715 972 847 1000 Victrices
874 979 963 1000 autem
990 975 1018 1000 in

232 1018 356 1054 Magnum
376 1018 482 1045 subiere
503 1024 620 1052 portum.
634 1017 782 1045 l’editatutn
793 1018 874 1045 etiam
885 1018 919 1045 ab
932 1027 1018 1053 oppu-

232 1066 360 1098 gnatione
390 1069 498 1091 revocat
526 1064 616 1092 Cotta.
640 1064 773 1091 Triariani
804 1069 893 1092 autent
924 1066 1019 1093 indies

230 1110 350 1143 singulos
361 1117 376 1136 e
389 1114 469 1144 portu
485 1110 616 1142 subvecti,
630 1118 678 1137 eos
693 1110 738 1145 qui
753 1110 885 1137 frumenta
898 1110 1018 1137 circum-

231 1156 314 1182 sessis
337 1155 484 1189 importare
503 1161 686 1188 conarentur,
709 1157 900 1191 impedierunt.
924 1157 1019 1191 lugens

231 1201 313 1233 igitur
332 1209 445 1228 annome
460 1202 580 1228 Charitas
608 1202 701 1229 urbem
725 1203 824 1233 tenuit,
853 1208 882 1228 ut
903 1202 1018 1230 Chuauix

230 1249 301 1282 (qua:
321 1247 430 1282 dicitur)
451 1248 483 1273 ad
502 1248 536 1274 80
559 1248 662 1274 Atticos
695 1249 865 1282 procederet.
886 1248 916 1275 Et
936 1257 1018 1283 super

231 1294 298 1320 alias
318 1300 468 1324 arrumnas,
485 1293 566 1319 etiam
587 1293 669 1326 pestis
694 1293 816 1320 homines
839 1294 951 1325 invasit,
974 1293 1016 1320 vei

230 1346 263 1364 ex
280 1338 353 1365 acris
368 1339 526 1370 mutatione,
551 1339 593 1364 vel
618 1338 777 1365 inconsueta
803 1339 888 1366 victus
916 1340 1019 1366 ratione

231 1384 384 1414 etsistens,
405 1388 434 1410 et
449 1391 495 1418 per
511 1384 601 1410 varias
616 1383 798 1410 calamitatum
815 1383 915 1411 formas
930 1385 1019 1411 varios

231 1429 371 1456 hominum
391 1428 516 1455 interitus
532 1428 676 1456 eﬂlcicbat.
692 1428 765 1456 Inter
782 1437 850 1464 quos
870 1431 952 1456 etiam
967 1430 1019 1457 La-

232 1475 343 1502 machus
357 1475 434 1509 longe
446 1475 586 1502 acerbiore
597 1483 677 1509 quam
691 1475 747 1507 alii,
758 1481 784 1502 et
798 1476 911 1503 lentiore
924 1477 1018 1504 mortis

231 1521 352 1547 cruciatur
371 1521 560 1555 exstinguitur.
580 1520 650 1547 Lnes
669 1522 726 1548 haec
747 1521 864 1548 maxime
879 1523 1017 1557 praesidia-

231 1567 286 1593 rios
300 1567 476 1602 corripiebat,
495 1572 522 1593 ut
539 1567 571 1594 de
585 1566 656 1593 5000
672 1567 744 1594 mille
761 1567 915 1595 interirent.

1071 290 1147 321 ναῦς,
1162 286 1199 316 ὧν
1219 288 1328 323 σύμπαν
1348 287 1378 314 τὸ
1393 286 1494 320 πλῆθος
1510 286 1548 316 εἰς
1563 287 1587 318 γ’
1601 285 1649 310 καὶ
1672 287 1698 318 μ’
1711 283 1808 315 ἐτέλει,
1820 285 1867 314 εἰς

1069 338 1115 364 τδν
1130 337 1228 364 Πόντον
1247 336 1388 368 διαϐαίνει,
1406 335 1452 361 καὶ
1466 333 1562 369 μηνύει
1575 332 1666 367 Κόττα
1679 331 1727 358 καὶ
1739 331 1787 357 τδν
1800 340 1868 357 και-

1071 385 1118 419 ρὸν
1136 383 1184 410 καὶ
1210 383 1260 415 τὴν
1292 382 1395 416 ἄφιξιν.
1428 380 1497 407 Ὑπὸ
1529 379 1557 406 δὲ
1587 379 1637 413 τὴν
1654 377 1738 412 αὐτὴν
1755 377 1867 412 ἡμέραν

1070 431 1175 461 Κόττας
1191 438 1219 456 τε
1245 429 1302 460 τοῖς
1326 429 1429 463 τείχεσι
1452 427 1498 454 τὸν
1516 425 1632 461 στρατὸν
1646 424 1771 459 προσῆγε
1785 423 1833 450 καὶ
1847 423 1867 449 ὁ

1070 477 1225 507 κατάπλους
1239 475 1294 502 τῶν
1307 474 1438 510 Τριαρίου
1464 473 1532 500 νεῶν
1562 471 1733 505 ἐπεφαίνετο.
1761 469 1866 495 Συντα-

1071 522 1215 558 ραχθέντες
1227 521 1273 548 οὖν
1287 521 1311 547 oi
1335 519 1524 556 Ἡρακλεῶται
1539 518 1607 553 πρὸς
1620 516 1651 543 τὸ
1667 515 1800 550 αἰφνίδιον
1812 514 1865 548 τῆς

1070 567 1125 594 τῶν
1141 567 1214 602 νηῶν
1229 566 1324 600 ἐφόδου
1338 566 1403 596 ναῦς
1419 565 1468 599 μὲν
1485 564 1530 590 ἐπὶ
1542 564 1591 597 τὴν
1609 562 1746 589 θάλασσαν
1757 560 1779 586 λ’
1793 559 1865 586 καθ-

1070 612 1170 643 εῖλκον,
1185 611 1247 638 οὐδὲ
1269 611 1369 642 ταύτας
1393 609 1516 645 ἀκριϐῶς
1532 607 1709 644 πληροῦντες.
1724 606 1754 633 τὺ
1766 605 1794 632 δὲ
1808 606 1868 631 λοι-

1071 659 1121 685 πὸν
1139 658 1207 694 πρὸς
1231 657 1282 692 τὴν
1300 657 1459 692 πολιορκίαν
1480 655 1636 690 ἐτρέποντο.
1658 653 1786 688 Ἀνήγετο
1814 651 1868 687 μὲν

1070 704 1084 730 ὁ
1106 701 1327 738 Ἦρακλεωτικδς
1345 701 1438 731 στόλος
1461 701 1529 735 πρὸς
1547 699 1596 726 τὰς
1609 697 1794 728 ὲπιπλεούσας
1809 697 1867 723 τῶν

1071 749 1220 784 πολεμίων.
1244 747 1352 784 Πρῶτοι
1376 746 1443 780 γοῦν
1468 745 1564 772 Ῥόδιοι
1590 744 1649 779 (καὶ
1673 743 1728 778 γὰρ
1752 742 1867 769 ἐδόκουν

1071 794 1203 830 ἐμπειρίᾳ⁵
1216 802 1246 820 τε
1263 793 1311 820 καὶ
1330 792 1442 828 ἀνδρείᾳ.
1455 791 1509 818 τῶν
1528 791 1614 818 ἄλλων
1637 789 1774 826 προέχειν)
1791 789 1868 823 ἔνερ-

1071 841 1194 876 ράγησαν
1220 840 1279 871 ταῖς
1301 838 1330 870 ἐξ
1348 837 1520 873 Ἡρακλείας,
1541 837 1588 863 καὶ
1617 835 1790 871 παραχρῆμα
1811 835 1865 868 μὲν

1071 885 1223 912 κατέδυσαν
1241 885 1351 911 Ῥοδίων
1367 884 1417 918 μὲν
1428 882 1456 917 γ’
1472 881 1686 917 Ἡρακλεώτιδες
1695 881 1724 907 δὲ
1739 879 1772 907 ε’.
1785 881 1866 906 Ἐπι-

1069 932 1210 966 γενὸμενοι
1231 931 1258 958 δὲ
1283 931 1318 966 τῇ
1329 930 1470 965 ναυμαχίᾳ
1493 929 1541 955 καὶ
1557 929 1697 962 Ῥωμαῖοι,
1711 928 1760 954 καὶ
1776 927 1867 953 πολλὰ

1070 978 1204 1008 παθόντες
1219 977 1266 1004 καὶ
1289 977 1454 1011 ποιήσαντες
1482 975 1539 1006 τοῖς
1565 973 1716 1008 πολεμίοις,
1734 972 1800 1008 Πειε
1818 971 1866 1006 ILi

1070 1023 1150 1050 πλέον
1171 1022 1200 1050 δὲ
1214 1023 1289 1057 ὅμως
1303 1021 1491 1053 κακώσαντες,
1504 1020 1652 1055 ἐτρέψαντο
1667 1020 1716 1050 τὰς
1728 1019 1759 1051 ἐξ
1777 1019 1866 1054 Ἠρα-

1070 1069 1162 1100 κλείας
1178 1068 1227 1094 καὶ
1246 1067 1358 1102 φεύγειν
1376 1067 1536 1102 ἠνάγκασαν
1563 1066 1631 1101 πρὸς
1657 1065 1707 1100 τὴν
1733 1064 1826 1093 πόλιν.
1844 1065 1866 1090 δ’

1070 1113 1258 1145 ἀποῦαλούσας
1271 1113 1320 1140 καὶ
1337 1116 1362 1140 ι’.
1379 1113 1411 1139 At
1428 1112 1596 1147 τρεψάμεναι
1607 1111 1635 1137 δὲ
1652 1112 1720 1146 πρὸς
1747 1111 1793 1137 τὸν
1817 1111 1867 1145 μέ-

1070 1169 1121 1194 γαν
1152 1159 1334 1195 ὲνωρμίζοντο
1355 1158 1463 1192 λιμένα.
1481 1157 1588 1192 ’Δνίστη
1605 1157 1627 1183 δ’
1642 1156 1688 1183 οὖν
1702 1156 1749 1182 καὶ
1766 1156 1796 1182 τὸ
1818 1165 1869 1181 πε-

1070 1206 1116 1238 ζὸν
1133 1205 1184 1239 τῆς
1199 1203 1357 1239 πολιορκίας
1372 1203 1387 1229 6
1401 1203 1516 1233 Κόττας,
1534 1203 1565 1228 Oi
1580 1201 1608 1227 δὲ
1626 1201 1690 1236 περὶ
1709 1201 1867 1236 ὐτριὰριον

1069 1250 1230 1285 ἀναγόμενοι
1239 1248 1299 1276 καθ’
1307 1248 1426 1282 ἑκάστην
1434 1248 1487 1274 ἀπὸ
1496 1247 1544 1274 τοῦ
1553 1247 1660 1281 λιμένος
1669 1246 1733 1278 τοὺς
1742 1248 1867 1280 σιτηγεῖν

1069 1295 1251 1331 ὡρμημένους
1276 1296 1332 1326 τοῖς
1345 1294 1409 1330 [588
1424 1293 1470 1330 IL]
1488 1294 1729 1328 πολιορκουμένοις
1757 1292 1869 1318 ἀπεκώ-

1069 1341 1141 1373 λυον,
1162 1341 1210 1368 καὶ¹
1231 1340 1330 1371 σπάνις
1343 1339 1448 1375 χαλεπὴ
1469 1338 1519 1374 τὴν
1539 1337 1616 1364 πόλιν
1634 1339 1772 1372 κατεῖχεν,
1787 1337 1827 1368 t'o;
1840 1340 1867 1362 r.’

1075 1387 1205 1414 Ἀττικῶν
1222 1386 1270 1421 τὴν
1284 1386 1435 1421 λεγομένην
1451 1385 1559 1420 χοίνικα
1586 1383 1633 1410 τοῦ
1658 1383 1733 1410 σίτου
1761 1384 1867 1416 προκύ-

1067 1432 1128 1468 ψαι.
1153 1433 1216 1460 Ἐπὶ
1230 1433 1259 1460 δὲ
1278 1433 1335 1464 τοῖς
1348 1432 1440 1463 ἄλλοις
1453 1433 1549 1463 κακοῖς
1566 1431 1611 1458 καὶ
1625 1430 1719 1465 λοιμὸς
1732 1430 1756 1446 ⁸³
1771 1430 1867 1461 αὐτοῖς

1068 1479 1211 1505 ἐπιπεσὼν
1228 1479 1293 1515 (εἴτε
1307 1480 1339 1505 ὲκ
1353 1478 1460 1514 τροπῆς
1476 1477 1566 1513 ἀέρων
1579 1476 1634 1503 εἴτε
1650 1478 1681 1503 ἐκ
1698 1476 1750 1511 τῆς
1763 1476 1866 1511 ἀσυνή-

1071 1523 1133 1556 οους
1157 1524 1274 1559 διαίτης)
1298 1523 1425 1558 ποικίλην
1451 1523 1497 1550 ἐπὶ
1525 1522 1664 1554 ποικίλαις
1691 1522 1868 1557 παθημάτων

1069 1568 1151 1599 ιδέαις
1168 1569 1217 1604 τὴν
1233 1568 1337 1604 φθορὰν
1353 1568 1554 1604 ἀπειργάζετο·
1571 1569 1600 1595 ὲν
1614 1565 1657 1599 οἷς
1669 1568 1718 1594 καὶ
1732 1568 1868 1602 Λάμαχος

231 1614 385 1648 πικροτέρῳ
400 1614 447 1640 καὶ
470 1613 632 1649 μακροτέρῳ
654 1613 708 1640 τῶν
724 1614 811 1641 ἄλλων
826 1615 929 1649 ὀλέθρῳ
944 1614 1101 1650 διέφθαρτο.
1124 1614 1232 1648 Ἥψατο
1243 1614 1272 1641 δὲ
1299 1614 1471 1649 μάλιστακαὶ
1497 1613 1551 1640 τῶν
1579 1613 1706 1649 φρουρῶν
1730 1613 1747 1648 ἡ
1774 1613 1853 1645 νόσος

231 1660 269 1691 ὡς
286 1660 340 1685 ἀπὸ
366 1659 524 1694 τρισχιλίων
548 1659 650 1694 χιλίους
679 1660 840 1687 ἀποθανεῖν.
869 1661 938 1692 Τοὺς
960 1659 1114 1695 Ῥωμαίους
1133 1659 1161 1686 δὲ
1173 1660 1203 1686 τὸ
1218 1660 1304 1692 πάθος
1317 1661 1367 1687 οὐκ
1379 1660 1524 1687 ἐλάνθανεν
1532 1659 1568 1687 ⁸⁸.

560 1717 624 1745 CAP.
637 1717 746 1745 l.lll.—
757 1717 892 1745 Heraclue
904 1719 1031 1752 prodi/io,
1045 1719 1184 1753 ἀει-δρύψε
1197 1717 1338 1744 dimdium
1351 1716 1539 1744 Romanarum.

266 1760 346 1795 Atqui
357 1760 537 1794 Connacorix,
546 1762 598 1789 hac
609 1762 783 1790 alllietionum
797 1764 867 1791 mole
877 1765 1014 1795 fatiscens.

1104 1764 1159 1791 Καὶ
1181 1763 1197 1790 6
1224 1763 1401 1798 Κοννακὸρηξ
1429 1762 1596 1789 κακοπαθῶν
1618 1762 1679 1794 ταῖς
1707 1762 1865 1797 συμφοραῖς

233 1806 326 1833 urbem
344 1806 474 1835 Romanis
494 1809 626 1842 prodere,
644 1814 676 1836 et
695 1809 917 1837 Heracleotarum
936 1810 1020 1837 exitio

232 1859 308 1878 strauit
324 1857 479 1886 permutare
494 1854 608 1882 salutem
628 1856 732 1882 statuit.
754 1855 870 1891 Operam
886 1856 939 1884 huc
954 1864 1020 1883 cou-

231 1897 336 1924 ferebat
347 1897 427 1925 etiam
440 1898 620 1928 Heracliensis
635 1901 763 1936 quidam,
779 1902 952 1930 consiliorum
969 1902 1021 1929 La-

232 1944 321 1971 machi
341 1945 499 1978 aemulator,
520 1947 563 1973 cui
582 1955 678 1974 nomen
701 1947 877 1983 Damophile,
892 1949 1020 1984 pra-sidio

232 1989 308 2016 urbis
327 1995 354 2017 et
373 1990 430 2024 ipse
446 1990 578 2018 [miliaclti
599 1992 708 2020 interitu
725 1993 879 2027 praefectus.
896 1995 932 2020 At
949 1993 1020 2020 Con-

232 2035 342 2062 nacorix
354 2042 370 2061 a
381 2035 459 2062 Cotta
473 2044 550 2069 sane,
566 2041 595 2063 ut
607 2037 715 2064 homine
727 2038 847 2065 moribus
858 2038 1020 2071 importunis

231 2088 260 2109 et
279 2082 360 2110 dubia
384 2083 451 2118 ﬁde,
474 2084 524 2111 sibi
542 2090 620 2112 cavet
633 2095 639 2112 :
654 2093 715 2112 cum
733 2085 840 2114 Triario
856 2092 946 2114 autem
963 2095 1018 2114 rein

231 2128 415 2156 communicat
430 2137 438 2156 :
453 2136 503 2156 nec
519 2130 628 2164 segnius
640 2131 666 2158 in
683 2131 778 2158 eodem
794 2140 856 2159 cum
871 2133 913 2160 his
928 2133 1020 2159 studio

231 2173 404 2208 Damophiles
417 2175 545 2207 decurrit,
558 2180 586 2202 et
596 2177 717 2211 acceptis
729 2182 869 2212 pactorum
881 2179 1017 2206 conditio-

230 2220 325 2252 nibus,
340 2220 439 2256 237a
457 2221 555 2256 quibus
570 2229 601 2249 se
617 2222 711 2250 beatos
737 2222 797 2250 fore
813 2224 969 2258 sperabant,
985 2225 1018 2251 ad

230 2266 411 2300 proditionem
425 2274 455 2294 se
468 2269 623 2304 accingunt.
637 2269 731 2296 Obiter
747 2275 838 2297 autem
851 2277 911 2304 quae
925 2278 938 2296 a
952 2278 1016 2303 pro-

230 2312 365 2340 ditoribus
377 2313 538 2349 agebantur,
555 2315 582 2341 in
601 2315 694 2350 vulgus
707 2321 847 2343 emanant.
865 2316 893 2343 ln
907 2316 1018 2344 concio-

230 2367 291 2386 nem
317 2359 399 2393 igitur
418 2360 484 2387 urbs
506 2361 659 2394 concurrit,
679 2362 851 2397 praesidiique
874 2363 1018 2398 praefectus

229 2405 386 2431 advocatur.
409 2405 477 2432 'l‘um
502 2406 696 2441 Brithagoras,
716 2408 758 2434 vir
781 2408 851 2435 illlel‘
872 2409 1015 2444 populares

229 2450 368 2484 praecipua:
387 2451 574 2483 auctoritatis,
590 2452 775 2486 Connacorige
792 2441 942 2485 convento,
962 2461 1015 2488 quo
1033 2441 1054 2469 θ

228 2495 288 2522 loco
303 2496 338 2522 sit
352 2495 483 2523 Heraclea
498 2497 636 2530 edisserit,
654 2503 682 2525 et
698 2498 720 2525 si
739 2499 782 2524 ille
797 2499 966 2532 comprobet,
981 2500 1014 2527 de

228 2542 363 2568 communi
379 2543 499 2570 omnium
517 2543 605 2571 salute
617 2552 677 2571 cum
692 2543 800 2571 Triario
818 2545 1012 2572 conferendum

228 2595 289 2614 esse
302 2593 406 2615 censet.
418 2587 480 2616 [hec
491 2597 550 2616 cum
577 2589 777 2623 miserabiliter,
789 2590 880 2616 multis
894 2590 1015 2618 interriti-

227 2634 277 2660 stis
295 2634 436 2668 precibus,
454 2640 607 2669 perorasset
621 2635 927 2670 Brithagoras,surgens
942 2636 1014 2663 Con-

226 2681 357 2713 uacorix,
383 2682 598 2716 pacilicationcm
629 2689 688 2709 eam
720 2682 922 2716 suscipiendam
952 2689 1014 2709 esse

1071 1810 1143 1844 ἔγνω
1157 1809 1214 1840 τοῖς
1234 1808 1383 1844 Ῥωμαίοις
1399 1809 1554 1844 προδιδόναι
1577 1808 1628 1843 τὴν
1652 1807 1732 1834 πόλιν
1755 1808 1802 1834 καὶ
1828 1809 1862 1841 τῇ

1071 1856 1125 1883 τῶν
1147 1855 1346 1890 Ἡρακλεωτῶν
1365 1855 1490 1890 ἀπωλείᾳ
1512 1854 1561 1890 τὴν
1578 1855 1646 1881 ἰδίαν
1666 1854 1805 1888 σωτηρίαν
1819 1854 1866 1879 ἁλ-

1070 1901 1204 1934 λάξασθαι
1216 1902 1249 1928 ⁸⁸.
1267 1900 1490 1936 Συνελαμὸάνετο
1505 1901 1533 1926 δὲ
1547 1900 1623 1935 αὐτῷ
1638 1900 1685 1926 καὶ
1705 1900 1865 1934 Ἡρακλεώ-

1070 1957 1120 1983 της
1136 1947 1215 1982 ἀνὴρ,
1233 1947 1357 1982 ζηλωτὴς
1369 1947 1419 1982 τῆς
1443 1947 1577 1981 Λαμάχου
1592 1945 1793 1981 προαιρέσεως,
1808 1948 1863 1971 Δα-

1072 1993 1201 2028 μωφέλης
1213 1994 1235 2009 ⁸⁸
1256 1993 1353 2027 ὄνομα,
1371 1992 1545 2027 φρούραρχος
1568 1992 1616 2018 καὶ
1635 1991 1714 2022 αὐτὸς
1732 1992 1766 2026 τῇ
1785 1991 1864 2018 πόλει

1072 2038 1141 2073 μετὰ
1153 2039 1202 2074 τὴν
1217 2037 1347 2072 Λαμάχου
1363 2037 1467 2071 φθορὰν
1479 2036 1628 2068 καταστάς.
1648 2036 1677 2061 '0
1688 2035 1780 2061 τοίνυν
1793 2035 1866 2061 Κον-

1070 2085 1189 2120 νακόρηξ
1208 2085 1254 2111 τὸν
1272 2085 1377 2110 Κότταν
1393 2082 1443 2119 μὲν
1463 2083 1502 2114 ὡς
1517 2082 1602 2118 βαρὺν
1615 2082 1636 2098 ⁸⁷
1667 2081 1698 2108 τὺ
1722 2079 1790 2116 ἦθος
1815 2082 1863 2107 καὶ

1070 2131 1184 2158 ἄπιστον
1201 2129 1376 2164 ἐφυλάττετο,
1390 2129 1459 2164 πρὸς
1482 2128 1636 2164 Ὀτριάριον
1646 2127 1674 2154 δὲ
1687 2127 1844 2154 συνετίθετο
1854 2135 1861 2141 ο

1070 2176 1214 2212 συνέτρεχε
1228 2176 1255 2202 δὲ
1268 2175 1374 2206 τούτοις
1400 2175 1448 2201 καὶ
1463 2174 1637 2209 Δαμωφέλης
1658 2174 1709 2200 οὐκ
1724 2173 1863 2200 ἐνδεέστε-

1071 2231 1127 2258 ρον.
1144 2223 1199 2248 Καὶ
1213 2221 1344 2253 λαδόντες
1368 2221 1517 2256 συνθήκας,
1531 2219 1575 2253 αἶς
1589 2222 1798 2256 εὐδαιμονήσειν
1812 2221 1861 2247 αὖ·

1068 2268 1111 2294 τοὶ
1130 2267 1253 2303 ἤλπιζον,
1278 2266 1346 2302 πρὸς
1371 2267 1421 2302 τὴν
1445 2267 1592 2302 προδοτίαν
1607 2266 1861 2302 παρεσκευάζοντο.

1074 2315 1120 2348 Ἐξ
1137 2314 1270 2349 ἐπιπολῆς
1292 2312 1340 2341 οὖν
1367 2314 1402 2341 τὰ
1425 2313 1603 2349 πραττόμενα
1629 2314 1687 2345 τοῖς
1714 2313 1863 2348 προδόταις

1067 2361 1209 2387 διέπιπτεν
1226 2361 1265 2392 εἰς
1278 2360 1324 2386 τὸν
1345 2359 1443 2395 δῆμον.
1461 2360 1508 2391 Εἰς
1521 2359 1674 2394 ἐκκλησίαν
1687 2356 1735 2385 οὖν
1748 2359 1765 2393 ή
1781 2358 1863 2390 πόλις

1068 2406 1236 2441 συνέδραμον
1257 2406 1304 2432 καὶ
1319 2405 1365 2432 τὸν
1382 2405 1556 2440 φρούραρχον
1579 2404 1704 2432 ἐκάλουν.
1724 2404 1862 2440 Βριθαγό-

1069 2457 1121 2487 ρας
1135 2452 1164 2478 δὲ
1176 2452 1230 2479 τῶν
1245 2453 1274 2479 ἐν
1293 2451 1332 2487 τῷ
1346 2452 1424 2488 δήμῳ
1440 2451 1510 2487 ἀνὴρ
1524 2451 1658 2486 ἐπιφανὴς
1672 2451 1740 2487 πρὸς
1754 2451 1862 2477 Κοννα-

1069 2499 1176 2534 κόρηκα
1202 2499 1399 2533 παραγεγονὼς
1423 2498 1457 2525 τά
1483 2506 1514 2524 τε
1541 2497 1690 2532 κατέχοντα
1707 2497 1757 2532 τὴν
1779 2497 1861 2533 ’11ρὰ-

1068 2545 1162 2572 κλειαν
1188 2544 1298 2580 διεξῄει.
1321 2544 1369 2570 καὶ
1393 2544 1418 2570 εί
1440 2543 1559 2578 κάκείνῳ
1569 2544 1591 2559 ⁵⁸
1607 2543 1691 2574 δοκεῖ,
1711 2543 1759 2570 ἐπὶ
1782 2545 1858 2578 κοινῇ

1069 2591 1179 2618 πάντων
1207 2590 1330 2625 σωτηρίᾳ
1355 2589 1536 2624 διελάμϐανεν
1564 2588 1710 2625 Ὀτριαρῑῳ
1734 2588 1859 2621 διαλέξα-

1070 2637 1143 2664 σοαι.
1159 2636 1253 2663 Ταῦτα
1268 2636 1436 2671 Βριθαγόρου
1456 2635 1525 2670 μετὰ
1543 2631 1644 2669 πολλῆς
1663 2635 1858 2669 οἱκτισαμένου

1066 2682 1195 2717 δεήσεως,
1208 2681 1353 2713 διαναστὰς
1367 2681 1381 2707 6
1393 2681 1569 2717 Κοννακόρηξ
1582 2680 1711 2716 τοιαύτην
1727 2681 1778 2715 μὲν
1794 2689 1857 2706 συν-

868 2749 909 2776 ΥΑ
915 2749 983 2778 Eli-'15
1000 2749 1202 2778 LECTIONES.

263 2795 287 2811 “
306 2795 383 2830 λιμὸς
399 2805 430 2828 ς’.
477 2796 501 2812 ⁸⁵
515 2796 648 2830 ἐλάμϐανε
668 2806 697 2829 ς.

231 2831 366 2866 βάρῦαρον
385 2839 417 2864 ς’.
447 2831 468 2847 ⁵⁸
483 2833 591 2857 κακεῖνο
608 2840 638 2863 ς,

752 2797 773 2813 ⁵⁵
788 2797 994 2830 ἀπαλλάξαποαι
1026 2806 1054 2829 ς.

1117 2796 1140 2813 ⁸³
1158 2795 1312 2832 δαμοφελὴς
1335 2798 1356 2824 Δ
1374 2796 1549 2833 εΔαμοφιλὴς
1565 2805 1594 2830 ς.
1647 2797 1668 2812 ετ
1688 2795 1775 2832 βαρὺν
1804 2797 1826 2824 Δ
1848 2803 1854 2822 :
