1920 3090
55 141 108 172 929

590 136 850 167 BIBLlOTHECA.
866 149 901 154 -—
918 136 1000 166 COD.
1016 136 1163 166 CCXXIV.

1636 137 1688 170 οδε)

56 200 142 234 θήκην
168 196 272 223 ἀπεῖπε
298 195 475 232 πράττεσθαι,
502 195 613 231 ἔχεσθαι
624 196 646 211 ⁸³
663 196 691 222 δὲ
707 196 756 230 τῆς
770 196 845 222 ἐλευ-

902 200 994 228 uegat,
1019 195 1066 221 sed
1095 199 1123 220 ut
1145 193 1278 220 libertatis
1300 198 1328 220 et
1350 193 1470 220 melioris
1494 193 1608 221 forlllnaa
1630 196 1686 229 apri

57 244 149 279 θερίας
176 241 298 269 καὶτῶν
325 242 489 276 κρειττόνων
517 241 683 277 ὑπεκρίνατο
711 241 844 267 ἐλπίδων·

57 290 102 316 καὶ
118 290 175 323 γὰρ
191 289 238 314 καὶ
252 288 300 314 τὸν
317 287 428 322 βασιλέα
444 288 539 322 μαθεῖν
551 287 594 314 διὰ
610 287 782 322 γραμμάτων
795 286 847 313 ὑπὸ

56 334 208 369 Τιγράνους
235 341 266 359 τε
289 332 338 358 τοῦ
360 332 484 367 γαμὸροῦ
512 332 681 368 φιλοφρόνως
713 331 846 367 δεδέχθαι,

57 381 103 407 καὶ
118 380 170 406 οὐκ
183 379 223 410 εἰς
240 378 348 414 μακρὰν
364 378 470 405 ἐκεῖθεν
486 378 640 414 προσδοκᾷν
654 377 702 413 τὴν
723 377 849 412 ἀποχρῶ-

59 432 107 449 σαν
122 422 262 457 βοήθειαν.
286 421 357 448 Ἀλλ’
374 415 489 454 ἐκείνοις
517 422 567 457 μὲν
583 422 669 448 ταῦτα
683 423 698 448 ὁ
710 421 847 448 Κοννακό-

59 468 108 504 ρηξ
130 467 344 502 ὲσκηνικεὺετο·
364 468 389 494 οἱ
405 467 435 494 δὲ
458 467 646 503 Ἡρακλεῶται
668 467 771 499 τούτοις
793 469 849 500 τοῖς

58 515 145 547 λόγοις
173 513 378 548 ἐξηπατημένοι
392 513 447 548 (ἀεὶ
461 513 516 548 γὰρ
530 513 640 548 αἱρετὸν
662 513 692 539 τὸ
706 513 848 547 ἐράσμιον)

57 561 93 590 ὡς
107 558 224 593 ἀληθέσι
232 559 290 589 τοῖς
303 557 508 594 τερατευϐεῖσιν
519 559 672 584 ἐπίστευον.
691 557 722 584 ’0
736 557 765 584 δὲ
783 558 846 584 Κον-

58 604 189 640 νικόρηξ,
203 604 242 636 ὡς
257 604 450 640 ἠπατημένους
464 604 545 638 ἔγνω,
560 604 631 631 κατά
648 604 732 639 μέσας
748 603 849 635 νύκτας

59 650 223 682 ἐπιὸιὸάσας
244 650 354 686 ἡσύχως
379 651 440 681 ταῖς
459 650 584 685 τριήρεσι
599 649 629 675 τὸ
643 649 851 684 στράτευμα(αὶ

59 698 113 732 τὲιρ
126 696 197 730 πρὸς
216 696 370 731 ὐτριάριον
385 695 521 730 συνθῆκαι
534 695 626 722 κακῶν
642 694 759 726 ἀπαθεῖς
772 694 851 721 ἀπιέ-

58 752 111 774 ναι,
124 744 174 769 καὶ
200 743 226 769 εῐ
237 751 264 768 τι
283 742 501 777 κεκερδαγχότες
511 742 535 757 ⁷ο
546 740 653 776 εῐησαν,
671 740 730 776 μεθ’
746 740 852 767 ἑαυτῶν

59 789 136 822 ἄγειν
163 787 330 822 ἐπέτρεπον)
354 787 401 813 καὶ
418 787 499 818 αὐτὸς
523 785 630 817 τούτοις
646 785 851 818 συνεξέπλευσε.

63 833 236 868 Δαμωφέλης
250 833 278 859 δὲ
294 832 344 864 τὰς
367 831 454 864 πύλας
479 831 588 863 ἀνοίξας
613 831 784 866 εἰσχεόμενον
806 831 852 858 τὸν

906 241 1079 271 inhaererent,
1103 247 1150 273 per
1171 239 1370 266 simulatioaem
1392 240 1489 266 suasit.
1511 239 1615 266 Etenim
1641 249 1689 274 per

903 286 1010 313 litteras
1023 293 1052 313 se
1066 285 1222 319 cognovisse
1242 292 1332 320 regem
1351 293 1366 311 a
1386 284 1502 319 Tigrane
1523 293 1624 320 genero
1641 287 1688 314 be-

898 331 979 365 nigne
1004 334 1169 365 susceptura,
1188 337 1238 356 nec
1253 329 1362 363 longum
1377 334 1436 364 post
1452 329 1621 357 intervallum
1633 333 1690 358 su'-

900 376 997 403 llciens
1014 375 1077 403 inde
1092 379 1251 410 exspectare
1266 375 1408 401 auxilium.
1422 374 1496 402 Halm
1512 380 1567 402 tum
1584 375 1686 402 larvam

898 421 1033 449 scenicam
1055 421 1108 447 illis
1122 420 1306 455 praetendebat
1325 420 1505 447 Connacorix.
1529 421 1620 454 Quare
1645 422 1688 449 his

899 467 989 494 verbis
1019 466 1125 500 decepti
1150 466 1338 494 lleraclienses
1365 466 1490 502 (semper
1516 468 1588 494 enitn
1616 475 1686 502 quos

900 513 1000 543 adlibet
1025 512 1170 547 expetitur)
1193 517 1280 539 astute
1301 512 1434 545 conﬁctis,
1457 517 1486 539 ut
1509 513 1592 544 veris.
1608 513 1687 540 Iidem

899 559 1059 586 adhibuere.
1087 558 1272 590 Connacorix,
1299 562 1329 584 ut
1358 558 1384 584 in
1413 557 1537 584 fraudem
1559 558 1689 585 deductos

899 605 981 634 videt.
998 609 1079 632 nocte
1103 604 1275 638 intempesta,
1293 603 1413 631 exercitu
1434 603 1548 630 navibus
1563 604 1688 637 imposito

901 649 959 684 (per
972 649 1060 676 foedus
1077 649 1149 676 enim
1161 656 1221 675 cum
1235 648 1342 676 Triario
1356 649 1452 676 initum
1468 649 1549 676 salvis
1563 650 1650 681 abire,
1661 655 1689 677 et

900 695 922 721 si
940 694 1004 729 quid
1028 694 1095 721 lucri
1119 694 1265 727 fecissent,
1288 702 1379 721 secum
1402 701 1544 730 asportare
1567 695 1690 730 licebat).

902 739 958 772 ipse
969 747 1029 766 cum
1044 739 1172 767 militibus
1183 740 1308 767 discedit.
1321 740 1494 775 Damophiles
1505 747 1606 773 autem,
1616 743 1688 768 solu-

903 785 936 812 tis
961 785 1066 818 portis,
1094 785 1256 813 iutrofusum
1278 786 1461 813 Romanorum
1489 787 1636 814 exercitum
1662 792 1689 813 et

903 831 1038 859 Triarium
1058 834 1172 867 recipit:
1190 826 1305 868 quorum
1328 835 1376 862 alii
1399 841 1446 868 per
1468 840 1573 869 portam
1591 835 1689 862 irrum—

63 879 219 914 Ῥωμαϊκὸν
235 878 351 913 στρατὸν
372 878 420 905 καὶ
443 877 489 903 τὸν
510 876 663 912 ὐτριάριον
689 876 850 911 είσεδέχετο,

904 883 980 912 punt,
993 879 1112 906 nonnulli
1128 880 1210 906 etiam
1232 880 1300 907 inuri
1319 881 1460 915 pinnacula
1481 882 1685 908 transcendunt.

58 926 120 956 τοὺς
136 925 188 960 μὲν
206 925 252 951 διὰ
266 925 316 960 τῆς
335 924 434 959 πύλης,
448 924 536 955 ἐνίους
560 923 589 950 δὲ
613 923 662 950 καὶ
682 923 732 958 τὴν
750 923 851 957 στεφά-

58 979 105 1004 νην
120 970 350 1005 ὑπερϐαίνοντας.
365 969 421 996 Καὶ
429 968 489 996 τότε
501 969 552 1004 τῆς
564 969 710 1004 προδοσίας
724 969 750 995 οἱ
767 969 852 1003 Ἥρα-

58 1016 176 1042 κλεῶται
194 1016 354 1052 ἐπῄσθοντο.
380 1016 436 1042 Καὶ
452 1016 476 1042 οι
495 1015 545 1050 μὲν
560 1016 631 1049 σφᾶς
654 1015 752 1046 αὐτοὺς
782 1023 853 1050 παρ·

59 1062 193 1094 εόίδοσαν,
219 1063 244 1088 οἱ
266 1062 294 1088 δὲ
313 1061 520 1094 ὲκτείνοντο,τά
535 1069 565 1088 τε
592 1061 720 1097 κειμήλια
744 1062 791 1088 καὶ
819 1061 852 1088 τὰ

58 1109 162 1134 ἔπιπλα
176 1107 354 1143 διηρπάζετο,
373 1109 419 1134 καὶ
434 1107 521 1143 πολλὴ
534 1107 597 1139 τοὺς
613 1107 725 1139 πολίτας
739 1106 849 1142 ὠμότης

58 1154 208 1189 ἐλάμϐανε,
227 1154 411 1188 μεμνημένων
427 1153 572 1187 Ῥωμαίων
594 1153 643 1180 ὅσα
664 1161 693 1179 τε
711 1153 786 1188 παρὰ
801 1153 851 1188 τὴν

58 1199 215 1234 ναυμαχίαν
231 1198 294 1234 [589
310 1198 357 1234 1L]
372 1198 485 1225 πάθοιεν
505 1197 567 1233 1749
582 1198 628 1234 IL]
645 1198 692 1226 καὶ
703 1198 753 1225 ὅσα
771 1207 851 1225 τετα-

59 1245 272 1280 λαιπωρηκότες
299 1243 350 1271 Birt
374 1246 408 1280 τῇ
435 1244 580 1281 πολιορκίᾳ
607 1245 773 1280 ὑπέστησαν.
796 1245 853 1272 Οὐκ

59 1292 204 1326 ἀπείχοντο
226 1290 293 1324 γοῦν
311 1290 371 1318 οὐδὲ
394 1290 449 1317 τῶν
471 1291 518 1317 ἐπὶ
540 1292 597 1322 τοῖς
623 1292 705 1326 ἱεροῖς
723 1291 853 1324 πεφευγό-

58 1345 121 1368 των,
137 1336 208 1362 ἀλλά
223 1335 300 1371 παρά
311 1344 341 1362 τε
357 1336 415 1366 τοῖς
431 1335 533 1370 βωμοῖς
554 1336 602 1362 καὶ
622 1336 678 1367 τοῖς
697 1336 852 1371 ἀγάλμασιν

59 1383 159 1412 αὐτοὺς
183 1381 329 1415 ἔσφαττον.
354 1381 401 1407 Διὸ
411 1381 505 1407 πολλοὶ
529 1380 720 1413 διαπίπτοντες
744 1383 775 1408 ὲκ
799 1382 853 1409 τῶν

61 1426 163 1461 τειχῶν
175 1427 252 1461 φόῦῳ
263 1426 310 1452 τοῦ
321 1427 444 1460 ἀφύκτου
458 1426 574 1453 θανάτου
591 1427 662 1453 κατὰ
669 1428 758 1454 πᾶσαν
773 1428 853 1454 ἐσκε-

60 1471 189 1498 δάννυντο
203 1471 297 1506 χώραν
310 1479 317 1485 '
331 1471 357 1497 οἱ
368 1471 395 1497 δὲ
413 1471 573 1506 αὐτομολεῖν
590 1472 657 1507 πρὸς
673 1473 718 1499 τὸν
741 1473 849 1499 Κότταν

59 1516 258 1551 ἠναγκάζοντο.
276 1516 320 1549 Ἐξ
333 1513 369 1542 ὧν
384 1517 487 1548 ἐκεῖνος
499 1517 549 1551 τήν
563 1525 593 1543 τε
615 1517 715 1544 ἅλωσιν
731 1517 778 1544 καὶ
799 1517 846 1544 τὸν

61 1549 162 1596 φθόρον
177 1560 232 1587 τῶν
251 1560 404 1595 ἀνθρώπων
425 1561 473 1587 καὶ
487 1549 536 1596 τὴν
547 1561 702 1597 διαρπαγὴν
718 1562 771 1588 τῶν
783 1571 851 1598 χρη·
866 1549 887 1578 c

62 1607 157 1641 μάτων
184 1606 369 1641 πυθόμενος⁷¹
399 1605 484 1641 ὀργῆς
510 1607 710 1642 ἀνεπίμπλατο.
731 1608 779 1635 καὶ
807 1607 853 1634 διὰ

61 1653 165 1687 ταχέων
180 1652 249 1687 πρὸς
263 1652 314 1687 τὴν
339 1652 416 1679 πόλιν
437 1652 577 1688 ἠπείγετο.
595 1654 811 1689 Συνεχαλέπαινε
825 1653 853 1680 δὲ

62 1699 106 1724 καὶ
124 1698 156 1724 τὸ
171 1697 343 1733 στράτευμα,
357 1697 395 1729 ὡς
409 1698 439 1724 οὑ
458 1698 539 1732 μόνον
553 1698 602 1734 τὴν
614 1699 660 1725 ἐπὶ
670 1700 727 1730 τοῖς
746 1707 855 1734 κατωρ-

61 1743 197 1778 θωμένοις
210 1743 334 1776 εὐδοξίαν
349 1744 536 1780 ἀφῃρημένων
547 1745 580 1777 ⁷¹,
596 1745 664 1772 ἀλλά
680 1745 727 1772 καὶ
742 1745 795 1771 τῶν
808 1745 851 1771 λυ-

63 1789 204 1815 σιτελειῶν
229 1789 338 1821 ἁπάσας
362 1789 440 1824 παρὰ
456 1789 511 1816 τῶν
527 1790 617 1817 αὐτῶν
640 1790 850 1826 διηρπασμένοι.

63 1835 115 1862 Καὶ
128 1836 170 1866 εἰς
185 1835 278 1870 μάχην
291 1835 324 1862 ἂν
339 1837 395 1867 τοῖς
405 1836 550 1871 ὁμοφύλοις
563 1837 734 1871 κατέστησαν
750 1838 852 1864 ἄσπον-

62 1881 104 1907 δον
119 1881 169 1907 καὶ
185 1881 381 1915 κατεκόπησαν
394 1882 429 1908 ἂν
441 1882 486 1908 ὑπ’
501 1882 634 1917 ἀλλήλων,
647 1883 671 1909 εἰ
688 1883 725 1918 μὴ
747 1883 853 1918 Ὀτριά-

65 1936 117 1959 pta:
130 1927 263 1961 ἐπιγνοὺς
277 1927 327 1962 τὴν
340 1927 428 1963 ὁρμὴν
451 1928 553 1959 αὐτῶν.
571 1928 680 1960 πολλοῖς
694 1928 851 1964 ὲκμειλίξας

902 924 968 951 Tum
998 925 1105 952 demunt
1135 927 1257 960 proditos
1288 934 1317 953 se
1343 926 1530 954 Heraclieoses
1556 928 1685 958 sentiunt,

901 977 1018 1004 parsque
1045 971 1139 997 horum
1166 979 1194 999 se
1216 971 1301 1004 dedit,
1323 979 1384 1006 pars
1407 972 1565 999 trucidatur.
1590 972 1643 1000 Res
1660 974 1685 1000 in

901 1016 992 1043 abdito
1010 1017 1134 1051 reposita:
1148 1019 1175 1044 et
1190 1018 1365 1052 supellectilia
1394 1019 1567 1053 diripiuntur.
1585 1025 1612 1046 et
1627 1028 1687 1046 ma-

902 1069 952 1096 gna
973 1062 1134 1090 crudelitate
1158 1063 1184 1090 iu
1207 1064 1281 1090 cives
1304 1064 1459 1092 desmvitur.
1480 1064 1546 1091 Nam
1572 1067 1686 1091 recurrit

902 1107 992 1134 auinto
1003 1107 1142 1140 Romanis,
1161 1114 1262 1142 quanta
1278 1108 1364 1135 navali
1378 1109 1503 1136 coulliclu
1522 1110 1684 1136 detriti-enm

902 1153 1086 1186 accepissent,
1112 1157 1138 1180 et
1158 1159 1274 1188 quantas
1292 1155 1483 1182 sustinuissent
1503 1162 1636 1182 aerumnas
1659 1155 1684 1182 in

901 1197 1109 1231 oppugnatione.
1122 1197 1237 1233 Ideoque
1251 1207 1299 1226 nec
1310 1200 1343 1227 ab
1355 1200 1396 1226 his
1409 1200 1453 1231 qui
1470 1200 1504 1226 ad
1515 1201 1594 1227 deum
1608 1208 1686 1227 saera

902 1243 1081 1278 confugerant
1096 1247 1284 1278 temperatum,
1300 1246 1346 1272 sed
1362 1245 1439 1280 juxta
1454 1253 1516 1273 aras
1532 1251 1559 1273 et
1575 1246 1685 1273 delubra

902 1289 1035 1324 supplices
1045 1290 1162 1316 mactati.
1174 1290 1302 1323 Quocirca
1313 1290 1386 1317 multi
1396 1297 1470 1318 trans
1481 1298 1573 1318 muros
1584 1291 1668 1324 elapsi
1676 1311 1684 1321 ,

903 1335 997 1362 mortis
1023 1335 1184 1362 inevitabilis
1206 1340 1293 1368 metu,
1313 1343 1361 1371 per
1384 1341 1467 1363 totam
1495 1336 1687 1371 disperguntur

904 1380 1039 1416 regionem
1057 1389 1064 1408 :
1083 1382 1220 1408 nonnullis
1242 1382 1322 1409 etiam
1338 1382 1370 1409 ad
1391 1382 1503 1410 Cottam»
1516 1384 1687 1418 transfugere

903 1427 1016 1454 Coactis.
1031 1427 1052 1454 A
1069 1428 1165 1462 quibus
1181 1428 1227 1455 ille
1239 1427 1272 1455 de
1283 1429 1479 1463 expugnatione
1495 1429 1580 1461 urbis,
1597 1433 1624 1456 et
1638 1429 1686 1456 lto-

904 1473 1004 1499 tninmn
1017 1477 1108 1508 strage
1122 1477 1149 1500 et
1159 1473 1311 1508 direptione
1324 1474 1576 1507 bonorum,certior
1588 1475 1687 1507 factus.

904 1519 944 1546 ira
967 1524 1037 1546 totus
1051 1520 1218 1553 exardescit,
1241 1524 1270 1547 et
1287 1528 1367 1553 quatit
1388 1520 1529 1548 celerrime
1543 1521 1575 1548 ad
1594 1521 1687 1548 urbem

905 1565 1023 1592 festinat.
1043 1565 1156 1593 Moleste
1174 1566 1253 1593 etiam
1270 1566 1349 1593 simul
1373 1567 1434 1593 tulit
1451 1568 1597 1599 exercitus,
1615 1568 1688 1602 quod

904 1618 958 1637 non
986 1611 1065 1637 modo
1094 1610 1178 1645 gloria
1207 1619 1296 1638 rerutn
1324 1611 1430 1639 fortiter
1458 1618 1594 1645 gestarum
1621 1620 1687 1647 ερον

903 1656 971 1688 liati,
999 1656 1095 1691 237!)
1108 1657 1154 1684 seti
1168 1657 1248 1683 etiam
1262 1657 1410 1684 commodis
1426 1658 1559 1685 universis
1571 1658 1686 1684 fraudati

903 1707 994 1729 essent
1014 1703 1047 1730 ab
1072 1703 1177 1729 iisdem.
1200 1703 1261 1729 Ideo
1285 1703 1445 1737 implacabili
1465 1711 1524 1730 cum
1541 1705 1689 1738 gentilibus

904 1749 1052 1775 certamine
1074 1750 1205 1780 conserti.
1227 1749 1324 1776 mutuis
1339 1757 1368 1776 se
1382 1749 1502 1776 caedibus
1520 1750 1686 1784 hausissent,

906 1793 955 1820 nisi
968 1793 1100 1824 Triarius.
1116 1795 1297 1822 concitatione
1313 1794 1417 1821 illorum
1434 1795 1578 1826 intellecta,
1596 1796 1687 1822 multis

906 1843 1028 1872 pacasset.
1053 1840 1142 1867 verbis
1165 1840 1280 1871 Cottam,
1304 1845 1328 1867 et
1350 1841 1375 1866 in
1395 1848 1538 1868 commune
1561 1849 1591 1868 se
1613 1841 1697 1868 lucra

905 1886 1090 1919 expositurum
1114 1892 1208 1913 sant-te
1232 1886 1381 1920 promisso,
1409 1886 1506 1913 bellum
1530 1887 1686 1914 intestinum

906 1930 1075 1957 inhibuisset.

63 1973 149 2006 λόγοις
164 1972 209 1998 τόν
234 1981 264 1999 τε
290 1973 398 2000 Κότταν
415 1973 523 2001 καὶτὸν
539 1974 665 2010 στρατὸν,
683 1975 730 2001 καὶ
751 1975 792 2006 είς
813 1974 844 2000 τὸ
857 1975 949 2002 κοινὸν
977 1976 1011 2003 τὰ
1040 1975 1124 2010 κέρδη
1150 1975 1306 2002 καταθεῖναι
1317 1975 1341 1992 ⁷³
1374 1975 1607 2011 βεϐαιωσάμενος,
1642 1976 1688 2003 τὸν

62 2017 194 2052 ἐμφύλιον
208 2017 363 2052 ἀνεχαίτισε
381 2017 510 2051 πόλεμον.

95 2074 161 2100 Car.
176 2073 246 2101 LIV.
261 2073 387 2102 —Coua
399 2074 553 2103 Heracleam
575 2075 748 2110 exspoliatum
764 2076 925 2117 ὶπεεηιίὶιὶει
947 2075 977 2101 in
1000 2074 1086 2100 reditu
1111 2081 1234 2108 magnam
1261 2074 1357 2109 pra-da:
1379 2080 1480 2109 partem
1504 2075 1652 2110 naufragiis

808 2116 915 2139 amula.

100 2166 179 2192 Ἐπεὶ
193 2165 223 2192 δὲ
237 2164 416 2192 ἐπυνθάνοντο
439 2165 486 2192 τὸν
500 2167 699 2202 Κοννακόρηκα
718 2168 846 2204 κατειλη-

61 2211 128 2246 φότα
141 2212 194 2246 τὴν
207 2211 270 2237 Τῖον
285 2211 333 2238 καὶ
355 2211 406 2247 τὴν
434 2212 600 2247 Ἄμαστριν,
626 2214 726 2240 αὐτίκα
741 2215 847 2246 Κόττας

67 2256 222 2293 Ὀτριάριον
249 2256 387 2291 ἐκπέμπει
411 2258 631 2293 ἀφαιρησόμενον
658 2259 748 2286 αὐτῶν
763 2260 786 2275 ⁷⁸
800 2260 850 2291 τὰς
865 2249 888 2276 D

63 2303 164 2334 πέλεις.
180 2301 268 2333 Αὐτὸς
283 2302 312 2328 δὲ
329 2302 392 2333 τούς
416 2311 446 2329 τε
463 2305 730 2339 προσκεχωρηκότας
745 2305 845 2340 ἄνδρας

62 2348 152 2376 λαϐὼν
168 2348 215 2374 καὶ
231 2348 295 2379 τοὺς
309 2349 341 2374 ὲκ
357 2348 408 2382 τῆς
420 2349 607 2383 αἰχμαλωσίας
629 2351 800 2385 ἀνθρώπους,
815 2351 851 2378 τὰ

62 2395 142 2421 λοιπὰ
159 2393 230 2428 μετά
243 2393 334 2427 πάσης
349 2393 452 2420 διεῖπεν
464 2394 614 2430 ὠμότητος.
636 2396 771 2431 Χρήματα
785 2397 852 2430 γοῦν

63 2439 272 2474 διερευνώμενος
298 2438 358 2465 οὐδὲ
382 2439 437 2465 τῶν
464 2440 493 2465 ὲν
521 2440 601 2475 ἱεροῖς
625 2441 756 2474 ἐφείδετο,
783 2441 851 2468 ἀλλὰ

63 2487 124 2518 τοὺς
135 2494 166 2512 τε
190 2484 353 2519 ἀνδριάντας
370 2485 417 2511 καὶ
433 2484 468 2511 τὰ
490 2485 635 2521 ἀγάλματα
651 2486 747 2520 ἐκίνει,
766 2486 850 2513 πολλὰ

64 2532 110 2557 καὶ
129 2530 232 2557 καλὰ⁷1⁵
245 2528 321 2555 ὂντα.
339 2529 392 2555 Καὶ
406 2528 439 2563 δὴ
457 2530 503 2555 καὶ
518 2530 565 2556 τὸν
590 2531 729 2565 Ἠρακλέα
748 2532 794 2558 τὸν
819 2533 851 2558 ὲκ

64 2576 111 2610 τῆς
125 2575 231 2609 ἀγορᾶς
249 2573 345 2609 ἀνῄρει
359 2574 407 2600 καὶ
424 2574 525 2609 σκευὴν
547 2576 629 2602 αὑτοῦ
656 2575 706 2610 τὴν
724 2576 778 2602 ἀπὸ
803 2577 851 2611 τῆς

65 2620 228 2655 πυραμίδος,
249 2619 427 2650 πολυτελείας
452 2620 500 2646 καὶ
527 2622 658 2656 μεγέθους
675 2623 722 2649 καὶ
750 2622 781 2657 δὴ
804 2623 852 2649 καὶ

67 2666 169 2702 ῥυθμοῦ
187 2665 237 2692 καὶ
251 2665 362 2700 χάριτος
386 2665 434 2692 καὶ
459 2666 557 2703 τέχνης
571 2668 677 2700 οὐδενὸς
692 2668 745 2695 τῶν
773 2669 853 2695 ἐπαμ

938 2167 988 2195 Ubi
1003 2174 1067 2194 vero
1079 2166 1182 2194 audivit
1193 2166 1403 2199 Connacoriaem
1422 2167 1498 2194 Tium
1510 2173 1539 2196 et
1549 2169 1685 2197 Amastrin

901 2221 1059 2248 occupasse,
1071 2213 1130 2240 sine
1144 2219 1218 2239 mora
1234 2212 1367 2238 Triarium
1380 2213 1456 2240 Cotta
1468 2214 1582 2245 dimisit.
1599 2221 1626 2241 tit
1638 2216 1686 2242 has

902 2259 941 2285 eis
956 2260 1036 2285 urbes
1049 2258 1191 2284 adimeret.
1209 2255 1267 2290 Ipse
1284 2256 1404 2287 interim,
1422 2257 1541 2291 acceptis
1554 2258 1685 2286 dedititiis

901 2308 928 2330 et
938 2302 1170 2337 captivis,ca2tera
1182 2308 1229 2335 per
1245 2307 1351 2327 omnem
1366 2300 1496 2327 saevitiam
1514 2301 1686 2328 administra-

903 2349 951 2376 vit.
977 2348 1044 2375 Nam
1070 2348 1132 2374 dum
1155 2354 1220 2382 opes
1244 2346 1342 2381 passim
1368 2351 1520 2378 scrutatur,
1548 2354 1581 2374 ne
1602 2347 1687 2374 sacris

903 2394 1010 2429 quidem
1027 2393 1122 2427 parcit.
1136 2393 1245 2419 Statuas
1259 2393 1329 2419 enim
1359 2397 1387 2419 et
1402 2392 1545 2426 imagines,
1559 2396 1613 2419 tam
1629 2393 1689 2427 pul-

904 2441 983 2467 chras
1000 2447 1079 2473 quam
1098 2440 1205 2471 multas,
1222 2439 1281 2466 loco
1295 2439 1380 2466 movit
1395 2447 1402 2465 :
1416 2439 1483 2472 quin
1501 2444 1527 2465 et
1545 2438 1686 2466 Herculem

900 2494 915 2513 e
926 2485 994 2517 foro.
1009 2491 1036 2512 et
1047 2490 1173 2512 ornatum
1188 2485 1245 2519 ejus
1260 2493 1274 2511 a
1286 2484 1438 2519 pyramidc.
1451 2491 1570 2518 sumptu.
1582 2486 1687 2519 tnagni-

900 2532 1003 2562 tudine.
1019 2539 1067 2558 nec
1083 2539 1134 2558 non
1153 2530 1259 2564 opifit-io
1273 2535 1299 2557 et
1315 2535 1382 2561 arte,
1400 2529 1472 2556 nullo
1489 2529 1688 2556 laudatissima-

900 2585 958 2604 runt
974 2585 1085 2611 operum
1101 2576 1271 2608 inferiorem,
1289 2575 1410 2602 sustulit.
1429 2575 1493 2602 Erat
1508 2581 1597 2602 autem
1612 2575 1686 2601 elata

901 2622 997 2649 malleo
1015 2631 1079 2649 cusa
1096 2631 1128 2649 ex
1147 2630 1213 2648 auro
1225 2622 1388 2655 purissimo:
1403 2626 1430 2648 et
1445 2621 1550 2649 leonina
1568 2622 1616 2655 ipsi
1633 2622 1688 2648 cir-

902 2669 1035 2703 cumfusa,
1049 2675 1214 2704 corytusque
1227 2676 1260 2695 ex
1276 2670 1370 2695 eadem
1390 2668 1515 2700 materia,
1531 2676 1593 2695 arcu
1607 2673 1633 2694 et
1646 2675 1689 2694 εε-

697 2746 814 2774 νΛΙῖΙιὶΕ
833 2747 1034 2775 LECTIONES.

99 2806 121 2821 ”
135 2805 264 2850 δέχεσθαι
278 2805 319 2850 AA:
357 2806 381 2822 "°
395 2805 588 2850 κεκερδακότες
668 2808 875 2850 ,τξπεξοόμενος
896 2818 931 2850 r;_..
948 2809 986 2850 _"'
1001 2809 1180 2850 ἀφῃρημένον
1200 2809 1337 2845 Scaliger,
1354 2808 1525 2845 ἀφῃρημένοι
1559 2808 1689 2837 llmscltc-

67 2839 125 2867 lius.
163 2841 187 2856 “
203 2841 361 2868 καταθεῖναι
382 2842 416 2868 τὰ
443 2839 524 2878 κέρδη
540 2851 570 2875 ς.
608 2843 629 2858 ⁷⁸
644 2843 725 2869 αὐτὸν
743 2839 873 2878 Scaliger.

910 2844 931 2859 ⁷⁵
947 2843 1010 2869 ὄντα
1037 2853 1082 2870 και
1108 2845 1178 2870 καλὰ
1192 2853 1222 2875 ς.
