1920 3090
219 115 268 148 981

808 115 940 146 ΡΠΟἸἩ
958 113 1210 144 PATRIARCIUE
1224 114 1278 144 ΟΡ.

1805 116 1860 148 932

217 174 293 210 giliis
304 173 429 200 refertus.
441 172 524 200 Multa
539 171 620 200 etiam
637 171 688 200 alia
700 179 777 208 aeque
794 173 917 200 miranda
935 178 1007 208 alqtlt

1070 172 1209 207 νουμένων
1223 171 1452 208 ἀπολειπομένην.
1486 171 1526 198 Ην
1540 171 1569 198 δὲ
1586 171 1703 207 ῥόπαλον
1718 173 1861 209 σψυρήλα-

219 221 343 255 pulcltra,
354 227 370 246 e
384 219 452 246 fanis
464 224 492 247 et
503 219 570 246 urbe
584 219 702 251 sublata.
716 219 829 245 navibus
842 219 959 246 intersit.
972 219 1012 246 Ad

219 267 343 293 ultimum
367 265 452 299 jussis
476 266 564 300 ignem
585 265 733 292 immittere
753 265 898 298 militibus,
921 265 1013 293 multis

219 314 313 340 urbem
331 313 456 347 partibus
476 312 627 339 succendit.
649 311 687 338 Ita
702 317 781 347 capta
799 317 826 340 ct
844 314 955 340 subacta
971 316 1014 339 est

219 359 326 389 civitas.
346 366 406 384 cum
425 358 494 384 duos
513 357 742 392 oppugnationem
759 364 845 384 annos
865 357 1012 384 sustinuis-

219 409 269 431 set.
293 403 350 431 Sub
372 404 430 430 huic
456 403 580 430 Triarius
602 403 635 430 ad
664 403 745 431 urbes
766 403 815 430 sibi
837 403 1013 430 deinandatas

218 450 367 484 profectus,
384 450 563 484 Counarorigi
583 450 619 485 (is
635 450 707 477 enim
724 450 906 484 proditionem
923 448 1012 477 Hera-

218 495 282 522 clea:
299 495 412 521 aliarum
437 495 617 528 occupatione
635 494 809 522 dissimulare
831 495 922 522 animo
943 502 1013 530 prat-

217 542 391 576 sumpserat),
406 541 553 569 securitate
576 541 691 568 abeundi
714 541 784 568 facta
795 561 803 574 ,
820 542 944 569 civitates
961 541 1013 569 Sub

217 589 419 616 conditionibus
431 589 513 615 certis
525 588 632 622 recipit.
646 588 724 615 Cotta
741 592 830 615 autent
846 588 939 621 rebus,
951 595 1005 623 quo

217 636 319 662 dictum
341 640 383 662 est
397 635 494 667 modo,
519 634 668 666 confectis,
686 634 828 668 pedestres
846 634 940 667 copias
959 640 1010 660 una

217 689 279 709 cum
296 682 417 715 equitatu
435 681 549 708 Lucullo
565 680 659 712 tradit,
678 686 705 707 et
720 680 825 707 socium
850 680 966 711 auxilia,
984 680 1011 707 in

217 735 294 755 suam
317 735 431 762 qumque
453 728 589 762 patriam.
613 726 726 753 dimittit
746 735 752 753 :
780 726 838 760 ipse
861 734 926 753 vero
950 734 1011 753 cum

218 774 303 802 classe
316 774 452 801 avehitur.
466 773 503 800 lbi
519 773 628 800 navium
646 779 706 806 qua:
721 772 797 799 urbis
809 772 894 806 spolia
910 777 1004 799 vecta-

218 819 300 851 haut,
320 826 383 853 pars
407 826 489 853 supra
511 818 620 845 modutn
643 821 771 849 onerata,
796 816 866 844 hami
888 817 1009 851 procula

1063 226 1110 245 τον
1134 218 1257 252 ἀπέφθου
1284 219 1384 254 χρυσοῦ
1416 218 1610 253 πεποιημένον,
1634 219 1704 246 κατὰ
1717 219 1747 246 δὲ
1772 221 1860 247 αὐτοῦ

1067 264 1164 300 λεοντῆ
1181 265 1286 300 μεγάλη
1301 265 1426 300 ὲκέχυτο,
1443 265 1489 291 καὶ
1504 265 1627 300 γωρυτὸς
1645 266 1694 300 τῆς
1705 267 1791 302 αὐτῆς
1807 267 1860 302 μὲν

1067 309 1145 345 ὕλης,
1164 310 1250 345 βελῶν
1265 310 1293 336 δὲ
1306 311 1401 345 γέμων
1413 310 1461 336 καὶ
1471 309 1560 342 τόξου.
1579 310 1668 337 Πολλὰ
1681 311 1709 337 δὲ
1724 312 1772 338 καὶ
1788 312 1859 339 ἄλλα

1065 356 1137 383 καλά
1152 357 1200 383 καὶ
1214 357 1359 391 θαυμαστά
1376 356 1540 391 ἀναθήματα
1552 356 1584 383 εκ
1598 365 1628 383 τε
1642 356 1697 383 τῶν
1713 358 1794 392 ιερῶν
1810 359 1860 385 καὶ

1064 403 1114 437 τῆς
1129 402 1236 434 πόλεως
1253 401 1361 437 ἀφελὼν
1381 403 1440 434 ταῖς
1459 403 1555 429 ναυσὶν
1570 402 1743 436 ἐγκατέθετο.
1759 404 1814 430 Καὶ
1827 405 1859 432 τὸ

1063 448 1221 475 τελευταῖον
1234 448 1290 484 πῦρ
1303 449 1402 475 ἐνεῖναι
1423 450 1480 480 τοῖς
1509 448 1691 483 στρατιώταις
1724 449 1858 482 κελεύσας

1063 495 1096 530 τῇ
1114 494 1190 521 πόλει
1201 494 1273 521 κατὰ
1288 494 1373 521 πολλὰ
1387 494 1491 529 ταύτην
1503 494 1647 530 ὑπέπρησε
1662 495 1744 530 μέρη.
1764 495 1856 523 Ἑάλω

1062 540 1091 567 δὲ
1116 539 1225 575 ἡπόλις
1242 540 1288 567 ἐπὶ
1314 540 1362 567 δύο
1384 540 1433 575 ἔτη
1452 541 1484 575 τῇ
1509 540 1654 577 πολιορκίᾳ
1676 541 1855 577 ἀντισχοῦσα.

1068 585 1098 611 '0
1121 585 1150 612 δὲ
1184 586 1337 621 Ὀτριάριος
1365 585 1561 620 παραγεγονὼς
1587 587 1616 612 ὲν
1635 584 1680 618 αἷς
1701 587 1858 615 ἀπέσταλτο

1065 632 1172 664 πόλεσι,
1186 632 1378 668 Κοννακόρηκι
1390 630 1478 667 (οὗτος
1493 632 1548 668 γὰρ
1559 634 1609 667 τὴν
1619 633 1668 668 τῆς
1690 633 1858 669 Ἡρακλείας

1062 679 1209 714 προδοσίαν
1240 679 1341 713 ἑτέρων
1374 679 1567 714 κατασχέσει⁷⁶
1583 679 1786 714 συγκαλύπτειν
1815 681 1858 708 δι-

1062 725 1172 759 ενοεῖτο)
1189 724 1252 756 δοὺς
1266 725 1357 752 ἄδειαν
1378 724 1428 759 τῆς
1449 725 1658 760 ἀναχωρήσεως,
1688 726 1749 753 καθ’
1760 727 1858 762 ὁμολο-

1063 770 1127 804 γίαν
1139 771 1160 786 ⁷⁷
1174 769 1308 805 λαμϐάνει
1322 769 1372 802 τὰς
1387 769 1493 801 πόλεις.
1516 770 1545 797 '0
1556 771 1584 797 δὲ
1597 771 1702 803 Κόττας
1728 772 1802 807 ἅπερ
1814 772 1856 798 el!-

1065 825 1146 852 ρηται
1160 816 1385 852 διαπραξάμενος
1399 816 1430 842 τδ
1444 816 1493 850 μὲν
1511 816 1594 848 πεζὸν
1608 816 1656 843 καὶ
1673 817 1739 849 τοὺς
1758 818 1856 850 ἱππεῖς

218 863 308 890 littore
326 862 452 894 solvitur,
474 870 537 897 pars
560 861 688 896 Aparctia
711 865 790 888 vento
808 867 902 889 contra
917 861 1007 894 ﬂaitte,

1064 849 1371 898 ἐκπέμπειᾸευκόλλῳ,
1400 849 1450 890 καί
1472 863 1536 895 τοὺς
1561 863 1722 898 συμμάχους
1747 849 1857 899 ἀφῆκεν

214 909 242 935 in
260 910 326 935 vada
350 909 477 944 procellis
498 908 612 943 eiectat,
635 907 763 942 pleraque
783 909 1009 943 asportandorum

216 963 373 982 excussere.

1063 910 1110 936 ἐπὶ
1123 909 1177 936 τῶν
1190 909 1338 945 πατρίδων.
1351 909 1433 941 αὐτὸς
1446 909 1468 936 δ’
1484 909 1600 945 ἀνήγετο
1614 909 1653 945 τῷ
1676 910 1773 943 στόλῳ.
1792 911 1856 937 Τῶν

1062 955 1091 982 δὲ
1107 955 1176 982 νεῶν
1186 955 1215 982 αἱ
1227 956 1262 982 τὰ
1273 956 1322 990 τῆς
1337 955 1443 988 πόλεως
1457 955 1568 991 λάςρυρα
1584 953 1664 992 ἦγονι
1685 957 1713 983 αἱ
1730 956 1779 991 μὲν
1801 965 1855 984 κα-

214 1000 346 1036 τάφορτοι
365 1001 512 1037 γενόμεναι
528 1002 626 1037 μικρὸν
639 1003 740 1030 ἄποθεν
767 1002 818 1037 τῆς
853 1000 905 1035 γῆς
927 999 1100 1036 διελύθησαν,
1124 1001 1153 1027 αι
1174 1000 1203 1027 δὲ
1229 1000 1383 1036 ἀπαρκτίου
1420 999 1586 1032 πνεύσαντος
1613 999 1818 1037 ἐξεϐράσθησαν
1833 1004 1857 1020 ⁷⁸

215 1049 254 1080 εἰς
273 1049 308 1075 τὰ
320 1049 423 1084 τενάγη
449 1050 498 1077 καὶ
523 1049 610 1077 πολλά
637 1050 692 1078 τῶν
721 1049 871 1085 ἀγωγίμων
896 1048 1074 1078 ἀπεσάλοντο,

264 1125 328 1154 Car.
344 1125 604 1155 LV.—Cleoclnm'r
630 1126 752 1162 Leonippi
768 1132 792 1154 et
810 1126 914 1154 Seleuci
941 1125 1058 1161 prtefcct.
1076 1125 1197 1152 Mithrid.
1213 1123 1319 1160 Sinopa:
1331 1123 1481 1156 diuidium.
1500 1123 1618 1158 tyrannis
1642 1127 1666 1150 et
1681 1122 1804 1157 perﬁdia.

253 1192 322 1220 Tum
339 1193 506 1229 Lconippus,
521 1194 564 1222 cui
576 1202 638 1221 cum
654 1194 795 1222 Cleochari
812 1194 929 1229 Sinopes
941 1200 1005 1220 cura

217 1245 244 1266 ct
255 1241 350 1267 tntatio
363 1241 550 1268 commendata
563 1240 652 1267 fuerat
665 1249 678 1268 a
690 1241 856 1273 Mithridate,
871 1248 900 1267 re
914 1240 1011 1275 despe-

219 1291 287 1318 rata,
300 1286 333 1313 de
348 1286 501 1319 proditione
514 1288 547 1312 ad
561 1285 703 1313 Lucullqu
719 1286 813 1312 mittit.
831 1286 865 1312 At
877 1285 1009 1312 Cleocha-

217 1339 260 1358 ies
285 1339 346 1358 crint
367 1331 481 1358 Seleuco
498 1332 580 1366 (nam
603 1337 631 1359 et
653 1333 696 1358 hic
715 1331 880 1358 Mithridatis
895 1331 979 1366 238
993 1338 1009 1357 a

215 1381 274 1403 crat
285 1377 398 1411 lcgatus,
411 1377 492 1404 oilicii
504 1378 669 1404 attctoritate
682 1385 743 1404 cum
757 1377 862 1404 caeteris
875 1376 1008 1411 mquatus)

217 1421 346 1455 Lcunippi
364 1422 545 1456 proditionem
568 1423 693 1455 odorati,
716 1422 847 1449 advocata
867 1422 1007 1454 concione,

217 1468 353 1495 hominem
371 1473 501 1495 :ICCIISZIIll
514 1477 520 1496 :
533 1469 607 1496 cives
620 1476 683 1496 vero
692 1469 814 1496 criminis
831 1469 911 1502 hujus
922 1468 1009 1495 actio-

217 1521 276 1539 netn
290 1521 341 1539 non
355 1513 510 1545 admittunt,
521 1515 592 1548 quod
607 1515 718 1549 prohtnn
730 1522 791 1542 esse
802 1514 1008 1541 existimabant.

216 1559 278 1585 Ideo
292 1559 451 1586 Cleocharis
468 1559 567 1591 factio.
593 1561 708 1595 gratiam
730 1560 790 1595 cjus
811 1561 881 1595 apud
904 1560 1007 1595 plebem

216 1609 359 1636 nteltteus,
389 1611 469 1632 noctu
495 1613 529 1632 ex
557 1605 663 1633 insidiis
694 1606 832 1634 hominem
861 1599 1044 1634 trucitlant.c

215 1649 333 1685 Populus
349 1651 458 1685 quidem
476 1652 546 1678 hunc
564 1659 656 1678 casum
673 1659 744 1687 aegre
761 1651 843 1684 ferre.
857 1653 905 1680 sed
924 1653 1009 1680 Cleo-

216 1697 312 1723 rhares
328 1703 390 1723 cum
406 1697 462 1724 suis
477 1705 566 1724 rerum
586 1698 678 1732 potiri,
693 1703 721 1724 et
745 1699 884 1734 Iyrannice
901 1706 944 1726 res
961 1699 1009 1726 ad-

216 1742 372 1769 ministrare
387 1751 393 1769 :
412 1743 460 1770 hac
477 1744 520 1770 via
533 1744 673 1778 parricidii
690 1745 716 1771 in
732 1744 898 1779 Leonippnm
915 1753 1010 1779 pmuas

214 1787 449 1823 subterfugituros
462 1796 491 1816 se
501 1790 699 1818 existimantes.
713 1790 821 1817 Interim
833 1790 1008 1823 Censorinus,

215 1833 344 1861 Romana:
364 1834 458 1862 classis
481 1840 597 1870 praetor.
619 1836 745 1863 triremes
765 1844 848 1872 agens
868 1844 902 1864 xv
931 1844 1008 1864 com-

216 1884 334 1906 meatum
353 1887 366 1906 a
389 1879 529 1915 Bosphoro
549 1881 734 1908 Romanorum
751 1882 849 1910 castris
869 1882 1007 1909 advehen-

216 1928 266 1955 tes,
283 1931 367 1958 prope
380 1924 499 1959 Sinopen
513 1926 635 1960 appellit.
647 1926 747 1953 Contra
760 1934 840 1960 quem
852 1927 1007 1954 Cleocbaris

213 1975 241 1997 et
253 1970 359 1997 Seleuci
373 1971 499 1999 triremes
509 1972 655 2006 Sinupicm,
665 1973 745 2000 ductu
759 1973 866 2001 Seleuci
878 1981 1005 2009 egressa,

215 2016 301 2042 navali
317 2017 409 2051 praclio
427 2018 588 2051 decernunt,
602 2023 630 2045 et
644 2019 723 2046 victis
739 2019 824 2053 Italis,
843 2027 925 2047 naves
941 2027 1008 2048 oue—

215 2063 302 2089 rarias
317 2063 343 2089 in
360 2070 438 2090 suum
451 2064 534 2090 duces
548 2063 651 2091 lucrum
667 2065 804 2092 auferunt.
819 2065 911 2092 Elatus
925 2066 1007 2100 igitur

214 2108 265 2135 hac
287 2108 404 2135 fortunze
427 2108 595 2143 benignitate
618 2108 782 2137 Cleochares
805 2118 867 2137 cum
891 2111 1005 2145 collega,

213 2155 355 2190 plusquam
375 2160 453 2182 antea
477 2155 617 2190 tyrannico
644 2156 738 2182 urbem
765 2157 878 2191 imperio
896 2157 1004 2191 premit.

211 2199 278 2227 Nam
288 2201 380 2228 causis
392 2201 511 2236 legitimo
520 2201 622 2235 judicio
634 2210 686 2229 non
700 2202 870 2236 disceptatis,
881 2204 914 2229 ad
926 2210 1006 2230 neces

212 2248 362 2281 oppidanos
377 2248 495 2282 rapiunt,
510 2252 536 2275 et
553 2247 584 2274 ad
604 2248 687 2275 multa
708 2249 760 2276 alia
776 2249 938 2276 crudelitate
956 2257 1004 2277 sua

212 2293 369 2319 abutuntur.
383 2293 490 2320 Accidit
504 2297 592 2321 autem
608 2299 637 2320 ut
653 2294 678 2320 in
693 2295 832 2321 contraria
846 2296 1004 2322 scinderet:-

212 2339 261 2364 tur'
271 2339 358 2367 studia
373 2337 536 2366 Cleochares
560 2343 587 2366 et
605 2339 745 2367 Seleucus.
767 2340 813 2367 llle
829 2341 901 2368 enim
919 2341 1004 2375 persi-

211 2385 335 2412 stendum
353 2385 378 2411 in
400 2386 488 2417 bello,
510 2385 552 2412 hic
567 2386 709 2413 trucidatis
730 2385 926 2421 Sinopensibus
943 2388 1004 2414 uni-

212 2431 307 2464 versis,
326 2431 419 2457 urbem
440 2431 581 2462 Romanis,
604 2432 756 2467 maguilica:
777 2434 1004 2460 remunerationis

212 2483 300 2511 pacto.
316 2477 471 2503 tradciulam
486 2478 625 2505 censebat.
637 2478 719 2511 Atqui
744 2483 839 2505 neutra
854 2479 1000 2506 sententia-

213 2530 271 2549 rum
288 2523 480 2556 con-probata,
503 2523 631 2557 quidquid
669 2524 865 2557 possidebant,
889 2525 1002 2551 navibus

211 2569 344 2595 onerariis
355 2569 487 2603 ingestum
502 2578 508 2595 :
522 2570 553 2595 ad
569 2569 712 2597 Machareu
727 2570 812 2597 ﬁlium
825 2570 1001 2604 Mithridatis,

212 2620 267 2642 tum
283 2617 412 2650 temporis
430 2615 455 2642 in
471 2614 601 2642 Colchide
619 2622 756 2651 agentem,
773 2616 922 2644 dimittunt.

1095 1192 1153 1228 ['59l
1169 1191 1215 1228 IL]
1244 1191 1398 1223 Λεόνιππος
1428 1191 1456 1218 δὲ
1475 1191 1490 1217 ὀ
1520 1191 1569 1217 σὺν
1599 1190 1749 1226 Κλεοχάρει
1775 1190 1855 1223 παρά

1058 1239 1227 1272 Μιθριδάτου
1245 1239 1294 1274 τὴν
1320 1237 1447 1274 Σινώπην
1475 1236 1652 1273 ἐπιτραπεὶς,
1679 1237 1854 1271 ἀπεγνωκὼς

1058 1285 1113 1310 τῶν
1128 1285 1314 1320 πραγμάτων,
1332 1284 1438 1319 πέμπει
1453 1284 1517 1318 περὶ
1535 1283 1682 1319 προδοσίας
1699 1283 1768 1319 πρὸς
1781 1283 1839 1311 Δεύ
1849 1301 1857 1305 -

1059 1332 1164 1359 κολλον.
1185 1332 1214 1358 '0
1229 1332 1257 1358 δὲ
1288 1332 1450 1367 Κλεοχάρης
1476 1331 1535 1366 ἅμα
1553 1330 1677 1365 Σελεύκῳ
1706 1330 1764 1364 (καὶ
1791 1332 1848 1366 γὰρ

1062 1374 1140 1409 οὗτος
1153 1377 1208 1403 τῶν
1233 1377 1402 1413 Μιθριδάτου
1435 1376 1589 1411 στρατηγὸς
1615 1377 1769 1408 ἰσοστάσιος
1796 1377 1854 1404 τῶν

1064 1423 1219 1459 εἰρημένων
1228 1421 1274 1457 ἦν)
1290 1423 1339 1458 τὴν
1361 1424 1515 1450 Λεονίππου
1541 1423 1673 1458 μαθόντες
1693 1423 1852 1458 προδοσίαν,

1062 1468 1210 1503 ἐκκλησίαν
1226 1468 1404 1502 ἀθροίσαντες
1418 1468 1589 1504 κατηγόρουν
1601 1467 1694 1495 αὑτοῦ.
1710 1469 1742 1495 Οἱ
1766 1468 1796 1495 δὲ
1820 1469 1853 1495 οὺ

1062 1514 1207 1550 προσίεντο
1217 1523 1224 1530 ·
1241 1513 1330 1542 ἐδόκει
1344 1515 1398 1550 γὰρ
1409 1515 1501 1546 αὐτοῖς
1512 1512 1581 1541 εἶναι
1603 1515 1731 1550 χρηστός.
1749 1515 1802 1542 Καὶ
1825 1516 1854 1542 οἱ

1061 1563 1126 1597 περὶ⁵
1139 1561 1298 1597 Κλεοχάρην
1311 1561 1448 1593 δείσαντες
1466 1561 1515 1587 τοῦ
1530 1560 1649 1597 πλήθους
1672 1561 1722 1590 τὴν
1742 1561 1854 1589 εὔνοιαν

1061 1608 1090 1642 ἐξ
1106 1608 1216 1643 ἐνέδρας
1230 1607 1328 1640 νυκτὸς
1338 1608 1541 1643 ἁποσεράττουσι
1556 1608 1603 1634 τὸν
1613 1608 1708 1644 ἄνδρα.
1724 1609 1790 1645 [752
1803 1609 1853 1646 IL]

1062 1655 1118 1681 Kal.
1131 1654 1161 1681 τὸ
1180 1655 1228 1690 μὲν
1243 1654 1391 1689 δημοτικὸν
1407 1654 1506 1690 ήχθετο
1522 1653 1561 1689 τῷ
1588 1653 1680 1685 πάθει,
1692 1654 1717 1680 oi
1741 1654 1770 1681 δὲ
1786 1655 1855 1690 περὶ

1060 1700 1220 1737 Κλεοχάρην
1251 1701 1306 1727 τῶν
1331 1701 1504 1736 πραγμάτων
1541 1700 1632 1736 κύριοι
1662 1700 1855 1732 καταστάντες

1061 1747 1232 1782 τυραννικῶς
1242 1745 1338 1782 ἦρχον,
1349 1746 1435 1781 ταύτῃ
1458 1746 1615 1782 νομίζοντες
1631 1746 1773 1780 διαφυγεῖν
1801 1747 1855 1782 τῆς

1060 1795 1106 1820 ἐπὶ
1135 1794 1282 1829 Λεονίππῳ
1308 1793 1466 1829 μιαιφονίας
1489 1792 1539 1828 τὴν
1568 1792 1657 1827 δίκην.
1699 1792 1743 1818 Ἑν
1763 1792 1854 1826 τούτῳ

1058 1841 1232 1875 Κηνσωρῖνος
1246 1839 1384 1875 ναύαρχος
1404 1837 1563 1873 Ῥωμαίων,
1591 1837 1717 1872 τριήρεις
1730 1837 1807 1871 ἄγων
1820 1836 1854 1864 ιε’

1063 1887 1137 1912 σῖτον
1159 1886 1214 1912 ἀπὺ
1240 1885 1380 1920 Βοσπόρου
1399 1884 1438 1919 τῷ
1449 1884 1472 1900 "
1507 1883 1652 1918 Ῥωμαίων
1682 1882 1854 1917 κομιζούσας

1059 1932 1256 1968 στρατοπέδῳ,
1279 1931 1392 1967 πλησίον
1421 1929 1546 1964 Σινώπης
1576 1928 1681 1963 κατῆγε
1690 1929 1714 1944 ⁸⁵
1728 1936 1734 1943 ·
1752 1930 1800 1956 καὶ
1823 1931 1850 1956 οἱ

1059 1977 1125 2014 περὶ
1144 1977 1304 2012 Κλεοχάρην
1321 1977 1370 2003 καὶ
1383 1975 1514 2002 Σέλευκον
1528 1973 1741 2009 ἁνταναχθέντες
1760 1975 1850 2001 Σινω-

1058 2023 1155 2054 πικαῖς
1170 2023 1321 2057 τριήρεσιν,
1336 2020 1491 2057 ἡγουμένου
1507 2019 1653 2050 Σελεύκου,
1668 2019 1851 2046 καθίστανται

1058 2070 1098 2100 εἰς
1109 2069 1274 2104 ναυμαχίαν,
1296 2067 1344 2094 καὶ
1369 2067 1466 2094 νικῶσι
1479 2067 1542 2098 τοὺς
1576 2065 1708 2098 Ἰταλοὺς,
1728 2066 1776 2092 καὶ
1798 2067 1851 2097 τὰς

1058 2115 1211 2151 φορτηγοὺς
1226 2114 1273 2141 ἐπὶ
1288 2114 1328 2150 τῷ
1344 2113 1419 2148 σφῶν
1430 2112 1611 2149 ἀφαιροῦνται
1623 2112 1726 2148 κέρδει,
1743 2112 1850 2147 Ἐ-ιτήρ⁹

1058 2162 1144 2196 θησαν
1158 2161 1205 2188 οὖν
1222 2162 1246 2188 oi
1263 2161 1326 2196 περὶ
1343 2161 1503 2196 Κλεοχάρην
1516 2159 1556 2195 τῷ
1568 2158 1772 2194 κατορθώματι,
1800 2160 1851 2185 καὶ

1057 2207 1292 2243 τυραννικώτερον
1306 2206 1346 2232 ἔτι
1372 2206 1422 2241 τῆς
1438 2206 1544 2238 πόλεως
1574 2203 1670 2240 ἦρχον,
1691 2205 1787 2238 φόνους
1815 2213 1850 2231 τε

1057 2253 1188 2289 ἀκρίτους
1201 2254 1255 2280 τῶν
1275 2252 1393 2280 πολιτῶν
1413 2252 1556 2282 ποιοῦντες
1584 2251 1632 2278 καὶ
1657 2250 1690 2277 τὰ
1727 2250 1796 2278 ἀλλα
1811 2252 1847 2286 τῇ

1056 2299 1179 2334 ὠμότητι
1194 2299 1398 2336 ἀποχρώμενοι.
1422 2298 1548 2332 Ἐγένετο
1555 2297 1583 2324 δὲ
1597 2297 1644 2324 καὶ
1667 2297 1762 2328 στάσις
1777 2297 1848 2331 πρὸς

1057 2344 1189 2380 ἀλλήλους
1214 2345 1358 2380 Κλεοχάρῃ
1385 2344 1432 2370 καὶ
1462 2343 1585 2377 Σελεύκῳ
1601 2351 1608 2358 ·
1633 2342 1672 2378 τῷ
1710 2342 1762 2378 μὲν
1791 2342 1848 2378 γὰρ

1056 2390 1157 2426 ἤρεσκε
1172 2390 1362 2426 διακαρτερεῖν
1377 2389 1415 2425 τῷ
1435 2389 1556 2424 πολέμῳ,
1575 2388 1699 2424 Σελεύκῳ
1724 2389 1754 2415 δὲ
1775 2389 1848 2416 πάν-

1056 2442 1106 2466 τας
1120 2435 1251 2467 Σινωπεῖς
1266 2436 1390 2471 ἀναιρεῖν
1409 2437 1456 2462 καὶ
1476 2435 1626 2470 Ῥωμαίοις
1651 2435 1698 2461 ἐπὶ
1725 2435 1847 2470 δωρεαῖς

1056 2481 1406 2517 μεγάλαιςπαρασχεῖντὴν
1437 2481 1525 2508 πόλιν.
1552 2481 1624 2516 Πλὴν
1648 2481 1762 2516 οὐδεμία
1788 2482 1845 2508 τῶν

1053 2527 1170 2561 γνωμῶν
1191 2527 1281 2562 κρίσιν
1306 2527 1379 2563 ἔσχε,
1405 2527 1440 2554 τὰ
1468 2527 1497 2554 δὲ
1524 2526 1682 2562 ὑπάρχοντα
1705 2526 1845 2561 λαθραίω;

1053 2573 1133 2599 ναυσὶ
1151 2574 1331 2610 στρογγύλαις
1343 2574 1483 2609 ἐνθέμενοι
1505 2574 1573 2609 πρὸς
1587 2573 1721 2608 Μαχάρην
1731 2573 1778 2600 τὸν
1792 2574 1845 2600 Mt-

1053 2617 1180 2652 θριδατου
1197 2619 1265 2650 υὲδν,
1277 2620 1307 2651 ὃς
1321 2620 1382 2646 κατ’
1398 2621 1489 2647 ἐκεῖνο
1506 2618 1604 2654 καιροῦ
1620 2619 1686 2646 περὶ
1709 2619 1760 2654 τὴν
1776 2619 1843 2646 Κολ-
1883 2647 1893 2653 _

1054 2664 1116 2698 χίδα
1126 2662 1172 2697 ἦν,
1187 2665 1350 2697 ἐξέπεμπον»

870 2762 987 2792 VARle
1008 2764 1210 2794 LECTIONES.

246 2822 268 2838 ’¹⁴
286 2822 466 2856 κατατχέσετι
482 2831 511 2854 ς.
550 2823 571 2839 ⁷⁷
591 2821 652 2849 καθ’
666 2822 686 2848 Δ
709 2830 715 2849 :
737 2822 782 2849 καὶ
807 2822 867 2849 καθ’
885 2831 916 2855 ς.
953 2822 976 2839 ⁷⁸
989 2824 1186 2861 ὲξεϐιάσοησαν
1201 2835 1231 2858 ς.
1275 2827 1298 2844 ⁷⁸
1311 2826 1348 2862 τῷ
1361 2827 1380 2854 Λ
1394 2836 1400 2854 :
1416 2827 1470 2855 τῶν
1485 2837 1515 2861 ς.

1571 2828 1593 2845 ὀ
1610 2828 1711 2864 κατῆρε
1723 2835 1796 2857 corr.
1808 2830 1842 2856 Δ.
