1920 3090
217 113 269 145 935

797 114 929 145 ΡΠΟΤΙΙ
942 114 1192 144 ΡΛἸἪΙΛΒΟΗΕ
1207 115 1263 145 CP.

1798 115 1854 147 936

444 169 509 197 CAP.
540 168 610 197 LIX.
627 167 904 196 ~Lucullivictorire
914 170 946 196 de
961 169 1074 204 Tigrane
1094 170 1128 195 ad
1151 171 1354 203 Tigranocerta;
1382 176 1407 196 ιι
1429 169 1502 196 urbis
1527 169 1637 198 deditio.

257 217 307 244 llic
322 216 410 244 80000
426 217 573 243 comractis
586 236 594 249 ,
611 219 640 242 ut
657 215 852 249 Tigranocerta
871 216 904 243 ab
919 223 1014 250 urgen-

1103 215 1222 250 Δύναμιν
1238 214 1269 241 δὲ
1286 213 1361 248 οὗτος
1375 215 1506 250 ἀθροίσας
1527 215 1601 242 ὀκτὼ
1628 216 1762 252 μυριάδας
1787 226 1855 244 κατ-

220 264 293 290 tibus
313 263 393 289 malis
410 262 518 296 eripiat.
534 261 728 296 propulsetQue
741 261 843 294 hostes,
859 261 1009 288 descendit.

219 309 372 336 Confestim
387 315 452 334 vero
468 312 496 334 ut
512 308 697 334 Romanorum
713 307 862 334 exilitatem
874 308 942 334 vidit
967 314 1012 334 ca-

220 360 350 384 strorum.
375 353 493 387 superba
526 359 574 387 per
600 357 783 386 contemptum
810 353 844 379 de
869 353 901 379 iis
928 353 1011 380 \‘el‘lltl

219 400 283 434 j.u-it
297 408 303 427 :
319 398 348 426 Si
365 399 442 434 legati
454 403 514 426 sunt
531 397 651 433 (inquit)
667 397 744 424 multi
764 398 843 425 simul
865 403 987 424 venerunt
1001 405 1011 425 :

219 446 260 472 ain
277 445 372 475 Iwues,
390 445 524 479 perpauci.
552 444 658 477 Quibus
677 444 774 475 dictis,
803 444 902 471 castris
923 444 1010 471 locum

219 493 322 526 deligit.
341 492 374 518 At
387 491 528 522 Lucullus,
543 490 676 526 singulari
692 497 750 517 arte
763 494 791 517 et
807 491 894 517 studio
910 490 1011 517 instru-

219 542 262 564 cta
277 537 346 569 acie,
363 537 475 570 suisque
488 536 585 562 liducia
599 543 647 570 per
660 536 877 563 cohortationem
899 537 1010 571 injecta,

220 583 343 610 dextrum
356 590 439 609 cornu
456 582 548 609 statim
570 581 597 609 in
613 582 704 616 fugam
727 582 803 618 agit:
820 590 882 609 mox
902 582 1014 610 inclina-

221 629 258 655 tio
273 629 301 655 (it
317 629 343 655 in
356 629 480 663 proximo
505 637 512 655 :
536 629 636 655 dehinc
669 633 744 662 terga
774 633 883 655 vertunt
907 636 1012 656 omnes.

220 675 355 702 Grandem
368 676 461 710 itaque
477 680 504 701 et
524 675 691 709 prareipitcm
707 675 828 702 Armenii
861 674 952 709 fugam
968 682 1014 702 ca-

222 725 343 755 pessunt,
358 728 385 748 et
401 729 450 755 pro
477 721 615 748 hominum
640 728 753 748 numero
770 721 857 749 caules
879 721 1012 756 sequitur.

222 767 354 801 Tigranes
385 768 483 802 igitur,
527 767 680 795 diademate
706 772 733 795 et
759 768 833 802 regni
863 767 1015 802 insignibus

222 814 320 849 239a
344 813 397 840 lilio
412 813 555 848 impositis,
577 813 610 840 ad
624 814 763 841 castellum
775 813 908 849 quoddam
925 813 1014 849 fugam

222 860 327 894 arripit.
349 859 477 887 Lucullus
496 867 561 887 vero
578 861 802 896 Tigranocertam
833 868 927 888 versus
953 869 1011 887 mo-

1065 259 1168 293 έϐαινε,
1185 262 1235 296 τήν
1253 269 1283 287 τε
1299 261 1520 296 Τιγρανοκέρταν
1533 261 1742 296 ἐξαιρησόμενος
1753 262 1776 277 ⁸³
1796 262 1853 288 τῶν

1064 306 1230 341 συνεχόντων
1241 307 1287 333 καὶ
1300 307 1487 342 ἀμυνούμενος
1498 307 1562 338 τοὺς
1572 307 1727 341 πολεμίους.
1741 307 1854 340 Φθάσας

1062 351 1090 376 δὲ
1104 353 1149 376 καὶ
1168 350 1229 377 ἰδὼν
1243 351 1272 377 τὸ
1296 350 1437 386 Ῥωμαίων
1456 351 1545 386 ὀλίγον
1566 352 1745 387 στρατόπεδον
1764 353 1853 388 ὑπερ-

1062 397 1191 428 οπτικοὺς
1218 396 1293 431 ἠφίει
1321 397 1431 431 λόγους,
1453 397 1490 429 ὡς
1512 399 1547 424 Ei
1577 398 1636 433 μὲν
1669 399 1852 432 πρεσϐευταὶ

1062 442 1194 476 παιεῖεν,
1210 443 1329 476 πολλοὶ,
1347 444 1478 478 φάμενος,
1492 444 1650 478 συνῆλθον
1661 465 1669 476 ,
1691 445 1718 471 sl
1738 444 1773 471 δὲ
1798 453 1853 472 ποι

1063 489 1171 524 λέγωσι,
1192 489 1348 523 παντελῶς
1359 490 1466 524 ὀλίγοι.
1481 491 1538 518 Καὶ
1549 491 1636 517 ταῦτα
1649 491 1734 518 εἰπὼν
1752 492 1853 527 ἐστρα-

1063 535 1234 563 τοπεδεύετο.
1250 536 1402 568 Λεύκολλος
1415 537 1445 563 δὲ
1472 537 1555 573 τέχνῃ
1583 538 1630 564 καὶ
1655 538 1754 573 μελέτῃ
1783 538 1853 573 πρὸς

1063 581 1111 616 τὴν
1128 582 1219 617 μάχην
1240 583 1477 618 παραταξάμενος,
1492 583 1539 610 καὶ
1561 583 1698 620 θαρρύνας
1717 585 1783 616 τοὺς
1804 585 1852 612 ὑπ’

1063 628 1155 659 αὑτὸν,
1173 628 1269 662 τρέπει
1280 637 1309 655 τε
1323 629 1351 655 τὸ
1365 629 1451 662 δεξιὸν
1474 629 1555 661 εὐθὺς
1575 630 1669 664 κέρας,
1686 628 1747 657 εἶτα
1762 630 1852 665 τούτῳ

1065 673 1285 700 συναπέκλινετὸ
1299 674 1424 709 πλησίον,
1447 674 1510 709 ἑξῆς
1537 675 1565 701 δὲ
1594 674 1763 709 σύμπαντες.
1796 676 1852 702 Καὶ

1062 718 1136 753 δεινή
1153 725 1196 750 τις
1210 717 1257 744 καὶ
1276 718 1454 754 ἀνεπίσχετος
1477 720 1535 750 τοϊς
1571 718 1722 753 ’Λρμενίοις
1748 720 1851 753 ἐπέσχε

1063 764 1164 799 τροπὴ,
1193 765 1241 791 καὶ
1264 765 1335 792 κατά
1353 764 1433 799 λόγον
1455 765 1472 800 ἡ
1498 764 1554 791 τῶν
1579 764 1733 800 ἀνθρώπων
1757 765 1852 791 εἵπετο

1065 809 1163 845 φθορά.
1177 810 1316 845 Τιγράνης
1330 809 1357 836 δὲ
1372 811 1403 836 τὸ
1429 810 1548 845 διάδημα
1563 810 1611 837 καὶ
1640 810 1673 838 τὰ
1693 810 1851 844 παράσημα

1065 856 1114 891 τῆς
1128 857 1215 891 ἀρχῆς
1227 856 1331 887 ἐπιθεὶς
1346 855 1385 890 τῷ
1400 856 1476 882 παιδὶ
1492 856 1560 891 πρός
1576 865 1602 882 τι
1625 855 1679 882 τῶν
1704 856 1852 892 ἐρυμάτων

223 910 276 935 Ius,
291 904 393 939 majore
404 909 502 931 conatu
528 905 554 932 in
580 906 750 933 obsidionem
769 906 909 933 incumbit.
946 905 1013 933 Tum

1067 901 1215 936 διαυῖύγει.
1237 902 1266 928 ὐ
1289 901 1318 928 δὲ
1334 901 1485 933 Λεύκολλος
1510 902 1556 928 ἐπὶ
1581 901 1615 928 τὰ
1641 901 1852 936 Τιγρανόκερτα

223 950 386 977 Mithridatis
402 950 428 976 in
446 951 512 977 urbe
528 952 617 986 legati.
634 952 773 986 desperata
788 959 878 979 rerum
893 959 1012 985 summa,

223 995 334 1022 Lucullo
347 1003 377 1023 se
389 995 526 1028 dedidere,
543 996 657 1024 salutem
678 997 760 1032 pacti.

1063 947 1237 983 ἀναστρέψας
1264 947 1471 984 προθυμότερον
1497 947 1661 982 ἐπολιόρκει.
1675 947 1706 973 Οἱ
1730 946 1759 972 δὲ
1781 947 1852 973 κατὰ

1062 995 1111 1030 τὴν
1133 994 1211 1021 πόλιν
1241 993 1407 1029 Μιθριδάτου
1436 994 1603 1029 στρατηγοὶ,
1625 993 1679 1020 τῶν
1700 993 1769 1019 ὅλων
1798 993 1853 1019 ὰπ-

1062 1041 1223 1074 εγνωκότες,
1233 1040 1279 1066 ἐπὶ
1290 1041 1324 1075 τῇ
1342 1039 1463 1076 σφετέρᾳ
1477 1039 1600 1075 σωτηρίᾳ
1623 1038 1765 1073 Λευκόλλῳ
1777 1047 1851 1073 παρ-

1062 1085 1156 1112 έδοσαν
1170 1085 1220 1121 τὴν
1237 1085 1324 1112 πόλιν.

471 1141 534 1170 Cn.
555 1141 612 1170 LX.
623 1157 659 1163 —
671 1141 792 1177 Tigrani:
810 1150 869 1169 cum
885 1141 1024 1170 Milliidate
1037 1149 1106 1176 acta,
1130 1148 1155 1170 et
1169 1143 1264 1178 legatio
1288 1143 1323 1170 ad
1350 1151 1433 1178 regem
1450 1142 1618 1170 Part/norunt.

258 1199 425 1226 Mithridates
447 1205 537 1226 autem
555 1199 589 1225 ad
605 1198 751 1234 Tigranem
778 1207 915 1230 reversus,
946 1199 1016 1226 ﬁdu-

223 1247 292 1273 riam
312 1247 335 1273 ei
367 1246 452 1277 addit,
478 1250 504 1272 et
524 1249 647 1272 ornatmn
679 1245 791 1280 regium,
822 1252 930 1273 assueto
962 1254 1016 1274 non

223 1293 355 1322 viliorem.
369 1292 533 1318 circumdat.
547 1291 691 1318 Exercitus
703 1292 785 1318 etiam
798 1292 940 1327 colligendi
954 1300 1016 1327 pro-

224 1337 299 1372 ponit
312 1337 453 1364 consilium
476 1337 546 1371 (cum
563 1341 589 1363 et
609 1337 666 1372 ipse
690 1345 800 1364 manum
817 1345 868 1364 non
891 1343 1014 1365 contem-

225 1383 339 1410 nendam
353 1382 484 1415 haberet),
498 1386 524 1409 ut
541 1382 660 1408 victoriae
675 1381 773 1408 damna
787 1382 856 1409 bello
872 1390 1013 1418 recupera-

226 1434 295 1455 tur».
318 1428 415 1455 Verum
429 1427 473 1454 hic
488 1427 550 1454 dum
564 1427 624 1462 plus
639 1427 748 1454 virtutis
764 1433 791 1455 et
805 1428 954 1463 prudentia:
969 1429 1006 1456 illi

227 1474 333 1506 tribuit,
349 1480 376 1501 et
390 1475 474 1508 magis
488 1473 670 1500 Romanorum
685 1473 762 1500 bellis
791 1473 917 1500 idouemn
940 1474 1014 1501 arhi-

228 1526 325 1554 tratur,
347 1520 437 1547 oinuia
467 1519 614 1546 Mithridati
646 1519 788 1554 permittit.
819 1519 876 1554 Ipse
906 1520 1014 1547 interim

228 1567 358 1601 legatione
367 1566 400 1593 ad
420 1566 581 1593 Phradatem
602 1565 732 1593 Parthum
746 1567 839 1599 missa,
861 1565 1014 1600 Mesopota-

1107 1201 1136 1227 Ὀ
1157 1201 1248 1236 μέντοι
1269 1201 1438 1237 Μιθριδάτης
1451 1201 1519 1236 πρὸς
1543 1200 1682 1236 Τιγράνην
1698 1208 1855 1236 παραγεγο-

1066 1246 1119 1278 νὼς
1144 1247 1316 1282 ἀνελάμϐανέ
1340 1255 1370 1273 τε
1392 1247 1484 1278 αὑτὸν,
1509 1246 1557 1273 καὶ
1582 1245 1724 1281 βασιλικὴν
1749 1246 1853 1280 ἐσθῆτα

1066 1293 1214 1328 περιετίθει
1228 1293 1278 1328 τῆς
1291 1293 1423 1328 συνήθους
1434 1293 1484 1320 οὐκ
1495 1292 1707 1327 ἑλαττονμένην⁹
1725 1292 1773 1318 καὶ
1789 1291 1854 1317 λαὸν

1065 1338 1202 1373 ἀθροίζειν
1218 1338 1420 1371 συνεϐούλευεν,
1436 1339 1506 1374 ἔχων
1517 1339 1564 1365 καὶ
1580 1338 1661 1369 αὐτὸς
1675 1337 1793 1372 δύναμιν
1805 1338 1855 1363 οὐκ

1064 1385 1170 1420 ὀλίγην,
1194 1385 1231 1416 ὡς
1246 1385 1326 1412 πάλιν
1348 1385 1576 1420 ἀναμαχούμενον
1596 1384 1646 1420 τὴν
1665 1383 1753 1418 νίκην.
1774 1381 1806 1410 Ὅ
1826 1383 1857 1409 δὲ

1064 1431 1154 1458 πάντα
1168 1429 1231 1466 [595
1247 1429 1294 1466 IL]
1314 1430 1352 1466 τῷ
1376 1430 1532 1466 Μιθριδάτῃ
1554 1430 1704 1465 ἐπέτρεπεν
1715 1429 1750 1460 ⁵⁷,
1774 1428 1804 1455 ἐν
1825 1437 1855 1454 τε

1064 1476 1103 1511 τῷ
1120 1477 1235 1512 γενναίῳ
1256 1478 1303 1503 καὶ
1325 1477 1428 1512 συνετῷ
1450 1476 1481 1503 τὸ
1503 1476 1584 1504 πλέον
1602 1476 1692 1511 νέμων
1714 1474 1790 1508 αὑτῷ
1808 1474 1856 1500 καὶ

1067 1523 1166 1558 μᾶλλον
1181 1524 1287 1558 ἀνέχειν
1301 1525 1341 1555 εἰς
1356 1524 1401 1550 τὸν
1427 1523 1496 1559 πρὸς
1517 1522 1669 1558 Ῥωμαίους
1680 1521 1800 1556 πόλεμον
1811 1521 1857 1547 δυ-

1065 1569 1191 1604 νάμενον.
1208 1569 1292 1601 Αὐτὸς
1313 1569 1342 1596 δὲ
1366 1569 1435 1604 πρὸς
1456 1569 1501 1596 τὸν
1522 1568 1630 1604 Πάρθον
1653 1567 1797 1603 Φραδάτην
1818 1567 1858 1593 δι-

228 1613 309 1639 iniam
324 1617 351 1639 et
366 1612 532 1644 Adiabenun,
559 1616 586 1639 et
611 1620 722 1647 magnas
745 1611 832 1647 (quas
858 1611 1013 1647 nominant)

1068 1615 1251 1651 επρεοϐεύετο
1273 1616 1449 1650 παραχωρεῖν
1474 1614 1549 1650 αὐτῷ
1568 1614 1617 1649 τὴν
1640 1613 1858 1648 Μεσοποταμίαν

228 1658 312 1684 valles
328 1658 424 1685 ditioni
447 1666 504 1685 sua:
520 1663 548 1685 ut
573 1658 713 1693 permittat
742 1659 873 1692 exposcit.
898 1657 1019 1692 Cumque

228 1706 308 1733 etiam
323 1704 426 1732 Luculli
440 1705 472 1731 ad
489 1704 616 1732 Parthum
634 1704 713 1738 legati
725 1704 873 1736 venissent,
889 1703 1020 1731 Rmnanis

229 1760 349 1779 seorsum
364 1751 480 1779 amictun
492 1756 519 1777 et
534 1751 636 1778 socium
661 1758 690 1778 se
707 1757 767 1777 esse
789 1750 875 1786 lingit,
896 1758 1018 1778 seorsum

228 1799 308 1825 etiam
322 1799 416 1826 eadem
430 1797 463 1824 ad
479 1797 642 1824 Armenium
658 1796 777 1824 simulat.

1067 1663 1115 1688 καὶ
1136 1661 1185 1696 τὴν
1216 1661 1376 1696 Ἀδιαϐηνὴν
1400 1661 1447 1688 καὶ
1471 1660 1535 1692 τοὺς
1564 1659 1698 1695 μεγάλους
1719 1658 1857 1689 αὐλῶνας.

1073 1706 1257 1742 Ἀφικομένων
1269 1707 1299 1733 δὲ
1315 1706 1381 1742 πρὸς
1400 1706 1447 1732 τὸν
1465 1706 1572 1741 Πάρθον
1587 1706 1634 1731 καὶ
1647 1704 1723 1740 παρὰ
1737 1704 1859 1731 Λευκόλ-

1067 1753 1115 1780 λου
1139 1753 1281 1787 πρέσϐεων
1302 1752 1359 1784 τοῖς
1381 1753 1429 1788 μὲν
1455 1752 1603 1787 Ῥωμαίοις
1621 1751 1674 1787 ἰδία
1698 1751 1775 1785 φίλος
1790 1748 1861 1777 εἶναι

1072 1799 1235 1834 ὑπεκρίνατο
1256 1799 1304 1825 καὶ
1327 1798 1471 1834 σύμμαχος
1483 1819 1490 1830 ,
1510 1799 1563 1834 ἰδίᾳ
1579 1798 1612 1832 se
1631 1797 1666 1825 τὰ
1682 1797 1753 1824 αὐτὰ
1772 1799 1821 1825 καὶ
1834 1796 1860 1813 ⁸⁸

1073 1845 1141 1881 πρὸς
1155 1845 1218 1876 τοὺς
1237 1844 1396 1880 ’Λρμενίους
1408 1843 1548 1870 διετίθετο.

448 1903 512 1931 CAP.
528 1904 594 1932 LXI.
609 1919 644 1924 —
662 1904 756 1931 Odium
774 1904 862 1932 Roan
879 1905 907 1931 in
919 1903 1033 1936 Cottam,
1047 1908 1070 1931 et
1090 1902 1170 1933 actio,
1181 1905 1321 1928 accusante
1337 1899 1523 1927 Tltrausirnede
1538 1898 1646 1927 Ileracl.

263 1960 367 1988 interea
381 1961 496 1988 Rotuam
523 1961 604 1988 Cotta
620 1957 757 1995 reversus,
777 1964 879 1991 honore
893 1971 909 1990 a
923 1968 1017 1991 senatu

230 2007 353 2038 allieitur.
368 2011 395 2033 et
417 2006 521 2034 Pontici
546 2013 735 2042 cognomento,
763 2010 834 2044 quod
860 2009 1018 2036 Heracleam

230 2054 356 2087 cepisset,
377 2053 543 2081 nobilitatur.
559 2055 593 2081 At
609 2055 652 2081 ubi
667 2055 777 2083 sinistra
794 2055 851 2090 ejus
867 2056 937 2083 fama
961 2055 1017 2082 Ro-

231 2099 451 2134 m:un,perveuit,
477 2099 503 2125 in
520 2099 628 2134 publico
654 2105 714 2127 erat
739 2101 811 2133 odio,
837 2102 1020 2136 invidiamque

232 2149 311 2170 tanue
325 2144 348 2170 ei
361 2151 426 2177 opes
441 2144 620 2178 adaugebant.
647 2145 731 2180 Cujus
757 2146 921 2174 declinanda:
937 2153 1018 2173 causa

232 2190 360 2222 pleraque
376 2188 404 2215 in
426 2188 552 2215 :erarium
580 2189 664 2222 spolia
683 2189 783 2222 retulit,
802 2190 906 2216 tametsi
933 2189 1019 2216 nihilo

233 2235 353 2262 mitiores
365 2235 391 2262 in
404 2242 433 2262 se
450 2234 587 2262 Romanos
609 2236 659 2263 hoc
673 2235 798 2269 elliceret,
812 2237 874 2263 dum
894 2244 909 2263 e
930 2236 1015 2270 pluri-

1109 1962 1139 1988 '0
1155 1961 1183 1987 δὲ
1198 1960 1231 1996 δὴ
1243 1959 1359 1992 Κόττας,
1373 1959 1412 1990 ὡς
1429 1960 1470 1991 εἰς
1482 1959 1531 1994 τὴν
1551 1958 1661 1994 Ῥώμην
1673 1958 1800 1993 ἀφίκετο,
1818 1967 1860 1985 τι-

1070 2007 1123 2042 μῆς
1139 2005 1215 2041 παρὰ
1233 2005 1284 2040 τῆς
1301 2005 1454 2040 συγκλήτου
1475 2004 1606 2039 ’τυγχάνει
1627 2004 1758 2035 Ποντικὸς
1779 2005 1862 2031 αὺτο-

1069 2054 1180 2090 κράτωρ
1201 2051 1343 2078 καλεῖσθαι
1354 2071 1362 2084 ,
1377 2051 1418 2077 ὃτι
1435 2050 1490 2077 ἕλοι
1505 2050 1555 2086 τὴν
1574 2050 1751 2085 Ἡράκλειαν.
1764 2051 1862 2076 Διαϐο-

1069 2101 1117 2136 λῆς
1137 2099 1166 2126 δὲ
1188 2099 1229 2130 εις
1248 2097 1297 2133 τὴν
1327 2097 1437 2133 Ῥώμην
1461 2097 1665 2132 ἀφικνουμένης
1688 2096 1725 2128 ὡς
1749 2097 1864 2123 οἰκείων

1069 2144 1174 2182 κερδῶν
1192 2144 1273 2171 ἕνεκα
1289 2143 1458 2179 τηλικαύτην
1479 2143 1556 2170 πόλιν
1573 2142 1763 2178 ὲξαφανίσειε,
1782 2143 1861 2178 μῖσός

1069 2200 1099 2218 τε
1123 2191 1253 2227 δημόσιον
1272 2189 1428 2224 ἐλάμϐανε,
1451 2189 1498 2216 καὶ
1517 2190 1531 2215 ὁ
1547 2188 1614 2224 περὶ
1630 2188 1712 2215 αὑτὸν
1731 2189 1862 2219 τοσοῦτος

1072 2237 1186 2268 πλοῦτος
1202 2236 1298 2270 φθόνον
1313 2235 1443 2262 ἀνεκίνει.
1470 2235 1515 2261 Διὸ
1537 2235 1584 2262 καὶ
1600 2234 1685 2261 πολλὰ
1701 2234 1757 2261 τῶν
1772 2234 1861 2268 lae-.3-

232 2281 284 2308 mis
294 2289 356 2307 eum
372 2288 458 2316 pauca
480 2281 580 2308 referre
591 2289 750 2316 persuasum
769 2281 908 2308 haberent.
928 2280 1014 2316 Capti-

1075 2291 1128 2318 ρων
1139 2283 1179 2313 εἰς
1189 2281 1220 2308 τὸ
1232 2281 1286 2308 τῶν
1303 2280 1446 2315 Ῥωμαίων
1459 2280 1613 2315 είσεκόμιζε
1625 2281 1751 2315 ταμιεῖον
1762 2280 1798 2313 ⁶⁹,
1814 2281 1862 2306 τὸν

231 2335 279 2354 vos
298 2328 378 2354 etiam
411 2327 550 2355 Heraclea:
586 2328 677 2355 statim
706 2328 879 2355 dimittendos
909 2327 1014 2354 decreto

1073 2329 1120 2354 ἐπὶ
1131 2327 1170 2362 τῷ
1180 2327 1288 2362 πλούτῳ
1299 2326 1395 2361 φθόνον
1405 2325 1556 2361 ἐκκρούων,
1569 2327 1594 2352 εὶ
1605 2326 1651 2352 καί
1665 2325 1747 2361 μηδὲν
1760 2326 1861 2357 αὐτοὺς

233 2373 339 2407 publico
353 2372 499 2400 sciverunt.
514 2373 713 2408 Thrasymedcs
729 2373 847 2407 insuper,
865 2372 1014 2400 lleraclien-

1073 2361 1240 2407 πραοτέρους
1256 2371 1458 2407 ἀπειργάζετο,
1480 2371 1534 2398 ἀπὸ
1548 2371 1653 2398 πολλῶν
1667 2371 1746 2405 ὀλίγα
1765 2372 1861 2406 νέμειν

234 2418 303 2444 sium
325 2425 404 2449 unus,
419 2425 466 2452 pro
483 2418 612 2445 concione
623 2418 729 2445 Cottam
742 2419 846 2452 publice
863 2422 1014 2450 accusat.et

1069 2418 1309 2453 ὑπολαμϐάνοντας
1320 2418 1354 2445 νο.
1377 2417 1562 2453 Ἐψηφίσαντο
1576 2417 1605 2445 δὲ
1621 2417 1721 2444 αὐτίκα
1736 2419 1784 2444 καὶ
1797 2419 1861 2449 τοὺς

235 2462 353 2489 civitatis
368 2469 424 2489 sua:
440 2469 504 2497 erga
518 2462 654 2490 Itmnan‘as
666 2462 879 2489 benevolentiam
902 2470 1014 2489 comme-

1069 2463 1258 2499 αἰχμαλώτους
1270 2464 1320 2498 τῆς
1338 2463 1503 2498 Ἡρακλείας
1524 2463 1665 2497 ἀφίεσθαι.
1677 2463 1862 2498 Θρασυμήδης

238 2513 325 2534 morat
341 2517 348 2535 :
365 2514 404 2540 et,
419 2508 442 2535 si
455 2509 518 2543 quid
533 2510 567 2535 ab
581 2509 633 2536 hac
652 2509 816 2540 remiseriut.
837 2516 889 2535 non
904 2508 1014 2535 civitati:

1069 2509 1098 2536 δὲ
1109 2509 1163 2535 τῶν
1175 2508 1206 2541 ἐξ
1221 2508 1386 2544 Ἡρακλείας
1397 2508 1438 2540 εἷς
1450 2509 1640 2544 κατηγόρησεν
1655 2510 1698 2535 ἐπ’
1711 2509 1862 2544 ἐκκλησίας

234 2552 388 2587 voluntate,
402 2555 448 2582 sed
471 2555 675 2588 magistratuum
694 2554 788 2581 fraude
802 2558 829 2580 et
853 2553 1014 2580 adversario-

1071 2555 1117 2581 τοῦ
1132 2555 1221 2582 Κόττα
1233 2574 1243 2588 ,
1257 2556 1306 2586 τάς
1320 2564 1351 2582 τε
1372 2555 1422 2590 τῆς
1446 2556 1550 2587 πόλεως
1572 2555 1769 2590 εἰσηγούμενος
1793 2555 1862 2590 1:915;

236 2607 295 2626 rum
310 2600 334 2626 vi
364 2599 463 2626 factum
481 2608 552 2628 esse.
570 2599 715 2627 Miserabili
741 2600 821 2626 etiam
852 2599 962 2634 querela
987 2598 1014 2626 oi

1081 2600 1233 2636 Ῥωμαίους
1247 2600 1363 2634 εὐνοίας,
1385 2601 1509 2638 [756Β.]
1524 2602 1571 2629 καὶ
1587 2601 1614 2628 εί
1627 2610 1653 2628 τι
1668 2601 1772 2636 ταύτης
1789 2601 1863 2627 ἅτ’-θα

236 2645 328 2673 oculos
358 2648 433 2681 ponit
465 2647 540 2674 urbis
570 2646 823 2677 inﬂammationem,
851 2651 968 2680 quotqtte
995 2651 1014 2671 et

1074 2646 1200 2680 κλίνοιεν,
1215 2647 1276 2682 οὐχὶ
1290 2647 1388 2684 γνώμῃ
1397 2648 1448 2683 τῆς
1460 2648 1563 2680 πόλεως
1578 2648 1656 2675 τοῦτο
1671 2648 1748 2684 δρᾷν,
1772 2647 1831 2674 ἀλλ’
1843 2647 1861 2682 ﬁ

236 2696 335 2726 quanta
353 2693 506 2720 incendium
529 2693 668 2724 evastaril,
683 2697 766 2727 utque
780 2691 923 2718 simulacra
941 2691 1014 2717 Cotta

1074 2701 1146 2724 τινος
1153 2693 1208 2719 τῶν
1218 2693 1407 2728 ἐφεστηκότων
1414 2695 1469 2726 τοῖς
1479 2694 1637 2730 πράγμασιν
1648 2694 1772 2729 ἐξαπάτῃ
1787 2693 1804 2728 ἢ
1815 2693 1862 2720 καὶ

870 2746 987 2773 VARUS
1003 2745 1201 2777 LECTIONES.

275 2793 298 2809 ⁸⁸
311 2793 545 2831 »ἐξαιρησόμενος
560 2808 593 2831 Τ
606 2792 798 2831 ἀμυνούμενοςΔ
827 2800 898 2831 corr.
916 2793 936 2818 Λ
962 2800 968 2818 :
987 2792 1203 2830 ὲξαιρησάμενος
1220 2810 1252 2816 -
1267 2795 1437 2831 ἀμυνόμενος
1461 2803 1491 2828 ς,

1546 2796 1568 2813 ⁸⁷
1591 2795 1745 2832 ὑπέτρεπεν
1765 2803 1808 2832 pr.
1828 2794 1858 2822 Λ.

317 2814 545 2829 -..ατηεν-.-μ
607 2814 793 2828 ..ι--.ηραν
828 2814 898 2821 η...
916 2814 936 2818 .-
962 2814 968 2818 .
987 2814 1021 2824 -,.

237 2827 261 2844 ⁸⁸
275 2829 321 2856 καὶ
331 2837 385 2856 0111.
468 2828 491 2846 ⁸⁹
502 2829 613 2856 ταμεῖον
627 2837 657 2857 ς.
696 2829 718 2845 ’⁸
738 2827 975 2856 ὑπολαμϐάνοντες
990 2835 1021 2853 ς.
