1920 3090
55 128 108 160 937

593 133 857 165 BIBLIOTHECA.

876 147 911 154 -
928 135 1010 166 COD.
1029 134 1179 166 CCXXIV.
1644 136 1697 168 938

58 188 102 223 βίᾳ
119 186 176 213 τῶν
190 186 400 223 ἐπιτιθεμένων.
421 187 605 223 ’Δπῳκτίζετο
616 189 646 216 δέ
659 190 704 216 τόν
717 199 747 217 τε
759 190 782 206 ⁹¹
798 190 848 226 τῆς

906 190 1036 218 lestructa
1053 190 1171 224 praedam
1185 188 1237 217 sibi
1252 189 1357 223 fecerit,
1368 193 1396 217 et
1413 189 1485 218 aedes
1496 196 1590 219 sacras
1601 191 1694 219 dirue-

59 232 161 264 πόλεως
175 233 356 269 ἐμπρησμὸν.
372 234 420 260 καὶ
432 235 482 261 ὅσα
495 235 526 261 τὸ
543 234 598 270 πῦρ
615 236 753 270 ἀφανίσαι,
774 237 849 269 ὃπως

56 287 86 304 τε
97 278 132 305 τὰ
143 278 292 314 ἀγάλματα
304 280 413 312 Κόττας
427 280 544 316 καθῄρει
560 282 607 308 καὶ
622 281 698 309 λείαν
710 282 829 309 ἐποιεῖτο
841 302 849 313 .

57 325 118 356 τούς
133 333 165 352 τε
188 326 271 357 ναοὺς
285 326 411 354 κατέσπα
422 346 429 359 ,
445 327 493 354 καὶ
505 328 556 354 ὅσα
571 327 640 355 ἄλλα
653 328 688 355 δι’
710 328 852 364 ὠμότητος

57 370 144 397 ἐλθὼν
165 372 319 407 ὲπεπράγει
331 393 339 405 ,
354 373 401 399 τόν
421 381 451 399 τε
473 373 574 408 χρυσὸν
594 374 642 400 καὶ
663 374 708 400 τδν
732 374 852 409 ἄργυρον

56 418 105 452 τῆς
119 417 225 449 πόλεως
240 418 408 454 ἀναγράφων
421 419 619 455 ἀναρίθμητον,
645 419 693 447 καὶ
706 420 756 455 τὴν
768 419 852 455 ἄλλην

57 464 105 499 τῆς
116 464 284 500 Ἡρακλείας
291 465 325 500 ἢν
333 465 529 501 ἐσφετερίσατο
539 466 724 501 εὐδαιμονίαν.
734 465 853 493 Τοιαῦτα

56 510 103 536 τοῦ
124 509 326 545 Θρασυμήδους
343 511 403 545 μετ’
416 511 541 546 οἰμωγῆς
559 511 607 538 καὶ
621 512 747 545 δακρύων
761 511 851 547 διελη-

56 555 167 586 λυθότος
177 576 185 588 ,
202 556 250 582 καὶ
262 556 318 582 τῶν
331 557 474 592 ἡγεμόνων
486 557 706 584 ὲπικλασθέντων
716 557 756 592 τῷ
770 557 852 584 πάθει

56 603 119 636 (καὶ
134 603 191 637 γὰρ
212 603 337 638 παρῆλθε
353 605 401 629 καὶ
413 603 445 630 τὸ
463 603 519 630 τῶν
538 603 720 638 αἰχμαλώτων
731 604 834 639 πλῆθος
844 623 852 636 ,

55 647 152 683 ἄνδρες
165 648 233 683 ὁμοῦ
248 650 295 674 καὶ
305 650 436 682 γυναῖκες
448 649 519 682 μετὰ
529 650 644 681 τέκνων,
661 650 690 675 έν
704 649 851 684 πενθίμοις

55 695 187 731 ἐσθήσεσι
203 695 320 728 θαλλοὺς
347 696 468 728 ἱκεσίους
493 697 552 731 μετ’
566 696 728 732 ὀλοφυρμῶν
745 696 854 732 προτεί-

54 743 165 777 νοντες)
187 742 396 778 ἀντιπαρελθὼν
412 744 426 768 ὁ
443 743 550 774 Κόττας
572 743 676 778 βραχέα
698 745 731 778 τῇ
746 744 853 778 πατρίῳ

53 788 179 823 διελέχθη
196 789 219 805 ⁹¹
245 788 372 824 γλώττῃ,
400 786 460 815 εἶτα
482 789 628 825 ἐκαθέσθη.
653 790 708 815 Καὶ
734 789 854 824 Κάρϐων

53 834 186 867 ama-.3“,
205 834 315 869 Ἡμεῖς,
329 831 353 861 ὦ
367 834 473 867 Κόττα,
490 835 567 870 φησὶ,
585 837 677 862 πόλιν
691 835 773 862 ἑλεῖν
785 835 854 862 ἀλλ’

53 880 121 914 οὐχί
143 880 286 907 καθελεῖν
308 880 517 915 ἐπετρέψαμεν
535 881 569 896 ⁹³·
583 880 642 916 μετ’
664 881 746 908 αὐτὸν
762 881 790 908 δὲ
806 881 854 907 καὶ

53 926 129 952 ἄλλοι
151 926 255 961 ὁμοίως
277 916 385 953 Κότταν
409 927 567 962 ᾐτιάσαντο.
597 927 708 959 Πολλοῖς
734 926 784 962 μὲν
807 924 853 954 οὖν

53 972 129 1004 ἄξιος
140 973 156 999 6
178 972 288 1003 Κόττας
304 972 392 999 ἐδόκει
407 974 508 1008 φυγῆςθ
531 973 728 1009 μετριάσαντες
743 973 765 1000 δ’
778 973 854 1007 ὅμως

52 1017 267 1053 ἀπεψηφίσαντο
279 1018 330 1053 τὴν
343 1018 467 1054 πλατύση
472 1027 522 1052 μον
532 1019 628 1046 αὐτοῦ.
648 1018 855 1054 Ἡρακλεώταις

52 1064 80 1090 δὲ
92 1065 145 1099 τήν
162 1072 192 1090 τε
206 1063 299 1099 χώραν
315 1064 363 1091 καὶ
384 1064 433 1100 τὴν
445 1064 585 1091 θάλασσαν
600 1065 649 1091 καὶ
662 1065 726 1095 τοὺς
740 1064 854 1099 λιμένας

53 1110 294 1145 ἀποκατέστησαν,
306 1110 352 1137 καὶ
366 1109 469 1145 μηδένα
479 1109 618 1148 δουλεύειν
630 1110 721 1145 ψῆφον
735 1109 839 1136 ἔθεντο.

901 235 946 268 rit,
961 240 989 263 et
1008 240 1134 263 sexcenta
1150 235 1202 263 alia
1212 235 1425 264 crudelissimum
1448 237 1474 264 in
1498 236 1608 265 modum
1631 244 1696 272 per-

901 283 997 318 egerit.
1029 282 1070 309 Ad
1096 282 1155 310 haec
1186 282 1246 310 auri
1271 286 1299 309 et
1327 283 1431 318 argenti
1457 282 1595 311 inlinitum
1612 291 1696 319 prope

902 336 1056 363 numerum,
1076 333 1256 364 ceteramque
1274 329 1348 356 urbis
1372 329 1543 363 felicitatem,
1557 338 1638 365 quam
1665 332 1692 358 in

901 382 979 403 suum
995 376 1040 403 ille
1055 377 1226 404 commodtnn
1242 377 1390 411 averterit,
1416 377 1585 406 recensebat.
1614 377 1663 406 His
1677 386 1694 405 a

902 421 1096 457 Thrasymede,
1125 429 1187 450 cum
1211 421 1336 450 lamentis
1359 427 1386 450 et
1405 421 1480 457 ﬂetu,
1496 430 1694 452 commemora-

903 469 949 501 tis,
968 472 995 496 et
1013 468 1190 502 optimatibus
1210 467 1393 496 Romanorum
1419 469 1452 496 ad
1477 470 1694 498 commiseratio—

904 521 965 541 nem
981 521 1062 541 casus
1087 513 1159 541 illius
1179 513 1285 542 inﬂexis
1311 514 1478 550 (accesserat
1498 514 1596 550 2390
1620 516 1693 543 enim

905 558 1075 594 captivorum
1091 566 1199 594 quoque
1210 559 1363 592 multitudo,
1380 559 1431 586 viri
1447 563 1474 586 et
1487 565 1619 587 matronae
1630 567 1694 588 cum

904 604 1009 638 liberis,
1022 604 1181 640 lugubribus
1201 605 1368 632 vestimentis
1380 605 1483 638 amicti,
1497 609 1525 632 et
1537 606 1694 640 deprecato-

903 650 970 683 rios,
988 658 1048 678 Cum
1065 650 1176 685 eiulatu,
1196 658 1251 685 pne
1265 658 1293 677 se
1319 650 1459 678 tendentes
1489 651 1555 678 olea:
1570 658 1658 678 ramos
1669 651 1691 686 ),

905 703 1066 731 progressus
1094 700 1189 724 contra
1213 696 1241 725 iu
1273 697 1391 723 medium
1419 697 1508 730 Cotta,
1542 697 1586 724 ubi
1608 705 1694 732 pauca

905 742 995 777 lingua
1013 742 1100 776 patria
1127 742 1312 774 disseruisset,
1339 742 1440 769 resedit
1466 751 1472 769 :
1499 747 1526 770 et
1545 750 1695 778 exsurgens

905 786 1016 813 Carbo:
1033 786 1102 819 Nos,
1129 787 1228 821 inquit,
1254 786 1342 819 Cotta,
1367 788 1522 822 capiendam
1554 787 1611 821 tibi,
1642 795 1694 814 mm

906 833 1119 865 exscindendam,
1137 833 1227 860 urbem
1256 833 1471 861 demandavimus
1487 842 1496 862 :
1513 838 1539 861 et
1555 838 1616 868 post
1632 841 1695 861 cum

907 879 952 906 alii
965 878 1099 906 consimili
1113 879 1141 906 in
1156 878 1262 907 Cottam
1285 880 1477 907 criminatione
1499 884 1563 907 sunt
1582 879 1693 907 invecti.

907 924 997 951 Multis
1014 924 1095 960 igitur
1107 924 1204 952 exsilio
1216 925 1312 959 dignus
1336 925 1486 953 videbatur.
1510 925 1695 953 Moderatione

909 974 998 997 latnen
1014 970 1145 1003 adhibita,
1172 970 1256 998 latum
1277 972 1301 998 ei
1319 971 1425 998 clavum
1449 972 1588 1007 abrogant.
1611 972 1695 999 llera-

902 1015 1055 1042 cleensibus
1067 1021 1132 1042 vero
1150 1022 1244 1050 agrum
1261 1019 1289 1042 et
1307 1023 1380 1043 mare
1392 1020 1421 1043 et
1430 1020 1524 1050 portus
1537 1016 1692 1048 restituunt,

907 1061 1047 1095 rogatione
1061 1061 1177 1095 perlata,
1198 1065 1228 1088 ut
1243 1068 1323 1089 nemo
1339 1061 1436 1089 horutn
1453 1062 1578 1089 servituti
1596 1061 1632 1089 sit
1647 1062 1694 1089 ad-

904 1107 1001 1133 dictus.

873 864 892 891 Β

174 1166 239 1194 Car.
260 1166 339 1194 LXII.
357 1166 543 1202 Thrasymedis
558 1171 583 1194 et
598 1166 763 1202 Brithagorw
775 1165 892 1193 studium
911 1164 981 1192 circa
992 1162 1211 1190 instaurationem
1224 1163 1360 1191 Heracleae
1375 1169 1400 1191 ει
1419 1164 1574 1192 libertatem.

87 1226 186 1254 Ταῦτα
199 1225 399 1262 Θρασυμήδους
411 1226 635 1262 διαπραξαμένου
644 1247 652 1259 ,
668 1226 716 1253 ἐπὶ
733 1225 783 1262 τὴν
798 1234 851 1251 πα-

53 1273 132 1308 τρίδα
153 1273 205 1307 μὲν
219 1273 284 1304 τοὺς
299 1272 415 1304 πολλοὺς
437 1272 606 1308 ἐξέπεμψεν,
627 1272 709 1303 αὐτὸς
729 1272 758 1298 δὲ
783 1271 851 1306 μετὰ

55 1318 225 1354 Βριθαγόρου
238 1326 269 1344 τε
282 1318 329 1345 καὶ
342 1318 484 1353 Προπύλου
502 1318 583 1354 (¹παϊς
597 1318 621 1345 δ’
635 1315 669 1354 ἢν
683 1318 697 1344 6
711 1317 853 1353 Πρόπυλος

54 1364 248 1401 Βριθαγόρου)
263 1365 335 1391 κατὰ
351 1364 416 1396 τοὺς
429 1364 493 1400 ἑξῆς
505 1365 643 1400 ἐπιμένων
654 1363 719 1401 [594
731 1363 776 1399 Η.]
790 1364 853 1399 χρό-

54 1419 117 1442 νους
131 1410 167 1438 τὰ
186 1410 269 1437 λοιπὰ
281 1410 336 1437 τῶν
351 1410 519 1444 ἐπειγόντων
532 1410 690 1438 καθίστατο.
706 1410 761 1437 Καί
770 1418 852 1436 τινων

55 1457 124 1484 ἐτῶν
138 1456 313 1484 ἀνυσθέντων
336 1456 426 1492 τρισὶν
439 1456 604 1491 ὲπακτρίσιν
626 1457 666 1488 είς
689 1455 739 1491 τὴν
769 1455 852 1490 Ἡρά-

55 1505 152 1531 κλειαν
168 1504 337 1536 ἐπανάγεται
352 1502 385 1530 “.
409 1503 588 1538 Ἀφικόμενος
606 1502 635 1529 δέ
649 1502 739 1529 πάντα
752 1501 852 1537 τρόπον

55 1549 164 1577 ἐπενόει
180 1547 367 1581 ἀνοικίζεσθαι
381 1548 404 1565 ’³
427 1547 479 1583 τὴν
493 1547 584 1580 πόλιν,
598 1546 725 1581 καθάπερ
742 1547 781 1577 είς
797 1555 852 1572 πα-

941 1221 991 1249 His
1004 1229 1070 1257 ergo
1085 1222 1287 1258 Thraeymedes
1300 1223 1443 1256 confectis,
1460 1224 1564 1259 plebem
1589 1226 1695 1253 remisit

906 1267 932 1294 in
954 1267 1068 1301 patriam
1086 1276 1093 1294 :
1108 1267 1165 1302 ipse
1179 1275 1243 1295 vero
1266 1276 1327 1296 cum
1348 1268 1506 1304 Brithagora
1522 1274 1550 1296 et
1568 1269 1693 1305 Propylo,

906 1313 1074 1348 Brithagorte
1100 1313 1167 1343 ﬁlio.
1202 1314 1236 1341 ad
1268 1319 1374 1350 tempus
1405 1315 1504 1343 dehinc
1529 1317 1694 1348 subsistens,

901 1366 961 1393 qua:
974 1359 1069 1393 patriae
1088 1366 1153 1387 usus
1180 1360 1302 1394 exigeret
1322 1360 1531 1389 administravit.
1558 1361 1694 1390 Peractis-

900 1412 953 1440 qne
967 1405 1070 1440 aliquot
1081 1405 1171 1438 annis,
1191 1413 1252 1433 cum
1269 1407 1354 1434 tribus
1373 1408 1505 1435 onerariis
1530 1408 1643 1436 navibus
1666 1408 1693 1435 in

900 1452 1015 1486 patriam
1044 1459 1194 1487 regressus,
1211 1460 1261 1480 ceu
1274 1453 1307 1480 ad
1324 1454 1438 1480 alterum
1462 1459 1616 1482 revocatam
1644 1462 1694 1481 na-

906 1497 985 1524 talem
1003 1498 1076 1525 omni
1092 1497 1182 1525 studio
1199 1505 1326 1532 reparare
1350 1500 1499 1527 contendit.
1517 1499 1614 1527 Verum
1630 1500 1694 1528 dum

905 1543 995 1569 omnia
1012 1543 1136 1576 molitur,
1154 1550 1199 1570 vrx
1216 1548 1245 1570 ut
1258 1543 1329 1571 8000
1341 1545 1432 1572 vernis
1444 1547 1525 1572 etiam
1537 1553 1696 1574 annumera-

56 1595 233 1630 λιγγενεσίαν
253 1578 487 1629 ἀνακαλούμενος.
510 1578 591 1621 Ἀλλὰ
611 1578 851 1628 πάντα-πράττων

906 1590 951 1620 tis.
964 1589 1165 1624 colligerentur,
1180 1589 1278 1617 eﬂecit.
1299 1590 1475 1626 Britltagoras
1497 1597 1596 1624 autem,
1626 1593 1694 1620 civi-

57 1641 136 1676 pxih;
155 1641 197 1673 είς
228 1640 450 1675 ὀκτακισχιλίους
462 1660 469 1672 ,
489 1639 549 1675 ἅμα
565 1641 623 1672 τοῖς
639 1640 785 1670 οίκετικοῖς
801 1638 854 1665 σώ-

58 1695 144 1721 μασι,
165 1685 332 1719 συλλεγῆναι
347 1684 550 1720 κατεπράξατο,
565 1684 736 1720 Βριθαγόρας
749 1684 788 1716 δὲ,
802 1684 853 1719 ἤδη

56 1733 106 1767 τῆς
134 1732 240 1763 πόλεως
267 1731 439 1766 αὐξομένης,
471 1730 583 1762 ἐλπίδας
611 1731 759 1765 ἐποιήσατο
785 1729 854 1765 πρὸς

57 1777 217 1813 ἐλευθερίαν
233 1778 280 1803 τὸν
301 1777 387 1812 δῆμον
403 1777 571 1811 ἀνενεγκεῖν,
589 1775 638 1803 καὶ
655 1775 853 1809 διαγεγονότων

58 1824 109 1858 μὲν
125 1823 235 1850 πολλῶν
251 1822 330 1855 ἐτῶν,
347 1822 399 1858 ήδη
423 1822 452 1848 δὲ
469 1822 520 1856 τῆς
545 1821 689 1856 Ῥωμαίων
705 1820 854 1855 ἡγεμονίας

57 1872 96 1901 είς
106 1870 156 1896 ἕνα
167 1868 385 1904 περιισταμένης
396 1868 481 1902 ἄνδρα
494 1867 574 1894 Γάϊον
589 1866 699 1893 Ἰούλιον
713 1866 851 1901 Καίσαρα,

57 1915 126 1950 πρὶς
141 1914 238 1941 τοῦτον
252 1914 392 1948 ἠπείγετο.
410 1913 631 1948 Συνεπρέσϐευον
644 1912 673 1939 δὲ
688 1911 763 1947 αὐτῷ
777 1912 852 1938 ἄλλοι

57 1962 86 1988 τέ
102 1969 177 1992 τινες
190 1961 246 1987 τῶν
270 1960 413 1994 ἐπιφανῶν
435 1959 484 1986 καὶ
499 1960 512 1985 6
531 1959 588 1991 υἱὸς
611 1959 764 1995 Πρόπυλος.
781 1958 853 1985 Γνω⁴

58 2008 133 2038 σίιεὶς
146 2005 195 2034 οὖν
209 2006 251 2042 τῷ
264 2007 384 2041 Καίσαρι
400 2006 584 2041 Βριθαγόρας,
600 2005 648 2032 καὶ
662 2004 852 2039 διαπραξάμε‹

57 2062 102 2083 νος
117 2052 263 2088 ἐγγυτέρω
278 2054 313 2088 τῇ
330 2052 408 2088 φιλίᾳ.
427 2051 598 2087 προσελθεῖν,
623 2050 656 2077 δι’
679 2050 853 2085 ὑποσχέσεως

57 2101 180 2133 ἐγένετο,
200 2099 232 2126 οὐ
246 2099 300 2135 μὴν
315 2098 345 2131 ἐξ
360 2098 457 2133 ἐφόδου
470 2106 502 2132 γε
516 2098 608 2126 λαὸεῖν
627 2097 676 2133 τὴν
695 2096 853 2132 ἐλευθερίαν

56 2144 198 2178 ἠδυνήθη,
217 2143 266 2170 ἆτε
291 2142 323 2178 δὴ
341 2143 391 2170 οὐκ
408 2143 438 2169 ἐν
461 2143 495 2177 τῇ
521 2141 616 2177 Ῥώμῃ
635 2141 693 2169 ἀλλ’
711 2141 755 2175 ἐφ’
771 2141 853 2176 ἕτερα

57 2190 105 2217 τοῦ
123 2189 206 2216 Γαΐου
223 2189 446 2225 περιτρέχοντος.
462 2188 521 2214 Οὐκ
546 2188 682 2222 ἀφίστατο
704 2187 796 2222 μέντοι
820 2195 852 2222 γε

905 1640 961 1662 tate
973 1636 1027 1669 jam
1042 1641 1219 1671 augescente,
1231 1636 1358 1671 populant
1375 1637 1401 1664 in
1417 1638 1558 1671 pristinam
1585 1639 1695 1666 liberta-

905 1685 957 1707 tem
977 1681 1131 1709 vindicandi
1151 1690 1227 1716 spem
1256 1682 1333 1716 facit,
1362 1684 1495 1718 annisque
1509 1684 1606 1719 elapsis
1622 1685 1694 1712 haud

905 1726 1011 1760 paucis,
1026 1727 1208 1756 Romanorum
1225 1729 1337 1763 imperio
1348 1730 1402 1764 jam
1417 1730 1450 1756 ad
1478 1738 1559 1757 nntnn
1588 1731 1618 1758 C.
1639 1730 1692 1759 Jul.

906 1771 1041 1800 Caesarem
1057 1772 1194 1807 devoluto,
1211 1775 1245 1802 ad
1256 1782 1318 1802 eum
1347 1776 1497 1803 contendit.
1522 1776 1693 1809 Legationem

904 1825 965 1844 cum
980 1826 1013 1846 eo
1029 1820 1151 1853 obibant,
1168 1828 1229 1848 cum
1246 1820 1291 1847 alii
1307 1828 1339 1848 ex
1355 1822 1504 1855 nobilitate,
1520 1827 1575 1849 tum
1591 1821 1695 1858 Propy-

903 1863 955 1891 lus.
972 1863 1008 1891 lbi
1025 1865 1116 1892 notior
1126 1864 1214 1893 factus
1228 1865 1327 1894 Caesari
1341 1866 1528 1903 Brithagoras,
1546 1874 1573 1896 et
1586 1870 1695 1904 propius

904 1910 930 1937 in
946 1911 1094 1937 amicitiam
1112 1911 1258 1944 admissus,
1280 1913 1489 1947 promissionem
1505 1915 1613 1949 quidem
1628 1916 1696 1944 acci-

903 1956 952 1991 pit,
968 1958 1015 1984 sed
1027 1957 1177 1986 libertatem
1192 1959 1279 1993 prima
1302 1960 1445 1988 occasione
1468 1968 1629 1995 recuperare
1654 1969 1698 1989 ne-

905 2003 976 2036 quit,
993 2005 1064 2037 quod
1085 2011 1137 2030 non
1153 2003 1256 2037 Roma,
1272 2005 1319 2032 sed
1329 2005 1393 2033 alibi
1408 2010 1555 2039 terrarum,
1570 2005 1658 2034 Julius
1670 2007 1696 2034 in

904 2050 1074 2083 negotiorum
1088 2049 1264 2077 distractione
1288 2051 1459 2079 versabatur.
1482 2051 1541 2079 Non
1557 2056 1646 2079 tamen
1664 2053 1697 2079 ab

904 2095 1012 2130 incepto
1024 2095 1129 2122 destitit
1142 2095 1330 2131 Brithagoras,
1354 2098 1400 2124 sed
1415 2105 1463 2132 per
1476 2102 1560 2126 totum
1578 2098 1634 2125 fere
1656 2105 1698 2124 or.

903 2142 965 2169 bem
985 2149 1046 2169 cum
1072 2141 1181 2170 Caesare
1203 2143 1419 2176 circumductus,
1437 2144 1495 2178 ipse
1516 2149 1543 2172 et
1565 2144 1699 2179 Propylus

904 2187 931 2214 in
947 2187 1033 2215 oculis
1051 2186 1110 2222 ejus
1123 2193 1182 2216 erat
1195 2198 1202 2216 :
1223 2194 1252 2216 ut
1263 2197 1315 2216 non
1326 2190 1441 2218 obscure
1456 2190 1603 2224 imperator
1613 2190 1698 2225 signi-

58 2235 245 2271 Βριθαγόρας,
258 2235 326 2262 ἀλλὰ
340 2235 405 2269 περὶ
420 2235 512 2261 πᾶσαν
529 2234 579 2269 τὴν
593 2234 757 2269 οίκουμένην
771 2233 851 2265 αὑτός

907 2232 1012 2266 llcaret,
1031 2234 1191 2267 petitionem
1209 2235 1327 2263 hominis
1350 2243 1380 2263 se
1399 2237 1560 2270 approbare.
1593 2235 1698 2263 Duode-

57 2290 86 2308 τε
101 2288 152 2308 και
167 2281 309 2316 Πρόπυλος
322 2279 577 2316 συμπεριαγόμενος
586 2279 626 2314 τῷ
641 2279 763 2314 Καίσαρι
776 2279 853 2307 ἐὸλέ-

58 2337 126 2355 πετο
140 2328 208 2362 παρ’
228 2327 328 2360 αὑτοῦ,
339 2327 381 2360 ὥς
398 2326 561 2363 ὲπισημειού
566 2335 646 2362 μενον
660 2326 707 2353 τδν
721 2326 855 2361 αὐτοκρά-

57 2383 126 2409 τορα
142 2374 194 2409 τῆς
216 2373 393 2409 λιπαρήσεως
416 2374 499 2401 αὐτὸν
522 2372 714 2408 ἀποδέχεσθαι.
731 2373 856 2400 Δωδεκα-

57 2421 135 2452 ετίας
152 2421 181 2447 δὲ
198 2420 249 2456 τὴν
265 2421 418 2457 παρεδρίαν
429 2420 644 2456 διαμετρούσης,
659 2420 707 2447 καὶ
721 2420 786 2455 περὶ
805 2419 857 2455 τῆς

57 2467 98 2497 εἰς
128 2465 242 2501 Ῥώμην
261 2467 391 2493 ἐπανόδου
414 2466 462 2494 τοῦ
483 2466 622 2502 Καίσαρος
645 2466 855 2501 διανοουμένου,

58 2511 114 2537 ὑπό
131 2519 162 2538 τε
186 2511 234 2538 τοῦ
249 2512 351 2546 γήρους
377 2512 425 2538 καὶ
447 2511 501 2539 τῶν
519 2511 640 2546 συνεχῶν
664 2511 755 2538 πόνων
772 2519 857 2539 κατα-

907 2280 960 2307 cim
992 2280 1102 2308 tandem
1130 2288 1218 2308 annos
1246 2282 1272 2308 in
1299 2281 1483 2309 familiaritate
1511 2282 1697 2310 Romanorum

907 2331 1047 2359 emensus,
1072 2334 1133 2355 cum
1148 2326 1206 2361 jam
1229 2327 1320 2355 redire
1340 2327 1432 2356 Caesar
1457 2328 1617 2356 instituisset
1641 2328 1700 2355 Ro—

908 2380 994 2405 mam,
1011 2377 1123 2400 senecta
1140 2378 1168 2401 et
1197 2373 1321 2401 laborum
1358 2374 1519 2402 assiduitate
1549 2375 1699 2404 exhaustus

910 2418 1097 2455 Brithagoras,
1118 2420 1209 2447 vivere
1229 2420 1338 2452 desinit,
1354 2425 1382 2448 et
1401 2422 1529 2456 grandem
1552 2422 1645 2456 patriae
1661 2421 1700 2449 lu-

911 2472 984 2494 ctum
999 2475 1013 2493 a
1028 2474 1057 2494 se
1075 2466 1215 2501 relinquit.
1235 2466 1324 2501 Atque
1342 2466 1378 2493 ita
1396 2475 1440 2494 xv:
1460 2467 1541 2494 etiam
1567 2468 1633 2495 liber
1646 2468 1698 2495 Hi-

910 2513 1055 2540 storiarum
1069 2512 1221 2540 Memnonis
1234 2512 1407 2540 abbreviatus
1424 2512 1505 2539 ﬁnem
1518 2513 1609 2540 habet.

57 2556 212 2591 τρυχωθεὶς
228 2556 398 2592 Βριθαγόρας
410 2557 533 2593 τελευτᾷ,
553 2558 623 2592 μέγα
637 2556 734 2590 πένθος
746 2559 779 2593 τῇ
796 2558 904 2594 πατρίδι
930 2559 1100 2588 καταλιπών.
1120 2560 1167 2591 Είς
1179 2558 1299 2586 τοιοῦτον
1312 2558 1335 2574 ⁸⁸
1359 2558 1410 2593 μὲν
1441 2558 1518 2591 τέλος
1544 2559 1593 2586 καὶ
1617 2560 1632 2585 ὁ
1662 2561 1700 2592 ις’

59 2605 138 2639 λόγος
153 2605 205 2640 τῆς
219 2605 360 2640 Μέμνονος
375 2606 494 2641 ἱστορίας
509 2606 634 2642 τελευτᾷ.

98 2652 179 2678 Ἐστι
193 2651 223 2678 δὲ
237 2653 253 2687 ή
270 2652 417 2688 συγγραφὴ
430 2653 560 2688 νουνεχὴς
576 2654 626 2688 μὲν
641 2654 688 2681 καὶ
705 2654 750 2680 τὸν
764 2655 853 2690 ἰσχνὸν

63 2697 273 2731 μεταδιώκουσα
289 2700 470 2734 χαρακτῆρα,
494 2699 525 2725 οὔ
543 2698 597 2734 μὴν
611 2699 731 2727 οὐδὲτοῦ
754 2701 858 2735 σαφοῦς

929 2653 931 2656 ⁴
943 2653 1042 2690 Ἆωο
1056 2653 1176 2681 Prudens
1186 2657 1229 2679 est
1252 2652 1361 2687 quidem
1377 2651 1435 2680 haec
1460 2651 1588 2684 Historia,
1601 2655 1630 2678 et
1642 2652 1702 2678 exi-

913 2700 966 2728 lem
1000 2706 1158 2739 assequens
1180 2699 1379 2726 characterem.
1408 2697 1614 2731 Perspicuitatts
1645 2703 1701 2723 non

710 2758 828 2786 VARIE.
844 2757 1048 2786 LECTIONES.

96 2804 121 2841 "_
131 2812 162 2831 τε
179 2803 294 2841 add.__A.
328 2803 352 2841 '_’
365 2803 484 2839 πατρῴῳ
503 2804 636 2841 διειλέχθη
651 2814 680 2838 ς.
719 2807 741 2822 ’³
755 2804 964 2841 ἑπεστρέψαμεν
979 2813 1010 2837 ς.

65 2839 156 2871 (mea:
170 2848 201 2871 ς,
239 2838 263 2854 ’⁸
274 2837 380 2865 τοιοῦτο
395 2837 425 2871 ςζ

202 2887 342 2917 Parnm.
357 2888 417 2919 Ge.
435 2888 515 2920 Clll.

1079 2802 1102 2819 "
1116 2801 1284 2837 ἐπανάγεται
1311 2803 1332 2831 Α
1350 2811 1358 2831 :
1373 2802 1468 2838 ἄγεται
1480 2811 1512 2834 ς.
1564 2802 1587 2817 ’⁵
1601 2802 1701 2829 ἐνοικί-

1465 2882 1502 2914 30
