1920 3090
221 132 274 164 939
795 132 926 163 PHOTII
948 132 979 162 Pi

1091 133 1201 164 RCH/E
1216 134 1268 164 (ΣΡ.
1794 135 1849 168 940

222 190 384 222 incuriosus,
401 187 613 225 digressionibus
637 193 724 216 tamen
748 189 840 222 utitur,
858 189 977 223 praeserti

1092 189 1195 216 ιελοῦσα
1205 210 1213 222 ,
1228 189 1412 225 εὐλαϐουμένη
1429 190 1458 216 δὲ
1472 190 1520 217 καὶ
1532 190 1580 222 τὰς
1598 190 1722 222 ἐκϐολὰς,
1740 190 1811 226 πλὴν
1824 192 1850 217 ει

221 236 383 264 necessitate
396 235 518 268 adactus,
530 239 557 262 et
582 235 700 262 externis
728 234 858 262 addendis
874 235 926 262 huc
943 236 976 262 ho

1092 237 1098 271 ὴ
1123 236 1175 262 πού
1197 245 1240 267 τις
1264 236 1371 270 ἀνάγκη
1397 236 1572 270 συνυφαίνειν
1596 236 1658 272 [757
1681 235 1727 272 IL]
1743 237 1789 263 καὶ
1813 237 1850 263 τὰ

222 281 353 309 tantibus.
369 281 461 316 Neque
477 281 501 308 id
518 281 616 308 accidit
632 281 798 316 frequenter,
815 282 861 309 sed
887 281 932 308 tibi
959 286 980 308 st

1093 281 1159 308 ωθεν
1174 281 1348 314 ἑγκελεύεται
1363 282 1413 316 τῆς
1430 280 1597 316 προθέσεως.
1615 281 1683 308 Οὐδὲ
1699 282 1770 317 πρὸς
1783 282 1851 308 ταύ-

222 326 318 352 mulari
334 333 363 353 se
380 326 472 352 sentit.
489 325 570 352 llcdit
584 332 647 353 vero
659 326 691 353 ad
705 326 883 361 propositum.
900 325 979 352 Verbi

1096 336 1109 353 ν
1123 327 1152 353 δὲ
1165 327 1213 353 ἐπὶ
1229 327 1259 354 τὸ
1274 327 1372 362 συχνὸν
1387 327 1540 359 ἀποκλίνει,
1555 327 1622 354 ἀλλὰ
1636 327 1667 354 τὺ
1684 329 1851 361 κατεπεῖγον

221 372 272 398 nisi
291 379 351 398 raro
369 371 528 403 immutatis,
544 372 651 399 usitatis
675 372 769 399 utitur.
799 371 836 399 De
853 377 915 399 octo
930 371 979 398 libr

1097 372 1259 407 ιμνησϐεἳσα
1278 372 1372 407 ἔχεται
1386 373 1469 400 πάλιν
1485 372 1692 408 εὐεπιστρὸφως
1706 372 1757 408 τῆς
1778 381 1852 409 προ-

219 421 317 451 praeter
331 416 458 449 sedecim,
476 419 546 452 quod
556 424 602 444 eos
617 418 733 444 nondum
744 418 833 445 videre
850 417 977 452 contigeri

1093 417 1183 453 θεισης
1200 419 1268 453 αὐτῇ
1281 419 1341 445 κατ’
1354 419 1441 454 ἀρχὰς
1456 418 1579 453 γνώμης.
1598 419 1652 445 Καὶ
1665 418 1756 452 λέξεσι
1769 418 1810 450 δὲ,
1826 419 1851 445 εὶ

219 470 273 490 non
287 462 373 490 habeo
387 462 488 490 dicere.

1094 473 1099 499 ι
1130 473 1181 491 που
1208 465 1331 497 σπανίως
1356 464 1602 498 ὲξαλλαττούσαις,
1631 465 1692 497 ταῖς
1720 465 1852 499 συνήθεσι

217 511 320 546 χρᾶται
333 510 368 536 ³⁷.
389 509 444 541 Τὰς
460 509 490 537 δὲ
508 509 619 545 πρώτας
634 510 659 547 η’
677 511 796 546 ἱστορίας
814 511 861 537 καὶ
875 511 925 543 τὰς
942 511 1010 546 μετὰ
1023 511 1072 546 τὴν
1100 515 1139 544 ις’
1167 512 1244 540 οὔπω
1270 513 1358 540 εἰπεῖν
1391 513 1432 544 εἰς
1473 513 1538 539 θέαν
1579 512 1659 548 ἡμῶν
1694 512 1853 548 ἀφιγμένοις

218 558 328 592 ἔχομεν.

637 605 675 632 De
690 604 815 633 Clearcho
829 611 941 641 tyranno
962 604 1096 631 lleraclew
1112 603 1239 631 Pontiae.
1257 603 1300 631 Ea:
1315 603 1410 631 Suida.

255 650 403 678 Clearchus
426 651 554 680 Ponticus
577 652 697 679 Athenas
721 651 795 679 venit
812 650 937 678 audiendi
961 649 1082 685 Platonis
1103 654 1130 675 et
1157 648 1681 685 doctrinaeprphilosophietecupiditate.
1710 649 1763 677 Sed
1789 651 1851 685 ejus

224 686 490 724 consuetudine__non
512 687 564 724 diu
591 694 660 724 usus
678 686 749 722 (erat
766 686 839 713 enim
863 687 915 724 diis
936 683 1080 724 inimicns)_
1093 684 1127 724 in
1143 684 1244 724 somnis
1257 683 1323 710 vidit
1342 683 1487 724 mulierem.
1499 684 1550 712 sibi
1562 683 1700 724 dicentem
1716 694 1723 712 :
1740 683 1851 724 Exeéde

223 721 412 757 academia,ct
422 721 493 757 lfuge
510 718 707 757 philosophiam
722 729 729 747 ε
745 728 831 755 neque
845 721 918 747 enim
935 727 966 747 ea
987 718 1099 757 I'rui_ti_bi
1115 718 1157 745 fas
1167 723 1218 757 est,
1231 726 1291 757 quae
1303 725 1330 746 te
1357 719 1536 747 infestissimo
1549 720 1625 747 vultu
1639 721 1768 757 intuetur.
1784 720 1853 753 Qui-

223 756 274 783 bus
295 755 406 789 auditis,
423 753 546 784 ‘ret'lit'in
562 753 759 790 expeditionem
777 753 826 782 :‘et
838 761 984 790 oppressus
1001 753 1111 785 invidia,
1125 754 1210 790 patria
1235 753 1341 790 relicta,
1364 761 1568 790 conscensaque
1588 762 1666 787 nave,
1687 755 1750 782 dum
1773 757 1852 782 exsul

225 791 345 822 oberrat,
365 791 490 825 pervenit
515 792 547 819 ad
572 788 768 822 Mithridatem,
781 788 934 824 castrisque
948 789 1018 824 apud
1036 796 1096 815 eum
1111 789 1217 825 positis,
1241 788 1375 825 laudatur.
1395 789 1454 817 Non
1479 790 1651 825 multorpost
1673 790 1764 824 gravis
1780 792 1853 817 inter

226 823 400 853 lleracleot’as
422 827 530 853 exsistit
552 827 657 854 seditio.
675 826 777 853 Deinde
797 825 824 852 in
840 823 955 860 gratiam
968 823 1007 850 ’et
1028 824 1206 860 concordiam
1222 823 1703 860 re_dirercupientes,7paciﬁcatorein
1728 826 1854 860 deligunt

223 859 392 895 Clearchum.
418 861 442 888 ls
458 862 483 888 in
503 861 602 892 reditu,
619 861 645 887 in
674 860 824 888 diversorio
835 857 950 894 quodam
965 866 1060 895 rursus
1077 858 1104 885 in
1122 857 1379 895 sotnnisnEvopium',
1398 857 1619 886 Heracleotarum
1638 857 1852 895 tyrannum—sibi

223 894 356 931 dicentem
370 896 465 923 audit:
482 895 594 930 Oportet
605 901 632 923 te
647 901 791 931 tyrannum
811 893 870 922 esse
888 895 993 928 patriae.
1010 894 1110 931 sedet
1123 893 1166 920 hic
1181 893 1379 931 philosophiam
1393 901 1567 931 eutnncavere
1581 893 1703 931 iubebat,
1720 901 1851 922 renovata

222 930 322 956 somnii
344 928 518 967 Atheniensis
544 928 685 958 memoria.
710 930 812 967 lterum
841 931 952 967 potitus,
968 928 1252 967 _crudelissititus_luit,
1269 933 1297 955 et
1310 929 1483 967 insuperabili
1500 930 1627 967 superbia
1644 930 1780 967 incensus,
1798 932 1853 967 hu-

223 972 301 1000 mana
319 965 473 993 conditione
494 969 660 1000 contempta,
683 965 791 992 adorari
816 963 856 997 se,
871 969 899 992 et
921 964 1026 1000 divinos
1049 963 1141 991 haberi
1149 963 1216 1000 _sibi
1238 964 1358 1000 honores
1373 963 1578 1000 postulavit,“
1594 969 1684 992 vestes
1699 965 1752 1000 diis
1769 965 1852 992 l‘ami-

224 999 310 1027 liarcs
337 1001 435 1032 induit,
451 998 610 1035 eorumque
622 1001 719 1028 statuis
739 1000 878 1035 decoras:
896 1004 927 1035 et
944 999 1028 1025 lilium
1051 1006 1130 1035 suum
1144 998 1299 1035 (ieraunon,
1317 999 1342 1025 id
1354 1004 1399 1035 est
1414 998 1528 1035 fulmen,
1540 1000 1694 1034 appellavit.
1713 999 1853 1027 interfecit

222 1039 312 1061 autent
334 1042 395 1062 eutn
415 1035 533 1070 pritntttn
551 1033 669 1062 vindicta
686 1043 694 1062 :
711 1035 808 1063 deinde
830 1033 944 1062 Cliionis
968 1041 1074 1070 manus,
1092 1033 1233 1070 l'anﬂliaris
1255 1033 1389 1070 Platonis,
1412 1039 1441 1061 et
1460 1033 1519 1070 ejus
1535 1033 1568 1061 ad
1577 1033 1690 1070 tempus
1704 1035 1853 1070 auditoris,

222 1069 268 1104 qui
290 1071 352 1096 odio
368 1067 474 1105 tyranni
490 1071 516 1097 in
537 1071 611 1098 illius
624 1070 727 1098 salibus
740 1070 840 1097 hausto
856 1070 972 1104 patriam
988 1068 1124 1105 liberavit.
1137 1067 1203 1095 Tam
1218 1068 1342 1103 praeclari
1357 1068 1488 1105 facinoris
1507 1069 1576 1105 socii
1593 1067 1704 1097 luerunt
1717 1067 1853 1097 Leonides

221 1103 248 1131 et
261 1103 417 1139 Atttitheus,
435 1106 486 1140 ipsi
500 1113 609 1141 quoque
626 1105 791 1140 philosophi.
809 1105 902 1133 Justas
917 1108 1007 1130 autent
1024 1104 1159 1131 scelerum
1175 1110 1271 1137 pmnas
1287 1111 1350 1130 eum
1365 1104 1484 1136 dedisse,
1497 1103 1601 1132 dictum
1618 1109 1670 1132 est.

663 1151 705 1178 Ea:
721 1150 838 1178 Diodoro
851 1149 951 1182 Siculo,
969 1149 1016 1176 lib.
1030 1156 1076 1182 xv,
1094 1148 1133 1175 De
1148 1149 1237 1176 eodem
1251 1149 1390 1178 Clearcho.

261 1195 361 1223 Eadem
379 1203 444 1224 vero
463 1201 622 1232 tempestate
636 1189 797 1230 Clearchus,
812 1204 845 1223 ex
865 1195 996 1232 Heraclea
1014 1194 1126 1222 Pontica
1141 1195 1283 1232 oriundus,
1302 1194 1475 1232 tyrannidem
1492 1195 1643 1232 aﬁectavit,
1665 1203 1697 1223 ac
1710 1195 1765 1223 voti
1775 1202 1852 1223 eom-

224 1238 274 1266 pos
295 1232 400 1264 lactus,
415 1230 557 1259 antuulat'us
575 1237 616 1259 est
635 1232 754 1267 Dionysii
777 1233 886 1267 tyranni
911 1231 1048 1264 instituta,
1069 1235 1096 1257 et
1113 1230 1253 1265 splendide
1277 1231 1450 1266 tyrannidetn
1470 1231 1497 1257 in
1514 1230 1689 1259 Herncleotas
1705 1238 1850 1263 exercens.

224 1274 366 1300 imperium
386 1267 471 1294 tenuit
487 1274 535 1301 per
551 1274 639 1295 annos
653 1268 807 1295 duodecim.

841 1313 884 1340 Ex
897 1315 986 1341 eodem
997 1313 1114 1340 Diodoro
1127 1313 1173 1340 lib.
1191 1320 1245 1339 xvr.

256 1358 403 1396 Qlearchns
433 1358 570 1386 Heracleas
587 1365 728 1396 tyrannus.
757 1367 818 1387 cum
831 1360 958 1396 Dionysia
975 1360 1014 1395 (id
1031 1366 1073 1387 est
1089 1359 1278 1394 Bacchanalia;
1291 1362 1396 1392 essent,
1412 1359 1475 1386 dum
1489 1361 1524 1387 ad
1539 1359 1694 1395 spectacula
1704 1359 1789 1393 vadit,
1803 1359 1853 1387 in-

223 1394 352 1421 terfectus
364 1398 418 1427 est,
435 1401 484 1429 per
500 1402 585 1421 annos
602 1395 743 1422 duodecim
763 1395 877 1430 imperio
890 1394 1003 1431 potitus.

551 1440 594 1468 Ex
606 1440 770 1476 Theoﬁompo
784 1441 858 1473 Chio,
871 1441 903 1468 de
921 1441 1010 1468 eodem
1024 1440 1160 1473 Clearcho,
1173 1440 1243 1473 apud
1255 1439 1408 1467 Athenarum
1421 1439 1466 1467 lib.
1479 1447 1519 1467 tu.

259 1485 357 1515 Multos
373 1491 461 1514 morte
476 1486 593 1513 violenta
606 1494 621 1514 e
637 1484 728 1514 medio
760 1487 880 1520 tollebat.
897 1495 930 1514 ac
968 1486 1318 1522 quamplurimisucicutam
1350 1485 1498 1522 bibendam
1507 1486 1672 1521 porrigebat.
1697 1486 1766 1515 Cum
1786 1494 1854 1515 vero

222 1522 388 1550 innotuisset
409 1521 534 1550 otnnibtts
550 1522 725 1558 hic‘tyranni
751 1529 820 1554 mos,
837 1520 997 1558 propinandi
1015 1520 1148 1549 venenum
1172 1520 1249 1558 illud,
1265 1525 1394 1555 tanquam
1421 1520 1547 1558 poculum
1564 1522 1636 1558 quod
1654 1523 1781 1550 amicitia:
1795 1527 1853 1549 tes-

222 1562 310 1585 tandte
325 1565 390 1591 ergo
413 1558 549 1592 propitiari
569 1556 648 1588 solet,
667 1564 700 1584 ex
711 1558 815 1586 aedibus
832 1556 1111 1592 non’egrediebantur
1141 1557 1298 1591 priusquam
1316 1559 1404 1583 rutam
1419 1556 1550 1584 edisserit.
1565 1556 1623 1584 Hoc
1636 1558 1709 1584 enim
1726 1559 1772 1592 qui
1786 1558 1853 1585 ede-

228 1593 292 1626 rint,
312 1592 365 1620 illis
379 1592 479 1620 aconiti
497 1596 589 1627 potum
606 1592 674 1619 nihil
692 1600 792 1621 nocere
802 1593 849 1620 ait.

459 1638 498 1665 De
511 1638 646 1666 Timotheo
660 1642 773 1673 tyranno
790 1638 926 1666 Heraclea
942 1637 1072 1671 Pontiae,
1085 1637 1207 1665 Clearchi
1221 1637 1289 1672 ﬁlio,
1306 1637 1351 1665 Ea;
1365 1637 1483 1665 Diodoro
1496 1637 1544 1665 lib.
1558 1645 1615 1664 xvt.

256 1685 371 1720 imperio
384 1685 509 1713 Clearchi
525 1693 587 1714 cum
602 1686 782 1714 successisset
793 1685 865 1713 ﬁlius
878 1685 1047 1718 Timotheus,
1062 1693 1094 1713 eo
1108 1686 1208 1720 potitus
1221 1689 1263 1712 est
1274 1692 1321 1719 per
1335 1691 1421 1712 annos
1437 1691 1482 1711 xv.

785 1734 829 1761 Ea:
842 1734 933 1762 eodem
952 1734 1081 1766 Diodoro,
1096 1734 1186 1761 eodem
1208 1733 1285 1760 libro.

258 1778 325 1806 Dum
344 1779 401 1806 haec
416 1781 556 1814 geruntor,
574 1777 732 1806 Timotheus
759 1777 896 1806 Heraclea:
915 1778 1035 1806 Pontica:
1050 1784 1182 1814 tyrannus
1195 1778 1264 1814 obit,
1285 1785 1349 1814 cum
1362 1785 1412 1812 per
1425 1777 1580 1814 quindecim
1599 1785 1684 1807 annos
1697 1779 1855 1808 dominatus

222 1819 305 1841 esset.
324 1813 355 1841 Ei
372 1812 503 1841 successit
517 1812 602 1841 frater
617 1814 770 1848 Dionysius,
787 1814 832 1847 qui
847 1821 896 1847 per
914 1814 981 1841 duos
997 1819 1024 1841 et
1037 1812 1147 1848 triginta
1160 1820 1246 1840 annos
1257 1813 1401 1848 imperium
1416 1813 1543 1840 obtinuit.

711 1859 754 1886 Ex
772 1859 897 1888 Athenaeo
912 1860 979 1887 libro
994 1867 1043 1892 ιιι,
1056 1860 1089 1886 de
1103 1859 1230 1887 Clearcho
1242 1860 1367 1894 necundo.

262 1904 392 1941 Nymphis
410 1904 584 1934 Heracleotes
598 1905 668 1933 libro
691 1906 810 1941 secundo
827 1906 861 1933 de
883 1905 1015 1934 Heraclea
1030 1905 1136 1938 scribit,
1154 1905 1325 1938 Clearchum,
1342 1905 1436 1940 patriae
1448 1912 1504 1932 sua
1522 1910 1678 1940 tyrannum,
1692 1906 1753 1941 ejus
1766 1908 1853 1937 ﬁlium

223 1941 269 1977 qui
287 1940 459 1976 tyrannidem
491 1941 595 1976 primus
610 1941 770 1977 invaserat,
787 1940 852 1977 luxu
877 1946 904 1968 et
924 1940 1082 1977 quotidiana
1096 1941 1246 1977 vogacitate
1263 1940 1365 1967 sensim
1386 1941 1413 1967 in
1430 1945 1531 1977 tantam
1553 1941 1653 1977 molem
1663 1940 1755 1970 carnis
1772 1950 1852 1971 extu-

223 1975 336 2013 tituisse,
347 1981 377 2002 ut
397 1975 508 2013 propter
529 1976 695 2010 crassitiem,
709 1980 737 2002 et
749 1975 1080 2013 oliesitatem,'anhelitus
1094 1975 1252 2013 dillicultate
1262 1981 1408 2013 correptus
1424 1975 1459 2002 sit
1478 1980 1506 2001 et
1529 1976 1714 2013 strangulata,
1734 1979 1853 2013 ideoque

222 2012 343 2047 medicos
355 2010 527 2046 praecepisse,
540 2016 569 2039 ut
584 2013 711 2047 tenuibus
723 2011 755 2038 ad
771 2011 798 2037 id
808 2012 911 2047 paratis
927 2012 1038 2043 acubus,
1052 2015 1078 2038 et
1090 2010 1246 2047 prtelongis,
1262 2010 1347 2047 latera
1361 2016 1391 2036 et
1404 2015 1526 2047 ventrem
1546 2011 1728 2044 conﬁgerent,
1742 2010 1854 2047 quoties

222 2047 250 2073 in
278 2045 479 2080 profundiorem
496 2053 619 2073 somnum
643 2046 791 2074 laberetur.
807 2045 895 2073 Carne
910 2047 936 2073 in
967 2046 1066 2073 callum
1081 2046 1198 2080 spissata
1210 2046 1245 2072 ob
1260 2046 1372 2072 nitniam
1395 2045 1595 2079 pinguedinem,
1608 2045 1767 2080 aliquandiu
1785 2050 1855 2076 nihil

224 2080 270 2108 ille
286 2081 443 2117 sentiebat;
462 2088 523 2117 cum
538 2088 602 2108 vero
614 2081 648 2108 ad
664 2088 756 2116 puram
771 2081 866 2108 adacta
879 2089 989 2108 carnem
1006 2088 1071 2108 acus
1086 2080 1264 2117 perforasset,
1275 2085 1331 2106 tum
1344 2080 1592 2117 expergiscebatur.
1609 2080 1645 2108 lis
1655 2082 1702 2116 qui
1718 2089 1855 2117 responsa

222 2116 364 2150 petebant,
384 2115 526 2154 reddebat,
541 2117 648 2154 corpori
662 2115 770 2151 objecta
783 2123 858 2149 arca,
873 2123 933 2151 quae
945 2121 1039 2151 partes
1057 2116 1176 2150 reliquas
1192 2115 1343 2150 obtegeret,
1359 2121 1389 2142 ut
1407 2115 1477 2142 facie
1490 2119 1595 2142 tantum
1607 2115 1701 2151 aperta
1713 2115 1855 2154 colloque—

223 2156 301 2178 retur
313 2158 375 2178 cum
390 2150 423 2178 iis
436 2151 483 2185 qui
497 2150 705 2186 compellabant;

257 2186 404 2222 Aliquanto
429 2189 491 2221 post
505 2194 512 2213 :
528 2185 614 2213 annos
627 2187 825 2221 quinquaginta
844 2186 964 2220 quinque
984 2190 1062 2213 natus
1077 2186 1149 2213 diem
1166 2185 1251 2222 obiit,
1261 2185 1404 2220 tyrannide
1421 2192 1469 2220 per
1483 2192 1570 2213 annos
1586 2186 1698 2222 triginta
1715 2192 1773 2217 tres
1788 2196 1855 2217 con-

222 2220 338 2254 tinuata,
352 2220 515 2256 prioresque
530 2228 560 2248 se
577 2220 711 2256 tyrannos
727 2220 884 2249 atitecelluit
898 2222 1025 2248 comitate
1038 2225 1066 2248 et
1083 2221 1298 2248 mansuetudine.
1625 2220 1635 2222 ἡ
1720 2247 1723 2249 .

488 2266 528 2294 De
542 2266 642 2293 Zathra
654 2272 678 2294 et
697 2267 824 2295 Clearelta
839 2268 980 2302 fratribus,
1001 2267 1121 2303 tyrannis
1137 2265 1283 2298 Heracleae,
1296 2273 1328 2293 ex
1341 2265 1459 2294 Diodoro
1476 2267 1522 2294 lib.
1540 2274 1586 2294 xx.

259 2314 326 2340 Dum
345 2312 402 2340 haec
417 2318 560 2348 geruntur,
575 2312 718 2350 Dionysius
730 2313 866 2350 lleracleaa
877 2313 996 2350 Ponticae
1013 2319 1143 2350 tyrannos
1160 2312 1237 2350 obiit,
1256 2320 1317 2339 cum
1348 2313 1457 2348 triginta
1484 2315 1552 2350 duos
1573 2321 1660 2341 annos
1681 2315 1854 2350 imperasset.

223 2349 422 2376 Successerunt
434 2352 522 2375 autetn
536 2349 595 2382 ejus
611 2349 724 2382 imperio
740 2348 856 2377 Zathras
873 2353 900 2375 et
915 2348 1075 2380 Clearchus,
1091 2348 1156 2380 ﬁlii;
1173 2348 1254 2382 idque
1268 2354 1317 2382 per
1331 2349 1524 2381 septemdecim
1544 2357 1629 2376 annos
1643 2348 1800 2380 tenuerunt.

554 2405 683 2433 ccxxv.
1028 2399 1048 2426 Β

1028 2399 1048 2426 Β
1411 2406 1496 2433 ΣΚΕΥ.

222 2451 328 2486 Eulogii
353 2451 433 2486 episc.
449 2451 626 2479 Alexandrini
648 2453 714 2479 liber
732 2458 825 2480 contra
847 2451 974 2480 Severum

1096 2450 1215 2485 ὺλοτίου
1230 2450 1315 2477 «dna
1339 2451 1563 2486 Ἀλεξανδρείας
1572 2442 1694 2485 ,ϐιϐλίον
1714 2455 1791 2482 κατὰ
1811 2458 1854 2483 Τι-

461 2488 622 2514 Tt'ntotheum
635 2488 783 2515 Iuerelicoa.
1011 2493 1014 2495 λ

1011 2493 1014 2495 λ
1290 2487 1401 2520 μοθέΟυ
1416 2487 1465 2514 καὶ
1479 2489 1621 2521 remum.

259 2533 324 2568 Legi
338 2533 410 2561 beati
422 2532 528 2568 Eulogii
541 2534 661 2569 episcopi
675 2534 843 2561 Alexandrni
855 2540 923 2568 opus
935 2532 1012 2560 libris

1101 2530 1165 2566 [760
1190 2530 1235 2566 IL]
1274 2532 1444 2568 Ἀνεγνώσθη
1469 2534 1516 2561 τοῦ
1543 2535 1572 2561 ἐν
1607 2537 1696 2572 ἁγίοις
1724 2537 1854 2573 Εὑλογίου

221 2579 679 2615 duobusjcomprehensum,estque
687 2579 808 2608 defensio
817 2579 904 2607 sancti
913 2579 979 2606 Leor

1097 2577 1146 2603 ἱπα
1159 2577 1363 2613 Ἀλεξανδρείας
1373 2579 1475 2613 βιϐλίον
1483 2581 1511 2607 ἐν
1522 2581 1612 2615 λόγοις
1620 2583 1653 2618 β’.
1665 2583 1703 2610 Τὸ
1712 2583 1742 2610 δὲ
1753 2584 1855 2619 βιϐλίον

221 2625 359 2659 pontiﬁcis
382 2625 510 2655 Romani.
544 2626 690 2654 Accusatio
725 2634 790 2654 vero
823 2625 961 2654 Timothei

1097 2623 1215 2658 ινηγορία
1231 2624 1280 2657 μέν
1293 2624 1351 2650 ἐστι
1366 2624 1421 2651 τῶν
1431 2625 1460 2651 ὲν
1475 2626 1513 2661 τῷ
1534 2627 1611 2663 τόμῳ
1622 2619 1750 2661 ⁸Λέοντος
1762 2630 1810 2656 τοῦ
1827 2631 1855 2656 ὲν

221 2668 327 2703 Severi,
343 2671 390 2705 qui
415 2670 528 2698 Tomum
545 2671 788 2706 reprehendebant.
805 2671 910 2698 Etenim
926 2671 979 2697 hall

1096 2669 1154 2700 rion;
1170 2669 1220 2704 τῆς
1242 2668 1351 2705 Ῥώμης
1373 2671 1524 2707 ἀρχιερέως
1536 2694 1544 2707 ,
1556 2674 1666 2709 ἐλεγχος
1676 2675 1706 2702 δὲ
1721 2675 1854 2710 Τιμοθέου

222 2716 260 2742 sis
279 2720 424 2750 utrumque
445 2717 562 2751 superbe
583 2717 716 2753 synodum
732 2724 765 2744 ac
789 2715 904 2744 Tomum
926 2722 979 2749 opp

1095 2715 1113 2740 tl.
1126 2714 1247 2750 Σεὸήρου
1264 2715 1319 2742 τῶν
1332 2718 1517 2746 κατειπόντων
1531 2719 1579 2746 τοῦ
1591 2720 1686 2755 τόμου·
1701 2721 1750 2746 καὶ
1768 2721 1823 2755 γὰρ
1838 2722 1853 2755 ὴ

221 2768 305 2796 guare
323 2761 452 2796 compulit
471 2771 478 2790 :
502 2763 633 2790 Severum
654 2763 764 2797 quidem
786 2762 952 2797 planiorem,
966 2769 979 2787 a

1095 2761 1172 2795 ’ρεσις
1192 2762 1324 2796 ἑκάτερον
1341 2764 1413 2790 κατὰ
1431 2764 1481 2800 τῆς
1503 2766 1615 2794 συνόδου
1632 2766 1680 2792 καὶ
1701 2765 1750 2792 τοῦ
1771 2766 1853 2801 τόμον

875 2807 890 2834 ἱ
897 2810 915 2835 Α
922 2806 991 2834 ιιιτιε
1012 2805 1158 2833 LECTIUN
1164 2806 1213 2834 ES.

259 2853 280 2868 "7
297 2852 394 2888 χρῆται
408 2861 437 2884 ς.
