  <div class='ocr_page' id='page_1' title='image "/cluster/home/n/w/nwhite01/storage/ocr_20150623/103/njp.32101010943882/594.png"; bbox 0 0 1920 3090; ppageno 0'>
   <div class='ocr_carea' id='block_1_1' title="bbox 66 143 118 175">
    <p class='ocr_par' dir='ltr' id='par_1_1' title="bbox 66 143 118 175">
     <span class='ocr_line' id='line_1_1' title="bbox 66 143 118 175; baseline 0 0"><span class='ocrx_word' id='word_1_1' title='bbox 66 143 118 175; x_wconf 70' lang='grc'><strong>941</strong></span> 
     </span>
    </p>
   </div>
   <div class='ocr_carea' id='block_1_2' title="bbox 608 143 1161 175">
    <p class='ocr_par' dir='ltr' id='par_1_2' title="bbox 608 143 1161 175">
     <span class='ocr_line' id='line_1_2' title="bbox 608 143 1161 175; baseline 0.002 -1"><span class='ocrx_word' id='word_1_2' title='bbox 608 143 870 175; x_wconf 85' lang='lat' dir='ltr'><strong>BIBLIOTHECA.</strong></span> <span class='ocrx_word' id='word_1_3' title='bbox 882 154 919 161; x_wconf 88' lang='lat'><strong>—</strong></span> <span class='ocrx_word' id='word_1_4' title='bbox 932 143 1013 174; x_wconf 90' lang='lat' dir='ltr'><strong>COD.</strong></span> <span class='ocrx_word' id='word_1_5' title='bbox 1028 143 1161 175; x_wconf 82' lang='lat' dir='ltr'><strong>CCXXV.</strong></span> 
     </span>
    </p>
   </div>
   <div class='ocr_carea' id='block_1_3' title="bbox 1645 143 1701 177">
    <p class='ocr_par' dir='ltr' id='par_1_3' title="bbox 1645 143 1701 177">
     <span class='ocr_line' id='line_1_3' title="bbox 1645 143 1701 177; baseline 0 0"><span class='ocrx_word' id='word_1_6' title='bbox 1645 143 1701 177; x_wconf 66' lang='grc'><strong>942</strong></span> 
     </span>
    </p>
   </div>
   <div class='ocr_carea' id='block_1_4' title="bbox 68 196 855 236">
    <p class='ocr_par' dir='ltr' id='par_1_4' title="bbox 68 199 855 236">
     <span class='ocr_line' id='line_1_4' title="bbox 68 199 855 236; baseline -0.003 -8"><span class='ocrx_word' id='word_1_7' title='bbox 68 199 157 236; x_wconf 71' lang='grc' dir='ltr'>μεγαλ</span> <span class='ocrx_word' id='word_1_8' title='bbox 163 200 242 234; x_wconf 83' lang='grc' dir='ltr'>αυχεῖ</span> <span class='ocrx_word' id='word_1_9' title='bbox 255 199 457 233; x_wconf 80' lang='grc' dir='ltr'>ἀγωνίσασθαι,</span> <span class='ocrx_word' id='word_1_10' title='bbox 477 199 546 227; x_wconf 78' lang='grc' dir='ltr'>ἀλλὰ</span> <span class='ocrx_word' id='word_1_11' title='bbox 561 200 681 235; x_wconf 86' lang='grc' dir='ltr'>Σεϐἦρον</span> <span class='ocrx_word' id='word_1_12' title='bbox 694 200 744 234; x_wconf 81' lang='grc' dir='ltr'>μὲν</span> <span class='ocrx_word' id='word_1_13' title='bbox 759 199 855 226; x_wconf 85' lang='grc' dir='ltr'>πλατύ-</span> 
     </span>
    </p>
   </div>
   <div class='ocr_carea' id='block_1_5' title="bbox 909 196 1701 236">
    <p class='ocr_par' dir='ltr' id='par_1_5' title="bbox 915 196 1701 229">
     <span class='ocr_line' id='line_1_5' title="bbox 915 196 1701 229; baseline 0.005 -5"><span class='ocrx_word' id='word_1_14' title='bbox 915 198 1078 225; x_wconf 86' lang='lat' dir='ltr'><strong>curatiorem</strong></span> <span class='ocrx_word' id='word_1_15' title='bbox 1110 204 1175 226; x_wconf 85' lang='lat' dir='ltr'><strong>vero</strong></span> <span class='ocrx_word' id='word_1_16' title='bbox 1209 196 1395 226; x_wconf 82' lang='lat' dir='ltr'><strong>Timotheum.</strong></span> <span class='ocrx_word' id='word_1_17' title='bbox 1427 197 1582 227; x_wconf 83' lang='lat' dir='ltr'><strong>Domitiano</strong></span> <span class='ocrx_word' id='word_1_18' title='bbox 1608 205 1701 229; x_wconf 87' lang='lat' dir='ltr'><strong>autem</strong></span> 
     </span>
    </p>
   </div>
   <div class='ocr_carea' id='block_1_6' title="bbox 66 245 863 281">
    <p class='ocr_par' dir='ltr' id='par_1_6' title="bbox 66 245 863 281">
     <span class='ocr_line' id='line_1_6' title="bbox 66 245 863 281; baseline 0 -9"><span class='ocrx_word' id='word_1_19' title='bbox 66 254 159 281; x_wconf 79' lang='grc' dir='ltr'>τερον,</span> <span class='ocrx_word' id='word_1_20' title='bbox 175 245 311 280; x_wconf 70' lang='grc' dir='ltr'>Ττμόθεον</span> <span class='ocrx_word' id='word_1_21' title='bbox 333 245 362 271; x_wconf 82' lang='grc' dir='ltr'><strong>δὲ</strong></span> <span class='ocrx_word' id='word_1_22' title='bbox 383 245 588 281; x_wconf 82' lang='grc' dir='ltr'>ἀκριϐέστερον,</span> <span class='ocrx_word' id='word_1_23' title='bbox 609 246 769 280; x_wconf 84' lang='grc' dir='ltr'>Προσφωνεί</span> <span class='ocrx_word' id='word_1_24' title='bbox 782 245 810 272; x_wconf 78' lang='grc' dir='ltr'><strong>δὲ</strong></span> <span class='ocrx_word' id='word_1_25' title='bbox 832 245 863 272; x_wconf 78' lang='grc' dir='ltr'>τὸ</span> 
     </span>
    </p>
   </div>
   <div class='ocr_carea' id='block_1_7' title="bbox 67 290 721 326">
    <p class='ocr_par' dir='ltr' id='par_1_7' title="bbox 67 290 721 326">
     <span class='ocr_line' id='line_1_7' title="bbox 67 290 721 326; baseline 0.002 -9"><span class='ocrx_word' id='word_1_26' title='bbox 67 291 176 326; x_wconf 81' lang='grc' dir='ltr'>βιϐλίον</span> <span class='ocrx_word' id='word_1_27' title='bbox 189 291 350 326; x_wconf 74' lang='grc' dir='ltr'><strong>Δομετιανῷ</strong></span> <span class='ocrx_word' id='word_1_28' title='bbox 363 290 402 326; x_wconf 80' lang='grc' dir='ltr'>τῷ</span> <span class='ocrx_word' id='word_1_29' title='bbox 418 290 574 326; x_wconf 85' lang='grc' dir='ltr'>Μελιτηνῆς</span> <span class='ocrx_word' id='word_1_30' title='bbox 589 291 721 326; x_wconf 79' lang='grc' dir='ltr'><strong>ἀρχιερεῖ.</strong></span> 
     </span>
    </p>
   </div>
   <div class='ocr_carea' id='block_1_8' title="bbox 111 334 862 371">
    <p class='ocr_par' dir='ltr' id='par_1_8' title="bbox 111 334 862 371">
     <span class='ocr_line' id='line_1_8' title="bbox 111 334 862 371; baseline -0.001 -8"><span class='ocrx_word' id='word_1_31' title='bbox 111 337 143 363; x_wconf 89' lang='lat'><strong>&#39;0</strong></span> <span class='ocrx_word' id='word_1_32' title='bbox 169 337 220 371; x_wconf 78' lang='grc' dir='ltr'>μὲν</span> <span class='ocrx_word' id='word_1_33' title='bbox 237 334 285 363; x_wconf 82' lang='grc' dir='ltr'>οὖν</span> <span class='ocrx_word' id='word_1_34' title='bbox 302 339 327 363; x_wconf 88' lang='grc' dir='ltr'>α’</span> <span class='ocrx_word' id='word_1_35' title='bbox 346 336 425 371; x_wconf 84' lang='grc' dir='ltr'><strong>λόγος</strong></span> <span class='ocrx_word' id='word_1_36' title='bbox 447 337 477 363; x_wconf 81' lang='grc' dir='ltr'>ἐν</span> <span class='ocrx_word' id='word_1_37' title='bbox 500 336 658 371; x_wconf 79' lang='grc' dir='ltr'><strong>κεφαλαίοις</strong></span> <span class='ocrx_word' id='word_1_38' title='bbox 681 336 862 371; x_wconf 80' lang='grc' dir='ltr'><strong>ἀπαρτίζεται</strong></span> 
     </span>
    </p>
   </div>
   <div class='ocr_carea' id='block_1_9' title="bbox 63 380 859 417">
    <p class='ocr_par' dir='ltr' id='par_1_9' title="bbox 63 380 859 417">
     <span class='ocr_line' id='line_1_9' title="bbox 63 380 859 417; baseline -0.001 -8"><span class='ocrx_word' id='word_1_39' title='bbox 63 384 97 415; x_wconf 83' lang='grc' dir='ltr'><strong>δ’,</strong></span> <span class='ocrx_word' id='word_1_40' title='bbox 115 386 144 415; x_wconf 86' lang='grc' dir='ltr'>ς’</span> <span class='ocrx_word' id='word_1_41' title='bbox 158 383 187 409; x_wconf 86' lang='grc' dir='ltr'><strong>δὲ</strong></span> <span class='ocrx_word' id='word_1_42' title='bbox 204 383 365 417; x_wconf 81' lang='grc' dir='ltr'>κεφαλαίοις</span> <span class='ocrx_word' id='word_1_43' title='bbox 379 383 426 410; x_wconf 77' lang='grc' dir='ltr'>καὶ</span> <span class='ocrx_word' id='word_1_44' title='bbox 445 381 461 408; x_wconf 81' lang='grc' dir='ltr'><strong>ι’</strong></span> <span class='ocrx_word' id='word_1_45' title='bbox 474 383 488 409; x_wconf 88' lang='grc' dir='ltr'><strong>ό</strong></span> <span class='ocrx_word' id='word_1_46' title='bbox 504 382 537 416; x_wconf 86' lang='grc' dir='ltr'><strong>β’.</strong></span> <span class='ocrx_word' id='word_1_47' title='bbox 547 383 686 417; x_wconf 83' lang='grc' dir='ltr'>Διηγεῖται</span> <span class='ocrx_word' id='word_1_48' title='bbox 697 382 725 408; x_wconf 86' lang='grc' dir='ltr'>δὲ</span> <span class='ocrx_word' id='word_1_49' title='bbox 739 381 803 417; x_wconf 77' lang='grc'><strong>[595</strong></span> <span class='ocrx_word' id='word_1_50' title='bbox 815 380 859 417; x_wconf 69' lang='lat' dir='ltr'><strong>IL]</strong></span> 
     </span>
    </p>
   </div>
   <div class='ocr_carea' id='block_1_10' title="bbox 66 426 860 463">
    <p class='ocr_par' dir='ltr' id='par_1_10' title="bbox 66 426 860 463">
     <span class='ocr_line' id='line_1_10' title="bbox 66 426 860 463; baseline -0.001 -9"><span class='ocrx_word' id='word_1_51' title='bbox 66 428 140 463; x_wconf 82' lang='grc' dir='ltr'>μετὰ</span> <span class='ocrx_word' id='word_1_52' title='bbox 155 428 191 454; x_wconf 86' lang='grc' dir='ltr'>τὰ</span> <span class='ocrx_word' id='word_1_53' title='bbox 210 428 343 463; x_wconf 77' lang='grc' dir='ltr'>προοίμια</span> <span class='ocrx_word' id='word_1_54' title='bbox 354 427 384 454; x_wconf 78' lang='grc' dir='ltr'><strong>τὺ</strong></span> <span class='ocrx_word' id='word_1_55' title='bbox 409 427 435 454; x_wconf 89' lang='grc' dir='ltr'>α’</span> <span class='ocrx_word' id='word_1_56' title='bbox 457 426 559 462; x_wconf 88' lang='grc' dir='ltr'>βιϐλίον</span> <span class='ocrx_word' id='word_1_57' title='bbox 573 427 623 462; x_wconf 87' lang='grc' dir='ltr'><strong>τὴν</strong></span> <span class='ocrx_word' id='word_1_58' title='bbox 640 427 729 453; x_wconf 80' lang='grc' dir='ltr'>αἰτίαν</span> <span class='ocrx_word' id='word_1_59' title='bbox 745 426 779 454; x_wconf 79' lang='grc' dir='ltr'><strong>δι’</strong></span> <span class='ocrx_word' id='word_1_60' title='bbox 795 427 829 462; x_wconf 77' lang='grc' dir='ltr'>ἣν</span> <span class='ocrx_word' id='word_1_61' title='bbox 844 428 860 462; x_wconf 81' lang='grc' dir='ltr'><strong>ἡ</strong></span> 
     </span>
    </p>
   </div>
   <div class='ocr_carea' id='block_1_11' title="bbox 64 472 859 509">
    <p class='ocr_par' dir='ltr' id='par_1_11' title="bbox 64 472 859 509">
     <span class='ocr_line' id='line_1_11' title="bbox 64 472 859 509; baseline 0 -10"><span class='ocrx_word' id='word_1_62' title='bbox 64 474 166 509; x_wconf 82' lang='grc' dir='ltr'>γραφὴ</span> <span class='ocrx_word' id='word_1_63' title='bbox 190 473 323 508; x_wconf 82' lang='grc' dir='ltr'>προῆλθε,</span> <span class='ocrx_word' id='word_1_64' title='bbox 345 474 393 500; x_wconf 78' lang='grc' dir='ltr'>καὶ</span> <span class='ocrx_word' id='word_1_65' title='bbox 405 473 444 505; x_wconf 84' lang='grc' dir='ltr'>ὡς</span> <span class='ocrx_word' id='word_1_66' title='bbox 458 472 563 508; x_wconf 81' lang='grc' dir='ltr'>ἀνδρῶν</span> <span class='ocrx_word' id='word_1_67' title='bbox 582 473 704 500; x_wconf 85' lang='grc' dir='ltr'>εὐλαϐὦν</span> <span class='ocrx_word' id='word_1_68' title='bbox 718 474 859 508; x_wconf 78' lang='grc' dir='ltr'><strong>προτροπῇ</strong></span> 
     </span>
    </p>
   </div>
   <div class='ocr_carea' id='block_1_12' title="bbox 63 516 860 554">
    <p class='ocr_par' dir='ltr' id='par_1_12' title="bbox 63 516 860 554">
     <span class='ocr_line' id='line_1_12' title="bbox 63 516 860 554; baseline 0 -9"><span class='ocrx_word' id='word_1_69' title='bbox 63 519 172 554; x_wconf 81' lang='grc' dir='ltr'>ταύτην</span> <span class='ocrx_word' id='word_1_70' title='bbox 188 518 340 554; x_wconf 76' lang='grc' dir='ltr'><strong>ἐπράξατο.</strong></span> <span class='ocrx_word' id='word_1_71' title='bbox 364 518 422 553; x_wconf 82' lang='grc' dir='ltr'><strong>Ἐφ’</strong></span> <span class='ocrx_word' id='word_1_72' title='bbox 437 516 477 549; x_wconf 76' lang='grc' dir='ltr'><strong>οἷς</strong></span> <span class='ocrx_word' id='word_1_73' title='bbox 492 518 629 545; x_wconf 74' lang='grc' dir='ltr'><strong>ἐκτίθεται</strong></span> <span class='ocrx_word' id='word_1_74' title='bbox 642 518 724 553; x_wconf 87' lang='grc' dir='ltr'>νόμον</span> <span class='ocrx_word' id='word_1_75' title='bbox 739 519 786 544; x_wconf 68' lang='grc' dir='ltr'>καὶ</span> <span class='ocrx_word' id='word_1_76' title='bbox 809 527 860 545; x_wconf 88' lang='grc' dir='ltr'>κα-</span> 
     </span>
    </p>
   </div>
   <div class='ocr_carea' id='block_1_13' title="bbox 63 563 857 599">
    <p class='ocr_par' dir='ltr' id='par_1_13' title="bbox 63 563 857 599">
     <span class='ocr_line' id='line_1_13' title="bbox 63 563 857 599; baseline -0.001 -9"><span class='ocrx_word' id='word_1_77' title='bbox 63 565 129 590; x_wconf 76' lang='grc' dir='ltr'>νόνα</span> <span class='ocrx_word' id='word_1_78' title='bbox 141 585 148 597; x_wconf 88' lang='grc'><em>,</em></span> <span class='ocrx_word' id='word_1_79' title='bbox 169 563 208 599; x_wconf 80' lang='grc' dir='ltr'>μὴ</span> <span class='ocrx_word' id='word_1_80' title='bbox 221 564 278 590; x_wconf 77' lang='grc' dir='ltr'>δεῖν</span> <span class='ocrx_word' id='word_1_81' title='bbox 292 564 324 590; x_wconf 75' lang='grc' dir='ltr'>ὲκ</span> <span class='ocrx_word' id='word_1_82' title='bbox 343 564 444 598; x_wconf 83' lang='grc' dir='ltr'><strong>μέρους</strong></span> <span class='ocrx_word' id='word_1_83' title='bbox 457 563 493 589; x_wconf 78' lang='grc' dir='ltr'>τὰ</span> <span class='ocrx_word' id='word_1_84' title='bbox 516 563 721 598; x_wconf 84' lang='grc' dir='ltr'>συγγράμματα</span> <span class='ocrx_word' id='word_1_85' title='bbox 744 563 857 597; x_wconf 81' lang='grc' dir='ltr'>κρίνειν,</span> 
     </span>
    </p>
   </div>
   <div class='ocr_carea' id='block_1_14' title="bbox 65 608 860 644">
    <p class='ocr_par' dir='ltr' id='par_1_14' title="bbox 65 608 860 644">
     <span class='ocr_line' id='line_1_14' title="bbox 65 608 860 644; baseline -0.001 -9"><span class='ocrx_word' id='word_1_86' title='bbox 65 609 129 643; x_wconf 84' lang='grc' dir='ltr'><strong>μηδ’</strong></span> <span class='ocrx_word' id='word_1_87' title='bbox 144 609 392 644; x_wconf 83' lang='grc' dir='ltr'>ἀποσπαρὰγματά</span> <span class='ocrx_word' id='word_1_88' title='bbox 403 617 466 635; x_wconf 90' lang='grc' dir='ltr'>τινα</span> <span class='ocrx_word' id='word_1_89' title='bbox 487 608 676 644; x_wconf 85' lang='grc' dir='ltr'>λαμϐάνοντας</span> <span class='ocrx_word' id='word_1_90' title='bbox 692 608 736 635; x_wconf 83' lang='grc' dir='ltr'><strong>διὰ</strong></span> <span class='ocrx_word' id='word_1_91' title='bbox 756 608 860 634; x_wconf 87' lang='grc' dir='ltr'>τούτων</span> 
     </span>
    </p>
   </div>
   <div class='ocr_carea' id='block_1_15' title="bbox 62 653 858 690">
    <p class='ocr_par' dir='ltr' id='par_1_15' title="bbox 62 653 858 690">
     <span class='ocr_line' id='line_1_15' title="bbox 62 653 858 690; baseline -0.001 -10"><span class='ocrx_word' id='word_1_92' title='bbox 62 655 113 690; x_wconf 84' lang='grc' dir='ltr'>τὴν</span> <span class='ocrx_word' id='word_1_93' title='bbox 128 654 195 689; x_wconf 79' lang='grc' dir='ltr'>ὃλην</span> <span class='ocrx_word' id='word_1_94' title='bbox 207 654 254 680; x_wconf 85' lang='grc' dir='ltr'>τοῦ</span> <span class='ocrx_word' id='word_1_95' title='bbox 277 655 430 689; x_wconf 79' lang='grc' dir='ltr'><strong>γράφοντος</strong></span> <span class='ocrx_word' id='word_1_96' title='bbox 448 653 632 681; x_wconf 84' lang='grc' dir='ltr'>ὲνδιαϐάλλειν</span> <span class='ocrx_word' id='word_1_97' title='bbox 653 654 783 681; x_wconf 76' lang='grc' dir='ltr'>διάνοιαν·</span> <span class='ocrx_word' id='word_1_98' title='bbox 803 655 858 685; x_wconf 85' lang='grc' dir='ltr'>τοῖς</span> 
     </span>
    </p>
   </div>
   <div class='ocr_carea' id='block_1_16' title="bbox 62 698 857 734">
    <p class='ocr_par' dir='ltr' id='par_1_16' title="bbox 62 698 857 734">
     <span class='ocr_line' id='line_1_16' title="bbox 62 698 857 734; baseline 0.001 -10"><span class='ocrx_word' id='word_1_99' title='bbox 62 699 118 733; x_wconf 81' lang='grc' dir='ltr'>γὰρ</span> <span class='ocrx_word' id='word_1_100' title='bbox 136 698 271 730; x_wconf 77' lang='grc' dir='ltr'><strong>τοιούτοις</strong></span> <span class='ocrx_word' id='word_1_101' title='bbox 286 699 334 725; x_wconf 56' lang='grc' dir='ltr'><strong>καὶ⁴</strong></span> <span class='ocrx_word' id='word_1_102' title='bbox 357 699 371 724; x_wconf 85' lang='grc' dir='ltr'>ὁ</span> <span class='ocrx_word' id='word_1_103' title='bbox 394 699 538 733; x_wconf 82' lang='grc' dir='ltr'>’προφήτης</span> <span class='ocrx_word' id='word_1_104' title='bbox 554 698 687 733; x_wconf 73' lang='grc' dir='ltr'><strong>ἐπαφίησι</strong></span> <span class='ocrx_word' id='word_1_105' title='bbox 711 700 761 733; x_wconf 79' lang='grc' dir='ltr'>τὴν</span> <span class='ocrx_word' id='word_1_106' title='bbox 776 699 857 734; x_wconf 78' lang='grc' dir='ltr'>ἀρὰν,</span> 
     </span>
    </p>
   </div>
   <div class='ocr_carea' id='block_1_17' title="bbox 64 744 859 778">
    <p class='ocr_par' dir='ltr' id='par_1_17' title="bbox 64 744 859 778">
     <span class='ocr_line' id='line_1_17' title="bbox 64 744 859 778; baseline 0 -8"><span class='ocrx_word' id='word_1_107' title='bbox 64 744 139 770; x_wconf 74' lang='grc' dir='ltr'><strong>Οὐαὶ</strong></span> <span class='ocrx_word' id='word_1_108' title='bbox 144 744 169 760; x_wconf 74' lang='grc'><strong>⁸³</strong></span> <span class='ocrx_word' id='word_1_109' title='bbox 178 744 241 776; x_wconf 83' lang='grc' dir='ltr'><em>τοῖς</em></span> <span class='ocrx_word' id='word_1_110' title='bbox 249 745 483 778; x_wconf 66' lang='grc' dir='ltr'><em>προφητεύουσι,</em></span> <span class='ocrx_word' id='word_1_111' title='bbox 491 744 588 778; x_wconf 86' lang='grc' dir='ltr'>λέγων,</span> <span class='ocrx_word' id='word_1_112' title='bbox 599 744 659 771; x_wconf 82' lang='grc' dir='ltr'><strong>ἀπὸ</strong></span> <span class='ocrx_word' id='word_1_113' title='bbox 672 744 795 777; x_wconf 82' lang='grc' dir='ltr'><strong>καρδίας</strong></span> <span class='ocrx_word' id='word_1_114' title='bbox 804 745 859 771; x_wconf 88' lang='grc' dir='ltr'><strong>αὺ-</strong></span> 
     </span>
    </p>
   </div>
   <div class='ocr_carea' id='block_1_18' title="bbox 63 788 859 824">
    <p class='ocr_par' dir='ltr' id='par_1_18' title="bbox 63 788 859 824">
     <span class='ocr_line' id='line_1_18' title="bbox 63 788 859 824; baseline 0.001 -10"><span class='ocrx_word' id='word_1_115' title='bbox 63 788 135 822; x_wconf 82' lang='grc' dir='ltr'><em>τῶν,</em></span> <span class='ocrx_word' id='word_1_116' title='bbox 154 789 206 817; x_wconf 77' lang='grc' dir='ltr'><strong>καί</strong></span> <span class='ocrx_word' id='word_1_117' title='bbox 223 789 256 815; x_wconf 87' lang='grc' dir='ltr'><em>τὸ</em></span> <span class='ocrx_word' id='word_1_118' title='bbox 273 790 404 816; x_wconf 71' lang='grc' dir='ltr'><strong>καθόλου</strong></span> <span class='ocrx_word' id='word_1_119' title='bbox 414 789 458 824; x_wconf 77' lang='grc' dir='ltr'><em>μὴ</em></span> <span class='ocrx_word' id='word_1_120' title='bbox 470 789 634 821; x_wconf 81' lang='grc' dir='ltr'><em>βλέπουσι.</em></span> <span class='ocrx_word' id='word_1_121' title='bbox 654 790 755 816; x_wconf 82' lang='grc' dir='ltr'>Τοῦτον</span> <span class='ocrx_word' id='word_1_122' title='bbox 770 790 798 816; x_wconf 79' lang='grc' dir='ltr'><strong>δὲ</strong></span> <span class='ocrx_word' id='word_1_123' title='bbox 813 790 859 816; x_wconf 84' lang='grc' dir='ltr'>τὸν</span> 
     </span>
    </p>
   </div>
   <div class='ocr_carea' id='block_1_19' title="bbox 61 834 856 870">
    <p class='ocr_par' dir='ltr' id='par_1_19' title="bbox 61 834 856 870">
     <span class='ocr_line' id='line_1_19' title="bbox 61 834 856 870; baseline 0.001 -10"><span class='ocrx_word' id='word_1_124' title='bbox 61 835 145 869; x_wconf 78' lang='grc' dir='ltr'>νόμον</span> <span class='ocrx_word' id='word_1_125' title='bbox 168 835 217 861; x_wconf 74' lang='grc' dir='ltr'>καὶ</span> <span class='ocrx_word' id='word_1_126' title='bbox 230 834 331 861; x_wconf 81' lang='grc' dir='ltr'>κανόνα</span> <span class='ocrx_word' id='word_1_127' title='bbox 349 835 465 861; x_wconf 73' lang='grc' dir='ltr'>καὶτῶν</span> <span class='ocrx_word' id='word_1_128' title='bbox 483 835 562 870; x_wconf 79' lang='grc' dir='ltr'>ιερῶν</span> <span class='ocrx_word' id='word_1_129' title='bbox 577 834 655 870; x_wconf 82' lang='grc' dir='ltr'>ἡμῶν</span> <span class='ocrx_word' id='word_1_130' title='bbox 674 835 805 870; x_wconf 86' lang='grc' dir='ltr'>Πατέρων</span> <span class='ocrx_word' id='word_1_131' title='bbox 828 836 856 861; x_wconf 82' lang='grc' dir='ltr'>αἱ</span> 
     </span>
    </p>
   </div>
   <div class='ocr_carea' id='block_1_20' title="bbox 911 243 1266 278">
    <p class='ocr_par' dir='ltr' id='par_1_20' title="bbox 911 243 1266 278">
     <span class='ocr_line' id='line_1_20' title="bbox 911 243 1266 278; baseline 0 -7"><span class='ocrx_word' id='word_1_132' title='bbox 911 243 1051 271; x_wconf 77' lang='lat' dir='ltr'><strong>Melitenu:</strong></span> <span class='ocrx_word' id='word_1_133' title='bbox 1068 251 1136 278; x_wconf 89' lang='lat' dir='ltr'><strong>opus</strong></span> <span class='ocrx_word' id='word_1_134' title='bbox 1150 243 1266 271; x_wconf 81' lang='lat' dir='ltr'><strong>dedicat.</strong></span> 
     </span>
    </p>
   </div>
   <div class='ocr_carea' id='block_1_21' title="bbox 949 332 1700 369">
    <p class='ocr_par' dir='ltr' id='par_1_21' title="bbox 949 332 1700 369">
     <span class='ocr_line' id='line_1_21' title="bbox 949 332 1700 369; baseline 0.004 -9"><span class='ocrx_word' id='word_1_135' title='bbox 949 332 1056 361; x_wconf 86' lang='lat' dir='ltr'><strong>Primus</strong></span> <span class='ocrx_word' id='word_1_136' title='bbox 1069 333 1179 368; x_wconf 88' lang='lat' dir='ltr'><strong>quidem</strong></span> <span class='ocrx_word' id='word_1_137' title='bbox 1197 333 1268 361; x_wconf 84' lang='lat' dir='ltr'><strong>liber</strong></span> <span class='ocrx_word' id='word_1_138' title='bbox 1289 338 1410 368; x_wconf 91' lang='lat' dir='ltr'><strong>quatuor</strong></span> <span class='ocrx_word' id='word_1_139' title='bbox 1424 334 1561 369; x_wconf 77' lang='lat' dir='ltr'><strong>capitibus</strong></span> <span class='ocrx_word' id='word_1_140' title='bbox 1579 334 1700 363; x_wconf 85' lang='lat' dir='ltr'><strong>absolvi-</strong></span> 
     </span>
    </p>
   </div>
   <div class='ocr_carea' id='block_1_22' title="bbox 914 378 1698 416">
    <p class='ocr_par' dir='ltr' id='par_1_22' title="bbox 914 378 1698 416">
     <span class='ocr_line' id='line_1_22' title="bbox 914 378 1698 416; baseline 0.009 -13"><span class='ocrx_word' id='word_1_141' title='bbox 914 379 966 410; x_wconf 85' lang='lat' dir='ltr'><strong>lur,</strong></span> <span class='ocrx_word' id='word_1_142' title='bbox 984 378 1053 405; x_wconf 89' lang='lat' dir='ltr'><strong>alter</strong></span> <span class='ocrx_word' id='word_1_143' title='bbox 1068 386 1131 406; x_wconf 92' lang='lat' dir='ltr'><strong>vero</strong></span> <span class='ocrx_word' id='word_1_144' title='bbox 1145 379 1274 406; x_wconf 87' lang='lat' dir='ltr'><strong>sedecim.</strong></span> <span class='ocrx_word' id='word_1_145' title='bbox 1289 380 1368 407; x_wconf 90' lang='lat' dir='ltr'><strong>Initio</strong></span> <span class='ocrx_word' id='word_1_146' title='bbox 1380 384 1469 407; x_wconf 87' lang='lat' dir='ltr'><strong>autem</strong></span> <span class='ocrx_word' id='word_1_147' title='bbox 1484 381 1575 416; x_wconf 86' lang='lat' dir='ltr'><strong>operis</strong></span> <span class='ocrx_word' id='word_1_148' title='bbox 1587 389 1698 410; x_wconf 85' lang='lat' dir='ltr'><strong>causam</strong></span> 
     </span>
    </p>
   </div>
   <div class='ocr_carea' id='block_1_23' title="bbox 914 425 1699 460">
    <p class='ocr_par' dir='ltr' id='par_1_23' title="bbox 914 425 1699 460">
     <span class='ocr_line' id='line_1_23' title="bbox 914 425 1699 460; baseline 0.008 -10"><span class='ocrx_word' id='word_1_149' title='bbox 914 425 1001 451; x_wconf 89' lang='lat' dir='ltr'><strong>reddit</strong></span> <span class='ocrx_word' id='word_1_150' title='bbox 1015 425 1131 460; x_wconf 91' lang='lat' dir='ltr'><strong>suscepti</strong></span> <span class='ocrx_word' id='word_1_151' title='bbox 1148 425 1257 458; x_wconf 87' lang='lat' dir='ltr'><strong>laboris,</strong></span> <span class='ocrx_word' id='word_1_152' title='bbox 1272 433 1325 460; x_wconf 90' lang='lat' dir='ltr'><strong>quo</strong></span> <span class='ocrx_word' id='word_1_153' title='bbox 1340 430 1368 453; x_wconf 92' lang='lat' dir='ltr'><strong>et</strong></span> <span class='ocrx_word' id='word_1_154' title='bbox 1387 426 1425 460; x_wconf 87' lang='lat' dir='ltr'><strong>pii</strong></span> <span class='ocrx_word' id='word_1_155' title='bbox 1440 427 1564 455; x_wconf 84' lang='lat' dir='ltr'><strong>homines</strong></span> <span class='ocrx_word' id='word_1_156' title='bbox 1576 428 1699 456; x_wconf 82' lang='lat' dir='ltr'><strong>scriben-</strong></span> 
     </span>
    </p>
   </div>
   <div class='ocr_carea' id='block_1_24' title="bbox 913 470 1697 505">
    <p class='ocr_par' dir='ltr' id='par_1_24' title="bbox 913 470 1697 505">
     <span class='ocr_line' id='line_1_24' title="bbox 913 470 1697 505; baseline 0.009 -9"><span class='ocrx_word' id='word_1_157' title='bbox 913 474 966 496; x_wconf 88' lang='lat' dir='ltr'><strong>tem</strong></span> <span class='ocrx_word' id='word_1_158' title='bbox 983 470 1141 497; x_wconf 92' lang='lat' dir='ltr'><strong>invitarunt.</strong></span> <span class='ocrx_word' id='word_1_159' title='bbox 1162 471 1265 504; x_wconf 85' lang='lat' dir='ltr'><strong>Quibus</strong></span> <span class='ocrx_word' id='word_1_160' title='bbox 1288 471 1374 505; x_wconf 74' lang='lat' dir='ltr'><strong>legem</strong></span> <span class='ocrx_word' id='word_1_161' title='bbox 1400 474 1541 500; x_wconf 88' lang='lat' dir='ltr'><strong>constituit</strong></span> <span class='ocrx_word' id='word_1_162' title='bbox 1559 479 1588 502; x_wconf 82' lang='lat' dir='ltr'><strong>et</strong></span> <span class='ocrx_word' id='word_1_163' title='bbox 1612 482 1697 503; x_wconf 89' lang='lat' dir='ltr'><strong>cano-</strong></span> 
     </span>
    </p>
   </div>
   <div class='ocr_carea' id='block_1_25' title="bbox 912 516 1696 554">
    <p class='ocr_par' dir='ltr' id='par_1_25' title="bbox 912 516 1696 554">
     <span class='ocr_line' id='line_1_25' title="bbox 912 516 1696 554; baseline 0.01 -13"><span class='ocrx_word' id='word_1_164' title='bbox 912 522 985 547; x_wconf 85' lang='lat' dir='ltr'><strong>nem,</strong></span> <span class='ocrx_word' id='word_1_165' title='bbox 1002 516 1102 550; x_wconf 87' lang='lat' dir='ltr'><strong>scripta</strong></span> <span class='ocrx_word' id='word_1_166' title='bbox 1125 517 1272 550; x_wconf 79' lang='lat' dir='ltr'><strong>dijutlicure</strong></span> <span class='ocrx_word' id='word_1_167' title='bbox 1286 524 1338 543; x_wconf 89' lang='lat' dir='ltr'><strong>non</strong></span> <span class='ocrx_word' id='word_1_168' title='bbox 1350 523 1475 552; x_wconf 91' lang='lat' dir='ltr'><strong>oportere</strong></span> <span class='ocrx_word' id='word_1_169' title='bbox 1494 526 1527 546; x_wconf 74' lang='lat' dir='ltr'><strong>ex</strong></span> <span class='ocrx_word' id='word_1_170' title='bbox 1548 524 1634 554; x_wconf 87' lang='lat' dir='ltr'><strong>parte,</strong></span> <span class='ocrx_word' id='word_1_171' title='bbox 1647 529 1696 549; x_wconf 88' lang='lat' dir='ltr'><strong>ne-</strong></span> 
     </span>
    </p>
   </div>
   <div class='ocr_carea' id='block_1_26' title="bbox 912 560 1695 596">
    <p class='ocr_par' dir='ltr' id='par_1_26' title="bbox 912 560 1695 596">
     <span class='ocr_line' id='line_1_26' title="bbox 912 560 1695 596; baseline 0.009 -9"><span class='ocrx_word' id='word_1_172' title='bbox 912 568 966 594; x_wconf 79' lang='lat' dir='ltr'><strong>que</strong></span> <span class='ocrx_word' id='word_1_173' title='bbox 992 560 1143 596; x_wconf 80' lang='lat' dir='ltr'><strong>fragmenta</strong></span> <span class='ocrx_word' id='word_1_174' title='bbox 1164 562 1287 596; x_wconf 62' lang='lat' dir='ltr'><strong>quaedam</strong></span> <span class='ocrx_word' id='word_1_175' title='bbox 1317 563 1458 596; x_wconf 89' lang='lat' dir='ltr'><strong>sumendo,</strong></span> <span class='ocrx_word' id='word_1_176' title='bbox 1479 572 1511 591; x_wconf 83' lang='lat' dir='ltr'><strong>ex</strong></span> <span class='ocrx_word' id='word_1_177' title='bbox 1530 565 1571 593; x_wconf 86' lang='lat' dir='ltr'><strong>his</strong></span> <span class='ocrx_word' id='word_1_178' title='bbox 1588 567 1621 593; x_wconf 92' lang='lat' dir='ltr'><strong>de</strong></span> <span class='ocrx_word' id='word_1_179' title='bbox 1639 570 1695 594; x_wconf 83' lang='lat' dir='ltr'><strong>tota</strong></span> 
     </span>
    </p>
   </div>
   <div class='ocr_carea' id='block_1_27' title="bbox 911 606 1698 641">
    <p class='ocr_par' dir='ltr' id='par_1_27' title="bbox 911 606 1698 641">
     <span class='ocr_line' id='line_1_27' title="bbox 911 606 1698 641; baseline 0.01 -9"><span class='ocrx_word' id='word_1_180' title='bbox 911 606 1052 640; x_wconf 85' lang='lat' dir='ltr'><strong>scriptoris</strong></span> <span class='ocrx_word' id='word_1_181' title='bbox 1065 611 1153 635; x_wconf 87' lang='lat' dir='ltr'><strong>mente</strong></span> <span class='ocrx_word' id='word_1_182' title='bbox 1164 606 1296 641; x_wconf 88' lang='lat' dir='ltr'><strong>judicium</strong></span> <span class='ocrx_word' id='word_1_183' title='bbox 1321 607 1474 636; x_wconf 83' lang='lat' dir='ltr'><strong>lerendum.</strong></span> <span class='ocrx_word' id='word_1_184' title='bbox 1484 609 1537 637; x_wconf 89' lang='lat' dir='ltr'><strong>Hos</strong></span> <span class='ocrx_word' id='word_1_185' title='bbox 1549 611 1620 638; x_wconf 89' lang='lat' dir='ltr'><strong>enim</strong></span> <span class='ocrx_word' id='word_1_186' title='bbox 1632 611 1698 640; x_wconf 89' lang='lat' dir='ltr'><strong>Pro-</strong></span> 
     </span>
    </p>
   </div>
   <div class='ocr_carea' id='block_1_28' title="bbox 911 651 1697 690">
    <p class='ocr_par' dir='ltr' id='par_1_28' title="bbox 911 651 1697 690">
     <span class='ocr_line' id='line_1_28' title="bbox 911 651 1697 690; baseline 0.008 -13"><span class='ocrx_word' id='word_1_187' title='bbox 911 652 990 685; x_wconf 85' lang='lat' dir='ltr'><strong>pheta</strong></span> <span class='ocrx_word' id='word_1_188' title='bbox 1001 654 1172 686; x_wconf 51' lang='lat' dir='ltr'><strong>exsecratur;</strong></span> <span class='ocrx_word' id='word_1_189' title='bbox 1195 651 1238 679; x_wconf 76' lang='lat' dir='ltr'><strong>Va:</strong></span> <span class='ocrx_word' id='word_1_190' title='bbox 1248 652 1393 687; x_wconf 82' lang='lat' dir='ltr'><strong>prophetis,</strong></span> <span class='ocrx_word' id='word_1_191' title='bbox 1406 654 1452 689; x_wconf 85' lang='lat' dir='ltr'><strong>qui</strong></span> <span class='ocrx_word' id='word_1_192' title='bbox 1464 661 1610 690; x_wconf 80' lang='lat' dir='ltr'><strong>sequuntur</strong></span> <span class='ocrx_word' id='word_1_193' title='bbox 1620 657 1697 690; x_wconf 85' lang='lat' dir='ltr'><strong>spiri-</strong></span> 
     </span>
    </p>
   </div>
   <div class='ocr_carea' id='block_1_29' title="bbox 910 697 1695 738">
    <p class='ocr_par' dir='ltr' id='par_1_29' title="bbox 910 697 1695 738">
     <span class='ocr_line' id='line_1_29' title="bbox 910 697 1695 738; baseline 0.01 -16"><span class='ocrx_word' id='word_1_194' title='bbox 910 702 964 723; x_wconf 86' lang='lat' dir='ltr'><strong>tum</strong></span> <span class='ocrx_word' id='word_1_195' title='bbox 982 705 1070 730; x_wconf 83' lang='lat' dir='ltr'><strong>suum,</strong></span> <span class='ocrx_word' id='word_1_196' title='bbox 1087 702 1113 724; x_wconf 84' lang='lat' dir='ltr'><strong>et</strong></span> <span class='ocrx_word' id='word_1_197' title='bbox 1135 698 1201 724; x_wconf 82' lang='lat' dir='ltr'><strong>nihil</strong></span> <span class='ocrx_word' id='word_1_198' title='bbox 1222 697 1347 727; x_wconf 50' lang='lat' dir='ltr'><strong>vident”!</strong></span> <span class='ocrx_word' id='word_1_199' title='bbox 1365 699 1440 728; x_wconf 82' lang='lat' dir='ltr'><strong>Hanc</strong></span> <span class='ocrx_word' id='word_1_200' title='bbox 1456 700 1541 736; x_wconf 76' lang='lat' dir='ltr'><strong>legem</strong></span> <span class='ocrx_word' id='word_1_201' title='bbox 1561 710 1592 730; x_wconf 92' lang='lat' dir='ltr'><strong>ac</strong></span> <span class='ocrx_word' id='word_1_202' title='bbox 1614 711 1695 738; x_wconf 81' lang='lat' dir='ltr'><strong>regu-</strong></span> 
     </span>
    </p>
   </div>
   <div class='ocr_carea' id='block_1_30' title="bbox 910 739 1693 776">
    <p class='ocr_par' dir='ltr' id='par_1_30' title="bbox 910 739 1693 776">
     <span class='ocr_line' id='line_1_30' title="bbox 910 739 1693 776; baseline 0.011 -9"><span class='ocrx_word' id='word_1_203' title='bbox 910 739 964 767; x_wconf 90' lang='lat' dir='ltr'><strong>lam</strong></span> <span class='ocrx_word' id='word_1_204' title='bbox 990 745 1017 768; x_wconf 89' lang='lat' dir='ltr'><strong>et</strong></span> <span class='ocrx_word' id='word_1_205' title='bbox 1045 742 1154 770; x_wconf 88' lang='lat' dir='ltr'><strong>Patrum</strong></span> <span class='ocrx_word' id='word_1_206' title='bbox 1184 750 1341 771; x_wconf 87' lang='lat' dir='ltr'><strong>nostrorum</strong></span> <span class='ocrx_word' id='word_1_207' title='bbox 1371 745 1482 774; x_wconf 80' lang='lat' dir='ltr'><strong>decreta</strong></span> <span class='ocrx_word' id='word_1_208' title='bbox 1516 748 1693 776; x_wconf 84' lang='lat' dir='ltr'><strong>conﬁrmant.</strong></span> 
     </span>
    </p>
   </div>
   <div class='ocr_carea' id='block_1_31' title="bbox 909 787 1695 827">
    <p class='ocr_par' dir='ltr' id='par_1_31' title="bbox 909 787 1695 827">
     <span class='ocr_line' id='line_1_31' title="bbox 909 787 1695 827; baseline 0.01 -13"><span class='ocrx_word' id='word_1_209' title='bbox 909 787 1015 815; x_wconf 86' lang='lat' dir='ltr'><strong>Etenim</strong></span> <span class='ocrx_word' id='word_1_210' title='bbox 1032 788 1189 817; x_wconf 79' lang='lat' dir='ltr'><strong>Eustathius</strong></span> <span class='ocrx_word' id='word_1_211' title='bbox 1211 790 1396 818; x_wconf 82' lang='lat' dir='ltr'><strong>Antiochenus</strong></span> <span class='ocrx_word' id='word_1_212' title='bbox 1422 793 1566 827; x_wconf 89' lang='lat' dir='ltr'><strong>episcopus</strong></span> <span class='ocrx_word' id='word_1_213' title='bbox 1592 794 1618 822; x_wconf 89' lang='lat' dir='ltr'><strong>in</strong></span> <span class='ocrx_word' id='word_1_214' title='bbox 1648 803 1695 822; x_wconf 77' lang='lat' dir='ltr'><strong>sex</strong></span> 
     </span>
    </p>
   </div>
   <div class='ocr_carea' id='block_1_32' title="bbox 909 834 1695 868">
    <p class='ocr_par' dir='ltr' id='par_1_32' title="bbox 909 834 1695 868">
     <span class='ocr_line' id='line_1_32' title="bbox 909 834 1695 868; baseline 0.011 -9"><span class='ocrx_word' id='word_1_215' title='bbox 909 834 1033 861; x_wconf 81' lang='lat' dir='ltr'><strong>adversus</strong></span> <span class='ocrx_word' id='word_1_216' title='bbox 1059 835 1171 862; x_wconf 77' lang='lat' dir='ltr'><strong>Arianos</strong></span> <span class='ocrx_word' id='word_1_217' title='bbox 1203 835 1279 863; x_wconf 90' lang='lat' dir='ltr'><strong>libris</strong></span> <span class='ocrx_word' id='word_1_218' title='bbox 1302 836 1345 864; x_wconf 87' lang='lat' dir='ltr'><strong>his</strong></span> <span class='ocrx_word' id='word_1_219' title='bbox 1380 837 1470 865; x_wconf 83' lang='lat' dir='ltr'><strong>verbis</strong></span> <span class='ocrx_word' id='word_1_220' title='bbox 1490 840 1584 867; x_wconf 88' lang='lat' dir='ltr'><strong>scribit</strong></span> <span class='ocrx_word' id='word_1_221' title='bbox 1606 849 1613 867; x_wconf 89' lang='lat'><strong>:</strong></span> <span class='ocrx_word' id='word_1_222' title='bbox 1643 839 1695 868; x_wconf 77' lang='lat' dir='ltr'><strong>Sed</strong></span> 
     </span>
    </p>
   </div>
   <div class='ocr_carea' id='block_1_33' title="bbox 61 880 855 917">
    <p class='ocr_par' dir='ltr' id='par_1_33' title="bbox 61 880 855 915">
     <span class='ocr_line' id='line_1_33' title="bbox 61 880 855 915; baseline 0 -9"><span class='ocrx_word' id='word_1_223' title='bbox 61 881 149 914; x_wconf 71' lang='grc' dir='ltr'>ψῆφοι</span> <span class='ocrx_word' id='word_1_224' title='bbox 169 880 345 915; x_wconf 84' lang='grc' dir='ltr'>κρατύνουσι.</span> <span class='ocrx_word' id='word_1_225' title='bbox 372 880 427 906; x_wconf 81' lang='grc' dir='ltr'><strong>Καὶ</strong></span> <span class='ocrx_word' id='word_1_226' title='bbox 452 880 506 915; x_wconf 85' lang='grc' dir='ltr'>γὰρ</span> <span class='ocrx_word' id='word_1_227' title='bbox 531 880 579 907; x_wconf 80' lang='grc' dir='ltr'>καὶ</span> <span class='ocrx_word' id='word_1_228' title='bbox 603 880 751 911; x_wconf 83' lang='grc' dir='ltr'><strong>Εὐστάθιος</strong></span> <span class='ocrx_word' id='word_1_229' title='bbox 765 881 779 907; x_wconf 82' lang='grc' dir='ltr'>ὁ</span> <span class='ocrx_word' id='word_1_230' title='bbox 801 880 855 907; x_wconf 85' lang='grc' dir='ltr'><strong>τῶν</strong></span> 
     </span>
    </p>
   </div>
   <div class='ocr_carea' id='block_1_34' title="bbox 909 880 1695 917">
    <p class='ocr_par' dir='ltr' id='par_1_34' title="bbox 909 880 1695 917">
     <span class='ocr_line' id='line_1_34' title="bbox 909 880 1695 917; baseline 0.01 -12"><span class='ocrx_word' id='word_1_231' title='bbox 909 880 1013 907; x_wconf 79' lang='lat' dir='ltr'><strong>Ariante</strong></span> <span class='ocrx_word' id='word_1_232' title='bbox 1040 888 1123 908; x_wconf 85' lang='lat' dir='ltr'><strong>scente</strong></span> <span class='ocrx_word' id='word_1_233' title='bbox 1147 880 1286 909; x_wconf 85' lang='lat' dir='ltr'><strong>saltatores</strong></span> <span class='ocrx_word' id='word_1_234' title='bbox 1311 887 1444 915; x_wconf 82' lang='lat' dir='ltr'><strong>peccatum</strong></span> <span class='ocrx_word' id='word_1_235' title='bbox 1454 883 1546 917; x_wconf 84' lang='lat' dir='ltr'><strong>fecisse</strong></span> <span class='ocrx_word' id='word_1_236' title='bbox 1562 885 1695 913; x_wconf 77' lang='lat' dir='ltr'><strong>Christum</strong></span> 
     </span>
    </p>
   </div>
   <div class='ocr_carea' id='block_1_35' title="bbox 69 926 858 961">
    <p class='ocr_par' dir='ltr' id='par_1_35' title="bbox 69 926 858 961">
     <span class='ocr_line' id='line_1_35' title="bbox 69 926 858 961; baseline 0.003 -10"><span class='ocrx_word' id='word_1_237' title='bbox 69 926 232 960; x_wconf 75' lang='grc' dir='ltr'>Ἀντιοχέων</span> <span class='ocrx_word' id='word_1_238' title='bbox 263 926 409 961; x_wconf 84' lang='grc' dir='ltr'>ἀρχιερεὺς</span> <span class='ocrx_word' id='word_1_239' title='bbox 437 926 467 952; x_wconf 75' lang='grc' dir='ltr'>ἐν</span> <span class='ocrx_word' id='word_1_240' title='bbox 495 926 525 959; x_wconf 73' lang='grc' dir='ltr'><strong>ἕξ</strong></span> <span class='ocrx_word' id='word_1_241' title='bbox 551 926 642 960; x_wconf 80' lang='grc' dir='ltr'>λόγοις</span> <span class='ocrx_word' id='word_1_242' title='bbox 668 926 692 942; x_wconf 83' lang='grc'><strong>⁹⁹</strong></span> <span class='ocrx_word' id='word_1_243' title='bbox 720 926 755 953; x_wconf 83' lang='grc' dir='ltr'><strong>τὰ</strong></span> <span class='ocrx_word' id='word_1_244' title='bbox 786 927 858 954; x_wconf 84' lang='grc' dir='ltr'>κατὰ</span> 
     </span>
    </p>
   </div>
   <div class='ocr_carea' id='block_1_36' title="bbox 69 972 858 1008">
    <p class='ocr_par' dir='ltr' id='par_1_36' title="bbox 69 972 858 1008">
     <span class='ocr_line' id='line_1_36' title="bbox 69 972 858 1008; baseline 0.001 -9"><span class='ocrx_word' id='word_1_245' title='bbox 69 973 132 1006; x_wconf 84' lang='grc' dir='ltr'>’Δρε</span> <span class='ocrx_word' id='word_1_246' title='bbox 138 972 222 998; x_wconf 66' lang='grc' dir='ltr'>κινῶν</span> <span class='ocrx_word' id='word_1_247' title='bbox 236 972 330 1003; x_wconf 81' lang='grc' dir='ltr'>αὐτοῖς</span> <span class='ocrx_word' id='word_1_248' title='bbox 340 973 461 1007; x_wconf 76' lang='grc' dir='ltr'>ῥήμασιν</span> <span class='ocrx_word' id='word_1_249' title='bbox 469 972 540 999; x_wconf 76' lang='grc' dir='ltr'>οὕτω</span> <span class='ocrx_word' id='word_1_250' title='bbox 554 973 648 1008; x_wconf 83' lang='grc' dir='ltr'>φησιν·</span> <span class='ocrx_word' id='word_1_251' title='bbox 667 973 745 1000; x_wconf 77' lang='grc' dir='ltr'><strong>Ἀλλ’</strong></span> <span class='ocrx_word' id='word_1_252' title='bbox 757 974 784 1000; x_wconf 82' lang='grc' dir='ltr'><strong>οἱ</strong></span> <span class='ocrx_word' id='word_1_253' title='bbox 800 982 858 1000; x_wconf 86' lang='grc' dir='ltr'><strong>πα-</strong></span> 
     </span>
    </p>
   </div>
   <div class='ocr_carea' id='block_1_37' title="bbox 61 1017 858 1053">
    <p class='ocr_par' dir='ltr' id='par_1_37' title="bbox 61 1017 858 1053">
     <span class='ocr_line' id='line_1_37' title="bbox 61 1017 858 1053; baseline 0.003 -10"><span class='ocrx_word' id='word_1_254' title='bbox 61 1017 188 1051; x_wconf 80' lang='grc' dir='ltr'><em>ράδοξοι</em></span> <span class='ocrx_word' id='word_1_255' title='bbox 212 1017 267 1051; x_wconf 84' lang='grc' dir='ltr'><strong>τῆς</strong></span> <span class='ocrx_word' id='word_1_256' title='bbox 288 1017 397 1051; x_wconf 79' lang='grc' dir='ltr'><strong>Ἀρείου</strong></span> <span class='ocrx_word' id='word_1_257' title='bbox 412 1017 545 1053; x_wconf 72' lang='grc' dir='ltr'><strong>θυμέλης</strong></span> <span class='ocrx_word' id='word_1_258' title='bbox 564 1019 726 1053; x_wconf 81' lang='grc' dir='ltr'><strong>μεσόχοροι</strong></span> <span class='ocrx_word' id='word_1_259' title='bbox 747 1019 781 1045; x_wconf 83' lang='grc' dir='ltr'><strong>τὸ</strong></span> <span class='ocrx_word' id='word_1_260' title='bbox 800 1019 858 1053; x_wconf 83' lang='grc' dir='ltr'><em>μὲν</em></span> 
     </span>
    </p>
   </div>
   <div class='ocr_carea' id='block_1_38' title="bbox 63 1062 874 1107">
    <p class='ocr_par' dir='ltr' id='par_1_38' title="bbox 63 1062 874 1107">
     <span class='ocr_line' id='line_1_38' title="bbox 63 1062 874 1107; baseline 0.001 -18"><span class='ocrx_word' id='word_1_261' title='bbox 63 1063 214 1097; x_wconf 73' lang='grc' dir='ltr'><strong>ἁμαρτίαν</strong></span> <span class='ocrx_word' id='word_1_262' title='bbox 220 1062 263 1097; x_wconf 80' lang='grc' dir='ltr'><strong>μὴ</strong></span> <span class='ocrx_word' id='word_1_263' title='bbox 275 1064 283 1078; x_wconf 89' lang='grc'>¹</span> <span class='ocrx_word' id='word_1_264' title='bbox 298 1063 492 1097; x_wconf 75' lang='grc' dir='ltr'><strong>πεποιηκέναι</strong></span> <span class='ocrx_word' id='word_1_265' title='bbox 500 1064 554 1091; x_wconf 87' lang='grc' dir='ltr'><strong>τὸν</strong></span> <span class='ocrx_word' id='word_1_266' title='bbox 563 1065 691 1098; x_wconf 81' lang='grc' dir='ltr'><em>Χριστὸν</em></span> <span class='ocrx_word' id='word_1_267' title='bbox 703 1063 856 1099; x_wconf 76' lang='grc' dir='ltr'><strong>φράζουσι,</strong></span> <span class='ocrx_word' id='word_1_268' title='bbox 865 1096 874 1107; x_wconf 39' lang='lat'><strong>1</strong></span> 
     </span>
    </p>
   </div>
   <div class='ocr_carea' id='block_1_39' title="bbox 64 1108 856 1145">
    <p class='ocr_par' dir='ltr' id='par_1_39' title="bbox 64 1108 856 1145">
     <span class='ocr_line' id='line_1_39' title="bbox 64 1108 856 1145; baseline 0.005 -12"><span class='ocrx_word' id='word_1_269' title='bbox 64 1109 112 1134; x_wconf 81' lang='grc' dir='ltr'>καὶ</span> <span class='ocrx_word' id='word_1_270' title='bbox 129 1108 193 1143; x_wconf 84' lang='grc' dir='ltr'>μετ’</span> <span class='ocrx_word' id='word_1_271' title='bbox 209 1108 288 1142; x_wconf 85' lang='grc' dir='ltr'>ὀλίγα</span> <span class='ocrx_word' id='word_1_272' title='bbox 301 1116 309 1124; x_wconf 89' lang='grc'>·</span> <span class='ocrx_word' id='word_1_273' title='bbox 329 1109 364 1135; x_wconf 88' lang='grc' dir='ltr'><em>Τὸ</em></span> <span class='ocrx_word' id='word_1_274' title='bbox 377 1108 412 1135; x_wconf 81' lang='grc' dir='ltr'><strong>δὲ</strong></span> <span class='ocrx_word' id='word_1_275' title='bbox 423 1128 431 1141; x_wconf 82' lang='grc'><em>,</em></span> <span class='ocrx_word' id='word_1_276' title='bbox 456 1109 502 1136; x_wconf 83' lang='grc' dir='ltr'><strong>ὅτι</strong></span> <span class='ocrx_word' id='word_1_277' title='bbox 528 1110 600 1143; x_wconf 80' lang='grc' dir='ltr'><strong>Θεὸς</strong></span> <span class='ocrx_word' id='word_1_278' title='bbox 625 1108 665 1145; x_wconf 84' lang='grc' dir='ltr'><em>ἦν</em></span> <span class='ocrx_word' id='word_1_279' title='bbox 681 1109 716 1136; x_wconf 84' lang='grc' dir='ltr'><em>ἐν</em></span> <span class='ocrx_word' id='word_1_280' title='bbox 738 1110 856 1144; x_wconf 83' lang='grc' dir='ltr'><strong>Χριστῷ</strong></span> 
     </span>
    </p>
   </div>
   <div class='ocr_carea' id='block_1_40' title="bbox 63 1154 857 1192">
    <p class='ocr_par' dir='ltr' id='par_1_40' title="bbox 63 1154 857 1192">
     <span class='ocr_line' id='line_1_40' title="bbox 63 1154 857 1192; baseline 0.004 -12"><span class='ocrx_word' id='word_1_281' title='bbox 63 1154 183 1188; x_wconf 76' lang='grc' dir='ltr'><em>κόσμον</em></span> <span class='ocrx_word' id='word_1_282' title='bbox 196 1154 423 1182; x_wconf 66' lang='grc' dir='ltr'><strong>καταλλάσσων</strong></span> <span class='ocrx_word' id='word_1_283' title='bbox 437 1155 542 1189; x_wconf 83' lang='grc' dir='ltr'><em>ἐαυτῷ,</em></span> <span class='ocrx_word' id='word_1_284' title='bbox 560 1156 629 1183; x_wconf 79' lang='grc' dir='ltr'><strong>οὔτε</strong></span> <span class='ocrx_word' id='word_1_285' title='bbox 647 1156 681 1183; x_wconf 79' lang='grc' dir='ltr'><em>ἐν</em></span> <span class='ocrx_word' id='word_1_286' title='bbox 691 1156 795 1191; x_wconf 82' lang='grc' dir='ltr'><em>μνήμῃ</em></span> <span class='ocrx_word' id='word_1_287' title='bbox 804 1158 857 1192; x_wconf 65' lang='grc' dir='ltr'><strong>ςςέ-</strong></span> 
     </span>
    </p>
   </div>
   <div class='ocr_carea' id='block_1_41' title="bbox 62 1200 859 1237">
    <p class='ocr_par' dir='ltr' id='par_1_41' title="bbox 62 1200 859 1237">
     <span class='ocr_line' id='line_1_41' title="bbox 62 1200 859 1237; baseline 0.005 -11"><span class='ocrx_word' id='word_1_288' title='bbox 62 1208 173 1233; x_wconf 86' lang='grc' dir='ltr'><em>ρουσιν</em></span> <span class='ocrx_word' id='word_1_289' title='bbox 185 1200 256 1227; x_wconf 75' lang='grc' dir='ltr'><em>οὔτε</em></span> <span class='ocrx_word' id='word_1_290' title='bbox 270 1200 333 1234; x_wconf 84' lang='grc' dir='ltr'><em>τοῖς</em></span> <span class='ocrx_word' id='word_1_291' title='bbox 345 1200 402 1235; x_wconf 85' lang='grc' dir='ltr'><strong>τῆς</strong></span> <span class='ocrx_word' id='word_1_292' title='bbox 413 1201 546 1236; x_wconf 72' lang='grc' dir='ltr'><em>γλώττης</em></span> <span class='ocrx_word' id='word_1_293' title='bbox 558 1202 698 1237; x_wconf 79' lang='grc' dir='ltr'><strong>ὀργάνοις</strong></span> <span class='ocrx_word' id='word_1_294' title='bbox 710 1203 859 1237; x_wconf 67' lang='grc' dir='ltr'><strong>ἐκφωνοῦ·</strong></span> 
     </span>
    </p>
   </div>
   <div class='ocr_carea' id='block_1_42' title="bbox 61 1245 858 1282">
    <p class='ocr_par' dir='ltr' id='par_1_42' title="bbox 61 1245 858 1282">
     <span class='ocr_line' id='line_1_42' title="bbox 61 1245 858 1282; baseline 0.005 -11"><span class='ocrx_word' id='word_1_295' title='bbox 61 1252 126 1278; x_wconf 80' lang='grc' dir='ltr'><em>σιν,</em></span> <span class='ocrx_word' id='word_1_296' title='bbox 143 1246 217 1272; x_wconf 71' lang='grc' dir='ltr'><em>ἀλλ’</em></span> <span class='ocrx_word' id='word_1_297' title='bbox 231 1245 334 1280; x_wconf 77' lang='grc' dir='ltr'><em>ὥσπερ</em></span> <span class='ocrx_word' id='word_1_298' title='bbox 348 1246 440 1273; x_wconf 78' lang='grc' dir='ltr'>δεινοί</span> <span class='ocrx_word' id='word_1_299' title='bbox 457 1247 650 1281; x_wconf 73' lang='grc' dir='ltr'><strong>συκοφάνται</strong></span> <span class='ocrx_word' id='word_1_300' title='bbox 666 1248 716 1275; x_wconf 82' lang='grc' dir='ltr'><strong>καί</strong></span> <span class='ocrx_word' id='word_1_301' title='bbox 730 1249 858 1282; x_wconf 73' lang='grc' dir='ltr'>κατήγο-</span> 
     </span>
    </p>
   </div>
   <div class='ocr_carea' id='block_1_43' title="bbox 61 1289 858 1326">
    <p class='ocr_par' dir='ltr' id='par_1_43' title="bbox 61 1289 858 1326">
     <span class='ocr_line' id='line_1_43' title="bbox 61 1289 858 1326; baseline 0.005 -11"><span class='ocrx_word' id='word_1_302' title='bbox 61 1298 108 1323; x_wconf 86' lang='grc' dir='ltr'><em>ροι</em></span> <span class='ocrx_word' id='word_1_303' title='bbox 131 1289 415 1324; x_wconf 73' lang='grc' dir='ltr'><em>ἀκρωτηριάσαντες</em></span> <span class='ocrx_word' id='word_1_304' title='bbox 437 1291 472 1317; x_wconf 85' lang='grc' dir='ltr'><em>τὸ</em></span> <span class='ocrx_word' id='word_1_305' title='bbox 488 1292 598 1325; x_wconf 85' lang='grc' dir='ltr'>χωρίον</span> <span class='ocrx_word' id='word_1_306' title='bbox 612 1292 666 1318; x_wconf 84' lang='grc' dir='ltr'><em>τὸν</em></span> <span class='ocrx_word' id='word_1_307' title='bbox 680 1291 780 1326; x_wconf 74' lang='grc' dir='ltr'>ἀγῶνα</span> <span class='ocrx_word' id='word_1_308' title='bbox 801 1292 858 1326; x_wconf 81' lang='grc' dir='ltr'><em>τῆς</em></span> 
     </span>
    </p>
   </div>
   <div class='ocr_carea' id='block_1_44' title="bbox 63 1334 857 1372">
    <p class='ocr_par' dir='ltr' id='par_1_44' title="bbox 63 1334 857 1372">
     <span class='ocr_line' id='line_1_44' title="bbox 63 1334 857 1372; baseline 0.003 -11"><span class='ocrx_word' id='word_1_309' title='bbox 63 1335 248 1368; x_wconf 75' lang='grc' dir='ltr'><strong>κατηγορίας</strong></span> <span class='ocrx_word' id='word_1_310' title='bbox 273 1335 442 1362; x_wconf 79' lang='grc' dir='ltr'><em>ποιοῦνται.</em></span> <span class='ocrx_word' id='word_1_311' title='bbox 459 1334 527 1362; x_wconf 81' lang='grc' dir='ltr'>Εῐτα</span> <span class='ocrx_word' id='word_1_312' title='bbox 549 1336 597 1362; x_wconf 78' lang='grc' dir='ltr'>καὶ</span> <span class='ocrx_word' id='word_1_313' title='bbox 612 1337 629 1371; x_wconf 85' lang='grc' dir='ltr'><strong>ἡ</strong></span> <span class='ocrx_word' id='word_1_314' title='bbox 645 1336 734 1371; x_wconf 83' lang='grc' dir='ltr'>ψῆφος</span> <span class='ocrx_word' id='word_1_315' title='bbox 751 1337 767 1372; x_wconf 82' lang='grc' dir='ltr'><strong>ἡ</strong></span> <span class='ocrx_word' id='word_1_316' title='bbox 787 1337 857 1372; x_wconf 83' lang='grc' dir='ltr'><strong>ὑπὲρ</strong></span> 
     </span>
    </p>
   </div>
   <div class='ocr_carea' id='block_1_45' title="bbox 63 1380 858 1417">
    <p class='ocr_par' dir='ltr' id='par_1_45' title="bbox 63 1380 858 1417">
     <span class='ocr_line' id='line_1_45' title="bbox 63 1380 858 1417; baseline 0.004 -11"><span class='ocrx_word' id='word_1_317' title='bbox 63 1380 111 1406; x_wconf 77' lang='grc' dir='ltr'>τοῦ</span> <span class='ocrx_word' id='word_1_318' title='bbox 130 1380 229 1415; x_wconf 74' lang='grc' dir='ltr'>νόμουσ</span> <span class='ocrx_word' id='word_1_319' title='bbox 245 1380 293 1406; x_wconf 79' lang='grc' dir='ltr'><strong>Δεῖ</strong></span> <span class='ocrx_word' id='word_1_320' title='bbox 308 1380 342 1407; x_wconf 79' lang='grc' dir='ltr'><strong>δὲ</strong></span> <span class='ocrx_word' id='word_1_321' title='bbox 354 1380 528 1415; x_wconf 67' lang='grc' dir='ltr'><strong>φιλαλήθως</strong></span> <span class='ocrx_word' id='word_1_322' title='bbox 539 1381 610 1414; x_wconf 83' lang='grc' dir='ltr'><em>τοὺς</em></span> <span class='ocrx_word' id='word_1_323' title='bbox 625 1381 772 1416; x_wconf 76' lang='grc' dir='ltr'><strong>ἐννόμους</strong></span> <span class='ocrx_word' id='word_1_324' title='bbox 787 1382 858 1417; x_wconf 80' lang='grc' dir='ltr'>ἀγω-</span> 
     </span>
    </p>
   </div>
   <div class='ocr_carea' id='block_1_46' title="bbox 64 1425 857 1462">
    <p class='ocr_par' dir='ltr' id='par_1_46' title="bbox 64 1425 857 1462">
     <span class='ocr_line' id='line_1_46' title="bbox 64 1425 857 1462; baseline 0.005 -10"><span class='ocrx_word' id='word_1_325' title='bbox 64 1426 185 1459; x_wconf 81' lang='grc' dir='ltr'><em>νιστὰς,</em></span> <span class='ocrx_word' id='word_1_326' title='bbox 201 1425 301 1453; x_wconf 79' lang='grc' dir='ltr'><em>πάντα</em></span> <span class='ocrx_word' id='word_1_327' title='bbox 319 1427 601 1461; x_wconf 72' lang='grc' dir='ltr'><em>συμπεριλαϐόντας</em></span> <span class='ocrx_word' id='word_1_328' title='bbox 616 1428 857 1462; x_wconf 75' lang='grc' dir='ltr'><strong>ὰπαραλείπτως,</strong></span> 
     </span>
    </p>
   </div>
   <div class='ocr_carea' id='block_1_47' title="bbox 64 1470 857 1507">
    <p class='ocr_par' dir='ltr' id='par_1_47' title="bbox 64 1470 857 1507">
     <span class='ocr_line' id='line_1_47' title="bbox 64 1470 857 1507; baseline 0.004 -11"><span class='ocrx_word' id='word_1_329' title='bbox 64 1470 146 1497; x_wconf 71' lang='grc' dir='ltr'><em>ἀλλὰ</em></span> <span class='ocrx_word' id='word_1_330' title='bbox 158 1470 202 1505; x_wconf 85' lang='grc' dir='ltr'><strong>μὴ</strong></span> <span class='ocrx_word' id='word_1_331' title='bbox 211 1471 288 1505; x_wconf 78' lang='grc' dir='ltr'><em>πρὸς</em></span> <span class='ocrx_word' id='word_1_332' title='bbox 301 1471 420 1505; x_wconf 79' lang='grc' dir='ltr'><em>ἀπάτην</em></span> <span class='ocrx_word' id='word_1_333' title='bbox 432 1471 525 1506; x_wconf 83' lang='grc' dir='ltr'>μέρος</span> <span class='ocrx_word' id='word_1_334' title='bbox 530 1472 590 1506; x_wconf 81' lang='grc' dir='ltr'><strong>μὲν</strong></span> <span class='ocrx_word' id='word_1_335' title='bbox 601 1471 791 1506; x_wconf 77' lang='grc' dir='ltr'><strong>ἀποσιωπᾶν,</strong></span> <span class='ocrx_word' id='word_1_336' title='bbox 805 1473 857 1507; x_wconf 84' lang='grc' dir='ltr'><strong>μέ-</strong></span> 
     </span>
    </p>
   </div>
   <div class='ocr_carea' id='block_1_48' title="bbox 62 1516 857 1551">
    <p class='ocr_par' dir='ltr' id='par_1_48' title="bbox 62 1516 857 1551">
     <span class='ocr_line' id='line_1_48' title="bbox 62 1516 857 1551; baseline 0.003 -9"><span class='ocrx_word' id='word_1_337' title='bbox 62 1525 117 1550; x_wconf 78' lang='grc' dir='ltr'><em>ρος</em></span> <span class='ocrx_word' id='word_1_338' title='bbox 131 1516 167 1543; x_wconf 84' lang='grc' dir='ltr'><strong>δὲ</strong></span> <span class='ocrx_word' id='word_1_339' title='bbox 177 1516 382 1550; x_wconf 78' lang='grc' dir='ltr'><em>ἀποσπῶντας</em></span> <span class='ocrx_word' id='word_1_340' title='bbox 398 1517 569 1551; x_wconf 71' lang='grc' dir='ltr'><strong>προφέρειν.</strong></span> <span class='ocrx_word' id='word_1_341' title='bbox 589 1517 726 1549; x_wconf 82' lang='grc' dir='ltr'><strong>Ὡσαύτως</strong></span> <span class='ocrx_word' id='word_1_342' title='bbox 743 1519 790 1545; x_wconf 79' lang='grc' dir='ltr'>καὶ</span> <span class='ocrx_word' id='word_1_343' title='bbox 804 1519 857 1544; x_wconf 82' lang='grc' dir='ltr'><strong>Βα-</strong></span> 
     </span>
    </p>
   </div>
   <div class='ocr_carea' id='block_1_49' title="bbox 67 1558 893 1596">
    <p class='ocr_par' dir='ltr' id='par_1_49' title="bbox 67 1558 893 1596">
     <span class='ocr_line' id='line_1_49' title="bbox 67 1558 893 1596; baseline 0.004 -8"><span class='ocrx_word' id='word_1_344' title='bbox 67 1563 166 1594; x_wconf 63' lang='lat' dir='ltr'><strong>dilato;</strong></span> <span class='ocrx_word' id='word_1_345' title='bbox 193 1564 208 1589; x_wconf 87' lang='grc' dir='ltr'><strong>ό</strong></span> <span class='ocrx_word' id='word_1_346' title='bbox 237 1563 309 1594; x_wconf 78' lang='grc' dir='ltr'>θεῖος</span> <span class='ocrx_word' id='word_1_347' title='bbox 339 1564 440 1590; x_wconf 82' lang='grc' dir='ltr'>οὑτωσὶ</span> <span class='ocrx_word' id='word_1_348' title='bbox 466 1563 666 1596; x_wconf 79' lang='grc' dir='ltr'>Σωζοπολίταις</span> <span class='ocrx_word' id='word_1_349' title='bbox 695 1558 893 1591; x_wconf 78' lang='grc' dir='ltr'>ἐπιστέλλωνο</span> 
     </span>
    </p>
   </div>
   <div class='ocr_carea' id='block_1_50' title="bbox 66 1608 858 1644">
    <p class='ocr_par' dir='ltr' id='par_1_50' title="bbox 66 1608 858 1644">
     <span class='ocr_line' id='line_1_50' title="bbox 66 1608 858 1644; baseline 0.003 -9"><span class='ocrx_word' id='word_1_350' title='bbox 66 1608 179 1642; x_wconf 73' lang='grc' dir='ltr'>γράφει·</span> <span class='ocrx_word' id='word_1_351' title='bbox 191 1609 233 1634; x_wconf 86' lang='grc' dir='ltr'><strong>οὺ</strong></span> <span class='ocrx_word' id='word_1_352' title='bbox 246 1608 392 1642; x_wconf 82' lang='grc' dir='ltr'><em>νεώτερον</em></span> <span class='ocrx_word' id='word_1_353' title='bbox 404 1609 492 1635; x_wconf 85' lang='grc' dir='ltr'><em>τοῦτο</em></span> <span class='ocrx_word' id='word_1_354' title='bbox 503 1609 559 1643; x_wconf 82' lang='grc' dir='ltr'><em>τῆς</em></span> <span class='ocrx_word' id='word_1_355' title='bbox 572 1609 726 1644; x_wconf 75' lang='grc' dir='ltr'>δοκήσεως</span> <span class='ocrx_word' id='word_1_356' title='bbox 739 1610 772 1636; x_wconf 85' lang='grc' dir='ltr'><em>τὸ</em></span> <span class='ocrx_word' id='word_1_357' title='bbox 787 1610 858 1637; x_wconf 87' lang='grc' dir='ltr'><em>άσέ-</em></span> 
     </span>
    </p>
   </div>
   <div class='ocr_carea' id='block_1_51' title="bbox 68 1652 858 1690">
    <p class='ocr_par' dir='ltr' id='par_1_51' title="bbox 68 1652 858 1690">
     <span class='ocr_line' id='line_1_51' title="bbox 68 1652 858 1690; baseline 0.005 -12"><span class='ocrx_word' id='word_1_358' title='bbox 68 1654 159 1687; x_wconf 62' lang='grc' dir='ltr'><strong>(ἴημα,</strong></span> <span class='ocrx_word' id='word_1_359' title='bbox 172 1652 255 1679; x_wconf 73' lang='grc' dir='ltr'><em>ἀλλὰ</em></span> <span class='ocrx_word' id='word_1_360' title='bbox 266 1652 359 1680; x_wconf 78' lang='grc' dir='ltr'><em>πάλαι</em></span> <span class='ocrx_word' id='word_1_361' title='bbox 371 1653 432 1680; x_wconf 78' lang='grc' dir='ltr'><strong>ἀπὸ</strong></span> <span class='ocrx_word' id='word_1_362' title='bbox 441 1654 494 1681; x_wconf 82' lang='grc' dir='ltr'><strong>τοῦ</strong></span> <span class='ocrx_word' id='word_1_363' title='bbox 498 1655 719 1689; x_wconf 74' lang='grc' dir='ltr'><em>ματαιόφρονος</em></span> <span class='ocrx_word' id='word_1_364' title='bbox 730 1655 858 1690; x_wconf 78' lang='grc' dir='ltr'><strong>ἀρξάμε-</strong></span> 
     </span>
    </p>
   </div>
   <div class='ocr_carea' id='block_1_52' title="bbox 67 1699 857 1734">
    <p class='ocr_par' dir='ltr' id='par_1_52' title="bbox 67 1699 857 1734">
     <span class='ocr_line' id='line_1_52' title="bbox 67 1699 857 1734; baseline 0.005 -10"><span class='ocrx_word' id='word_1_365' title='bbox 67 1707 123 1725; x_wconf 82' lang='grc' dir='ltr'><strong>νον</strong></span> <span class='ocrx_word' id='word_1_366' title='bbox 139 1699 354 1731; x_wconf 73' lang='grc' dir='ltr'><strong>οῠαλεντίνου,</strong></span> <span class='ocrx_word' id='word_1_367' title='bbox 374 1699 408 1732; x_wconf 82' lang='grc' dir='ltr'><strong>ὃς</strong></span> <span class='ocrx_word' id='word_1_368' title='bbox 422 1699 526 1734; x_wconf 68' lang='grc' dir='ltr'><em>ὀλίγας</em></span> <span class='ocrx_word' id='word_1_369' title='bbox 536 1700 589 1727; x_wconf 83' lang='grc' dir='ltr'><strong>τοῦ</strong></span> <span class='ocrx_word' id='word_1_370' title='bbox 605 1700 788 1728; x_wconf 77' lang='grc' dir='ltr'><em>’Λποστόλου</em></span> <span class='ocrx_word' id='word_1_371' title='bbox 806 1700 857 1728; x_wconf 77' lang='grc' dir='ltr'><strong>λέ-</strong></span> 
     </span>
    </p>
   </div>
   <div class='ocr_carea' id='block_1_53' title="bbox 68 1743 857 1778">
    <p class='ocr_par' dir='ltr' id='par_1_53' title="bbox 68 1743 857 1778">
     <span class='ocr_line' id='line_1_53' title="bbox 68 1743 857 1778; baseline 0.004 -8"><span class='ocrx_word' id='word_1_372' title='bbox 68 1744 131 1776; x_wconf 82' lang='grc' dir='ltr'><strong>ξεις</strong></span> <span class='ocrx_word' id='word_1_373' title='bbox 157 1743 379 1778; x_wconf 69' lang='grc' dir='ltr'><em>ἀποσπαρὰεας</em></span> <span class='ocrx_word' id='word_1_374' title='bbox 410 1744 444 1771; x_wconf 83' lang='grc' dir='ltr'><em>τὸ</em></span> <span class='ocrx_word' id='word_1_375' title='bbox 476 1744 625 1778; x_wconf 79' lang='grc' dir='ltr'><em>δυσσεϐὲς</em></span> <span class='ocrx_word' id='word_1_376' title='bbox 658 1745 753 1778; x_wconf 83' lang='grc' dir='ltr'><strong>ἐαυτῷ</strong></span> <span class='ocrx_word' id='word_1_377' title='bbox 786 1754 857 1773; x_wconf 81' lang='grc' dir='ltr'>κατ-</span> 
     </span>
    </p>
   </div>
   <div class='ocr_carea' id='block_1_54' title="bbox 67 1790 857 1826">
    <p class='ocr_par' dir='ltr' id='par_1_54' title="bbox 67 1790 857 1826">
     <span class='ocr_line' id='line_1_54' title="bbox 67 1790 857 1826; baseline 0.003 -11"><span class='ocrx_word' id='word_1_378' title='bbox 67 1790 221 1816; x_wconf 79' lang='grc' dir='ltr'>εσκεύασε</span> <span class='ocrx_word' id='word_1_379' title='bbox 236 1790 371 1824; x_wconf 62' lang='grc' dir='ltr'><em>πλάσμα.</em></span> <span class='ocrx_word' id='word_1_380' title='bbox 387 1790 468 1816; x_wconf 74' lang='grc' dir='ltr'>Ὥστε</span> <span class='ocrx_word' id='word_1_381' title='bbox 483 1791 532 1826; x_wconf 85' lang='grc' dir='ltr'>τῆς</span> <span class='ocrx_word' id='word_1_382' title='bbox 550 1790 604 1817; x_wconf 85' lang='grc' dir='ltr'><strong>τῶν</strong></span> <span class='ocrx_word' id='word_1_383' title='bbox 624 1791 771 1825; x_wconf 78' lang='grc' dir='ltr'>αἰρετικῶν</span> <span class='ocrx_word' id='word_1_384' title='bbox 783 1791 857 1817; x_wconf 74' lang='grc' dir='ltr'>ἐστιν</span> 
     </span>
    </p>
   </div>
   <div class='ocr_carea' id='block_1_55' title="bbox 68 1835 856 1872">
    <p class='ocr_par' dir='ltr' id='par_1_55' title="bbox 68 1835 856 1872">
     <span class='ocr_line' id='line_1_55' title="bbox 68 1835 856 1872; baseline 0.005 -12"><span class='ocrx_word' id='word_1_385' title='bbox 68 1835 217 1866; x_wconf 75' lang='grc' dir='ltr'>ἀπονοίας,</span> <span class='ocrx_word' id='word_1_386' title='bbox 244 1835 326 1869; x_wconf 80' lang='grc' dir='ltr'><em>μέρος</em></span> <span class='ocrx_word' id='word_1_387' title='bbox 348 1844 375 1861; x_wconf 86' lang='grc' dir='ltr'>τι</span> <span class='ocrx_word' id='word_1_388' title='bbox 396 1836 588 1870; x_wconf 86' lang='grc' dir='ltr'>παραλαϐόντα</span> <span class='ocrx_word' id='word_1_389' title='bbox 609 1837 660 1871; x_wconf 80' lang='grc' dir='ltr'>τῆς</span> <span class='ocrx_word' id='word_1_390' title='bbox 682 1837 792 1872; x_wconf 82' lang='grc' dir='ltr'><strong>γραφῆς</strong></span> <span class='ocrx_word' id='word_1_391' title='bbox 809 1838 856 1864; x_wconf 78' lang='grc' dir='ltr'>καὶ</span> 
     </span>
    </p>
   </div>
   <div class='ocr_carea' id='block_1_56' title="bbox 68 1880 856 1916">
    <p class='ocr_par' dir='ltr' id='par_1_56' title="bbox 68 1880 856 1916">
     <span class='ocr_line' id='line_1_56' title="bbox 68 1880 856 1916; baseline 0.006 -11"><span class='ocrx_word' id='word_1_392' title='bbox 68 1880 148 1906; x_wconf 78' lang='grc' dir='ltr'>τοῦτο</span> <span class='ocrx_word' id='word_1_393' title='bbox 167 1881 416 1916; x_wconf 79' lang='grc' dir='ltr'>παραχαράσσοντα</span> <span class='ocrx_word' id='word_1_394' title='bbox 431 1881 463 1908; x_wconf 86' lang='grc' dir='ltr'><strong>δι’</strong></span> <span class='ocrx_word' id='word_1_395' title='bbox 476 1882 559 1908; x_wconf 73' lang='grc' dir='ltr'>αὐτοῦ</span> <span class='ocrx_word' id='word_1_396' title='bbox 584 1891 615 1909; x_wconf 81' lang='grc' dir='ltr'><strong>τε</strong></span> <span class='ocrx_word' id='word_1_397' title='bbox 631 1884 808 1916; x_wconf 80' lang='grc' dir='ltr'>συκοφαντεῖν</span> <span class='ocrx_word' id='word_1_398' title='bbox 821 1883 856 1910; x_wconf 83' lang='grc' dir='ltr'>τὰ</span> 
     </span>
    </p>
   </div>
   <div class='ocr_carea' id='block_1_57' title="bbox 68 1925 856 1963">
    <p class='ocr_par' dir='ltr' id='par_1_57' title="bbox 68 1925 856 1963">
     <span class='ocr_line' id='line_1_57' title="bbox 68 1925 856 1963; baseline 0.005 -12"><span class='ocrx_word' id='word_1_399' title='bbox 68 1925 161 1958; x_wconf 81' lang='grc' dir='ltr'>λοιπὰ,</span> <span class='ocrx_word' id='word_1_400' title='bbox 184 1926 232 1952; x_wconf 76' lang='grc' dir='ltr'>καὶ</span> <span class='ocrx_word' id='word_1_401' title='bbox 246 1926 290 1952; x_wconf 70' lang='grc' dir='ltr'><strong>διὰ</strong></span> <span class='ocrx_word' id='word_1_402' title='bbox 308 1927 356 1962; x_wconf 84' lang='grc' dir='ltr'>τῆς</span> <span class='ocrx_word' id='word_1_403' title='bbox 375 1927 429 1953; x_wconf 80' lang='grc' dir='ltr'>τῶν</span> <span class='ocrx_word' id='word_1_404' title='bbox 455 1927 535 1961; x_wconf 81' lang='grc' dir='ltr'>ἱερῶν</span> <span class='ocrx_word' id='word_1_405' title='bbox 555 1928 659 1961; x_wconf 86' lang='grc' dir='ltr'>Λογίων</span> <span class='ocrx_word' id='word_1_406' title='bbox 675 1929 856 1963; x_wconf 82' lang='grc' dir='ltr'>συκοφαντίας</span> 
     </span>
    </p>
   </div>
   <div class='ocr_carea' id='block_1_58' title="bbox 67 1973 853 2009">
    <p class='ocr_par' dir='ltr' id='par_1_58' title="bbox 67 1973 853 2009">
     <span class='ocr_line' id='line_1_58' title="bbox 67 1973 853 2009; baseline 0.004 -11"><span class='ocrx_word' id='word_1_407' title='bbox 67 1973 113 1998; x_wconf 73' lang='grc' dir='ltr'>καὶ</span> <span class='ocrx_word' id='word_1_408' title='bbox 133 1973 302 2007; x_wconf 70' lang='grc' dir='ltr'>ικατατομῆς</span> <span class='ocrx_word' id='word_1_409' title='bbox 325 1974 486 2008; x_wconf 80' lang='grc' dir='ltr'><strong>συγκροτεῖν</strong></span> <span class='ocrx_word' id='word_1_410' title='bbox 514 1974 621 2005; x_wconf 80' lang='grc' dir='ltr'><strong>ἑαυτοῖς</strong></span> <span class='ocrx_word' id='word_1_411' title='bbox 644 1973 693 2009; x_wconf 82' lang='grc' dir='ltr'>τὴν</span> <span class='ocrx_word' id='word_1_412' title='bbox 716 1974 853 2002; x_wconf 77' lang='grc' dir='ltr'>ἀσέϐειαν.</span> 
     </span>
    </p>
   </div>
   <div class='ocr_carea' id='block_1_59' title="bbox 67 2016 855 2055">
    <p class='ocr_par' dir='ltr' id='par_1_59' title="bbox 67 2016 855 2055">
     <span class='ocr_line' id='line_1_59' title="bbox 67 2016 855 2055; baseline 0.005 -12"><span class='ocrx_word' id='word_1_413' title='bbox 67 2016 146 2043; x_wconf 77' lang='grc' dir='ltr'>οὕτω</span> <span class='ocrx_word' id='word_1_414' title='bbox 158 2017 182 2043; x_wconf 87' lang='grc' dir='ltr'><strong>δ’</strong></span> <span class='ocrx_word' id='word_1_415' title='bbox 197 2017 230 2043; x_wconf 82' lang='grc' dir='ltr'>ἂν</span> <span class='ocrx_word' id='word_1_416' title='bbox 243 2018 446 2053; x_wconf 50' lang='lat' dir='ltr'><strong>mavolo-near;</strong></span> <span class='ocrx_word' id='word_1_417' title='bbox 460 2020 517 2049; x_wconf 83' lang='grc' dir='ltr'>τοῖς</span> <span class='ocrx_word' id='word_1_418' title='bbox 532 2019 643 2046; x_wconf 80' lang='grc' dir='ltr'>ἀσεϐέσι</span> <span class='ocrx_word' id='word_1_419' title='bbox 662 2020 709 2046; x_wconf 79' lang='grc' dir='ltr'>καὶ</span> <span class='ocrx_word' id='word_1_420' title='bbox 727 2020 828 2055; x_wconf 81' lang='grc' dir='ltr'>Πέτρος</span> <span class='ocrx_word' id='word_1_421' title='bbox 841 2021 855 2047; x_wconf 81' lang='grc' dir='ltr'><strong>ό</strong></span> 
     </span>
    </p>
   </div>
   <div class='ocr_carea' id='block_1_60' title="bbox 65 2063 854 2099">
    <p class='ocr_par' dir='ltr' id='par_1_60' title="bbox 65 2063 854 2099">
     <span class='ocr_line' id='line_1_60' title="bbox 65 2063 854 2099; baseline 0.004 -10"><span class='ocrx_word' id='word_1_422' title='bbox 65 2064 216 2098; x_wconf 73' lang='grc' dir='ltr'>κορυφαῖος</span> <span class='ocrx_word' id='word_1_423' title='bbox 243 2063 297 2089; x_wconf 85' lang='grc' dir='ltr'>τῶν</span> <span class='ocrx_word' id='word_1_424' title='bbox 315 2064 481 2096; x_wconf 85' lang='grc' dir='ltr'><strong>ἀποστόλων,</strong></span> <span class='ocrx_word' id='word_1_425' title='bbox 498 2064 535 2096; x_wconf 83' lang='grc' dir='ltr'>ὼς</span> <span class='ocrx_word' id='word_1_426' title='bbox 556 2064 666 2099; x_wconf 83' lang='grc' dir='ltr'>διαιρῶν</span> <span class='ocrx_word' id='word_1_427' title='bbox 684 2065 729 2092; x_wconf 72' lang='grc' dir='ltr'>τὸν</span> <span class='ocrx_word' id='word_1_428' title='bbox 749 2066 854 2099; x_wconf 84' lang='grc' dir='ltr'>Ἐμμα-</span> 
     </span>
    </p>
   </div>
   <div class='ocr_carea' id='block_1_61' title="bbox 65 2109 855 2145">
    <p class='ocr_par' dir='ltr' id='par_1_61' title="bbox 65 2109 855 2145">
     <span class='ocr_line' id='line_1_61' title="bbox 65 2109 855 2145; baseline 0.003 -10"><span class='ocrx_word' id='word_1_429' title='bbox 65 2110 156 2144; x_wconf 77' lang='grc' dir='ltr'>νουήλ·</span> <span class='ocrx_word' id='word_1_430' title='bbox 170 2118 263 2143; x_wconf 73' lang='grc' dir='ltr'>φησιν·</span> <span class='ocrx_word' id='word_1_431' title='bbox 273 2109 395 2144; x_wconf 81' lang='grc' dir='ltr'><strong>Ἰησοῦν</strong></span> <span class='ocrx_word' id='word_1_432' title='bbox 406 2110 459 2137; x_wconf 85' lang='grc' dir='ltr'><em>τὸν</em></span> <span class='ocrx_word' id='word_1_433' title='bbox 469 2111 529 2137; x_wconf 77' lang='grc' dir='ltr'><strong>ἀπὸ</strong></span> <span class='ocrx_word' id='word_1_434' title='bbox 540 2110 674 2144; x_wconf 82' lang='grc' dir='ltr'><strong>Ναζαρὲθ</strong></span> <span class='ocrx_word' id='word_1_435' title='bbox 682 2111 722 2144; x_wconf 85' lang='grc' dir='ltr'><em>ὡς</em></span> <span class='ocrx_word' id='word_1_436' title='bbox 729 2111 855 2145; x_wconf 79' lang='grc' dir='ltr'><em>ἔχρισεν</em></span> 
     </span>
    </p>
   </div>
   <div class='ocr_carea' id='block_1_62' title="bbox 65 2154 854 2189">
    <p class='ocr_par' dir='ltr' id='par_1_62' title="bbox 65 2154 854 2189">
     <span class='ocr_line' id='line_1_62' title="bbox 65 2154 854 2189; baseline 0.001 -9"><span class='ocrx_word' id='word_1_437' title='bbox 65 2154 160 2181; x_wconf 77' lang='grc' dir='ltr'><em>αὐτὸν</em></span> <span class='ocrx_word' id='word_1_438' title='bbox 168 2155 184 2181; x_wconf 88' lang='grc' dir='ltr'><em>ὀ</em></span> <span class='ocrx_word' id='word_1_439' title='bbox 194 2154 266 2187; x_wconf 86' lang='grc' dir='ltr'><strong>Θεὸς</strong></span> <span class='ocrx_word' id='word_1_440' title='bbox 278 2155 427 2188; x_wconf 82' lang='grc' dir='ltr'><strong>Πνεύματι</strong></span> <span class='ocrx_word' id='word_1_441' title='bbox 438 2154 510 2188; x_wconf 77' lang='grc' dir='ltr'><strong>ἁγιῳ</strong></span> <span class='ocrx_word' id='word_1_442' title='bbox 519 2155 567 2182; x_wconf 79' lang='grc' dir='ltr'><strong>καὶ</strong></span> <span class='ocrx_word' id='word_1_443' title='bbox 575 2154 710 2189; x_wconf 80' lang='grc' dir='ltr'><strong>δυνάμει,</strong></span> <span class='ocrx_word' id='word_1_444' title='bbox 725 2155 760 2185; x_wconf 84' lang='grc' dir='ltr'><strong>ὃς</strong></span> <span class='ocrx_word' id='word_1_445' title='bbox 773 2154 854 2188; x_wconf 76' lang='grc' dir='ltr'><em>διῆλ-</em></span> 
     </span>
    </p>
   </div>
   <div class='ocr_carea' id='block_1_63' title="bbox 64 2200 852 2235">
    <p class='ocr_par' dir='ltr' id='par_1_63' title="bbox 64 2200 852 2235">
     <span class='ocr_line' id='line_1_63' title="bbox 64 2200 852 2235; baseline 0.004 -9"><span class='ocrx_word' id='word_1_446' title='bbox 64 2201 117 2226; x_wconf 82' lang='grc' dir='ltr'><strong>θεν</strong></span> <span class='ocrx_word' id='word_1_447' title='bbox 131 2200 298 2235; x_wconf 75' lang='grc' dir='ltr'>εὐεργετῶν</span> <span class='ocrx_word' id='word_1_448' title='bbox 313 2201 360 2227; x_wconf 67' lang='grc' dir='ltr'>καί</span> <span class='ocrx_word' id='word_1_449' title='bbox 374 2202 497 2235; x_wconf 69' lang='grc' dir='ltr'><strong>ἰώμενος</strong></span> <span class='ocrx_word' id='word_1_450' title='bbox 507 2201 623 2234; x_wconf 83' lang='grc' dir='ltr'><em>πάντας</em></span> <span class='ocrx_word' id='word_1_451' title='bbox 637 2202 709 2234; x_wconf 90' lang='grc' dir='ltr'><em>τοὺς</em></span> <span class='ocrx_word' id='word_1_452' title='bbox 723 2201 852 2229; x_wconf 84' lang='grc' dir='ltr'><strong>καταδυ-</strong></span> 
     </span>
    </p>
   </div>
   <div class='ocr_carea' id='block_1_64' title="bbox 65 2245 852 2282">
    <p class='ocr_par' dir='ltr' id='par_1_64' title="bbox 65 2245 852 2282">
     <span class='ocr_line' id='line_1_64' title="bbox 65 2245 852 2282; baseline 0.004 -11"><span class='ocrx_word' id='word_1_453' title='bbox 65 2245 307 2280; x_wconf 80' lang='grc' dir='ltr'><em>ναστευομένους</em></span> <span class='ocrx_word' id='word_1_454' title='bbox 321 2246 381 2272; x_wconf 84' lang='grc' dir='ltr'><strong>ὑπὸ</strong></span> <span class='ocrx_word' id='word_1_455' title='bbox 403 2246 456 2273; x_wconf 87' lang='grc' dir='ltr'><strong>τοῦ</strong></span> <span class='ocrx_word' id='word_1_456' title='bbox 471 2246 621 2278; x_wconf 76' lang='grc' dir='ltr'>διαϐόλου,</span> <span class='ocrx_word' id='word_1_457' title='bbox 637 2247 682 2273; x_wconf 85' lang='grc' dir='ltr'><strong>ὅτι</strong></span> <span class='ocrx_word' id='word_1_458' title='bbox 692 2249 709 2274; x_wconf 83' lang='grc' dir='ltr'><strong><em>ὀ</em></strong></span> <span class='ocrx_word' id='word_1_459' title='bbox 727 2247 799 2280; x_wconf 80' lang='grc' dir='ltr'><strong>Θεὸς</strong></span> <span class='ocrx_word' id='word_1_460' title='bbox 813 2246 852 2282; x_wconf 78' lang='grc' dir='ltr'><em>ἦν</em></span> 
     </span>
    </p>
   </div>
   <div class='ocr_carea' id='block_1_65' title="bbox 62 2291 852 2328">
    <p class='ocr_par' dir='ltr' id='par_1_65' title="bbox 62 2291 852 2328">
     <span class='ocr_line' id='line_1_65' title="bbox 62 2291 852 2328; baseline 0.003 -11"><span class='ocrx_word' id='word_1_461' title='bbox 62 2291 126 2324; x_wconf 80' lang='grc' dir='ltr'><strong>μετ’</strong></span> <span class='ocrx_word' id='word_1_462' title='bbox 141 2291 245 2318; x_wconf 83' lang='grc' dir='ltr'><em>αὑτοῦ.</em></span> <span class='ocrx_word' id='word_1_463' title='bbox 254 2291 309 2317; x_wconf 81' lang='grc' dir='ltr'><strong>Ναὶ</strong></span> <span class='ocrx_word' id='word_1_464' title='bbox 322 2291 354 2327; x_wconf 84' lang='grc' dir='ltr'><strong>δὴ</strong></span> <span class='ocrx_word' id='word_1_465' title='bbox 365 2292 413 2318; x_wconf 80' lang='grc' dir='ltr'>καὶ</span> <span class='ocrx_word' id='word_1_466' title='bbox 424 2291 540 2323; x_wconf 83' lang='grc' dir='ltr'>Παῦλον.</span> <span class='ocrx_word' id='word_1_467' title='bbox 553 2292 598 2319; x_wconf 86' lang='grc' dir='ltr'>τὸν</span> <span class='ocrx_word' id='word_1_468' title='bbox 609 2293 790 2327; x_wconf 87' lang='grc' dir='ltr'>περιλαϐόντα</span> <span class='ocrx_word' id='word_1_469' title='bbox 802 2293 852 2328; x_wconf 87' lang='grc' dir='ltr'>τὴν</span> 
     </span>
    </p>
   </div>
   <div class='ocr_carea' id='block_1_66' title="bbox 63 2337 850 2373">
    <p class='ocr_par' dir='ltr' id='par_1_66' title="bbox 63 2337 850 2373">
     <span class='ocr_line' id='line_1_66' title="bbox 63 2337 850 2373; baseline 0.003 -11"><span class='ocrx_word' id='word_1_470' title='bbox 63 2337 230 2371; x_wconf 72' lang='grc' dir='ltr'>οἰκουμένην</span> <span class='ocrx_word' id='word_1_471' title='bbox 245 2337 284 2371; x_wconf 84' lang='grc' dir='ltr'>τῷ</span> <span class='ocrx_word' id='word_1_472' title='bbox 291 2337 341 2371; x_wconf 81' lang='grc' dir='ltr'>τῆς</span> <span class='ocrx_word' id='word_1_473' title='bbox 352 2337 492 2369; x_wconf 81' lang='grc' dir='ltr'>εὐσεϐείας</span> <span class='ocrx_word' id='word_1_474' title='bbox 505 2337 675 2373; x_wconf 82' lang='grc' dir='ltr'>κηρύγματι,</span> <span class='ocrx_word' id='word_1_475' title='bbox 684 2339 739 2370; x_wconf 89' lang='grc' dir='ltr'>τοῖς</span> <span class='ocrx_word' id='word_1_476' title='bbox 748 2338 850 2373; x_wconf 73' lang='grc' dir='ltr'>ὁμοίοις</span> 
     </span>
    </p>
   </div>
   <div class='ocr_carea' id='block_1_67' title="bbox 64 2382 852 2419">
    <p class='ocr_par' dir='ltr' id='par_1_67' title="bbox 64 2382 852 2419">
     <span class='ocr_line' id='line_1_67' title="bbox 64 2382 852 2419; baseline 0.003 -11"><span class='ocrx_word' id='word_1_477' title='bbox 64 2383 294 2418; x_wconf 74' lang='grc' dir='ltr'>ἀκρωτηριαστὴς</span> <span class='ocrx_word' id='word_1_478' title='bbox 305 2384 351 2410; x_wconf 78' lang='grc' dir='ltr'>καὶ</span> <span class='ocrx_word' id='word_1_479' title='bbox 359 2384 527 2418; x_wconf 83' lang='grc' dir='ltr'>συκοφάντης</span> <span class='ocrx_word' id='word_1_480' title='bbox 535 2385 545 2399; x_wconf 84' lang='grc'>¹</span> <span class='ocrx_word' id='word_1_481' title='bbox 553 2384 716 2416; x_wconf 71' lang='grc' dir='ltr'>αἰτιάσεται,</span> <span class='ocrx_word' id='word_1_482' title='bbox 726 2385 755 2411; x_wconf 79' lang='grc' dir='ltr'>ἐν</span> <span class='ocrx_word' id='word_1_483' title='bbox 763 2382 802 2416; x_wconf 85' lang='grc' dir='ltr'><strong>οἷς</strong></span> <span class='ocrx_word' id='word_1_484' title='bbox 810 2385 852 2419; x_wconf 84' lang='grc' dir='ltr'><strong>δη-</strong></span> 
     </span>
    </p>
   </div>
   <div class='ocr_carea' id='block_1_68' title="bbox 66 2428 852 2465">
    <p class='ocr_par' dir='ltr' id='par_1_68' title="bbox 66 2428 852 2465">
     <span class='ocr_line' id='line_1_68' title="bbox 66 2428 852 2465; baseline 0.003 -11"><span class='ocrx_word' id='word_1_485' title='bbox 66 2429 196 2463; x_wconf 82' lang='grc' dir='ltr'>μηγορῶν</span> <span class='ocrx_word' id='word_1_486' title='bbox 208 2430 277 2463; x_wconf 80' lang='grc' dir='ltr'>πρὸς</span> <span class='ocrx_word' id='word_1_487' title='bbox 285 2428 443 2463; x_wconf 82' lang='grc' dir='ltr'>Ἀθηναίους</span> <span class='ocrx_word' id='word_1_488' title='bbox 456 2429 467 2445; x_wconf 86' lang='grc'><strong><em>⁸</em></strong></span> <span class='ocrx_word' id='word_1_489' title='bbox 480 2429 542 2465; x_wconf 77' lang='grc' dir='ltr'><strong>ἔφη·</strong></span> <span class='ocrx_word' id='word_1_490' title='bbox 556 2429 760 2464; x_wconf 64' lang='grc' dir='ltr'><strong>Παραγγέλλω</strong></span> <span class='ocrx_word' id='word_1_491' title='bbox 768 2429 778 2445; x_wconf 78' lang='grc'><strong>⁸</strong></span> <span class='ocrx_word' id='word_1_492' title='bbox 790 2430 852 2462; x_wconf 80' lang='grc' dir='ltr'><em>τοῖς</em></span> 
     </span>
    </p>
   </div>
   <div class='ocr_carea' id='block_1_69' title="bbox 65 2472 851 2509">
    <p class='ocr_par' dir='ltr' id='par_1_69' title="bbox 65 2472 851 2509">
     <span class='ocr_line' id='line_1_69' title="bbox 65 2472 851 2509; baseline 0.004 -10"><span class='ocrx_word' id='word_1_493' title='bbox 65 2473 233 2507; x_wconf 81' lang='grc' dir='ltr'><em>ἀνθρώποις</em></span> <span class='ocrx_word' id='word_1_494' title='bbox 245 2472 321 2501; x_wconf 76' lang='grc' dir='ltr'><em>πᾶσι</em></span> <span class='ocrx_word' id='word_1_495' title='bbox 335 2474 501 2509; x_wconf 80' lang='grc' dir='ltr'>μετανοεῖν,</span> <span class='ocrx_word' id='word_1_496' title='bbox 512 2475 614 2501; x_wconf 83' lang='grc' dir='ltr'><strong>καθότι</strong></span> <span class='ocrx_word' id='word_1_497' title='bbox 630 2475 764 2509; x_wconf 78' lang='grc' dir='ltr'><em>ἔστησεν</em></span> <span class='ocrx_word' id='word_1_498' title='bbox 780 2475 851 2509; x_wconf 78' lang='grc' dir='ltr'><strong>ὴμέ-</strong></span> 
     </span>
    </p>
   </div>
   <div class='ocr_carea' id='block_1_70' title="bbox 63 2519 852 2556">
    <p class='ocr_par' dir='ltr' id='par_1_70' title="bbox 63 2519 852 2556">
     <span class='ocr_line' id='line_1_70' title="bbox 63 2519 852 2556; baseline 0.005 -12"><span class='ocrx_word' id='word_1_499' title='bbox 63 2527 121 2551; x_wconf 80' lang='lat' dir='ltr'><strong>par</strong></span> <span class='ocrx_word' id='word_1_500' title='bbox 129 2519 166 2545; x_wconf 84' lang='grc' dir='ltr'><em>ἐν</em></span> <span class='ocrx_word' id='word_1_501' title='bbox 176 2519 196 2553; x_wconf 81' lang='grc' dir='ltr'><strong>ᾖ</strong></span> <span class='ocrx_word' id='word_1_502' title='bbox 202 2519 309 2554; x_wconf 74' lang='grc' dir='ltr'><strong>μέλλει</strong></span> <span class='ocrx_word' id='word_1_503' title='bbox 321 2521 435 2554; x_wconf 83' lang='grc' dir='ltr'><em>κρίνειν</em></span> <span class='ocrx_word' id='word_1_504' title='bbox 444 2520 502 2555; x_wconf 77' lang='grc' dir='ltr'><em>τὴν</em></span> <span class='ocrx_word' id='word_1_505' title='bbox 510 2522 690 2556; x_wconf 69' lang='grc' dir='ltr'><strong>οἰκουμένην</strong></span> <span class='ocrx_word' id='word_1_506' title='bbox 699 2521 733 2548; x_wconf 83' lang='grc' dir='ltr'><em>ἐν</em></span> <span class='ocrx_word' id='word_1_507' title='bbox 740 2521 852 2548; x_wconf 82' lang='grc' dir='ltr'>δικαιο-</span> 
     </span>
    </p>
   </div>
   <div class='ocr_carea' id='block_1_71' title="bbox 64 2562 851 2601">
    <p class='ocr_par' dir='ltr' id='par_1_71' title="bbox 64 2562 851 2601">
     <span class='ocr_line' id='line_1_71' title="bbox 64 2562 851 2601; baseline 0.006 -12"><span class='ocrx_word' id='word_1_508' title='bbox 64 2565 156 2597; x_wconf 78' lang='grc' dir='ltr'><em>σύνῃ,</em></span> <span class='ocrx_word' id='word_1_509' title='bbox 171 2565 207 2590; x_wconf 88' lang='grc' dir='ltr'><em>ἐν</em></span> <span class='ocrx_word' id='word_1_510' title='bbox 217 2565 304 2598; x_wconf 80' lang='grc' dir='ltr'><em>ἀνδρὶ</em></span> <span class='ocrx_word' id='word_1_511' title='bbox 315 2562 339 2599; x_wconf 83' lang='grc' dir='ltr'>ᾦ</span> <span class='ocrx_word' id='word_1_512' title='bbox 349 2565 448 2599; x_wconf 77' lang='grc' dir='ltr'><em>ὥρισε,</em></span> <span class='ocrx_word' id='word_1_513' title='bbox 459 2566 565 2593; x_wconf 81' lang='grc' dir='ltr'><em>πίστιν</em></span> <span class='ocrx_word' id='word_1_514' title='bbox 572 2566 736 2601; x_wconf 84' lang='grc' dir='ltr'><em>παρασχὼν</em></span> <span class='ocrx_word' id='word_1_515' title='bbox 746 2567 851 2599; x_wconf 77' lang='grc' dir='ltr'><em>πᾶσιν,</em></span> 
     </span>
    </p>
   </div>
   <div class='ocr_carea' id='block_1_72' title="bbox 65 2608 853 2648">
    <p class='ocr_par' dir='ltr' id='par_1_72' title="bbox 65 2608 853 2648">
     <span class='ocr_line' id='line_1_72' title="bbox 65 2608 853 2648; baseline 0.006 -14"><span class='ocrx_word' id='word_1_516' title='bbox 65 2608 243 2643; x_wconf 74' lang='grc' dir='ltr'><em>ἀναστήσας</em></span> <span class='ocrx_word' id='word_1_517' title='bbox 261 2612 355 2638; x_wconf 76' lang='grc' dir='ltr'><em>αὑτὸν</em></span> <span class='ocrx_word' id='word_1_518' title='bbox 367 2612 401 2638; x_wconf 81' lang='grc' dir='ltr'><strong><em>ἐκ</em></strong></span> <span class='ocrx_word' id='word_1_519' title='bbox 420 2612 545 2646; x_wconf 77' lang='grc' dir='ltr'><em>νεκρῶν.</em></span> <span class='ocrx_word' id='word_1_520' title='bbox 570 2612 614 2639; x_wconf 88' lang='grc' dir='ltr'><strong>Ἐν</strong></span> <span class='ocrx_word' id='word_1_521' title='bbox 626 2609 668 2644; x_wconf 74' lang='grc' dir='ltr'><strong>οἷς</strong></span> <span class='ocrx_word' id='word_1_522' title='bbox 686 2612 765 2640; x_wconf 82' lang='grc' dir='ltr'>πάλιν</span> <span class='ocrx_word' id='word_1_523' title='bbox 784 2613 853 2648; x_wconf 80' lang='grc' dir='ltr'>πρὸς</span> 
     </span>
    </p>
   </div>
   <div class='ocr_carea' id='block_1_73' title="bbox 912 925 1695 962">
    <p class='ocr_par' dir='ltr' id='par_1_73' title="bbox 912 925 1695 962">
     <span class='ocr_line' id='line_1_73' title="bbox 912 925 1695 962; baseline 0.008 -10"><span class='ocrx_word' id='word_1_524' title='bbox 912 926 1027 960; x_wconf 77' lang='lat' dir='ltr'><strong>jactant.</strong></span> <span class='ocrx_word' id='word_1_525' title='bbox 1044 925 1077 953; x_wconf 87' lang='lat' dir='ltr'><strong>Et</strong></span> <span class='ocrx_word' id='word_1_526' title='bbox 1093 930 1154 960; x_wconf 91' lang='lat' dir='ltr'><strong>post</strong></span> <span class='ocrx_word' id='word_1_527' title='bbox 1170 934 1223 954; x_wconf 92' lang='lat' dir='ltr'><strong>non</strong></span> <span class='ocrx_word' id='word_1_528' title='bbox 1246 927 1324 962; x_wconf 80' lang='lat' dir='ltr'><strong>longe</strong></span> <span class='ocrx_word' id='word_1_529' title='bbox 1340 928 1424 955; x_wconf 91' lang='lat' dir='ltr'><strong>illud:</strong></span> <span class='ocrx_word' id='word_1_530' title='bbox 1439 928 1519 956; x_wconf 82' lang='lat' dir='ltr'><strong>Deum</strong></span> <span class='ocrx_word' id='word_1_531' title='bbox 1543 930 1570 957; x_wconf 81' lang='lat' dir='ltr'><strong>in</strong></span> <span class='ocrx_word' id='word_1_532' title='bbox 1589 930 1695 959; x_wconf 81' lang='lat' dir='ltr'><strong>Christo</strong></span> 
     </span>
    </p>
   </div>
   <div class='ocr_carea' id='block_1_74' title="bbox 911 971 1693 1008">
    <p class='ocr_par' dir='ltr' id='par_1_74' title="bbox 911 971 1693 1008">
     <span class='ocr_line' id='line_1_74' title="bbox 911 971 1693 1008; baseline 0.01 -12"><span class='ocrx_word' id='word_1_533' title='bbox 911 971 1036 997; x_wconf 85' lang='lat' dir='ltr'><strong>mundum</strong></span> <span class='ocrx_word' id='word_1_534' title='bbox 1053 971 1103 997; x_wconf 80' lang='lat' dir='ltr'><strong>sibi</strong></span> <span class='ocrx_word' id='word_1_535' title='bbox 1124 972 1298 1004; x_wconf 67' lang='lat' dir='ltr'><strong>conciliasse,</strong></span> <span class='ocrx_word' id='word_1_536' title='bbox 1324 981 1406 1008; x_wconf 86' lang='lat' dir='ltr'><strong>neque</strong></span> <span class='ocrx_word' id='word_1_537' title='bbox 1432 976 1560 1002; x_wconf 83' lang='lat' dir='ltr'><strong>memoria</strong></span> <span class='ocrx_word' id='word_1_538' title='bbox 1594 981 1693 1008; x_wconf 85' lang='lat' dir='ltr'><strong>tenent.</strong></span> 
     </span>
    </p>
   </div>
   <div class='ocr_carea' id='block_1_75' title="bbox 911 1017 1695 1057">
    <p class='ocr_par' dir='ltr' id='par_1_75' title="bbox 911 1017 1695 1057">
     <span class='ocr_line' id='line_1_75' title="bbox 911 1017 1695 1057; baseline 0.011 -15"><span class='ocrx_word' id='word_1_539' title='bbox 911 1025 956 1043; x_wconf 82' lang='lat' dir='ltr'><strong>nec</strong></span> <span class='ocrx_word' id='word_1_540' title='bbox 968 1017 1063 1052; x_wconf 76' lang='lat' dir='ltr'><strong>linguze</strong></span> <span class='ocrx_word' id='word_1_541' title='bbox 1082 1019 1187 1053; x_wconf 82' lang='lat' dir='ltr'><strong>organis</strong></span> <span class='ocrx_word' id='word_1_542' title='bbox 1207 1019 1345 1053; x_wconf 78' lang='lat' dir='ltr'><strong>conferunt</strong></span> <span class='ocrx_word' id='word_1_543' title='bbox 1362 1027 1373 1047; x_wconf 80' lang='lat'><strong>.&#39;</strong></span> <span class='ocrx_word' id='word_1_544' title='bbox 1392 1021 1437 1047; x_wconf 83' lang='lat' dir='ltr'><strong>sed</strong></span> <span class='ocrx_word' id='word_1_545' title='bbox 1451 1022 1528 1048; x_wconf 78' lang='lat' dir='ltr'><strong>veluti</strong></span> <span class='ocrx_word' id='word_1_546' title='bbox 1546 1030 1635 1057; x_wconf 81' lang='lat' dir='ltr'><strong>graves</strong></span> <span class='ocrx_word' id='word_1_547' title='bbox 1648 1032 1695 1051; x_wconf 79' lang='lat' dir='ltr'><strong>ca-</strong></span> 
     </span>
    </p>
   </div>
   <div class='ocr_carea' id='block_1_76' title="bbox 910 1062 1694 1102">
    <p class='ocr_par' dir='ltr' id='par_1_76' title="bbox 910 1062 1694 1102">
     <span class='ocr_line' id='line_1_76' title="bbox 910 1062 1694 1102; baseline 0.011 -14"><span class='ocrx_word' id='word_1_548' title='bbox 910 1062 1081 1090; x_wconf 86' lang='lat' dir='ltr'><strong>lumniatores</strong></span> <span class='ocrx_word' id='word_1_549' title='bbox 1093 1069 1116 1090; x_wconf 87' lang='lat' dir='ltr'><strong>et</strong></span> <span class='ocrx_word' id='word_1_550' title='bbox 1130 1069 1297 1092; x_wconf 78' lang='lat' dir='ltr'><strong>accusatores</strong></span> <span class='ocrx_word' id='word_1_551' title='bbox 1309 1066 1393 1093; x_wconf 86' lang='lat' dir='ltr'><strong>locum</strong></span> <span class='ocrx_word' id='word_1_552' title='bbox 1405 1066 1604 1102; x_wconf 80' lang='lat' dir='ltr'><strong>labefactantes,</strong></span> <span class='ocrx_word' id='word_1_553' title='bbox 1616 1078 1694 1097; x_wconf 80' lang='lat' dir='ltr'><strong>accu-</strong></span> 
     </span>
    </p>
   </div>
   <div class='ocr_carea' id='block_1_77' title="bbox 911 1109 1693 1149">
    <p class='ocr_par' dir='ltr' id='par_1_77' title="bbox 911 1109 1693 1149">
     <span class='ocr_line' id='line_1_77' title="bbox 911 1109 1693 1149; baseline 0.012 -15"><span class='ocrx_word' id='word_1_554' title='bbox 911 1109 1023 1135; x_wconf 81' lang='lat' dir='ltr'><strong>sationis</strong></span> <span class='ocrx_word' id='word_1_555' title='bbox 1045 1115 1175 1137; x_wconf 79' lang='lat' dir='ltr'><strong>certamen</strong></span> <span class='ocrx_word' id='word_1_556' title='bbox 1188 1111 1340 1139; x_wconf 79' lang='lat' dir='ltr'><strong>instituunt.</strong></span> <span class='ocrx_word' id='word_1_557' title='bbox 1360 1112 1462 1140; x_wconf 87' lang='lat' dir='ltr'><strong>Deinde</strong></span> <span class='ocrx_word' id='word_1_558' title='bbox 1478 1118 1507 1140; x_wconf 89' lang='lat' dir='ltr'><strong>et</strong></span> <span class='ocrx_word' id='word_1_559' title='bbox 1519 1113 1585 1149; x_wconf 80' lang='lat' dir='ltr'><strong>legis</strong></span> <span class='ocrx_word' id='word_1_560' title='bbox 1597 1115 1693 1143; x_wconf 83' lang='lat' dir='ltr'><strong>decre-</strong></span> 
     </span>
    </p>
   </div>
   <div class='ocr_carea' id='block_1_78' title="bbox 911 1155 1693 1198">
    <p class='ocr_par' dir='ltr' id='par_1_78' title="bbox 911 1155 1693 1198">
     <span class='ocr_line' id='line_1_78' title="bbox 911 1155 1693 1198; baseline 0.012 -17"><span class='ocrx_word' id='word_1_561' title='bbox 911 1160 967 1182; x_wconf 90' lang='lat' dir='ltr'><strong>tttm</strong></span> <span class='ocrx_word' id='word_1_562' title='bbox 985 1164 991 1181; x_wconf 94' lang='lat'>:</span> <span class='ocrx_word' id='word_1_563' title='bbox 1009 1155 1117 1189; x_wconf 85' lang='lat' dir='ltr'><strong>Oportet</strong></span> <span class='ocrx_word' id='word_1_564' title='bbox 1139 1165 1200 1184; x_wconf 79' lang='lat' dir='ltr'><strong>vero</strong></span> <span class='ocrx_word' id='word_1_565' title='bbox 1222 1158 1339 1185; x_wconf 71' lang='lat' dir='ltr'><strong>veritatis</strong></span> <span class='ocrx_word' id='word_1_566' title='bbox 1353 1160 1441 1187; x_wconf 80' lang='lat' dir='ltr'><strong>studio</strong></span> <span class='ocrx_word' id='word_1_567' title='bbox 1455 1159 1570 1196; x_wconf 83' lang='lat' dir='ltr'><strong>legitime</strong></span> <span class='ocrx_word' id='word_1_568' title='bbox 1582 1162 1664 1198; x_wconf 67' lang='grc'><strong>240</strong></span> <span class='ocrx_word' id='word_1_569' title='bbox 1678 1164 1693 1190; x_wconf 77' lang='lat' dir='ltr'><strong><em>b</em></strong></span> 
     </span>
    </p>
   </div>
   <div class='ocr_carea' id='block_1_79' title="bbox 911 1202 1693 1240">
    <p class='ocr_par' dir='ltr' id='par_1_79' title="bbox 911 1202 1693 1240">
     <span class='ocr_line' id='line_1_79' title="bbox 911 1202 1693 1240; baseline 0.012 -13"><span class='ocrx_word' id='word_1_570' title='bbox 911 1206 1060 1233; x_wconf 75' lang='lat' dir='ltr'><strong>certantes,</strong></span> <span class='ocrx_word' id='word_1_571' title='bbox 1083 1202 1171 1229; x_wconf 85' lang='lat' dir='ltr'><strong>omnia</strong></span> <span class='ocrx_word' id='word_1_572' title='bbox 1196 1203 1299 1231; x_wconf 80' lang='lat' dir='ltr'><strong>abunde</strong></span> <span class='ocrx_word' id='word_1_573' title='bbox 1321 1205 1486 1240; x_wconf 77' lang='lat' dir='ltr'><strong>accipientes,</strong></span> <span class='ocrx_word' id='word_1_574' title='bbox 1513 1209 1558 1234; x_wconf 84' lang='lat' dir='ltr'><strong>sed</strong></span> <span class='ocrx_word' id='word_1_575' title='bbox 1581 1217 1633 1235; x_wconf 87' lang='lat' dir='ltr'><strong>non</strong></span> <span class='ocrx_word' id='word_1_576' title='bbox 1658 1210 1693 1236; x_wconf 82' lang='lat' dir='ltr'><strong>ad</strong></span> 
     </span>
    </p>
   </div>
   <div class='ocr_carea' id='block_1_80' title="bbox 911 1246 1695 1289">
    <p class='ocr_par' dir='ltr' id='par_1_80' title="bbox 911 1246 1695 1289">
     <span class='ocr_line' id='line_1_80' title="bbox 911 1246 1695 1289; baseline 0.013 -17"><span class='ocrx_word' id='word_1_577' title='bbox 911 1246 1045 1281; x_wconf 80' lang='lat' dir='ltr'><strong>fraudem.</strong></span> <span class='ocrx_word' id='word_1_578' title='bbox 1065 1249 1161 1281; x_wconf 79' lang='lat' dir='ltr'><strong>partim</strong></span> <span class='ocrx_word' id='word_1_579' title='bbox 1172 1249 1276 1284; x_wconf 79' lang='lat' dir='ltr'><strong>quidem</strong></span> <span class='ocrx_word' id='word_1_580' title='bbox 1289 1250 1375 1283; x_wconf 86' lang='lat' dir='ltr'><strong>silere,</strong></span> <span class='ocrx_word' id='word_1_581' title='bbox 1389 1252 1485 1284; x_wconf 83' lang='lat' dir='ltr'><strong>partim</strong></span> <span class='ocrx_word' id='word_1_582' title='bbox 1498 1260 1557 1280; x_wconf 77' lang='lat' dir='ltr'><strong>vero</strong></span> <span class='ocrx_word' id='word_1_583' title='bbox 1568 1255 1695 1289; x_wconf 80' lang='lat' dir='ltr'><strong>arripien-</strong></span> 
     </span>
    </p>
   </div>
   <div class='ocr_carea' id='block_1_81' title="bbox 911 1293 1691 1328">
    <p class='ocr_par' dir='ltr' id='par_1_81' title="bbox 911 1293 1691 1328">
     <span class='ocr_line' id='line_1_81' title="bbox 911 1293 1691 1328; baseline 0.01 -9"><span class='ocrx_word' id='word_1_584' title='bbox 911 1298 948 1319; x_wconf 81' lang='lat' dir='ltr'><strong>tes</strong></span> <span class='ocrx_word' id='word_1_585' title='bbox 967 1293 1073 1327; x_wconf 78' lang='lat' dir='ltr'><strong>offerre.</strong></span> <span class='ocrx_word' id='word_1_586' title='bbox 1098 1294 1143 1321; x_wconf 89' lang='lat' dir='ltr'><strong>Sic</strong></span> <span class='ocrx_word' id='word_1_587' title='bbox 1165 1295 1272 1323; x_wconf 86' lang='lat' dir='ltr'><strong>divinus</strong></span> <span class='ocrx_word' id='word_1_588' title='bbox 1291 1295 1411 1324; x_wconf 84' lang='lat' dir='ltr'><strong>Basilius</strong></span> <span class='ocrx_word' id='word_1_589' title='bbox 1430 1297 1464 1325; x_wconf 88' lang='lat' dir='ltr'><strong>ad</strong></span> <span class='ocrx_word' id='word_1_590' title='bbox 1488 1297 1558 1326; x_wconf 89' lang='lat' dir='ltr'><strong>hunc</strong></span> <span class='ocrx_word' id='word_1_591' title='bbox 1583 1300 1691 1328; x_wconf 82' lang='lat' dir='ltr'><strong>modum</strong></span> 
     </span>
    </p>
   </div>
   <div class='ocr_carea' id='block_1_82' title="bbox 911 1339 1694 1378">
    <p class='ocr_par' dir='ltr' id='par_1_82' title="bbox 911 1339 1694 1378">
     <span class='ocr_line' id='line_1_82' title="bbox 911 1339 1694 1378; baseline 0.011 -13"><span class='ocrx_word' id='word_1_592' title='bbox 911 1339 1074 1374; x_wconf 85' lang='lat' dir='ltr'><strong>Sozopolitis</strong></span> <span class='ocrx_word' id='word_1_593' title='bbox 1087 1340 1208 1368; x_wconf 83' lang='lat' dir='ltr'><strong>scribens</strong></span> <span class='ocrx_word' id='word_1_594' title='bbox 1225 1350 1232 1368; x_wconf 93' lang='lat'>:</span> <span class='ocrx_word' id='word_1_595' title='bbox 1250 1340 1312 1368; x_wconf 84' lang='lat' dir='ltr'><strong>Non</strong></span> <span class='ocrx_word' id='word_1_596' title='bbox 1327 1350 1417 1370; x_wconf 77' lang='lat' dir='ltr'><strong>recens</strong></span> <span class='ocrx_word' id='word_1_597' title='bbox 1429 1344 1559 1378; x_wconf 82' lang='lat' dir='ltr'><strong>opinionis</strong></span> <span class='ocrx_word' id='word_1_598' title='bbox 1575 1349 1631 1373; x_wconf 75' lang='lat' dir='ltr'><strong>Itwc</strong></span> <span class='ocrx_word' id='word_1_599' title='bbox 1641 1348 1694 1374; x_wconf 79' lang='lat' dir='ltr'><strong>im-</strong></span> 
     </span>
    </p>
   </div>
   <div class='ocr_carea' id='block_1_83' title="bbox 910 1384 1695 1419">
    <p class='ocr_par' dir='ltr' id='par_1_83' title="bbox 910 1384 1695 1419">
     <span class='ocr_line' id='line_1_83' title="bbox 910 1384 1695 1419; baseline 0.013 -9"><span class='ocrx_word' id='word_1_600' title='bbox 910 1384 1001 1417; x_wconf 79' lang='lat' dir='ltr'><strong>pietas,</strong></span> <span class='ocrx_word' id='word_1_601' title='bbox 1015 1384 1061 1411; x_wconf 85' lang='lat' dir='ltr'><strong>sed</strong></span> <span class='ocrx_word' id='word_1_602' title='bbox 1068 1388 1093 1412; x_wconf 81' lang='lat' dir='ltr'><strong>et</strong></span> <span class='ocrx_word' id='word_1_603' title='bbox 1109 1385 1171 1411; x_wconf 87' lang='lat' dir='ltr'><strong>olint</strong></span> <span class='ocrx_word' id='word_1_604' title='bbox 1186 1386 1218 1412; x_wconf 81' lang='lat' dir='ltr'><strong>ab</strong></span> <span class='ocrx_word' id='word_1_605' title='bbox 1248 1387 1361 1414; x_wconf 80' lang='lat' dir='ltr'><strong>absurdo</strong></span> <span class='ocrx_word' id='word_1_606' title='bbox 1377 1388 1471 1416; x_wconf 81' lang='lat' dir='ltr'><strong>insano</strong></span> <span class='ocrx_word' id='word_1_607' title='bbox 1497 1389 1634 1419; x_wconf 85' lang='lat' dir='ltr'><strong>Valentino</strong></span> <span class='ocrx_word' id='word_1_608' title='bbox 1653 1393 1695 1419; x_wconf 86' lang='lat' dir='ltr'><strong>in-</strong></span> 
     </span>
    </p>
   </div>
   <div class='ocr_carea' id='block_1_84' title="bbox 910 1429 1695 1472">
    <p class='ocr_par' dir='ltr' id='par_1_84' title="bbox 910 1429 1695 1472">
     <span class='ocr_line' id='line_1_84' title="bbox 910 1429 1695 1472; baseline 0.014 -18"><span class='ocrx_word' id='word_1_609' title='bbox 910 1429 1016 1461; x_wconf 83' lang='lat' dir='ltr'><strong>choata,</strong></span> <span class='ocrx_word' id='word_1_610' title='bbox 1030 1430 1075 1464; x_wconf 85' lang='lat' dir='ltr'><strong>qui</strong></span> <span class='ocrx_word' id='word_1_611' title='bbox 1085 1439 1171 1464; x_wconf 82' lang='lat' dir='ltr'><strong>pauca</strong></span> <span class='ocrx_word' id='word_1_612' title='bbox 1184 1432 1301 1464; x_wconf 84' lang='lat' dir='ltr'><strong>Apostoli</strong></span> <span class='ocrx_word' id='word_1_613' title='bbox 1313 1433 1389 1460; x_wconf 74' lang='lat' dir='ltr'><strong>verba</strong></span> <span class='ocrx_word' id='word_1_614' title='bbox 1400 1435 1567 1469; x_wconf 81' lang='lat' dir='ltr'><strong>contrahens,</strong></span> <span class='ocrx_word' id='word_1_615' title='bbox 1584 1437 1695 1472; x_wconf 86' lang='lat' dir='ltr'><strong>impium</strong></span> 
     </span>
    </p>
   </div>
   <div class='ocr_carea' id='block_1_85' title="bbox 910 1475 1696 1512">
    <p class='ocr_par' dir='ltr' id='par_1_85' title="bbox 910 1475 1696 1512">
     <span class='ocr_line' id='line_1_85' title="bbox 910 1475 1696 1512; baseline 0.014 -11"><span class='ocrx_word' id='word_1_616' title='bbox 910 1475 961 1501; x_wconf 80' lang='lat' dir='ltr'><strong>sibi</strong></span> <span class='ocrx_word' id='word_1_617' title='bbox 978 1475 1133 1510; x_wconf 82' lang='lat' dir='ltr'><strong>ﬁgmentum</strong></span> <span class='ocrx_word' id='word_1_618' title='bbox 1146 1482 1316 1512; x_wconf 74' lang='lat' dir='ltr'><strong>prteparavtt.</strong></span> <span class='ocrx_word' id='word_1_619' title='bbox 1332 1478 1368 1507; x_wconf 90' lang='lat' dir='ltr'><strong>Ut</strong></span> <span class='ocrx_word' id='word_1_620' title='bbox 1381 1480 1503 1509; x_wconf 61' lang='lat' dir='ltr'><strong>haeretici</strong></span> <span class='ocrx_word' id='word_1_621' title='bbox 1515 1488 1638 1511; x_wconf 82' lang='lat' dir='ltr'><strong>amentes</strong></span> <span class='ocrx_word' id='word_1_622' title='bbox 1650 1492 1696 1511; x_wconf 90' lang='lat' dir='ltr'><strong>so-</strong></span> 
     </span>
    </p>
   </div>
   <div class='ocr_carea' id='block_1_86' title="bbox 912 1520 1695 1562">
    <p class='ocr_par' dir='ltr' id='par_1_86' title="bbox 912 1520 1695 1562">
     <span class='ocr_line' id='line_1_86' title="bbox 912 1520 1695 1562; baseline 0.015 -16"><span class='ocrx_word' id='word_1_623' title='bbox 912 1520 968 1547; x_wconf 94' lang='lat' dir='ltr'><strong>lent</strong></span> <span class='ocrx_word' id='word_1_624' title='bbox 991 1527 1095 1555; x_wconf 84' lang='lat' dir='ltr'><strong>partem</strong></span> <span class='ocrx_word' id='word_1_625' title='bbox 1122 1523 1238 1558; x_wconf 90' lang='lat' dir='ltr'><strong>aliquam</strong></span> <span class='ocrx_word' id='word_1_626' title='bbox 1255 1523 1403 1559; x_wconf 72' lang='lat' dir='ltr'><strong>Scriptum</strong></span> <span class='ocrx_word' id='word_1_627' title='bbox 1428 1527 1550 1562; x_wconf 87' lang='lat' dir='ltr'><strong>arripere</strong></span> <span class='ocrx_word' id='word_1_628' title='bbox 1572 1533 1600 1556; x_wconf 88' lang='lat' dir='ltr'><strong>et</strong></span> <span class='ocrx_word' id='word_1_629' title='bbox 1625 1530 1695 1558; x_wconf 89' lang='lat' dir='ltr'><strong>hanc</strong></span> 
     </span>
    </p>
   </div>
   <div class='ocr_carea' id='block_1_87' title="bbox 911 1567 1695 1609">
    <p class='ocr_par' dir='ltr' id='par_1_87' title="bbox 911 1567 1695 1609">
     <span class='ocr_line' id='line_1_87' title="bbox 911 1567 1695 1609; baseline 0.014 -16"><span class='ocrx_word' id='word_1_630' title='bbox 911 1567 1068 1602; x_wconf 83' lang='lat' dir='ltr'><strong>depravare,</strong></span> <span class='ocrx_word' id='word_1_631' title='bbox 1082 1574 1194 1602; x_wconf 82' lang='lat' dir='ltr'><strong>propter</strong></span> <span class='ocrx_word' id='word_1_632' title='bbox 1207 1569 1278 1597; x_wconf 89' lang='lat' dir='ltr'><strong>hanc</strong></span> <span class='ocrx_word' id='word_1_633' title='bbox 1289 1576 1388 1599; x_wconf 72' lang='lat' dir='ltr'><strong>caetera</strong></span> <span class='ocrx_word' id='word_1_634' title='bbox 1405 1573 1597 1609; x_wconf 85' lang='lat' dir='ltr'><strong>condemnare,</strong></span> <span class='ocrx_word' id='word_1_635' title='bbox 1612 1580 1640 1603; x_wconf 91' lang='lat' dir='ltr'><strong>et</strong></span> <span class='ocrx_word' id='word_1_636' title='bbox 1660 1576 1695 1604; x_wconf 82' lang='lat' dir='ltr'><strong>ab</strong></span> 
     </span>
    </p>
   </div>
   <div class='ocr_carea' id='block_1_88' title="bbox 911 1612 1694 1649">
    <p class='ocr_par' dir='ltr' id='par_1_88' title="bbox 911 1612 1694 1649">
     <span class='ocr_line' id='line_1_88' title="bbox 911 1612 1694 1649; baseline 0.015 -12"><span class='ocrx_word' id='word_1_637' title='bbox 911 1618 1051 1639; x_wconf 87' lang='lat' dir='ltr'><strong>sacrarum</strong></span> <span class='ocrx_word' id='word_1_638' title='bbox 1067 1612 1214 1640; x_wconf 89' lang='lat' dir='ltr'><strong>lectiomtm</strong></span> <span class='ocrx_word' id='word_1_639' title='bbox 1230 1614 1374 1644; x_wconf 83' lang='lat' dir='ltr'><strong>calumniis</strong></span> <span class='ocrx_word' id='word_1_640' title='bbox 1396 1621 1424 1644; x_wconf 89' lang='lat' dir='ltr'><strong>et</strong></span> <span class='ocrx_word' id='word_1_641' title='bbox 1443 1618 1621 1648; x_wconf 87' lang='lat' dir='ltr'><strong>divisionibus</strong></span> <span class='ocrx_word' id='word_1_642' title='bbox 1641 1621 1694 1649; x_wconf 81' lang='lat' dir='ltr'><strong>im-</strong></span> 
     </span>
    </p>
   </div>
   <div class='ocr_carea' id='block_1_89' title="bbox 909 1657 1693 1702">
    <p class='ocr_par' dir='ltr' id='par_1_89' title="bbox 909 1657 1693 1702">
     <span class='ocr_line' id='line_1_89' title="bbox 909 1657 1693 1702; baseline 0.014 -19"><span class='ocrx_word' id='word_1_643' title='bbox 909 1657 980 1691; x_wconf 91' lang='lat' dir='ltr'><strong>pium</strong></span> <span class='ocrx_word' id='word_1_644' title='bbox 993 1657 1091 1692; x_wconf 79' lang='lat' dir='ltr'><strong>dogma</strong></span> <span class='ocrx_word' id='word_1_645' title='bbox 1119 1658 1248 1687; x_wconf 81' lang='lat' dir='ltr'><strong>conﬂare.</strong></span> <span class='ocrx_word' id='word_1_646' title='bbox 1265 1660 1311 1688; x_wconf 86' lang='lat' dir='ltr'><strong>Sic</strong></span> <span class='ocrx_word' id='word_1_647' title='bbox 1324 1665 1351 1688; x_wconf 89' lang='lat' dir='ltr'><strong>et</strong></span> <span class='ocrx_word' id='word_1_648' title='bbox 1362 1663 1546 1696; x_wconf 90' lang='lat' dir='ltr'><strong>apostolorum</strong></span> <span class='ocrx_word' id='word_1_649' title='bbox 1566 1666 1693 1702; x_wconf 88' lang='lat' dir='ltr'><strong>princeps</strong></span> 
     </span>
    </p>
   </div>
   <div class='ocr_carea' id='block_1_90' title="bbox 907 1703 1692 1742">
    <p class='ocr_par' dir='ltr' id='par_1_90' title="bbox 907 1703 1692 1742">
     <span class='ocr_line' id='line_1_90' title="bbox 907 1703 1692 1742; baseline 0.015 -13"><span class='ocrx_word' id='word_1_650' title='bbox 907 1703 941 1731; x_wconf 87' lang='lat' dir='ltr'><strong>ab</strong></span> <span class='ocrx_word' id='word_1_651' title='bbox 957 1703 1047 1738; x_wconf 85' lang='lat' dir='ltr'><strong>impiis</strong></span> <span class='ocrx_word' id='word_1_652' title='bbox 1067 1710 1209 1733; x_wconf 85' lang='lat' dir='ltr'><strong>accusatus</strong></span> <span class='ocrx_word' id='word_1_653' title='bbox 1236 1710 1288 1739; x_wconf 87' lang='lat' dir='ltr'><strong>est,</strong></span> <span class='ocrx_word' id='word_1_654' title='bbox 1309 1711 1339 1734; x_wconf 93' lang='lat' dir='ltr'><strong>ut</strong></span> <span class='ocrx_word' id='word_1_655' title='bbox 1365 1708 1488 1737; x_wconf 83' lang='lat' dir='ltr'><strong>dividens</strong></span> <span class='ocrx_word' id='word_1_656' title='bbox 1509 1709 1692 1742; x_wconf 86' lang='lat' dir='ltr'><strong>Emmanuel:</strong></span> 
     </span>
    </p>
   </div>
   <div class='ocr_carea' id='block_1_91' title="bbox 908 1749 1694 1793">
    <p class='ocr_par' dir='ltr' id='par_1_91' title="bbox 908 1749 1694 1793">
     <span class='ocr_line' id='line_1_91' title="bbox 908 1749 1694 1793; baseline 0.014 -18"><span class='ocrx_word' id='word_1_657' title='bbox 908 1749 994 1784; x_wconf 89' lang='lat' dir='ltr'><strong>inquit</strong></span> <span class='ocrx_word' id='word_1_658' title='bbox 1009 1749 1119 1777; x_wconf 84' lang='lat' dir='ltr'><strong>:Jesum</strong></span> <span class='ocrx_word' id='word_1_659' title='bbox 1134 1750 1316 1784; x_wconf 76' lang='lat' dir='ltr'><strong>Nazarenam.</strong></span> <span class='ocrx_word' id='word_1_660' title='bbox 1337 1754 1466 1788; x_wconf 83' lang='lat' dir='ltr'><strong>quomodo</strong></span> <span class='ocrx_word' id='word_1_661' title='bbox 1485 1758 1593 1784; x_wconf 68' lang='lat' dir='ltr'><strong>tinxerit</strong></span> <span class='ocrx_word' id='word_1_662' title='bbox 1607 1758 1694 1793; x_wconf 82' lang='lat' dir='ltr'><strong>ipsum</strong></span> 
     </span>
    </p>
   </div>
   <div class='ocr_carea' id='block_1_92' title="bbox 909 1794 1692 1838">
    <p class='ocr_par' dir='ltr' id='par_1_92' title="bbox 909 1794 1692 1838">
     <span class='ocr_line' id='line_1_92' title="bbox 909 1794 1692 1838; baseline 0.014 -18"><span class='ocrx_word' id='word_1_663' title='bbox 909 1794 977 1821; x_wconf 85' lang='lat' dir='ltr'><strong>Deus</strong></span> <span class='ocrx_word' id='word_1_664' title='bbox 992 1801 1083 1822; x_wconf 79' lang='lat' dir='ltr'><strong>saneto</strong></span> <span class='ocrx_word' id='word_1_665' title='bbox 1102 1795 1204 1831; x_wconf 83' lang='lat' dir='ltr'><strong>Spiritu</strong></span> <span class='ocrx_word' id='word_1_666' title='bbox 1220 1798 1250 1832; x_wconf 68' lang='lat' dir='ltr'><strong>[et</strong></span> <span class='ocrx_word' id='word_1_667' title='bbox 1272 1798 1378 1832; x_wconf 81' lang='lat' dir='ltr'><strong>virtute,</strong></span> <span class='ocrx_word' id='word_1_668' title='bbox 1400 1801 1445 1835; x_wconf 88' lang='lat' dir='ltr'><strong>qui</strong></span> <span class='ocrx_word' id='word_1_669' title='bbox 1461 1802 1528 1828; x_wconf 83' lang='lat' dir='ltr'><strong>venit</strong></span> <span class='ocrx_word' id='word_1_670' title='bbox 1540 1802 1692 1838; x_wconf 81' lang='lat' dir='ltr'><strong>benefactu-</strong></span> 
     </span>
    </p>
   </div>
   <div class='ocr_carea' id='block_1_93' title="bbox 907 1841 1690 1884">
    <p class='ocr_par' dir='ltr' id='par_1_93' title="bbox 907 1841 1690 1884">
     <span class='ocr_line' id='line_1_93' title="bbox 907 1841 1690 1884; baseline 0.014 -18"><span class='ocrx_word' id='word_1_671' title='bbox 907 1848 951 1867; x_wconf 84' lang='lat' dir='ltr'><strong>rus</strong></span> <span class='ocrx_word' id='word_1_672' title='bbox 964 1845 989 1867; x_wconf 88' lang='lat' dir='ltr'><strong>et</strong></span> <span class='ocrx_word' id='word_1_673' title='bbox 1009 1841 1124 1868; x_wconf 81' lang='lat' dir='ltr'><strong>liberans</strong></span> <span class='ocrx_word' id='word_1_674' title='bbox 1151 1851 1239 1871; x_wconf 85' lang='lat' dir='ltr'><strong>omnes</strong></span> <span class='ocrx_word' id='word_1_675' title='bbox 1260 1846 1399 1879; x_wconf 80' lang='lat' dir='ltr'><strong>tyrannide</strong></span> <span class='ocrx_word' id='word_1_676' title='bbox 1422 1854 1555 1881; x_wconf 82' lang='lat' dir='ltr'><strong>oppressos</strong></span> <span class='ocrx_word' id='word_1_677' title='bbox 1579 1850 1690 1884; x_wconf 84' lang='lat' dir='ltr'><strong>diaboli,</strong></span> 
     </span>
    </p>
   </div>
   <div class='ocr_carea' id='block_1_94' title="bbox 906 1886 1691 1925">
    <p class='ocr_par' dir='ltr' id='par_1_94' title="bbox 906 1886 1691 1925">
     <span class='ocr_line' id='line_1_94' title="bbox 906 1886 1691 1925; baseline 0.015 -13"><span class='ocrx_word' id='word_1_678' title='bbox 906 1887 966 1921; x_wconf 83' lang='lat' dir='ltr'><strong>quia</strong></span> <span class='ocrx_word' id='word_1_679' title='bbox 973 1886 1104 1914; x_wconf 84' lang='lat' dir='ltr'><strong>Deuserat</strong></span> <span class='ocrx_word' id='word_1_680' title='bbox 1110 1897 1167 1915; x_wconf 85' lang='lat' dir='ltr'><strong>cum</strong></span> <span class='ocrx_word' id='word_1_681' title='bbox 1173 1897 1202 1917; x_wconf 86' lang='lat' dir='ltr'><strong>eo</strong></span> <span class='ocrx_word' id='word_1_682' title='bbox 1211 1890 1235 1908; x_wconf 77' lang='grc' dir='ltr'><strong>ιι·</strong></span> <span class='ocrx_word' id='word_1_683' title='bbox 1241 1909 1247 1916; x_wconf 98' lang='grc'>.</span> <span class='ocrx_word' id='word_1_684' title='bbox 1257 1890 1288 1917; x_wconf 91' lang='lat' dir='ltr'><strong>Et</strong></span> <span class='ocrx_word' id='word_1_685' title='bbox 1297 1891 1416 1925; x_wconf 79' lang='lat' dir='ltr'><strong>profecto</strong></span> <span class='ocrx_word' id='word_1_686' title='bbox 1422 1892 1533 1921; x_wconf 88' lang='lat' dir='ltr'><strong>Paulum</strong></span> <span class='ocrx_word' id='word_1_687' title='bbox 1540 1895 1632 1923; x_wconf 87' lang='lat' dir='ltr'><strong>orbem</strong></span> <span class='ocrx_word' id='word_1_688' title='bbox 1641 1902 1691 1924; x_wconf 88' lang='lat' dir='ltr'><strong>ter-</strong></span> 
     </span>
    </p>
   </div>
   <div class='ocr_carea' id='block_1_95' title="bbox 906 1933 1691 1977">
    <p class='ocr_par' dir='ltr' id='par_1_95' title="bbox 906 1933 1691 1977">
     <span class='ocr_line' id='line_1_95' title="bbox 906 1933 1691 1977; baseline 0.015 -19"><span class='ocrx_word' id='word_1_689' title='bbox 906 1940 996 1959; x_wconf 86' lang='lat' dir='ltr'><strong>rarum</strong></span> <span class='ocrx_word' id='word_1_690' title='bbox 1008 1933 1113 1967; x_wconf 87' lang='lat' dir='ltr'><strong>pietatis</strong></span> <span class='ocrx_word' id='word_1_691' title='bbox 1122 1936 1255 1968; x_wconf 70' lang='lat' dir='ltr'><strong>prmconio</strong></span> <span class='ocrx_word' id='word_1_692' title='bbox 1265 1940 1613 1973; x_wconf 83' lang='lat' dir='ltr'><strong>percurrentem,sitnilibus</strong></span> <span class='ocrx_word' id='word_1_693' title='bbox 1622 1942 1691 1977; x_wconf 86' lang='lat' dir='ltr'><strong>inju-</strong></span> 
     </span>
    </p>
   </div>
   <div class='ocr_carea' id='block_1_96' title="bbox 906 1977 1689 2017">
    <p class='ocr_par' dir='ltr' id='par_1_96' title="bbox 906 1977 1689 2017">
     <span class='ocr_line' id='line_1_96' title="bbox 906 1977 1689 2017; baseline 0.015 -14"><span class='ocrx_word' id='word_1_694' title='bbox 906 1977 953 2004; x_wconf 88' lang='lat' dir='ltr'><strong>riis</strong></span> <span class='ocrx_word' id='word_1_695' title='bbox 970 1983 997 2004; x_wconf 83' lang='lat' dir='ltr'><strong>et</strong></span> <span class='ocrx_word' id='word_1_696' title='bbox 1015 1978 1156 2006; x_wconf 83' lang='lat' dir='ltr'><strong>calumniis</strong></span> <span class='ocrx_word' id='word_1_697' title='bbox 1171 1981 1341 2015; x_wconf 74' lang='lat' dir='ltr'><strong>perstringit,</strong></span> <span class='ocrx_word' id='word_1_698' title='bbox 1360 1982 1386 2008; x_wconf 94' lang='lat' dir='ltr'><strong>in</strong></span> <span class='ocrx_word' id='word_1_699' title='bbox 1397 1983 1495 2017; x_wconf 87' lang='lat' dir='ltr'><strong>quibus</strong></span> <span class='ocrx_word' id='word_1_700' title='bbox 1513 1986 1689 2015; x_wconf 82' lang='lat' dir='ltr'><strong>concionatus</strong></span> 
     </span>
    </p>
   </div>
   <div class='ocr_carea' id='block_1_97' title="bbox 904 2023 1689 2061">
    <p class='ocr_par' dir='ltr' id='par_1_97' title="bbox 904 2023 1689 2061">
     <span class='ocr_line' id='line_1_97' title="bbox 904 2023 1689 2061; baseline 0.015 -12"><span class='ocrx_word' id='word_1_701' title='bbox 904 2023 1112 2052; x_wconf 83' lang='lat' dir='ltr'><strong>Atheniensibus</strong></span> <span class='ocrx_word' id='word_1_702' title='bbox 1125 2025 1230 2053; x_wconf 81' lang='lat' dir='ltr'><strong>lacutus</strong></span> <span class='ocrx_word' id='word_1_703' title='bbox 1239 2028 1298 2054; x_wconf 74' lang='lat' dir='ltr'><strong>esti</strong></span> <span class='ocrx_word' id='word_1_704' title='bbox 1316 2036 1323 2054; x_wconf 95' lang='lat'>:</span> <span class='ocrx_word' id='word_1_705' title='bbox 1339 2028 1484 2057; x_wconf 81' lang='lat' dir='ltr'><strong>Annuntiat</strong></span> <span class='ocrx_word' id='word_1_706' title='bbox 1497 2031 1646 2060; x_wconf 83' lang='lat' dir='ltr'><strong>hominibus</strong></span> <span class='ocrx_word' id='word_1_707' title='bbox 1660 2040 1689 2061; x_wconf 81' lang='lat' dir='ltr'><strong>ut</strong></span> 
     </span>
    </p>
   </div>
   <div class='ocr_carea' id='block_1_98' title="bbox 904 2070 1686 2112">
    <p class='ocr_par' dir='ltr' id='par_1_98' title="bbox 904 2070 1686 2112">
     <span class='ocr_line' id='line_1_98' title="bbox 904 2070 1686 2112; baseline 0.012 -15"><span class='ocrx_word' id='word_1_708' title='bbox 904 2077 995 2097; x_wconf 78' lang='lat' dir='ltr'><strong>omnes</strong></span> <span class='ocrx_word' id='word_1_709' title='bbox 1005 2070 1098 2105; x_wconf 77' lang='lat' dir='ltr'><strong>ubique</strong></span> <span class='ocrx_word' id='word_1_710' title='bbox 1106 2071 1283 2105; x_wconf 69' lang='lat' dir='ltr'><strong>paenitentiam</strong></span> <span class='ocrx_word' id='word_1_711' title='bbox 1295 2078 1421 2108; x_wconf 85' lang='lat' dir='ltr'><strong>agant,eo</strong></span> <span class='ocrx_word' id='word_1_712' title='bbox 1427 2076 1497 2110; x_wconf 82' lang='lat' dir='ltr'><strong>quod</strong></span> <span class='ocrx_word' id='word_1_713' title='bbox 1507 2078 1686 2112; x_wconf 82' lang='lat' dir='ltr'><strong>statuitdiem,</strong></span> 
     </span>
    </p>
   </div>
   <div class='ocr_carea' id='block_1_99' title="bbox 905 2115 1689 2160">
    <p class='ocr_par' dir='ltr' id='par_1_99' title="bbox 905 2115 1689 2160">
     <span class='ocr_line' id='line_1_99' title="bbox 905 2115 1689 2160; baseline 0.015 -20"><span class='ocrx_word' id='word_1_714' title='bbox 905 2115 933 2141; x_wconf 84' lang='lat' dir='ltr'><strong>in</strong></span> <span class='ocrx_word' id='word_1_715' title='bbox 942 2123 993 2146; x_wconf 83' lang='lat' dir='ltr'><strong>quo</strong></span> <span class='ocrx_word' id='word_1_716' title='bbox 1000 2115 1172 2150; x_wconf 77' lang='lat' dir='ltr'><strong>judicaturus</strong></span> <span class='ocrx_word' id='word_1_717' title='bbox 1183 2123 1220 2144; x_wconf 84' lang='lat' dir='ltr'><strong>est</strong></span> <span class='ocrx_word' id='word_1_718' title='bbox 1229 2119 1316 2146; x_wconf 86' lang='lat' dir='ltr'><strong>orbem</strong></span> <span class='ocrx_word' id='word_1_719' title='bbox 1326 2119 1353 2146; x_wconf 85' lang='lat' dir='ltr'><strong>in</strong></span> <span class='ocrx_word' id='word_1_720' title='bbox 1362 2122 1485 2155; x_wconf 82' lang='lat' dir='ltr'><strong>tequilate</strong></span> <span class='ocrx_word' id='word_1_721' title='bbox 1494 2122 1522 2148; x_wconf 81' lang='lat' dir='ltr'><strong>in</strong></span> <span class='ocrx_word' id='word_1_722' title='bbox 1531 2123 1595 2157; x_wconf 80' lang='lat' dir='ltr'><strong>uiro,</strong></span> <span class='ocrx_word' id='word_1_723' title='bbox 1605 2124 1633 2151; x_wconf 86' lang='lat' dir='ltr'><strong>in</strong></span> <span class='ocrx_word' id='word_1_724' title='bbox 1639 2133 1689 2160; x_wconf 90' lang='lat' dir='ltr'><strong>que</strong></span> 
     </span>
    </p>
   </div>
   <div class='ocr_carea' id='block_1_100' title="bbox 903 2159 1689 2195">
    <p class='ocr_par' dir='ltr' id='par_1_100' title="bbox 903 2159 1689 2195">
     <span class='ocr_line' id='line_1_100' title="bbox 903 2159 1689 2195; baseline 0.013 -10"><span class='ocrx_word' id='word_1_725' title='bbox 903 2159 995 2186; x_wconf 83' lang='lat' dir='ltr'><strong>statuit</strong></span> <span class='ocrx_word' id='word_1_726' title='bbox 1010 2159 1090 2193; x_wconf 83' lang='lat' dir='ltr'><strong>ﬁdem</strong></span> <span class='ocrx_word' id='word_1_727' title='bbox 1101 2161 1219 2194; x_wconf 77' lang='lat' dir='ltr'><strong>prtebens</strong></span> <span class='ocrx_word' id='word_1_728' title='bbox 1229 2162 1357 2195; x_wconf 82' lang='lat' dir='ltr'><strong>omnibus,</strong></span> <span class='ocrx_word' id='word_1_729' title='bbox 1371 2165 1501 2193; x_wconf 78' lang='lat' dir='ltr'><strong>suscitans</strong></span> <span class='ocrx_word' id='word_1_730' title='bbox 1515 2174 1574 2193; x_wconf 85' lang='lat' dir='ltr'><strong>eum</strong></span> <span class='ocrx_word' id='word_1_731' title='bbox 1590 2176 1605 2194; x_wconf 92' lang='lat' dir='ltr'><strong>a</strong></span> <span class='ocrx_word' id='word_1_732' title='bbox 1619 2177 1689 2195; x_wconf 87' lang='lat' dir='ltr'><strong>mor-</strong></span> 
     </span>
    </p>
   </div>
   <div class='ocr_carea' id='block_1_101' title="bbox 904 2204 1686 2241">
    <p class='ocr_par' dir='ltr' id='par_1_101' title="bbox 904 2204 1686 2241">
     <span class='ocr_line' id='line_1_101' title="bbox 904 2204 1686 2241; baseline 0.014 -11"><span class='ocrx_word' id='word_1_733' title='bbox 904 2204 966 2231; x_wconf 86' lang='lat' dir='ltr'><strong>tuis.</strong></span> <span class='ocrx_word' id='word_1_734' title='bbox 988 2204 1026 2232; x_wconf 87' lang='lat' dir='ltr'><strong>De</strong></span> <span class='ocrx_word' id='word_1_735' title='bbox 1042 2205 1141 2239; x_wconf 80' lang='lat' dir='ltr'><strong>quibus</strong></span> <span class='ocrx_word' id='word_1_736' title='bbox 1161 2206 1258 2233; x_wconf 82' lang='lat' dir='ltr'><strong>iterum</strong></span> <span class='ocrx_word' id='word_1_737' title='bbox 1281 2207 1315 2234; x_wconf 91' lang='lat' dir='ltr'><strong>ad</strong></span> <span class='ocrx_word' id='word_1_738' title='bbox 1336 2208 1464 2238; x_wconf 72' lang='lat' dir='ltr'><strong>Hebraeos</strong></span> <span class='ocrx_word' id='word_1_739' title='bbox 1481 2212 1603 2240; x_wconf 82' lang='lat' dir='ltr'><strong>scribens</strong></span> <span class='ocrx_word' id='word_1_740' title='bbox 1625 2214 1660 2240; x_wconf 86' lang='lat' dir='ltr'><strong>ait</strong></span> <span class='ocrx_word' id='word_1_741' title='bbox 1680 2224 1686 2241; x_wconf 93' lang='lat'>:</span> 
     </span>
    </p>
   </div>
   <div class='ocr_carea' id='block_1_102' title="bbox 905 2249 1688 2294">
    <p class='ocr_par' dir='ltr' id='par_1_102' title="bbox 905 2249 1688 2294">
     <span class='ocr_line' id='line_1_102' title="bbox 905 2249 1688 2294; baseline 0.014 -19"><span class='ocrx_word' id='word_1_742' title='bbox 905 2249 955 2281; x_wconf 86' lang='lat' dir='ltr'><strong>Qui</strong></span> <span class='ocrx_word' id='word_1_743' title='bbox 978 2250 1006 2276; x_wconf 81' lang='lat' dir='ltr'><strong>iu</strong></span> <span class='ocrx_word' id='word_1_744' title='bbox 1021 2250 1112 2278; x_wconf 82' lang='lat' dir='ltr'><strong>diebus</strong></span> <span class='ocrx_word' id='word_1_745' title='bbox 1131 2252 1218 2278; x_wconf 82' lang='lat' dir='ltr'><strong>carnis</strong></span> <span class='ocrx_word' id='word_1_746' title='bbox 1246 2260 1301 2280; x_wconf 69' lang='lat' dir='ltr'><strong>sua:</strong></span> <span class='ocrx_word' id='word_1_747' title='bbox 1322 2262 1410 2288; x_wconf 79' lang='lat' dir='ltr'><strong>preces</strong></span> <span class='ocrx_word' id='word_1_748' title='bbox 1428 2256 1688 2294; x_wconf 81' lang='lat' dir='ltr'><strong>supplicationesque</strong></span> 
     </span>
    </p>
   </div>
   <div class='ocr_carea' id='block_1_103' title="bbox 903 2296 1688 2337">
    <p class='ocr_par' dir='ltr' id='par_1_103' title="bbox 903 2296 1688 2337">
     <span class='ocr_line' id='line_1_103' title="bbox 903 2296 1688 2337; baseline 0.017 -17"><span class='ocrx_word' id='word_1_749' title='bbox 903 2296 937 2321; x_wconf 83' lang='lat' dir='ltr'><strong>ad</strong></span> <span class='ocrx_word' id='word_1_750' title='bbox 953 2303 1012 2322; x_wconf 86' lang='lat' dir='ltr'><strong>eum</strong></span> <span class='ocrx_word' id='word_1_751' title='bbox 1026 2296 1071 2330; x_wconf 89' lang='lat' dir='ltr'><strong>qui</strong></span> <span class='ocrx_word' id='word_1_752' title='bbox 1088 2297 1169 2330; x_wconf 85' lang='lat' dir='ltr'><strong>possit</strong></span> <span class='ocrx_word' id='word_1_753' title='bbox 1186 2297 1261 2324; x_wconf 84' lang='lat' dir='ltr'><strong>illum</strong></span> <span class='ocrx_word' id='word_1_754' title='bbox 1277 2298 1378 2326; x_wconf 81' lang='lat' dir='ltr'><strong>salvum</strong></span> <span class='ocrx_word' id='word_1_755' title='bbox 1391 2301 1478 2334; x_wconf 82' lang='lat' dir='ltr'><strong>facere</strong></span> <span class='ocrx_word' id='word_1_756' title='bbox 1489 2311 1506 2329; x_wconf 88' lang='lat' dir='ltr'><strong>a</strong></span> <span class='ocrx_word' id='word_1_757' title='bbox 1521 2308 1604 2331; x_wconf 85' lang='lat' dir='ltr'><strong>morte</strong></span> <span class='ocrx_word' id='word_1_758' title='bbox 1617 2303 1641 2337; x_wconf 70' lang='grc' dir='ltr'>ί,</span> <span class='ocrx_word' id='word_1_759' title='bbox 1659 2311 1688 2333; x_wconf 79' lang='lat' dir='ltr'><strong>et</strong></span> 
     </span>
    </p>
   </div>
   <div class='ocr_carea' id='block_1_104' title="bbox 904 2340 1687 2380">
    <p class='ocr_par' dir='ltr' id='par_1_104' title="bbox 904 2340 1687 2380">
     <span class='ocr_line' id='line_1_104' title="bbox 904 2340 1687 2380; baseline 0.015 -14"><span class='ocrx_word' id='word_1_760' title='bbox 904 2340 1043 2375; x_wconf 87' lang='lat' dir='ltr'><strong>deinceps.</strong></span> <span class='ocrx_word' id='word_1_761' title='bbox 1065 2341 1252 2369; x_wconf 87' lang='lat' dir='ltr'><strong>Calumniator</strong></span> <span class='ocrx_word' id='word_1_762' title='bbox 1273 2343 1355 2378; x_wconf 79' lang='lat' dir='ltr'><strong>igitur</strong></span> <span class='ocrx_word' id='word_1_763' title='bbox 1372 2346 1474 2380; x_wconf 89' lang='lat' dir='ltr'><strong>proprii</strong></span> <span class='ocrx_word' id='word_1_764' title='bbox 1492 2347 1556 2375; x_wconf 92' lang='lat' dir='ltr'><strong>l&#39;urti</strong></span> <span class='ocrx_word' id='word_1_765' title='bbox 1571 2353 1600 2376; x_wconf 92' lang='lat' dir='ltr'><strong>et</strong></span> <span class='ocrx_word' id='word_1_766' title='bbox 1614 2349 1687 2378; x_wconf 81' lang='lat' dir='ltr'><strong>lace-</strong></span> 
     </span>
    </p>
   </div>
   <div class='ocr_carea' id='block_1_105' title="bbox 903 2386 1687 2424">
    <p class='ocr_par' dir='ltr' id='par_1_105' title="bbox 903 2386 1687 2424">
     <span class='ocr_line' id='line_1_105' title="bbox 903 2386 1687 2424; baseline 0.014 -12"><span class='ocrx_word' id='word_1_767' title='bbox 903 2386 1020 2414; x_wconf 86' lang='lat' dir='ltr'><strong>rationis</strong></span> <span class='ocrx_word' id='word_1_768' title='bbox 1033 2386 1152 2422; x_wconf 85' lang='lat' dir='ltr'><strong>judicent</strong></span> <span class='ocrx_word' id='word_1_769' title='bbox 1168 2388 1287 2423; x_wconf 85' lang='lat' dir='ltr'><strong>seipsum</strong></span> <span class='ocrx_word' id='word_1_770' title='bbox 1299 2390 1477 2423; x_wconf 80' lang='lat' dir='ltr'><strong>constituens,</strong></span> <span class='ocrx_word' id='word_1_771' title='bbox 1495 2400 1549 2421; x_wconf 90' lang='lat' dir='ltr'><strong>non</strong></span> <span class='ocrx_word' id='word_1_772' title='bbox 1567 2399 1596 2422; x_wconf 89' lang='lat' dir='ltr'><strong>ut</strong></span> <span class='ocrx_word' id='word_1_773' title='bbox 1616 2396 1687 2424; x_wconf 86' lang='lat' dir='ltr'><strong>nudo</strong></span> 
     </span>
    </p>
   </div>
   <div class='ocr_carea' id='block_1_106' title="bbox 905 2431 1683 2469">
    <p class='ocr_par' dir='ltr' id='par_1_106' title="bbox 905 2431 1683 2469">
     <span class='ocr_line' id='line_1_106' title="bbox 905 2431 1683 2469; baseline 0.017 -12"><span class='ocrx_word' id='word_1_774' title='bbox 905 2431 1041 2459; x_wconf 88' lang='lat' dir='ltr'><strong>hominem</strong></span> <span class='ocrx_word' id='word_1_775' title='bbox 1062 2432 1183 2461; x_wconf 83' lang='lat' dir='ltr'><strong>dicentes</strong></span> <span class='ocrx_word' id='word_1_776' title='bbox 1199 2433 1341 2462; x_wconf 91' lang='lat' dir='ltr'><strong>Dominum</strong></span> <span class='ocrx_word' id='word_1_777' title='bbox 1358 2442 1480 2465; x_wconf 85' lang='lat' dir='ltr'><strong>nostrum</strong></span> <span class='ocrx_word' id='word_1_778' title='bbox 1496 2438 1589 2468; x_wconf 81' lang='lat' dir='ltr'><strong>Jesum</strong></span> <span class='ocrx_word' id='word_1_779' title='bbox 1602 2440 1683 2469; x_wconf 86' lang='lat' dir='ltr'><strong>Chri-</strong></span> 
     </span>
    </p>
   </div>
   <div class='ocr_carea' id='block_1_107' title="bbox 905 2481 1689 2518">
    <p class='ocr_par' dir='ltr' id='par_1_107' title="bbox 905 2481 1689 2518">
     <span class='ocr_line' id='line_1_107' title="bbox 905 2481 1689 2518; baseline 0.017 -15"><span class='ocrx_word' id='word_1_780' title='bbox 905 2481 987 2510; x_wconf 87' lang='lat' dir='ltr'><strong>stum,</strong></span> <span class='ocrx_word' id='word_1_781' title='bbox 1011 2482 1198 2506; x_wconf 88' lang='lat' dir='ltr'><strong>contemneret</strong></span> <span class='ocrx_word' id='word_1_782' title='bbox 1224 2487 1363 2514; x_wconf 68' lang='lat' dir='ltr'><strong>praecones</strong></span> <span class='ocrx_word' id='word_1_783' title='bbox 1393 2483 1488 2518; x_wconf 83' lang='lat' dir='ltr'><strong>ipsius,</strong></span> <span class='ocrx_word' id='word_1_784' title='bbox 1509 2486 1558 2514; x_wconf 85' lang='lat' dir='ltr'><strong>sed</strong></span> <span class='ocrx_word' id='word_1_785' title='bbox 1580 2494 1633 2515; x_wconf 91' lang='lat' dir='ltr'><strong>non</strong></span> <span class='ocrx_word' id='word_1_786' title='bbox 1648 2489 1689 2516; x_wconf 84' lang='lat' dir='ltr'><strong>sic</strong></span> 
     </span>
    </p>
   </div>
   <div class='ocr_carea' id='block_1_108' title="bbox 905 2522 1688 2567">
    <p class='ocr_par' dir='ltr' id='par_1_108' title="bbox 905 2522 1688 2567">
     <span class='ocr_line' id='line_1_108' title="bbox 905 2522 1688 2567; baseline 0.015 -18"><span class='ocrx_word' id='word_1_787' title='bbox 905 2522 1029 2550; x_wconf 82' lang='lat' dir='ltr'><strong>veritatis</strong></span> <span class='ocrx_word' id='word_1_788' title='bbox 1048 2524 1163 2551; x_wconf 87' lang='lat' dir='ltr'><strong>amicus.</strong></span> <span class='ocrx_word' id='word_1_789' title='bbox 1187 2524 1221 2552; x_wconf 84' lang='lat' dir='ltr'><strong>Et</strong></span> <span class='ocrx_word' id='word_1_790' title='bbox 1239 2526 1377 2559; x_wconf 62' lang='lat' dir='ltr'><strong>praedictis</strong></span> <span class='ocrx_word' id='word_1_791' title='bbox 1396 2527 1558 2564; x_wconf 74' lang='lat' dir='ltr'><strong>adjungens,</strong></span> <span class='ocrx_word' id='word_1_792' title='bbox 1581 2538 1641 2567; x_wconf 75' lang='lat' dir='ltr'><strong>quae</strong></span> <span class='ocrx_word' id='word_1_793' title='bbox 1653 2541 1688 2561; x_wconf 78' lang='lat' dir='ltr'><strong>ex</strong></span> 
     </span>
    </p>
   </div>
   <div class='ocr_carea' id='block_1_109' title="bbox 905 2568 1689 2609">
    <p class='ocr_par' dir='ltr' id='par_1_109' title="bbox 905 2568 1689 2609">
     <span class='ocr_line' id='line_1_109' title="bbox 905 2568 1689 2609; baseline 0.014 -15"><span class='ocrx_word' id='word_1_794' title='bbox 905 2568 959 2595; x_wconf 88' lang='lat' dir='ltr'><strong>alia</strong></span> <span class='ocrx_word' id='word_1_795' title='bbox 975 2573 1053 2603; x_wconf 90' lang='lat' dir='ltr'><strong>parte</strong></span> <span class='ocrx_word' id='word_1_796' title='bbox 1074 2569 1107 2596; x_wconf 90' lang='lat' dir='ltr'><strong>de</strong></span> <span class='ocrx_word' id='word_1_797' title='bbox 1131 2569 1300 2598; x_wconf 83' lang='lat' dir='ltr'><strong>Salvatorea</strong></span> <span class='ocrx_word' id='word_1_798' title='bbox 1316 2572 1426 2607; x_wconf 81' lang='lat' dir='ltr'><strong>pietatis</strong></span> <span class='ocrx_word' id='word_1_799' title='bbox 1445 2581 1570 2609; x_wconf 70' lang='lat' dir='ltr'><strong>praecone</strong></span> <span class='ocrx_word' id='word_1_800' title='bbox 1582 2577 1689 2605; x_wconf 87' lang='lat' dir='ltr'><strong>denun-</strong></span> 
     </span>
    </p>
   </div>
   <div class='ocr_carea' id='block_1_110' title="bbox 906 2615 1689 2659">
    <p class='ocr_par' dir='ltr' id='par_1_110' title="bbox 906 2615 1689 2659">
     <span class='ocr_line' id='line_1_110' title="bbox 906 2615 1689 2659; baseline 0.014 -18"><span class='ocrx_word' id='word_1_801' title='bbox 906 2615 972 2642; x_wconf 80' lang='lat' dir='ltr'><strong>tiata</strong></span> <span class='ocrx_word' id='word_1_802' title='bbox 997 2619 1072 2648; x_wconf 84' lang='lat' dir='ltr'><strong>sunt,</strong></span> <span class='ocrx_word' id='word_1_803' title='bbox 1097 2619 1176 2643; x_wconf 78' lang='lat' dir='ltr'><strong>extra</strong></span> <span class='ocrx_word' id='word_1_804' title='bbox 1193 2624 1302 2646; x_wconf 87' lang='lat' dir='ltr'><strong>omnem</strong></span> <span class='ocrx_word' id='word_1_805' title='bbox 1326 2618 1454 2654; x_wconf 85' lang='lat' dir='ltr'><strong>injuriam</strong></span> <span class='ocrx_word' id='word_1_806' title='bbox 1476 2621 1586 2656; x_wconf 83' lang='lat' dir='ltr'><strong>pietatis</strong></span> <span class='ocrx_word' id='word_1_807' title='bbox 1603 2625 1689 2659; x_wconf 78' lang='lat' dir='ltr'><strong>magi-</strong></span> 
     </span>
    </p>
   </div>
   <div class='ocr_carea' id='block_1_111' title="bbox 99 2685 855 2726">
    <p class='ocr_par' dir='ltr' id='par_1_111' title="bbox 99 2685 853 2722">
     <span class='ocr_line' id='line_1_111' title="bbox 99 2685 853 2722; baseline 0.007 -9"><span class='ocrx_word' id='word_1_808' title='bbox 99 2685 114 2705; x_wconf 69' lang='lat' dir='ltr'><strong>l-</strong></span> <span class='ocrx_word' id='word_1_809' title='bbox 127 2685 230 2714; x_wconf 76' lang='lat' dir='ltr'><strong>Ezech.</strong></span> <span class='ocrx_word' id='word_1_810' title='bbox 243 2694 304 2719; x_wconf 78' lang='lat' dir='ltr'><strong>xm,</strong></span> <span class='ocrx_word' id='word_1_811' title='bbox 322 2688 339 2714; x_wconf 81' lang='grc'>5</span> <span class='ocrx_word' id='word_1_812' title='bbox 380 2688 403 2707; x_wconf 77' lang='grc' dir='ltr'><strong>ιι·</strong></span> <span class='ocrx_word' id='word_1_813' title='bbox 416 2689 475 2716; x_wconf 81' lang='lat' dir='ltr'><strong>Act.</strong></span> <span class='ocrx_word' id='word_1_814' title='bbox 491 2697 518 2722; x_wconf 71' lang='grc' dir='ltr'><strong>χ,</strong></span> <span class='ocrx_word' id='word_1_815' title='bbox 537 2688 581 2717; x_wconf 81' lang='lat'><strong>38.</strong></span> <span class='ocrx_word' id='word_1_816' title='bbox 625 2689 634 2710; x_wconf 83' lang='grc' dir='ltr'>ι</span> <span class='ocrx_word' id='word_1_817' title='bbox 650 2689 710 2717; x_wconf 85' lang='lat' dir='ltr'><strong>Act.</strong></span> <span class='ocrx_word' id='word_1_818' title='bbox 725 2697 792 2721; x_wconf 83' lang='lat' dir='ltr'><strong>xvn,</strong></span> <span class='ocrx_word' id='word_1_819' title='bbox 808 2690 853 2718; x_wconf 79' lang='lat'><strong>50.</strong></span> 
     </span>
    </p>
   </div>
   <div class='ocr_carea' id='block_1_112' title="bbox 909 2685 1084 2726">
    <p class='ocr_par' dir='ltr' id='par_1_112' title="bbox 920 2691 1084 2726">
     <span class='ocr_line' id='line_1_112' title="bbox 920 2691 1084 2726; baseline 0.006 -7"><span class='ocrx_word' id='word_1_820' title='bbox 920 2691 1001 2720; x_wconf 81' lang='lat' dir='ltr'><strong>Hebr.</strong></span> <span class='ocrx_word' id='word_1_821' title='bbox 1014 2699 1043 2726; x_wconf 77' lang='grc' dir='ltr'>ν,</span> <span class='ocrx_word' id='word_1_822' title='bbox 1059 2693 1084 2721; x_wconf 91' lang='grc'><strong>7.</strong></span> 
     </span>
    </p>
   </div>
   <div class='ocr_carea' id='block_1_113' title="bbox 720 2747 1064 2779">
    <p class='ocr_par' dir='ltr' id='par_1_113' title="bbox 720 2747 1064 2779">
     <span class='ocr_line' id='line_1_113' title="bbox 720 2747 1064 2779; baseline 0.017 -6"><span class='ocrx_word' id='word_1_823' title='bbox 720 2747 839 2776; x_wconf 77' lang='lat' dir='ltr'><strong>VARle</strong></span> <span class='ocrx_word' id='word_1_824' title='bbox 862 2749 1064 2779; x_wconf 84' lang='lat' dir='ltr'><strong>LECTIONES.</strong></span> 
     </span>
    </p>
   </div>
   <div class='ocr_carea' id='block_1_114' title="bbox 99 2801 448 2838">
    <p class='ocr_par' dir='ltr' id='par_1_114' title="bbox 99 2801 448 2838">
     <span class='ocr_line' id='line_1_114' title="bbox 99 2801 448 2838; baseline 0.014 -11"><span class='ocrx_word' id='word_1_825' title='bbox 99 2801 123 2838; x_wconf 51' lang='grc' dir='ltr'><strong>ξ·</strong></span> <span class='ocrx_word' id='word_1_826' title='bbox 136 2801 212 2838; x_wconf 85' lang='grc' dir='ltr'>οὐαί]</span> <span class='ocrx_word' id='word_1_827' title='bbox 230 2802 329 2838; x_wconf 79' lang='lat' dir='ltr'><strong>Ezeclt.</strong></span> <span class='ocrx_word' id='word_1_828' title='bbox 346 2812 405 2838; x_wconf 71' lang='grc' dir='ltr'>χιιι,</span> <span class='ocrx_word' id='word_1_829' title='bbox 420 2805 448 2832; x_wconf 80' lang='grc'><strong>5.</strong></span> 
     </span>
    </p>
   </div>
   <div class='ocr_carea' id='block_1_115' title="bbox 70 2837 651 2877">
    <p class='ocr_par' dir='ltr' id='par_1_115' title="bbox 70 2837 651 2877">
     <span class='ocr_line' id='line_1_115' title="bbox 70 2837 651 2877; baseline 0.003 -12"><span class='ocrx_word' id='word_1_830' title='bbox 70 2837 116 2865; x_wconf 65' lang='grc' dir='ltr'><strong>καὶ</strong></span> <span class='ocrx_word' id='word_1_831' title='bbox 134 2837 317 2872; x_wconf 69' lang='grc' dir='ltr'>συκοφάνταις</span> <span class='ocrx_word' id='word_1_832' title='bbox 327 2840 359 2867; x_wconf 80' lang='grc' dir='ltr'><strong>Δ.</strong></span> <span class='ocrx_word' id='word_1_833' title='bbox 404 2840 414 2857; x_wconf 84' lang='grc'><em>³</em></span> <span class='ocrx_word' id='word_1_834' title='bbox 430 2840 497 2876; x_wconf 76' lang='grc' dir='ltr'>πρὸς</span> <span class='ocrx_word' id='word_1_835' title='bbox 508 2837 651 2877; x_wconf 65' lang='grc' dir='ltr'>ἁθηναίούς</span> 
     </span>
    </p>
   </div>
   <div class='ocr_carea' id='block_1_116' title="bbox 502 2805 1120 2867">
    <p class='ocr_par' dir='ltr' id='par_1_116' title="bbox 502 2805 1120 2867">
     <span class='ocr_line' id='line_1_116' title="bbox 502 2805 1120 2867; baseline 0.013 -37"><span class='ocrx_word' id='word_1_836' title='bbox 502 2805 525 2822; x_wconf 85' lang='grc'><strong>”</strong></span> <span class='ocrx_word' id='word_1_837' title='bbox 538 2805 568 2838; x_wconf 79' lang='grc' dir='ltr'><strong>ἓξ</strong></span> <span class='ocrx_word' id='word_1_838' title='bbox 581 2805 686 2867; x_wconf 67' lang='grc' dir='ltr'>λόγοιῇ</span> <span class='ocrx_word' id='word_1_839' title='bbox 693 2805 765 2841; x_wconf 68' lang='grc' dir='ltr'>ἕκτῳ</span> <span class='ocrx_word' id='word_1_840' title='bbox 781 2807 852 2842; x_wconf 85' lang='grc' dir='ltr'>λόγῳ</span> <span class='ocrx_word' id='word_1_841' title='bbox 870 2808 1021 2837; x_wconf 80' lang='lat' dir='ltr'><strong>Fabricius.</strong></span> <span class='ocrx_word' id='word_1_842' title='bbox 1061 2810 1069 2825; x_wconf 84' lang='lat'><strong><em>‘</em></strong></span> <span class='ocrx_word' id='word_1_843' title='bbox 1083 2811 1120 2845; x_wconf 89' lang='grc' dir='ltr'>μὴ</span> 
     </span>
     <span class='ocr_line' id='line_1_117' title="bbox 508 2841 1118 2867; baseline 0 0"><span class='ocrx_word' id='word_1_844' title='bbox 508 2841 651 2867; x_wconf 68' lang='grc' dir='ltr'>αθηναίοικ</span> <span class='ocrx_word' id='word_1_845' title='bbox 699 2849 705 2867; x_wconf 88' lang='lat'>:</span> <span class='ocrx_word' id='word_1_846' title='bbox 722 2842 768 2867; x_wconf 76' lang='grc' dir='ltr'>καὶ</span> <span class='ocrx_word' id='word_1_847' title='bbox 782 2843 920 2867; x_wconf 54' lang='lat' dir='ltr'><strong>“metm:</strong></span> <span class='ocrx_word' id='word_1_848' title='bbox 935 2852 966 2867; x_wconf 68' lang='grc' dir='ltr'><strong>ε.</strong></span> <span class='ocrx_word' id='word_1_849' title='bbox 1005 2845 1016 2861; x_wconf 73' lang='grc' dir='ltr'><strong>ι</strong></span> <span class='ocrx_word' id='word_1_850' title='bbox 1026 2853 1118 2867; x_wconf 67' lang='grc' dir='ltr'>παραγ</span> 
     </span>
    </p>
   </div>
   <div class='ocr_carea' id='block_1_117' title="bbox 1143 2797 1685 2851">
    <p class='ocr_par' dir='ltr' id='par_1_117' title="bbox 1143 2797 1685 2851">
     <span class='ocr_line' id='line_1_118' title="bbox 1143 2797 1685 2851; baseline 0.011 -13"><span class='ocrx_word' id='word_1_851' title='bbox 1143 2812 1205 2851; x_wconf 67' lang='lat' dir='ltr'><strong>add.</strong></span> <span class='ocrx_word' id='word_1_852' title='bbox 1236 2820 1308 2840; x_wconf 81' lang='lat' dir='ltr'><strong>corr.</strong></span> <span class='ocrx_word' id='word_1_853' title='bbox 1331 2813 1372 2851; x_wconf 83' lang='lat' dir='ltr'><strong>_A.</strong></span> <span class='ocrx_word' id='word_1_854' title='bbox 1424 2797 1685 2851; x_wconf 63' lang='grc' dir='ltr'>’ἀκρωτηριασταῑξ</span> 
     </span>
    </p>
   </div>
   <div class='ocr_carea' id='block_1_118' title="bbox 722 2842 1376 2883">
    <p class='ocr_par' dir='ltr' id='par_1_118' title="bbox 722 2842 1376 2883">
     <span class='ocr_line' id='line_1_119' title="bbox 722 2842 1376 2883; baseline 0.014 -15"><span class='ocrx_word' id='word_1_855' title='bbox 722 2842 768 2868; x_wconf 76' lang='grc' dir='ltr'>καὶ</span> <span class='ocrx_word' id='word_1_856' title='bbox 782 2843 920 2878; x_wconf 79' lang='grc' dir='ltr'>ἀθηναίοις</span> <span class='ocrx_word' id='word_1_857' title='bbox 935 2852 966 2877; x_wconf 78' lang='grc' dir='ltr'>ς.</span> <span class='ocrx_word' id='word_1_858' title='bbox 1005 2845 1016 2861; x_wconf 76' lang='grc'><strong><em>⁵</em></strong></span> <span class='ocrx_word' id='word_1_859' title='bbox 1026 2842 1161 2883; x_wconf 47' lang='lat' dir='ltr'><strong>napum}</strong></span> <span class='ocrx_word' id='word_1_860' title='bbox 1177 2848 1238 2876; x_wconf 80' lang='lat' dir='ltr'><strong>Act.</strong></span> <span class='ocrx_word' id='word_1_861' title='bbox 1251 2856 1317 2883; x_wconf 79' lang='lat' dir='ltr'><strong>xvn,</strong></span> <span class='ocrx_word' id='word_1_862' title='bbox 1330 2849 1376 2883; x_wconf 73' lang='lat'><strong>30.</strong></span> 
     </span>
    </p>
   </div>
  </div>
