1920 3090
219 155 273 189 ινιτ

794 155 927 187 ΡΗΟΤΙΙ
946 157 1198 188 ΡΑΤΒΙΑΒΟΗΕ
1218 158 1270 188 CP.

1795 156 1849 186 9525

227 212 349 243 Verbum,
366 214 390 238 et
407 209 519 238 Verbum
536 214 592 237 erat
608 217 679 245 apuo
701 209 794 243 Deum,
823 216 847 238 et
862 210 931 238 Dens
950 218 1003 238 erat

1059 211 1174 246 ἀληθῶς
1194 213 1261 245 Υἱὸς
1276 212 1433 246 ἀνθρώπου
1446 212 1597 245 τυγχάνει,
1611 211 1683 243 Θεὸς
1699 211 1758 246 μὲν
1768 210 1846 237 κατὰ

227 257 338 286 Verbum
358 262 391 284 ιιι
422 265 432 282 ι
460 255 545 283 Homo
565 263 624 283 vero
643 255 786 283 secundum
811 257 891 289 illud,
907 266 917 283 ι
939 257 1004 284 Ver-

220 304 282 331 bunt
309 311 372 330 caro
398 302 498 337 factum
525 305 574 335 est,
601 306 627 329 et
652 302 777 329 habitauit
797 303 825 329 in
851 303 926 330 nobis
946 307 970 334 °,
992 313 1002 329 ι

219 358 300 384 usque
314 350 348 376 ad
361 349 448 376 illud:
466 357 476 374 t
497 347 579 381 Quem
599 352 629 374 ut
646 349 787 375 hominem.
807 358 815 374 ι
838 348 912 376 Certe
932 349 1006 376 audit

218 395 346 422 daemonis
374 396 487 426 astutia,
508 394 569 421 huic
596 395 673 428 quasi
694 394 765 421 Deus
798 394 832 421 sit
853 394 1005 429 angelorum

218 440 282 467 ordo
303 440 445 467 ministrat.
466 439 529 467 Haec
551 439 624 467 enim
649 444 715 467 tunc
731 439 802 468 dicta
823 440 942 467 dilucide
957 447 1005 466 ex-

217 486 311 522 plicat.
333 489 362 513 et
382 493 550 521 quaecunque
573 485 686 513 haeresis
700 485 861 513 calumniari
883 485 1007 521 aggredi-

220 538 274 566 tur,
289 536 317 560 et
333 532 408 560 omni
420 531 556 560 calumnia
571 531 691 559 ostendit
712 532 863 566 superiora.

251 669 355 703 Quarto
369 674 483 705 carpunt
495 669 563 698 hanc
578 670 761 698 sententiam‘:
778 670 891 703 Quando
907 678 923 697 a
937 678 1007 705 prte-

217 723 325 742 cursore
343 715 448 743 Joanne
473 716 548 750 coepit
568 715 726 750 baptismus,
745 724 776 742 ne
792 717 932 751 ignoretur
946 717 1009 751 quia

218 759 329 788 obscuro
353 761 441 788 carnis
457 758 601 788 uelamento
615 761 712 796 tegitur
727 761 864 790 divinitas.
887 760 945 788 Vox
962 761 1010 788 Dei

217 806 307 833 Patris
319 806 419 833 carlitus
434 806 548 834 demissa
571 807 630 835 ait:
648 817 658 833 t
674 806 725 834 Hic
738 811 776 834 est
790 805 876 833 Filius
887 815 959 834 meus
966 808 1009 834 di-
1027 825 1033 829 ν

215 852 296 878 lectus
321 852 348 877 in
378 859 428 885 quo
448 851 513 877 mihi
544 851 606 878 bene
632 850 778 885 complacui
794 855 819 878 Ρ.
842 860 852 877 ι
870 850 922 878 Sed
946 858 1007 878 mox

1056 259 1154 292 τοῦτο,
1164 259 1263 291 καθὸ,‹
1275 258 1326 286 Ἐν
1336 257 1414 293 ἀρχῇ
1426 256 1463 293 ἦν
1477 259 1494 285 ό
1503 258 1598 292 Λόγος
1609 257 1657 284 καὶ
1667 258 1683 284 ὀ
1694 257 1789 292 Λόγος
1807 256 1850 291 ἦν

1056 304 1131 338 πρὸς
1152 305 1205 332 τὸν
1224 304 1299 331 Θεὸν
1317 305 1365 331 καὶ
1383 303 1455 337 Θεὸς
1470 302 1508 337 ἦν
1519 304 1536 331 ὁ
1552 303 1676 338 Λόγος.»
1690 303 1851 336 ἄνθρωπος

1052 349 1090 376 δὲ
1106 351 1181 377 κατὰ
1196 350 1293 382 τοῦτο,
1304 350 1376 376 καθὸ
1393 358 1403 375 ι
1423 350 1454 376 '0
1468 349 1563 384 Λόγος
1574 349 1652 382 σὰρξ
1662 348 1782 384 ἐγένετο
1798 347 1851 375 και

1055 395 1234 429 ἐσκήνωσεν
1245 397 1280 424 ἐν
1294 395 1392 431 ἡμῖν.»
1406 395 1478 427 Ἕως
1490 395 1549 427 τοῦ,
1562 396 1616 422 Ὃν
1634 395 1675 428 ὡς
1690 394 1852 428 ἄνθρωπον

1055 442 1213 476 τοιγαροῦν
1231 441 1357 476 πειράζει
1376 442 1394 475 ἠ
1418 441 1473 468 τοῦ
1498 441 1642 468 διαϐόλου
1667 440 1849 474 πανουργία,

1056 488 1151 520 τούτῳ
1175 487 1226 515 ἅτε
1245 488 1284 520 δὴ
1314 487 1374 520 Θεῷ
1391 487 1454 514 ὄντι
1472 487 1491 520 ἠ
1521 486 1580 513 τῶν
1603 485 1741 522 ἀγγέλων
1761 485 1850 518 τάξις

1056 533 1193 560 διακονεῖ.
1216 533 1257 560 Τὰ
1270 533 1324 568 γὰρ
1348 532 1465 560 ἐνταῦθα
1491 532 1608 568 ρηθέντα
1636 531 1730 566 σαφῶς
1755 531 1849 566 ἑρμη-

1058 577 1130 604 νεύει
1143 579 1190 604 καὶ
1209 578 1281 613 ἅπερ
1297 579 1313 614 ὴ
1338 579 1442 614 αἵρεσις
1462 578 1642 612 συκοφαντεῖν
1663 576 1783 613 ἐπήρθη,
1799 576 1850 603 καὶ

1057 623 1184 659 διαϐολῆς
1199 624 1309 660 ἁπάσης
1320 624 1436 651 δεικνύει
1453 623 1587 659 ἀνώτερα.

1094 670 1230 706 Τέταρτον
1245 670 1419 697 διαῦάλλουσι
1433 670 1482 706 τὴν
1495 670 1610 706 ἔχουσαν
1628 670 1707 706 ῥῆσιν
1722 668 1788 705 [765
1800 667 1850 704 IL]

1060 715 1129 742 Ὅτε
1141 715 1175 743 δὲ
1186 717 1261 750 πρὸς
1276 717 1310 743 τὸ
1322 716 1375 744 τοῦ
1392 716 1563 751 προδρόμου
1581 715 1691 743 ἑαυτοῦ
1703 714 1851 743 Ἰωάννου

1059 763 1177 798 ἔρχεται
1190 763 1361 798 βάπτισμα,
1378 764 1430 791 ἵνα
1446 763 1488 798 μὴ
1506 762 1584 797 λάθῃ
1599 762 1701 796 ὅτιπερ
1719 760 1760 793 τῷ
1776 769 1852 795 προ-

1059 809 1230 844 καλύμματι
1252 808 1309 843 τῆς
1329 808 1443 843 σαρκὸς
1468 809 1488 842 ἠ
1514 809 1619 841 θεότης
1637 807 1814 841 ἐκρύπτετο,
1827 806 1850 840 ἡ

1059 853 1114 881 τοῦ
1132 853 1247 887 Πατρός
1260 854 1344 887 φωνὴ
1375 855 1540 888 οὐρανόθεν
1562 852 1712 880 ἐπιϐοῶσα
1738 859 1849 887 φησιν’

216 897 299 931 pudet
320 897 380 924 illos
405 896 516 924 Romani
534 895 669 924 Pontiﬁcii
699 896 848 931 dignitatis.
866 896 913 924 Sic
932 897 1003 924 enim

1059 908 1068 925 ‹
1088 896 1182 932 οὗτός
1203 898 1289 926 ἐστιν
1301 900 1318 926 ό
1330 899 1395 932 Υἱός
1407 907 1466 934 μου
1476 900 1492 926 ὅ
1504 898 1709 933 (tramittich
1721 894 1849 931 ᾧηῠδό-

214 942 254 969 ait
270 949 277 968 :
296 941 372 968 Venit
387 941 468 976 igitur
483 941 510 968 in
525 941 593 968 hanc
605 941 699 969 mundi
714 941 842 968 uilitatem
856 941 903 968 Dei
916 941 1004 968 Filius

214 995 230 1014 e
245 987 341 1014 caelesti
365 987 523 1014 descendens
544 986 648 1020 throno,
667 990 692 1014 et
713 994 728 1013 a
741 987 828 1021 patria
850 995 902 1014 non
919 986 1004 1014 disce-

214 1034 278 1060 dens
295 1033 390 1067 gloria,
406 1041 471 1060 novo
490 1034 568 1060 modo
595 1041 711 1068 nauaque
729 1033 900 1067 generatione
914 1037 1002 1060 natus.

217 1077 291 1107 Novo
305 1078 411 1113 quidem
431 1079 520 1111 modo,
537 1083 565 1106 ut
582 1078 627 1114 qui
649 1077 789 1105 invisibilis
806 1083 874 1110 erat,
890 1078 1003 1105 visibilis

215 1123 302 1158 factus
326 1125 361 1151 sit
384 1124 454 1158 apud
479 1133 535 1157 nos,
555 1131 641 1159 usque
661 1124 694 1151 ad
710 1131 718 1150 :
737 1123 804 1151 Deus
825 1132 912 1158 verus,
934 1124 1004 1151 idem

214 1172 295 1199 etiam
305 1178 379 1198 serus
387 1170 473 1198 homo.
481 1171 514 1198 Et
523 1175 582 1206 post
591 1170 648 1198 haec
657 1179 665 1198 :
675 1170 901 1203 Quemadmodum
911 1170 1003 1204 igitur,

215 1221 244 1243 ut
259 1216 341 1243 multa
358 1216 528 1250 complectar,
543 1224 593 1243 non
608 1215 725 1250 ejusdem
742 1220 780 1242 est
795 1220 897 1242 natura:
909 1216 1005 1250 deﬂere

213 1270 246 1290 es:
262 1262 489 1289 commiseratione
509 1262 623 1288 amicum
645 1266 790 1293 mortuum,
809 1265 834 1288 et
853 1269 915 1288 mox
932 1263 1003 1288 redi-

213 1307 310 1340 vivum,
331 1307 467 1342 diuulgato
488 1315 546 1341 1am
561 1307 633 1333 obitu
647 1307 821 1342 quatriduoni
840 1308 949 1339 mortui,
967 1308 1002 1334 ad

214 1354 283 1380 vocis
301 1353 408 1389 jussum
433 1361 579 1387 resurgere,
591 1357 618 1380 et
633 1357 729 1380 cattera
757 1360 843 1387 usque
859 1354 892 1380 ad
909 1353 973 1380 illud
989 1361 997 1380 :

216 1399 370 1435 Quicunque
381 1407 427 1432 per
443 1398 626 1425 reuelationem
644 1396 734 1425 Patris
753 1398 872 1426 eumdem
889 1399 937 1426 Dei
952 1397 1003 1425 Fi-

212 1445 279 1472 lium
295 1445 429 1478 confessus
444 1449 469 1470 et
488 1443 632 1470 Christum.

1056 952 1169 978 κησα.»
1200 943 1270 970 Ἀλλ’
1281 944 1362 976 εὐθὺς
1379 944 1477 976 αὐτοὺς
1495 943 1671 978 καταισχύνει
1700 943 1751 978 τῆς
1777 943 1850 970 Ῥω-

1058 991 1160 1026 μαῖκῆς
1181 989 1397 1026 Ἀρχιερωσύνης
1418 989 1450 1016 τὸ
1473 989 1656 1024 καλλὼπισμα
1667 997 1675 1005 ·
1687 988 1762 1023 λέγει
1772 988 1830 1023 γὰρ
1840 996 1848 1004 ·

1056 1036 1235 1071 Προέρχεται
1253 1035 1360 1063 τοίνυν
1384 1036 1427 1068 εις
1449 1034 1483 1061 τὸ
1510 1034 1654 1061 ταπεινὸν
1681 1033 1770 1061 τοῦτο
1791 1032 1849 1060 τοῦ

1056 1082 1173 1116 κόσμου
1186 1083 1202 1109 ό
1210 1082 1276 1115 Υἱὸς
1289 1081 1344 1109 τοῦ
1353 1081 1438 1113 Θεοῦ,
1445 1081 1503 1108 ἀπὸ
1513 1080 1566 1107 τοῦ
1576 1079 1719 1114 οὐρανίου
1735 1080 1850 1113 θρόνον

1057 1127 1244 1154 καταϐαίνων
1254 1127 1302 1153 καὶ
1314 1127 1373 1154 ἀπὸ
1388 1126 1444 1160 τῆς
1455 1126 1601 1161 πατρικῆς
1615 1125 1708 1158 δόξης
1718 1126 1773 1152 οὐκ
1788 1125 1849 1158 ti;-

1057 1173 1226 1207 ιστάμενος,
1240 1171 1330 1206 καινῇ
1342 1172 1379 1206 τῇ
1393 1172 1475 1204 τάξει
1490 1171 1540 1198 καὶ
1550 1170 1641 1206 καινῇ
1656 1170 1694 1204 τῇ
1703 1171 1849 1206 γεννήσει

1057 1218 1228 1253 γενόμενος,
1249 1217 1340 1252 καινῇ
1358 1218 1416 1252 μὲν
1439 1217 1477 1252 τῇ
1493 1217 1592 1250 τάξει,
1606 1217 1707 1251 ὅτιπερ
1719 1217 1849 1251 ἀόρατος

1056 1263 1099 1290 ὢν
1112 1264 1147 1290 ἐν
1163 1263 1226 1296 τοῖς
1237 1263 1345 1290 ἑαυτοῦ
1360 1263 1466 1298 ὁρατὸς
1481 1262 1605 1298 γέγονεν
1615 1263 1650 1290 ὲν
1668 1262 1731 1295 τοῖς
1743 1262 1813 1297 παρ’
1824 1263 1850 1278 ’⁸

1057 1308 1151 1342 ἡμῶν.
1162 1309 1252 1343 Μέχρι
1266 1309 1313 1334 τοῦ
1323 1316 1330 1324 ’
1353 1309 1384 1336 ὀ
1400 1309 1456 1344 γὰρ
1473 1307 1515 1335 ὢν
1528 1309 1600 1342 Θεὸς
1612 1308 1740 1343 ἀληθὴς,
1753 1309 1851 1341 αὐτός

1055 1354 1156 1380 ἑστι²¹
1177 1354 1227 1381 καὶ
1253 1354 1408 1388 ἅνθρωπος
1429 1354 1556 1388 ἀληθής.
1578 1355 1632 1381 Καὶ
1653 1354 1722 1389 μετὰ
1746 1354 1849 1380 ταῦτα·

1057 1400 1172 1435 Ὠσπερ
1187 1397 1255 1432 οὖν,
1271 1400 1321 1426 ἵνα
1340 1400 1376 1426 τὰ
1397 1399 1499 1427 ,πολλὰ
1519 1399 1694 1434 παραλείψω
1707 1419 1714 1431 ,
1734 1400 1770 1426 οὐ
1792 1399 1853 1434 τῆς

1052 1444 1149 1479 αὐτῆς
1175 1445 1242 1471 ἐστι
1268 1445 1390 1479 φύσεως
1421 1445 1454 1472 τὸ
1477 1446 1595 1472 κλαίειν
1616 1445 1650 1472 ἐκ
1680 1444 1848 1478 διαθέσεως

212 1491 316 1518 οἴκτου
345 1490 400 1518 τὸν
424 1490 651 1524 τελευτήσαντα
680 1490 782 1525 φίλον,
815 1490 865 1518 καὶ
892 1491 927 1518 τὸ
949 1492 1004 1519 τὸν
1025 1491 1119 1519 αὐτὸν
1156 1492 1270 1526 ἀναζῇν
1300 1492 1453 1527 μέλλοντα
1489 1492 1760 1526 διασκεδασθέντος
1795 1493 1853 1520 τοῦ

212 1538 430 1575 προσχώματος
447 1537 503 1573 τῆς
520 1538 696 1573 τεταρταίας
710 1538 769 1573 ἢδη
785 1538 883 1573 ταφῆς
897 1539 1107 1574 ἐξαναστῆσαι
1125 1541 1200 1574 πρὸς
1215 1541 1247 1567 τὸ
1274 1540 1430 1575 κέλευσμα
1459 1539 1516 1574 τῆς
1543 1540 1657 1575 φωνῆς.
1675 1540 1737 1573 ,Καὶ
1785 1540 1854 1575 ἑξῆς

213 1585 295 1621 μέχρι
310 1585 358 1612 τοῦ
369 1594 376 1601 ·
400 1586 504 1618 Ὅστις
523 1584 561 1613 δι’
576 1584 798 1620 ἀποκαλύψεως
811 1585 865 1612 τοῦ
882 1585 999 1620 Πατρός
1013 1586 1067 1613 τὸν
1081 1586 1176 1613 αὐτὸν
1190 1586 1240 1613 καὶ
1261 1586 1330 1613 Υὶὸν
1344 1585 1420 1613 Θεοῦ
1443 1586 1466 1602 ²¹
1490 1586 1668 1621 ὡμολόγησε
1700 1585 1750 1613 καὶ
1779 1586 1852 1620 Χρι-

212 1634 300 1662 στόν.

248 1680 301 1708 Sed
315 1686 423 1707 rursum
445 1678 556 1707 haeresis
572 1678 673 1706 dictum
688 1679 801 1706 verbum
828 1679 972 1713 discerpsit
990 1689 996 1707 ε
1012 1680 1036 1712 C

1091 1676 1171 1704 Ἀλλὰ
1187 1676 1267 1703 πάλιν
1290 1677 1307 1711 ἠ
1321 1676 1426 1712 αἵρεσις
1447 1676 1570 1712 δ;ασύρει
1590 1676 1621 1703 τὸ
1645 1676 1724 1710 λέγον
1741 1677 1826 1712 ῥητόν
1843 1685 1850 1692 ·

215 1726 272 1757 Etsi
296 1727 410 1753 maxime
429 1726 456 1752 in
482 1725 596 1754 Domino
610 1724 673 1752 Iesu
695 1724 802 1752 Christo
821 1725 869 1752 Dei
885 1724 955 1752 Filio
979 1731 1003 1753 et

1059 1723 1084 1749 ξι
1104 1722 1153 1750 καὶ
1181 1724 1217 1749 τὰ
1238 1722 1373 1757 μάλιστα
1398 1722 1433 1749 ἐν
1459 1722 1499 1755 τῷ
1516 1723 1652 1756 Δεσπότῃ
1679 1723 1778 1757 Ἰησοῦ
1808 1723 1853 1755 τῷ

211 1772 326 1800 hominis
340 1780 395 1801 una
408 1775 446 1799 est
458 1779 570 1806 persona
585 1791 593 1804 ,
624 1775 711 1798 tamen
727 1771 800 1798 aliud
822 1777 860 1798 est
876 1771 953 1805 illud,
972 1779 1005 1798 ea:

211 1827 262 1854 quo
273 1819 301 1848 in
318 1823 427 1853 utroque
447 1818 592 1845 communis
611 1823 650 1844 est
677 1817 779 1852 injuria
799 1817 907 1853 242b,
922 1822 947 1844 et
962 1817 1003 1844 al-

213 1870 307 1897 terum,
324 1872 357 1891 ex
368 1872 418 1900 quo
432 1863 578 1891 communis
592 1863 681 1899 opinio
696 1869 753 1890 orta
767 1868 816 1891 est.
833 1864 884 1890 Sed
896 1867 1006 1891 sanctus

213 1911 255 1937 vir
281 1910 451 1944 impudentes
469 1917 516 1944 per
548 1909 599 1938 hoc
621 1909 756 1937 convertit
785 1909 893 1944 impios.
928 1909 1004 1937 Dicit

211 1954 284 1983 enim
300 1963 308 1982 :
324 1954 389 1981 Post
402 1954 509 1982 Domini
523 1955 736 1982 resurrectionem
751 1963 809 1990 qua:
824 1954 940 1981 videlicet
951 1955 1004 1981 veri

211 2001 328 2042 corporis
342 2001 423 2035 ipsius
436 2001 507 2036 {acta
521 2006 570 2034 est,
590 2009 650 2028 cum
664 2001 732 2028 alius
744 2009 795 2028 non
807 2006 936 2036 resurgat,
953 2000 1004 2028 nisi

211 2047 284 2078 cruci
299 2047 392 2082 afﬁxus
418 2052 442 2074 et
465 2051 596 2080 mortuus,
614 2054 700 2082 usque
714 2048 748 2075 ad
765 2056 772 2075 :
790 2048 835 2075 sed
855 2055 938 2074 unum
955 2046 1004 2074 Dei

211 2091 311 2120 Filium
336 2093 490 2127 conﬁtemur
501 2098 525 2120 et
539 2101 654 2120 carnem.

1053 1768 1169 1803 Χριστῷ
1189 1768 1243 1795 τοῦ
1271 1769 1346 1795 Θεοῦ
1368 1768 1418 1795 καὶ
1450 1769 1504 1796 τοῦ
1534 1769 1694 1803 ἀνθρώπου
1720 1769 1757 1796 ἓν
1782 1772 1852 1797 ἐστι

1054 1816 1227 1849 πρόσωπον,
1245 1814 1324 1849 ὅμως
1340 1814 1443 1849 ἔτερόν
1466 1815 1552 1842 ἐστιν
1578 1815 1676 1842 ἐκεῖνο
1693 1815 1727 1848 ἐξ
1747 1814 1784 1844 οὗ
1814 1817 1853 1843 ἐν

1054 1859 1183 1894 ἐκατέρῳ
1203 1861 1309 1888 κοινόν
1323 1860 1389 1887 ἐστι
1413 1861 1446 1887 τὸ
1459 1861 1515 1895 τῆς
1530 1861 1651 1895 ῦϐρεως,
1672 1860 1722 1888 καὶ
1744 1861 1852 1896 ἕτερον

1054 1908 1090 1940 ἐξ
1104 1906 1140 1936 οὗ
1158 1907 1262 1934 κοινὸν
1282 1907 1315 1934 τὸ
1336 1906 1392 1941 τῆς
1413 1908 1508 1941 δόξης
1527 1907 1724 1942 καθέστηκεν.
1743 1908 1816 1934 Ἀλλ’
1837 1910 1852 1936 ὁ

1057 1954 1128 1989 ἱερὸς
1143 1954 1213 1989 ἀνὴρ
1235 1954 1284 1981 καὶ
1313 1954 1509 1989 ἀναισχύντους
1523 1953 1602 1985 ὄντας
1621 1953 1655 1979 δι’
1682 1953 1781 1980 ἑαυτοῦ
1803 1955 1851 1980 ἑν-

1055 2000 1151 2034 τρέπει
1176 2001 1240 2032 τοὺς
1258 2000 1417 2032 δυσσεῦεῖς·
1437 1999 1513 2034 λέγει
1527 1999 1596 2034 γάρ’
1627 1999 1709 2026 Μετὰ
1730 1999 1766 2026 δὲ
1791 1999 1852 2034 τὴν·

1055 2046 1227 2073 ἀνάστασιν
1251 2046 1304 2073 τοῦ
1320 2045 1441 2080 Κυρίου,
1461 2045 1527 2079 ἣτις
1553 2045 1671 2079 δηλαδὴ
1696 2045 1750 2072 τοῦ
1774 2046 1851 2079 ἀλη-

1058 2091 1142 2119 θινοῦ
1167 2091 1305 2126 σώματος
1325 2091 1418 2119 αὐτοῦ
1455 2090 1629 2127 γεγένηται,
1653 2091 1758 2126 ἐπειδὴ
1791 2092 1850 2118 οὐκ

210 2139 306 2172 ἀλλος
320 2138 344 2154 ’³
358 2138 474 2172 ἀνέστη
494 2139 521 2165 ει
535 2138 578 2173 μὴ
610 2139 628 2166 ό
653 2138 837 2173 σταυρωθεὶς
858 2137 908 2165 καὶ
929 2136 1098 2165 ἀποθανών.
1128 2136 1217 2172 Μέχρι
1230 2135 1288 2170 τοῦ,
1317 2137 1395 2164 Ἀλλ’
1424 2136 1479 2164 ἕνα
1514 2136 1582 2164 Υιὸν
1607 2136 1681 2164 Θεοῦ
1711 2137 1763 2164 καὶ
1796 2140 1851 2166 τὸν

211 2185 308 2222 Λόγον
323 2187 554 2222 ὁμολογήσομεν
566 2187 615 2214 καὶ
630 2186 689 2220 τὴν
703 2186 814 2221 σάρκα.

246 2233 394 2268 Postquam
424 2240 488 2260 vero
514 2233 614 2262 invasit
637 2234 763 2262 haeretica
784 2234 887 2269 opinio,
902 2238 930 2262 et
950 2233 1004 2261 hoc

210 2279 359 2314 depravat:
375 2278 428 2306 Per
438 2279 507 2306 hanc
524 2279 604 2314 igitur
623 2287 740 2314 persona:
750 2280 878 2307 unitatem
887 2279 915 2306 in
928 2283 1004 2306 utra—

209 2333 259 2360 que
268 2329 363 2351 natura
374 2323 487 2352 debitam
503 2323 622 2359 intelligi.
637 2323 751 2353 Etiamsi
761 2331 824 2352 vero
833 2325 877 2352 hic
888 2324 1005 2359 propriis
1021 2338 1043 2366 ι)

210 2368 295 2400 armis
311 2369 479 2403 sycophanta
490 2369 539 2397 hos
551 2369 663 2402 invadit,
681 2370 774 2397 dicens
790 2379 797 2398 :
816 2369 850 2397 In
876 2370 1006 2405 importuv

210 2415 293 2443 nitate
307 2415 390 2449 igitur
403 2415 526 2448 hominis,
550 2419 574 2442 et
588 2415 680 2442 ultima
709 2421 815 2448 natura,
845 2415 916 2443 Deus
937 2422 1009 2442 vero:

210 2464 289 2487 natus
301 2464 340 2487 est
354 2464 423 2486 totus
434 2460 460 2487 in
473 2460 517 2493 iis,
529 2469 588 2496 qua:
609 2461 692 2497 ipsius
703 2481 711 2494 ,
722 2466 746 2488 et
758 2466 826 2488 totus
837 2461 865 2488 in
891 2460 987 2488 nostris
998 2479 1006 2492 ,

209 2510 239 2535 et
258 2505 406 2541 deinceps:
422 2504 456 2533 Ut
476 2514 583 2534 manens
611 2507 691 2541 igitur
718 2507 745 2533 in
770 2507 855 2541 [arma
871 2506 930 2539 Dei,
943 2506 1007 2541 [erit

209 2553 339 2582 hominem
351 2573 359 2584 .
374 2555 412 2582 sic
428 2555 455 2582 in
468 2555 532 2581 serui
547 2554 633 2589 forma
646 2554 733 2588 [actus
741 2554 818 2581 homo
830 2559 880 2583 est.

194 2699 197 2714 ;
239 2688 340 2717 FJoan.
358 2697 377 2721 ι,
396 2689 421 2721 Ι,
439 2689 467 2716 2.
515 2692 528 2706 ο
543 2687 660 2717 ιδωλι.
704 2693 717 2713 ι’
731 2688 825 2716 Matth.
843 2689 946 2720 xvn.5.

1097 2229 1166 2256 Ἀλλ’
1180 2228 1220 2255 ἐτι
1237 2228 1358 2265 ὲπιπηδᾷ
1373 2228 1403 2255 τὸ
1417 2230 1555 2266 αἱρετικὸν
1564 2230 1704 2266 φρόνημα,
1719 2232 1769 2258 καὶ
1787 2232 1849 2259 δια-

1056 2275 1149 2303 δάλλει
1163 2274 1203 2301 τό·
1215 2274 1266 2301 Διὰ
1280 2275 1394 2309 ταύτην
1401 2275 1505 2303 τοίνυν
1517 2276 1571 2303 τοῦ
1578 2276 1744 2310 προσώπου
1758 2278 1817 2312 τὴν
1827 2279 1851 2294 ’⁵

1056 2322 1166 2348 ἕνωσιν
1184 2320 1220 2347 ἐν
1233 2320 1358 2354 ἑκατέρᾳ
1381 2321 1472 2355 φύσει
1493 2322 1627 2349 νοεῖσθαι
1646 2323 1849 2357 ὀφείλουσαν.

1063 2366 1143 2393 Ἀλλὰ
1155 2366 1296 2393 κάνταῦθα
1306 2367 1364 2398 τοῖς
1377 2366 1451 2399 ἰδίοις
1461 2367 1556 2398 ὅπλοις
1569 2369 1583 2395 ὁ
1595 2369 1851 2405 συκοφαντούμενος

1056 2413 1168 2444 τούτους
1192 2413 1369 2446 καταὸἀλλει,
1384 2414 1488 2448 λέγων’
1512 2415 1564 2442 Ἐν
1584 2415 1707 2451 ἀκεραίᾳ
1727 2425 1850 2452 τοιγαρ-

1054 2459 1111 2486 οῦν
1134 2458 1292 2493 ἀνθρώπου
1316 2459 1366 2487 καὶ
1387 2460 1489 2493 τελείᾳ
1516 2461 1607 2496 φύσει
1632 2462 1704 2495 Θεὸς
1726 2462 1850 2496 ἀληθῶς

1053 2505 1159 2540 ἐτέχθη
1176 2504 1248 2538 ὅλος
1262 2504 1284 2520 ’⁸
1302 2505 1338 2532 ἐν
1353 2504 1415 2538 τοῖς
1428 2505 1537 2533 ἑαυτοῦ
1556 2505 1607 2532 καὶ
1629 2506 1702 2539 ὅλος
1729 2506 1766 2533 ἐν
1786 2507 1849 2540 τοῖς

1056 2551 1150 2586 ἡμῶν.
1167 2551 1222 2578 Καὶ
1233 2551 1297 2586 ἑξῆς
1306 2558 1313 2566 “
1331 2550 1495 2585 Τοιγαροῦν
1505 2551 1546 2585 ὡς
1556 2553 1579 2567 ¹⁶
1591 2551 1693 2587 μένων
1702 2552 1738 2578 ὲν
1744 2553 1850 2587 μορφῇ

1056 2597 1132 2624 Θεοῦ
1151 2598 1317 2630 πεποίηκεν
1327 2596 1496 2631 ἄνθρωπον,
1511 2597 1605 2630 οὕτως
1614 2597 1651 2624 ἐν
1660 2597 1764 2634 μορφῇ
1778 2597 1849 2625 δού-

1056 2645 1114 2671 λου
1128 2643 1253 2679 γέγονεν
1266 2643 1433 2678 ἅνθρωπος.

855 2747 972 2777 νΑΙίΙιΕ
988 2747 1191 2776 LECTlONES.

243 2825 275 2863 ’°_
284 2824 645 2867 mp'nttxnot‘tttgiQScaligerl.
657 2825 704 2867 τρῠ
725 2827 749 2867 ὁ.
761 2825 826 2867 γὰρ]
846 2825 958 2867 γᾲρντοῦ
969 2825 983 2850 ὸ
1002 2824 1056 2867 γὰρ
1075 2825 1094 2851 Α
1109 2833 1115 2851 :
1132 2824 1186 2867 γαρ
1200 2824 1251 2867 rei
1262 2825 1281 2866 ὁ.

869 2858 890 2877 ’⁵
903 2861 970 2893 ὅλως
986 2858 1019 2881 -ὲ
1033 2858 1100 2892 ὅλως
1114 2860 1190 2894 pr.A.
1229 2860 1252 2876 ³⁸
1267 2858 1316 2895 ὡς]
1333 2859 1360 2891 ὃς
1376 2868 1417 2896 pr.
1436 2860 1466 2887 A.

208 2858 277 2886 Θεοῦ
291 2858 330 2891 ςί
353 2860 376 2876 ¹³
395 2858 474 2892 ἄλλος
489 2860 539 2888 οὐκ
554 2858 602 2893 gf
619 2861 643 2877 “
653 2861 702 2896 τὴν
717 2858 777 2894 add.
796 2858 827 2889 Ᾱξ

1200 2824 1247 2851 τοῦ
1262 2825 1276 2849 ὀ
1289 2833 1319 2855 ς.
1373 2825 1393 2840 ¹¹
1412 2825 1470 2851 ἐστι
1487 2824 1509 2853 Α
1528 2835 1533 2853 :
1550 2825 1589 2853 ἔτι
1605 2834 1633 2858 ς.
1673 2826 1695 2841 ³³
1711 2825 1775 2852 Υιδν
1792 2823 1839 2852 τοῦ
