1920 3090
51 130 107 165 949

569 136 833 167 BIBLIOTHECA.
855 150 888 155 --
907 138 989 169 COD.
1006 139 1155 171 CCXXVI.

1639 137 1694 180 950

88 186 177 214 Πάλιν
191 188 209 223 ἡ
219 188 329 224 αῐρεσις
345 188 488 222 δπλίζεται
502 190 575 217 κατὰ
589 191 647 222 τοῦ,
665 192 741 218 Ποία
754 193 848 226 φύσις

936 194 1053 223 Rursum
1078 196 1136 224 hzec
1159 197 1269 225 heresis
1294 194 1450 234 oppugnat:
1475 200 1569 233 Qualis
1598 207 1696 229 natura

47 233 267 269 ὲμπεπαρμένη
278 235 342 269 τοῖς
351 235 439 270 ἣλοις
448 236 483 264 ἐν
497 237 561 273 [399
575 237 621 274 1-1.]
633 237 675 272 τῷ
687 239 741 266 τοῦ
756 247 849 266 σταυ-

44 279 104 312 ροῦ
121 279 208 313 ξύλῳ
215 281 370 316 κρέμαται.
380 282 435 309 Καὶ
445 282 526 309 πάλιν
534 284 548 310 ὁ
555 283 606 318 τῆς
612 284 755 316 εὐσεϐείας
766 293 849 318 στρα-

49 325 135 360 τηγὸς
155 326 254 362 τρέπει
270 327 300 354 τὸ
319 328 460 363 πολέμιον,
484 329 600 359 πολλοὺς
622 329 712 365 ἑαυτῷ
731 338 850 357 συνεπει-

49 371 169 406 γὸμενος
186 372 352 407 συμμάχους
361 381 367 389 ι
388 374 459 408 πλὴν
470 373 540 401 ἀλλὰ
555 375 603 401 καὶ
615 375 676 401 καθ’
690 375 786 402 ἑαυτὸν
798 372 850 408 ᾧδε

48 417 221 443 καταϐάλλει
241 417 366 450 τούτους.
381 419 450 454 Περὶ
464 419 519 455 γὰρ
537 419 675 456 Εὺτυχοῦς
692 420 780 455 λέγων
796 429 849 455 φη-

50 461 92 487 σιν
103 470 110 476 ·
128 462 184 495 Ὃς
203 462 261 496 τὴν
275 463 373 498 φύσιν
383 464 441 499 τὴν
458 465 608 501 ἡμετέραν
618 466 653 493 ὲν
670 465 711 498 τῷ
722 474 851 501 μονογε-

47 507 99 534 νεῖ
112 508 171 541 Υιῷ
190 509 244 536 τοῦ
253 510 329 538 Θεοῦ
341 511 415 538 οὔτε
426 511 475 539 διὰ
481 511 536 546 τῆς
551 512 764 546 ταπεινότητος
780 513 852 540 οὔτε

48 554 99 581 διὰ
114 554 174 589 τῆς
187 555 283 590 δόξης
294 556 412 592 ἐπέγνω
427 557 483 592 τῆς
497 559 706 592 ἀναστάσεως.
719 559 775 586 Καὶ
786 559 851 596 ἑξῆς

51 600 135 636 μέχρι
157 601 223 628 τοῦ·
247 603 278 629 Τί
290 602 325 630 δέ
345 603 412 630 ἐστι
439 604 474 630 τὸ
491 604 627 638 διαιροῦν
642 604 694 631 τὸν
717 605 847 639 Ἰησοῦν,

50 647 76 673 ει
89 646 134 681 μὴ
153 647 213 682 τὴν
226 648 422 683 ἀνθρωπίνην
433 650 485 677 ἀπ’
502 650 597 678 αὐτοῦ
613 651 710 686 φύσιν
729 651 843 686 ἀποχω-

903 239 987 272 infixa
1005 240 1087 268 clavis
1103 241 1175 276 ligno
1189 242 1276 269 crucis
1286 243 1391 277 pendet.
1408 243 1441 270 Et
1456 251 1564 271 rursum
1585 245 1695 279 pietatis

903 286 981 314 miles
1000 288 1098 314 evertit
1116 288 1232 321 hostem,
1251 289 1349 317 multos
1373 289 1400 317 in
1413 297 1444 318 se
1458 291 1596 318 adducens
1617 297 1695 318 com-

904 332 1053 366 militones,
1068 333 1119 361 nisi
1133 335 1205 369 quod
1221 339 1248 362 et
1259 336 1299 362 sic
1314 343 1362 370 per
1378 343 1408 364 se
1423 337 1473 364 hos
1487 337 1698 372 complectatur.

903 378 940 406 De
966 378 1088 415 Eutyche
1103 381 1142 407 sic
1162 381 1234 408 enim
1259 381 1397 415 loquitur:
1414 382 1466 415 Qui
1495 389 1620 410 naturam
1651 391 1700 410 no-

904 429 989 451 stram
1003 425 1031 452 in
1050 426 1184 460 unigenito
1201 427 1250 454 Dei
1273 426 1354 461 Filio,
1374 437 1455 464 neque
1468 429 1626 461 humilitate,
1654 437 1700 456 ne-

904 479 953 505 que
963 471 1048 506 gloria
1068 473 1172 506 agnovit
1191 475 1400 509 resurrectionis,
1415 479 1442 502 et
1471 483 1531 510 qua:
1547 480 1701 510 sequuntur

905 524 990 550 usque
1000 518 1033 545 ad
1051 517 1114 545 illud
1131 527 1138 546 :
1158 518 1229 552 Quid
1245 525 1350 554 separat
1363 520 1465 554 Iesum,
1484 521 1535 548 nisi
1547 522 1700 556 mysterium

905 563 1047 590 humanam
1070 564 1103 590 ab
1120 564 1176 599 ipso
1191 569 1315 592 naturam
1330 567 1475 601 sejungere,
1490 574 1536 601 per
1552 575 1629 601 quem
1654 574 1700 593 so-

902 608 957 635 lum
979 609 1074 636 saluati
1096 618 1198 644 sumus,
1224 613 1316 639 conari
1334 612 1445 639 uultum
1467 620 1513 647 per
1535 613 1700 647 impudentes

903 652 1021 685 ﬁctiones
1039 655 1154 688 operari.
1179 677 1182 687 ,

48 691 143 725 ρίᾱιν
157 693 180 709 ²⁷
201 693 235 719 τὸ
251 693 434 728 μυστήριον,
453 694 491 721 δι’
522 693 616 729 οὗπερ
637 695 794 729 ἐσώθημεν·
813 697 921 730 μόνου.
955 698 1115 733 πειρᾶσθαι
1131 700 1260 735 μάταιον
1288 701 1338 728 διὰ
1363 702 1550 737 πλασμάτων
1571 702 1700 731 ἀναιδῶν

50 738 281 774 ἀπεργάᾰσθαι.

86 787 128 813 Τὰ
152 787 204 822 μὲν
218 785 266 815 οὖν
290 787 361 824 ῥητὰ
383 788 432 815 τοῦ
448 789 477 815 ὲν
501 788 590 822 ἁγίοις
614 789 740 822 Λέοντος,
765 789 800 816 τά
818 798 848 816 τε

51 833 268 868 ἔπηρεαζόμενει
285 834 375 869 μάτην
385 834 432 861 καὶ
449 835 468 862 ὃ.
485 836 548 866 τοὺς
563 835 770 870 ὲτπιρεάζοντας
781 844 850 862 κατ-

52 879 235 914 αισχύνουσι,
263 879 351 906 ταῦτα
367 886 374 894 ⁸
409 879 427 906 ἃ
451 880 580 906 τοσοῦτον
619 880 767 914 συσφίγγει
803 880 853 916 τὴν

53 925 164 956 ἕνωσιν,
177 924 250 951 ὥστε
261 925 414 960 θαυμάζειν
429 925 489 957 πῶς
504 926 538 952 ὲκ
550 925 654 952 τούτων
673 926 699 952 οί
717 925 853 965 συκοφάν-

53 979 97 997 ται
118 971 183 1006 οὐχὶ
203 971 338 1006 σύγχυσιν
356 971 405 998 τοῦ
431 971 529 1007 ἀνδρὸς
553 972 695 1004 κατεῖπον,
709 970 804 1007 ὥσπερ
821 972 854 998 ὲκ

54 1015 108 1042 τῶν
123 1015 355 1051 ὲπηρεασθέντων
370 1017 421 1051 τὴν
438 1016 572 1052 διαίρεσιν
590 1016 804 1043 συνεπλάσαντο.
817 1016 854 1042 Τὸ

55 1063 108 1097 γὰρ
126 1062 220 1096 λέγειν
235 1062 274 1093 ὡς
286 1063 300 1088 ὁ
314 1062 422 1098 ἀπαθὴς
434 1062 502 1094 Θεὸς
513 1062 562 1089 οὐκ
575 1061 717 1097 ἀπηξίωσε
733 1062 855 1097 παθητὸς

55 1109 184 1143 γενέσθαι
199 1108 356 1144 ἄνθρωπος,
369 1109 417 1136 καὶ
441 1110 456 1135 ὁ
473 1109 609 1140 ἀθάνατος
625 1109 718 1145 νόμοις
743 1109 854 1136 ὑποκεῖ-

57 1155 118 1182 σθαι
132 1155 262 1187 θανάτου.
277 1155 325 1182 καὶ
337 1156 351 1182 6
360 1155 475 1191 ἅχρονος
485 1154 555 1182 εἶναι
566 1156 668 1192 ἤρξατο
681 1155 734 1182 ἀπὺ
745 1155 853 1191 χρόνου,

55 1201 115 1233 πῶς
128 1200 211 1227 ἔλαθε
233 1201 297 1232 τοὺς
321 1202 438 1236 πικροὺς
454 1202 627 1236 συκοφάντας
644 1202 681 1236 μὴ
695 1201 855 1236 συγχύσεως

55 1247 101 1273 τὸν
133 1247 222 1282 ἄνδρα
247 1247 407 1282 γράψασθαι
422 1247 466 1274 διὰ
481 1247 603 1280 τούτων;
628 1247 693 1284 [768
712 1247 758 1283 IL]
785 1248 855 1281 πλὴν

55 1293 125 1326 ἀλλ’,
139 1293 239 1329 ὥσπερ
255 1294 305 1328 τὴν
318 1293 451 1329 διαίρεσιν
473 1293 652 1330 ἐπιρραπίζει
670 1293 768 1327 ταῦτα,
784 1294 855 1320 οὕτω

56 1340 175 1366 κάκεῖνα
195 1339 246 1375 τὴν
262 1339 394 1374 σύγχυσιν
409 1339 643 1372 ἁποσκευάζεται.

91 1385 125 1411 Τί
144 1385 249 1420 δήποτε
269 1385 299 1413 δὲ
318 1386 333 1412 ὁ
355 1387 532 1422 συγγραφεὺς
547 1386 591 1414 διὰ
608 1386 738 1413 τοιούτων
752 1386 855 1414 ὥδευσε

58 1432 213 1466 ῥημάτων;
242 1432 332 1464 διττὸς
348 1432 502 1469 τηνικαῦτα
525 1433 596 1460 κατὰ
618 1433 669 1467 τῆς
691 1433 856 1469 Ἑκκλησίας

59 1478 208 1505 συνίστατο
223 1478 354 1514 πόλεμος,
372 1478 491 1506 ἐνταῦθα
506 1479 554 1514 μὲν
567 1478 612 1506 τὸν
625 1479 748 1514 Εὐτυχέα
764 1479 857 1514 φέρων

58 1523 270 1559 πρωτοστάτην,
295 1524 402 1551 ἐκεῖθεν
423 1524 452 1551 δὲ
469 1524 517 1551 τὸν
539 1524 700 1560 Νεστόριον,
724 1525 771 1551 καὶ
788 1525 858 1560 μετὰ

57 1569 108 1604 τὴν
122 1569 235 1605 πληγὴν
248 1570 297 1596 καὶ
314 1570 346 1596 τδ
364 1570 466 1606 πτῶμα
482 1571 636 1606 μαχόμενον
648 1570 698 1597 ἔτι.
721 1570 793 1605 Πρὸς
810 1567 857 1596 οὖν

941 790 973 818 Et
984 792 1093 826 quidem
1109 792 1179 820 beati
1194 791 1292 820 Leonis
1305 793 1377 821 dicta
1396 794 1520 828 quaedam
1539 799 1642 822 temere
1657 803 1701 823 re-

905 837 1052 870 prehensa,
1075 841 1103 864 et
1124 845 1240 872 quorum
1263 838 1365 873 pudeat
1385 839 1458 874 ipsos
1489 840 1698 874 calumniantes.

906 885 966 912 haec
975 889 1040 912 sunt
1053 893 1060 912 :
1073 893 1134 920 quae
1149 885 1231 913 talem
1245 887 1436 923 constringunt
1452 888 1595 922 unitatem,
1612 894 1641 917 ut
1654 891 1702 917 ad-

908 931 1044 959 mirentur
1060 931 1196 966 quomodo
1212 933 1238 959 in
1252 932 1294 960 his
1303 934 1479 969 sycophanta:
1493 942 1547 963 non
1564 936 1703 964 conlusio-

907 985 968 1005 nem
984 977 1034 1005 viri
1048 978 1285 1013 reprehenderint,
1296 980 1523 1014 quemadmodum
1535 988 1551 1009 e
1566 982 1701 1010 calumnia

905 1024 1045 1059 oppressis
1065 1024 1227 1052 divisionem
1255 1025 1422 1061 conﬁngunt.
1448 1026 1544 1054 Dicere
1561 1027 1644 1060 enim,
1671 1033 1703 1055 ut

905 1069 1064 1103 impatihilis
1079 1069 1151 1098 Deus
1162 1078 1216 1097 non
1230 1070 1391 1105 dedignatus
1402 1076 1445 1100 est
1463 1072 1521 1100 ﬁeri
1535 1074 1615 1101 homo
1626 1081 1702 1101 mor-

906 1115 978 1147 talis,
992 1120 1020 1142 et
1034 1116 1128 1144 mortis
1140 1123 1194 1144 non
1210 1116 1316 1144 horruit
1333 1118 1505 1153 obsequium.
1523 1124 1551 1146 et
1564 1120 1624 1148 sine
1636 1124 1702 1148 tem-

905 1168 972 1196 pore
989 1161 1077 1189 factus
1094 1166 1136 1190 est
1156 1169 1218 1190 cum
1233 1167 1366 1198 tempore.
1384 1164 1525 1197 Quomodo
1540 1165 1701 1201 ignorarunt

906 1207 970 1235 mali
996 1207 1218 1241 calumniatores,
1236 1217 1288 1236 non
1311 1210 1454 1244 scripsisse
1466 1211 1553 1238 virum
1583 1220 1630 1247 per
1649 1213 1702 1240 hoc

906 1253 1045 1286 confundi,
1068 1254 1120 1281 nisi
1132 1254 1205 1289 quod
1225 1259 1256 1281 ut
1271 1255 1431 1283 divisionem
1448 1255 1615 1291 redarguunt
1633 1258 1700 1290 haec,

907 1300 946 1327 sic
959 1304 987 1327 et
1002 1299 1047 1327 illa
1061 1299 1252 1328 confusionem
1269 1302 1412 1329 adornant.

942 1379 1001 1413 Quo
1016 1381 1123 1408 tandem
1137 1381 1255 1416 scriptor
1278 1381 1322 1409 hic
1336 1382 1436 1419 243α
1451 1383 1554 1416 tendat,
1565 1384 1702 1419 geminum

906 1425 971 1453 hinc
986 1426 1116 1455 adversus
1127 1426 1278 1454 Ecclesium
1291 1430 1415 1457 nascitur
1428 1429 1538 1458 bellum.
1551 1429 1621 1458 Hinc
1629 1431 1701 1458 enim

907 1472 1058 1509 Eutychem
1086 1474 1209 1502 referens
1232 1475 1396 1510 principem,
1425 1477 1501 1504 illinc
1517 1485 1583 1505 vero
1607 1476 1705 1505 Nesto«

907 1520 988 1552 rium,
1004 1524 1032 1548 et
1047 1525 1107 1554 post
1116 1525 1256 1556 acceptam
1282 1521 1400 1558 plagam,
1414 1522 1574 1558 lapsumque
1587 1531 1704 1559 pugnam

908 1567 1123 1599 instaurantem,
1136 1574 1196 1595 cum
1209 1573 1326 1604 utroque
1335 1577 1458 1605 pugnans
1468 1570 1576 1604 pietatis
1587 1571 1632 1597 hic
1639 1571 1704 1602 dux,

59 1615 211 1651 ἑκατέρους
223 1615 238 1641 ὁ
251 1615 303 1651 τῆς
320 1616 463 1648 εὐσεϐείας
475 1616 631 1652 στρατηγὸς
650 1616 854 1652 διαμαχόμενος

912 1614 967 1641 suis
982 1612 1055 1648 ipsos
1070 1619 1103 1641 ac
1117 1615 1218 1642 mutuis
1233 1614 1295 1642 telis
1308 1614 1442 1643 vulnerat.
1460 1615 1494 1643 Et
1504 1623 1564 1644 cum
1578 1615 1706 1645 Nestorio

58 1661 172 1692 οἰκείοις
185 1662 234 1688 καὶ
248 1661 428 1697 καταλλήλοις
438 1662 528 1697 βέλεσι
543 1663 607 1694 τοὺς
620 1662 786 1694 ἀντιπάλους
800 1662 857 1688 ἔτί-

59 1713 181 1740 τρωσκε.
199 1706 248 1732 καὶ
273 1706 415 1743 Νεστορίῳ
430 1707 480 1742 μὲν
507 1707 637 1742 πολεμῶν
661 1707 794 1742 σύγχυσιν
813 1707 858 1735 διὰ

60 1751 111 1787 τὴν
133 1751 286 1785 ὁμολογίαν
311 1751 361 1786 τῆς
383 1752 472 1787 ἄκρας
494 1751 618 1784 ένώσεως
641 1753 698 1784 τοῖς
717 1751 859 1783 ἁσυνέτοις

59 1797 135 1824 δοκεῖ
158 1797 356 1832 παρεισάγειν,
371 1797 489 1832 Εὑτυχεϊ
507 1797 535 1824 δὲ
559 1797 784 1833 συμπλεκόμενος
813 1797 860 1824 καὶ

60 1844 110 1878 τὴν
123 1843 180 1870 τῶν
199 1843 309 1877 φύσεων
331 1843 464 1879 διαφορὰν
479 1843 745 1879 ἀκριϐολογούμενος
765 1843 859 1877 διαφο-

62 1889 112 1924 ρὰν
153 1889 333 1917 ὑποστάσεων
371 1891 568 1926 κατηγορεῖται
608 1889 774 1925 προτείνειν.
813 1890 862 1916 Δεῖ

60 1934 87 1960 δὲ
115 1934 163 1960 τὸν
190 1934 342 1961 ἀδέκαστον
371 1935 511 1972 ἀκροατὴν
531 1935 577 1963 τὸν
603 1935 651 1962 τοῦ
677 1935 860 1970 συγγραφέως

62 1981 165 2008 σκοπὸν
202 1981 342 2014 ἐξετάζειν
375 1982 423 2008 κει)⁵
451 1982 497 2008 τὸν
514 1982 610 2018 εἱρμὸν
627 1981 688 2008 ὅλον
714 1982 763 2015 τῆς
797 1989 862 2015 συγ-

61 2028 173 2062 γραφῆς
188 2028 211 2043 ¹⁸
224 2028 398 2056 ἐπισκοπεῖν.
416 2029 478 2055 Ὀτι
503 2029 532 2056 δὲ
553 2028 751 2064 διχόθεν.αὺτῷ
776 2036 862 2064 προσ-

62 2074 143 2100 έϐαλε
159 2073 192 2100 τὸ
212 2074 359 2109 πολέμιον,
382 2074 464 2106 αὐτὸς
486 2075 601 2111 γράφων
628 2074 698 2110 πρὸς
714 2075 761 2100 τὸν
786 2074 863 2100 εὐσε-

62 2119 194 2146 ϐέστατον
221 2119 345 2155 ’βασιλέα
367 2121 482 2154 Λέοντα,
509 2121 558 2148 uel.
583 2120 735 2156 Νεστόριον
764 2119 862 2146 ἀναθε-

64 2165 188 2199 ματίζων
215 2166 264 2193 καὶ
290 2166 434 2202 Εὐτυχέα,
458 2166 552 2201 σαφῶς
575 2166 740 2193 ἐκδιδάσκει.
764 2165 864 2201 Ἐχρῆν

62 2211 109 2238 οὖν
131 2211 258 2244 εὐλαϐῶς
281 2213 338 2244 τοῖς
354 2213 408 2239 τῶν
433 2213 565 2249 Πατὲρων
586 2213 680 2244 πόνοις
707 2212 862 2248 προσέχειν,

65 2258 135 2285 ἀλλὰ
152 2258 191 2294 μὴ
215 2259 286 2294 πρὸς
296 2259 423 2294 διαϐολὴν
436 2260 498 2287 ἀντὶ
517 2260 566 2287 τοῦ
589 2261 774 2295 εὐγνωμονεῖν
792 2258 862 2286 ἑτοί-

910 1659 1019 1693 quidem
1052 1658 1197 1692 dimicans,
1218 1660 1405 1688 confusionem
1421 1662 1476 1696 'per
1504 1661 1705 1689 confessionem

909 1711 1022 1732 summa!
1034 1705 1147 1732 unitatis
1161 1705 1252 1734 stultis
1267 1706 1395 1734 invehere
1410 1706 1525 1734 videtur.
1540 1706 1608 1734 Cum
1620 1707 1706 1743 Euty-

911 1751 963 1779 che
977 1758 1043 1778 vero
1056 1756 1177 1783 certans,
1193 1757 1407 1786 naturarumque
1422 1752 1611 1780 diversitatem
1628 1761 1706 1780 accu-

912 1800 973 1823 rate
982 1795 1141 1829 defentlens.
1158 1796 1339 1825 diﬂ'erentiam
1351 1805 1528 1832 personarum
1541 1797 1568 1825 in
1585 1798 1703 1826 medium

918 1842 1050 1870 attulisse
1062 1847 1218 1870 accusatur.
1236 1842 1351 1878 Oportet
1362 1851 1427 1872 vero
1451 1844 1585 1879 integmm
1599 1844 1707 1872 audito-

913 1895 970 1914 rem
996 1887 1140 1922 scriptoris
1156 1895 1268 1923 scopum
1298 1889 1472 1925 investigare,
1488 1893 1517 1917 et
1539 1890 1621 1916 totius
1638 1891 1707 1917 scri-

913 1933 1014 1967 ptionis
1022 1933 1120 1961 seriem
1137 1933 1321 1961 considerare.
1342 1934 1414 1962 Duos
1430 1940 1520 1962 autem
1540 1942 1601 1962 sese
1615 1935 1709 1964 hostes

914 1986 1040 2014 nactum,
1050 1981 1172 2008 scribens
1186 1981 1244 2016 ipse
1258 1981 1292 2008 ad
1307 1981 1505 2016 pientissimum
1521 1981 1640 2009 Leonem
1655 1983 1708 2009 im-

913 2032 1070 2062 peratorem
1082 2032 1110 2054 et
1130 2026 1287 2055 Nestorium
1301 2028 1476 2055 anathemate
1488 2027 1591 2056 feriens
1603 2032 1631 2056 et
1653 2028 1708 2059 Eu-

916 2072 1037 2108 tychem,
1050 2072 1124 2100 clare
1136 2073 1226 2101 docet.
1253 2072 1400 2109 Oportebat
1411 2078 1500 2101 autem
1514 2073 1624 2102 Patrum
1639 2074 1710 2110 vigi-

915 2118 966 2145 lias
981 2118 1179 2153 circumspecte
1194 2118 1303 2152 legisse,
1313 2123 1341 2147 et
1361 2119 1588 2154 quemadmodum
1599 2120 1710 2148 Arianis

915 2164 999 2191 exilia
1024 2164 1117 2197 verba,
1129 2165 1339 2200 passionemque
1352 2165 1380 2192 in
1395 2165 1456 2193 Filii
1477 2165 1610 2193 Deitatem
1637 2165 1708 2193 refe-

918 2211 1051 2245 rentibus,
1067 2216 1097 2238 ut
1114 2211 1202 2246 ipsum
1225 2212 1359 2240 minorem
1372 2211 1476 2239 faciant
1495 2212 1586 2245 Patre,
1612 2212 1710 2240 Patres

919 2257 1012 2285 dicitis
1022 2257 1204 2285 crassioribus
1214 2258 1253 2285 uti
1265 2258 1369 2290 verbis,
1385 2258 1558 2286 Dominicum
1573 2259 1712 2294 appellau-

66 2313 133 2338 μους
147 2302 236 2331 εἶναι·
253 2305 302 2331 καὶ
316 2304 443 2340 καθάπερ
456 2305 512 2332 τῶν
529 2305 678 2341 Ἀρειανῶν
693 2306 729 2332 τὰ
742 2304 854 2332 ταπεινά

917 2309 958 2331 tes
974 2304 1125 2337 hominem,
1144 2303 1187 2331 vel
1198 2309 1379 2338 assumptum.

66 2352 178 2387 ῥήματα
197 2352 246 2378 καὶ
270 2352 301 2378 τὸ
318 2352 405 2384 πάθος
420 2353 461 2386 εἰς
475 2353 526 2389 τὴν
542 2354 588 2380 τοῦ
605 2354 672 2380 Υἱοῦ
689 2353 805 2389 θεότητα
819 2351 1042 2388 μεταφερόντων,
1053 2352 1090 2383 ὡς
1104 2350 1137 2378 ἂν
1151 2351 1233 2378 αὐτὸν
1256 2352 1296 2383 εἰς
1326 2352 1357 2379 τὸ
1387 2352 1500 2379 ἔλαττον
1531 2353 1711 2388 καταγάγωσι

63 2399 109 2425 τοῦ
130 2398 252 2434 Πατρὸς,
265 2400 329 2430 τοὺς
351 2400 477 2434 Πατέρας
493 2401 562 2436 φατὲ
575 2401 756 2437 βιαζομένους
786 2399 955 2436 παχυτέραις
988 2398 1143 2435 χρήσασθαι
1179 2397 1277 2432 λέξεσι,
1308 2399 1353 2426 τὸν
1374 2400 1516 2436 κυριακὸν
1528 2401 1712 2436 ὀνομάζοντας

64 2446 210 2481 ἄνθρωπον
226 2446 275 2474 καὶ
289 2446 335 2474 τὸν
348 2447 539 2482 ἀναληφθέντα
550 2449 584 2476 ”.
601 2468 608 2476 .
627 2468 634 2475 .
652 2468 659 2476 .
678 2468 686 2476 .

421 2495 516 2528 ΣΚΕΓ.

68 2539 123 2567 Ταῦ
149 2538 247 2567 αὑτοῦ
264 2540 414 2576 Εὐλοτίου
438 2542 519 2575 ἄλλη
532 2541 642 2574 βίϐλος
669 2542 746 2569 κατὰ
763 2541 868 2569 Θεοδο-

315 2577 388 2603 σίου
403 2576 452 2603 καὶ
465 2578 611 2610 Σευήρου.

107 2620 282 2657 Ἀνεγνώσϐη
301 2622 434 2657 Εὑλογίου
447 2623 494 2650 τοῦ
505 2623 658 2657 ἁγιωτάτου
674 2623 752 2650 πάπα
773 2623 866 2656 Ἀλεξ-

68 2666 196 2703 ανδρείας
217 2667 310 2703 βίϐλος
321 2688 329 2701 ,
348 2666 409 2706 ἐνῇ
429 2669 556 2704 φαίνεται
580 2670 628 2704 μὲν
642 2670 698 2696 τῶν
711 2669 734 2685 ³⁰
751 2669 801 2704 τῆς
817 2670 863 2695 εὖ·

69 2711 177 2744 αεϐείας
194 2713 366 2749 ὑπερμαχῶν
379 2714 534 2750 δογμάτων,
549 2715 612 2746 τοὺς
625 2715 654 2742 δὲ
667 2716 717 2751 τῆς
733 2715 860 2747 ἀσεϐείας

1250 2491 1391 2520 CCXXVI.

919 2540 1026 2574 Eulogii
1047 2539 1164 2574 ejusdem
1189 2539 1254 2567 liber
1275 2545 1367 2567 contra
1389 2539 1562 2568 Theodosium
1581 2546 1606 2568 et
1638 2540 1714 2570 Seve-

1281 2584 1349 2603 rum.

951 2622 1050 2650 Lectus
1072 2622 1142 2650 liber
1164 2622 1270 2658 Eulogii
1301 2622 1479 2650 Alexandrini
1503 2623 1634 2658 episcopi.
1659 2630 1713 2658 quo

913 2669 965 2703 piae
993 2669 1124 2696 doctrinae
1139 2676 1248 2696 causam
1271 2669 1425 2704 suscepisse
1448 2669 1567 2701 videtur,
1582 2669 1713 2703 pudorem

914 2714 1160 2750 propugnatoribus
1174 2715 1323 2750 impietatis
1335 2715 1481 2742 incutiens.
1504 2714 1632 2742 lnscribit
1648 2722 1714 2742 vero

735 2773 852 2802 VARle
869 2773 1074 2802 LECTIONES.

105 2821 133 2866 ’ξ
144 2822 236 2864 malim
246 2823 490 2866 attollulpiCOv‘ﬁlq.‘
521 2822 724 2866 "_cu~{_~{pae~715
739 2824 760 2850 A
774 2832 785 2866 τ’
794 2823 904 2859 γραφῆς
913 2832 943 2856 ς.
982 2824 1004 2839 ²⁰
1017 2823 1287 2859 ροειηὰναληφοὲντσ.
1296 2823 1322 2852 in
1332 2824 1354 2852 A
1364 2823 1498 2852 columnae
1508 2827 1603 2852 vacant
1617 2823 1635 2851 5
1651 2821 1714 2857 1/2'

71 2856 98 2883 in
112 2857 133 2885 C
149 2859 254 2894 pagina
271 2858 283 2885 1
302 2856 364 2893 ΞΗ.
381 2856 385 2857 ⁷
421 2859 444 2875 ³ο
461 2858 512 2894 μὲν
526 2856 661 2895 τῶνμιιῖο
676 2856 737 2885 ’τῶν
753 2856 813 2894 μέν.
