1920 3090
56 144 110 176 958

569 151 836 187 BIBLIOTHECA.
852 169 887 175 —
899 157 982 190 COD.
1002 159 1169 192 CCXXVII.

404 202 527 260 ἀλέγχοις
543 207 619 260 ’τοὺς
637 209 1002 260 ὲττηρεαστὰς-καῗισχύνει
1017 215 1065 240 καὶ
1077 215 1198 243 δείκνυσι
1220 217 1321 253 μᾶλλον
1348 219 1448 253 αότοὺς
1465 221 1527 248 καθ’
1541 199 1696 260 ἐσυτῶνηη

1642 167 1697 200 954

56 246 130 302 καθ’,
139 242 178 273 ὧν
192 248 385 302 reperti-ﬁumen
484 253 556 280 κατά
580 254 635 281 τῶν
655 242 742 290 ἁγίων
768 257 847 292 ἡμῶν
871 242 1002 295 Πατέρων
1028 261 1045 297 ἢ
1065 242 1500 302 uolgi-03m:

92 292 178 350 95:0;
189 297 213 324 δ’
222 298 237 324 ό
248 298 278 324 ὲν
293 298 383 332 ἁγίοις
399 299 529 334 Εὐλόγιος
542 302 732 339 πρεσϐυτέρου
747 304 852 340 βαθμὸν

939 308 1072 338 Οωιετυιη
1095 310 1141 339 hic
1163 311 1293 348 Eulogius
1317 313 1380 341 olim
1405 315 1553 342 sacerdotii
1583 318 1696 352 gradum

55 342 86 368 ἑν
103 342 257 395 Ἀντιοχείᾳ
275 343 339 380 ἔσχε
351 345 383 372 τὸ
396 345 539 382 πρότερον,
563 347 611 374 καὶ
624 349 710 385 μονῆς
727 351 852 386 ἡγήσατο

909 353 1058 383 Antiochia;
1073 356 1171 384 habuit
1195 342 1324 392 primum.
1347 359 1486 395 aedemque
1514 342 1695 390 solum—reicit

55 390 107 424 τῆς
123 389 264 424 παναγίας
275 391 408 418 Θεοτόκου
426 393 477 428 τῆς
499 393 652 431 λεγομένης
664 395 721 424 τῶν
742 397 855 425 ’1ουστι-

56 435 163 463 νιανοῦ.
179 437 355 465 Κατεϐάλετο
370 439 400 465 δὲ
414 439 462 466 καὶ
472 439 571 475 ἑτέρας
587 442 638 469 οὐκ
656 442 764 478 ἀγενεῖς
780 452 853 480 πρα-

56 482 206 517 γματείας.
231 483 367 520 Ὕστερον
394 485 487 520 μέντοι
514 487 562 515 καὶ
581 488 631 524 τῆς
646 488 855 526 Ἀλεξανδρείας

56 529 207 565 ἀρχιερεὺς
222 529 421 567 ἐχρημάτισεν.

417 579 502 607 ΣΚΖ’.

185 623 243 651 Τοῦ
265 625 360 654 αὐτοῦ
378 628 608 662 στηλιτσυτικὸς
624 630 729 665 λόγος.

92 668 270 706 Ἀνεγνώσθη
303 670 381 706 λόγος
411 674 616 708 στηλιτευτικὺς
638 675 686 702 τοῦ
715 676 799 704 αὐτοῦ
823 677 855 705 ἐν

56 715 147 749 ἀγίοις
161 715 260 751 ἀνδρὸς
273 717 345 745 κατά
363 718 413 754 τῆς
427 720 618 756 γεγενημένης
635 723 694 754 τοῖς
710 722 855 751 Θεοδοσια-

56 762 112 793 vui;
124 770 158 788 τε
170 763 219 789 καὶ
241 762 379 795 Γαῖνίταις
402 766 462 797 τοῖς
487 766 580 798 αὐτοῖς
599 767 748 803 ἀκεφάλοις
770 778 856 806 προσ-

57 808 158 843 καίρου
181 808 317 841 ἑνώσεως.
330 806 409 838 οὗτοι
423 811 479 846 γὰρ
502 812 669 848 διιστάμενοι
687 815 756 851 πρὸς
774 816 855 852 ἀλλή‹

56 854 120 886 λους
140 855 289 891 πρότερον,
304 856 418 893 ὕστερον
429 855 467 884 ὧν
481 859 687 896 ὑπερέθνησκον
698 861 853 897 δογμάτων.

57 900 148 927 ταῦτα
175 901 322 937 προδόντες
343 903 468 938 ἀλλήλοις
485 904 525 936 εἰς
544 905 679 940 ἑνωτικήν
698 915 759 934 τινα
787 908 856 943 πρὸς

56 946 152 980 ὀλίγον
167 947 190 963 ³⁹
219 947 352 975 ἀσέϐειαν
369 949 568 984 συνεχύθησαν,
591 951 699 978 ἐκεῖθεν
722 952 751 979 δὲ
773 953 855 980 πάλιν

57 992 246 1028 ἀναχυθέντες
261 995 304 1025 εἰς
319 993 369 1030 τὴν
385 995 523 1031 προτέραν
541 997 672 1024 ἀσέϐειαν
692 999 773 1034 μερὶς
787 1000 854 1026 ἑκα-

57 1038 138 1071 τέρα,
170 1037 201 1070 ἑξ
222 1035 260 1065 ὧν
286 1039 478 1076 συνεφύρησαν
492 1061 500 1074 ,
522 1041 700 1078 διῃρέθησαν.
732 1044 856 1081 Ἐλέγχει

58 1086 151 1111 τοίνυν
164 1085 194 1111 ἐν
209 1085 280 1121 τῷδε
293 1086 332 1122 τῷ
348 1087 506 1124 βιϐλιδαρίῳ
521 1089 570 1124 τὴν
583 1090 743 1119 δυσσέϐειαν
755 1093 855 1126 αὐτῶν,

59 1131 107 1157 καὶ
124 1131 265 1158 δείκνυσιν
294 1132 390 1168 ὅτιπερ
409 1133 459 1169 οὺχ
477 1134 515 1166 ὡς
536 1136 653 1168 ἐκείνοις
671 1137 760 1172 ἔδοξεν
782 1140 856 1166 οἰκο-

59 1176 159 1209 νομίαν
179 1176 203 1191 ⁸⁸
226 1177 320 1209 αὐτοῖς
336 1179 353 1213 ὴ
376 1178 474 1211 ἓνωσις
498 1179 686 1215 ἐξειργάσατο,
712 1183 769 1210 ἀλλ’
789 1183 856 1219 ὅλης

58 1221 153 1247 αὐτῶν
176 1222 228 1257 τῆς
255 1222 373 1256 πίστεως
393 1225 540 1260 προδοσίαν
558 1227 857 1265 ὲμεθὼδευσε,Διαιρεϊ

57 1268 86 1295 δὲ
109 1268 160 1295 καὶ
181 1268 214 1295 τὸ
231 1269 284 1303 τῆς
311 1270 467 1306 οἰκονομίας
491 1270 572 1305 εἶδος,
593 1273 662 1309 ὅπερ
688 1276 705 1310 ἡ
723 1275 770 1302 τοῦ
787 1276 855 1303 Θεοῦ

58 1313 130 1342 οἶδεν
150 1314 312 1350 Ἐκκλησία,
326 1317 401 1351 τρισὶ
422 1317 575 1353 διαφοραίς,
592 1320 640 1346 καὶ
653 1319 695 1352 ὡς
717 1321 789 1348 κατά
803 1331 856 1358 μη-

58 1360 160 1396 δεμίαν
177 1361 236 1388 τῶν
251 1362 336 1397 τριῶν
366 1363 501 1398 προῆλθον
521 1365 614 1397 αὑτοῖς
630 1366 670 1397 εἰς
684 1366 734 1402 τὴν
750 1376 857 1402 συμπε-

59 1408 206 1444 φυρμένην
231 1408 373 1441 ἀσέϐειαν,
393 1411 510 1436 ποιεῖται
527 1410 573 1437 τὸν
598 1411 720 1447 ἔλεγχον,
748 1415 776 1441 αἰ
801 1414 857 1441 τῶν

59 1452 192 1487 ἀκράτων
223 1453 317 1485 αὐτοῖς
341 1453 556 1490 δυσσεϐημάτων
593 1458 706 1484 σπονδαὶ
724 1459 765 1491 ⁴¹,
798 1459 856 1486 ἀλλ’

60 1498 113 1531 (ὼς
133 1497 254 1533 ἔφημεν)
281 1499 332 1534 τῆς
359 1498 425 1534 ὅλης
451 1499 541 1527 αὐτῶν
562 1500 712 1536 θρησκείας
739 1503 858 1538 ἑκατέρα

61 1542 143 1578 μερὶς
154 1543 198 1569 ἐπ’
210 1543 326 1578 ὀνόματι
340 1543 390 1578 τῆς
405 1543 530 1576 ένώσεως
553 1545 700 1580 προδοσίαν
715 1547 762 1573 καὶ
776 1547 857 1583 ἑξάρ-

61 1597 142 1624 νησιν
152 1589 332 1624 διεπράξατο.
350 1589 407 1616 Καὶ
427 1590 537 1625 πρῶτον
559 1590 609 1626 μέν
623 1599 707 1626 φησιν
727 1592 766 1623 ὡς
779 1593 794 1618 ὁ
808 1593 858 1628 τῆς

905 400 1083 429 sanctissimae
1101 401 1224 437 Deiparae
1250 411 1310 438 quae
1331 403 1484 433 Justiniana
1509 414 1695 442 nuncupatur.

905 447 1056 482 Aggressus
1070 452 1113 476 est
1129 454 1157 476 et
1171 449 1223 476 alia
1239 457 1292 478 non
1316 450 1445 484 ignobilia
1464 460 1568 487 opera:
1586 455 1696 483 tandem

904 494 986 522 etiam
1001 494 1175 524 Alexandriae
1189 496 1286 531 praeui
1303 499 1477 526 renuntiatus
1493 501 1557 532 est.l

1224 583 1376 612 CCXXVII.

1045 629 1153 666 Eulogii
1170 631 1289 666 ejusdem
1304 632 1431 659 invectiva
1452 633 1549 659 oratio.

941 677 1024 706 Lecta
1039 683 1082 706 est
1097 679 1231 707 invectiva
1246 680 1369 713 ejusdem
1387 685 1484 708 contra
1503 680 1636 708 unitatem
1650 688 1698 709 su-

904 725 960 752 bito
972 730 1093 753 exortam
1105 726 1185 753 inter
1200 725 1416 760 Theodosianos,
1439 732 1468 754 et
1494 726 1617 754 Cainitas
1637 734 1699 755 ace-

904 771 1009 806 phalos.
1024 772 1056 799 Hi
1069 771 1140 799 enim
1156 772 1273 806 primum
1294 772 1366 799 inter
1384 779 1414 799 se
1428 779 1490 799 cum
1509 772 1697 804 dissedissent,

904 819 1075 853 postmodum
1087 825 1119 845 ea
1145 825 1202 852 quae
1216 819 1250 846 ad
1267 825 1361 845 necem
1374 818 1556 846 defendebant
1572 818 1697 854 dogmata

905 864 1022 891 invicem
1037 864 1186 895 tradentes.
1199 863 1231 890 ‘in
1254 871 1346 896 unam,
1363 864 1410 891 sed
1425 864 1534 890 brevem
1552 863 1698 898 quamdam

906 909 1097 942 conspirarunt
1126 909 1303 942 impietatem.
1337 909 1400 936 Inde
1429 909 1527 935 iterum
1555 907 1646 936 refusa
1671 909 1697 934 in

906 953 1024 986 priorem
1053 953 1218 987 impietatem
1240 960 1304 987 pars
1321 957 1453 988 utraque,
1468 953 1699 981 discesseruntaul

905 1006 953 1026 eas
968 1005 1000 1025 ex
1016 998 1116 1033 quibus
1137 999 1164 1026 in
1181 1007 1263 1026 unum
1279 999 1450 1032 coaluerant,
1469 1000 1623 1034 opiniones.
1644 999 1697 1027 0s-

905 1044 991 1071 tendit
1005 1044 1088 1079 igitur
1106 1044 1178 1079 quod
1193 1052 1246 1071 non
1262 1049 1292 1072 ut
1303 1044 1357 1072 illis
1372 1045 1462 1072 visum
1478 1049 1531 1077 est.
1544 1045 1608 1080 ipsis
1624 1052 1698 1072 ceco-

906 1090 1024 1117 nomiam
1043 1090 1100 1125 (66)
1123 1098 1173 1118 sua
1199 1091 1288 1119 unitas
1309 1096 1420 1125 operata
1437 1096 1481 1118 est
1500 1099 1508 1118 :
1535 1091 1582 1118 sed
1607 1091 1697 1125 potius

905 1134 967 1162 ﬁdei
982 1135 1087 1162 illorum
1109 1135 1290 1169 proditionem
1312 1136 1447 1171 integram
1469 1136 1634 1171 propalavit.
1651 1136 1697 1163 Di-

906 1180 972 1207 vidit
996 1185 1087 1207 autem
1109 1181 1269 1208 oeconomia;
1285 1181 1425 1216 speciem,
1444 1188 1524 1216 quam
1551 1181 1597 1209 Dei
1622 1182 1699 1209 novit

906 1225 1026 1254 Ecclesia
1041 1225 1111 1262 (67),
1129 1226 1216 1254 tribus
1237 1227 1399 1255 differentiis
1422 1235 1430 1254 :
1457 1227 1598 1262 argnltqne
1628 1235 1698 1255 con-

906 1276 947 1300 tra
966 1272 1185 1307 eonduplicatam
1200 1280 1294 1300 eorum
1309 1273 1490 1308 impietatem,
1506 1274 1580 1308 quod
1599 1280 1699 1301 secun-

906 1318 969 1345 dum
982 1318 1080 1345 nullam
1096 1318 1177 1345 trium
1192 1318 1298 1346 illarum
1311 1322 1489 1354 procederent
1505 1319 1573 1346 inita
1586 1319 1621 1346 ab
1632 1319 1698 1354 ipsis

908 1363 1071 1391 immortalia
1100 1363 1248 1399 impietatis
1273 1364 1378 1392 fwdera
1401 1374 1408 1393 :
1438 1365 1485 1393 sed
1510 1370 1539 1392 ut
1564 1365 1696 1397 diximus,

907 1408 1041 1435 universas
1067 1415 1163 1436 eorum
1188 1409 1328 1444 religionis
1344 1415 1460 1444 utraque
1485 1417 1572 1444 pars;
1589 1409 1700 1437 nomine

908 1453 1020 1480 unitatis
1049 1453 1229 1488 proditionem
1257 1455 1486 1490 negationemque
1517 1456 1697 1491 perpetravit.

908 1498 942 1526 Et
964 1500 1053 1534 primo
1077 1501 1186 1535 quidem
1213 1501 1254 1528 ait
1269 1503 1341 1536 quod
1359 1503 1522 1531 (economize
1547 1503 1616 1530 ratio
1645 1510 1708 1530 non-

907 1545 1004 1572 obvios
1014 1553 1137 1580 quosque
1148 1546 1186 1574 rei
1198 1546 1386 1581 speculatores
1399 1553 1426 1574 et
1437 1548 1555 1576 arbitros
1565 1548 1698 1580 admittit,

909 1586 956 1618 sed
973 1590 1076 1619 Christi
1090 1591 1231 1620 ministros
1246 1596 1327 1627 atque
1343 1593 1548 1628 dispensatores
1560 1595 1701 1630 mysterio-

61 1634 224 1670 οἰκονομίας
248 1634 329 1669 λόγος
360 1635 392 1661 οὐ
417 1635 452 1662 τὰ
475 1635 593 1670 τυχόντα
621 1637 676 1663 τῶν
702 1637 857 1673 προσώπων

909 1644 969 1664 rnm
991 1636 1038 1664 Dei
1061 1643 1089 1664 et
1109 1637 1208 1672 quibus
1233 1638 1428 1673 pontiﬁcalium
1449 1639 1611 1666 thronorum
1627 1639 1701 1675 leges

63 1681 188 1712 ἐπόπτας
203 1680 252 1708 καὶ
267 1680 408 1716 διαιτητὰς
431 1681 539 1714 καθίζει
561 1682 611 1716 τῆς
627 1682 764 1718 πράξεως,
789 1683 860 1710 ἀλλά

62 1728 128 1760 τοὺς
155 1727 300 1763 ὑπηρέτας
330 1727 451 1763 Χριστοῦ
470 1728 518 1755 καὶ
544 1729 706 1764 οἰκονόμους
731 1729 788 1757 τῶν
811 1730 860 1757 τοῦ

63 1773 134 1801 Θεοῦ
152 1774 325 1809 μυστηρίων,
341 1775 388 1801 xui.
406 1772 448 1807 οἷς
463 1774 518 1801 τῶν
540 1775 743 1810 ἀρχιερατικῶν
757 1775 860 1811 θρόνων

64 1821 90 1847 οἰ
112 1820 193 1855 νόμοι
209 1819 475 1855 κατεπιστεύθησαν,
492 1819 557 1855 [772
573 1820 620 1857 IL]
635 1816 672 1847 ὧν
687 1821 704 1856 ἡ
725 1821 860 1857 λεγομένη

65 1867 119 1894 τῶν
133 1867 155 1893 Γ
156 1866 269 1894 αἰνιτῶν
287 1866 336 1892 καὶ
349 1866 533 1893 Θεοδοσιανῶν
546 1866 643 1898 ἓνωσις
655 1866 751 1893 οὐδένα
765 1867 861 1901 ἐγίνω-

67 1921 143 1940 σκεν.
158 1913 277 1939 Ἔπειτα
292 1912 322 1938 δὲ
345 1913 405 1938 τότε
419 1912 470 1944 τὰς
484 1912 641 1947 οἰκονομίας
653 1913 668 1940 ό
684 1913 764 1948 ὀρθὸς
783 1913 862 1948 λόγος

68 1959 304 1994 μεταχειρίζεται,
317 1958 361 1985 ὅτε
379 1957 412 1985 τὸ
437 1958 527 1994 δόγμα
543 1958 595 1994 τῆς
618 1959 761 1991 εὐσεϐείας
784 1959 862 1986 οὐδὲν

67 2004 298 2040 παραϐλάπτεται
308 2011 316 2018 ·
336 2003 442 2030 ἐκείνου
457 2004 513 2039 γὰρ
533 2004 674 2040 ἀκηράτου
691 2005 739 2031 καὶ
752 2006 863 2040 ἀκαπη-

67 2050 165 2077 λεὺτου
189 2050 329 2084 μένοντος,
347 2050 364 2086 ὴ
385 2049 530 2085 οἰκονομία
549 2050 614 2085 περί
637 2058 665 2076 τι
681 2050 737 2077 τῶν
759 2050 862 2084 ἔξωθεν

68 2096 152 2123 αὐτοῦ
175 2095 269 2131 χώραν
289 2095 413 2131 εὑρίσκει
425 2094 448 2111 ⁸⁵
465 2095 654 2123 συνίστασθαι.
677 2096 812 2128 Πολλάκις
831 2096 862 2123 δέ

69 2151 108 2173 τις
119 2142 169 2168 καὶ
178 2142 349 2177 πρόσκαιρος
360 2141 502 2177 οἰκονομία
511 2141 681 2177 προελήλυθε
690 2142 759 2177 πρὸς
773 2142 862 2178 βραχὺ

69 2189 163 2215 τιτῶν
187 2188 240 2215 οὐκ
258 2188 422 2222 ὀφειλόντων
440 2187 614 2223 ἀνασχομένη
634 2188 682 2214 καὶ
705 2188 826 2221 στέξασα
837 2187 863 2204 ⁵⁸

67 2235 115 2262 ἰπὶ
130 2234 172 2270 τῷ
186 2234 211 2249 δ”
228 2234 353 2269 διηνεκὲς
368 2234 419 2269 μὲν
435 2234 483 2260 καὶ
495 2234 646 2268 ἀκλόνητον
657 2234 706 2270 τὴν
719 2234 863 2261 εὐσέϐειαν

69 2280 220 2307 ἀπολαϐεῖν
244 2279 276 2306 τὸ
302 2279 422 2315 κράτος,
438 2280 592 2306 ὑπεκλῦσαι
610 2280 640 2306 δὲ
665 2281 713 2308 καὶ
739 2280 790 2312 τὰς
807 2280 862 2307 τῶν

910 1683 1096 1710 crediderunt.
1114 1683 1153 1710 De
1170 1682 1268 1718 quibus
1281 1683 1337 1718 jam
1352 1683 1423 1710 dicta
1437 1682 1553 1711 Cainitis
1565 1691 1597 1710 ac
1610 1682 1702 1710 Theo-

911 1729 1031 1757 dosianis
1045 1729 1136 1757 unitas
1153 1729 1289 1756 neminem
1307 1729 1426 1764 agnovit.
1440 1728 1513 1757 Sane
1525 1737 1558 1756 ex
1575 1734 1640 1757 tunc
1659 1730 1701 1757 di-

910 1778 985 1802 recta
1005 1774 1038 1801 de
1064 1773 1123 1808 ipsa
1153 1773 1344 1801 incarnatione
1363 1773 1452 1801 oratio
1479 1773 1633 1806 inchoatur,
1654 1774 1700 1802 ubi

907 1819 964 1854 jam
982 1821 1079 1854 dogma
1098 1820 1208 1854 pietatis
1233 1827 1288 1847 non
1305 1819 1424 1847 laeditur.
1447 1818 1495 1846 illo
1515 1820 1589 1847 enim
1609 1819 1702 1847 incor-

910 1870 992 1900 rupto
1002 1873 1035 1892 ac
1051 1865 1158 1893 sincero
1172 1857 1361 1900 permanente,
1374 1865 1529 1893 incarnatio
1545 1872 1599 1893 non
1612 1871 1703 1901 potest

911 1913 984 1940 circa
1001 1911 1103 1946 aliquid
1120 1915 1274 1945 externum,
1290 1911 1379 1939 eidem
1396 1912 1422 1938 in
1439 1919 1496 1946 quo
1514 1911 1593 1939 sistat
1607 1911 1698 1939 locum

912 1959 1042 1994 reperire.
1055 1958 1248 1993 Saepenumero
1262 1957 1336 1985 enim
1348 1957 1439 1992 aliqua
1452 1957 1616 1992 temporaria
1627 1964 1704 1985 teco-

912 2006 1004 2034 nomia
1026 2005 1060 2033 ad
1075 2005 1157 2032 breve
1175 2009 1281 2039 tempus
1304 2004 1404 2038 prodiit
1426 2003 1527 2038 aliquid
1550 2004 1702 2030 indebitum

913 2052 1033 2079 tolerans
1048 2055 1075 2078 et
1087 2050 1264 2084 amplectens,
1278 2053 1307 2076 ut
1328 2049 1488 2076 continuum
1511 2053 1539 2076 et
1560 2049 1704 2076 inconcus-

912 2105 972 2125 sum
996 2097 1080 2124 robur
1109 2095 1195 2130 pietas
1223 2095 1371 2130 acciperet,
1395 2099 1424 2122 et
1449 2094 1484 2121 ad
1515 2093 1706 2122 dissolvendos

912 2141 1011 2179 2441)
1034 2150 1128 2170 eorum
1146 2141 1193 2178 qui
1220 2141 1327 2169 veritati
1346 2141 1549 2169 insidiabantur
1570 2140 1702 2168 insultus:

913 2190 958 2224 qui
977 2188 1086 2223 quidem
1102 2194 1229 2222 magnam
1249 2186 1350 2214 illaturi
1368 2186 1518 2221 perniciem
1535 2186 1590 2214 lata
1604 2193 1704 2214 omnes

913 2235 957 2261 via
977 2239 1186 2270 prorumpentes
1201 2233 1277 2268 (dum
1307 2233 1416 2260 interim
1440 2232 1569 2260 Ecclesiae
1581 2236 1704 2259 rectores

914 2280 949 2308 de
978 2285 1106 2307 accurata
1132 2279 1248 2306 veritate
1275 2277 1343 2305 nihil
1374 2278 1521 2318 quidquam
1549 2277 1705 2310 remittunt)

71 2327 284 2363 σκευωρούντων
296 2326 368 2353 κατὰ
381 2327 432 2360 τῆς
451 2326 581 2362 ἀληθείας
600 2326 701 2361 ὁρμὰς,
719 2326 749 2354 αἶ
766 2326 861 2354 πολλαί

916 2332 973 2354 rem
988 2330 1071 2354 totam
1083 2325 1187 2360 absque
1202 2323 1388 2352 controversia
1400 2315 1563 2351 eiecerunt.
1575 2323 1621 2350 Sic
1635 2323 1705 2350 Pau-

72 2375 223 2410 φερόμεναι
237 2375 271 2410 τῇ
293 2373 368 2409 ῥύμῃ
384 2374 457 2409 μέγα
470 2374 493 2390 ⁸⁸
517 2382 544 2400 τι
572 2373 658 2401 κακὸν
678 2373 861 2410 ἐργάσασθαι,

74 2420 111 2456 μὴ
126 2419 198 2455 πρὸς
212 2419 302 2454 βραχύ
324 2427 352 2446 τι
369 2419 425 2446 τῶν
437 2419 487 2455 τὴν
505 2418 671 2455 Ἐκκλησίαν
686 2419 863 2455 οἰκονομοῦν-

72 2475 127 2494 sum
144 2465 353 2500 δπενδιδόντων,
368 2468 500 2502 παρεῖχον
511 2466 542 2494 τὸ
556 2466 753 2502 ἀναμφίϐολον.
768 2467 864 2500 Οὕτως

109 2524 117 2540 ¹
128 2522 202 2550 Ριςοι.
220 2529 296 2555 xxvi.
311 2521 339 2550 1.
376 2522 388 2538 ³
402 2522 486 2550 Eccli.
503 2523 613 2554 11.1.15.

915 2371 957 2399 lus
973 2377 1083 2406 propter
1096 2369 1266 2398 inevitabiles
1281 2368 1436 2396 Iudaeorum
1463 2369 1576 2396 insidias
1600 2373 1628 2396 et
1642 2377 1707 2403 pro-

915 2424 978 2454 pter
993 2418 1153 2446 del‘ectiouis
1166 2418 1326 2445 occasiones
1334 2416 1507 2444 Timotheum
1522 2416 1706 2447 circumcidit.

915 2465 1055 2494 Toudetur
1069 2469 1097 2492 et
1111 2464 1169 2499 ipse
1184 2467 1276 2499 caput.
1294 2468 1322 2491 et
1340 2462 1509 2499 puriﬁcatur,
1525 2463 1573 2498 qui
1594 2463 1629 2490 ad
1651 2462 1707 2491 Ga<

713 2577 831 2606 VARIE
852 2575 1054 2606 LECTlONES.

109 2616 133 2643 ’δ
149 2626 219 2661 πρὸς
231 2626 325 2660 ὀλίγον
338 2633 410 2653 corr.
423 2626 447 2653 Α
463 2635 471 2653 :
488 2625 541 2661 πρὸ
559 2625 661 2662 ὀλίγων
677 2635 707 2658 ς.
742 2626 769 2662 (⁵ο
784 2625 952 2662 οἰκονομίαν]
966 2625 1002 2653 ci.
1016 2625 1088 2662 Elias
1104 2622 1223 2662 Veielius
1238 2621 1277 2662 Vde
1291 2621 1374 2662 variis
1388 2621 1547 2662 reponenda;
1559 2627 1644 2662 sacra:
1661 2628 1709 2662 go-

75 2659 196 2700 neribua.
226 2662 255 2700 ff
395 2659 532 2700 cornua}
548 2659 663 2700 στεουδαξι
679 2670 710 2700 ςτ
740 2661 762 2700 δέ
781 2659 914 2700 εὑρίσκει]
933 2659 983 2700 ᾀὺχ
996 2659 1119 2696 εὑρίσκει
1139 2665 1168 2686 rc
1180 2659 1204 2685 Α
1217 2661 1246 2685 et
1259 2666 1290 2690 ς.

1336 2657 1360 2673 ⁸³
1375 2657 1422 2684 καὶ
1435 2656 1552 2689 στέξασα
1567 2656 1590 2682 A
1605 2663 1612 2682 :
1630 2656 1709 2690 στέρ-

74 2697 143 2730 ξασα
155 2706 186 2730 ς.
224 2697 249 2713 ⁸⁸
259 2696 298 2732 τῷ
311 2696 432 2731 Scaliger
447 2705 455 2724 :
473 2697 533 2724 libri
553 2696 595 2724 τό.
635 2697 658 2713 ⁸⁵
675 2695 758 2733 μέγα]
778 2697 826 2724 καὶ
841 2695 914 2731 μέγα
929 2697 963 2723 Δ.

818 2741 935 2770 NOTAE.

110 2788 166 2831 (£6)
183 2788 401 2817 locat-nationem
410 2796 449 2817 ac.
462 2789 513 2816 hoc
527 2788 597 2822 loco,
608 2788 804 2816 incarnationis
817 2796 865 2815 ex-

76 2829 252 2861 νοσειέωιειη·

112 2859 168 2891 (67)
181 2859 268 2892 Quam
281 2858 354 2887 novit
367 2866 427 2887 esse
437 2858 521 2887 divini
530 2857 610 2887 Verbi
622 2858 865 2894 dispensationem,

920 2795 972 2822 qua
989 2795 1042 2814 una
1060 2793 1127 2814 voce
1152 2785 1392 2822 comprehenditur
1406 2782 1530 2822 ejusdem
1546 2782 1630 2822 V_e_rbi_
1647 2789 1709 2822 pcr-

920 2817 1021 2850 sonalis
1043 2822 1138 2849 missio
1158 2828 1206 2848 seu
1214 2817 1385 2850 'incarnatio.
1402 2817 1430 2848 ct
1445 2817 1603 2848 doctriualis
1624 2817 1709 2851 ipsius

920 2857 1074 2887 distributio
1086 2859 1169 2891 atque
1183 2853 1396 2884 administratio.
