1920 3090
204 153 258 185 955

783 152 916 183 ΡΗΟΤιΙ
930 151 1186 182 PATRIARCH/E
1202 151 1258 182 (ΣΡ.

1789 148 1847 181 956

204 206 273 234 latas
291 205 433 234 scribens:
446 204 514 232 Ecce
525 213 571 240 ego
585 204 687 232 Paulus
703 205 762 232 dico
778 206 991 239 vobis,quoniam

1092 205 1198 236 Παῦλος
1212 203 1256 231 διὰ
1281 203 1330 236 τὰς
1356 203 1410 230 τῶν
1435 202 1569 230 Ἰουδαίων
1585 202 1757 234 ἀκαθέκτους
1781 202 1848 229 ἑπι-

203 253 227 278 si
248 252 484 284 circumridamini,
507 251 628 279 Christus
655 252 725 279 vobis
754 253 819 279 nihil
843 253 959 286 proderit
973 257 998 278 τι.

205 296 260 323 Sed
293 296 363 324 hanc
390 297 597 331 prmceptionem
628 297 662 324 ad
687 299 770 324 breve
805 301 911 331 tempus
934 304 1000 324 con.

206 341 310 374 stituit,
326 341 554 376 quemadmodum
568 347 595 369 et
605 343 820 376 experimentum
839 342 929 370 docet.
947 342 1000 370 Per

206 387 297 414 Olllnia
314 387 388 414 enim
413 392 440 414 et
466 392 598 422 perpetuo
617 388 738 415 Ecclesia
754 388 902 416 seditiones
916 387 993 421 vitat,

206 441 235 463 et
251 436 436 470 integritatem
452 441 542 464 curat.

1054 251 1152 283 ϐουλὰς
1177 251 1224 277 καὶ
1253 250 1302 282 τὰς
1326 250 1394 285 πρὸς
1425 250 1476 285 τὴν
1499 249 1669 276 ἀποστασίαν
1694 249 1850 284 προφάσεις

1053 297 1215 332 περιτέμνει
1232 297 1281 331 μὲν
1296 296 1341 322 τὸν
1353 296 1495 332 Τιμόθεον,
1511 295 1626 331 Ευρᾶται
1650 295 1679 322 δὲ
1703 295 1751 325 καὶ
1764 295 1851 325 αὐτὸς

1054 341 1105 377 τὴν
1126 340 1248 376 κεφαλὴν
1268 341 1315 368 καὶ
1339 341 1491 375 ἁγνίζεται,
1511 341 1525 367 ὁ
1541 341 1610 377 πρὸς
1638 340 1761 371 Γαλάτας
1775 339 1849 375 γρά-

1049 395 1117 420 φων·
1144 386 1206 413 Ἴδε
1223 387 1282 421 ἐγὼ
1302 386 1425 420 Παῦλος
1443 386 1520 422 λέγω
1537 387 1611 422 ὑμῖν
1629 386 1684 418 ὅτι,
1702 385 1741 413 ἃν
1755 393 1842 419 περι-

1046 435 1208 470 τέμνησθε,
1221 435 1350 469 Χριστὸς
1367 434 1446 469 ὑμᾶς
1463 434 1555 462 οὐδὲν
1570 434 1733 469 ὠφελήσει.
1755 433 1840 460 Ἀλλὰ

207 484 308 520 ταύτην
323 484 372 519 μὲν
391 484 442 520 τὴν
458 484 615 519 οἰκονομίαν
642 483 744 520 βραχύς
777 493 820 516 τις
841 485 937 520 χρόνος
977 483 1132 516 ἐπίσταται,
1170 483 1243 510 καθὰ
1253 482 1277 498 ⁸⁸
1308 482 1371 518 [402
1395 481 1440 518 IL]
1456 482 1576 509 διδάσκει
1594 481 1643 508 καὶ
1665 481 1695 508 τὸ
1713 480 1849 515 παράδει-

208 539 284 565 γμα·
310 530 354 557 διὰ
374 531 476 562 παντὸς
501 531 531 556 δὲ
547 531 594 557 καὶ
612 531 700 558 εἰσαεὶ
718 532 735 566 ή
757 531 907 566 Ἐκκλησία
927 530 957 557 τὸ
980 530 1164 557 ἀστασίαστον
1182 528 1331 564 μεθοδεύει,
1346 528 1394 555 καὶ
1409 528 1566 563 ὁλόκληρον.

245 579 338 605 Altera
355 585 420 604 vero
436 577 642 611 gubernationis
665 577 755 604 l'orma
772 577 799 604 in
815 577 907 604 verbis
928 577 1003 611 capit

210 623 377 649 ﬁrmitatem.
388 622 501 656 Quando
510 623 581 650 enim
598 622 726 650 Ecclesiae
746 622 917 658 dogmatibus
930 627 1002 649 recte

211 668 302 700 laetis,
324 673 352 696 et
371 676 419 702 per
436 668 505 696 alias
523 676 604 696 voces
623 669 742 696 scandali
766 668 923 704 expertibus
940 675 1002 703 pro-

211 714 356 749 mulgatas.
372 714 480 741 tametsi
504 722 555 742 non
579 714 646 742 bene
669 714 734 742 dicti
757 715 824 742 liunt
842 719 1001 749 praetextas,

211 760 294 787 taceri
315 760 372 787 haec
387 761 530 794 contingit.
547 761 597 793 Qui
615 768 680 788 vero
693 768 833 793 sermones
854 769 919 788 suos
943 761 1000 788 dis-

211 807 288 840 ponit
306 806 331 832 in
344 805 449 841 judicio
464 811 491 832 et
508 806 628 839 silentio,
639 814 736 834 sonum
750 807 871 841 priorum
887 807 1002 842 dogma—

211 856 268 878 tum
282 859 332 887 per
341 859 448 889 onmem
466 857 566 879 terram
582 853 671 880 audiri
685 853 761 880 facit.
773 852 897 886 Qualiter
907 853 1004 881 fecisse

212 905 339 932 magnum
351 897 527 925 Athanasium
539 898 687 933 Gregorius
699 904 879 933 cognomento
890 899 1004 926 Theolo-

210 950 261 978 gus
273 947 403 970 testatur:
417 942 574 977 Postquam,
584 944 681 978 inquit,
693 944 879 971 consentientes
892 944 999 976 reperit,

209 994 235 1015 et
248 988 322 1015 verba
334 987 400 1014 nihil
412 989 589 1023 discrepantes
600 996 610 1015 ε
621 990 728 1016 nomine
741 990 817 1016 rebus
831 990 1002 1016 commisceri:
1016 1006 1040 1036 Β

211 1034 328 1070 colligat.
345 1033 379 1061 Et
389 1035 512 1062 oratione
527 1035 554 1062 in
567 1035 738 1067 Pentecoste,
753 1035 910 1070 Magistrum
924 1043 1002 1062 eiim-

212 1080 273 1107 dem
302 1079 396 1107 videas
422 1082 509 1115 ipsum
537 1081 708 1115 gubernandi
734 1080 849 1108 formam
873 1082 1001 1108 vincere:

212 1125 264 1153 Sed
281 1125 399 1161 syllabis,
415 1126 512 1161 inquit,
535 1127 701 1161 o/fendimini
718 1149 724 1160 ,
741 1133 764 1154 et
779 1135 840 1154 uoce
852 1136 861 1158 ;
874 1127 935 1154 dale
949 1128 1002 1154 vim

211 1170 369 1204 divinitatis,
381 1177 405 1199 et
418 1171 539 1199 dabimus
552 1173 623 1200 vobis
637 1174 739 1200 veniam
750 1174 830 1200 vocis.

1087 575 1124 602 Τὸ
1141 575 1169 601 δὲ
1184 575 1280 611 ἕτερον
1293 572 1362 607 εἶδος
1381 575 1431 610 τῆς
1442 574 1601 609 οἰκονομίας
1613 574 1677 609 περὶ
1696 573 1747 604 τὰς
1757 573 1850 605 λέξεις

1050 621 1187 656 λαμϐάνει
1200 621 1249 656 τὴν
1269 620 1412 647 σύστασιν.
1429 620 1493 646 Ὅτε
1509 620 1573 654 γὰρ,
1588 619 1643 646 τῶν
1658 619 1708 654 τῆς
1729 619 1850 653 Ἐκκλη-

1051 668 1113 699 σίας
1125 667 1270 702 δογμάτων
1288 666 1375 702 ὀρθῶς
1391 666 1508 701 ἑχόντων
1528 665 1575 692 καὶ
1586 665 1620 692 δι’
1633 665 1734 701 ἑτέρων
1747 665 1851 699 φωνῶν

1051 712 1327 747 ἁνακηρυττομένων,
1352 711 1463 746 ῥήματά
1477 719 1538 737 τινα
1558 712 1615 743 τοῖς
1637 711 1851 747 ἁκεραιοτέροις

1055 759 1207 786 σκανδάλου
1235 758 1287 785 κᾶν
1317 758 1367 784 οὺκ
1394 756 1502 791 εὕλογοι
1532 757 1661 792 γίνωνται
1685 758 1852 792 προφάσεις,

1054 804 1267 832 ἀποσιωπᾶσοαι
1293 803 1505 838 συγκαταϐαίνει
1528 803 1626 831 ταῦτα.
1649 803 1679 830 '0
1693 803 1722 830 δὲ
1737 804 1758 819 ⁵⁷
1784 804 1852 834 τοὺς

1055 851 1153 885 λόγους
1173 850 1256 877 αὐτοῦ
1279 849 1431 884 οἰκονομῶν
1451 850 1481 875 ὲν
1502 849 1591 885 κρίσει
1607 849 1656 876 καὶ
1679 850 1781 884 σιωπῇ,
1794 849 1854 876 τῶν

1057 896 1178 924 εὐσεϐῶν
1195 896 1340 930 δογμάτων
1356 896 1403 922 τὸν
1424 895 1543 930 φθόγγον
1568 896 1609 927 εἰς
1627 896 1719 922 πᾶσαν
1740 895 1791 931 τὴν
1811 896 1854 922 ob

1057 939 1195 978 κουμένην
1223 941 1427 978 περιηχηθῆναι
1454 941 1766 977 κατα-πραγματεύεται.
1798 938 1854 967 Οἷα

1055 988 1088 1023 δὴ
1097 988 1120 1004 ⁸⁸
1136 988 1241 1015 καὶτὸν
1255 988 1341 1023 μέγαν
1357 987 1516 1015 Ἀθανάσιον
1530 988 1544 1014 6
1559 987 1684 1021 θεολόγος
1698 988 1855 1023 Γρηγόριος

1056 1033 1228 1068 πεποιηκότα
1244 1033 1442 1060 ἐπιδείκνυσιν·
1464 1032 1585 1066 Ἐπειδὴ
1600 1033 1666 1067 γὰρ,
1686 1033 1855 1067 φησὶ,συμ-

1056 1080 1243 1115 φρονοῦντας
1258 1077 1327 1113 εὗρε
1347 1079 1398 1106 καὶ
1413 1079 1504 1106 οὐδὲν
1517 1078 1679 1110 διεστῶτας
1701 1077 1778 1104 κατὰ
1798 1078 1856 1104 τὸν

1055 1128 1164 1161 λόγον,
1197 1127 1234 1154 τὰ
1263 1127 1395 1161 ὀνόματα
1419 1126 1626 1161 συγχωρήσας
1654 1124 1763 1152 συνδεῖ
1789 1124 1856 1157 τοῖς

1055 1172 1217 1207 πράγμασι.
1237 1172 1292 1199 Καὶ
1311 1172 1341 1198 ὲν
1356 1173 1390 1207 τῇ
1408 1172 1584 1206 Πεντηκοστῇ
1597 1171 1626 1197 δὲ
1650 1170 1730 1197 πάλιν
1745 1170 1792 1196 τὸν
1807 1171 1856 1196 αὺ-

212 1219 259 1246 τὸν
279 1220 439 1247 διδάσκαλον
464 1220 530 1252 ίδοις
554 1222 588 1248 ἂν
607 1222 656 1257 τῆς
680 1222 767 1256 αὐτῆς
790 1220 948 1256 οἰκονομίας
988 1220 1019 1247 τὸ
1037 1218 1107 1252 εἶδος
1130 1220 1298 1255 κρατύνονται
1308 1219 1347 1236 ’⁵⁸-
1374 1219 1462 1246 Ὰλλὰ
1487 1219 1552 1252 ταῖς
1572 1218 1752 1251 συλλαϐαῖς,
1773 1220 1855 1253 φησὶ,

212 1268 438 1302 δυσχεραίνετε,
461 1267 511 1294 καί
536 1269 736 1301 amount-alere
758 1268 796 1301 τῇ
819 1267 915 1302 φωνῇ.
936 1267 1008 1294 Δότε
1025 1266 1084 1301 τὴν
1111 1266 1240 1301 δύναμιν
1255 1266 1312 1301 τῆς
1335 1267 1495 1299 θεότητος,
1532 1266 1581 1293 καὶ
1618 1265 1754 1300 δώσομεν
1781 1264 1857 1300 ὑμῖν

212 1313 269 1348 τῆς
285 1313 388 1348 φωνῆς
405 1314 462 1347 τὴν
477 1314 684 1349 συγχώρησιν.

249 1361 281 1389 Ει
296 1362 404 1389 tertiam
425 1361 462 1389 ait
478 1369 539 1389 esse
561 1362 730 1396 gubernandi
753 1363 881 1394 fortnam,
896 1363 1006 1396 quando

212 1415 286 1443 saepe
306 1415 431 1442 persona:
452 1407 616 1441 despiciunt,
642 1408 841 1443 promulgatum
865 1408 1004 1435 decretum

214 1458 339 1481 accurate
359 1457 454 1480 contra
481 1452 542 1480 illos
576 1453 801 1487 pronuntiatum,
825 1452 1005 1480 nihilominus

215 1503 291 1526 recta
318 1498 482 1533 praevalente
501 1498 634 1525 doctrina.
659 1498 814 1525 Secundum
840 1506 933 1533 quam,
955 1498 1004 1531 ait,

213 1544 393 1571 oeconomiam
411 1543 580 1579 Theophilus
598 1552 660 1572 cum
677 1544 787 1572 Gelasio
808 1544 1003 1577 communicat,

214 1590 241 1618 in
257 1590 354 1618 tabulis
369 1591 485 1618 habente
508 1590 639 1626 scriptum
657 1589 800 1618 Eusebium
819 1589 1004 1617 Palzestinum.

213 1636 332 1671 Cyrillus
347 1643 412 1663 vero
426 1644 440 1663 a
455 1635 594 1664 Theodori
612 1636 784 1670 Mopsuestia:
807 1636 942 1670 episcopi,
956 1643 1004 1670 per

1096 1359 1153 1386 Καὶ
1168 1358 1261 1394 τρίτον
1280 1357 1309 1384 δέ
1323 1365 1390 1392 φησι
1410 1357 1511 1392 τρόπον
1526 1356 1694 1392 οἰκονομίας,
1711 1357 1756 1383 ὅτε
1778 1365 1855 1391 παρ-

1058 1406 1177 1441 ορῶνται
1201 1404 1335 1439 πρόσωπα
1358 1402 1490 1434 πολλάκις
1510 1403 1681 1438 ὲκκήρυκτον
1696 1402 1788 1438 ψῆφον
1801 1403 1857 1438 τῆς

1060 1449 1205 1486 ἀκριϐείας
1216 1449 1278 1476 κατ’
1289 1448 1380 1476 αὐτῶν
1391 1448 1644 1483 ἀνακηρυττούσης,
1653 1448 1730 1475 οὐδὲν
1742 1449 1858 1476 ἔλαττον

1058 1497 1114 1524 τῶν
1128 1496 1217 1532 ὀρθῶν
1229 1493 1440 1531 κρατυνομένων
1453 1494 1607 1529 δογμάτων.
1616 1493 1685 1521 Καθ’
1699 1495 1743 1529 ἢν,
1756 1495 1856 1529 φησὶν,

1060 1541 1219 1577 οἰκονομίαν
1234 1540 1365 1575 Θεόφιλος
1383 1540 1433 1575 μὲν
1449 1540 1487 1574 τῷ
1502 1539 1622 1575 Γελασίῳ
1640 1540 1791 1571 ἐκοινώνει,
1805 1542 1858 1575 ὲγ-

1059 1588 1256 1624 γεγραμμένον
1270 1586 1359 1621 ἔχοντι
1372 1587 1429 1617 τοῖς
1443 1586 1527 1621 ἰεροῖς
1539 1585 1679 1621 διπτύχοις
1691 1586 1737 1613 τδν
1750 1587 1859 1615 Παλαι-

1060 1636 1150 1661 στῖνον
1167 1634 1190 1650 ⁵⁸
1218 1632 1367 1665 Εὑσέϐιον,
1391 1633 1526 1668 Κύριλλος
1540 1632 1568 1659 δὲ
1591 1633 1639 1659 τοῦ
1663 1633 1859 1668 Μοψουεστίας

213 1682 354 1710 Orientem
370 1683 465 1710 eodem
477 1683 559 1710 modo
573 1684 670 1710 itermn
683 1683 856 1710 anathemate
868 1683 1001 1717 percussi,

1071 1680 1209 1716 ίεοδὼρου,
1225 1680 1299 1707 κατὰ
1314 1679 1364 1715 τὴν
1382 1679 1453 1715 ἑῴαν
1479 1679 1611 1711 ὡσαύτως
1627 1682 1858 1716 ἀνακηρυττομέ-

213 1729 406 1756 communione
425 1736 479 1756 non
495 1729 637 1756 abstinuit.
663 1729 777 1756 Videbat
796 1729 868 1755 enim
883 1728 1002 1756 sinceris

214 1773 387 1808 dogmatibus
402 1774 504 1801 servari
530 1775 682 1808 praecipuos
705 1773 845 1808 religionis
861 1773 1002 1801 articulos.

213 1821 254 1847 Ad
266 1819 330 1847 illud
344 1820 417 1847 enim
434 1827 519 1854 usque
532 1824 639 1853 tempus
653 1827 719 1847 sana
737 1820 859 1847 doctrina
873 1819 1002 1850 obtinuit.

214 1873 302 1901 neque
316 1865 449 1894 hactenus
460 1866 597 1901 quidpiam
610 1866 740 1894 Ecclesiae
752 1867 910 1902 dogmatum
926 1866 1005 1893 inno-

213 1917 319 1939 vatum.

245 1956 349 1993 ,245η
375 1957 442 1986 Tres
467 1957 549 1993 igitur
571 1958 598 1985 in
617 1964 710 1993 partes
733 1959 914 1986 (nconomiam
933 1958 1004 1986 divi-

213 2002 292 2035 dens,
307 2007 335 2030 et
348 2003 496 2031 secundum
511 2004 610 2031 nullam
628 2004 880 2032 Theodosianorum
898 2010 926 2032 et
941 2004 1006 2032 Cai-

213 2048 332 2077 nitarum
350 2050 480 2078 unitatem
491 2052 638 2085 procedere
653 2051 855 2084 demonstrans,
872 2052 898 2078 in
914 2051 1005 2086 prodi-

214 2093 315 2121 tionem
331 2095 487 2127 conclusos,
496 2095 616 2131 singulas
624 2101 719 2131 partes
732 2096 849 2131 proprize
861 2096 1001 2131 religionis

215 2139 366 2172 constituit,
389 2144 417 2167 et
433 2140 528 2168 nullibi
546 2141 665 2175 stetisse,
683 2142 731 2169 sed
750 2141 893 2174 confusos,
909 2149 1004 2170 rursus

215 2183 251 2211 ab
264 2184 380 2212 invicem
394 2185 514 2214 divulsos
528 2193 599 2220 esse,
618 2192 647 2214 et
668 2192 789 2214 mutuum
805 2188 924 2222 gessisse
946 2187 1004 2213 bel-

215 2228 281 2256 lum.
299 2229 362 2258 Haec
369 2234 397 2258 et
407 2231 448 2258 his
463 2231 563 2259 similia
577 2233 792 2268 reprehendens,
803 2232 1003 2267 Acephalorum

214 2283 296 2310 quam
315 2276 408 2304 dicunt
426 2277 557 2305 unitatem
572 2278 707 2311 referens,
723 2285 772 2314 per
794 2278 847 2305 alia
866 2278 948 2305 nitilta
963 2278 1004 2304 di-

216 2320 305 2348 lucide
319 2322 447 2350 ostendit.
462 2322 569 2350 Nullum
588 2323 622 2351 ab
640 2324 673 2351 iis
700 2323 895 2352 incarnationis
920 2323 1003 2351 vesti-

216 2367 289 2401 gium
308 2367 442 2404 relictum.
464 2369 511 2397 sed
528 2370 669 2397 manifesta
694 2370 814 2405 proditio
837 2374 865 2397 et
886 2370 1004 2404 negatio,

215 2420 266 2448 pro
277 2412 375 2447 quibus
385 2413 483 2441 millies
493 2422 523 2442 se
533 2420 648 2442 mortem
657 2421 785 2451 oppetere
796 2416 863 2443 velle
871 2415 1002 2450 jactabat.

215 2456 263 2484 Sic
277 2456 334 2485 fere
347 2458 380 2487 de
398 2459 541 2494 Acephalis
555 2460 607 2489 hoc
621 2462 680 2496 ipso
694 2461 786 2489 libello
801 2466 960 2496 pertractat.

249 2546 446 2583 Complectitur
456 2553 546 2577 autem
575 2558 642 2586 opus
656 2551 802 2585 epistolam
815 2558 924 2587 quoque
936 2552 1005 2580 scri-

214 2599 289 2628 ptam
315 2593 451 2629 Eutychio
475 2595 681 2630 archiepiscopo
693 2596 1003 2633 Constantinopolitano,

215 2646 297 2673 quam
320 2639 470 2674 etiamnum
496 2642 638 2677 presbyter
659 2642 782 2677 scripsit,
809 2642 1002 2671 certitudinem

215 2684 402 2713 continentem
423 2686 533 2720 pietatis
549 2692 577 2715 et
595 2687 656 2714 ﬁdei
673 2688 831 2716 orthodoxa:
854 2694 886 2715 ac
910 2688 1005 2716 catho-

214 2729 287 2758 licae.

247 2791 262 2812 ιι
274 2787 363 2815 Galat.
378 2796 405 2822 v,
421 2788 450 2816 2.

1058 1735 1117 1760 νου,
1133 1727 1184 1761 τῆς
1197 1725 1342 1757 κοινωνίας
1355 1725 1406 1752 οὐκ
1424 1725 1557 1760 ἀφίστατο
1567 1733 1574 1741 ⁸
1589 1725 1663 1760 ἐώρα
1679 1727 1734 1762 γὰρ
1746 1727 1859 1762 ἀκηρά-

1057 1780 1114 1804 τοις
1137 1771 1281 1806 σωζόμενα
1309 1771 1427 1806 δόγμασι
1443 1772 1478 1798 τά
1499 1772 1548 1806 τῆς
1570 1771 1712 1803 εὐσεϐείας
1737 1772 1857 1807 καιριώ-

1056 1827 1126 1845 τατα
1135 1818 1169 1844 ³³.
1187 1818 1277 1853 Μέχρι
1294 1817 1349 1854 γὰρ
1362 1816 1459 1844 τούτου
1474 1817 1508 1844 τὰ
1518 1817 1569 1852 τῆς
1581 1818 1739 1852 οἰκονομίας
1750 1819 1764 1843 ὁ
1775 1818 1859 1853 ὀρθὸς

1055 1864 1139 1898 λόγος
1160 1865 1297 1900 ἀνέχεται,
1315 1864 1412 1899 μέχρις
1428 1863 1461 1890 ἂν
1474 1863 1551 1890 οὐδὲν
1580 1865 1782 1899 καινοτομεῖται
1800 1864 1859 1890 τῶν

1055 1910 1107 1946 τῆς
1127 1909 1293 1945 Ἐκκλησίας
1309 1909 1463 1945 δογμάτων.

1091 1956 1178 1991 Τριχῆ
1189 1956 1279 1982 τοίνυν
1290 1955 1338 1991 τὴν
1349 1955 1506 1990 οἰκονομίαν
1518 1954 1625 1987 διελὼν,
1640 1955 1687 1982 καὶ
1701 1955 1764 1981 κατ’
1778 1955 1860 1981 οὐδε-

1057 2001 1122 2037 μίαν
1134 2001 1225 2028 αὐτῶν
1237 2001 1287 2037 τὴν
1297 2001 1351 2028 τῶν
1364 2001 1547 2028 Θεοδοσιανῶν
1559 2002 1606 2028 καὶ
1616 2001 1746 2028 Γαῖνιτῶν
1758 2001 1861 2035 προελ-

1056 2048 1112 2075 θεῖν
1121 2047 1325 2082 ἐπιδειξάμενος
1337 2046 1444 2080 ἒνωσιν,
1455 2048 1495 2078 εἰς
1505 2047 1651 2083 προδοσίαν
1661 2046 1859 2081 συγκλεισθέν-

1055 2103 1104 2126 τας
1114 2093 1244 2129 ἑκάτερον
1257 2093 1341 2128 μέρος
1351 2093 1401 2128 τῆς
1411 2093 1514 2123 οἰκείας
1525 2092 1674 2128 θρησκείας
1685 2092 1859 2127 παρέστησε,

1055 2140 1103 2167 καὶ
1125 2139 1223 2174 στῆναι
1246 2139 1297 2174 μὲν
1313 2139 1433 2174 οὐδαμοῦ
1446 2159 1453 2172 ,
1476 2139 1543 2165 ἀλλὰ
1565 2138 1751 2173 συγχυθέντας
1772 2139 1860 2165 πάλιν

1055 2186 1102 2212 ἀπ’
1124 2185 1248 2221 ἀλλήλων
1266 2185 1449 2221 διαρραγῆναι
1474 2185 1520 2212 καὶ
1541 2185 1602 2211 κατ’
1619 2184 1743 2220 ἀλλήλων
1760 2185 1859 2219 φέρειν

1054 2231 1102 2258 τὸν
1117 2231 1247 2266 πόλεμον.
1273 2231 1366 2258 Ταῦτα
1382 2231 1430 2257 καὶ
1444 2231 1557 2264 τοιαῦτα
1573 2231 1665 2266 ἕτερα,
1686 2231 1858 2264 στηλιτεύων

1055 2277 1105 2313 τὴν
1117 2277 1172 2303 τῶν
1187 2277 1344 2312 Ἀκεφάλων
1356 2276 1624 2312 λεγομένην,ἓνωσιν,
1642 2276 1798 2310 διεξελθὼν,
1813 2277 1860 2304 διὰ

1017 2344 1044 2374 D
1058 2323 1189 2350 πλειόνων
1214 2322 1303 2350 ἄλλων
1326 2322 1452 2359 ἐναργῶς
1478 2322 1635 2356 ἐπεδείξατο
1656 2322 1722 2359 [775
1746 2322 1794 2358 8.!
1819 2324 1859 2355 ὡς

1057 2369 1133 2396 οὐδὲν
1150 2369 1244 2401 αὐτοῖς
1260 2369 1333 2404 ίχνος
1348 2369 1506 2404 οἰκονομίας
1530 2368 1736 2404 διαπέπρακται
1748 2389 1756 2402 ,
1789 2369 1860 2396 ἀλλὰ

1058 2416 1148 2451 σαφὴς
1161 2415 1293 2452 προδοσία
1302 2415 1347 2442 καὶ
1355 2415 1510 2450 ὲξάρνησις,
1522 2415 1593 2450 ὑπὲρ
1612 2411 1650 2442 ὧν
1658 2415 1794 2451 πρότερον
1810 2425 1860 2450 μυ-

1057 2462 1150 2498 ριάκις
1162 2461 1288 2488 ὑπελθεῖν
1302 2461 1347 2488 τὸν
1359 2461 1473 2488 θάνατον
1485 2461 1654 2488 διετείνοντο.
1667 2460 1747 2488 Οὕτω
1763 2462 1815 2496 μὲν
1825 2463 1860 2488 τὰ

1058 2507 1122 2542 περὶ
1135 2507 1190 2534 τῶν
1207 2507 1364 2542 ’Δκεφάλων
1373 2507 1403 2533 ἐν
1414 2507 1453 2542 τῷ
1462 2506 1617 2542 βιϐλιδαρίῳ
1632 2506 1719 2542 τούτῳ
1736 2506 1858 2539 διέξεισι.

1093 2554 1219 2589 Περιείχε
1242 2553 1271 2580 δὲ
1291 2553 1322 2580 τὺ
1345 2553 1441 2588 τεῦχος
1463 2553 1511 2579 καὶ
1530 2551 1676 2588 ἐπιστολὴν
1702 2552 1787 2579 αὐτοῦ
1812 2561 1859 2587 γε-

1057 2600 1222 2636 γραμμένην
1244 2599 1368 2635 Εὑτυχίῳ
1387 2599 1425 2635 τῷ
1447 2599 1657 2636 ἀρχιεπισκόπῳ
1680 2599 1859 2625 Koma-cmm-

1059 2646 1227 2679 νουπόλεως,
1249 2646 1283 2681 ἣν
1304 2645 1424 2682 ἔγραψεν
1440 2646 1469 2673 ὲν
1488 2646 1683 2681 πρεσϐυτέροις
1702 2644 1741 2671 ἔτι
1761 2644 1860 2675 τελῶν,

1061 2691 1249 2728 πληροφορίαν
1268 2692 1451 2728 περιέχουσαν
1473 2692 1523 2726 τῆς
1542 2691 1683 2727 ὀρθοδόξου
1706 2691 1756 2718 καὶ
1777 2690 1858 2717 καθο-

1062 2736 1141 2772 λικῆς
1157 2737 1299 2769 εὐσεϐείας
1318 2739 1366 2765 καὶ
1378 2737 1507 2769 πίστεως.

874 2839 988 2867 VARI/[5
1009 2839 1209 2869 LECTIONES.

254 2880 277 2897 “
294 2882 361 2909 καθὸ
374 2891 403 2914 ς.
449 2883 470 2900 "
488 2883 515 2911 δὲ
531 2892 584 2912 oui.
596 2884 627 2912 Δ.
666 2885 688 2902 ’⁵⁸
703 2884 734 2921 δὴ
747 2886 768 2913 Δ
789 2894 796 2913 :
815 2887 885 2923 δὶς-ι
925 2887 947 2904 δ’
963 2888 1128 2923 κρατύνοντα
1143 2888 1173 2916 τὺ
1195 2889 1263 2921 εἶδος
1273 2898 1304 2922 ς.
1343 2890 1365 2907 ⁸¹⁵
1383 2890 1532 2918 Παλατῖνον
1547 2899 1576 2924 ς.
1617 2891 1637 2907 ¹¹
1651 2891 1808 2927 κυριώτατα
1821 2901 1851 2925 ς,
