1920 3090
69 161 112 194 957

408 224 496 251 ΣΚΗ¹.

69 268 223 304 Ἐφραιμίου
247 269 431 305 πατριάρχοδυ
452 273 645 306 Θεουπόλεως
685 273 764 310 Ιόγοι
782 274 854 302 διά-’

394 315 492 340 φοροι.

101 348 260 386 ’Δνεγνώσθη
287 351 336 378 τοῦ
365 352 395 379 ἐν
421 352 510 387 ἁγίοις
534 353 713 391 Ἐφραιμίου,
745 365 843 390 πατρι-

66 394 139 428 άρχης
156 393 183 421 δὲ
205 391 285 428 οὗτος
311 396 485 430 Θεουπόλεως
507 396 552 434 ἦν,
570 400 660 434 Λόγοι
689 399 842 435 διάφοροι·

67 439 139 475 Σύρος
155 440 202 474 μὲν
217 441 342 476 γεγονὼς
362 444 411 470 καὶ
431 445 523 479 φωνῆς
541 445 589 472 καὶ
609 445 715 479 γενεᾶς,
731 446 844 472 παιδευ-

66 485 112 516 θεὶς
132 485 191 522 [403
215 486 264 523 H.]
290 487 319 514 δὲ
353 489 400 515 καὶ
424 489 476 525 τὴν
499 490 618 526 Ἕλληνα
642 491 768 525 γλῶσσαν
793 492 844 519 οὐκ

65 530 175 564 ἀγεννῶς,
197 531 269 559 ἀλλὰ
294 534 342 560 καὶ
362 534 507 567 πολιτικὰς
529 537 579 563 οὐκ
599 537 691 571 ὀλίγας
714 545 842 572 μεταχει-

66 578 191 612 ρισάμενος
203 578 303 614 ἀρχὰς,
321 576 358 607 ὧν
378 580 428 616 τὴν
449 581 621 613 τελευταίαν.
647 583 737 618 κόμης
757 584 842 619 ἀναῤ-

66 621 141 657 ῥηθεὶς
159 623 209 658 τῆς
223 623 372 660 ἀνατολῆς,
392 625 498 653 ἐκεῖθεν
520 627 568 653 ἐπὶ
582 627 629 654 τὸν
648 627 842 664 ἀρχιερατικδν

66 668 198 705 μετηνέχθη
214 669 322 705 θρόνον,
334 671 403 698 Φασὶ
412 671 441 698 δὲ
453 672 534 699 αὐτὸν
547 673 582 700 τά
594 682 624 700 τε
639 673 708 700 ἄλλα
722 674 842 702 ἐπαίνων

65 716 115 748 ἄξια
125 717 274 750 διαϐιῶναι,
290 719 338 746 καὶ
353 719 439 746 πολὺν
451 720 500 755 τῆς
519 720 704 756 ἐλεημοσύνης
721 722 842 757 ἐργάτην

65 761 181 794 γενέσθαι.
190 763 327 798 Συνέταξε
339 764 390 800 μὲν
399 762 446 792 οὖν
455 766 470 792 ό
481 766 551 802 ἀνὴρ
564 766 710 802 διαφόρους
722 767 840 802 βίϐλους,

64 803 93 833 ὧν
105 808 140 839 είς
155 809 228 843 ἡμᾶς
246 809 319 842 τέως
337 811 412 846 τρεῖς
429 811 587 846 περιῆλθον.
608 812 706 847 Σχεδὸν
724 812 754 839 δέ
773 822 802 840 τι
817 814 841 830 ⁸¹

64 854 128 881 αὐτοῦ
142 855 250 888 πάντες,
272 855 321 888 οὓς
336 857 489 893 τεθεάμεθα
504 858 612 892 πόνους,
629 859 700 894 ὑπὲρ
716 860 770 886 τῶν
791 860 841 895 τῆς

68 899 211 947 ἐμλησως
233 901 417 934 σπουδάζουσι
445 902 604 939 δογμάτων,
623 905 671 932 καὶ
686 904 734 931 τοῦ
752 913 840 941 παρα·
855 917 879 947 Β

64 946 142 980 στῆσαι
166 946 215 983 τὴν
240 947 315 975 κατὰ
338 948 500 984 Καλχηδόνα
519 949 601 984 ἁγίαν
624 950 734 977 σύνοδον
750 951 842 987 πάσης

64 991 134 1025 λαϐῆς
146 992 290 1029 αίρετικῆς
305 994 508 1030 ὑπερκειμένην
524 997 571 1023 καὶ
593 996 805 1032 ἐπικρατοῦσαν.

95 1037 133 1063 Ἑν
143 1038 191 1070 μέν
205 1036 253 1066 οὖν
266 1040 302 1074 τῇ
317 1039 413 1075 πρώτῃ
429 1040 513 1076 βίϐλῳ
523 1041 538 1067 ὁ
549 1041 660 1076 πρῶτος
675 1041 749 1077 αὐτῷ
764 1042 844 1077 λόγος

63 1082 170 1119 ἐπιστολή
185 1085 245 1112 ἐστι
258 1085 329 1121 πρὸς
344 1086 473 1122 Ζηνόϐιόν
489 1096 550 1114 τινα
565 1088 746 1124 σχολαστικὸν
767 1089 844 1125 Ἐμί-

63 1136 111 1163 σης,
135 1131 182 1166 τῆς
205 1131 359 1167 ’Δκεφάλου
388 1133 487 1168 μοίρας
514 1133 590 1167 ὅντα,
617 1135 820 1171 διαπεμφθείσα
833 1143 841 1150 ·

64 1176 163 1212 σπουδὴν
197 1177 226 1206 δὲ
261 1180 382 1206 ποιεῖται
418 1180 485 1215 περὶ
521 1180 576 1207 τῶν
612 1181 843 1217 ἐπηρεαζομένων

64 1223 186 1257 ῥημάτων,
199 1224 217 1251 ἃ
228 1225 259 1251 ἐν
270 1226 306 1261 τῇ
316 1225 446 1262 ἐπιστολῇ
458 1226 617 1261 περιέχεται
628 1227 677 1254 τοῦ
688 1227 842 1261 ἀγιιιπάτου

63 1266 158 1300 Λέοντος
168 1270 306 1306 Προέδρου
326 1270 447 1306 Ῥώμης.
467 1272 617 1307 Προτάττει
632 1273 660 1299 δὲ
671 1274 724 1308 τῆς
737 1281 843 1309 γυμνα-

64 1314 111 1346 σίας
135 1316 187 1342 τῶν
216 1317 374 1352 εἰρημένων
404 1318 536 1354 ῥημάτων
564 1316 672 1346 δίαιτάν
704 1328 764 1346 τινα
794 1320 841 1347 τοῦ

63 1360 190 1395 Τρισαγίου
213 1363 338 1398 Ὕμνου·
365 1363 414 1390 καὶ
438 1364 493 1399 γὰρ
521 1364 569 1391 καὶ¹
596 1365 612 1391 ό
638 1365 767 1400 Ζηνόὸιος
793 1366 843 1400 τῆς

63 1406 140 1441 κοινῆς
151 1407 317 1444 Ἐκκλησίας
345 1409 443 1436 ἑαυτὸν
469 1409 629 1446 ἀπορρήξας
654 1411 678 1427 ⁵⁸
707 1411 844 1447 πρόφασιν

63 1451 133 1478 ἐδίδου
150 1453 199 1489 τὴν
216 1454 285 1490 περὶ
307 1453 358 1490 τὴν
375 1455 525 1490 Τρισάγιον
545 1455 701 1491 δοξολογίαν
719 1465 843 1484 καινοτο-

66 1497 125 1531 μίαν.
138 1499 204 1534 Φησὶ
216 1500 245 1527 δὲ
260 1500 276 1527 ό
296 1500 459 1536 Ἔφραίμιος
473 1501 524 1536 τὴν
536 1500 668 1537 τοιαύτην
681 1502 844 1536 ὑμνολογίαν

63 1543 115 1576 τοὺς
136 1544 182 1578 μὲν
205 1545 258 1581 τὴν
284 1545 417 1582 ἀνατολὴν
439 1546 581 1579 οἰκοῦντας
608 1547 648 1579 εἰς
672 1547 720 1574 τὸν
741 1547 844 1584 Κύριον

64 1589 129 1624 ἡμῶν
145 1590 248 1626 Ἰησοῦν
275 1592 396 1627 Χριστὸν
422 1592 589 1628 ἀναφέρειν,
618 1594 666 1620 καὶ
694 1593 737 1620 διὰ
764 1594 878 1631 τοῦτοί]

66 1635 134 1669 μηδὲν
148 1636 347 1673 ἐξαμαρτάνειν
365 1639 600 1671 ἐπίσυνάπτοντας
616 1641 656 1673 τὸ,
675 1639 702 1666 ὀ
711 1647 845 1675 σταυρω-

66 1682 116 1714 θεις
134 1682 169 1709 δι’
187 1683 283 1718 ἡμᾶς,
305 1683 369 1717 τοὺς
394 1684 435 1716 δὲ]
449 1685 479 1711 τὸ
504 1685 652 1718 Βυζάντιόν
671 1695 702 1712 τε
725 1686 773 1713 καὶ
794 1687 845 1721 τὴν

66 1726 178 1762 ἑσπερῑαν
189 1729 358 1765 νεμομένους
371 1731 411 1762 είς
422 1731 474 1766 τὴν
487 1731 644 1767 ὑπερτάτην
655 1732 702 1759 καὶ¹
715 1732 845 1768 πανίερον

66 1772 142 1808 πηγὴν
162 1774 209 1810 τῆς
229 1775 416 1811 ἀγαοάιητος,
430 1776 480 1812 τὴν
497 1777 639 1811 ὁμοούσιον
654 1778 757 1813 Τριάδα
769 1799 778 1811 ,
795 1779 845 1814 τὴν

66 1816 200 1854 δοξολογίαν
225 1821 376 1849 ἀνάπτειν·
404 1822 445 1850 διδ
471 1823 533 1859 μηδ’
559 1823 704 1858 ἀνέχεσθαι
733 1824 845 1857 τούτους

67 1863 241 1893 ἐπισυνάπτειν
250 1867 292 1900 τὺ,
315 1867 342 1893 '0
360 1868 543 1902 σταυρωθεὶς
564 1868 604 1896 δι’
626 1868 716 1903 ἡμᾶς.
741 1870 783 1897 ἵνα
807 1870 845 1907 μὴ

68 1909 139 1943 πάθος
153 1914 185 1948 τῇ
206 1913 305 1949 Τριάδι
326 1913 508 1949 περιάψωσιν.
531 1915 577 1941 Ἐν
601 1914 714 1945 πολλαῖς
734 1915 764 1942 δὲ
785 1917 846 1948 ταῖς

68 1956 125 1984 κατὰ
132 1958 179 1993 τὴν
195 1959 332 1995 Εὐρώπην
348 1959 495 1996 ἐπαρχίαις
505 1960 566 1987 ἀντὶ
584 1961 642 1994 τοῦ,
661 1961 693 1987 ’0
709 1968 846 1996 σταυρω-

68 2002 118 2036 062;-
134 2004 169 2031 δι’
182 2004 261 2040 ἡμᾶς
277 2005 318 2040 τὸ,
339 2005 418 2042 Ἇτία
439 2007 524 2041 Τριὰς
541 2007 674 2042 ἐλέησον
691 2007 847 2042 ’ἡμᾶςέπὰ-

67 2056 123 2081 γειν·
139 2050 166 2083 ἐξ
183 2049 219 2079 ὧν
234 2052 429 2089 ἐπιδηλότερον
445 2053 491 2080 τὸν
506 2054 608 2080 σκοπὸν
625 2053 682 2081 τῶν
699 2054 846 2082 εὐσεῦούν-

67 2102 110 2122 των
122 2097 308 2130 καθίστασθαι.
321 2098 359 2130 ὡς
372 2099 413 2130 είς
425 2098 475 2134 τὴν
490 2099 572 2133 ἁγίαν
587 2100 690 2134 Τριάδα
701 2100 731 2127 τὸ
744 2101 847 2136 ’Ἄγιος

68 2141 81 2165 ό
93 2141 166 2175 Θεὸς,
181 2143 264 2178 ἅγιος
284 2145 419 2179 ισχυρὸς,
436 2145 520 2180 ἅγιος
535 2145 685 2179 ἀθάνατος
697 2147 844 2181 ἀνάγοντες

68 2185 159 2236 exp-tm
178 2190 224 2217 καὶ
244 2190 386 2226 ἀκολούθῳ
404 2190 475 2226 λόγῳ
496 2191 528 2217 τὸ
556 2191 588 2218 '0
609 2193 793 2227 σταυρωθεὶς
808 2193 847 2220 δι’

67 2231 132 2266 ἡμᾶς
148 2235 385 2271 παραγράφονται.
404 2235 484 2263 Οὕτω
500 2236 550 2271 μὲν
568 2235 615 2264 οὖν
629 2238 767 2274 ἑκατέραν
785 2241 846 2274 μοῖ-

68 2285 108 2311 ραν
121 2281 178 2316 περὶ
195 2281 245 2317 τῆς
262 2282 449 2318 προκειμένης
470 2283 625 2317 δοξολογίας
645 2273 799 2319 φρονοῦσαν
813 2294 843 2312 τε
857 2273 883 2302 D

68 2323 105 2350 καὶ
121 2325 261 2361 λέγουσαν,
279 2328 390 2355 ἐπειδὰν
407 2328 480 2355 κατὰ
498 2329 533 2356 τὰ
546 2329 615 2357 ἄλλα
633 2330 684 2366 τῆς
701 2331 844 2364 εὐσεϐείας

68 2367 171 2404 δόγματα
192 2373 325 2409 μηδαμῶς
354 2373 438 2410 μηδὲν
462 2375 560 2410 ὁρᾶται
580 2376 843 2412 παραχαράττονσα,

68 2413 141 2449 ὀρθῶς
162 2427 191 2446 τε
213 2420 346 2456 πράττειν
372 2421 386 2447 ὁ
412 2421 483 2456 ἀνὴρ
510 2421 670 2458 ἀμφοτέρας
696 2423 771 2457 λέγει
796 2424 843 2452 καὶ

69 2461 192 2500 οὐδετέραν
212 2466 305 2502 χώραν
326 2466 466 2503 εὑρίσκειν
489 2468 543 2495 ὑπὸ
568 2468 665 2504 μῶμον
684 2471 771 2496 ποιεῖν
792 2471 843 2505 τὴν

69 2505 150 2542 ἑτέραν
173 2511 189 2547 ἢ
221 2512 276 2539 ὑπὸ
304 2513 478 2547 κατάγνωσιν
503 2513 593 2542 ἕλκειν
621 2514 739 2551 ὕϐρεως.
771 2516 842 2543 Ἀλλ’

69 2551 154 2588 ὲκεῖνος
161 2557 207 2592 μὲν
215 2558 288 2586 οὕτω
298 2559 397 2595 διαιτᾷ·
411 2559 451 2586 ὃτι
464 2559 493 2586 δέ
503 2561 729 2596 τοῖςἋκεφάλοις
740 2562 842 2597 αἱρετι-

70 2598 125 2632 WG.
143 2603 233 2636 κακῶς
253 2603 305 2640 τὴν
324 2604 480 2639 δοξολογίαν
502 2604 605 2641 ταύτην
627 2606 841 2642 ἐκλαμωνουσι,

562 169 823 202 BlBLIOTHECA.
835 184 871 190 —
886 172 966 203 COD.
980 175 1160 206 CCXXVIII.

858 235 881 260 A

1632 175 1684 206 958

1205 233 1369 262 CCXXVlll.

931 277 1024 305 Sancti
1041 277 1163 311 Ephraem
1182 279 1364 315 Tltgopolitani
1378 280 1550 315 patriam/tte,
1566 280 1649 306 varim

1215 314 1365 342 Orationes.

930 360 1019 388 Lecta
1028 365 1091 388 sunt
1100 361 1186 388 sancti
1197 360 1342 395 Ephrzcmii
1356 361 1410 396 (68)
1423 360 1584 395 patriarcha:
1595 359 1683 386 Then-

894 403 1006 438 politaui
1022 403 1163 432 Oratione:
1180 405 1270 431 varice.
1287 405 1372 440 Syrus
1383 406 1491 439 quidem
1507 404 1557 431 l'uit
1576 410 1680 438 genere

895 454 928 474 ac
939 454 1075 481 sermone,
1095 447 1216 475 Graecam
1230 455 1296 475 vero
1308 448 1426 482 linguam
1442 456 1494 476 non
1505 447 1682 475 mediocriter

895 493 997 521 calluit.
1015 494 1068 522 Sed
1086 499 1113 521 et
1130 494 1224 522 civiles
1239 494 1325 528 gessit
1340 495 1525 529 magistratus.
1543 501 1559 521 e
1582 493 1684 528 quibus

895 547 986 568 comes
1002 540 1109 568 tandem
1122 541 1242 568 Orientis
1262 541 1443 573 renuntiatus,
1463 541 1526 567 inde
1544 541 1578 568 ad
1604 547 1683 566 sum-

894 593 967 613 mam
984 585 1111 613 Ecclesia:
1122 587 1277 614 cathedram
1289 591 1398 613 evectus
1412 590 1463 613 est.
1477 585 1581 613 Ferunt
1592 590 1683 612 autem

894 639 956 658 cum
971 631 1023 658 alia
1037 631 1116 658 laude
1130 631 1211 666 digna
1230 631 1359 665 gessisse,
1380 635 1437 657 tum
1453 637 1518 658 vero
1530 630 1684 664 eleemosy-

895 676 937 703 nis
951 675 1116 709 elargiendis
1137 675 1281 703 enituisse.
1306 674 1403 701 Libros
1418 681 1483 701 vero
1506 674 1596 701 varios
1611 680 1684 700 com-

894 721 994 755 posuit,
1018 727 1132 755 quorum
1156 720 1183 747 in
1209 727 1306 747 manus
1333 726 1407 746 meas
1435 723 1492 746 tres
1518 719 1683 746 inciderunt.

893 767 990 795 Omnia
1005 774 1073 801 pene
1092 774 1174 801 opera
1187 765 1246 801 ejus
1265 773 1325 800 quae
1358 764 1476 792 vidimus
1489 772 1538 799 pro
1552 763 1683 791 ecclesia-

893 813 971 841 sticis
982 812 1155 847 dogmatibus
1174 815 1303 846 pugnant.
1329 809 1532 844 defenduntque
1557 814 1684 836 sanetum

896 859 1117 887 Chalcedonense
1129 856 1276 885 concilium
1291 860 1367 883 extra
1389 862 1498 882 omnem
1513 861 1576 882 esse
1598 855 1686 882 luere-

896 905 1012 932 ticorum
1034 900 1285 937 reprehensionem.

928 1035 1010 1063 Libro
1028 1033 1138 1069 quidem
1153 1031 1243 1067 primo
1266 1030 1344 1058 initio
1359 1033 1401 1058 est
1414 1028 1529 1064 epistola
1548 1027 1581 1055 ad
1595 1027 1684 1055 Zeno-

893 1081 966 1109 biutn
983 1079 1126 1115 quemdam
1149 1076 1343 1105 scholasticam
1361 1074 1518 1102 Emisenum
1534 1071 1684 1107 Acepltalo-

893 1135 953 1154 rum
970 1126 1031 1153 labe
1047 1124 1189 1156 infectum,
1214 1122 1307 1149 missa.
1322 1120 1479 1155 Propugnat
1493 1125 1558 1145 vero
1572 1118 1684 1145 irrisum

892 1174 926 1201 de
948 1171 1056 1200 infestis
1082 1175 1163 1205 atque
1178 1168 1284 1196 acerbis
1306 1166 1410 1198 verbis,
1427 1172 1488 1200 qua;
1513 1164 1540 1192 in
1567 1163 1684 1198 epistola

893 1219 993 1247 Leonis
1025 1217 1142 1245 Romani
1167 1214 1308 1243 Pontiﬁcis
1333 1212 1518 1241 continentur.
1540 1210 1685 1238 Praunittit

892 1273 956 1292 vero
971 1265 1067 1292 horum
1083 1262 1228 1290 verborum
1243 1259 1430 1294 disputationi,
1442 1265 1520 1285 usum
1538 1257 1684 1292 quemdam

893 1311 964 1339 sacri
977 1310 1092 1345 Trisagii
1110 1308 1214 1344 hymni.
1229 1306 1335 1334 Etenim
1353 1304 1497 1332 Zenobius
1513 1311 1529 1330 a
1546 1302 1684 1330 communi

893 1361 1052 1393 segregatus
1076 1354 1210 1387 Ecclesia,
1224 1353 1343 1380 colorem
1367 1352 1439 1378 hunc
1459 1349 1595 1385 quaesivit,
1612 1350 1683 1383 quod

894 1409 989 1430 recens
998 1401 1084 1428 divisa
1100 1404 1173 1427 esset
1186 1403 1227 1426 ter
1237 1397 1323 1424 sancti
1337 1396 1429 1431 hymni
1443 1394 1587 1423 sententia.
1603 1393 1685 1419 Asse-

894 1449 929 1476 rit
944 1453 1041 1476 contra
1054 1446 1237 1482 Ephrannlus,
1247 1443 1373 1472 eumdem
1391 1443 1518 1478 hymnum
1531 1439 1685 1467 Orientales

894 1494 991 1530 2451)
1004 1493 1113 1521 Christo
1132 1490 1196 1519 Jesu
1213 1489 1375 1522 attribuerc,
1391 1492 1419 1516 et
1448 1492 1592 1522 propterea
1616 1485 1685 1512 nihil

894 1547 1007 1575 peccare
1031 1537 1137 1566 tametsi
1162 1536 1311 1571 adiiciant:
1331 1534 1483 1568 Cruci/Ltus
1508 1540 1556 1567 pro
1579 1532 1654 1558 nobis
1674 1539 1685 1558 :

895 1584 1212 1618 Constantinopolitanos
1237 1589 1303 1609 vero
1326 1585 1408 1615 atque
1431 1578 1632 1611 Occidentales,
1658 1577 1685 1604 in

897 1639 1053 1667 supremum
1083 1628 1359 1662 sacratissimumque
1393 1626 1528 1653 bonorum
1563 1624 1685 1652 omnium

896 1680 1013 1713 fontem,
1039 1675 1299 1707 consubstantialem
1326 1672 1502 1704 Trinitatem,
1519 1671 1685 1700 sententiain

896 1726 1021 1759 referre;
1038 1724 1138 1752 idcirco
1161 1730 1215 1750 non
1240 1720 1375 1749 sustinere
1402 1718 1467 1746 illud
1482 1718 1566 1745 addi;
1589 1717 1686 1745 Cruci-

896 1773 966 1808 ἥκεις
981 1779 1028 1806 pro
1038 1771 1125 1804 nobis,
1138 1777 1171 1797 ne
1188 1775 1241 1803 qua
1258 1766 1349 1802 passio
1363 1764 1491 1792 Triuitati
1507 1764 1685 1791 attribuatur.

897 1818 926 1846 In
941 1817 1034 1845 multis
1047 1816 1121 1844 enim
1134 1814 1249 1848 Europa:
1269 1810 1417 1839 ditionibus
1430 1816 1479 1845 pro
1495 1808 1550 1840 illo,
1567 1808 1612 1844 qui
1626 1816 1687 1834 cru-

896 1869 992 1903 ciﬁxus
1009 1871 1046 1894 est
1067 1873 1115 1901 pro
1131 1863 1218 1895 nobis,
1235 1863 1286 1890 hoc
1304 1863 1458 1895 reponunt:
1477 1856 1578 1885 Sancta
1593 1858 1682 1884 Trini-

897 1919 949 1947 tas,
973 1914 1096 1940 miserere
1111 1911 1194 1938 nobis.
1213 1908 1290 1936 Unde
1310 1907 1417 1941 piorum
1435 1904 1570 1932 sententia
1586 1903 1687 1930 clarius

896 1960 1036 1992 elucescit,
1053 1962 1083 1986 ut
1107 1958 1134 1985 in
1152 1961 1274 1984 sanctam
1289 1953 1455 1980 Trinitatem
1473 1951 1545 1978 hoc:
1569 1949 1685 1977 Sanctus

898 2007 978 2038 Deus,
994 2010 1100 2032 sanctus
1123 2003 1213 2038 fortis,
1228 2005 1337 2029 nanctus
1352 1997 1511 2026 immortalis
1532 2004 1686 2024 accommo—

897 2054 981 2086 dent;
997 2055 1125 2079 aceurata
1145 2057 1178 2077 ac
1189 2047 1367 2083 consequenti
1393 2047 1517 2075 oratione
1532 2044 1599 2072 illud
1615 2053 1623 2070 :
1639 2042 1685 2077 qui

896 2107 990 2135 prmus
1006 2103 1045 2126 eu
1064 2105 1112 2132 pro
1134 2096 1220 2127 nobis,
1240 2094 1391 2123 ascribunt.
1410 2093 1458 2120 Sic
1475 2092 1556 2127 igitur
1571 2090 1686 2118 alteram

898 2151 1041 2181 utramque
1062 2149 1165 2179 partem
1192 2143 1225 2170 de
1251 2142 1295 2170 his
1321 2140 1425 2168 sentire
1447 2144 1530 2174 atque
1551 2144 1685 2168 asserere.

897 2193 1008 2228 quando
1021 2191 1048 2219 in
1064 2190 1173 2218 caeteris
1189 2189 1243 2223 piis
1260 2186 1435 2222 dogmatibus
1447 2184 1515 2212 nihil
1537 2184 1687 2219 depravare

899 2238 1113 2273 comperiantur.
1127 2236 1211 2263 Recte
1226 2241 1292 2261 vero
1307 2233 1398 2260 facere
1412 2237 1543 2266 utrosque
1557 2231 1601 2258 hic
1614 2229 1686 2256 aﬂir-

898 2285 964 2314 mat,
981 2288 1069 2315 neque
1094 2279 1175 2307 ullam
1196 2277 1319 2314 reperire
1333 2277 1467 2304 rationem
1486 2283 1537 2304 cur
1553 2276 1685 2303 alterutra

896 2326 1125 2361 reprehendatur,
1152 2324 1195 2352 vel
1227 2324 1253 2351 in
1287 2323 1505 2358 disquisitionem
1531 2325 1685 2350 revocetur.

896 2373 950 2402 Sed
964 2373 1009 2401 hic
1027 2371 1136 2408 quidem
1151 2371 1187 2398 ita
1202 2375 1308 2402 censet.
1325 2371 1397 2404 quod
1417 2371 1452 2396 ab
1467 2369 1615 2404 Aeeplialis
1630 2368 1672 2395 ba:

895 2419 991 2448 reticis
1008 2418 1078 2446 male
1092 2419 1163 2446 hanc
1180 2417 1341 2445 sententiam
1355 2415 1562 2450 accipientibus.
1574 2422 1688 2452 magnus

897 2466 944 2493 ﬁat
960 2466 989 2493 in
1004 2465 1065 2500 pios
1090 2465 1218 2492 incursus
1231 2473 1238 2491 :
1261 2462 1358 2490 merito
1373 2461 1466 2489 caueri
1481 2461 1578 2488 Patres
1598 2461 1686 2488 nostri

895 2512 964 2539 illud
989 2511 1179 2543 decreverunt,
1206 2517 1259 2537 non
1285 2513 1412 2543 oportere
1441 2507 1507 2534 illud
1530 2506 1632 2534 addere
1658 2507 1686 2533 in

895 2565 976 2587 sacro
991 2559 1104 2594 hymno,
1121 2556 1174 2590 Qui
1193 2562 1289 2591 pastus
1310 2560 1346 2582 est
1364 2561 1411 2589 pro
1434 2553 1521 2586 nobis,
1535 2556 1564 2580 et
1583 2559 1684 2579 conve-

896 2606 1017 2633 nientem
1036 2611 1099 2633 esse
1115 2604 1257 2638 hymnum,
1271 2602 1318 2637 qui
1337 2601 1371 2629 de
1387 2599 1523 2628 Trinitate
1545 2597 1685 2632 disputat:

682 2677 803 2708 VAl’tlAi
820 2677 1026 2709 LECTIONES.
1068 2686 1072 2688 ‘

99 2727 152 2756 ¹¹τι
163 2732 185 2757 Δ
201 2740 209 2759 :
227 2741 308 2766 τοις.
345 2733 370 2750 ⁸³
383 2733 539 2770 ἀπορῤἦξαι
555 2736 588 2762 Δ.

811 2788 928 2816 NOTAE.

633 2795 636 2801 ‘
811 2788 834 2816 Ν
860 2788 881 2816 Τ
920 2808 928 2816 .

102 2830 149 2865 (68)
162 2833 233 2864 Alius
246 2836 290 2865 hic
318 2835 352 2863 ab
367 2835 495 2871 Ephraim
521 2835 741 2871 ascetico,cujus
776 2789 859 2872 oper:
883 2788 1004 2864 ﬁrmius
1031 2833 1212 2867 enumeravit,
1252 2837 1281 2862 et
1304 2836 1421 2866 exstant,
1457 2830 1565 2859 tametsi
1596 2830 1682 2866 Syrus

74 2868 178 2902 uterque.
