1920 3090
211 147 266 180 959
789 143 920 175 ΡΗΟΤΙΙ
936 142 1003 173 ΡΑΤ

1091 142 1191 173 iCH/E
1206 142 1262 173 (ΣΡ.
1792 143 1852 176 ιω

210 202 320 238 quando
337 201 492 229 Chernbma
509 200 601 228 cantio
620 200 647 227 in
661 199 760 235 triplici
775 207 843 228 sono
857 198 997 227 sanctitati

1091 197 1155 234 τάλη
1181 198 1286 232 γίνεται
1319 197 1390 226 κατὰ
1423 198 1474 234 τῆς
1500 196 1642 230 εὐσεϐείας
1674 198 1852 235 καταδρομὴ,

210 249 346 276 accedens
370 248 404 274 ab
427 247 515 278 Initio,
540 254 621 281 super
639 254 747 274 omnem
775 247 950 275 sanctitatem
970 251 999 274 et

1091 244 1158 275 ότως
1173 244 1198 270 οἰ
1218 243 1294 275 ἄλλοι
1317 244 1440 280 Πατέρες
1454 244 1534 280 ἡμῶν
1548 243 1690 276 παντελῶς
1710 245 1853 280 περιεῖλον

211 294 359 322 bonitatem
380 293 523 320 Trinitatis
538 297 635 320 cantus
657 300 719 320 esse
734 293 920 328 cognoscitur.
944 292 998 320 Sed

1099 290 1163 326 [77h
1183 289 1231 326 1L]
1253 291 1290 326 μὴ
1317 290 1373 317 δεῖν
1396 291 1567 326 προσάπτειν
1593 291 1623 317 ὲν
1645 291 1679 326 τῇ
1706 291 1855 326 Τρισαγίφ

214 340 272 367 sive
286 339 355 367 bene
372 347 420 366 seu
435 346 515 366 secus
529 339 563 366 de
579 338 703 374 'l'risagio
717 338 760 366 hic
775 339 813 366 sic
827 339 942 373 judicat,
959 337 1000 364 fa-

1091 337 1187 372 ploqu
1209 338 1239 364 τὸ
1262 336 1289 363 '0
1313 337 1498 371 σταυρωθείς
1524 337 1565 364 δι’
1590 337 1688 371 ἡμᾶς·
1720 337 1773 372 τῆς
1795 338 1856 372 γὰρ

209 386 261 413 cile
294 386 367 413 enim
382 385 491 413 occasio
523 385 574 420 ipsi
603 385 639 412 ita
668 384 808 418 iudicandi
834 388 999 420 praatextum

1091 382 1192 417 aduri};
1219 382 1360 417 θεολογίας
1390 381 1475 418 ὕμνον
1501 380 1572 411 εἶναι
1597 383 1629 410 τὸ
1653 382 1828 419 δοξολόγημα
1845 404 1854 416 ,

209 432 295 465 dedit,
311 439 363 460 non
380 440 489 467 possum
502 431 628 466 equidem
641 438 714 459 nunc
733 431 766 459 de
786 430 869 458 altera
885 435 998 458 senten-

1091 429 1113 455 εἰ
1133 429 1180 455 καὶ
1199 429 1213 455 ό
1229 429 1397 464 Χερουὸικὸς
1419 428 1505 464 ὕμνος
1520 430 1550 456 ἐν
1570 430 1603 465 τῇ
1623 429 1755 465 Τριαδικῇ
1772 431 1854 466 φωνῇ

210 477 246 504 tia
271 482 376 505 certum
400 476 472 505 ferre
487 477 623 512 judicium
644 486 651 504 :
671 477 723 506 nisi
746 477 818 512 quod
844 483 897 504 non
922 476 998 508 sinit,

1091 483 1101 505 :
1126 474 1270 509 ἁγιότητος
1292 475 1495 510 προερχόμενος
1517 475 1565 502 ἀπ’
1589 475 1678 510 ἀρχῆς
1702 476 1753 510 τῆς
1779 475 1854 510 ὑπὶρ

208 522 412 552 Scholasticnm
426 523 588 556 admonens,
611 522 645 550 ab
666 523 793 551 Ecclesiae
808 530 922 558 corpore
945 529 998 550 non

1091 529 1144 548 ησαν
1165 522 1297 557 ἀγιότητα
1318 523 1366 549 καὶ
1384 522 1543 558 ἀγαθότητα
1564 521 1680 558 Τριὰδος
1700 522 1856 557 μελῴδημα

207 569 344 604 separari.
1052 568 1226 603 ὲγνωρίζετο.
1243 568 1315 596 ’Λλλ’
1341 569 1396 596 είτε
1414 568 1444 596 εὖ
1461 569 1516 596 εἴτε
1532 568 1580 596 καὶ
1600 568 1703 603 ἑτέρως
1717 568 1785 602 περὶ
1803 566 1854 594 τοῦ

208 616 358 652 Τρισαγίου
374 617 500 653 διῄτησεν
514 618 528 644 ό
543 617 613 652 ἀνὴρ
627 617 709 652 (τάχα
726 617 780 652 γάρ
796 616 859 653 [4οι
872 615 920 652 ιι]
936 624 998 642 τινα
1016 617 1148 652 παρεῖχεν
1167 617 1242 653 αὑτῷ
1278 617 1415 653 πρόφασιν
1428 617 1444 643 ὸ
1460 617 1557 652 καιρὸς
1584 615 1698 643 τοιαῦτα
1722 615 1854 651 διαιτᾷν).

207 661 259 690 οὐκ
281 663 337 700 ιχω
364 664 412 691 νῦν
438 665 499 691 οὐδὲ
522 664 603 700 sup;
627 663 725 700 γνώμῃ
750 664 842 700 κρίσιν
866 663 1001 691 ἐπιθεῖναι
1017 662 1190 692 ἁδίστακτον.
1205 663 1279 700 Πλὴν
1292 663 1344 691 οὐκ
1355 664 1450 700 ἀνίησι
1462 663 1508 691 τὸν
1537 661 1715 699 σχολαστικὸν
1745 670 1854 698 παραι-

208 710 263 738 νῶν
275 711 314 747 τῷ
326 712 376 746 τῆς
393 711 556 747 Ἐκκλησίας
573 712 742 747 ωναφθῆναι
757 712 875 748 σώματι.

246 758 274 786 ln
298 759 348 786 hac
368 758 482 794 epistola
506 766 638 786 canonem
655 766 765 793 quoque
788 758 835 793 qui
860 757 998 786 secundus

1092 756 1137 784 Ἐν
1153 756 1241 792 ταύτῃ
1253 755 1283 784 δι
1296 757 1330 792 τῇ
1344 755 1475 791 ιπιστολῇ
1490 754 1539 782 καὶ
1550 754 1597 782 τὸν
1609 754 1724 786 κανόνα,
1740 752 1772 785 ὃς
1785 752 1853 780 δεύ-

207 807 251 832 est
266 805 292 832 in
307 806 423 833 secunda
437 805 541 840 synodo
557 804 859 839 Constantinopolitana
876 803 927 832 l50
942 803 994 831 Pa-

1091 812 1124 836 ιος
1137 801 1294 838 ἀριθμεῖται
1310 802 1340 829 ὲν
1359 803 1393 838 τῇ
1406 801 1523 836 δευτέρᾳ
1537 800 1592 827 τῶν
1615 800 1644 827 ἰν
1666 799 1853 826 Κωνσταντι-

209 855 293 883 trmn,
306 850 363 885 ipse
377 850 430 878 l66
445 858 516 883 esse,
527 851 619 878 nescio
632 858 687 885 quo
700 855 823 883 auctore,
836 857 924 884 neque
936 855 998 876 cum

210 896 272 923 aliis
284 897 458 924 consentiens
472 901 614 924 numerat:
627 904 716 931 neque
736 896 763 923 in
775 896 826 924 hac
836 896 892 931 ipsa
907 895 997 927 modo,

210 943 257 968 sed
272 946 299 969 et
314 941 340 968 in
356 941 415 969 aliis
431 941 490 977 ejus
508 941 596 974 libris,
623 941 747 969 eamdem
768 942 825 976 ipse
838 939 999 976 quantitatis

210 987 342 1015 rationem
361 988 421 1015 init.

244 1075 408 1111 Anspicatus
423 1082 489 1103 vero
505 1076 623 1103 stadium
635 1076 793 1103 orthodoxae
811 1075 886 1107 ﬁdei,
897 1074 998 1110 prmia-

209 1125 266 1153 tur,
280 1121 444 1148 conferenda
465 1128 518 1148 non
539 1129 599 1149 esse
614 1128 674 1155 quas
688 1121 722 1149 de
737 1121 896 1156 theologicis
911 1128 926 1148 a
946 1120 1000 1148 1³³-

211 1166 299 1193 tribus
324 1167 427 1194 nostris
452 1168 561 1193 decreta
584 1169 659 1198 sunt,
682 1173 745 1193 cum
769 1166 848 1193 dictis
869 1173 884 1193 a
906 1165 1000 1193 Leone

211 1212 339 1247 pontiﬁce
352 1213 386 1239 de
401 1211 600 1240 incarnatione.
613 1212 669 1240 Sed
681 1212 760 1248 hujus
775 1211 924 1247 theologica
937 1219 999 1240 cum

211 1257 382 1292 tlieologieis,
397 1264 457 1291 quae
472 1265 538 1285 vero
551 1257 585 1284 de
599 1258 799 1290 incarnatione,
813 1265 873 1285 cum
891 1257 925 1284 iis
938 1264 1000 1292 qua:

210 1301 362 1337 analogiam
399 1302 509 1330 habent.
535 1301 635 1338 ama
667 1302 807 1336 Quotquot
837 1302 1000 1338 theologiam

210 1352 350 1382 opponunt
365 1348 561 1381 incarnatioui,
580 1349 606 1375 hi
634 1349 874 1382 reprehensionem
893 1348 1001 1383 injustas

212 1393 334 1427 praebent
355 1393 509 1427 sententiae,
526 1393 553 1420 in
575 1401 636 1428 quae
652 1393 770 1428 linguam
792 1398 941 1426 exacuunt,
958 1393 1001 1421 his

211 1445 279 1465 vero
296 1438 473 1466 nihilominus
487 1438 540 1465 nisi
557 1442 729 1471 moveantur,
744 1438 1000 1473 irreprehensibiles

211 1490 287 1514 sunt.
311 1486 361 1513 His
389 1485 546 1520 praemissis,
570 1486 642 1513 dicta
670 1486 794 1521 quaedam
823 1494 855 1514 ex
886 1479 1035 1522 epistolac

212 1530 312 1560 Leonis
328 1532 435 1566 recitat,
449 1539 531 1567 quam
546 1532 580 1559 ad
603 1536 728 1560 sanctum
744 1531 901 1559 Flavianum
915 1533 1001 1565 dedit,

217 1586 250 1605 ex
263 1586 295 1606 ea
319 1578 382 1606 item
398 1585 478 1613 quam
497 1579 529 1605 ad
556 1577 673 1606 Leonem
695 1577 891 1613 imperatorem
916 1579 1000 1612 misit,

212 1625 311 1659 quibus
326 1624 430 1652 claram
445 1623 567 1652 ostendit
582 1623 633 1651 viri
643 1623 822 1659 theologicam
836 1623 999 1655 doctrinam,

212 1670 395 1705 eumdemque
408 1677 469 1698 esse
487 1669 532 1697 Dei
550 1669 662 1702 Filium,
674 1673 702 1696 et
718 1669 849 1701 hominis,
860 1669 1003 1703 magniﬁce

213 1716 356 1753 praedicat,
371 1716 512 1751 patibilem
532 1720 561 1743 et
572 1715 764 1751 impatibilem,
781 1715 962 1743 immortalem
975 1720 1004 1743 et

213 1764 294 1791 morti
326 1763 488 1791 obnoxium.
517 1762 550 1789 Et
579 1769 634 1789 uno
659 1762 755 1794 verbo,
777 1769 911 1789 summam
943 1769 1004 1790 ease

215 1806 299 1834 Verbi
311 1812 338 1834 et
354 1806 474 1834 hominis
489 1806 718 1838 unitatem,certo
729 1810 756 1834 et
771 1806 902 1834 divinitus
913 1807 1005 1840 expla-

213 1852 299 1879 navit.
327 1851 399 1885 Quin
422 1856 450 1879 et
474 1852 568 1879 iisdem
595 1852 696 1880 litteris
722 1851 881 1880 Nestorium
910 1858 1005 1887 aperte

211 1899 407 1927 communione
419 1898 635 1926 interdicendum
650 1899 768 1932 censuit,
787 1899 833 1934 qui
849 1900 956 1927 beatam
972 1907 1005 1927 ac

214 1945 357 1980 Deiparam
377 1944 516 1981 Virginem
544 1953 597 1973 non
621 1944 681 1977 Dei,
705 1945 752 1973 sed
779 1945 898 1973 hominis
916 1945 1005 1973 solum

216 1997 330 2020 matrem
345 1992 481 2027 appellare
497 1997 539 2020 est
555 1999 648 2020 ausus.
671 1991 791 2020 Primum
816 1999 925 2027 quoque
942 1992 1005 2021 bea-

216 2045 274 2066 tum
291 2038 409 2066 Leonem
431 2039 576 2074 perspicue
593 2039 658 2073 ipsis
677 2038 790 2066 vocibus
804 2038 1005 2074 pronuntiasse,

216 2085 263 2113 Dei
290 2091 405 2112 matrem
432 2093 494 2113 esse
522 2085 630 2113 beatam
658 2085 784 2118 Mariam,
802 2093 865 2113 cum
890 2086 1006 2114 alierum

215 2134 279 2158 ante
292 2131 380 2165 ipsum
396 2130 507 2158 Patrum
522 2137 604 2158 nemo
620 2130 647 2158 id
662 2136 715 2158 tam
731 2130 806 2158 clare
820 2130 961 2164 extulerit,
979 2135 1007 2159 et

217 2177 274 2205 haec
286 2177 395 2211 quidem
409 2177 499 2211 capite
510 2176 599 2212 primo
616 2176 799 2211 persequitur.

1049 849 1175 878 νουπόλει
1191 850 1229 883 pii
1244 846 1381 883 ίερωτᾲτῃ
1406 846 1524 880 συνόδῳ,
1543 845 1625 877 αὐτδς
1653 843 1716 879 ρξς¹
1730 841 1804 871 εἶναι
1816 844 1856 870 "-

1048 895 1100 923 οὐκ
1119 891 1169 921 οἷδ’
1188 892 1250 920 ὅθεν
1273 889 1364 919 λαϐὼν
1389 891 1451 919 οὺδὶ
1473 891 1545 918 τίσιν
1570 889 1661 922 ἄλλοις
1679 889 1856 921 συντάττων.

1048 940 1172 977 ἀριθμεῖ.
1192 939 1250 966 οὐκ
1265 938 1295 965 ὲν
1312 937 1400 974 ταύτῃ
1414 937 1442 964 δὲ
1458 936 1549 972 μόνον,
1567 936 1635 963 ἀλλὰ
1649 936 1696 962 καὶ
1710 935 1740 962 ιν
1757 934 1856 966 ἄλλοις

1048 986 1130 1015 αὑτοῦ
1143 985 1234 1020 λόγοις
1245 984 1295 1020 τὴν
1307 983 1393 1019 αὐτὴν
1404 983 1480 1018 αὐτῷ
1489 982 1540 1017 τῆς
1551 981 1702 1017 ποσότητος
1714 981 1856 1015 ἀπονέμει

1049 1032 1154 1069 χώραν.

1091 1078 1254 1114 Ἀρχόμενος
1278 1076 1307 1104 δὲ
1333 1076 1384 1112 τῆς
1412 1075 1484 1110 ὕπὶρ
1511 1074 1567 1102 τῶν
1589 1073 1678 1110 ὀρθῶν
1706 1073 1857 1110 δογμάτων

1050 1125 1181 1160 σπουδῆς,
1199 1122 1409 1160 προοιμιάζεται
1426 1121 1465 1157 μὴ
1487 1120 1543 1148 δεῖν
1566 1120 1724 1156 συγκρίνειν
1743 1119 1762 1147 ἃ.
1786 1120 1856 1156 περὶ

1050 1170 1189 1205 θεολογίας
1212 1170 1321 1204 εἴρηται
1343 1168 1400 1199 τοῖς
1422 1166 1564 1202 Πατράσιν
1585 1166 1682 1201 ἡμῶν,
1705 1166 1763 1197 τοῖς
1785 1166 1856 1201 περὶ

1049 1215 1207 1250 οἰκονομίας
1229 1213 1386 1249 εἰρημένοις
1404 1212 1501 1240 Λέοντι
1522 1211 1562 1246 τῷ
1580 1210 1705 1246 Ῥώμης,
1726 1210 1796 1237 ἀλλὰ
1816 1210 1856 1236 τὰ

1051 1262 1102 1298 μὲν
1118 1260 1261 1295 θεολογικᾶ
1277 1259 1374 1286 τούτου
1396 1260 1454 1291 τοῖς
1480 1257 1660 1292 θεολογικοτς,
1675 1256 1711 1284 τὰ
1730 1256 1760 1283 δὲ
1784 1256 1856 1291 περὶ

1050 1307 1099 1342 τῆς
1115 1305 1271 1340 οἰκονομίας
1286 1305 1344 1337 τοίς
1358 1303 1633 1349 ἔχουσινᾲὰναλόγως.
1656 1302 1735 1349 "Oa-et
1751 1301 1781 1328 δὲ
1801 1301 1856 1349 την

1051 1351 1190 1386 Θεολογίαν
1203 1349 1449 1386 ἀντι-παρατιθέασι
1462 1342 1496 1384 τῇ
1512 1347 1663 1383 οἰκονομία.
1679 1342 1761 1374 Οὗτοι
1777 1345 1855 1380 γνώ-

1053 1406 1108 1434 μης
1123 1398 1172 1432 μὲν
1182 1396 1277 1425 ἀδίκου
1289 1396 1340 1432 τῆς
1355 1394 1462 1423 ἑαυτῶν
1474 1394 1641 1429 παρέχονται
1657 1393 1769 1428 στήλην.
1787 1391 1856 1419 καθ’

1049 1440 1087 1471 ὧν
1101 1443 1131 1470 δὲ
1146 1443 1195 1479 τὴν
1208 1442 1336 1477 γλῶσσαν
1351 1440 1474 1474 κινοῦσι,
1487 1439 1593 1471 τούτοις
1606 1438 1682 1466 οὑδὶν
1695 1435 1778 1475 ἦττον
1794 1437 1811 1473 ἢ
1827 1437 1854 1454 ³⁸

1051 1490 1076 1517 εἰ
1103 1489 1141 1524 μὴ
1166 1487 1324 1523 ὲκεκίνηντο
1348 1487 1379 1514 τὸ
1405 1486 1522 1521 ἄμωμον
1551 1484 1729 1520 συντηροῦσι.
1755 1483 1856 1510 Ταῦτα

1051 1534 1288 1571 προδιασκευάσας
1305 1533 1375 1569 ῥητὰ
1391 1532 1508 1569 προάγει
1524 1531 1586 1559 τινὰ
1600 1531 1651 1566 τῆς
1666 1530 1814 1566 ὲπισωλῆς
1830 1530 1856 1548 ﬂ

1051 1581 1099 1609 τοῦ
1113 1580 1268 1615 ἁγιωτάτου
1282 1579 1414 1612 Λέοντος,
1429 1577 1464 1614 ἢν
1479 1578 1583 1609 ἐκεῖνος
1598 1576 1702 1613 ἔγραψε
1722 1576 1792 1610 πρὸς
1806 1576 1858 1603 τὸν

1052 1628 1082 1654 ἂν
1101 1627 1189 1661 ἁγίοις
1202 1625 1363 1657 Φλαὸιανὺν,
1377 1625 1426 1652 καὶ
1448 1623 1502 1660 μὴν
1520 1624 1568 1650 καὶ
1589 1623 1639 1658 τῆς
1656 1622 1725 1657 πρὸς
1749 1621 1860 1649 Λέοντα

1052 1674 1098 1702 τὸν
1113 1673 1235 1709 βασιλέα,
1252 1673 1282 1699 ὲν
1294 1671 1338 1703 αἰς
1353 1670 1493 1704 θεολογίαν
1506 1678 1536 1696 τε
1548 1668 1680 1705 λαμπρὰν
1692 1668 1739 1694 τοῦ
1752 1667 1855 1703 ἀνδρὸς

1052 1719 1227 1750 ἐπιδεικνύει,
1259 1718 1308 1745 καὶ
1328 1718 1370 1744 ὅτι
1390 1717 1436 1744 τὸν
1457 1715 1539 1743 αὐτὸν
1561 1715 1626 1742 Υἰδν
1645 1714 1692 1741 τοῦ
1715 1713 1783 1741 Θεοῦ
1806 1714 1859 1741 καὶ

1053 1765 1162 1800 ἀληθῶς
1200 1764 1258 1792 υἰδν
1295 1763 1442 1799 ἀνθρώπου
1482 1761 1612 1797 γενέσθαι
1650 1760 1859 1796 μεγαλοφώνως

1054 1810 1250 1846 ἀνακηρύττιι,
1269 1808 1392 1845 παθητόν
1410 1817 1440 1836 τε
1457 1808 1503 1835 τὸν
1523 1807 1605 1835 αὐτὸν
1621 1806 1669 1834 καὶ
1686 1805 1791 1841 ἀπαθῆ,
1807 1807 1862 1832 καὶ

1053 1857 1100 1884 τὸν
1116 1857 1252 1885 ἀθάνατον
1267 1857 1362 1892 νόμοις
1376 1855 1516 1890 ὑποκύψαι
1539 1854 1656 1882 θανάτου
1670 1873 1678 1886 ,
1698 1853 1747 1880 καὶ
1760 1852 1861 1885 ἁπλῶς

1053 1904 1104 1940 τὴν
1121 1904 1209 1940 ἄκραν
1225 1903 1322 1931 ἕνωσιν
1335 1902 1382 1930 τοῦ
1397 1902 1484 1936 Λόγου
1498 1901 1546 1928 καὶ
1559 1901 1610 1937 τῆς
1623 1900 1724 1935 σαρκὺς
1737 1899 1863 1935 ἀμωμή-

1053 1959 1109 1983 τως
1132 1959 1163 1978 τε
1184 1952 1232 1978 καὶ
1255 1949 1417 1986 θεοπρεπῶς
1441 1949 1638 1984 διετράνωσεν.
1653 1947 1690 1974 οὗ
1716 1945 1770 1982 μὴν
1788 1945 1863 1973 ἀλλὰ

1055 1997 1104 2024 καὶ
1125 1996 1275 2033 Νεστόριον
1299 1995 1416 2031 λαμπρᾷ
1425 1995 1458 2030 τῇ
1479 1995 1557 2030 φωνῇ
1578 1994 1609 2020 ὲν
1629 1993 1690 2024 ταῖς
1715 1991 1864 2024 τοιαύταις

1055 2042 1211 2075 ἐπιστολαῖς
1239 2042 1439 2077 ἀναθεματίσαι
1453 2060 1462 2073 ,
1490 2039 1529 2072 ὡς
1557 2038 1607 2075 τὴν
1635 2038 1775 2074 μακαρίαν
1809 2038 1862 2064 καὶ

1056 2088 1181 2116 θεοτόκον
1197 2087 1309 2124 Μαρίαν
1323 2087 1386 2122 οὐχὶ
1401 2085 1451 2113 τοῦ
1467 2085 1548 2119 Θεοῦ,
1564 2084 1711 2119 ἀνθρώπου
1726 2084 1755 2111 δὲ
1777 2083 1864 2118 μόνον

1057 2134 1233 2170 τολμήσαντα
1249 2133 1339 2161 εἰπεῖν
1363 2132 1470 2168 μητέρα
1484 2140 1492 2147 ·
1511 2131 1559 2158 καὶ
1577 2131 1619 2158 ὅτι
1637 2129 1746 2166 πρῶτος
1761 2129 1777 2156 δ
1791 2129 1814 2145 ⁸⁷
1833 2130 1865 2156 ἑν

1021 2164 1044 2193 D
1058 2164 1146 2215 ἁγίοις
1167 2179 1243 2207 Λέων
1262 2164 1451 2210 ἰδικῶςίείπεν
1466 2177 1563 2208 αὑταῖς
1583 2164 1689 2209 λέξεσιν
1705 2175 1744 2208 ὡς
1762 2175 1864 2210 μήτηρ

213 2226 282 2252 6ιοῦ
305 2226 380 2252 ἰστιν
405 2225 422 2260 ὴ
450 2225 515 2259 ἁγία
536 2225 679 2257 Θιοτόκος,
703 2224 758 2252 τῶν
774 2224 829 2261 πρὸ
843 2224 927 2253 αὐτοῦ
949 2226 1082 2262 Πατέρων
1099 2227 1172 2255 οὕτω
1198 2226 1370 2262 διαπρυσίοις
1390 2225 1496 2262 ῥήμασι
1530 2224 1569 2260 μὴ
1603 2223 1682 2251 τοῦτο
1715 2222 1863 2258 φαμένων.

215 2270 253 2299 Τὸ
275 2269 325 2305 μὲν
351 2267 398 2297 οὖν
419 2269 528 2306 πρῶτον
556 2269 631 2306 αὐτῷ
658 2270 808 2304 κεφάλαιον
832 2270 920 2298 ταῦτα
945 2271 1096 2300 διατάττει-

253 2318 359 2354 Excipit
375 2319 427 2346 hoc
446 2318 612 2353 proximum,
633 2326 687 2354 quo
709 2319 864 2346 ostenditur
880 2324 1006 2347 sanctum

217 2365 335 2393 Leonem
351 2365 464 2400 reliquis
478 2365 604 2393 Patrihus
614 2364 840 2399 consentientem,
858 2373 942 2392 unum
959 2364 1006 2393 Fi-

217 2411 282 2439 lium
308 2418 370 2439 esse
394 2410 541 2438 conﬁteri:
558 2415 642 2445 atque
667 2410 749 2439 unius
776 2414 804 2439 et
828 2411 952 2446 ejusdem
977 2415 1008 2438 ut

217 2457 298 2486 aliam
323 2457 450 2490 formam,
464 2457 505 2484 sic
518 2461 547 2484 et
565 2457 700 2485 diversam
725 2461 831 2485 natura;
853 2457 1005 2491 actionem,

217 2511 353 2538 mtsqnam
373 2502 535 2530 divisionem
556 2503 660 2530 unitate
683 2503 830 2535 adducens,
853 2502 902 2530 sed
922 2510 1006 2531 unum

219 2551 357 2579 hominem
373 2549 475 2578 factum
504 2549 587 2577 Deum
605 2549 723 2577 Verbum
752 2549 895 2584 praedicat.
908 2548 1008 2584 Adjicit

217 2603 282 2623 vero
305 2595 403 2623 Leonis
416 2595 558 2623 sententiae
580 2600 608 2623 et
622 2594 718 2630 Cyrilli
745 2595 882 2630 dogmata,
898 2594 1009 2629 conspi-

220 2649 282 2669 rare
301 2641 372 2670 inter
394 2649 425 2670 se
450 2643 609 2675 ostendens,
625 2646 654 2669 et
676 2640 799 2676 Gregorii
825 2640 951 2676 Nysseni,
980 2644 1009 2668 et

216 2685 282 2715 Julii
298 2687 424 2716 Romani.
445 2688 546 2716 Adlitec
559 2693 588 2715 et
605 2687 687 2715 verba
705 2687 792 2723 ponit,
804 2687 905 2722 quibus
929 2692 1008 2715 utens

1091 2320 1223 2357 Δεύτερον
1235 2321 1265 2348 δὲ
1279 2320 1356 2356 αὐτῷ
1372 2320 1537 2356 προάγεται,
1551 2319 1585 2346 δι’
1599 2316 1630 2346 οὖ
1643 2317 1783 2346 δείκνυται
1795 2316 1839 2349 ὥς
1850 2318 1866 2345 ὁ

1055 2367 1203 2400 ὁσιώτατος
1226 2367 1304 2395 Λέων
1327 2367 1384 2399 τοῖς
1409 2365 1535 2402 Πατράσι
1564 2364 1721 2401 συμφωνῶν
1738 2364 1788 2391 ἕνα
1813 2364 1865 2391 τὸν

1055 2413 1138 2440 αὑτὸν
1151 2412 1280 2449 ὁμολογεῖ
1294 2412 1371 2445 Υίδν,
1389 2412 1438 2439 καὶ
1450 2411 1498 2439 τοῦ
1521 2411 1607 2439 αὑτοῦ
1624 2410 1671 2438 καὶ
1687 2409 1748 2442 ἑνὸς
1762 2408 1864 2446 ὥσπερ

1056 2459 1192 2496 ἑκατέραν
1219 2459 1339 2495 μορφὴν,
1361 2458 1434 2486 οὕτω
1448 2458 1496 2486 καὶ
1520 2458 1571 2493 τὴν
1591 2458 1721 2493 διάφορον
1738 2456 1864 2492 φυσικὴν

1056 2504 1209 2540 ἐνάργειαν,
1225 2504 1346 2540 οὐδαμοῦ
1358 2504 1491 2539 διαίρεσιν
1505 2504 1539 2538 τῇ
1555 2501 1651 2529 ἑνώσει
1667 2501 1861 2537 παρεισάγων,

1055 2551 1114 2579 ἀλλ’
1140 2551 1189 2578 ινα
1215 2551 1262 2578 τὸν
1288 2550 1502 2586 σεσαρκωμὲνον
1524 2549 1640 2584 ἀνυμνεί
1663 2548 1732 2575 Θεὸν
1758 2548 1861 2583 Λόγον.

1056 2596 1229 2632 Παρατίθησι
1251 2595 1281 2623 δὲ
1303 2597 1366 2627 ταῖς
1388 2596 1492 2630 φωναῖς
1516 2594 1565 2622 τοῦ
1588 2593 1663 2621 ὁσίου
1686 2594 1804 2626 Λέοντος
1825 2595 1862 2622 τὰ

1057 2643 1191 2679 Κυρίλλου
1201 2642 1334 2677 δόγματα,
1343 2641 1451 2673 δεικνὺς
1464 2640 1536 2668 κατὰ
1545 2640 1635 2668 πάντα
1645 2640 1861 2675 συμφωνοῦντα,

1056 2689 1105 2716 καὶ
1116 2689 1151 2721 δὴ
1163 2688 1208 2716 καὶ
1221 2688 1375 2724 Γρηγορίου
1388 2688 1435 2715 τοῦ
1451 2687 1576 2723 Νύσσης,
1593 2686 1663 2714 ἀλλὰ
1678 2685 1727 2713 καὶ
1747 2686 1862 2713 Ἰουλίου

847 2745 965 2773 VARUS
980 2744 1186 2773 LECTIONES.

257 2792 280 2828 f‘
293 2790 376 2828 εἶναι]
392 2792 439 2819 καὶ
462 2789 533 2828 εἶναι
545 2801 575 2825 ς.
615 2792 638 2810 ³⁵

219 2827 300 2856 τοῦτό

223 2861 307 2900 μηδὲν
322 2861 486 2899 διενήνοχενζ

652 2792 669 2827 ἢ
688 2792 750 2829 libri
767 2800 822 2820 om.
860 2793 884 2810 "
899 2792 1033 2829 προσάγει
1048 2792 1111 2829 τινὰ
1123 2794 1155 2829 τῇ

317 2825 566 2890 manu;
584 2827 639 2864 γὰρ
652 2825 697 2855 διαὶ
712 2828 786 2856 ἄλλοι
804 2825 945 2865 προεῖπον.
966 2825 1002 2857 “ll
1014 2828 1056 2856 ὅτι
1064 2825 1189 2857 θωτόῇον
1202 2828 1251 2864 μὲν
1261 2825 1398 2863 λέγουσιν,
1414 2829 1520 2864 μητέρα
1529 2829 1558 2856 δὲ
1569 2825 1633 2856 θεοῦ
1645 2827 1696 2855 οὐκ
1707 2825 1797 2858 εἷπον,
1806 2827 1859 2853 xiv

1179 2792 1310 2828 ἐπιστολῇ
1326 2802 1356 2826 ς.
1404 2794 1425 2810 ⁸⁷
1438 2794 1452 2820 δ
1476 2793 1538 2821 add.
1556 2793 1589 2821 Δ.
1604 2792 1651 2828 qui
1666 2792 1694 2828 in
1711 2799 1757 2828 mg
1774 2799 1780 2818 τ
1801 2791 1859 2828 πῷς
