1920 3090
47 169 90 203 961
549 164 814 195 BlBLlOTHECA.
832 174 865 182 ’-
876 161 960 192 COD.
979 160 1162 192 CCXXVIII.

44 225 83 253 τοῦ
99 223 217 259 Ῥώμης.
245 222 304 249 Ἔτι
327 221 380 258 μὴν
402 221 552 257 παρίστησι
571 221 621 256 τὴν
641 220 714 253 λέξιν
727 240 735 252 ,
756 216 829 259 ᾗπερ

890 222 977 245 teatus
991 215 1059 251 Leo,
1073 215 1184 251 impiam
1199 214 1410 243 Severianorum
1424 213 1590 241 calumniam
1605 214 1672 241 sub-

44 270 206 306 χρησάμενος
232 269 249 295 ὁ
273 269 303 295 ὲν
330 268 420 302 ἁγίοις
443 267 520 294 Λέων
545 266 671 302 διαϐολὴν
702 265 830 298 ἀσεϐείας

893 265 951 304 icit,
969 272 1021 292 non
1041 263 1125 292 semel
1150 268 1233 298 atque
1248 263 1346 290 iterum
1362 261 1410 289 sed
1427 260 1574 296 quinquies
1589 266 1603 286 a
1619 259 1672 295 Cy-

1619 157 1673 190 962

47 319 138 352 ὑπέστη
152 316 230 350 παρὰ
244 315 299 342 τῶν
314 314 368 341 ἀπὸ
383 313 515 349 Σεϐήρου,
529 313 615 348 αὐτὴν
625 312 728 347 ταύτην
744 312 767 328 ⁵³
782 312 832 347 οὐχ

48 362 111 394 ἅπαξ
123 362 182 388 οὐδὲ
192 362 234 393 δὶς
246 360 315 387 ἀλλὰ
328 360 376 387 καὶ
386 359 518 390 πεντάκις
531 358 680 394 εἰρημένην
694 357 830 392 Κυρίλλῳ,

48 409 108 443 φημὶ
125 408 156 443 δὴ
183 407 216 434 τὸ
238 406 383 442 ἑκατέρας.
410 405 448 432 Oti
472 405 607 441 Κύριλλον
630 403 658 431 δὲ
684 403 765 439 μόνον
785 403 832 430 τὸν

48 452 180 488 νικηφόρον
196 452 317 487 χρῆσθαι
333 452 368 487 τῇ
389 451 478 486 φωνῇ,
493 450 555 477 καθ’
583 447 617 485 ἦς
632 448 697 485 [405
710 447 757 484 Η.]
781 456 831 484 με-

51 499 152 535 μηνότες
167 499 192 525 ol
210 498 268 525 ἀπὸ
278 498 400 534 Σεϐἠρου
409 497 569 524 δυσσέϐειαν
584 497 623 531 τῷ
634 495 756 532 θεοφόρῳ
771 497 831 522 επι-

50 544 169 580 γρὰφουσι
182 543 292 577 Λέοντι,
308 544 377 571 ἀλλὰ
389 544 437 570 καὶ
448 543 495 570 τὸν
508 543 665 578 θαυμαστὸν
679 542 830 569 Βασίλειον.

51 591 98 617 Οὐκ
112 590 139 616 ἐν
155 589 245 626 ταύτῃ
262 589 290 616 δὲ
305 589 375 626 μόνῃ
390 590 422 625 τῇ
444 590 520 625 φωνῇ
537 589 694 623 συμφωνεῖν
708 590 763 620 τοῖς
778 588 833 615 τῶν

50 636 163 671 Πατέρων
183 635 284 669 λογάσι
300 635 346 662 τὸν
365 636 394 662 ὲν
418 635 503 666 ὁσίοις
518 634 693 661 ἀποδείκνυσι
711 634 813 661 Λέοντα
824 654 832 666 ,

52 676 105 710 l777
121 680 166 717 3.]
183 681 256 708 ἀλλὰ
270 682 318 708 καὶ
336 681 365 707 ἐν
378 682 435 713 τοῖς
453 681 544 712 ἄλλοις
561 681 647 708 ἅπασι
665 681 782 715 δόγμασι
802 689 833 707 τε

53 728 91 752 καὶ
100 727 213 761 ῥήμασι,
225 726 290 753 καθ’
300 723 338 753 ὧν
350 726 475 753 ὑλακτεῖν
486 726 512 753 oi
522 726 682 761 αίρεσιῶται
693 726 724 753 οὐ
735 726 834 761 πεφρί-

51 778 112 797 κασι·
128 771 192 802 τούς
213 779 245 797 τε
267 770 324 806 γὰρ
343 770 504 806 εἰρημένους
521 770 645 804 Πατέρας
658 769 794 804 ὁμοδοξεῖν
810 770 833 786 ⁵⁸

53 825 76 842 τε
89 816 130 842 καὶ
151 816 297 851 ὁμολογεῖν
311 815 351 851 τῷ
364 816 456 851 ἀνδρὶ,
475 815 523 842 καὶ
544 815 597 851 μὴν
611 815 659 843 καὶ
675 815 834 842 ’Λθανάσιον

52 860 88 886 τὸν
110 860 262 888 πολύαθλον
275 881 284 894 ,
312 861 360 888 καὶ
387 861 433 888 τὸν
460 861 490 888 ὲν
518 860 645 897 θεολογίᾳ
672 861 834 897 περιϐόητον

882 311 945 339 rillo
978 310 1140 346 irrOgatam,
1169 310 1275 342 ambas,
1308 309 1429 343 inquam,
1458 311 1580 334 naturas.
1611 304 1673 333 Non

882 356 1013 393 Cyrillum
1035 356 1116 383 modo
1129 355 1260 383 victorem
1287 355 1339 382 hac
1363 354 1402 381 uti
1418 360 1496 386 voce,
1514 352 1593 385 cujus
1613 359 1674 379 me-

882 409 974 431 mores
990 401 1084 430 cheri
1104 400 1227 433 asseclae,
1242 400 1406 434 impietatem
1429 397 1515 425 Leoni
1538 397 1675 431 imputant

883 449 930 477 sed
956 452 984 476 et.
1012 448 1121 475 beatum
1137 446 1279 478 Basilium,
1298 453 1350 471 non
1375 445 1399 471 in
1422 446 1472 471 hac
1491 443 1578 470 solum
1607 449 1672 468 voce

883 501 944 522 cum
959 493 1061 521 sanctis
1082 492 1211 520 Patribus
1233 489 1387 518 consentire
1414 494 1537 516 sanctum
1552 488 1671 516 Leonem

883 538 1013 570 ostendit,
1036 545 1129 565 verum
1155 537 1238 564 etiam
1261 536 1288 563 in
1309 535 1435 562 omnibus
1452 536 1518 561 adeo
1531 539 1558 561 et
1584 533 1676 561 verbis

883 594 910 617 et
927 588 1026 625 2461)
1062 587 1244 621 dogmatibus,
1275 585 1373 619 quibus
1397 584 1533 610 oblatrare
1554 582 1674 610 haeretici

884 643 938 663 non
954 635 1135 662 ernhuerunt.
1152 631 1302 660 Praedictos
1324 631 1395 658 enim
1410 630 1506 657 Patres
1521 633 1593 656 recte
1612 636 1674 655 cum

886 680 933 708 illo
945 680 1059 712 sentire,
1071 684 1102 707 ut
1118 682 1146 707 et
1162 678 1301 705 laboribus
1312 677 1461 704 exercitum
1479 674 1672 705 Athanasium,

883 730 912 753 et
935 725 1052 759 theologi
1071 724 1232 759 cognomine
1254 723 1396 757 praeditum
1417 720 1588 755 Gregorium,
1608 719 1675 746 Pro-

884 772 953 799 clum
969 778 1078 807 quoque
1102 769 1385 803 Constantinopoleos,
1406 773 1432 794 et
1455 766 1673 801 Amphilochium

883 816 967 845 lconii
1000 816 1154 852 praesules;
1169 820 1197 843 et
1224 815 1410 842 admirandum
1437 814 1511 840 illum
1543 811 1675 839 Joannem

884 864 1120 899 Chrysostomum.
1139 862 1173 890 Et
1190 856 1366 896 haecquidem
1385 860 1473 894 capite
1487 858 1617 886 secundo.

52 905 195 940 Γρητόριον,
223 905 349 942 Πρόκλον
359 915 389 933 τε
400 906 447 933 τὸν
459 907 773 940 Κωνσταντινουπόλεως
785 909 832 935 καὶ
857 909 1031 945 ’Λμφιλόχιον
1043 909 1089 936 τὸν
1105 908 1217 936 Ἰκονίου
1227 908 1275 935 καὶ
1305 906 1352 934 τδν
1381 906 1530 941 Θαυμάσιον
1549 903 1676 937 Ἰωάννην

56 953 94 979 τὸν
103 954 305 989 Χρυσὸστομον.
319 953 401 981 Ἀλλὰ
412 953 498 981 ταῦτα
510 955 560 990 μὲν
574 955 623 982 καὶ
636 955 666 981 τὸ
676 955 801 991 δεύτερον
811 956 833 972 ⁸ο
852 956 926 992 αὑτῷ
940 956 1209 992 διαπραγματεύεται
1222 955 1379 990 κεφάλαιον.

79 999 112 1025 Τὸ
123 999 150 1025 δὲ
173 999 280 1035 τρίτον,
301 999 342 1026 ὃτι
356 999 392 1026 τὰ
408 999 499 1035 ἄρθρα
514 1002 721 1036 προταττόμενσι
740 1002 793 1029 τῶν
810 1003 836 1029 ὲν

924 1003 1058 1036 Tertium,
1071 1002 1201 1030 articulos
1215 1002 1340 1038 praeﬁxos
1350 1006 1506 1028 naturarum
1516 1000 1541 1027 in
1554 999 1674 1032 Christo,

51 1044 83 1080 τῷ
102 1044 210 1080 Χριστῷ
237 1045 348 1079 φύσεων
371 1045 497 1081 οὐδαμῶς
521 1046 588 1073 υἱῶν
609 1046 692 1074 δυάδα
718 1048 834 1075 ἐπινοεῖν

51 1091 167 1125 οὐμενοῦν
191 1091 243 1127 οὐχ
270 1091 448 1125 ὑποτίθεται,
476 1092 534 1119 ἀλλ’
557 1092 631 1120 ἐστιν
658 1093 757 1129 ἰδίωμα
784 1095 835 1130 τῆς

54 1135 115 1168 θείας
128 1137 148 1152 ⁶¹
163 1136 279 1172 Γραφῖκ
294 1156 301 1169 ,
329 1136 360 1163 οὺ
387 1136 542 1173 προσώπων
566 1138 616 1173 μὲν
634 1139 687 1175 (ὡς
710 1138 834 1174 εἴρηται)

53 1181 120 1208 δυάδα
133 1182 314 1218 παρεισάγον,
326 1183 375 1215 τὰς
388 1184 534 1216 ὲνωθείσας
546 1184 574 1211 δὲ
589 1184 684 1219 φύσεις
697 1186 836 1221 ἀτμήτους

54 1234 76 1251 τε
88 1227 128 1252 καὶ
141 1227 317 1262 ἀδιαιρέτους
332 1227 521 1262 διαφυλάττον.
537 1229 594 1255 Καὶ
608 1228 662 1265 γὰρ
674 1230 722 1256 καὶ
733 1229 836 1265 ταύτην

54 1273 93 1307 τὴν
114 1273 244 1309 ἐπήρειαν
272 1274 343 1301 κατὰ
366 1276 416 1310 τῆς
442 1274 489 1301 τοῦ
514 1274 629 1306 Λέοντος
652 1274 797 1310 ἐπιστολῆς
818 1276 836 1312 ὴ

55 1318 161 1353 αἱρετικὴ
175 1318 267 1346 λύσσα
278 1319 549 1354 κατέχεεν,εξπόντος
563 1319 658 1346 αὐτοῦ’
674 1320 787 1355 Ὠσπερ
802 1321 837 1348 ὲν

55 1362 88 1394 τῷ
101 1362 192 1390 ἐλεεῖν
212 1365 231 1391 ὁ
248 1364 322 1397 Θεὸς
348 1364 464 1398 τροπὴν
481 1366 537 1399 οὺχ
554 1365 726 1399 ὑφίσταται,
743 1366 837 1399 οὕτως

56 1408 69 1433 ό
84 1408 229 1442 ἄνθρωπος
246 1408 288 1442 τῷ
300 1409 418 1444 μεγέθει
437 1408 492 1443 τῆς
505 1409 594 1443 ἀξίας
607 1411 663 1437 οὐκ
678 1410 838 1438 ἀναλίσκε-

58 1462 103 1481 ται.
118 1454 205 1489 Ὅπερ
219 1453 269 1482 οὖν
281 1455 400 1490 εῐρηται,
414 1455 485 1482 κατὰ
499 1455 531 1482 ea
543 1456 634 1492 τρίτον
648 1456 794 1490 κεφάλαιον
806 1456 838 1483 ἔκ

56 1507 80 1525 τε
91 1500 138 1527 τῶν
149 1501 343 1535 Εὐαγγελικῶν
356 1501 454 1536 φωνῶν
467 1502 513 1528 καὶ
526 1502 558 1528 ἐκ
570 1501 625 1528 τῶν
638 1502 835 1535 ἀποστολικῶν,

58 1546 96 1571 καὶ
105 1547 133 1581 δὴ
140 1548 185 1573 καὶ
196 1549 228 1573 ὲκ
243 1547 299 1573 τῶν
312 1547 456 1583 μακαρίων
467 1547 598 1582 Πατέρων
607 1547 697 1582 ὴμῶν,
706 1547 837 1581 Ίγνατίου

57 1591 95 1617 τοῦ
113 1592 240 1627 θεοφόρου
265 1593 312 1619 καὶ
331 1593 442 1619 Ἰουλίου
459 1593 506 1619 καὶΙ
527 1593 688 1620 ’Λθανασίου
703 1594 749 1620 καὶ
764 1593 837 1629 Γρη-

59 1637 143 1671 γορὶων
155 1638 201 1665 καὶ
216 1637 371 1670 Βασιλείου,
387 1636 521 1672 διελέγχει
537 1638 602 1669 τοὺς
616 1637 757 1668 δυσσεϐεῖς
769 1637 807 1668 ὡς
820 1637 837 1672 ἡ

59 1682 103 1708 τῶν
114 1684 219 1720 ἂρθρων
236 1684 337 1720 χρῆσις
350 1684 462 1721 (πάντες
479 1684 533 1719 γὰρ
548 1683 621 1711 οὗτοι
635 1684 740 1716 τούτοις
752 1684 836 1720 ὲχρή-
850 1691 872 1720 c

61 1735 137 1762 ηαντο)
157 1731 286 1767 οὐδεμίαν
306 1731 394 1767 τομὴν
406 1732 423 1767 ἢ
438 1731 570 1767 διαίρεσιν
589 1732 692 1758 ἐπινοεῖ
720 1733 769 1767 τῆς
795 1732 840 1758 ὲν-

61 1774 148 1808 ώσεως.
165 1778 208 1804 Ἐν
226 1775 269 1810 οἷς
293 1778 425 1813 ὑποφέρει
457 1778 499 1805 ὅτι
518 1777 566 1805 καὶ
582 1778 623 1810 τὸ,
656 1778 708 1805 Ἐν
720 1777 783 1809 ὄσφ
804 1777 839 1804 τὰ

889 1057 1058 1084 nequaquam
1084 1049 1154 1076 ﬁlios
1176 1049 1244 1075 duos
1259 1047 1398 1078 exhibere,
1423 1054 1474 1072 non
1493 1046 1575 1080 igitur
1590 1045 1677 1079 subji-

888 1096 970 1129 citur,
991 1095 1038 1123 sed
1054 1101 1096 1122 est
1115 1094 1239 1130 proprius
1262 1092 1390 1128 l0quendi
1413 1099 1499 1120 sacrae
1525 1090 1675 1125 Scriptura:

889 1141 1003 1173 modus;
1027 1148 1080 1168 non
1106 1141 1173 1167 duas
1193 1141 1302 1175 quidem
1332 1146 1475 1174 personas,
1495 1143 1524 1165 ut
1547 1137 1676 1168 diximus.

889 1187 1055 1222 signiﬁcans,
1072 1187 1120 1214 sed
1139 1186 1230 1213 unitas
1248 1191 1359 1213 naturas
1374 1179 1570 1219 inseparaliiles
1583 1188 1610 1211 et
1635 1183 1677 1209 in-

890 1232 1014 1260 dividuas
1025 1240 1203 1259 conservans.
1216 1231 1321 1258 Etenim
1338 1230 1466 1257 haeretica
1482 1230 1572 1257 rabies
1583 1229 1678 1257 ell'udit

890 1278 1016 1312 iniuriam
1043 1282 1140 1305 contra
1167 1277 1266 1305 Leonis
1291 1276 1433 1312 epistolam
1462 1276 1504 1304 sic
1533 1276 1678 1302 dicentis:

891 1324 1119 1357 Quemadmodum
1150 1324 1299 1351 miserando
1327 1323 1500 1350 mutationem
1528 1321 1599 1348 Deut
1626 1329 1679 1348 non

890 1370 996 1405 suscipit
1010 1389 1017 1401 ,
1034 1371 1071 1397 ait:
1087 1370 1162 1397 Immo
1189 1369 1324 1405 dignitatis
1339 1369 1520 1405 magnitudine
1534 1376 1585 1395 non
1600 1367 1679 1401 perit.

890 1415 966 1449 Quod
987 1416 1068 1451 igitur
1087 1416 1168 1443 tertio
1197 1416 1288 1450 capite
1303 1415 1404 1442 dictum
1420 1419 1508 1442 estex
1533 1413 1675 1447 Evangelii

890 1465 918 1487 et
944 1460 1127 1495 apostolorum
1153 1468 1246 1491 SCIISII,
1262 1465 1344 1495 atque
1361 1460 1429 1487 adeo
1458 1467 1492 1486 ex
1522 1464 1679 1487 sanctorum

892 1504 1001 1532 Patrum
1029 1506 1175 1540 sententia,
1192 1505 1276 1533 divini
1301 1504 1499 1540 lguatiiJulii,
1524 1504 1678 1536 Athanasii,

890 1551 1094 1586 Gregoriornm,
1114 1557 1141 1579 et
1166 1550 1272 1583 Basilii,
1288 1551 1464 1585 reprehendit
1481 1550 1591 1585 impios,
1608 1549 1681 1585 quod

890 1597 1070 1624 articulorum
1098 1605 1162 1625 usus
1180 1598 1286 1631 (omnes
1311 1597 1382 1624 enim
1409 1597 1434 1623 lii
1454 1596 1508 1623 illis
1537 1596 1578 1622 usi
1606 1596 1680 1632 sunt)

893 1643 995 1670 nullam
1007 1643 1157 1670 sectionem
1175 1648 1224 1670 aut
1237 1643 1396 1670 divisionem
1411 1642 1523 1669 unitatis
1534 1642 1679 1676 signiﬁcat,

888 1690 985 1723 quibus
1006 1688 1099 1715 addit:
1117 1688 1183 1721 Qum
1200 1694 1223 1715 et
1240 1693 1349 1722 utroque
1367 1695 1469 1715 uersum
1496 1686 1580 1713 relata
1602 1691 1675 1713 sunt.

895 1732 951 1760 Hoc
975 1740 990 1760 a
1015 1733 1106 1761 Leone
1120 1741 1291 1769 expressum,
1322 1740 1374 1759 non
1403 1731 1533 1766 temporis
1557 1730 1680 1758 declara-

893 1780 1005 1813 tionem,
1020 1780 1067 1807 sed
1080 1787 1129 1814 pro
1145 1780 1203 1812 illo,
1216 1787 1264 1814 per
1276 1779 1378 1810 omnia,
1396 1778 1538 1811 accipitur.

61 1824 258 1860 συναμφότερα
266 1825 341 1859 μετὰ
354 1825 501 1860 duum
510 1824 596 1851 ἐστὶν
609 1824 764 1860 (εἰρημένον
777 1824 806 1851 δέ
817 1825 875 1852 ἐστι
893 1826 973 1853 τοῦτο
991 1826 1030 1862 τῷ
1050 1826 1189 1862 ὁσιωτάτῳ
1210 1825 1320 1861 Λέοντι)
1343 1825 1374 1851 οὺ
1394 1825 1417 1840 ⁶¹
1436 1823 1532 1859 χρόνου
1553 1823 1680 1862 δήλωσιν²

62 1867 108 1893 ἀλλ’
118 1870 175 1897 ἀντὶ
194 1870 244 1896 τοῦ
258 1870 303 1896 διὰ
317 1871 419 1901 παντὸς
435 1869 692 1905 παραλαμϐάνεται.

88 1912 214 1949 Τέταρτον
232 1914 261 1940 δὲ
285 1914 432 1948 κεφάλαιον
447 1915 487 1945 είς
503 1913 608 1948 μέμψιν
629 1914 706 1950 παρὰ
719 1913 775 1941 τῶν
800 1914 843 1941 αι-

64 1958 162 1989 ρετικῶν
190 1959 328 1994 προταθὲν
356 1958 504 1985 ἀνεύθυνον
529 1958 672 1990 παντελῶς
696 1958 843 1993 ἀποφαίνει

63 2000 98 2027 διὰ
119 2003 164 2038 τῆς
188 2004 286 2039 ὁμοίας
313 2003 438 2039 μεθόδου,
465 2003 559 2038 φωνὰς
582 2003 785 2038 συμϐαινούσας
802 2003 842 2039 τῷ

64 2047 195 2076 αἱτιαθέντι
211 2049 384 2084 παρατιθεὶς.
399 2046 444 2082 αἷς
462 2050 477 2076 ὁ
496 2049 577 2084 χορὸς
590 2049 646 2076 τῶν
668 2049 753 2084 ἁγίων
762 2049 843 2085 ἡμῶν

64 2091 176 2129 Πατέρων
195 2095 314 2131 χρῆσθαι
337 2094 459 2122 εἰώθασι.
483 2095 520 2122 Τδ
537 2095 566 2121 δὲ
588 2095 736 2129 κεφάλαιον
754 2094 842 2129 φωναὶ

66 2139 105 2172 μέν
118 2141 167 2167 εἰσι
181 2141 229 2167 τοὺ
246 2141 275 2167 ὲν
296 2141 386 2175 ἁγίοις
406 2141 521 2172 Λέοντος
531 2160 540 2173 ,
562 2139 672 2175 λέγουσι
691 2140 719 2166 δὲ
733 2134 821 2166 ταῦτα
832 2147 841 2157 ο

67 2183 102 2209 Tit
115 2185 169 2219 μὲν
182 2186 302 2213 κλαίειν
317 2186 376 2220 τὴν
388 2186 570 2220 βεϐαιότητα
586 2185 642 2221 τῆς
656 2186 750 2214 αὐτοῦ
767 2193 841 2220 σαρ-

66 2229 108 2262 κὸς
135 2231 345 2265 ἐπεδείκνυτο,
374 2231 414 2265 τῷ
442 2232 477 2259 δὲ
501 2232 674 2266 ἀναστῆσαι
703 2231 779 2266 πρὸς
805 2232 840 2259 τὸ

66 2273 199 2310 adth
214 2276 270 2310 τῆς
283 2276 377 2304 αὑτοῦ
396 2277 499 2311 φωνῆς
512 2276 569 2311 τὴν
580 2277 733 2311 ἄχραντον
744 2276 839 2304 αὐτοῦ

66 2319 171 2354 θεότητα
183 2321 304 2354 ἐδήλου.
322 2321 409 2355 Ἑνὸς
422 2321 445 2337 ⁸³
459 2321 493 2349 δὲ
505 2322 555 2349 και
568 2322 622 2349 τοῦ
635 2322 728 2349 αὑτοῦ
741 2322 838 2357 ἀμφό-

67 2371 122 2397 τερα
137 2367 300 2401 πέπρακταί
315 2376 347 2394 τε
361 2367 412 2395 καὶ
425 2368 576 2395 λέλεκται.

95 2411 209 2447 Πέμπτον
230 2413 259 2440 δὲ
275 2414 360 2449 λαϐὴν
379 2414 561 2450 προταθεϊσαν
580 2414 656 2449 παρὰ
676 2414 731 2441 τῶν
747 2414 837 2442 αὐτῶν

932 1914 1064 1948 Quartum
1082 1920 1147 1940 vero
1161 1917 1244 1948 caput
1259 1917 1356 1940 contra
1374 1912 1613 1947 reprehensionem
1630 1912 1682 1939 ha:-

894 1961 1054 1988 reticorum.
1071 1959 1246 1986 lunocentem
1272 1965 1468 1994 usquequaque
1489 1958 1610 1985 ostendit
1633 1966 1681 1993 per

894 2004 1012 2033 similem
1029 2004 1196 2037 methodum,
1210 2010 1291 2031 voces
1305 2010 1371 2030 vero
1384 2003 1585 2031 consentientes
1601 2011 1682 2031 accu-

893 2054 953 2077 sato
966 2049 1111 2084 adjiciens,
1125 2049 1226 2083 quibus
1249 2052 1279 2075 ut
1296 2049 1367 2075 solet
1389 2053 1546 2076 sanctorum
1568 2047 1680 2076 Patrum

893 2100 980 2123 cetus
1008 2095 1102 2122 utitur.
1129 2094 1185 2122 Hoc
1207 2099 1297 2121 autem
1322 2099 1403 2128 caput
1430 2095 1511 2122 verba
1539 2094 1596 2129 ipsa
1617 2100 1682 2122 sunt

892 2139 993 2168 Leonis
1004 2140 1074 2176 (69),
1091 2148 1151 2176 qua:
1166 2141 1207 2168 sic
1222 2140 1279 2168 fere
1299 2140 1419 2168 habent:
1442 2139 1521 2172 Flete
1534 2142 1623 2168 carnis
1640 2149 1682 2168 oe-

892 2187 999 2214 ritalem
1018 2186 1142 2218 ostendit,
1159 2187 1334 2214 rexurrezt'ue
1349 2194 1406 2214 vero
1413 2187 1448 2213 ad
1463 2187 1531 2213 uocis
1542 2187 1681 2221 imperium

892 2231 1037 2264 Lazarum,
1062 2231 1260 2258 immaculatum
1286 2232 1345 2266 ejus
1360 2231 1528 2265 divinitatem
1549 2231 1679 2259 declarat.

892 2278 932 2305 Ab
947 2285 1001 2305 uno
1016 2278 1086 2305 enim
1098 2283 1210 2313 utraque
1225 2283 1249 2305 et
1262 2278 1334 2304 dicta
1345 2283 1370 2304 et
1385 2277 1467 2312 facta.

925 2409 1056 2444 Quintum
1073 2417 1136 2437 vero
1154 2409 1342 2437 haereticorum
1365 2414 1524 2445 praetextum
1550 2410 1679 2446 all'erens,

68 2456 194 2490 αἱρετικῶν
222 2460 293 2486 κατὰ
325 2460 422 2495 φωνῶν
448 2461 549 2496 ὁμοίων
576 2460 624 2488 τοῦ
652 2460 735 2487 αὑτοῦ
763 2460 836 2496 ἱεροῦ

890 2461 986 2485 contra
1013 2463 1110 2484 vocum
1135 2455 1340 2484 similitudinem
1360 2457 1481 2491 ejusdem
1497 2457 1549 2485 viri
1578 2459 1678 2490 sancti,

69 2500 148 2535 ανδρδς
158 2503 201 2531 διὰ
214 2505 263 2540 τῆς
275 2506 371 2540 ὁμοίας
385 2506 562 2542 ιπιρῤαπίζει
576 2506 698 2541 μεθόδου.
716 2506 795 2532 Ἐστι
808 2505 836 2532 δὲ

890 2511 939 2538 per
954 2503 1070 2530 similem
1090 2502 1251 2530 methodum
1273 2503 1381 2530 refellit.
1400 2503 1486 2530 Verba
1502 2502 1575 2531 illius
1590 2509 1655 2531 sunt
1671 2513 1678 2530 :

70 2545 82 2577 ἡ
94 2548 249 2595 Ποία
262 2551 356 2595 φύσις
370 2551 568 2586 διαπέπαρται
582 2551 645 2584 τοῖς
657 2551 743 2585 ἣλοις
755 2550 836 2584 ἐντῷ

892 2550 987 2582 Qualis
1010 2554 1108 2576 natura
1124 2550 1203 2577 clavis
1226 2550 1304 2585 afﬁxa
1328 2550 1355 2577 in
1375 2550 1473 2587 247α
1501 2550 1573 2586 ligno
1594 2554 1678 2578 crucis

70 2594 112 2617 τού
144 2594 274 2629 σταυροῦ
308 2595 393 2628 ξύλῳ
427 2595 481 2623 τοῦ
514 2597 764 2631 προσπεπηγότος
798 2595 836 2629 τῷ

892 2601 1027 2630 compacta
1043 2596 1141 2623 cruce?
1164 2595 1220 2623 Hoc
1237 2596 1345 2631 quidem
1361 2597 1450 2631 capite
1462 2601 1490 2624 ct
1509 2596 1606 2624 lsidori
1620 2605 1679 2624 mo-

691 2664 811 2692 VARUS
827 2664 1030 2693 LECTIONES.

103 2739 126 2780 ‘f‘
133 2742 228 2780 ταύτην
239 2743 304 2780 add.
319 2743 350 2780 Λ.
389 2744 414 2780 "7
424 2742 576 2780 ῥρθοδοξεῖν
593 2754 623 2777 ς.

123 2745 304 2783 ⁴ἰδιώτην-ῥᾳδΓ
319 2745 350 2783 ᾼ.
389 2745 576 2783 ’ξςρθοδρξεζν
593 2754 623 2777 ς.
671 2745 693 2761 ⁸ο
702 2745 777 2781 αὺτῷ
791 2745 838 2773 καὶ
867 2745 893 2773 τὸ
909 2746 1036 2783 δεύτερον
1052 2749 1085 2775 Α.

73 2772 182 2811 Scaliger.
206 2772 212 2780 ”
224 2779 247 2795 ⁸³
262 2779 332 2816 ἑνὸς]
350 2779 416 2814 παρ’
425 2772 485 2811 ἑνὸς
500 2772 626 2807 Rutheni.

1150 2749 1169 2765 "
1189 2748 1276 2786 θείας]
1293 2749 1367 2785 ἱερᾶς
1381 2758 1412 2782 ς.
1459 2750 1482 2766 ⁶²
1496 2748 1541 2786 οὐ]
1561 2747 1592 2777 οὒ
1607 2748 1676 2784 πρὸς

101 2868 148 2904 (69)
162 2870 247 2907 Supra
255 2872 314 2901 haec
324 2872 425 2901 Leonis
438 2872 520 2901 verba
536 2873 569 2901 ab
585 2872 697 2908 Eulogio
722 2825 922 2902 επετυῗὲἷίΈ’
