1920 3090
206 2754 213 2781 ἱ

221 139 279 172 9ὀ3

800 137 933 169 ΡΗΟΤΙΙ
945 137 1199 169 ΡΑΤΒΙΑΒΟΗᾹΞ
1215 137 1269 168 CP.

1796 136 1855 169 964

225 195 306 223 nachi
323 195 401 227 clari,
420 194 594 222 Alexandrini
622 193 702 222 domo
731 197 758 222 et
784 194 855 222 inter
877 195 1006 230 praesules

1065 193 1198 228 γταυρῷ;
1218 194 1247 220 ὲν
1262 192 1350 228 τούτῳ
1364 192 1403 228 τῷ
1418 192 1559 228 κεφαλαίῳ
1579 192 1628 219 καὶ
1639 191 1704 229 [406
1721 191 1768 228 ΙΙ.]
1776 193 1856 226 ,Ίσι-

222 241 349 272 illustris,
363 240 492 276 epistolas
514 240 616 274 aliquot
638 240 672 267 de
695 240 788 267 multis
813 241 933 273 adducit,
947 248 1007 275 quia

221 293 270 321 per
283 286 374 313 omnia
387 286 553 313 conveniunt
567 293 629 313 cum
644 286 692 318 iis,
706 293 766 320 quae
777 289 807 314 ut
827 285 910 322 impia
925 286 1008 314 haere-

221 331 268 359 tici
282 331 443 359 calumniari
459 330 560 359 solent.

254 469 344 504 Atque
364 470 390 496 in
415 470 457 497 his
471 470 580 505 quidem
599 471 715 506 epistola
737 472 771 500 ad
786 471 934 500 Zenobiam
947 479 1009 500 ver-

220 522 305 544 satur.
333 517 399 544 Aliae
427 517 460 544 ad
487 517 668 545 Justinianum
701 518 893 553 imperatorem
919 519 1010 546 missa:

220 563 317 590 litterae
335 571 341 589 :
361 562 419 589 hate
437 563 545 597 quidem
566 563 637 591 illius
656 564 782 598 pietatem
803 564 1007 598 commendans,

220 607 265 634 illa
284 615 349 634 vero
368 609 401 634 de
415 607 557 634 monachis
570 607 704 642 religiosis
723 615 844 635 eremum
861 606 1005 634 incolenti-

221 654 272 681 bus
297 654 406 688 pietatis
428 653 613 681 testimonium
639 653 805 681 luculentum
834 654 890 681 dat.
918 652 1010 680 Tertia

219 705 285 725 vero
299 699 425 725 Antliimi
454 699 594 733 synodalia
609 705 738 726 accurate
752 699 786 726 de
803 699 864 726 ﬁdei
880 698 1011 734 dogmati-

219 745 280 776 bus,
294 749 322 770 et
341 744 422 770 missa
441 748 469 770 et
489 745 590 778 scripta
606 751 666 771 esse
686 744 823 776 ostendit;
841 743 924 770 altera
945 751 1010 771 vero

219 790 253 817 ad
274 791 360 824 ipsum
388 790 505 817 mittitur
527 791 686 817 Anthimum
704 795 766 824 post
790 790 942 825 synodalia,
961 798 1010 818 eo-

219 844 278 864 rum
292 836 474 863 laudationem
492 844 544 863 nou
564 844 709 868 excusans.
730 836 808 870 quasi
834 836 900 863 nihil
914 836 1011 863 Anthi-

218 882 255 909 mi
269 881 415 915 impietatis
438 881 463 907 in
483 881 516 908 iis
535 884 674 915 appareat,
698 879 751 906 nisi
773 879 844 913 quod
862 879 1012 906 minutissi-

219 933 275 958 me,
296 929 324 952 et
357 924 563 952 accuratissime
581 924 739 951 Anthimum
769 924 887 958 postulet
911 925 1010 959 recipi;

218 971 359 1007 Eutychen
374 976 401 998 et
417 971 547 1006 Eutychis
563 971 690 1006 dogmata
708 971 950 998 escommunicari.

1056 239 1142 275 δώρου
1157 239 1204 266 τοῦ
1225 240 1255 266 ὲν
1273 239 1418 274 μονάζουσι
1441 239 1623 274 περιϐλέπτου
1641 238 1857 274 (Ἅλεξανδρεὺς

1056 285 1085 312 δὲ
1097 285 1128 311 τὸ
1142 285 1220 319 γένος
1232 281 1309 316 οὗτος
1318 281 1363 319 ἦν,
1377 283 1426 310 καὶ
1438 284 1494 315 τοῖς
1508 281 1686 319 ἀρχιερεῦσιν
1699 282 1856 316 αἰδέσιμος)

1056 330 1201 366 διαφόρους
1215 330 1245 363 ἐξ
1259 329 1410 357 ἐπιστολῶν
1427 329 1563 365 διαφόρων
1582 329 1694 365 χρήσεις
1713 328 1856 363 ἐπιφέρει,

1057 377 1085 404 αἲ
1097 377 1166 404 κατὰ
1183 377 1270 404 πάντα
1282 377 1462 412 συμϐαίνουσι
1474 377 1534 408 ταῖς
1547 376 1623 412 παρά
1633 376 1688 403 τῶν
1702 376 1857 411 αἰρετικῶν

1057 423 1095 456 ῶς
1109 424 1158 450 οὐκ
1172 423 1296 450 εὐσεϐέσι
1311 423 1588 459 συκοφαντουμέναις.

1100 469 1172 496 Ἀλλ’
1188 469 1275 496 ταῦτα
1291 469 1341 504 μὲν
1370 469 1387 505 ὴ
1415 469 1484 505 πρὸς
1511 469 1641 504 Ζηνόϐιον
1666 468 1798 503 ἐπιστολὴ
1819 468 1857 495 τά

1059 514 1192 549 κεφάλαια
1208 515 1288 541 πόνον
1299 516 1428 542 ἐποιεῖτο.
1445 515 1559 550 Ἐτεραι
1583 515 1612 541 δὲ
1630 515 1707 550 αὐτῴ
1723 515 1793 550 πρὸς
1806 515 1856 541 τὸν

1060 561 1172 596 βασιλέα
1193 561 1381 588 Ίουστινιανὸν
1411 561 1564 596 γράφονται
1593 561 1748 592 ἐπιστολαὶ,
1767 561 1786 596 ἡ
1803 561 1856 596 μὲν

1059 607 1141 634 αὐτοῦ
1166 606 1215 642 τὴν
1241 606 1384 633 εὐσέϐειαν
1415 605 1615 642 ἀποδεχομένη,
1642 607 1659 642 ἡ
1675 606 1703 633 δὲ
1720 606 1856 642 ἀσκητῶν

1059 661 1141 679 τινων
1158 652 1278 679 εὐσεϐῶν
1302 653 1352 688 τὴν
1364 651 1466 687 ἔρημον
1484 652 1632 679 οἰκούντων
1647 652 1857 687 διαμαρτυρίαν

1060 697 1130 733 ὑπὲρ
1158 697 1299 729 εὐσεϐείας
1333 698 1551 733 προτεινομένη,
1582 697 1664 733 ἑτέρα
1689 698 1717 724 δὲ
1745 697 1781 724 τὰ
1805 698 1855 724 τοῦ

1067 740 1193 778 ’Δνθίμου
1227 743 1354 770 συνοδικὰ
1384 743 1455 770 κατά
1482 744 1532 779 τὴν
1560 743 1704 779 ἀκρίϐειαν
1731 743 1789 770 τῶν
1804 744 1857 778 τῆς

1067 789 1232 824 Ἐκκλησίας
1246 790 1389 825 δογμάτων
1414 789 1527 822 ἀξιοῦσα
1539 789 1743 825 διατυπωοῆναί
1760 798 1792 816 τε
1807 790 1859 816 καὶ

1062 835 1258 870 ἀποσταλῆναι.
1285 835 1372 870 Ἀλλη
1405 835 1434 862 δὲ
1461 836 1528 870 πρὸς
1540 835 1621 861 αὐτὸν
1647 835 1693 861 τὸν
1719 834 1857 868 ’Δνθιμον

1065 882 1135 916 μετὰ
1161 881 1196 907 τὰ
1219 881 1347 908 συνοδικά
1372 881 1513 908 στέλλεται
1534 881 1567 913 ⁸⁵,
1585 880 1654 917 [καὶ]
1681 880 1730 916 τὴν
1742 881 1858 907 ἐκείνων

1063 926 1200 963 ἀποδοχὴν
1215 928 1245 953 οὐ
1259 928 1479 963 παραιτουμένη,
1495 928 1542 954 ἅτε
1562 927 1643 962 μηδὲν
1659 928 1688 953 ὲν
1700 928 1795 959 αὐτοῖς
1806 927 1857 953 τοῦ

1070 972 1196 1008 Ἀνοίμου
1212 973 1413 1008 ἐμφανίσαντος
1431 974 1480 1009 τῆς
1499 973 1669 1005 δυσσεϐείας,
1686 973 1756 1008 πλὴν
1768 982 1858 1009 προσ-

217 1019 357 1047 Θεζναιτδν
372 1019 504 1054 Ἀνθιμον
534 1018 635 1051 ἐξαιτεῖ
650 1018 900 1054 λεπτομερέστερὸν
915 1027 946 1045 ἰε
961 1019 1008 1046 καὶ
1027 1021 1224 1057 ἀκριϐέστερον
1254 1022 1363 1058 Εὐτυχῆ
1374 1030 1403 1048 τε
1419 1023 1467 1049 καὶ
1491 1022 1526 1049 τὰ
1563 1022 1698 1057 Εὐτυχοῦς
1730 1023 1858 1057 δόγματα

216 1065 258 1098 εις
267 1066 390 1102 ἀνάθεμα
405 1065 527 1093 δέεσθαι.

253 1112 369 1139 Mittitur
384 1116 412 1138 et
429 1111 462 1138 ad
477 1110 658 1138 Domitianum
674 1110 800 1146 epistola,
814 1109 861 1145 qui
877 1109 1010 1143 incidens,

216 1158 359 1189 uttscribit,
372 1157 397 1184 in
409 1157 469 1191 ejus
478 1157 600 1191 quaedam
613 1157 707 1190 verba,
717 1156 841 1184 turbatus
854 1161 897 1183 est
910 1160 1011 1188 mente,

216 1207 245 1230 et
264 1203 330 1230 solvi
342 1204 536 1230 dubitationem
547 1203 695 1237 exoptavit.
710 1201 796 1230 Verba
813 1207 903 1230 autem
919 1206 983 1229 sunt
1000 1210 1008 1229 :

222 1247 284 1275 Non
297 1253 382 1282 potest
400 1256 513 1281 persona
527 1256 657 1282 personae,
672 1256 724 1282 qua
740 1255 852 1282 persona
869 1253 917 1281 est,
927 1247 1011 1278 unirl,

217 1298 245 1319 ut
269 1292 362 1319 Petrus
375 1298 398 1318 et
417 1291 519 1318 Paulus
534 1301 613 1319 unam
628 1294 796 1327 eamdemque
804 1301 942 1327 personam
955 1301 1016 1319 eon-

217 1338 336 1370 stituere,
355 1338 399 1365 sed
413 1346 493 1373 neque
508 1338 655 1365 substantia
678 1347 736 1365 cum
758 1339 842 1365 altera
855 1339 1015 1367 substantia.

218 1388 247 1410 ut
259 1392 306 1417 per
331 1392 389 1410 eam
406 1384 461 1411 alia
475 1385 604 1417 subsistit,
630 1385 658 1411 t'n
683 1385 846 1412 idetttt'tatem
859 1384 1015 1412 substantia:

217 1429 381 1456 convenire:
400 1435 438 1462 ut,
466 1430 547 1456 animi
564 1435 588 1456 et
608 1430 725 1463 corporis
740 1435 848 1463 natura,
868 1438 948 1456 unam
964 1437 1015 1456 non

217 1480 303 1509 potest
317 1475 442 1509 perﬁcere
457 1481 592 1508 naturam,
613 1476 664 1502 nisi
679 1476 737 1510 quia
753 1476 821 1510 forte
836 1477 864 1502 in
879 1483 1015 1502 commune

220 1519 287 1556 quid
301 1520 370 1555 quod
394 1520 500 1554 afferat,
515 1521 659 1547 secundant
674 1521 734 1548 illas
756 1525 781 1548 et
797 1521 870 1555 prius
887 1521 957 1547 uniri
972 1521 1013 1546 in-

1099 1108 1164 1145 [780
1179 1108 1226 1145 IL]
1235 1109 1338 1145 Γράφει
1350 1109 1378 1136 δὲ
1387 1110 1434 1136 καὶ
1446 1108 1514 1144 πρὸς
1524 1107 1686 1144 Δομετιανὸν
1694 1106 1852 1144 ἐπιστολὴν,

1063 1153 1093 1185 ὃς
1110 1154 1228 1189 ἐντυχὼν
1236 1154 1285 1190 (ὡς
1294 1154 1325 1181 τὸ
1336 1154 1454 1190 γράμμα
1466 1154 1552 1190 λέγει)
1565 1154 1670 1190 ῥήμασί
1682 1162 1738 1180 τισι
1751 1153 1800 1180 τοῦ
1808 1155 1858 1180 ἁν-

1064 1199 1127 1233 δρδς
1143 1199 1306 1235 διεταράχθη
1335 1208 1365 1226 τε
1380 1200 1444 1231 τοὺς
1461 1199 1609 1235 λογισμοὺς
1630 1199 1677 1226 καὶ
1690 1198 1856 1233 ἐπιλυθῆναι

1065 1246 1114 1281 τὴν
1129 1246 1247 1281 ἀπορίαν
1261 1246 1390 1282 ἐζήτησε.
1419 1246 1459 1273 Τά
1481 1246 1510 1273 δὲ
1532 1245 1644 1281 ῥήματα
1660 1245 1737 1280 ἔλεγε
1745 1244 1854 1271 ταῦτα’

1069 1293 1130 1319 Οὐκ
1144 1293 1230 1319 ἐστιν
1246 1293 1419 1319 ὑπόστασιν
1433 1292 1602 1320 ὑποστάσει
1627 1291 1776 1325 ἐνωθῆναι
1788 1291 1858 1318 καθ’

1065 1339 1247 1370 ὑπόστασιν,
1259 1336 1324 1365 οἷον
1348 1339 1472 1366 Παῦλον
1488 1339 1538 1366 και
1556 1338 1669 1373 Πέτρον
1683 1338 1759 1372 μίαν
1776 1338 1857 1365 ὑπό-

1064 1392 1175 1411 στασιν
1183 1384 1365 1411 ἀποτελέσαι
1387 1384 1546 1411 ἀδύνατον.
1569 1383 1729 1412 ’Δλλόὺδὲ
1741 1384 1858 1411 οὐσίαν·

1063 1429 1148 1464 ἑτέρᾳ
1165 1431 1256 1464 οὐσίᾳ
1270 1430 1303 1462 ⁸⁵,
1319 1429 1393 1457 καθὸ
1409 1430 1596 1464 ὲτεροούσια,
1615 1431 1658 1463 είς
1686 1429 1858 1463 ταυτότητα

1063 1474 1224 1501 συνελθεῖν
1235 1475 1354 1507 οὐσίας,
1371 1470 1436 1502 οἷον
1456 1475 1561 1510 ψυχῆς
1584 1476 1633 1502 καί
1649 1475 1787 1510 σώματος
1802 1476 1858 1502 σὺ·

1068 1520 1140 1547 σίαν
1152 1521 1227 1555 μίαν
1255 1522 1366 1549 οὐσίαν
1396 1522 1579 1549 ἀποτελέσαι
1599 1522 1622 1538 ⁸⁵
1642 1521 1814 1557 ἀμήχανον,
1829 1522 1858 1548 ει

218 1566 298 1593 uicem
319 1567 426 1593 minime
438 1568 609 1599 conducebat,
626 1571 654 1593 ut
666 1567 735 1601 quod
751 1568 779 1593 in
803 1572 950 1593 creaturam
961 1566 1007 1600 [er-

1065 1554 1220 1600 μήπωνᾶρα
1232 1575 1278 1599 τις
1293 1568 1336 1600 εἰς
1344 1567 1505 1600 κοινότητά
1524 1576 1592 1595 τινα
1606 1554 1722 1602 rati—2a;
1743 1568 1857 1603 ἀνάγῃ,

219 1618 273 1643 tur,
289 1613 327 1638 vel
339 1614 397 1644 hoc,
414 1613 441 1638 iu
464 1618 589 1646 tempore,
602 1613 641 1640 vel
654 1614 763 1640 similia.
785 1613 860 1641 Tunc
871 1614 940 1640 enim
958 1621 1010 1639 non

217 1658 330 1690 amplius
346 1659 456 1686 diversa
482 1665 584 1687 natura:
602 1660 629 1686 in
645 1667 725 1686 unam
750 1664 872 1686 naturam
884 1667 1010 1686 convene-

217 1707 291 1730 runt.
309 1703 362 1731 Sed
375 1713 435 1739 qua:
453 1704 548 1732 habent
571 1705 726 1732 substantia:
747 1706 779 1732 ab
794 1705 871 1732 initio
896 1706 1010 1733 consub-

217 1751 427 1778 stantialitatem
462 1752 652 1779 communitate
691 1752 806 1787 quadam
844 1751 1009 1786 longissima,

217 1794 288 1822 idem
309 1795 356 1830 jus
379 1801 465 1823 tenere
485 1797 616 1824 videntur.
644 1797 709 1831 Quae
733 1798 805 1825 enim
828 1797 1009 1824 Domitianum

218 1841 341 1874 turbant,
360 1846 387 1869 et
417 1849 532 1875 quorum
555 1844 702 1878 exoptabat
724 1843 896 1874 solutionem,
916 1846 942 1870 et
961 1850 1010 1869 na-

217 1893 278 1915 ctus
294 1892 363 1921 erat,
381 1889 438 1916 haec
454 1893 542 1916 erant.
560 1888 682 1916 Primum
697 1889 805 1924 quidem
820 1897 872 1916 non
890 1888 1009 1916 incredi—

217 1933 264 1961 bili
286 1941 412 1962 sermone
441 1934 639 1962 dubitationem
660 1936 826 1971 aggreditur.
856 1935 959 1962 Deinde
983 1939 1011 1961 et

217 1986 268 2013 per
294 1983 452 2006 sanctorum
476 1979 587 2006 Patrum
616 1987 698 2008 voces
712 1981 821 2015 propria
836 1988 868 2008 ac
887 1979 1009 2014 subjecta

217 2024 299 2051 verba
324 2029 397 2051 recte
420 2024 630 2053 concluduntur.
654 2025 688 2053 Et
711 2025 769 2054 haec
781 2025 889 2061 quidem
913 2030 1010 2053 tractat

220 2069 337 2104 epistola
354 2069 388 2096 ad
410 2068 605 2099 Domitianum.

254 2199 347 2228 Altera
375 2207 441 2227 vero
463 2199 497 2227 ad
521 2199 665 2234 quemdam
687 2201 881 2237 Synclcticum.
900 2202 1009 2230 nomine

218 2245 402 2282 (Tarsensem)
432 2246 578 2279 scribitur,
604 2247 745 2282 proferens
776 2253 803 2275 et
831 2248 927 2284 2517b
954 2249 1005 2276 ista

219 2292 430 2327 disputationem
459 2300 519 2319 cum
541 2293 695 2328 Acephalis.
716 2293 774 2327 Qua
787 2300 857 2328 post
879 2295 1004 2321 unionem

220 2343 399 2374 agnoscentes
423 2343 547 2365 naturam
573 2337 668 2366 Patres
684 2339 806 2372 adducit,
827 2343 857 2366 et
872 2347 1005 2374 nusquam

219 2392 268 2418 per
282 2384 344 2411 illos
364 2383 447 2410 ullam
468 2391 646 2417 personarum
672 2385 810 2418 unionem,
829 2392 916 2420 neque
937 2385 1005 2412 divi-

219 2437 289 2462 sam,
311 2436 398 2464 neque
411 2435 579 2464 separatam.
595 2429 629 2457 Et
645 2430 800 2458 testimonia
817 2431 887 2458 idem
903 2436 1006 2458 testan-

220 2476 257 2501 tia
274 2474 459 2514 proteruntur,
476 2475 579 2510 Cyrilli,
597 2475 718 2510 inquam,
731 2476 854 2511 Gregorii
867 2476 1006 2511 Theologi,

219 2524 247 2546 et
277 2519 404 2551 aliorum,
419 2519 522 2555 Deique
538 2520 670 2553 Ecclesia,
683 2529 832 2556 omnesque
843 2522 909 2549 adeo
923 2521 1006 2548 Chal-

219 2565 382 2592 cedonensis
403 2567 499 2601 synodi
525 2566 629 2600 Patres,
656 2575 738 2595 unum
759 2567 900 2595 Trinitatis
923 2567 1005 2595 Deum

218 2607 337 2636 Verbum
362 2609 534 2638 incarnatum
556 2615 583 2638 et
601 2612 738 2639 hominem
755 2619 815 2639 esse
827 2612 939 2645 factum,
956 2619 1005 2639 cu-

216 2654 262 2690 jus
274 2660 300 2682 et
315 2655 463 2683 secundum
479 2656 634 2692 hypostasin
649 2658 778 2685 unitatem
792 2663 820 2684 et
843 2663 1004 2691 senserunt,

203 2705 245 2737 ,οι
259 2700 485 2734 praedicaverunt,
511 2702 683 2736 primumque
708 2701 755 2730 Dei
786 2707 901 2730 matrem
930 2710 1004 2731 com-

1063 1612 1126 1639 καθ’
1142 1611 1182 1646 ἢν
1196 1613 1245 1640 καὶ
1260 1613 1332 1647 πρὶν
1340 1613 1487 1648 ὲνωθῆναι
1499 1614 1645 1649 ἀλλήλων
1654 1615 1690 1642 οὐ
1701 1614 1856 1650 διέφερον,

1063 1654 1129 1683 οἷον
1143 1657 1176 1683 τὸ
1193 1658 1214 1672 ⁸⁷
1228 1658 1272 1690 εις
1286 1657 1318 1684 τὸ
1329 1658 1452 1685 κτιστὸν
1472 1658 1616 1694 ἀναφέροι
1629 1660 1648 1694 ἢ
1662 1660 1696 1686 τὸ
1709 1661 1768 1687 ὑπὸ
1782 1662 1856 1695 χρό-

1063 1710 1120 1729 νον
1132 1702 1151 1736 ἢ
1165 1702 1200 1729 τὰ
1217 1702 1312 1738 ὅμοια.
1341 1705 1410 1731 Τότε
1432 1705 1487 1739 γὰρ
1512 1706 1613 1732 οὐκέτι
1631 1706 1818 1740 ἐτεροούσιαι
1831 1707 1855 1723 ⁸⁸

1063 1747 1164 1774 οὐσίαι
1180 1749 1223 1781 είς
1243 1748 1265 1764 ⁸⁸
1277 1749 1351 1783 μίαν
1366 1750 1476 1777 οὐσίαν
1490 1750 1657 1785 συνῆλθον,
1671 1752 1740 1779 ἀλλ’
1754 1754 1787 1781 at
1800 1753 1855 1780 ἀπ’

1063 1791 1159 1826 ἀρχῆς
1183 1793 1310 1828 ἔχουσαι
1335 1795 1437 1822 οὐσίαι
1452 1795 1486 1822 τὸ
1511 1797 1674 1830 ὀμοούσιον
1697 1797 1775 1824 κατὰ
1794 1798 1857 1830 τὴν

1063 1838 1240 1872 πορῤωτάτω
1265 1841 1423 1880 κοινότητα
1440 1842 1473 1868 τὸ
1494 1842 1567 1869 αὐτὸ
1580 1843 1789 1877 φυλάττουσαι
1801 1844 1855 1871 ἐπ-

1062 1884 1293 1918 εδείχθησαν.¹¹Λ
1303 1886 1352 1920 μὲν
1359 1884 1404 1913 οὐν
1418 1887 1464 1913 τὸν
1475 1888 1640 1923 Δομετιανὸν
1653 1889 1789 1925 ἐθορύϐει,
1805 1891 1857 1917 καὶ

1062 1927 1099 1956 ὧν
1115 1931 1164 1965 τὴν
1178 1931 1255 1958 λύσιν
1285 1932 1414 1966 ἐπεζήτει
1429 1927 1476 1960 καὶ
1497 1933 1576 1969 ἔτυχε
1587 1954 1595 1966 ,
1621 1934 1708 1961 ταῦτα
1727 1933 1780 1971 ἦν·
1795 1937 1810 1962 ὸ
1826 1937 1856 1963 δὲ

1063 1975 1171 2008 πρῶτον
1188 1975 1237 2011 μὲν
1251 1976 1301 2002 οὐκ
1309 1977 1433 2012 ἀπιθάνῳ
1443 1977 1566 2014 λογισμῷ
1580 1979 1629 2014 τὴν
1645 1980 1859 2015 ἀμφισϐήτησιν

1062 2021 1250 2056 περιέρχεται,
1280 2021 1339 2049 εἶτα
1364 2023 1393 2049 δὲ
1413 2023 1459 2050 καὶ
1472 2023 1516 2050 διὰ
1529 2024 1584 2051 τῶν
1597 2025 1743 2060 Πατρικῶν
1754 2027 1857 2059 φωνῶν

1062 2065 1096 2092 τὰ
1111 2067 1199 2092 οίκεία
1226 2067 1274 2094 καὶ
1302 2068 1471 2104 προκείμενα
1497 2070 1587 2101 καλῶς
1601 2070 1673 2105 ἔχειν
1685 2071 1792 2105 βεϐαιοῖ
1803 2074 1857 2108 ῥή-

1064 2120 1147 2147 ματα.
1163 2113 1247 2149 Keil]
1266 2113 1317 2149 μὲν
1340 2114 1409 2149 πρὸς
1434 2115 1600 2150 Δομετιανὸν
1616 2117 1747 2152 ἐπιστολὴ
1764 2118 1858 2145 ταῦτα

1063 2157 1206 2192 ἔπραττεν.

1102 2202 1186 2238 Ἀλλη
1210 2202 1240 2229 δὲ
1262 2203 1329 2239 πρὸς
1352 2204 1540 2240 Συγκλητικὺν
1560 2205 1678 2242 τοῦνομα
1690 2207 1813 2243 (Ταρσοῦ
1828 2209 1858 2236 δὲ

1062 2249 1265 2284 μητροπολίτην
1281 2250 1362 2277 αὐτὸν
1385 2251 1415 2277 τὸ
1436 2252 1554 2287 γράμμα
1574 2251 1640 2288 οῐδε)
1652 2254 1856 2289 διαπέμπεται,

1059 2294 1105 2320 τὸν
1118 2294 1212 2328 ἀγῶνα
1227 2295 1274 2322 καὶ
1289 2295 1358 2331 αὐτὴ
1368 2297 1414 2324 τὸν
1424 2297 1447 2313 "°
1459 2297 1530 2325 κατά
1540 2298 1593 2325 τῶν
1610 2299 1769 2334 ’Δκεφάλων
1783 2302 1858 2336 Προ-

1059 2339 1173 2374 ἀγουσα.
1183 2340 1226 2367 Ἐν
1269 2341 1338 2376 μετὰ
1347 2342 1396 2377 τὴν
1409 2343 1506 2370 ἕνωσιν
1518 2344 1568 2375 τὰς
1582 2344 1678 2379 φύσεις
1688 2347 1753 2377 τοὺς
1764 2347 1857 2373 Πατέ-

1061 2393 1112 2420 ρας
1128 2386 1247 2420 παράγει
1260 2387 1453 2422 γνωρίζοντας,
1483 2389 1530 2416 καὶ
1553 2388 1672 2424 οὐδαμοῦ
1690 2391 1735 2418 διὰ
1751 2392 1857 2424 ταύτας

1060 2430 1124 2457 οὕτε
1149 2431 1199 2466 τὴν
1226 2432 1287 2459 καθ’
1317 2433 1468 2461 ὑπόστασιν
1482 2434 1579 2462 ἕνωσιν
1597 2436 1660 2462 οὗτε
1678 2438 1856 2474 τεμνομένην

1060 2474 1120 2502 οὔτε
1132 2475 1265 2512 διαίρεσιν
1280 2478 1327 2504 καὶ
1338 2477 1472 2513 διχασμδν
1485 2479 1687 2515 ὑπομένουσαν.
1705 2482 1761 2509 Καὶ
1779 2492 1854 2519 μαρ-

1059 2521 1153 2557 τυρίαι
1170 2522 1252 2548 πάλιν
1261 2523 1442 2559 προέρχονται
1452 2524 1612 2560 βεϐαιοῦσαι
1623 2527 1654 2553 τὺ
1669 2528 1856 2564 προκείμενον

1059 2568 1196 2603 Κυρίλλου
1210 2577 1240 2595 τε
1252 2569 1300 2596 καὶ
1324 2570 1370 2597 τοῦ
1385 2570 1510 2606 θεολόγου
1531 2572 1684 2609 Γρηγορίου
1700 2576 1855 2603 καὶ’ᾶλλων

1059 2613 1202 2649 Πατέρων.
1231 2615 1287 2642 Καὶ
1313 2615 1354 2642 ὄτι
1371 2616 1387 2651 ἡ
1410 2617 1558 2653 Ἐκκλησία
1578 2619 1626 2646 τοῦ
1648 2620 1716 2647 Θεοῦ
1733 2622 1808 2658 καὶὴ
1823 2623 1854 2649 ὲν

1037 2666 1041 2669 ·
1059 2659 1215 2694 Καλχηδόνι
1245 2660 1265 2676 ⁷³
1290 2660 1398 2694 σύνοδος
1421 2662 1468 2690 τὸν
1488 2664 1536 2690 ἕνα
1550 2663 1616 2700 [407
1633 2665 1678 2702 ΙΙ.]
1698 2667 1749 2702 τῆς
1768 2668 1852 2703 agitat;

1059 2705 1174 2740 Τριάδος
1194 2705 1364 2742 Θεὸν,Λόγον
1380 2708 1511 2744 ὁμολογεῖ
1523 2711 1698 2747 σαρκωθῆναι
1712 2713 1760 2740 καὶ
1776 2714 1853 2751 ti.qu-

874 2761 990 2789 VARI/E
1012 2763 1218 2792 LECTIONES.

254 2805 393 2850 f‘iarén‘st
468 2841 474 2850 '
492 2806 514 2850 ξδ
528 2807 729 2850 ὲὶτερούσιαις..
755 2809 778 2850 οξ
795 2809 993 2850 ἀποτελέσαι-Δ
1011 2818 1017 2836 :
1032 2811 1249 2850 ἀποτελεσθῆναι
1263 2821 1294 2844 ς.
1332 2813 1354 2830 ⁸⁷
1370 2811 1425 2841 οἷον
1444 2813 1486 2850 τὸ]
1501 2791 1590 2845 nonne
1605 2813 1662 2844 οἷον
1672 2817 1697 2844 el
1710 2817 1722 2845 ?
1757 2818 1782 2834 ⁸³
1791 2818 1850 2845 ἑτε-

221 2841 371 2875 ροὺσιαις.
411 2842 433 2857 ⁸³
446 2841 502 2879 εἰς]
518 2843 546 2869 ει
561 2841 600 2875 εἰς
615 2844 647 2871 Δ.
663 2844 685 2860 ⁷⁰
705 2844 751 2871 τὸν
765 2844 785 2871 Δ
805 2854 811 2871 ;
828 2845 881 2871 τῶν
896 2853 925 2876 ς.
958 2846 978 2860 ⁷¹
999 2846 1144 2880 χαλκηδόνι
1161 2854 1188 2881 ς.
