1920 3090
58 156 101 187 965
549 149 812 181 BIBLIOTHECA-
827 162 857 170 -
876 149 959 181 COD.
975 149 1156 181 CCXXVIII.

1613 150 1668 183 966

61 209 197 245 ϐρωαῆσαι,
208 203 238 234 οἵ»
248 206 295 234 καὶ
304 206 354 242 τὴν
362 205 425 233 καθ’
435 205 587 232 ὑπόστασιν
597 203 651 232 οἶδε
663 206 712 232 καὶ
723 214 758 240 κη
763 205 826 240 ρύτ-

888 205 994 233 >ε11σεεο
1019 204 1169 238 Elisabeth,
1190 211 1252 232 cum
1273 204 1312 232 ait
1327 213 1335 232 :
1350 204 1385 232 Et
1403 213 1473 232 unus
1489 204 1537 233 hac
1549 206 1624 240 milii,
1638 213 1667 235 ut

61 265 94 283 τει
106 255 195 281 ἕνωσιν
204 261 212 268 ·
227 253 276 280 καὶ
289 252 329 279 ὅτι
342 252 448 287 μητέρα
460 251 528 278 Θεοῦ
540 251 647 286 πρῶτον
659 251 708 286 μὲν
725 251 742 286 ὴ
763 250 832 276 Ἐλι-

61 299 130 327 σάϐετ
142 298 262 330 ἀνεῖπεν,
279 297 308 323 ὲν
322 293 363 327 οἷς
374 295 460 330 λέγει’
475 295 532 322 Καὶ
547 295 641 322 πόθεν
653 303 705 329 μοι
731 294 831 327 τοῦτο,

60 347 100 371 ira
116 345 133 378 ἡ
145 343 249 377 Μήτηρ
263 342 317 370 τοῦ
333 343 445 377 Κυρίου
452 350 512 376 μου
531 342 606 375 ἔλθῃ
617 340 692 375 πρός
707 348 767 376 ys;
783 349 831 367 σα-

60 391 173 425 φέστερον
187 388 216 415 δὲ
226 388 283 415 τῶν
297 388 384 416 ἄλλων
400 387 470 423 μετὰ
478 386 566 414 ταῦτα
576 387 626 421 τὴν
637 386 709 419 λέξιν
724 385 831 421 πρῶτος

59 439 71 463 ὁ
81 437 143 467 ὅσιος
154 435 230 462 Λέων
246 435 262 461 ὁ
277 434 373 466 πάπας
392 434 574 469 προήνεγκεν.
591 432 635 459 Ἐν
647 433 701 467 γὰρ
711 432 743 467 τῇ
760 431 830 466 πρὸς

59 482 96 508 τὸν
112 481 208 508 Λέοντα
231 480 280 508 τὸν
305 479 418 515 βασιλέα
441 478 572 513 ἐπιστολῇ
597 478 718 513 ῥήμασιν
741 477 833 509 αὐτοῖς

883 258 967 279 mater
977 252 1084 280 Domini
1096 252 1146 279 mei
1155 252 1240 279 veniat
1252 252 1286 279 ad
1294 260 1335 279 me
1344 257 1354 271 ³
1367 251 1379 279 ?
1392 251 1498 280 Clarius
1510 260 1573 280 vero
1587 261 1668 289 quam

883 298 928 324 alii
953 302 1045 332 postea
1065 297 1136 324 hanc
1160 304 1254 324 vocem
1271 297 1382 332 protulit
1405 297 1460 325 Leo
1475 298 1608 333 pontifex.
1628 299 1669 328 Ad

880 343 997 370 Leonem
1015 342 1086 370 enim
1105 342 1297 376 imperatorem
1318 342 1359 369 sic
1375 342 1488 370 scribit:
1507 341 1669 370 Excontmu-

881 389 983 416 nicetur
1009 387 1150 415 Nestorius
1181 387 1288 414 credens
1311 387 1425 414 Mariam
1456 396 1508 415 non
1535 387 1594 422 Dei,
1622 388 1669 416 sed

884 432 997 459 hominis
1016 432 1144 459 duntaxat
1155 440 1209 459 esse
1229 431 1432 464 Cenilricem,et
1447 432 1505 460 haec
1519 434 1628 468 quidem
1643 434 1669 461 in

882 477 1003 512 subjecta
1013 477 1138 512 epistola.

60 528 130 560 οὕτως
141 527 254 563 γράφει·
279 524 544 561 Ἀναθεματιζέσθω
566 525 726 558 Νεστόριος
740 525 826 557 ὁτὴν
848 525 998 560 μακαρίαν
1031 524 1081 551 καὶ
1118 525 1261 553 θεοτόκον
1298 526 1415 560 Μαρίαν
1433 527 1502 562 οὐχὶ
1519 527 1572 554 τοῦ
1595 528 1670 556 Θεοῦ

60 573 197 608 ἀνθρώπου
204 572 239 599 δὲ
247 573 345 606 μόνον
359 572 510 598 πιστεύων
521 569 598 598 εἶναι
609 570 731 605 μητέρα.
749 569 828 597 Ἀλλὰ
845 570 932 598 ταῦτα
952 570 1002 606 μὲν
1019 570 1067 598 καὶ
1083 571 1100 606 ὴ
1117 571 1287 607 προκειμένη
1303 571 1443 608 ἐπιστολή.

86 621 176 657 Γράφει
195 620 223 646 δὲ
237 620 252 646 ὁ
268 619 350 651 αὐτὸς
380 618 508 654 καὶπρὸς
526 618 668 653 Ἀνθιμιον
682 617 832 644 ἐπίσκοπον

61 664 260 700 Τραπεζοῦντος,
273 665 302 690 ὲν
313 661 330 702 ᾖ
340 664 386 691 τόν
404 672 434 690 τε
453 663 566 699 βασιλέα
589 663 774 690 Ἰουστινιανὸν
783 663 833 697 τῆς

61 710 183 743 εὐσεϐείας
193 710 371 745 ἀποδέχεται,
387 709 434 737 καὶ
448 709 494 736 τὸν
523 709 641 744 δυστυχῆ
657 708 765 744 Εὐτυχῆ
783 708 833 743 τὴν

60 758 201 794 καθαίρεσιν
215 757 453 792 ὐποστῆναι,διότι
466 757 503 792 μὴ
520 756 650 791 ἠνέσχετο
661 756 709 783 δύο
725 756 833 791 φύσεων

61 804 141 830 ἕνωσιν
157 803 247 838 λέγειν
258 803 289 829 ὲν
309 803 359 838 μιᾷ
378 802 538 836 ὑποστάσει,
554 802 726 834 διατείνεται,
743 802 834 828 καίτοι

60 857 86 883 γε
96 849 192 882 τρανῶς
205 848 261 875 τῶν
284 848 424 884 θεοφόρων
447 848 579 884 Πατέρων
595 848 672 883 ἡμῶν
692 847 772 874 τοῦτο
790 847 832 874 δο-

60 894 229 929 γματιζόντων
254 902 286 920 τε
312 894 360 921 καὶ
375 894 634 929 ἀνακηρυττόντων·
653 893 711 920 ἀλλ’
729 893 832 920 ἐκεῖνον

60 939 95 966 τὸν
105 939 259 975 παράφορον
273 939 312 974 μὴ
320 938 477 974 ἀνέχεσθαι,
488 939 555 966 ἀλλὰ
567 940 599 966 ἐκ
608 938 655 965 δύο
666 939 716 974 μὲν
726 939 834 973 φύσεων

60 984 202 1020 γεγενῆσθαι
229 985 276 1012 τὸν
302 984 414 1019 Κύριον,
441 985 510 1020 μετὰ
526 985 555 1011 δὲ
572 984 621 1020 τὴν
632 984 728 1011 ἕνωσιν
742 984 834 1011 οὐκέτι

61 1030 96 1057 δύο
105 1031 159 1057 οὺδὶ
174 1030 203 1057 ἐν
213 1030 261 1057 δύο
274 1030 468 1066 γνωρίζεσθαι,
486 1031 551 1066 μίαν
563 1030 593 1058 δὲ
611 1030 692 1065 φύσιν
707 1031 776 1065 μετὰ
785 1030 834 1065 τὴν

61 1077 142 1104 ἕνωσιν
153 1077 364 1113 τερατεύεσθαι.
389 1074 436 1109 Οἷς
463 1077 619 1112 συμφωνεῖν
641 1077 774 1112 διελέγχει
788 1076 835 1103 καὶ

62 1124 101 1157 τὴν
109 1124 257 1159 λῃστρικὴν
290 1123 319 1149 ὲν
338 1122 446 1158 Ἐφέσῳ
459 1122 579 1154 σύνοδον,
595 1123 688 1154 αὐτοῖς
704 1122 835 1149 εἰποῦσαν

63 1170 149 1203 ῥήμασι
165 1176 173 1184 ·
197 1169 319 1201 Τούτοις
339 1168 389 1196 καὶ
399 1167 486 1203 ἡμεῖς
500 1167 613 1202 πάντες
625 1168 834 1202 συντιθέμεθα.

64 1217 107 1242 Καὶ
120 1216 184 1251 ὡςή
211 1217 240 1242 ὲν
266 1215 420 1250 Καλχηδόνι
445 1215 555 1247 σύνοδος
573 1215 619 1242 τόν
636 1221 667 1241 τε
689 1214 835 1249 Νεστόριον

63 1263 152 1288 καὶτὸν
167 1262 277 1297 Εὐτυχῆ
303 1262 356 1288 ὑπὸ
377 1261 427 1296 ἴσῳ
443 1260 491 1288 καὶ
516 1260 600 1296 ὁμοίῳ
626 1259 665 1295 τῷ
684 1259 836 1295 ἀναθέματι

63 1307 134 1334 ἔθετο.
148 1308 201 1334 Καὶ
215 1308 257 1334 ὅτι
276 1307 307 1333 τὸ
316 1306 416 1333 ειδέναι
427 1306 476 1338 τὰς
485 1305 580 1340 φύσεις
595 1305 664 1341 μετὰ
675 1305 724 1340 τὴν
740 1304 836 1331 ἕνωσιν

65 1352 86 1377 ἒν
99 1353 142 1388 μιᾷ
155 1352 305 1379 ὑποστάσει
319 1352 409 1386 πάσης
420 1352 494 1377 ἐστὶν
509 1350 649 1386 ἀλλότριον
665 1349 835 1385 διαιρέσεως,

65 1399 101 1424 καὶ
114 1398 187 1425 τοῦτο
196 1399 280 1430 αὐτός
303 1407 334 1425 τε
362 1397 497 1432 Κύριλλος
512 1397 559 1423 καὶ
576 1397 590 1422 ὁ
605 1396 700 1427 λοιπὸς
711 1395 765 1422 τῶν
775 1395 835 1422 θεο-

67 1443 140 1477 φόρων
157 1444 261 1479 ἀνδρῶν
279 1444 360 1479 χορὸς
374 1444 516 1478 λαμπραῖς
540 1441 762 1478 ἀνακηρύττουσι
775 1441 836 1473 ταῖς

66 1491 161 1522 φωναῖς,
176 1489 235 1525 [781
257 1489 305 1526 IL]
320 1490 442 1525 Εὑτυχὴς
463 1489 492 1515 δὲ
514 1489 561 1517 καὶ
579 1489 605 1516 οῑ
622 1489 705 1516 αὑτοῦ
721 1489 774 1525 πρὸ
786 1489 836 1524 τῆς

66 1536 169 1568 ὲνώσεως
185 1537 245 1571 μὲν,
272 1536 395 1563 τουτέστι
411 1536 472 1571 δίχα
494 1536 618 1567 ένὼσεως
641 1536 676 1570 (ὣ
692 1535 775 1571 λήρου
788 1535 836 1562 καὶ

66 1580 203 1614 δυσσεϐείας
219 1582 360 1617 ὑπερϐολή
373 1583 393 1616 i)
410 1582 461 1614 τὰς
474 1581 521 1608 δύο
542 1581 707 1617 κηρύττουσι
725 1581 831 1615 φύσεις,

67 1627 141 1653 οὐκέτι
158 1628 185 1654 δὲ
204 1629 275 1663 μετὰ
303 1630 353 1663 τὴν
366 1628 473 1655 ἕνωσιν.
497 1628 552 1656 Καὶ
571 1629 612 1655 ὅτι
629 1629 654 1655 oi
667 1628 712 1655 τὸν
726 1627 835 1663 Εὐτυχῆ

67 1672 295 1707 ἀναθεματίζοντες
305 1675 353 1700 καὶ
372 1674 407 1700 τὰ
428 1674 511 1701 αὑτοῦ
528 1674 649 1710 δόγματα
664 1674 837 1710 παραχρῆμα

68 1718 104 1743 καὶ
117 1719 221 1751 ἄκοντες
235 1721 287 1754 τὴν
304 1720 495 1756 οὶκουμενικὴν
519 1720 652 1755 τετάρτην
672 1719 837 1755 κηρύττουσι

70 1762 159 1790 σύνοδον
171 1774 175 1782 ·
190 1766 240 1792 οὐκ
251 1765 320 1801 ἄλλη
329 1766 382 1801 γὰρ
390 1765 565 1801 οἱκουμενικὴ
577 1765 695 1797 σύνοδος.
702 1765 759 1792 ἀλλ’
767 1764 838 1800 αὕτη

69 1809 124 1845 μόνη
135 1811 261 1846 δεχθέντα
277 1811 347 1845 μετὰ
362 1812 416 1839 τῶν
433 1811 585 1847 βδελυκτῶν
597 1811 680 1838 αὑτοῦ
693 1811 837 1846 δογμάτων

69 1855 136 1887 (γαθὰ
142 1858 184 1883 καὶ
199 1857 374 1893 προείρηται)
390 1857 464 1892 παρὰ
471 1859 520 1892 τῆς
531 1856 680 1892 λῃστρικῆς
689 1857 717 1882 ὲν
731 1856 837 1892 Ἐφέσῳ

68 1899 178 1937 δευτέρας
205 1903 317 1930 συνόδου
345 1903 440 1930 τοῦτον
463 1904 486 1918 ⁷³
502 1903 643 1934 παντελῶς
670 1903 784 1938 ὲξέτεμέ
808 1911 838 1930 τε

69 1948 106 1973 καὶ
119 1949 298 1985 ἀπεκήρυξεν.
320 1950 412 1976 Ἐοικε
430 1949 459 1976 δὲ
475 1949 562 1976 ταῦτα
577 1949 695 1984 γράφειν
717 1949 838 1984 Ἀνοίμῳ

69 1995 262 2027 παρουσιάζοντι
283 1996 332 2031 μὲν
347 1997 380 2031 τῇ
398 1995 514 2030 βασιλίδι
529 1995 617 2028 πόλει,
635 1994 712 2022 οΰπω
729 1994 758 2021 δὲ
774 1995 839 2026 τοὺς

919 618 1019 646 Scribit
1038 625 1104 645 vero
1119 618 1152 645 ad
1167 619 1324 646 Anthimum
1343 619 1499 654 episcopum
1515 620 1670 654 Trapezun-

884 665 929 696 tis,
954 665 980 692 in
995 672 1046 699 qua
1062 663 1243 691 Justinianum
1261 669 1290 691 ut
1309 665 1381 699 pium
1397 665 1520 700 suscipit,
1538 670 1565 692 et
1578 665 1672 692 infeli-

883 718 942 739 cem
967 710 1119 746 Eutychem
1136 710 1259 736 hmresim
1281 710 1457 741 constituere,
1476 709 1539 744 quia
1556 718 1608 738 non
1626 718 1673 738 su-

884 757 978 785 stinuit
1005 758 1073 783 duas
1097 760 1209 782 naturas
1226 755 1252 782 in
1269 763 1320 782 una
1348 755 1487 790 hypostasi
1505 755 1666 788 subsistere.

884 808 994 836 narrat;
1009 807 1036 830 et
1048 801 1112 830 illud
1128 809 1177 836 per
1192 801 1257 828 illud
1273 802 1415 837 perspicue
1430 802 1524 830 Patres
1541 803 1573 830 ad
1587 810 1671 830 unum

884 856 990 881 omnes,
1018 852 1046 875 et
1063 848 1162 875 docent
1186 852 1214 874 et
1237 848 1395 882 praedicant,
1420 849 1467 875 sed
1491 849 1563 876 illius
1586 848 1672 877 animi

885 893 1071 929 impotentiam
1099 892 1239 920 ferendam
1268 900 1321 920 non
1346 900 1416 926 esse,
1441 893 1487 921 sed
1515 901 1549 921 ex
1569 894 1674 922 duabus

885 940 990 967 naturis
1010 943 1138 967 constare
1160 938 1312 970 Christum,
1326 945 1386 973 post
1399 940 1526 967 unionem
1543 947 1596 967 non
1616 948 1674 967 ain-

884 984 955 1020 plins
969 984 1046 1017 duas,
1071 991 1161 1019 neque
1181 983 1208 1010 in
1235 984 1338 1011 duabus
1355 985 1493 1018 cognosci,
1508 993 1589 1012 unam
1607 992 1674 1012 vero

885 1035 1010 1058 naturam
1033 1034 1094 1064 post
1120 1029 1251 1057 unitatem
1279 1029 1433 1064 prodigiose
1452 1030 1550 1057 asseri.
1570 1030 1675 1063 Quibus

885 1082 1038 1103 consonare
1059 1076 1097 1102 ait
1119 1075 1308 1110 prmdatoriam
1335 1075 1407 1102 illam
1429 1075 1455 1102 in
1469 1075 1578 1111 Epheso
1591 1083 1672 1112 syno—

886 1122 949 1149 dum
963 1121 1020 1148 hmc
1033 1126 1199 1149 asserentem
1215 1130 1222 1148 :
1243 1120 1292 1147 His
1311 1125 1335 1147 et
1350 1129 1397 1148 nos
1411 1130 1497 1148 omnes
1511 1122 1611 1148 conditi
1626 1130 1673 1148 ιιι-

885 1176 955 1199 mus.
974 1172 1056 1202 utque
1077 1167 1173 1195 iisdem
1187 1167 1220 1194 de
1237 1167 1327 1194 causis
1339 1167 1570 1195 Chalcedonensis
1590 1175 1673 1204 syno-

887 1214 936 1241 dus
950 1213 1103 1240 Nestorium
1122 1217 1148 1240 et
1163 1212 1312 1247 Eutychem
1327 1213 1515 1240 condemnarit
1532 1222 1539 1242 :
1552 1218 1578 1240 et
1594 1221 1674 1242 nosse

888 1264 998 1286 naturas
1011 1262 1074 1293 post
1094 1257 1224 1284 unitatem
1241 1258 1268 1284 in
1285 1265 1338 1284 una
1351 1265 1476 1292 persona,
1491 1257 1525 1284 ab
1540 1258 1614 1285 omni
1631 1262 1676 1286 est

886 1305 1018 1332 divisione
1034 1303 1162 1331 alienum.
1181 1302 1308 1337 Idemque
1325 1303 1421 1330 beatus
1441 1303 1560 1338 Cyrillus
1572 1303 1676 1331 omnis-

887 1357 939 1384 que
956 1351 1023 1377 adeo
1038 1353 1194 1378 sanctorum
1212 1348 1322 1376 Patrum
1347 1353 1436 1376 coetus
1451 1349 1532 1376 claris
1547 1349 1676 1384 praedicat

887 1395 1010 1423 vocibus.
1026 1395 1164 1430 Entyches
1178 1394 1292 1429 eiusque
1302 1395 1424 1427 asseclaz,
1439 1403 1489 1429 pro
1503 1395 1606 1422 unitate
1616 1395 1677 1430 qui-

887 1443 959 1474 dem,
982 1442 1035 1469 hoc
1055 1447 1107 1474 est,
1126 1441 1224 1476 duplici
1249 1441 1354 1468 unitate
1369 1440 1396 1476 (ο
1411 1443 1547 1476 ingentem
1565 1442 1677 1468 demen-

888 1490 954 1517 tiam
978 1495 1059 1523 atque
1081 1488 1278 1522 impietatem!)
1295 1489 1364 1515 duas
1386 1489 1537 1523 praedicant
1551 1493 1676 1519 naturas,

850 1544 873 1575 α
889 1541 942 1561 non
967 1533 1083 1568 amplius
1105 1538 1166 1567 post
1189 1533 1327 1566 unionem,
1353 1538 1381 1560 et
1396 1533 1441 1568 qui
1463 1533 1609 1568 Eutychem
1632 1541 1677 1561 sa-

888 1580 942 1607 cris
959 1579 1137 1611 interdicunt,
1157 1578 1257 1614 258a
1275 1583 1305 1605 et
1328 1577 1385 1612 ejus
1400 1579 1552 1613 opiniones,
1567 1580 1599 1605 de
1616 1579 1676 1614 pla-

889 1633 934 1657 no,
952 1629 1033 1659 atque
1059 1624 1137 1651 inviti
1167 1624 1363 1651 atcumenicam
1375 1629 1500 1658 quartam
1529 1625 1679 1659 praedicant

889 1672 1020 1706 synodum
1044 1677 1052 1697 :
1076 1678 1128 1697 non
1149 1669 1201 1697 alia
1217 1670 1288 1697 enim
1302 1670 1467 1697 tecumenica
1483 1671 1601 1705 synodus
1616 1670 1676 1702 fuit.

890 1717 938 1744 sed
959 1725 990 1744 ea
1004 1716 1074 1750 sola,
1091 1721 1247 1754 susceptum
1264 1723 1325 1743 cum
1342 1715 1477 1750 pestiferis
1491 1716 1549 1749 ejus
1569 1717 1677 1749 opinio-

892 1763 984 1795 nibus,
1002 1767 1031 1790 ut
1058 1762 1186 1794 diximus,
1212 1762 1240 1790 in
1267 1761 1368 1797 perﬁda
1399 1761 1443 1788 illa
1465 1761 1569 1797 synodo
1587 1761 1676 1796 Ephe-

891 1809 962 1842 sina,
977 1809 1027 1837 hoc
1043 1809 1155 1836 omnino
1168 1809 1262 1843 rejecit
1277 1813 1304 1835 et
1315 1808 1464 1835 damnavit.
1479 1809 1596 1843 Apparet
1613 1816 1678 1836 vero

890 1857 1018 1884 Authimo
1040 1857 1096 1883 haec
1121 1855 1265 1889 scripsisse
1290 1855 1315 1882 in
1333 1855 1404 1890 regia
1423 1854 1490 1882 urbe
1505 1855 1634 1887 versanti,
1649 1861 1678 1882 et

892 1909 1030 1936 nunquam
1057 1908 1150 1928 sacras
1171 1900 1242 1927 illius
1258 1900 1330 1934 leges
1350 1899 1474 1932 violasse,
1489 1906 1569 1933 quem
1587 1906 1615 1926 et
1630 1900 1678 1926 ad-

891 1954 987 1974 versus
1004 1946 1183 1973 Nestorianos
1205 1949 1232 1972 ct
1247 1944 1432 1980 Eutychianos
1449 1949 1555 1972 certare
1569 1945 1676 1972 suadet.

892 1993 953 2020 Haec
968 1993 1076 2027 quidem
1091 1991 1203 2027 epistola
1221 1991 1265 2018 illa
1282 1991 1482 2024 complectitur.

70 2041 259 2077 ἁρχιερατικοὺς
290 2044 376 2078 αὐτῆς
414 2043 557 2070 ὑπελθόντι
586 2043 703 2078 νόμους·
735 2042 764 2069 ὃν
789 2041 837 2069 καὶ
857 2042 987 2076 παραινεῖ
1016 2041 1088 2068 κατά
1110 2049 1140 2067 τε
1167 2040 1222 2066 τῶν
1236 2039 1425 2073 Νεστοριανῶν
1448 2038 1495 2066 καὶ
1525 2038 1580 2066 τῶν
1611 2048 1678 2075 φρο-

70 2089 167 2117 νούντων
176 2091 209 2118 τὰ
228 2091 367 2126 Εὐτυχοῢς
378 2091 571 2125 ἀγωνίζεσθαι.
589 2090 671 2117 Ἀλλὰ
684 2089 770 2117 ταῦτα.
787 2091 836 2125 μὲν
856 2090 904 2117 καὶ
921 2089 1072 2125 ήπαροῦσα
1085 2089 1159 2123 λέγει
1175 2087 1315 2122 ἐπιστολή.

102 2135 128 2161 Ἡ
137 2136 163 2163 δὲ
173 2137 240 2172 πρὸς
253 2137 359 2172 Βράζην
377 2137 424 2163 τὸν
440 2137 558 2172 Πέρσην,
574 2137 636 2162 ἐπεὶ
646 2136 725 2162 τοῦτο
739 2136 840 2171 ᾔτησεν

929 2138 994 2169 Qua:
1016 2143 1081 2163 vero
1101 2135 1135 2162 ad
1156 2134 1256 2162 Brasen
1271 2133 1381 2160 Persam
1406 2134 1467 2161 data
1482 2139 1534 2165 est,
1552 2141 1613 2161 cum
1628 2134 1679 2162 hoc

69 2179 163 2214 ἐκεῖνος,
180 2184 211 2210 ἐκ
226 2184 283 2211 τῶν
296 2184 377 2210 θείων
388 2183 504 2218 Γραφῶν
511 2183 568 2210 ἀλλ’
583 2183 633 2209 οὐκ
648 2183 680 2209 ὲκ
695 2183 835 2218 Πατρικῶι

894 2182 1057 2216 postulasset
1072 2188 1087 2208 e
1104 2188 1182 2208 sacra
1204 2179 1356 2214 Scriptura,
1372 2179 1417 2206 sed
1432 2186 1484 2206 non
1504 2187 1520 2206 e
1541 2179 1677 2212 Patrihns,

72 2228 209 2262 μαρτυριῶν
222 2229 288 2263 περι
303 2237 332 2254 τε
344 2228 391 2262 τῆς
403 2217 484 2260 ἁγίας
498 2227 547 2254 καὶ
564 2217 835 2262 όμοουσίουιΤριάδος

892 2227 924 2255 de
939 2233 1033 2254 sancta
1057 2231 1084 2255 et
1107 2224 1331 2253 consubstantiali
1358 2223 1492 2251 Trinitate
1505 2225 1637 2257 continet,
1651 2230 1680 2252 et

70 2270 225 2309 διαλαμϐάνει
238 2283 248 2291 ·
274 2274 322 2301 καὶ
338 2273 401 2310 [408
420 2273 466 2309 H.]
479 2274 544 2309 περ)⁸
561 2275 611 2308 τῆς
630 2274 658 2299 ὲν
673 2273 754 2308 σαρκὶ
771 2282 841 2308 παρ-

71 2318 147 2350 ουσίας
157 2320 202 2346 τοῦ
218 2321 318 2355 Λόγου,
332 2321 380 2347 καλ¹
394 2320 460 2356 περὶ
473 2320 523 2355 τῆς
542 2319 623 2353 ἁγίας
635 2320 682 2345 καὶ
697 2320 747 2346 ὐπε
753 2319 840 2354 ρενδό-

72 2362 106 2394 ξου
123 2365 256 2401 Παρθένου
275 2367 323 2393 καὶ
341 2367 474 2393 Θεοτόκου
499 2366 618 2401 Μαρίας.
636 2367 669 2393 Αἱ
689 2366 717 2392 δὲ
732 2366 840 2401 Γραφαε

72 2410 126 2448 εἰσιν
135 2412 202 2447 αὐτῷ
218 2413 242 2428 ⁷³
252 2413 270 2448 ἦ
284 2421 315 2439 τε
328 2412 432 2440 παλαιὰ
444 2412 565 2448 Διαθήκη
578 2412 627 2438 καὶ
649 2412 685 2438 τὰ
709 2411 838 2447 Κυριακὰ

72 2452 134 2487 λόγια
146 2458 189 2484 καὶ
201 2458 237 2485 τὰ
253 2458 421 2486 ἀποστολικᾶ
449 2459 625 2494 κηρύγματα,
637 2459 670 2485 δι’
681 2455 719 2486 ὧν
730 2460 757 2486 αἱ
771 2467 840 2494 προ-

74 2500 178 2534 κείμεναι
190 2504 244 2530 τῶν
258 2504 414 2531 ὑποθέσεων
431 2504 462 2530 τὸ
474 2504 572 2538 ἀληθὲς
582 2505 629 2532 καὶ
643 2505 753 2540 βέϐαιον
782 2505 839 2531 ἀπ-

73 2544 212 2578 ηνέγκαντο.
225 2549 309 2576 Πλέον
318 2548 346 2575 δὲ
359 2548 412 2575 τῶν
425 2548 513 2576 ἄλλων
528 2549 712 2585 ὲμφιλοχωρεῑ
721 2551 754 2585 τῇ
772 2550 839 2576 ὐπο-

76 2587 143 2622 θέσει,
161 2594 187 2620 ὲν
244 2595 261 2630 ἡ
275 2594 322 2621 τοῦ
346 2594 435 2628 Λόγου
461 2595 600 2630 σάρκωσις
619 2595 839 2629 ἁναδιδάσκεται,

79 2632 117 2660 ἅτε
126 2636 153 2672 δὴ
164 2640 207 2665 καὶ
222 2640 268 2666 τοῦ
295 2639 393 2675 καιροῦ
416 2640 526 2667 πλείονα
550 2639 599 2676 τὴν
618 2641 683 2676 περὶ
695 2641 781 2675 αὐτῆς
796 2640 841 2674 eg—

891 2274 925 2301 de
953 2273 1139 2300 incarnatione
1168 2270 1259 2303 Verbi,
1289 2271 1376 2305 deque
1401 2270 1517 2304 gloriosa
1541 2276 1569 2298 et
1585 2276 1678 2299 sancta

891 2317 1014 2351 Virgine,
1028 2322 1056 2345 et
1069 2317 1117 2344 Dei
1131 2317 1269 2344 Genitrice
1285 2315 1380 2343 Maria.
1396 2316 1466 2342 Sunt
1480 2321 1570 2344 antem
1583 2324 1678 2344 eorum

891 2364 1049 2399 Scriptum,
1064 2368 1091 2391 et
1116 2362 1201 2390 Vetus
1215 2362 1431 2394 Testamentum,
1448 2366 1476 2389 et
1495 2362 1600 2390 Domini
1619 2371 1680 2391 ver-

891 2411 937 2443 ba,
957 2409 1165 2445 apostolicmque
1188 2400 1404 2444 praedicationes,
1423 2408 1522 2444 quibus
1546 2410 1678 2444 quastio—

891 2464 955 2484 nttm
980 2456 1081 2483 veritas
1103 2461 1131 2483 et
1150 2455 1321 2483 conﬁrmatio
1339 2454 1419 2482 allata
1432 2458 1486 2485 est,
1501 2463 1556 2489 prte
1573 2457 1679 2484 caeteris

892 2502 954 2529 huic
976 2501 1023 2528 uni
1037 2501 1180 2536 qumtioni
1199 2500 1325 2532 inlueret.
1348 2500 1374 2527 in
1392 2507 1443 2535 qua
1461 2500 1495 2528 de
1511 2501 1679 2529 incarnatio-

891 2556 925 2576 ne
942 2548 1022 2576 Verbi
1045 2548 1223 2583 disceptatur.
1241 2547 1387 2575 occasione
1404 2546 1509 2575 scilicet
1530 2547 1677 2582 longiorem

893 2595 972 2629 hujus
998 2594 1211 2629 disputationem
1236 2593 1372 2628 exigente.
1396 2590 1453 2620 lloc
1473 2598 1563 2621 autem
1586 2594 1611 2621 iu
1629 2594 1679 2621 hac

893 2641 1006 2675 epistola
1022 2644 1145 2668 conatur.

76 2684 186 2715 εργασίαν
207 2687 397 2719 ἀπαιτοῦντος.
423 2687 550 2714 Τοιοῦτον
566 2688 616 2723 μὲν
639 2688 687 2715 καὶ
707 2688 738 2714 τὸ
755 2688 916 2723 σπούδασμα
925 2689 1041 2725 ταυτησὶ
1055 2689 1105 2726 τῆς
1116 2690 1272 2726 ἐπιστολῆς.

103 2750 112 2765 ¹
124 2748 180 2778 Luc.
197 2760 215 2785 ι,
229 2753 273 2781 63.

708 2814 824 2844 ΥΑΒΙΛΞ
839 2814 1044 2845 LECTlONES.

105 2863 124 2878 ⁷¹
135 2866 218 2895 τοῦτον
229 2870 248 2897 Α
267 2878 272 2896 :
285 2871 345 2898 τότε
360 2880 388 2903 ς.
428 2871 450 2887 ⁷³
462 2871 550 2898 αὐτῶν
568 2879 598 2903 ς.
