1920 3090
229 157 281 189 967

813 156 947 187 PHOTII
968 154 1220 186 PATRIARCH/E
1237 153 1291 184 (ΣΡ.

1805 148 1861 181 968

265 213 369 241 Scribit
385 216 476 240 autem
494 211 528 240 ad
546 190 654 247 aliquos
677 211 826 240 monachos
840 211 968 239 Ecclesiae
979 211 1022 238 de-

1108 210 1212 246 Γράφει
1237 210 1267 238 δὲ
1295 209 1343 237 καὶ
1368 208 1437 245 πρὸς
1454 207 1588 244 μοναχούς
1602 215 1688 240 τινας,
1703 206 1730 233 οἶ
1745 208 1795 242 τῆς
1811 206 1860 234 τοῦ

229 260 381 288 lensionem
405 259 547 286 catholica
567 263 594 285 et
608 258 764 293 apostolica:
779 257 933 290 molientes,
952 264 1020 292 quos

232 311 392 334 sanctorum
412 305 524 332 Patrum
550 304 747 332 monitionibus
762 304 926 339 conjungere
942 303 1020 331 moli—

230 357 285 383 tur,
314 352 461 379 ostendens
488 358 582 378 eorum
610 351 772 378 sententiam
798 358 852 378 non
873 349 967 386 procul
986 349 1021 377 ab

230 396 419 424 luereticorum
431 396 606 432 opinionibus
623 397 735 428 distare,
753 395 909 431 nullumque
922 403 954 423 ex
971 404 1016 429 ea,

229 443 455 477 quemadmodum
470 443 587 470 haeretici
600 443 697 475 solent,
707 443 877 470 commodum
888 443 1020 477 accipere,

230 488 281 515 hoc
295 489 378 515 variis
391 489 552 516 testimoniis
567 493 721 516 sanctorum
738 488 848 516 Patrum
866 489 1020 516 conﬁrmat.

229 537 259 562 In
275 544 327 563 una
342 537 493 571 eademque
506 543 622 571 persona
641 536 744 562 variam
763 540 868 562 natura:
884 535 1020 562 actionem

232 582 360 616 perspici,
379 587 407 608 et
418 582 451 608 ad
473 590 581 609 omnem
603 581 713 616 pietatis
738 580 932 616 plenitudinem
949 580 1022 607 sulli-

230 635 304 659 cere,
328 627 469 662 Deiparam
490 628 603 655 credere
625 633 650 654 et
665 627 804 662 appellare
818 626 1021 653 sanctissimam

230 673 381 707 Virginem.
399 673 543 708 Postquam
559 673 630 700 enim
645 674 706 708 quis
719 673 818 700 dixerit
832 672 916 699 Deum
934 672 1024 699 incar-

231 724 323 745 natmn
348 718 487 753 Virginem
508 718 658 754 peperisse,
681 718 838 753 angelorum
864 717 901 744 uti
917 717 1024 744 videtur

231 765 376 799 theologia.

265 809 366 836 Scribit
383 810 452 837 idem
485 814 512 836 et
535 810 646 837 alteram
671 808 812 844 epistolam
840 808 873 835 ad
896 807 1021 835 Callinici

230 855 405 888 desertores;
426 856 538 889 cupiens
559 863 623 883 vero
648 863 694 883 eos
719 855 847 883 Ecclesiae
861 854 907 882 Dei
930 854 1022 881 couci-

231 902 309 933 liare,
322 902 356 929 ab
367 902 442 929 omni
463 909 523 929 eam
548 901 661 928 liberam
676 901 805 928 haeretica
819 901 879 928 labe
890 901 1020 932 ostendit,

231 953 258 975 et
272 948 317 981 qui
333 947 365 974 ad
379 955 438 975 eam
455 947 543 975 labem
558 951 708 975 conventus
719 947 798 980 ﬁunt,
812 947 946 974 latronum
963 955 1022 974 esse

231 994 412 1028 speluncam:
445 993 558 1021 all‘ertur
583 993 682 1020 imitari
703 998 830 1028 oportere
854 992 1022 1024 Simeonem,

230 1045 257 1066 et
286 1039 460 1073 Baradatum,
480 1044 507 1067 et
532 1038 673 1073 Jacobutn,
698 1039 772 1066 viros
785 1039 894 1066 virtutis
915 1039 1023 1066 nomine

230 1090 287 1112 toto
317 1090 452 1113 terrarum
478 1086 544 1113 orbe
568 1085 703 1117 celebres,
740 1085 786 1120 qui
815 1084 913 1121 2w
939 1085 1021 1111 vitam

231 1131 385 1158 universam
405 1131 431 1158 in
447 1130 634 1158 ecclesiastica
662 1130 804 1165 disciplina
822 1134 1022 1164 transegerunt.

231 1177 320 1212 Atque
339 1178 396 1204 haec
412 1177 520 1212 quidem
537 1177 650 1212 epistola
669 1176 803 1204 continet.

266 1272 393 1300 Proxima
409 1280 473 1300 vero
488 1272 576 1300 oratio
594 1271 741 1307 Ephrtemii
756 1272 913 1308 synodicam
938 1273 1023 1299 actio-

231 1326 292 1345 nem
309 1318 438 1352 explicat,
462 1318 488 1345 in
504 1325 557 1352 qua
571 1317 741 1352 Syucleticus
762 1317 918 1344 nominatur
931 1320 1022 1353 (quem

231 1363 309 1391 Tarsi
329 1364 487 1398 episcopum
507 1363 591 1390 fuisse
602 1362 682 1397 paulo
696 1366 759 1390 ante
778 1363 936 1399 memoravi)
952 1364 1023 1397 quod

231 1409 338 1437 libellos
351 1417 402 1436 nou
417 1409 569 1436 catholicos
583 1409 616 1436 ab
630 1409 764 1437 lrzereticis
778 1410 936 1443 accepisset,
953 1411 1024 1438 unde

232 1456 377 1485 ltwreticas
395 1455 518 1482 hauserit
541 1455 694 1490 opiniones,
715 1460 741 1482 et
757 1454 911 1490 Stephanus
928 1463 1020 1482 morta-

231 1503 300 1530 chus
316 1501 463 1537 Syncletici
478 1500 615 1536 syncellus
633 1501 796 1536 appellatus,
813 1505 841 1529 et
857 1508 926 1536 pene
944 1508 1024 1528 accu-

231 1553 309 1576 satur
325 1552 440 1582 uterque
464 1546 625 1581 praecedenti
640 1546 773 1580 oratione,
795 1552 936 1582 propterea
951 1547 1022 1581 quod

231 1592 413 1621 orthodoxam
437 1600 489 1619 non
511 1592 732 1627 amplexarentur
757 1592 848 1626 lldem,
874 1593 920 1620 sed
941 1592 1023 1629 Euty-

231 1640 291 1667 chis
319 1638 378 1666 labe
405 1637 497 1665 infecti
526 1642 627 1665 essent.
648 1637 750 1665 Tamen
775 1645 834 1665 cum
854 1637 1023 1674 Syucleticus

233 1686 391 1720 religionem
408 1684 528 1719 proﬁteri
553 1684 661 1711 tandem
677 1688 787 1712 coactus
804 1689 887 1718 esset,
903 1684 1022 1720 synodus

232 1730 355 1758 solvitur.
385 1729 509 1766 [Tanten,
526 1729 626 1763 inquit,
657 1729 784 1763 pietatem
806 1729 914 1756 tandem
935 1730 1022 1757 susci-

232 1776 336 1813 piente,
356 1775 470 1802 solvitur
487 1772 632 1809 synodus.]
660 1773 687 1800 lu
714 1773 765 1800 hac
782 1773 888 1800 actione
911 1773 1019 1801 beatum

234 1822 364 1857 Cyrillum
377 1821 472 1848 alicubi
486 1825 583 1848 natura
594 1827 644 1855 pro
654 1827 765 1854 persona
774 1827 851 1847 usum
865 1826 926 1847 esse
938 1824 1026 1847 osten-

233 1868 285 1899 dit.
306 1875 367 1895 cum
389 1867 535 1894 dicitunam
549 1866 667 1893 maxime
683 1865 763 1893 Verbi
777 1869 900 1892 naturam
914 1872 1024 1893 carnem

233 1913 356 1941 induisse
369 1922 376 1940 :
394 1921 447 1940 non
465 1913 552 1948 ipsum
564 1912 655 1939 dicere
669 1918 741 1946 saepe
755 1918 817 1938 eum
831 1911 900 1939 duas
917 1911 1025 1939 confes-

233 1968 296 1987 sum
311 1964 435 1990 naturas,
451 1957 679 1992 quemadmodum
696 1961 801 1984 mutato
812 1956 927 1984 consilio
942 1963 1022 1983 unam

236 2011 374 2038 naturam,
394 2005 445 2032 nisi
460 2004 531 2032 forte
547 2012 621 2032 nunc
641 2008 744 2030 natura!
762 2010 855 2031 vocem
875 2010 924 2037 pro
935 2011 1024 2037 perto-

235 2060 276 2079 me
301 2051 485 2086 usurpaverit,
508 2056 536 2077 et
549 2050 725 2077 conﬁrmatur
742 2049 769 2076 id
788 2056 822 2076 ex
845 2048 908 2076 aliis
930 2048 1024 2084 Cyrilli

235 2098 313 2130 locis,
338 2104 453 2131 eamque
481 2103 543 2124 esse
567 2095 698 2123 Ecclesia:
719 2099 850 2126 mentem,
874 2094 981 2130 aliaque
999 2095 1024 2121 id

232 2150 317 2178 genus
333 2142 410 2169 utilia
425 2141 556 2168 adversus
578 2139 734 2168 haereticam
762 2138 851 2166 labem
867 2139 925 2166 haec
952 2138 1024 2166 actio

232 2188 384 2217 certamina
396 2187 527 2214 continet.

1070 257 1138 284 Θεοῦ
1171 257 1318 291 καθολικῆς
1345 257 1392 283 καὶ
1420 255 1604 289 ἀποστολικῆς
1631 253 1796 287 Ἐκκλησίας
1811 252 1862 288 τὴν

1071 304 1212 331 διάστασιν
1232 304 1358 330 ἐνόσουν·
1373 302 1420 334 οὓς
1439 302 1484 329 διὰ
1511 300 1656 336 Πατρικῶν
1672 299 1862 336 παραινέσεων

1071 351 1201 385 πειρᾶται
1216 349 1345 385 συνάψαι,
1362 349 1470 380 δεικνὺς
1482 347 1532 380 τὰς
1549 347 1662 374 ἐκείνων
1678 345 1770 381 φωνὰς
1783 345 1862 372 οὐδὲν

1069 396 1125 423 τῶν
1139 396 1226 424 ἄλλων
1238 395 1387 431 αἱρετικῶν
1398 394 1591 430 διαφερούσας,
1611 393 1659 420 καὶ
1680 391 1818 428 μηδεμίαν
1831 391 1863 424 ἐξ

1071 443 1171 474 αὐτῶν,
1184 442 1278 478 ὥσπερ
1297 441 1351 469 οὐδ’
1364 441 1495 473 ἐκείνους,
1510 440 1604 475 ὄνησιν
1618 439 1781 475 κερδαίνειν.
1797 439 1862 465 Συν-

1073 489 1163 523 ίστησι
1174 488 1202 515 δὲ
1213 488 1354 524 διαφόροις
1368 487 1497 522 Πατέρων
1510 486 1673 522 μαρτυρίαις
1690 485 1731 520 ἐφ’
1741 485 1802 517 ὲνδς
1814 485 1863 512 καὶ

1071 534 1119 561 τοῦ
1143 533 1225 561 αὐτοῦ
1256 532 1403 569 προσώπου
1431 532 1559 567 διάφορον
1579 531 1697 566 φυσικὴν
1718 530 1863 565 ἐνέργειαν

1072 578 1245 614 θεωρεῖσθαι,
1260 577 1309 606 καὶ
1323 579 1419 613 ἀρκεῖν
1442 577 1510 612 πρὸς
1528 577 1619 603 πᾶσαν
1636 576 1737 611 εὐσεσῆ
1760 575 1863 610 πληρο-

1073 625 1172 661 φορίαν
1187 623 1319 651 Θεοτόκον
1349 623 1457 659 φρονεῖν
1473 623 1521 649 καὶ
1546 622 1638 657 λέγειν
1658 622 1708 657 τὴν
1724 620 1864 654 παναγίαν

1073 670 1225 706 Παρθένον-
1251 670 1362 697 ἐπειδὰν
1382 669 1437 705 γάρ
1456 677 1499 701 τις
1519 669 1585 704 εἴπῃ
1598 669 1665 696 Θεδν
1682 668 1864 704 ὲνανθρωπή-

1074 724 1159 742 σαντα
1171 716 1262 742 τεκεῖν
1270 715 1319 752 τὴν
1327 715 1465 749 παναγίσν
1474 715 1623 751 Παρθένον,
1638 716 1673 751 τῇ
1688 714 1744 742 τῶν
1754 715 1864 750 ἀρχαγ-

1073 761 1162 796 γέλων
1174 762 1197 778 ⁷⁵
1211 760 1289 794 οὗτος
1305 761 1430 797 θεολογίᾳ
1445 761 1571 795 φαίνεται
1586 761 1768 796 κεχρημένος.

1111 806 1214 842 Γράφει
1226 807 1255 834 δὲ
1268 807 1315 835 καὶ
1329 807 1426 843 ἑτέραν
1439 806 1607 842 ἐπιστολὴνό
1623 807 1708 838 αὐτὸς
1719 807 1789 843 πρὸς
1799 807 1863 838 τοὺς

1074 853 1245 888 ἀποσχιστᾰς
1256 852 1433 885 Καλλινίκου,
1448 852 1583 880 νουθετῶν
1611 852 1661 888 μὲν
1673 853 1707 888 τῇ
1721 852 1769 879 τοῦ
1794 852 1864 879 Θεοῦ

1039 884 1059 913 Β
1074 884 1185 930 τούτους
1208 884 1342 934 ἑνωθῆναι
1365 884 1527 935 Ἐκαλησίᾳ,
1554 884 1679 934 καθαρὰν
1693 884 1865 933 ἀποφαίνων

1072 945 1175 980 ταύτην
1186 945 1278 980 πάσης
1293 945 1435 980 αίρετικῆς
1459 945 1578 980 κηλῖδος,
1611 945 1658 972 καὶ
1681 944 1722 971 ὅτι
1737 943 1773 970 τὰ
1789 944 1866 980 παρὰ

1071 991 1174 1026 ταύτην
1191 992 1360 1026 συνακτήρια
1380 991 1488 1028 λῃστῶν
1510 991 1569 1018 ἐστι
1594 990 1725 1027 σπήλαια.
1744 991 1801 1017 Καὶ
1818 999 1866 1026 μι-

1074 1038 1183 1072 μεῖσθαι
1197 1037 1252 1064 δεῖν
1267 1038 1421 1072 εἰσηγεῖται
1439 1037 1571 1071 Συμεῶνα
1586 1038 1633 1064 καὶ
1649 1035 1806 1072 Βαραδάτον
1816 1036 1865 1062 καὶ

1079 1082 1216 1115 Ἰάκωϐον,
1232 1082 1332 1119 ἄνδρας
1349 1083 1393 1110 ἐπ’
1420 1083 1505 1119 ἀρετῇ
1522 1082 1575 1109 ἀνὰ
1588 1082 1679 1109 πᾶσαν
1691 1081 1741 1117 τὴν
1753 1082 1806 1117 γῆν
1818 1081 1865 1116 βε-

1073 1127 1235 1162 σοημένους,
1261 1127 1288 1154 οἶ
1316 1128 1366 1163 τὴν
1393 1127 1625 1162 ἔκκλησιαστικὴν
1644 1126 1687 1153 διὰ
1703 1126 1760 1162 βίου
1773 1126 1866 1162 ἠσπά-

1075 1173 1156 1199 σαντό
1169 1182 1200 1199 τε
1216 1173 1264 1201 καὶ
1276 1173 1437 1206 ἑξεϐείασαν
1449 1173 1602 1200 κοινωνίαν.
1625 1173 1696 1200 Ἀλλ’
1710 1174 1740 1200 ὲν
1756 1174 1865 1207 τούτοις

1075 1219 1125 1254 μὲν
1137 1219 1186 1245 καὶ
1201 1220 1218 1254 ἠ
1237 1218 1363 1254 παροῦσα
1374 1219 1515 1255 ἐπιστολή.

1114 1264 1145 1291 '0
1159 1264 1188 1290 δὲ
1203 1264 1303 1299 ἑφεξῆς
1321 1264 1399 1298 λόγος
1415 1264 1559 1300 συνοδικὴν
1578 1264 1748 1291 ἀναπτύσσει
1762 1266 1867 1300 πρᾶξιν

1073 1310 1121 1336 τοῦ
1136 1310 1219 1337 αὑτοῦ
1235 1310 1390 1344 ἁγιωτάτου
1421 1311 1593 1346 πατριάρχου
1615 1311 1796 1347 Ἐφραιμίου,
1808 1310 1867 1348 ινῇ

1074 1357 1088 1383 ὅ
1108 1365 1138 1383 τε
1154 1356 1341 1392 Συγκλητικδς
1357 1356 1417 1393 (τῆς
1441 1356 1548 1392 Ταρσοῦ
1574 1356 1602 1383 δὲ
1617 1356 1713 1383 τοῦτον
1733 1357 1748 1384 ό
1762 1357 1868 1393 προλα-

1074 1402 1130 1429 ϐὼν
1146 1402 1226 1437 λόγος
1239 1402 1387 1430 ἐπίσκοπον
1399 1401 1470 1438 εἷπε)
1486 1402 1669 1437 λογοθετεϊται
1683 1404 1708 1423 ⁷¹
1721 1404 1772 1431 οὐκ
1786 1405 1869 1440 6900-

1074 1447 1168 1481 δόξους
1179 1447 1319 1480 λιϐέλλους
1334 1449 1411 1483 παρά
1437 1456 1519 1474 τινων
1536 1448 1695 1484 δεξάμενος,
1715 1449 1744 1483 ἐξ
1766 1446 1804 1477 ὦν
1817 1451 1869 1478 καὶ

1074 1493 1216 1529 αἱρετικὴν
1239 1494 1378 1529 παρέσχεν
1406 1494 1555 1526 ὑπόνοιαν.
1582 1496 1629 1522 καὶ
1657 1496 1793 1532 Στέφανός
1823 1507 1870 1530 τις

1076 1541 1212 1576 μονάζων,
1233 1540 1380 1575 σύγχελλος
1397 1541 1429 1576 δὴ
1453 1541 1501 1568 τοῦ
1519 1542 1709 1577 Συγκλητικοῦ
1723 1543 1869 1579 καλούμε-

1076 1595 1132 1618 νος.
1149 1587 1205 1613 Καὶ
1227 1586 1396 1622 διελέγχεται
1417 1588 1466 1622 μὲν
1486 1587 1558 1615 κατὰ
1584 1588 1683 1624 μικρὸν
1711 1590 1758 1615 τοῦ
1785 1589 1870 1624 λόγου

1077 1632 1220 1668 προϊόντος
1244 1631 1375 1668 ἑκάτερος
1404 1633 1442 1667 μὴ
1468 1633 1502 1659 τὰ
1528 1632 1596 1667 ὀρθὰ
1618 1634 1669 1669 τῆς
1700 1634 1871 1671 Ἐκκλησίας

1076 1677 1201 1714 στέργων
1228 1678 1361 1714 δόγματα,
1377 1678 1446 1705 ἀλλὰ
1470 1680 1540 1714 πρὸς
1556 1679 1606 1715 τὴν
1632 1680 1771 1716 Εὐτυχοῢς
1789 1682 1870 1709 νόσον

1078 1723 1300 1759 ὑποσυρόμενοφ
1313 1725 1388 1759 ὅμως
1410 1723 1457 1752 οὖν
1481 1725 1529 1751 τοῦ
1547 1725 1737 1761 Συγκλητιχοῦ
1758 1727 1809 1763 τὴν
1827 1730 1871 1755 εὑ-

1076 1770 1186 1797 σέσειαν
1196 1770 1244 1797 ἐπὶ
1254 1770 1327 1798 τέλει
1344 1771 1535 1804 συνελαθέντος
1550 1773 1638 1798 εἰπεῖν
1649 1773 1666 1807 ή
1678 1773 1793 1805 Σύνοδος
1806 1775 1871 1802 δια-

1074 1816 1178 1845 λύεται.
1196 1817 1263 1854 [784
1278 1817 1326 1855 IL]
1347 1817 1391 1846 Ἐν
1402 1818 1487 1854 ταύτῃ
1503 1820 1536 1854 τῇ
1549 1819 1649 1854 πράξει
1657 1819 1704 1846 τδν
1718 1819 1868 1848 θεσπέσιον

1073 1864 1209 1901 Κύριλλον
1236 1864 1274 1900 τῇ
1300 1866 1393 1900 φύσει
1417 1865 1476 1893 ἀνθ’
1494 1865 1694 1899 ὑποστάσεως
1706 1866 1825 1901 ἀλλαχοῦ
1838 1876 1870 1894 τε

1073 1910 1239 1945 παρεισάγει
1265 1910 1431 1946 χρήσασθαι,
1454 1910 1503 1937 καὶ
1531 1911 1614 1945 ἡνίκα
1643 1910 1718 1945 λέγει
1747 1912 1870 1946 μάλιστα

1073 1956 1140 1991 μίαν
1160 1955 1242 1991 φύσιν
1254 1957 1301 1983 τοῦ
1327 1956 1413 1990 Λόγου
1440 1957 1673 1993 σεσαρκιιηψένην⁸
1692 1957 1723 1984 ού
1748 1958 1806 1993 γὰρ
1836 1959 1870 1986 ἂν

1075 2002 1166 2028 εἰπεῖν
1178 2001 1271 2034 αὐτὸν,
1285 2002 1415 2034 πολλάκις
1425 2003 1474 2035 τὰς
1484 2002 1530 2029 δύο
1543 2003 1641 2038 φύσεις
1655 2004 1868 2040 ὡμολογηκότα,

1075 2046 1171 2083 ῶσπερ
1197 2048 1230 2074 ὲκ
1256 2048 1438 2084 μεταμελείας
1457 2049 1523 2084 μίαν
1547 2049 1641 2084 φύσιν,
1654 2051 1730 2086 εἰμὴ
1744 2051 1775 2077 τὸ
1789 2052 1869 2087 ῥῆμα

1075 2092 1135 2119 νυνὶ
1149 2091 1206 2127 τῆς
1217 2093 1337 2127 φύσεως
1352 2094 1413 2120 ἀντὶ
1430 2094 1485 2129 τῆς
1504 2095 1704 2129 ὑποστάσεως
1730 2097 1868 2133 παρειλή-

1076 2146 1133 2172 φει.
1154 2139 1209 2164 Καὶ
1232 2140 1379 2175 συγκροτεῖ
1397 2139 1477 2166 τοῦτο
1491 2140 1522 2173 ἐξ
1535 2141 1636 2177 ἐτέρων
1659 2150 1691 2168 τε
1703 2142 1804 2176 φωνῶν
1818 2143 1867 2170 τοῦ

1077 2185 1161 2211 αὑτοῦ
1172 2184 1319 2220 Κυρίλλου,
1335 2185 1384 2212 καὶ
1402 2186 1444 2212 ὅτι
1462 2185 1527 2222 [409
1539 2187 1587 2223 IL]
1595 2186 1717 2215 τοιοῦτον
1730 2188 1763 2215 τὸ
1775 2189 1801 2205 ⁷⁶
1813 2190 1867 2224 τῆς

234 2234 399 2269 Ἐιικλησίας
417 2233 557 2270 φρόνημα.
583 2232 639 2260 Καὶ
673 2230 742 2274 ἄλλα
767 2231 797 2259 δέ
825 2239 888 2258 τινα
917 2230 1042 2266 χρήσιμα
1060 2232 1133 2258 κατὰ
1158 2231 1209 2266 τῆς
1233 2231 1401 2267 συγχυτικῆς
1426 2233 1560 2268 αἱρέσεως
1583 2235 1601 2267 ἡ
1630 2235 1731 2270 πρᾶξις
1765 2236 1869 2270 ἀγωνι-

233 2282 325 2316 ἅμιτα
335 2281 468 2316 περιέχει.

270 2326 336 2354 Post
359 2326 419 2354 haec
450 2325 579 2360 inscripta
606 2324 676 2352 libro
700 2322 813 2358 epistola
838 2323 872 2350 ad
897 2321 1022 2358 Magnum

1111 2321 1190 2348 Μετὰ
1202 2321 1288 2349 ταῦτα
1297 2321 1325 2348 δὲ
1341 2321 1528 2356 ἐνεγέγραπτο
1541 2322 1574 2357 τῇ
1585 2321 1670 2358 βίϐλῳ
1686 2323 1755 2356 πρὸς
1768 2323 1869 2358 Μέγαν

230 2373 388 2408 episcopum
406 2371 534 2401 Bcrru-ac,
549 2371 610 2402 hoc,
628 2370 655 2396 in
672 2369 777 2396 duabus
797 2367 901 2395 naturis
912 2367 1023 2395 Emma-

233 2419 338 2446 nuelem
360 2417 469 2452 agnosci
493 2416 534 2452 (ut
560 2416 587 2442 in
605 2420 702 2450 quarta
727 2419 755 2442 et
773 2413 893 2449 generali
919 2412 1023 2448 synodo

232 2464 387 2500 asseritur),
399 2464 499 2491 docens
512 2467 592 2496 atque
608 2462 768 2496 explanatis,
780 2465 807 2488 et
823 2467 900 2488 usum
911 2466 973 2487 esse
984 2458 1024 2486 Io-

232 2509 344 2546 queudi,
372 2517 454 2535 uuaut
481 2506 561 2534 Verbi
591 2511 716 2533 naturam
743 2506 881 2534 hominem
905 2512 966 2532 esse
988 2503 1024 2531 fa-

232 2563 316 2589 ctam.
344 2559 440 2584 contra
458 2562 517 2586 eos,
545 2554 591 2588 qui
619 2553 686 2580 duas
711 2552 745 2580 ab
768 2552 885 2579 invicem
912 2555 1024 2578 naturas

232 2606 359 2638 separant
380 2601 511 2637 probandi
537 2601 618 2628 robur
647 2599 758 2626 habere.
777 2597 831 2625 Sed
849 2605 903 2625 non
926 2601 1021 2624 contra

234 2655 366 2685 negantes
381 2654 540 2676 naturarum
553 2646 735 2674 dill‘erentiam
751 2649 862 2679 propter
881 2644 1020 2671 unionem.

233 2696 465 2729 Quemadmodum
492 2702 544 2722 una
571 2693 653 2722 Verbi
676 2697 772 2720 natura
798 2691 939 2718 incarnata
960 2698 1021 2717 cum

234 2742 424 2776 scparantibus
449 2741 484 2768 ab
510 2740 626 2768 invicem
650 2743 772 2770 naturas,
799 2741 923 2772 pugnat:
942 2737 982 2764 sic
997 2740 1024 2763 et

1073 2367 1118 2395 τὸν
1132 2367 1283 2394 ἐπίσκοπον
1296 2367 1410 2403 Βεροίας
1425 2367 1449 2383 ⁷⁷
1466 2366 1606 2402 ἐπιστολὴ,
1619 2367 1650 2393 τὸ
1662 2368 1691 2394 ὲν
1701 2368 1748 2394 δύο
1762 2369 1865 2402 φύσεσι

1073 2415 1172 2450 χρῆναι
1187 2414 1211 2430 ⁷⁸
1224 2413 1369 2448 γνωρίζειν
1385 2413 1431 2439 τὸν
1446 2412 1608 2448 Ἐμανουὴλ,
1632 2413 1670 2445 ὼς
1687 2414 1734 2440 καὶ
1747 2415 1781 2450 τῇ
1798 2416 1867 2451 ἁγίᾳ

1074 2458 1123 2487 καὶ
1139 2460 1316 2494 οίκουμενικῇ
1336 2459 1454 2495 τετάρτῃ
1469 2459 1572 2495 συνόδῳ
1593 2459 1713 2495 εἴρηται,
1730 2460 1867 2496 δογματί-

1074 2506 1160 2538 ζουσά
1174 2514 1204 2532 τε
1221 2505 1269 2532 καὶ
1284 2506 1465 2541 ὲπικυροῠσα,
1482 2506 1528 2532 καὶ
1542 2506 1611 2541 ὁτιή
1630 2505 1750 2540 λέγουσι
1765 2506 1867 2541 χρῆσις

1076 2551 1144 2587 μίαν
1168 2551 1251 2586 φύσιν
1282 2551 1330 2577 τοῦ
1354 2552 1441 2585 Λόγου
1470 2551 1687 2586 σεσαρκωμένην
1715 2552 1789 2578 κατὰ
1811 2552 1868 2579 τῶν

1073 2598 1252 2633 διαιρούντων
1263 2597 1312 2624 ἀπ’
1327 2597 1450 2632 ἀλλήλων
1465 2597 1514 2629 τὰς
1533 2598 1629 2631 φύσεις
1642 2597 1700 2632 ἔχει
1713 2597 1744 2623 τὸ
1761 2598 1866 2632 κράτος

1074 2643 1287 2679 προϐάλλεσθαι,
1302 2642 1361 2671 ἀλλ’
1386 2643 1416 2669 οὺ
1442 2643 1516 2670 κατὰ.
1538 2643 1594 2670 τῶν
1613 2643 1804 2678 ἀναιρούντων
1816 2645 1867 2679 τὴν

1075 2689 1129 2717 τῶν
1145 2690 1252 2725 φύσεων
1266 2689 1399 2724 διαφορὰν
1414 2689 1459 2716 διὰ
1477 2690 1528 2725 τὴν
1547 2690 1654 2718 ἕνωσιν.
1670 2691 1780 2726 Ὠσπερ
1794 2691 1823 2718 δὲ
1837 2691 1868 2718 τὸ

1077 2737 1126 2772 μία
1140 2735 1221 2770 φύσις
1233 2735 1281 2762 τοῦ
1309 2736 1397 2770 Λόγου
1427 2736 1625 2772 σεσαρκωμένη
1639 2737 1696 2769 τοῖς
1711 2736 1867 2772 διαιροῦσιν

884 2822 1001 2851 νΑιυΑς
1017 2822 1222 2851 LECTIONES.

272 2877 296 2893 "
310 2877 434 2912 ἀγγέλων
450 2884 479 2908 ς.
519 2875 541 2890 ⁷⁸
560 2873 740 2910 λογοθετείς.
779 2873 843 2900 "1b
856 2871 878 2899 A
895 2880 902 2898 :
925 2870 971 2898 καὶ
982 2870 1012 2897 τὸ
1028 2879 1060 2902 ς.

1110 2872 1133 2888 ⁷⁷
1148 2870 1280 2907 Βεῤῥοίας
1294 2879 1323 2902 ς.
1373 2869 1396 2886 ⁷⁸
1416 2870 1514 2906 χρῆναι
1537 2869 1598 2897 add.
1616 2870 1650 2897 Λ.
