1920 3090
64 151 104 183 θίε)
318 165 322 168 ·
572 148 837 179 BIBLIOTHECA.
848 161 884 168 --
897 147 979 179 COD.
994 148 1148 179 CCXXIX.

1626 152 1679 184 970

64 205 102 234 ἀπ’
124 203 238 238 ἀλλήλων
259 202 307 234 τὰς
331 202 430 237 φύσεις
457 201 642 238 ἀπομάχεται,
658 202 730 229 οὕτω
744 202 792 229 και
801 202 832 228 τὸ

890 202 914 229 in
929 202 1034 230 duabus
1059 203 1165 230 naturis
1186 203 1313 231 unionem
1335 203 1360 230 in
1383 210 1500 238 persona
1516 203 1596 233 fateri
1614 212 1679 234 con-

66 253 87 278 tv
97 250 136 277 δύο
149 250 244 284 φύσεσι
258 249 308 283 τὴν
323 248 386 275 καθ’
410 247 562 275 ὑπόστασιν
581 248 724 283 ὁμολογεῖν
735 248 833 275 ἕνωσιν

65 298 115 328 τοὺς
136 295 310 330 συγχυτικοὺς
337 293 444 330 ἐλέγχει
467 295 514 321 καὶ
539 293 717 329 καταισχύνει
732 293 836 321 τούτων

65 344 88 369 τὸ
101 342 221 377 βούλημα.
249 339 343 372 Οὕτως
369 339 417 366 οὖν
450 341 497 367 καὶ
516 341 534 376 ὴ
558 341 586 366 ὲν
602 340 649 366 δύο
661 339 759 374 φύσσει
773 340 834 366 καθ’

66 388 191 414 ὑπόστασιν
205 385 302 417 ἓνωσις
320 386 342 402 ⁷³
361 385 407 412 καὶ
422 386 440 420 ἡ
455 386 505 421 μία
522 385 569 412 τοῦ
587 385 675 420 Λόγου
692 394 835 420 σεσαρκω-

67 433 120 468 μένη
133 432 208 467 φύσις
232 431 304 458 κατὰ
325 432 375 466 μὲν
397 431 452 459 τῶν
468 431 666 466 ἀντικειμένων
679 432 776 462 αὐταῖς
789 432 835 458 καὶ

66 480 166 514 ἀλλήλοις
184 477 362 513 δοξασμάτων
376 478 568 512 ἀγωνίζονται,
582 478 713 514 οὐδετέρα
726 478 754 505 δὲ
766 478 835 505 κατὰ

66 526 102 559 τῆς
116 525 204 560 ἑτέρας
214 524 374 556 όπλίζεται”
401 523 464 550 οὔτε
488 524 543 559 γὰρ
569 525 586 559 ἡ
615 523 663 560 μία
680 524 727 551 τοῦ
747 524 835 558 Λόγου

67 571 238 606 σεσαρκωμένη
261 570 343 605 φύσις
371 570 414 597 ἐπ’
438 570 578 606 ἀναιρέσει
589 570 639 605 τῆς
652 570 707 597 τῶν
725 571 836 605 φύσεων

66 618 172 652 Excepi;
182 616 302 650 λέγεται,
318 617 380 643 οὕτε
394 618 411 652 ἠ
434 616 463 643 ὲν
475 616 522 643 δύο
533 616 631 650 φύσεσι
645 617 834 653 γινωσκομένη

67 663 112 690 ισθ¹
142 663 287 689 ὑπόστασιν
311 663 409 694 ’ἐνωσις
426 663 561 699 διαίρεσιν
583 663 631 690 ἀπ’
643 663 765 698 ἀλλήλων
779 665 836 690 εἰσ-

66 711 111 744 άγει
127 709 176 736 τῶν
202 709 324 744 φύσεων.
338 709 420 735 Ὥστε
442 711 458 745 ή
480 710 535 736 τῶν
548 710 594 736 δύο
610 710 719 745 φύσεων
736 710 835 742 ἓνωσις

67 756 186 790 βεὸσίωσίς
209 757 272 782 ⁴ἐστι
286 756 337 787 τῆς
354 757 418 791 μιᾶς
440 756 487 782 τοῦ
515 756 601 791 Λόγου
618 757 835 792 σεσαρκωμένης

66 803 217 834 ὑποστάσεως
255 801 412 838 ἁσυγχύτου
448 803 495 830 καὶ
526 803 658 838 διαφορᾶς
681 803 834 838 ἀδιαιρέτου

66 848 258 884 κηρυττομένης.
280 849 375 876 Ταῦτα
401 849 449 876 καὶ
465 848 579 875 τοιαῦτα
599 848 681 885 ἕτερα
697 849 745 875 οὐκ
757 849 836 881 ὀλίγα

65 894 97 920 διὰ
106 895 149 928 τῆς
161 895 347 930 προκειμένης
370 895 538 930 ἀναγράφων
566 894 712 930 ἐπιπολῆς
728 895 763 921 τὰ
784 895 834 930 μὲν

65 940 102 975 τῆς
116 941 250 972 εὐσεὸείας
263 940 395 976 κρατύνει
412 940 546 975 δόγματα,
564 940 613 975 τῆς
622 940 650 966 δὲ
668 941 834 976 συγχυτικῆς

65 986 179 1018 ἀναιδείας
193 986 326 1022 διελέγχει
337 987 387 1019 τὴν
402 986 532 1014 ἀπόνοιαν
548 986 581 1013 ⁸⁸.
599 987 653 1012 Καὶ
666 987 835 1022 παραινέσας

886 247 1031 276 fundentes
1053 249 1241 283 reprehendit.
1276 253 1303 276 et
1327 249 1423 276 horum
1445 254 1560 278 conatus
1588 255 1680 278 retun-

886 294 937 321 dit.
955 293 1001 322 Sic
1016 294 1099 329 igitur
1114 299 1142 321 cl
1160 295 1186 322 in
1204 296 1309 322 duabus
1322 295 1427 322 naturis
1445 295 1510 323 uuio
1526 297 1677 324 secundum

887 342 1065 377 hypostasim,
1095 347 1124 368 ut
1145 349 1197 369 una
1221 341 1300 369 Verbi
1323 346 1418 369 natura
1446 342 1599 375 iucarnata,
1618 350 1678 370 cer-

887 393 940 415 tam
958 393 1054 416 contra
1071 396 1119 417 eos
1129 389 1175 424 qui
1196 397 1288 416 sccttm
1305 389 1355 424 ipsi
1373 393 1400 416 et
1415 389 1486 417 inter
1503 396 1533 417 se
1548 394 1678 425 pugnant.

887 442 941 461 non
965 434 1048 468 igitur
1068 434 1154 462 altera
1176 442 1236 462 cum
1257 435 1343 462 altera
1364 440 1478 470 pugnat.
1498 434 1592 470 Neque
1606 435 1678 462 enim

888 488 939 507 una
962 481 1043 508 Verbi
1060 485 1156 508 natura
1174 481 1329 514 incarnata,
1346 481 1372 508 in
1394 481 1546 508 sublatione
1561 481 1679 516 quadam

889 533 992 555 natura!
1011 527 1111 555 dicitur
1131 537 1136 554 :
1155 534 1244 562 neque
1255 527 1321 554 unio
1336 527 1363 554 in
1381 527 1486 554 duabus
1500 528 1605 555 naturis
1619 535 1679 562 qum

886 574 1035 602 secundum
1059 573 1228 610 hypostasim
1258 574 1434 609 agnoscitur,
1467 573 1627 601 divisionem
1645 574 1678 600 ah

888 620 1002 646 iuvit-cm
1027 619 1103 646 affert
1135 624 1304 647 naturarum.
1326 619 1416 652 Quare
1443 618 1541 655 249a
1564 619 1677 646 duarum

888 664 952 690 unio
973 670 1145 696 naturarum,
1171 664 1345 691 confirmatio
1369 668 1409 691 est
1434 664 1516 691 unius
1532 663 1615 691 Verbi
1636 665 1679 690 in-

887 716 1006 737 carnatze
1023 718 1146 746 persona:
1163 710 1323 743 inconl'uszc,
1335 714 1362 737 ct
1379 710 1544 737 diversitalis
1559 710 1681 737 indivisa)

887 763 948 790 qua:
963 757 1137 791 prmdicatur.
1151 756 1213 784 Ilaec
1226 756 1314 783 etalia
1330 757 1355 783 id
1372 764 1456 791 genus
1470 764 1523 783 non
1537 763 1622 791 pauca
1632 764 1681 791 pro

893 809 921 828 re
950 806 1013 829 nata
1040 802 1163 837 epistola:
1197 802 1385 834 conscribens,
1418 802 1528 836 pietatis
1554 802 1680 837 dogmata

888 847 1043 881 confirmat,
1063 848 1236 883 impudenter
1251 855 1315 875 vero
1334 847 1556 876 confundcuIinm
1570 855 1680 875 sensum

889 893 1038 928 redarguit,
1048 898 1075 922 et
1087 902 1148 921 eum
1161 895 1204 922 cui
1223 895 1326 922 reddita
1342 895 1454 930 epistola
1468 900 1508 922 est
1519 894 1679 927 admonens,

888 941 982 976 angeli
1004 947 1030 968 ct
1045 949 1172 969 crescere
1187 942 1300 977 scripta,
1318 943 1395 976 quasi
1420 949 1473 969 non
1489 941 1622 969 exhausta
1640 941 1681 968 fa-

890 987 1004 1020 cultate,
1024 987 1159 1015 scribendi
1177 988 1256 1015 finem
1273 987 1348 1015 facit.

65 1031 98 1057 τὸν
109 1032 150 1066 τὴν
160 1032 306 1067 ἐπιστολὴν
321 1031 469 1067 δεξάμενον
485 1030 641 1067 ὲπαυξῆσαί
656 1040 686 1058 τε
699 1033 747 1058 καὶ
760 1031 896 1068 πληθῦναι
907 1031 943 1058 τὰ
956 1032 1151 1068 γεγραμμένα,
1162 1032 1210 1060 ἁτε
1239 1033 1286 1060 καὶ
1316 1033 1461 1067 δυνάμεως
1489 1032 1539 1059 οὐκ
1571 1033 1675 1068 ἄπορον

68 1077 316 1113 γαταλήγειγρᾷφων
335 1078 365 1104 τὸ
378 1077 507 1113 γράμμα.

90 1125 146 1152 Μεθ’
164 1125 178 1152 ὃ
194 1125 264 1161 πρὸς
280 1125 391 1152 Εὐνόῖον
415 1125 529 1161 μοναχὸν
550 1125 649 1161 ἑτέραν
670 1125 782 1162 γράφει,
805 1127 836 1153 ὲν

65 1166 187 1205 ﬁngam
201 1170 271 1205 μήτε
288 1169 414 1205 ἀλλήλοις
431 1170 500 1206 μήτε
517 1170 623 1201 ἑαυτοῖς
641 1170 835 1206 ἐναντιωθῆναι

65 1216 112 1247 τοῦς
122 1216 204 1251 ἱεροὺς
217 1216 301 1251 ἡμῶν
316 1216 452 1251 Πατὲρας,
469 1216 579 1242 ἐπειδὰν
595 1217 658 1251 περὶ
674 1216 777 1252 φθορᾶς
790 1216 836 1243 καὶ

66 1262 196 1297 ἀφθαρσίας
223 1261 441 1296 διαλαμῦάνωσι.
462 1262 517 1288 Καὶ
534 1262 574 1289 ὃτι
590 1263 606 1297 ὴ
625 1261 675 1297 μὲν
699 1261 838 1298 ἁφθαρσία

67 1307 126 1341 ὑγεία
137 1308 176 1340 τίς
192 1309 267 1335 ἐστιν
282 1307 340 1335 ἀλλ’
353 1308 403 1335 οὐκ
416 1307 556 1344 ἀναίρεσις
571 1308 620 1343 τῆς
636 1308 772 1344 ἡμετέρας
787 1308 836 1343 φύ-

67 1361 129 1386 σεως,
143 1356 158 1390 ἡ
172 1354 200 1382 δὲ
216 1354 323 1390 φθορὰς
343 1355 420 1386 νόσος
437 1363 444 1370 ·
460 1354 522 1381 ὅθεν
538 1354 586 1381 καὶ
610 1354 656 1381 τὸν
673 1353 763 1389 ’Λδὰμ
782 1354 836 1389 πρὸ

66 1400 102 1434 τῆς
114 1401 287 1436 παραβάσεως
299 1400 437 1436 ἄφθαρτον
450 1400 546 1436 ἔχοντα
561 1401 650 1436 σάρκα
660 1401 731 1428 κατὰ
745 1401 834 1428 πάντα

67 1446 180 1482 ὑπάρχειν
195 1448 260 1484 ἡμῖν
283 1447 437 1483 όμοούσιον.
455 1446 548 1474 Ταῦτα
573 1448 688 1483 κρήσεσι
703 1447 834 1483 Πατέρων

66 1491 218 1525 διαϐεϐαιῶν,
236 1493 284 1520 καὶ
299 1493 382 1528 ἕτερα
396 1492 446 1519 οὐκ
459 1491 538 1526 ὀλίγα
555 1492 622 1527 πρὸς
634 1493 682 1528 τὴν
697 1492 838 1520 εὐσέϐειαν

67 1538 171 1574 χρήσιμα
199 1538 409 1573 συγκαταλέξας
435 1538 471 1574 τῇ
487 1536 629 1573 ἐπιστολῇ,
658 1537 745 1573 πέρας
768 1537 836 1573 αὐτῇ

67 1583 206 1620 ἐπιτίθησιν.

99 1630 150 1658 Ἐπὶ
163 1631 274 1664 ταύταις
289 1633 319 1659 δὲ
338 1632 386 1660 καὶ
400 1632 476 1668 λόγοι
492 1633 567 1669 αὐτῷ
577 1632 752 1668 διελέχθησαν
769 1640 838 1658 παν-

67 1678 174 1711 ηγυρικοὶ
189 1678 211 1693 ⁸⁸
227 1679 260 1711 ζ’,
284 1680 299 1706 ὁ
326 1674 375 1714 μὲν
398 1680 439 1711 εις
456 1679 491 1706 τὰ
513 1679 640 1713 ὲγκαίνια
661 1679 717 1706 τῶν
752 1677 838 1712 ἁγίων

67 1724 204 1758 προφητῶν,
220 1726 234 1752 ό
252 1725 282 1752 δὲ
297 1725 338 1757 εις
352 1725 386 1752 τὰ
401 1725 527 1760 γενέθλια
544 1725 592 1752 τοῦ
619 1726 746 1760 Σωτῆρος
760 1724 838 1760 ἡμῶν

72 1771 144 1808 Ἰησοῦ
153 1774 281 1810 Χριστοῦ,
307 1774 351 1800 ἓτε
356 1783 401 1809 ρος
415 1773 443 1801 δὲ
457 1774 510 1809 πρὸ
523 1774 577 1800 τῶν
593 1774 678 1809 ἁγίων
693 1774 836 1810 νηστειῶν,

68 1819 104 1844 καὶ
116 1820 186 1852 ἄλλος
201 1821 240 1852 εἰς
257 1820 309 1856 τὴν
329 1820 483 1856 κατήχησιν
499 1820 553 1847 τῶν
572 1820 772 1855 νεοφωτίστων,
791 1819 838 1846 καὶ

68 1863 93 1898 δὴ
104 1865 146 1891 καὶ
158 1867 196 1898 είς
217 1867 252 1894 τὰ
271 1866 399 1901 ὒγκαίνια
416 1867 464 1893 τοῦ
479 1866 650 1902 ἀρχαγγέλου
667 1865 775 1901 Μιχαὴλ
789 1865 836 1892 τοῦ

69 1910 91 1936 ὲν
112 1911 205 1949 Δάφνῃ.
217 1914 264 1940 καὶ
282 1914 322 1945 είς
341 1913 391 1948 τὴν
402 1913 482 1947 ἁγίαν
496 1912 735 1948 Τεσσαρακοστὴν,
747 1912 794 1938 καὶ
807 1912 836 1939 ἐν

70 1957 109 1991 μιᾷ
126 1958 171 1992 τῆς
199 1959 282 1993 ἁγίας
309 1959 541 1995 Τεσσαρακοστῆς
569 1958 663 1994 ἐνάτῃ.
685 1958 765 1984 Ἀλλὰ
790 1958 837 1984 καὶ

68 2001 105 2029 {at
118 2004 214 2036 τούτοις
224 2005 317 2039 ὄγδοος
332 2006 346 2032 δ
361 2006 390 2031 ἐν
409 2006 442 2041 τῇ
461 2005 529 2041 ἁγίᾳ
542 2004 652 2039 τετράδι
670 2003 778 2039 λεχθεὶς
795 2004 836 2037 είς

68 2048 116 2080 τοὺς
128 2050 329 2084 νεοφωτίστονς.

94 2093 125 2120 Τδ
139 2095 186 2130 μὲν
207 2094 254 2123 οὖν
273 2095 383 2131 πρῶτον
408 2094 472 2132 [410
499 2095 546 2131 IL}
573 2094 716 2131 περιελθὸν
732 2095 773 2127 εἰς
786 2095 836 2127 τὰς

68 2137 182 2176 ἡμετέρας
194 2143 289 2177 χεῖρας
302 2140 399 2177 τεῦχος
412 2140 499 2168 ταῦτα
510 2141 659 2176 περιεῖχεν.

235 2221 291 2249 Τοῦ
305 2186 502 2254 αὐτοῦΣὲιῗῖη
524 2220 644 2253 βίϐλος.

95 2263 148 2300 [785
162 2266 206 2303 IL]
227 2267 398 2302 ’Λνεγνώσοη
413 2266 516 2302 βιϐλίον
529 2265 576 2293 τοῦ
591 2265 676 2294 αὐτοῦ
697 2266 727 2293 ἐν
747 2265 835 2300 ἁγίοις

74 2308 226 2347 Έφραιμίου,
248 2313 279 2344 ὃς
294 2313 350 2340 τῶν
375 2312 455 2348 ιερῶν
470 2312 518 2348 τῆς
541 2311 709 2348 ’Δντιοχείας
730 2311 839 2347 θεσμῶν

70 2354 154 2390 ἠγεῖτο,
169 2359 197 2385 ὲν
221 2358 310 2393 λόγοις
326 2359 358 2389 δ’.
374 2355 412 2385 ὧν
425 2359 439 2385 ὁ
455 2357 505 2394 μὲν
520 2357 544 2384 α’
560 2358 626 2393 περὶ
637 2357 692 2384 τῶν
715 2357 838 2392 ἐπηρεα-

70 2397 170 2435 ζομένων
193 2405 322 2439 ῥημάτων
348 2404 495 2440 Κυρίλλου,
523 2403 541 2430 ἁ
566 2403 671 2434 ἐκεῖνος
697 2402 838 2437 παρέθηκε

70 2446 123 2480 πρὸς
138 2449 284 2486 Σούκηνσον
306 2450 377 2477 κατὰ
393 2449 443 2485 τὴν
456 2449 587 2486 δευτέραν
606 2448 752 2484 ἐπιστολὴν
769 2449 837 2484 γρά-

71 2499 125 2524 φων,
137 2493 308 2530 διαλαμῦἀνει
325 2504 331 2510 ⁸
346 2496 396 2531 τὴν
408 2495 540 2530 ἐπήρειαν
562 2494 591 2521 δὲ
611 2495 628 2528 ἡ
651 2494 698 2520 τοῦ
716 2494 837 2529 Σεὸήρου

71 2536 156 2570 αἵρεσις
178 2539 285 2574 ἐπάγει.
316 2539 347 2567 '0
371 2540 400 2567 δὲ
424 2539 447 2575 β’
460 2540 608 2574 ἀπόκρισίς
625 2540 684 2573 ὲρτι
705 2539 772 2575 πρὸς
793 2539 837 2565 τὸν

71 2583 224 2616 σχολαστικὸν
262 2586 414 2614 ’Ᾱνατόλιον
441 2586 506 2622 περὶ
538 2582 576 2612 ὧν
602 2586 706 2617 ἐκεῖνος
736 2584 833 2620 μαθεῖν

70 2626 196 2667 ἧίουλήθη.
213 2633 241 2659 'U
256 2633 283 2659 δὲ
303 2636 328 2667 γ’
349 2632 498 2666 ἀπολογίαν
523 2631 593 2667 ὑπὲρ
607 2631 657 2666 τῆς
681 2625 762 2665 ἁγίας
784 2630 833 2657 καὶ

72 2673 236 2712 “mnuum-71;
265 2680 294 2705 ἐν
322 2678 474 2713 Καλχηδόνι
506 2677 613 2704 συνόδου
641 2677 742 2712 γράφει
764 2676 832 2711 πρὸς

72 2716 152 2753 “tum
167 2723 209 2749 καὶ
233 2724 359 2759 Ἰωάννην
380 2724 443 2755 τοὺς
469 2724 498 2750 ὲν
525 2724 558 2758 τῇ
581 2722 697 2758 δευτέρᾳ
722 2721 832 2757 Κιλικίᾳ

922 1127 987 1153 Dein
1021 1126 1054 1153 ad
1080 1127 1214 1154 Eunoiuln
1244 1126 1406 1153 monachum
1441 1125 1521 1152 aliam
1550 1124 1675 1153 scribit:

885 1181 938 1208 qua
962 1173 1075 1207 epistola
1109 1177 1213 1204 narrat,
1245 1180 1332 1206 neque
1362 1179 1454 1199 sccmn
1481 1171 1567 1205 ipsos,
1591 1177 1680 1205 neque

886 1219 958 1246 inter
976 1226 1005 1246 se
1025 1226 1147 1253 pugnare
1163 1218 1251 1246 sancti
1274 1217 1381 1249 Patres,
1401 1217 1510 1251 quando
1530 1218 1563 1244 dc
1584 1225 1680 1243 rnrrn-
1733 1252 1738 1255 η

886 1264 979 1300 ptione
997 1269 1024 1291 ct
1046 1263 1250 1297 incorruptione
1273 1263 1414 1290 disserunt
1439 1268 1468 1290 et
1495 1263 1680 1296 incorruptio-

889 1318 952 1338 nem
972 1311 1116 1338 sanitatem
1132 1310 1277 1345 quamdam
1298 1316 1372 1341 esse.
1392 1316 1445 1337 non
1461 1314 1553 1336 autem
1577 1314 1681 1336 natura:

890 1362 991 1385 nostra:
1002 1356 1184 1384 sublationem
1205 1376 1212 1383 .
1228 1355 1431 1391 corruptionem
1445 1360 1541 1382 contra
1557 1354 1680 1382 tnorbum

889 1403 1035 1438 quemdam
1059 1410 1130 1430 esse.
1152 1401 1229 1429 Unde
1244 1406 1272 1429 et
1292 1401 1427 1429 Adamqu
1440 1406 1503 1429 ante
1516 1401 1620 1436 lapsum
1642 1401 1682 1428 in-

888 1453 1044 1482 corruptam
1064 1448 1189 1475 habuisse
1204 1455 1326 1480 carnem,
1338 1451 1365 1474 et
1385 1454 1434 1482 per
1445 1448 1538 1475 omnia
1551 1447 1628 1475 nobis
1644 1448 1683 1476 si-

891 1493 983 1521 milem
1012 1493 1097 1521 fuisse
1121 1492 1233 1519 Patrum
1273 1492 1440 1520 testimoniis
1460 1492 1639 1526 confirmans,
1653 1497 1680 1520 et

892 1540 942 1566 alia
968 1540 1001 1566 ad
1019 1539 1147 1574 pietatem
1177 1539 1252 1566 utilia
1279 1539 1402 1574 epistola:
1431 1539 1575 1568 includens
1599 1539 1680 1568 ﬁnem

851 1591 873 1621 (ζ
891 1587 965 1613 facit.

927 1632 1086 1667 Sequuntur
1109 1631 1174 1659 hinc
1199 1630 1318 1663 eiusdem
1345 1631 1517 1665 panegyrica:
1541 1631 1682 1659 orationes

891 1683 1006 1713 septem.
1028 1678 1118 1706 Prima
1136 1677 1279 1706 infestum
1303 1677 1539 1704 sanctissimorum
1566 1677 1683 1712 prophe-

893 1729 1002 1758 tarum;
1027 1725 1113 1751 altera
1139 1724 1164 1751 in
1184 1723 1247 1752 .lesn
1265 1723 1366 1750 Christi
1383 1723 1500 1749 natalem
1515 1723 1604 1757 diem;
1623 1727 1681 1751 ter-

893 1771 929 1798 tia
952 1771 979 1797 in
996 1778 1074 1798 sacra
1094 1770 1158 1798 anni
1179 1769 1280 1805 jejunia
1294 1774 1414 1804 ',quarta
1428 1769 1454 1796 in
1471 1769 1680 1797 catechumeno-

892 1825 951 1844 rum
966 1817 1191 1849 instructionem;
1208 1816 1273 1844 item
1296 1816 1323 1843 in
1343 1816 1440 1843 festum
1457 1816 1527 1843 diem
1541 1815 1682 1843 Michaelis

891 1863 1048 1898 archangeli
1076 1863 1102 1890 in
1129 1862 1257 1897 Daphne;
1286 1867 1362 1890 sexta
1380 1862 1406 1888 in
1428 1869 1535 1889 sacram
1556 1861 1682 1895 Quadra-

891 1909 1041 1943 gesimam;
1059 1909 1176 1943 denique
1191 1908 1216 1935 in
1233 1916 1314 1935 unam
1328 1908 1549 1943 Quadragesimm
1563 1915 1678 1940 nonam;

890 1959 985 1981 octava
1004 1953 1039 1980 ad
1059 1954 1115 1981 ha‘c
1134 1954 1222 1980 oratio
1242 1960 1303 1988 qua;
1317 1953 1344 1980 ln
1361 1960 1440 1980 sacro
1455 1952 1631 1988 quaternario
1645 1953 1679 1979 ad

889 1999 1046 2035 Neophytos
1061 1999 1163 2026 habita.

925 2088 1046 2116 Primum
1075 2087 1167 2122 itaque
1194 2085 1266 2122 quod
1288 2086 1314 2113 in
1339 2092 1435 2113 manus
1455 2092 1530 2113 meas
1553 2085 1678 2113 volumen

889 2135 994 2169 incidit,
1014 2134 1073 2162 inec
1089 2133 1255 2161 continebat.

1215 2177 1355 2206 CCXXIX.

1067 2214 1201 2249 Ephremii
1209 2215 1326 2249 ejusdem
1342 2213 1408 2240 liber
1419 2213 1499 2240 alius.

852 2272 874 2300 η
924 2261 989 2297 Legi
997 2260 1116 2294 ejusdem
1133 2262 1218 2289 sancti
1228 2261 1343 2287 alterum
1359 2260 1470 2292 librum,
1482 2259 1528 2294 qui
1543 2259 1577 2286 de
1591 2261 1678 2288 sacris

887 2307 1038 2335 Antiorhia:
1051 2307 1154 2342 legibus
1169 2311 1262 2333 narrat
1286 2306 1361 2333 libris
1377 2310 1503 2340 quatuor.
1519 2305 1625 2332 Primus
1645 2307 1678 2333 de

888 2354 978 2381 verbis
991 2353 1096 2389 Cyrilli,
1109 2353 1135 2380 in
1149 2352 1314 2380 calumniam
1328 2352 1461 2383 adductis,
1476 2359 1537 2386 quae
1553 2351 1586 2378 ad
1608 2351 1677 2379 Suc-

886 2407 996 2427 censum
1010 2398 1058 2436 [aL
1074 2398 1248 2434 Successum]
1262 2398 1374 2432 epistola
1388 2398 1506 2425 secunda
1519 2398 1639 2431 scripsit.
1650 2402 1678 2424 et

885 2445 1111 2480 oppugnationem
1137 2443 1294 2472 Severiana:
1320 2442 1424 2478 profert
1452 2443 1574 2470 hauresis.
1601 2443 1678 2469 Alter

886 2492 1023 2526 responsio
1033 2496 1075 2518 est
1088 2491 1122 2518 ad
1136 2490 1291 2517 Anatolium
1311 2489 1515 2521 scliolnsticum,
1525 2489 1558 2515 tle
1571 2489 1604 2515 iis
1617 2496 1677 2523 ιιιιςυ

885 2537 991 2564 discere
1007 2536 1124 2564 volebat.
1147 2535 1258 2562 Tertius
1287 2534 1446 2570 Apologiam
1469 2533 1575 2561 concilii
1595 2533 1676 2560 Chal-

887 2583 1045 2610 cedoucnsis
1064 2583 1185 2609 continet
1207 2581 1240 2608 ad
1262 2580 1395 2608 Domuum
1419 2581 1529 2607 mittens
1545 2585 1573 2608 et
1593 2579 1676 2606 Joan-

887 2634 959 2658 nem,
976 2627 1020 2661 qui
1033 2626 1134 2654 Cicilim
1145 2625 1269 2654 secunda:
1279 2626 1403 2652 monachi
1417 2630 1504 2652 erant.
1515 2624 1631 2658 Quartus
1641 2625 1675 2652 ad

887 2672 1007 2701 Orientis
1028 2674 1185 2705 monachos,
1202 2672 1247 2707 qui
1268 2676 1296 2699 et
1313 2671 1363 2707 ipsi
1387 2671 1534 2699 Severiana
1556 2672 1674 2706 correpti

887 2720 947 2748 labe
963 2720 1081 2748 fuerunt.

73 2762 209 2799 ἀσκοῦντας.
228 2769 257 2796 '0
268 2769 295 2795 δὲ
310 2768 330 2795 δ’
343 2768 411 2804 πρὸς
426 2768 489 2810 τοὺς
500 2767 675 2799 ἁνατολικοὺς
687 2767 832 2803 μοναχοὺς,
851 2767 900 2800 τῆς
916 2765 1038 2801 Σεϐήρου
1053 2763 1212 2796 δυσσεϐείας
1223 2764 1270 2791 καὶ
1282 2762 1381 2794 αὐτοὺς
1395 2761 1604 2798 ἀντεχομένους.

686 2813 806 2855 nam:
825 2824 1030 2854 LECTIUNES.

97 2869 116 2886 ”
131 2872 218 2908 ἓνωσις
231 2876 290 2902 καθ’
312 2876 460 2903 ὑπόστασιν
477 2884 508 2908 ς.
546 2875 569 2892 ⁸⁰
586 2875 713 2904 ὑπόνοιαν
729 2884 760 2908 ς.

224 2921 356 2952 ΡΑπιοι..
373 2922 430 2952 Gn.
454 2922 533 2953 Clll.

804 2875 826 2891 "
846 2882 948 2910 πανηγ.
965 2873 1031 2901 διελ,
1045 2880 1076 2904 ς.

1451 2917 1485 2948 3|
