1920 3090
217 157 267 192 971

799 151 928 183 ΡΗΟΤΠ
949 149 1205 181 ΡΑΤΙΠΛΒΟΙΠΕ
1220 150 1272 180 CP.

1791 147 1840 178 972

250 213 335 241 Αῐΐετι
351 217 439 240 autem
456 212 524 240 liiiro
540 211 628 246 primo
644 210 784 238 calutnnitc
799 211 873 238 illam
897 209 1002 246 259i

1091 205 1255 241 Προτίθησιν
1272 202 1319 230 οὖν
1343 203 1372 229 ἐν
1389 202 1427 238 τῷ
1451 205 1476 229 α’
1494 202 1565 237 λόγῳ
1586 201 1635 238 τὴν
1653 201 1840 238 ἐπηρεαζομέ-

211 267 322 290 vocem,
345 262 374 284 ut
393 257 493 284 dictum
515 260 557 283 est
577 263 610 282 ex
637 255 754 282 secunda
781 256 813 282 ad
836 255 1001 282 Succensum

212 304 338 339 cpistola,
354 302 395 329 liis
411 302 502 329 verbis
520 310 527 328 :
545 301 584 328 Sit
600 302 673 328 uoltis
686 301 781 328 iterum
794 300 910 335 exemplo
926 300 1001 326 homo

213 352 280 378 inter
296 358 341 376 nos
355 353 482 375 rersutus.
501 347 572 374 Duas
587 348 655 374 enim
676 347 704 374 in
723 346 770 374 illo
786 351 900 374 natura:
924 354 1003 381 agno-

213 398 309 423 scimus
328 403 336 422 :
353 403 430 421 ttlmttl
442 394 543 428 quidem
560 393 689 428 corporis,
701 393 811 419 alterum
826 400 884 419 vero
897 392 1002 424 animai,

212 443 256 468 sed
272 441 299 467 in
311 447 391 475 puras
406 440 522 465 notionei
540 439 650 470 diuisus,
667 443 690 465 et
704 444 730 464 ut
745 439 772 464 in
784 438 906 465 tenuibus
918 438 1003 464 trimu-

212 481 381 516 lucris,'ltoc
400 489 437 511 est
462 484 557 510 mentis
586 483 802 518 cogitationibus,
828 483 1004 518 differentiam

212 531 392 565 suscipientes.
404 538 455 556 non
466 537 512 564 per
522 534 610 563 partes
623 533 732 556 naturas
744 528 915 561 collocamus,
925 536 1004 563 neque

213 577 335 610 utrinque
358 576 479 602 sectionis
493 575 544 602 vim
566 575 630 610 ipsis
652 575 829 607 cam-edimus,
854 575 899 601 sed
926 575 1004 601 unius

211 630 292 649 unum
305 630 359 649 esse
376 622 556 656 intelligimus,
573 629 654 656 quare
668 621 729 648 bina
743 629 795 647 imit
813 620 928 655 amplius
942 620 1005 647 bina

212 674 284 700 sunt,
308 668 353 695 sed
380 673 492 702 utroque
516 672 618 694 tantum
636 675 717 694 unum
740 667 1004 702 perﬁcitur‘animol.

214 715 277 742 llzec
294 719 357 741 sunt
369 721 429 748 qua:
444 713 470 740 in
487 713 649 740 calumniam
665 717 758 739 vocata
773 717 836 740 sunt
847 713 938 740 verba.
953 712 1007 748 Cy-

213 761 290 787 rilltis
305 760 376 786 enim
395 759 478 786 animi
499 763 526 785 et
542 759 676 792 corporis,
689 765 704 785 e
717 759 815 793 quibus
835 759 916 786 homo
930 765 1004 785 com-

213 807 331 839 ponitur,
346 806 456 833 vocibus
472 805 652 832 differentiam
671 805 838 833 constituere
851 805 1004 832 recusabat.

213 852 392 885 Quamobrem
406 851 445 878 sic
458 851 496 878 ait
509 858 516 877 :
530 850 590 878 Non
601 859 646 884 per
656 856 743 885 partes
753 855 863 878 naturas
874 850 1004 884 ponimus,

1054 260 1103 287 νην
1130 251 1232 287 φωνὴν,
1257 250 1352 284 ὥσπερ
1373 249 1477 284 ἔφημεν
1500 249 1532 274 ὲκ
1552 249 1601 284 τῆς
1626 247 1755 282 δευτέρας
1779 248 1842 282 πρὸς

1055 297 1208 332 Σούκηνσον
1233 295 1389 330 ἐπιστολῆς,
1417 294 1530 329 ἔχουσαν
1546 293 1632 325 οὕτως
1648 301 1657 309 ⁸
1687 293 1787 320 Ἔστω
1812 292 1845 319 δὲ

1055 341 1127 376 ἡμῖν
1151 343 1195 374 εἰς
1218 340 1404 374 παράδειγμα
1420 338 1513 365 πάλιν
1527 340 1544 365 d
1561 339 1626 365 καθ’
1641 337 1721 372 ἡμᾶς
1737 337 1845 371 ἇνθρω·

1055 394 1122 420 πος.
1150 387 1207 413 Δύο
1231 386 1289 420 μὲν
1310 386 1364 421 γὰρ
1379 385 1427 412 καὶ
1445 384 1490 411 ἐπ’
1507 384 1600 411 αὐτοῦ
1615 384 1637 399 ⁸¹
1650 384 1781 418 νοοῦμεν
1794 384 1845 416 τὰς

1055 433 1176 467 φύσεις,
1197 432 1268 466 μίαν
1279 431 1339 465 μὲν
1354 430 1409 464 τῆς
1421 430 1536 464 ψυχῆς,
1553 429 1659 463 ἑτέραν
1672 428 1707 456 δὲ
1720 429 1779 464 τὴν
1793 429 1845 457 τοῦ

1055 479 1204 513 σώματος.
1237 476 1314 504 Ἀλλ’
1339 476 1374 503 ἐν
1394 476 1500 511 ψιλαῖς
1517 475 1670 508 διελόντες
1703 476 1843 509 ἐννοίαις,

1055 523 1104 550 καὶ
1121 523 1161 556 ὡς
1173 523 1208 549 ὲν
1227 521 1348 556 ἰσχναῖς
1369 520 1502 555 θεωρίαις
1514 520 1579 554 ἦτοι
1591 520 1647 547 νοῦ
1663 521 1844 554 φαντασίαις

1055 569 1114 603 τὴν
1128 568 1276 603 διαφορὰν
1288 566 1457 602 δεξάμενοι,
1475 567 1530 594 οὐκ
1545 567 1604 594 ἀνὰ
1620 566 1712 600 μέρος
1731 566 1847 607 ⁸ιίθιτμεν

1055 615 1109 648 τὰς
1123 615 1243 650 φύσεις,
1263 614 1332 640 οὔτε
1344 613 1408 648 μὴν
1427 613 1476 640 καὶ
1491 612 1623 647 διαμπὰξ
1637 612 1780 647 ὃιατομῆς
1797 612 1847 639 δύ-

1055 669 1146 696 ναμιν
1170 660 1291 695 ἐφίεμεν
1303 659 1419 692 αὑταῖς,
1441 659 1521 686 ἀλλὰ
1535 659 1610 693 μίαν
1624 658 1694 690 ὲνῦς
1705 657 1785 686 εἶναι
1799 666 1848 685 νο-

1058 705 1162 740 οῦμεν,
1178 704 1256 731 ὥστε
1265 704 1301 731 τὰ
1315 704 1369 731 δύο
1382 703 1491 738 μηκέτι
1503 704 1562 738 μὲν
1573 703 1649 730 εἶναι
1664 703 1731 734 δύο,
1745 703 1783 730 δι’
1798 703 1850 737 ἀμ-

1057 751 1127 787 φοῖν
1147 751 1182 778 δὲ
1205 751 1238 778 τὸ
1260 750 1295 777 ἐν
1321 749 1534 778 ἀποτελεῖσθαι
1561 749 1644 780 ζῶον.
1669 750 1702 775 Al
1727 750 1778 784 μὲν
1806 747 1850 776 οὖν

1058 797 1282 833 ὲπηρεαζόμεναι
1298 797 1386 831 φωναὶ
1406 792 1498 823 αὗται.
1520 796 1550 822 'O
1571 795 1620 830 μὲν
1635 795 1689 829 γὰρ
1705 795 1780 831 ἱερὸς
1799 795 1852 822 Κύ-

1060 843 1150 879 ριλλος
1175 843 1266 878 ψυχῆς
1282 844 1329 869 καὶ
1347 842 1484 877 σώματοῖ,
1503 842 1533 874 ἐξ
1547 838 1585 868 ὧν
1606 842 1620 868 ὁ
1644 842 1683 873 εἰς
1706 841 1851 877 ἄνθρωπος

212 897 257 923 iter!
280 897 493 931 diuisiohitiquit.
513 896 612 923 Verum
623 895 725 923 addidit
745 905 752 923 :
769 895 854 923 Uitam
867 896 1007 923 esseuni‘ua

1060 890 1243 921 ἀποτελεῖται,
1270 889 1320 924 τὴν
1337 889 1470 924 διαφορὰν
1497 888 1635 923 ἠϐουλήθη
1659 888 1703 914 διὰ
1722 888 1778 913 τῶν
1806 887 1851 913 ).ἑ‹

213 943 395 978 intelligimus.
405 942 438 969 Et
447 942 511 976 quid
520 941 589 968 hoc?
601 949 681 969 tinam
694 942 767 969 enim
782 942 827 969 hic
838 942 1005 978 liypostasin,

213 989 260 1015 sed
277 995 330 1015 non
350 993 475 1015 naturam
493 987 601 1020 asserit,
620 987 700 1022 idque
726 987 897 1015 manifestius
918 988 1007 1015 reddit

213 1035 370 1067 ostendens,
388 1032 504 1068 Utroque
520 1041 601 1060 unum
624 1033 724 1060 animal
738 1033 916 1061 constituitur.
935 1032 1007 1067 Quo-

214 1079 292 1106 modo
312 1079 392 1114 igitur
407 1078 464 1106 iicri
478 1083 567 1113 potest
583 1086 665 1105 unam
682 1086 742 1105 esse
759 1078 853 1111 animi,
871 1078 1007 1112 corporis-

213 1131 265 1158 que
288 1123 432 1151 naturam?
454 1124 507 1150 Sed
531 1124 591 1150 vide
609 1124 704 1150 iterum
729 1123 841 1150 alteram
872 1123 1007 1150 haereseos

213 1170 368 1200 amentiatii,
385 1169 537 1204 Intelligere
565 1173 683 1203 oportet,
713 1169 812 1203 inquit,
835 1177 887 1196 non
909 1169 1006 1196 dicere.

213 1217 371 1250 Quanquam
387 1215 448 1250 quis
460 1215 546 1242 nescit
559 1219 633 1241 recte
647 1214 825 1246 intellectum,
838 1218 913 1241 recte
924 1214 1005 1240 etiam

214 1261 277 1292 dici,
293 1265 388 1288 contra
403 1267 468 1287 vero
486 1259 555 1287 male
568 1259 748 1291 intellectum,
762 1258 831 1285 male
846 1258 927 1285 etiam
943 1257 1006 1284 dici.

214 1306 242 1333 Si
262 1313 324 1332 vero
338 1305 400 1339 quia
417 1305 482 1332 dicit
500 1313 506 1331 :
524 1303 610 1330 Unum
626 1304 704 1331 unius
721 1303 922 1338 intelligimus?
937 1302 1004 1330 Illud

215 1359 290 1384 vero,
308 1359 389 1377 uitam
414 1350 556 1377 secundum
575 1358 621 1376 nos
643 1355 776 1383 naturain,
805 1349 873 1376 dixit.
894 1357 900 1375 :
927 1348 1006 1376 unius

214 1405 321 1432 quoque
335 1397 467 1424 duntaxat
483 1396 608 1423 animalis
631 1404 691 1423 esse
708 1395 857 1430 intelligere
876 1402 925 1429 par
945 1399 1005 1426 est,

214 1443 306 1469 dicere
322 1448 385 1470 vero
401 1448 452 1468 non
470 1441 544 1468 item.
561 1440 619 1467 Non
637 1441 719 1476 igitur
735 1439 912 1467 asserendqu
925 1443 953 1466 et
965 1439 1006 1465 iii-

217 1487 404 1522 telligeiiduui,
420 1494 500 1513 uitam
515 1494 577 1514 esse
592 1490 727 1519 naturam,
742 1486 838 1520 quibus
852 1485 903 1512 hoc
918 1491 1007 1512 acces-

215 1535 258 1561 sit.
276 1535 310 1560 At
321 1533 455 1568 quomodo
468 1533 539 1560 idem
552 1534 656 1567 integre
671 1533 748 1564 dixit,
763 1539 824 1566 quae
836 1532 937 1558 dixisse
950 1537 1004 1558 non

215 1578 352 1614 oportuit?
377 1577 430 1605 Sed
452 1578 559 1604 valcant
575 1578 615 1604 litt:
636 1585 722 1611 ιιιιετο.
749 1576 846 1603 lterum
861 1575 946 1606 aiunt,
967 1575 1007 1601 iii-

215 1622 294 1657 quit:
315 1621 348 1648 Ut
371 1622 431 1648 lu'na
453 1629 505 1648 non
527 1621 641 1656 amplius
659 1629 713 1648 esse
729 1621 802 1651 bina,
827 1621 870 1647 aet!
898 1625 1008 1654 utroque

215 1673 318 1695 tantum
336 1675 415 1694 unum
428 1668 564 1702 per/icitur
575 1667 684 1694 animal.
700 1667 783 1702 Igitur
796 1667 864 1694 duas
886 1673 1009 1694 asserere

217 1719 337 1745 mittit-as,
355 1722 407 1740 non
423 1715 489 1741 duas
509 1714 623 1748 amplius
634 1721 753 1741 manere.
769 1712 796 1740 Si
810 1720 873 1740 vero
884 1713 1009 1747 exemplo

216 1761 373 1795 loquuntur.
391 1761 457 1787 duas
478 1765 590 1787 naturas
606 1767 660 1787 non
676 1759 796 1794 amplius
812 1760 878 1787 dicit
900 1767 1010 1788 manere

216 1807 294 1838 duas,
316 1805 442 1832 videlicet
466 1805 500 1832 de
522 1804 631 1833 Christo
663 1805 733 1832 idem
757 1811 792 1832 ex
817 1805 1011 1833 consecutione

216 1851 414 1879 consideratur.
425 1850 457 1877 Et
473 1850 582 1885 quidem
602 1857 656 1878 non
671 1850 851 1885 intelligentes
863 1850 1009 1883 afﬁrmant,

219 1897 333 1932 primum
353 1897 473 1931 quidem,
489 1901 519 1923 ut
540 1904 593 1923 non
609 1897 700 1924 omnia
721 1896 746 1924 iii
763 1896 887 1931 exemplo
902 1897 1009 1929 debent,

216 1950 244 1970 et
260 1950 308 1977 per
320 1943 474 1977 exemplum
491 1943 628 1970 declarato
645 1942 824 1970 considerari.
844 1942 945 1970 Deinde
957 1950 1010 1970 non

217 1988 332 2022 amplius
354 1995 414 2015 esse
439 1988 516 2021 duos,
533 1988 572 2014 ait
590 1996 597 2016 :
614 1988 663 2015 hoc
685 1992 738 2020 est,
759 1995 811 2015 non
827 1994 859 2014 ex
883 1991 970 2022 parte,
985 1991 1013 2014 et

218 2041 265 2068 per
282 2040 312 2060 se
332 2033 490 2065 subsistere,
507 2032 573 2066 sed,
596 2037 624 2059 ut
647 2037 727 2060 attica
749 2033 877 2065 diximus,
897 2038 1013 2067 utroque

218 2087 299 2106 unum
313 2079 411 2106 animal
426 2079 569 2106 constitui.
585 2079 618 2106 Et
634 2078 788 2112 considera,
806 2080 942 2114 quomodo
958 2086 1011 2106 non

216 2133 249 2153 cx
264 2130 390 2160 utroque,
416 2127 462 2153 sed
487 2133 534 2161 per
559 2131 674 2160 utraque
694 2125 741 2153 fiat
759 2125 871 2152 animal.
901 2125 1013 2160 Signifi-

217 2179 283 2199 caus
317 2177 460 2206 utramque
502 2176 626 2199 naturam
651 2172 677 2198 in
710 2171 875 2199 absolvendo
901 2171 1013 2205 animali

218 2217 385 2245 conservari.
400 2217 513 2250 Quando
526 2217 590 2252 quid
603 2217 742 2252 prohibuit
755 2226 802 2253 per
814 2218 859 2245 illo
872 2226 919 2252 per
934 2223 1010 2245 utra-

216 2272 266 2291 aue
285 2264 385 2294 dicere,
399 2270 448 2298 pro
467 2271 547 2290 uuam
562 2271 643 2291 unutn
659 2263 751 2299 perﬁci
767 2264 877 2291 animal.
891 2264 919 2291 Si
936 2263 1009 2291 enim

219 2311 281 2338 bina
299 2311 361 2337 bina
379 2318 431 2337 uoti
453 2315 592 2344 maneant,
607 2310 633 2338 in
655 2318 736 2338 tinam
762 2315 947 2338 convenerunt
962 2318 1010 2337 tia-

194 2352 203 2358 ’
219 2363 319 2388 turam,
335 2364 383 2391 per
404 2365 485 2383 titiam
502 2357 554 2384 dici
567 2357 710 2392 oportebat
735 2357 792 2384 fieri
806 2377 813 2390 ,
829 2356 927 2392 250a
953 2357 1011 2383 ani-

218 2402 272 2429 mal
293 2410 386 2435 tiumii,
403 2408 429 2429 et
446 2410 532 2437 neque
554 2403 651 2430 iterum
671 2403 749 2435 dixit,
768 2411 800 2429 ea:
832 2407 942 2437 utroque
956 2411 1009 2430 una

219 2454 315 2476 natura
343 2449 458 2483 perfecta
486 2453 535 2481 est,
570 2449 616 2475 sed
643 2456 725 2476 unum
750 2449 850 2476 animal
883 2450 933 2477 lioc
959 2453 1009 2482 est,

219 2501 344 2528 persona.
364 2493 396 2520 Et
416 2498 490 2521 recte
512 2502 564 2521 non
584 2493 651 2520 dixit
670 2502 677 2521 ς
695 2493 753 2521 Una
775 2499 870 2521 natura
898 2495 1013 2529 perfecta

219 2543 265 2565 ost.
283 2538 338 2565 lloc
354 2539 425 2565 enim
455 2546 579 2566 asserere
595 2539 752 2574 Apollinarii
777 2540 889 2566 lucresis
901 2544 952 2571 cst,
966 2539 1013 2575 qui

220 2585 287 2611 dixit
306 2594 312 2612 :
336 2584 427 2611 Mistio
442 2585 530 2611 divina
545 2584 614 2612 Deus
630 2589 654 2612 et
666 2585 743 2612 Itonia
755 2593 835 2612 unum
851 2591 873 2613 et
887 2587 1006 2613 eamdem

218 2635 353 2663 naturain,
371 2634 399 2658 et
411 2631 535 2666 quamvis
551 2631 577 2658 iii
598 2631 683 2665 prima
702 2631 734 2657 ad
759 2630 925 2658 Succensum
956 2631 1012 2666 epi-

220 2677 287 2704 stola
304 2677 337 2703 de
351 2677 446 2704 eodem
461 2677 584 2711 exempto
598 2676 652 2711 agit
666 2684 673 2703 :
691 2675 736 2708 Et.
758 2677 780 2703 ti
793 2677 904 2708 videtur,
920 2677 1010 2711 capia-

219 2728 278 2748 mus
300 2722 410 2755 exempli
428 2721 514 2756 gratia
541 2721 624 2748 nostri
641 2722 864 2755 compositionem,
890 2729 942 2755 qua
963 2721 1011 2748 lto-

1060 936 1128 969 Εεων
1145 934 1321 971 παραστῆσαι
1337 943 1344 949 ·
1359 935 1399 961 διὸ
1414 935 1462 961 καὶ
1485 931 1574 960 εἶπεν·
1596 935 1656 960 Οὐκ
1679 933 1738 960 ἀνὰ
1759 933 1851 968 μέρος

1063 984 1183 1017 τΙθεμεν
1201 981 1255 1014 τὰς
1274 981 1393 1016 φύσεις,
1413 981 1432 1014 ὴ
1453 980 1487 1007 δὲ
1505 981 1630 1014 αἵρεσις,
1657 980 1741 1014 φησιν
1755 989 1763 995 ·
1793 979 1852 1006 ἀλλ’

1061 1028 1196 1063 ἐπήγαγε,
1218 1027 1296 1054 Μίαν
1314 1026 1382 1059 ἐνὸς
1397 1024 1474 1052 εἶναι
1487 1025 1628 1059 νοοῦμεν.
1646 1025 1701 1051 Καὶ
1713 1025 1740 1051 τί
1755 1024 1852 1057 τοῦτο;

1060 1073 1125 1108 μίαν
1142 1072 1197 1107 γὰρ
1210 1071 1329 1099 ἐνταῦθα
1342 1071 1391 1106 τὴν
1409 1071 1559 1098 ὑπόστασιν
1577 1070 1635 1097 ἀλλ’
1655 1070 1684 1097 οὐ
1697 1070 1748 1105 τὴν
1769 1069 1852 1105 φύσιν

1057 1118 1129 1146 εἷπε.
1153 1118 1209 1145 Καὶ
1233 1118 1313 1145 τοῦτο
1331 1117 1498 1152 σαφέστερον
1522 1117 1666 1152 ἐδήλωσεν,
1689 1116 1851 1151 ἐπαγαγὼν

1058 1165 1098 1192 Δι’
1114 1165 1227 1200 ἀμφοῖν
1239 1164 1273 1191 δὲ
1293 1164 1327 1191 τὸ
1343 1163 1378 1190 ἐν
1392 1163 1605 1191 ἀποτελεῖσθαι
1620 1162 1703 1193 ζῶον.
1720 1163 1784 1195 Πῶς
1797 1163 1854 1199 γὰρ

1063 1212 1118 1241 οἶόν
1132 1215 1161 1240 τέ
1177 1214 1235 1240 ἐστι
1249 1214 1320 1240 νοεῖν
1337 1212 1463 1248 σώματος
1480 1213 1527 1238 καὶ
1539 1212 1629 1247 φυχῆς
1649 1212 1713 1247 μίαν
1732 1212 1828 1239 οὐσίαν
1845 1219 1852 1243 ;

1057 1261 1113 1288 ἀλλ’
1134 1260 1185 1296 ὅρα
1201 1259 1281 1286 πάλιν
1294 1259 1392 1294 ἑτέραν
1407 1257 1500 1284 ἄνοιαν
1519 1258 1579 1293 τῆς
1593 1258 1726 1293 αἱρέσεως
1743 1266 1751 1274 ·
1764 1259 1856 1285 Νοεῖν

1057 1304 1135 1337 eius,
1156 1306 1249 1340 φησὶν,
1270 1306 1306 1332 οὐ
1314 1305 1426 1340 λέγειν.
1443 1304 1541 1331 Καίτοι
1561 1312 1593 1338 γε
1607 1304 1648 1336 τίς
1661 1304 1710 1331 οὐκ
1727 1301 1797 1330 οἶδεν
1814 1305 1854 1335 ὡς

1057 1353 1088 1380 τὸ
1103 1352 1194 1384 καλῶς
1205 1351 1353 1387 νοούμενον
1367 1352 1414 1378 καὶ
1430 1350 1520 1382 καλῶς
1532 1350 1653 1384 λέγεται,
1668 1351 1699 1377 τὸ
1713 1351 1743 1377 δὲ
1757 1350 1854 1383 κακῶς

1060 1398 1207 1434 νοούμενον
1220 1397 1282 1424 οὐδὲ
1298 1397 1426 1430 λέγεσθαι
1441 1397 1564 1430 δίκαιον;
1581 1397 1612 1423 El
1625 1397 1653 1423 δὲ
1666 1396 1733 1423 διότι
1751 1396 1828 1430 λέγει
1845 1404 1854 1412 ·

1056 1444 1137 1471 Μίαν
1153 1443 1222 1476 ἐνὸς
1245 1443 1386 1477 νοοῦμεν,
1414 1442 1444 1468 τὸ
1468 1442 1497 1469 δὲ
1520 1443 1594 1477 μίαν
1617 1442 1682 1470 καθ’
1700 1441 1780 1477 ἡμᾶς
1795 1441 1856 1475 τὴν

1057 1491 1153 1524 φύσιν
1165 1486 1252 1520 εἶπεν,
1279 1488 1326 1515 καὶ
1353 1488 1413 1519 ἑνὸς
1430 1487 1480 1523 μὲν
1507 1485 1578 1514 εἶναι
1603 1487 1672 1519 {diota
1703 1488 1786 1523 μόνον
1813 1487 1856 1514 δεῖ

1034 1557 1042 1566 ,
1059 1536 1140 1567 νοεῖν,
1158 1534 1248 1568 λέγειν
1261 1534 1289 1561 δὲ
1302 1533 1406 1565 οὐκέτι,
1433 1533 1531 1560 οὐκοῦν
1557 1533 1587 1560 οὐ
1611 1533 1664 1570 χρὴ
1678 1533 1770 1567 λέγειν
1788 1533 1856 1567 μίαν

1060 1581 1152 1616 φύσιν,
1180 1581 1204 1607 ει
1223 1580 1246 1596 ³³
1266 1580 1314 1607 καὶ
1332 1580 1402 1606 νοεῖν
1424 1588 1496 1606 τισιν
1512 1579 1615 1614 ἐπῆλθε
1631 1579 1721 1606 τοῦτο.
1745 1579 1808 1610 Πῶς
1826 1578 1855 1605 δὲ

1059 1626 1107 1654 καὶ
1118 1626 1199 1657 αὐτὸς
1211 1626 1280 1658 ὅλως
1294 1624 1371 1653 εἶπεν
1386 1625 1404 1653 ἃ
1419 1625 1511 1660 λέγειν
1523 1625 1572 1652 οὐκ
1588 1625 1659 1657 ἔδεις
1675 1624 1734 1652 ἀλλ’
1748 1625 1762 1651 ὁ
1776 1625 1855 1656 χενδς

1059 1668 1138 1704 οὗτος
1150 1672 1256 1708 ὲρῤέτω
1266 1672 1358 1708 λῆρος.
1371 1672 1457 1699 Πάλιν
1465 1672 1505 1703 δὲ,
1517 1671 1608 1707 φασὶν,
1619 1672 1731 1707 εἴρηκεν
1742 1680 1750 1688 ·
1765 1672 1858 1698 Ὥστε

1059 1719 1097 1746 τὰ
1112 1719 1167 1746 δύο
1178 1719 1285 1753 μηκέτι
1297 1718 1356 1753 μὲν
1369 1719 1448 1746 εἶναι
1461 1718 1523 1751 δύο,
1544 1718 1582 1746 δι’
1597 1718 1710 1754 ἀμφοῖν
1723 1717 1760 1745 δὲ
1774 1719 1806 1745 τὸ
1821 1718 1858 1745 ἐν

1061 1764 1275 1792 ἀποτελεῖσθαι
1290 1763 1374 1795 ζῶον.
1393 1763 1500 1791 Οὐκοῦν
1515 1764 1565 1796 τὰς
1581 1764 1627 1792 δύο
1638 1764 1734 1799 φύσεις
1743 1764 1819 1799 λέγει
1833 1765 1856 1780 ⁵⁸

1063 1811 1100 1847 μὴ
1120 1811 1211 1846 μένειν
1225 1811 1266 1838 ἔτι
1283 1811 1330 1838 δύο
1345 1811 1451 1845 φύσεις.
1474 1812 1506 1838 El
1524 1811 1552 1838 δὲ
1569 1811 1616 1839 ἐπὶ
1640 1811 1689 1838 τοῦ
1726 1812 1858 1848 παραδεί-

1062 1864 1180 1892 γματος,
1191 1857 1269 1891 φασὶ,
1281 1857 1330 1888 τὰς
1343 1857 1390 1883 δύο
1404 1857 1500 1892 φύσεις
1516 1857 1548 1884 οὐ
1563 1857 1637 1892 λέγει
1646 1857 1786 1892 διαμένειν
1797 1858 1857 1891 δύο,

1061 1903 1185 1938 δηλονότι
1200 1903 1250 1930 καὶ
1266 1904 1313 1930 ἐπὶ
1324 1903 1443 1940 Χριστοῦ
1465 1904 1546 1931 τοῦτο
1571 1903 1728 1936 ἀκολούθως
1750 1904 1857 1940 Θεωρη-

1063 1948 1187 1984 Θήσεται.
1211 1949 1266 1976 Καὶ
1290 1949 1378 1977 ταῦτά
1393 1959 1458 1984 φασι
1485 1950 1523 1986 μὴ
1536 1951 1672 1982 συνιέντες
1683 1950 1793 1986 πρῶτον
1806 1951 1860 1987 μὲν

1063 1994 1102 2026 ὡς
1117 1995 1178 2029 οὐχὶ
1201 1995 1292 2022 πάντα
1316 1995 1351 2022 τὰ
1374 1997 1403 2023 ὲν
1424 1997 1463 2032 τῷ
1487 1997 1691 2032 παραδείγματι
1715 1996 1778 2033 [HI
1809 1997 1860 2034 ιι]

1063 2040 1164 2074 ὀφείλει
1182 2041 1229 2067 καὶ
1249 2042 1278 2067 ἐν
1299 2041 1337 2077 τῷ
1352 2042 1667 2078 παραδειγματιζομὲνῳ
1681 2043 1860 2079 θεωρεῖσθαι,

1063 2085 1190 2122 δεύτερον
1205 2085 1233 2112 δὲ
1251 2086 1294 2113 ὅτι
1309 2086 1341 2113 τὸ
1357 2088 1455 2122 μηκέτι
1470 2088 1520 2123 μὲν
1536 2086 1606 2115 εἶναι
1622 2088 1669 2115 δύο
1685 2086 1758 2120 εἷπε,
1778 2097 1862 2116 ’τουτο

1065 2131 1124 2158 ἐστι
1137 2132 1174 2168 μὴ
1186 2132 1238 2159 ἀνὰ
1255 2132 1338 2167 μέρος
1353 2133 1402 2160 καὶ
1417 2133 1609 2166 ἰδιοσυστάτως
1626 2134 1773 2170 ὑπάρχειν,
1788 2135 1861 2169 ἀλλ’,

1065 2177 1104 2208 ὡς
1128 2178 1252 2212 προεῖπε,
1278 2177 1312 2204 δι’
1335 2178 1438 2214 ἀμφοῖν
1459 2179 1489 2206 τὺ
1514 2179 1542 2206 ἓν
1560 2180 1753 2207 ἀποτελεῖσθαι
1776 2180 1860 2212 ζῶον.

1023 2225 1050 2256 D
1065 2223 1122 2250 Καὶ
1139 2223 1234 2250 σκόπει
1249 2223 1288 2255 ὡς
1302 2223 1353 2250 οὐκ
1373 2225 1402 2258 ἐξ
1415 2225 1519 2260 ἀμφοῖν
1535 2225 1603 2253 ἀλλὰ
1618 2226 1652 2253 δι’
1667 2227 1771 2262 ἀμφοῖν
1786 2227 1860 2254 ἀπο-

1063 2269 1200 2296 τελεῖσθαι
1215 2270 1294 2303 ζῶον,
1315 2271 1456 2307 σημαίνων
1469 2272 1506 2304 ὡς
1519 2273 1638 2308 ἑκατέρα
1660 2273 1742 2309 φύσις
1767 2275 1798 2301 ὲν
1821 2275 1862 2310 τῷ

1066 2316 1275 2343 ἀποτελεσθέντι
1298 2317 1416 2349 σώζεται
1438 2318 1512 2354 ζώῳ.
1533 2320 1610 2346 Ἐπεὶ
1621 2320 1647 2346 τί
1663 2319 1783 2347 ἐκώλυεν
1799 2321 1862 2347 ἀντὶ

1063 2360 1110 2387 τοῦ
1121 2360 1159 2387 δι’
1172 2361 1284 2396 ἀμφοῖν
1302 2363 1389 2389 εἰπεῖν
1399 2363 1439 2389 ὅτι
1455 2363 1498 2390 διὰ
1516 2364 1580 2398 μιᾶς
1597 2364 1628 2390 τὺ
1642 2363 1676 2390 ἓν.
1687 2365 1861 2400 ἀπετελέσθη

1063 2404 1136 2437 ζῶν;
1157 2405 1187 2431 Ei
1204 2405 1259 2442 γὰρ
1276 2406 1305 2433 αἱ
1319 2406 1365 2433 δύο
1381 2407 1473 2434 οὐκέτι
1489 2408 1600 2442 μένουσι
1619 2409 1676 2441 δύο,
1691 2410 1732 2441 si;
1751 2411 1819 2445 μῑαν
1832 2412 1862 2438 δὲ

1067 2450 1199 2485 συνῆλθον
1217 2452 1309 2487 φύσιν,
1327 2452 1392 2488 [788
1413 2453 1459 2491 8.]
1473 2454 1517 2481 διὰ
1534 2456 1598 2490 μιᾶς
1614 2455 1668 2483 ἔδει
1682 2457 1764 2491 φάναι
1780 2457 1812 2484 τὸ
1832 2458 1862 2485 ἓν

1064 2495 1256 2524 ἀποτελεῖσθαι
1267 2497 1347 2529 ζῶον.
1363 2498 1419 2525 Καὶ
1431 2499 1492 2526 οὐδὲ
1508 2500 1590 2527 πάλιν
1603 2499 1676 2534 εἶπε,
1687 2501 1728 2528 Δι’
1744 2501 1862 2536 ἀμφοῖν

1063 2541 1083 2575 ἠ
1104 2542 1159 2576 μία
1175 2542 1269 2576 φύσις
1289 2543 1489 2579 ἀπετελέσθη,
1505 2545 1573 2573 ἀλλὰ
1591 2547 1621 2573 τὸ
1634 2546 1664 2574 ἓν
1679 2547 1761 2580 ζῶον,
1777 2556 1860 2575 τουτ-

1028 2622 1030 2624 V
1064 2585 1139 2613 ἐστιν
1151 2587 1168 2622 ἡ
1186 2587 1346 2620 ὑπόστασις,
1362 2589 1415 2615 Καὶ
1428 2589 1519 2622 καλῶς
1537 2591 1588 2617 οὐκ
1602 2589 1676 2623 εἷπε,
1687 2591 1747 2619 Μία
1763 2593 1861 2627 φύσις

1064 2632 1255 2667 ἀπετελέσθη
1270 2641 1277 2648 ·
1298 2633 1329 2660 τὸ
1340 2634 1394 2670 γὰρ
1409 2635 1499 2669 λέγειν
1511 2636 1590 2663 τοῦτο
1602 2637 1652 2673 τῆς
1665 2638 1860 2674 Ἀπολιναρίου

1065 2677 1157 2714 λώϐης
1168 2677 1192 2694 ⁸⁵
1209 2679 1294 2712 ἐστὶν,
1308 2679 1337 2711 ὃς
1352 2679 1417 2715 ἔφη’
1433 2681 1522 2714 Μιξις
1533 2683 1683 2711 θεσπεσία
1706 2683 1778 2716 Θεὸς
1807 2685 1859 2711 καὶ

1064 2723 1221 2758 ἅνθρωπος
1235 2725 1309 2759 μίαν
1325 2725 1374 2753 καὶ
1395 2726 1453 2760 τὴν
1467 2727 1564 2762 αὐτὴν
1582 2729 1749 2757 ἀπετέλεσε
1763 2729 1788 2746 ⁸⁸
1800 2732 1860 2764 φύ-

872 2778 991 2807 VARUE
1008 2780 1210 2810 LECTIONES.

269 2826 289 2842 θ’
306 2826 350 2852 ἐπ’
372 2827 391 2853 Α
413 2836 418 2853 :
439 2826 485 2852 ὑπ’
501 2836 531 2858 ς.
569 2825 592 2842 ⁸³
609 2827 633 2852 ει
661 2826 722 2852 add.
745 2826 775 2853 Λ.

221 2861 302 2888 λεςιιν
316 2865 346 2887 Α.

823 2827 846 2842 υ
859 2827 932 2861 λέγει
960 2834 1029 2854 corr.
1044 2829 1066 2854 A
1080 2838 1085 2855 :
1099 2828 1186 2864 λέγειν
1208 2839 1238 2861 ς.

1289 2830 1313 2847 ⁵⁸
1327 2831 1418 2868 λώϐης
1431 2833 1452 2859 Λ
1480 2843 1485 2860 :
1521 2834 1606 2869 λάὄης
1622 2844 1651 2866 ς.
1719 2834 1743 2852 ³⁸
1755 2836 1859 2864 ἀπε,τέ-
