1920 3090
221 148 274 180 933

787 151 918 182 PHOTII
931 152 1255 189 PATRIARCHIEZCP.

1797 161 1850 191 984

221 204 293 240 piam
320 205 418 233 dictam
440 206 639 234 distinctionem
662 208 878 236 considerantur.
902 210 1007 237 Etenim

1064 213 1233 246 ἐπιφάνειαν.
1253 213 1299 240 Διὸ
1314 215 1360 241 καὶ
1383 214 1428 241 6"
1456 215 1537 247 αὑτός
1562 216 1636 242 ἐστιν
1658 215 1784 252 οὐράνιος
1803 219 1851 246 καὶ

222 259 286 279 caro
306 257 398 279 nostra
421 252 475 279 Deo
505 252 591 279 Verbo
614 253 688 279 unita
714 252 892 288 hypostatice,
913 262 965 282 non
984 255 1010 282 in

221 297 401 324 substantiam
416 297 498 325 Verbi
515 302 617 325 mutata
636 303 687 330 est,
710 299 759 325 etsi
794 299 839 327 Dei
857 308 922 327 caro
938 301 1009 328 facta

220 347 272 374 est,
287 350 373 379 neque
390 343 506 370 Verbum
522 344 547 370 iu
571 351 693 376 carnem,
715 345 766 371 etsi
787 346 923 380 propriam
958 347 1009 375 sibi

222 388 291 416 hanc
310 389 467 424 sumpserit.
490 389 542 417 Sed
567 397 637 418 unus
672 391 794 425 idemque
817 392 914 420 dicitur
932 393 1010 421 Chri-

221 438 298 460 stus:
313 438 437 461 servatur
453 441 517 462 vero
531 434 657 466 indivise.
681 439 708 462 et
728 436 787 463 sine
808 437 966 471 mutatione,
984 443 1011 466 et

221 480 357 512 quomodo
378 479 404 506 in
420 480 463 507 his
477 484 505 508 et
520 487 552 507 cx
567 481 611 508 his
631 481 804 515 cognoscitur
823 481 960 517 Christus,
976 492 1008 511 ex
1046 485 1053 491 '

221 525 276 552 alio
297 525 322 552 in
341 525 423 552 alium
440 533 491 553 non
511 527 622 559 mutari,
639 527 686 554 sed
713 532 742 554 ut
757 535 943 563 smpenumero
971 530 1010 558 di-

221 575 304 603 ctum,
320 579 389 599 unus
403 572 527 607 idemque
543 577 584 599 est
598 574 620 599 ε.
639 572 710 600 Idem
730 580 885 609 generatur,
913 582 1010 612 estque

220 617 279 643 sine
305 617 461 653 genealogis
485 620 632 646 secundum
658 620 730 648 aliud
759 627 840 656 atque
863 622 945 651 aliud.
963 623 1009 651 Et-

220 664 292 691 enim
308 671 384 692 sacra
402 664 542 700 Scriptura
557 666 593 694 ait
607 676 613 693 :
630 667 715 694 "omo
729 673 780 699 est.
790 671 847 703 quis
859 671 929 697 norit
939 679 1008 704 rum,

220 711 411 743 generationem
434 711 492 746 ejus
515 713 574 747 quis
598 714 756 743 enurrnbit?
772 715 825 742 Sed
850 721 877 742 et
902 725 1008 744 rursum

220 756 328 789 clamat,
351 755 430 783 Liber
440 759 614 792 generationis
631 758 695 786 Iesu
709 758 809 787 Christi
821 761 872 795 filii
885 761 969 789 David
981 763 1008 790 ιι.

219 801 309 834 Quare
345 803 494 830 secundum
525 805 696 833 divinitatem
731 807 924 842 ingencrabilis
952 813 1007 836 est:

220 849 368 876 secundum
409 850 605 878 humanitatem
638 859 703 879 vero
725 852 897 887 generabilis.
937 853 1007 881 Idem

1065 258 1196 292 ἐπίγειος,
1210 258 1307 293 ὁρατὸς
1316 259 1364 285 καὶ
1375 259 1500 296 ἀόρατος,
1516 260 1611 295 ὁρατὸς
1639 261 1688 296 μὲν
1706 262 1778 296 μετὰ
1801 263 1852 298 τῆς

1065 301 1201 336 θεότητος,
1211 303 1242 329 οὐ
1261 303 1330 329 κατὰ
1344 305 1393 339 τὴν
1410 303 1534 341 θεότητα,
1546 305 1614 332 ἀλλὰ
1627 306 1696 333 κατὰ
1710 307 1741 333 τὸ
1760 307 1851 342 σῶμα,

1064 347 1179 383 ἀόρατος
1198 348 1226 375 δὲ
1243 349 1325 376 πάλιν
1340 350 1409 384 μετὰ
1420 349 1471 384 τῆς
1488 351 1710 386 ἀνθρωπότητος,
1735 353 1766 379 οὺ
1781 354 1853 380 κατὰ

1062 393 1114 429 τὴν
1128 394 1339 430 ἁνθρωπότητα,
1355 395 1423 422 ἀλλὰ
1444 396 1515 423 κατὰ
1524 396 1573 432 τὴν
1591 395 1717 432 θεότητα,
1733 399 1853 430 ικτιστὺς

1063 441 1110 467 καὶ
1120 440 1259 474 ἄκτιστος,
1277 442 1325 468 καὶ
1336 442 1386 469 ὅσα
1399 441 1466 469 ἄλλα
1478 442 1591 470 τοιαῦτα
1610 443 1682 470 κατὰ
1705 443 1756 480 τὴν
1773 446 1852 480 εἰρη-

1065 487 1149 522 μένην
1163 488 1263 523 εὐσεϐῆ
1278 487 1419 524 θεωρεῖται
1443 488 1591 522 διάκρισιν.
1617 490 1673 516 Καὶ
1701 490 1757 526 γὰρ
1780 491 1798 526 ἡ
1823 491 1852 524 ἐξ

1063 533 1141 568 ἡμῶν
1161 534 1240 570 σὰρξ,
1255 534 1386 562 ἐνωθεῖσα
1400 535 1439 570 τῷ
1452 535 1512 571 Θεῷ
1535 536 1615 571 Λόγῳ
1641 536 1702 563 καθ’
1731 537 1851 564 ὑπόστα-

1064 587 1117 612 σιν,
1132 579 1182 605 οὐκ
1201 580 1242 611 εἰς
1256 579 1306 615 τὴν
1333 580 1427 607 οὐσίαν
1454 581 1609 617 μετεϐλήθη
1633 581 1681 608 τοῦ
1711 583 1811 616 Λόγου,
1827 586 1852 610 si

1063 625 1111 652 καὶ
1127 625 1195 651 Θεοῦ
1215 626 1310 660 γέγονε
1327 626 1394 661 σάρξ
1410 635 1416 641 ·
1431 627 1491 653 οὐδὲ
1505 628 1520 654 6
1535 628 1622 662 Λόγος
1642 629 1681 659 si:
1706 629 1807 664 σάρκα,
1829 631 1853 657 εἰ

1063 670 1191 697 καὶῑδιαν
1201 671 1382 706 οἰκονομικῶς
1409 673 1557 707 ἐποιήσατο
1583 673 1633 708 τὴν
1659 673 1766 708 σάρκα·
1794 675 1854 701 ἀλλ’

1063 711 1104 746 εἷς
1125 715 1174 749 μὲν
1186 715 1354 750 λέγεταικαὶ
1368 716 1426 743 ἔστι
1442 716 1569 752 Χριστὸς,
1581 717 1697 750 σώζεται
1721 719 1751 745 δὲ
1769 720 1854 747 ἅκαιο

1063 762 1221 796 νοτομήτως
1237 762 1283 788 καὶ
1296 762 1454 798 ἀχωρίστως
1473 763 1520 789 καὶ
1535 763 1568 790 τὰ
1580 763 1610 795 ἐξ
1634 760 1673 791 ὧν
1694 764 1741 791 καὶ
1759 765 1789 792 ἐν
1813 763 1855 797 οἷς

1063 807 1165 833 νοεῖται
1180 807 1307 842 Χριστὸς,
1322 808 1372 834 οὐκ
1390 807 1469 840 ἄλλος
1482 808 1530 835 καὶ
1553 808 1632 840 ἄλλος
1642 819 1648 825 ·
1666 809 1704 845 μὴ
1723 810 1832 844 γένοιτο
1846 819 1852 825 ·

1064 852 1226 889 ἀλλ’ὥσπερ
1239 853 1368 885 πολλάκις
1383 854 1502 890 εἴρηται,
1539 852 1579 887 εἷς
1601 855 1649 882 καὶ
1674 856 1688 882 6
1705 856 1799 887 αὐτός.
1824 856 1855 882 '0

220 895 366 929 prmnoscit
381 897 481 929 omnia,
501 902 542 924 est
560 898 632 924 enim
645 903 742 925 natura
761 899 841 932 Deus,
856 905 883 926 et
906 908 1010 928 rursum

1066 899 1148 931 αὐτὸς
1163 900 1367 934 γενεαλογεῖται
1379 901 1426 927 καὶ
1441 900 1514 928 ἐστιν
1535 901 1762 936 ἀγενεαλόγητος,
1792 902 1855 929 κατ’

220 939 345 975 ignorare
359 941 458 968 dicitur
481 942 486 956 '
514 947 663 970 extremum
686 943 756 971 diem
779 951 824 979 per
840 951 949 972 carnem
963 953 1013 973 no-

220 989 304 1012 stram
334 990 386 1013 :et
407 986 498 1021 Neque
517 996 557 1014 me
580 988 669 1015 ridetis
692 997 771 1024 neque
794 989 901 1017 Putrem
927 999 1012 1018 meum

219 1031 313 1059 ridetis
335 1031 365 1065 i;
388 1037 415 1059 et
442 1040 549 1060 rursum
583 1034 821 1070 sciliceﬁlnunana
854 1036 1008 1064 conditione

220 1077 297 1105 scitis
321 1077 405 1105 1ιτΕι
443 1079 512 1106 unde
527 1079 576 1106 sint
602 1080 683 1107 scitis.
713 1081 745 1108 Si
764 1089 809 1116 ego
834 1083 1011 1109 testimonium

218 1123 339 1157 perhibeo
354 1124 386 1150 de
401 1132 441 1151 me
460 1124 526 1157 ipso,
546 1126 724 1152 testimonium
750 1135 834 1153 meum
850 1135 902 1153 non
919 1131 957 1154 est
972 1136 1013 1154 ve-

219 1176 278 1195 rum
292 1167 315 1201 ι,
333 1168 397 1196 alibi
410 1177 517 1204 quoque
534 1178 540 1196 :
560 1170 593 1197 Et
606 1172 630 1198 si
640 1179 686 1206 ego
701 1172 880 1198 testimonium
891 1173 1012 1207 perltibeo

220 1215 251 1240 de
273 1223 313 1242 me
330 1215 398 1249 ipso,
424 1224 511 1243 rerum
535 1223 572 1244 est
595 1217 772 1244 testimonium
798 1227 882 1245 meum
907 1223 938 1246 ’³.
957 1219 1014 1246 lloc

219 1261 329 1294 quidem
346 1265 468 1296 respectu
486 1262 657 1290 divinitatis:
677 1263 742 1290 illud
760 1271 823 1291 vero
836 1263 1014 1292 humanitatis

221 1311 357 1341 respectu.
391 1307 465 1335 Unus
486 1308 584 1343 2536
604 1309 695 1344 itaque
715 1309 842 1345 idemque
867 1315 909 1338 est
928 1310 1012 1338 incir-

219 1353 403 1387 cumscriptus
423 1358 451 1380 et
473 1354 710 1390 circumscriptus,
733 1359 862 1390 tanquam
886 1356 953 1383 duas
968 1363 1013 1391 ge-

220 1397 377 1426 nerationes
408 1398 513 1426 habens
525 1403 553 1426 et
575 1400 753 1430 substantias.
773 1408 843 1428 unus
865 1405 965 1428 tamen.
984 1401 1012 1428 Si

219 1449 286 1470 vero
303 1444 384 1471 unius
409 1448 449 1472 est
473 1445 630 1472 substantia:
655 1447 802 1473 secundum
825 1454 947 1480 carnem,
961 1447 1013 1474 hoc

220 1492 316 1515 contra
336 1489 452 1523 Manem,
478 1498 558 1517 uuam
586 1491 657 1519 illius
674 1492 875 1520 conﬁtebuntur
900 1501 1013 1528 genera-

221 1534 332 1569 tionem,
347 1540 374 1563 et
389 1536 490 1564 frustra
501 1536 586 1565 Filius
605 1538 722 1566 hominis
742 1539 895 1567 vocabitur.
916 1539 1013 1568 llacte-

220 1588 273 1608 nus
287 1582 376 1616 capite
391 1583 478 1617 primo
495 1584 545 1611 ista
561 1585 729 1619 exsequitur.

1064 945 1128 972 ἄλλο
1138 945 1258 980 δηλονότι
1273 947 1320 973 καὶ
1332 946 1406 974 ἄλλο.
1420 947 1474 974 Καὶ
1486 947 1540 984 γὰρ
1556 947 1591 974 τὰ
1607 948 1667 982 ἱερὰ
1677 947 1764 981 Λόγιά
1775 955 1855 984 φησι·

1065 991 1119 1018 Καὶ
1132 991 1316 1026 ἄνθρωπός⁵³
1329 992 1406 1025 ἐστι,
1431 992 1481 1019 καὶ
1510 993 1556 1025 τίς
1578 992 1724 1027 γνώσεται
1747 993 1856 1026 αὑτὸν,

1064 1037 1113 1064 καὶ
1132 1037 1190 1070 τὴν
1201 1039 1308 1072 γενεὰν
1322 1039 1414 1065 αὑτοῦ
1428 1040 1474 1072 τις
1492 1038 1686 1074 διηγηὶσεται;
1710 1039 1780 1066 ἀλλὰ
1809 1040 1858 1067 καὶ

1064 1082 1146 1109 πάλιν
1159 1082 1218 1118 βοᾷ,
1235 1084 1342 1116 Βίϐλος
1355 1082 1378 1099 ³⁵
1403 1082 1550 1118 γενέσεως
1586 1084 1692 1118 Ἰησοῦ
1717 1085 1854 1118 Χριστοῦ

1063 1127 1131 1156 υἱοῦ
1146 1128 1245 1156 Δαϐίδ.
1255 1128 1336 1156 Ὥστε
1351 1129 1422 1156 κατὰ
1434 1129 1483 1164 μὲν
1498 1129 1547 1164 τὴν
1564 1129 1681 1164 θεότητα
1691 1129 1774 1156 αὑτοῦ
1787 1130 1856 1164 ἀγε-

1064 1174 1238 1210 νεαλόγητος,
1253 1174 1323 1201 κατὰ
1339 1174 1367 1201 δὲ
1380 1175 1429 1210 τὴν
1451 1175 1651 1210 ἀνθρωπότητα
1676 1175 1858 1210 γενεαλογού-

1065 1229 1155 1255 μενος.
1175 1221 1205 1247 '0
1219 1220 1298 1252 αὐτὸς
1311 1222 1401 1248 παντα
1417 1221 1599 1256 προγινώσκει
1615 1221 1686 1256 (ἐστὶ
1699 1220 1754 1256 γὰρ
1771 1220 1857 1256 φύσει

1063 1266 1140 1301 Θεός)
1157 1267 1204 1293 καὶ
1217 1267 1298 1292 πάλιν
1314 1267 1421 1300 ἀγνοεῖν
1434 1266 1482 1302 τὴν
1505 1266 1626 1301 ἐσχάτην
1639 1267 1749 1301 ἡμέραν
1762 1266 1808 1294 διὰ
1827 1267 1860 1293 τὸ

1064 1311 1197 1347 ἡμέτερον
1208 1311 1314 1345 λέγεται
1322 1311 1504 1346 φύραμα.Καί
1515 1319 1521 1326 ·
1531 1311 1605 1338 Οὔτε
1615 1311 1668 1345 ἐμὲ
1677 1311 1780 1338 οἴδατε
1788 1311 1860 1338 οὔτε

1064 1357 1118 1384 τὸν
1128 1357 1245 1391 Πατέρα
1257 1366 1316 1392 μου
1331 1357 1432 1383 οἴδατε
1442 1365 1449 1371 ·
1467 1357 1514 1384 καὶ
1524 1357 1615 1389 πάλιν,
1633 1356 1758 1391 δηλονότι
1785 1357 1861 1383 κατὰ

1063 1404 1093 1430 τὸ
1107 1403 1287 1438 ἀνθρώπινον,
1298 1402 1379 1437 Κάμὲ
1393 1402 1492 1430 vitiare
1501 1403 1551 1429 καὶ
1569 1403 1663 1430 πόθεν
1673 1402 1731 1437 εἰμὶ
1745 1402 1859 1429 οἴδατε.

1066 1449 1126 1475 Ἔτι
1137 1448 1177 1481 δὲ,
1188 1447 1286 1482 Εἰέτὼ
1296 1448 1355 1464 ³⁸·³⁶
1364 1446 1504 1483 μαρτυρῶ
1517 1447 1583 1480 περὶ
1592 1447 1736 1481 ἐμαυτοῦ,
1748 1448 1767 1481 ὴ
1780 1455 1861 1481 μαρ-

1066 1493 1154 1527 τυρία
1162 1501 1221 1528 μου
1239 1494 1295 1520 οὐκ
1306 1492 1393 1520 ἐστιν
1406 1492 1532 1526 ἀληθής·
1551 1491 1618 1527 [797
1634 1491 1682 1527 IL]
1703 1492 1752 1518 καὶ
1775 1492 1861 1518 ἀλλα-

1064 1539 1123 1574 χοῦ,
1131 1541 1151 1566 Ε
1155 1539 1228 1574 ἱὲγὼ
1236 1539 1376 1574 μαρτιφῶ
1382 1538 1449 1573 περὶ
1460 1538 1602 1572 ἐμαυτοῦ,
1612 1539 1631 1572 ἡ
1639 1539 1790 1573 μαρτυρία
1797 1546 1860 1572 μου

1023 1577 1045 1608 C
1061 1586 1179 1620 ἀληθής
1194 1586 1269 1612 ἐστι·
1280 1585 1309 1612 τὺ
1326 1585 1374 1621 μὲν
1387 1585 1430 1612 διὰ
1445 1584 1510 1621 [417
1530 1583 1575 1620 l'l.]
1592 1584 1641 1619 τὴν
1669 1584 1745 1611 θείαν
1763 1583 1785 1599 ³⁷
1802 1583 1857 1610 αὑ⁸

219 1629 267 1656 τοῦ
282 1629 372 1664 φύσιν,
386 1631 416 1657 τὸ
428 1631 455 1657 δὲ
466 1631 510 1658 διὰ
524 1631 573 1667 τὴν
603 1632 810 1668 ἀνθρωπότητα.
828 1633 922 1665 Οὕτως
935 1634 957 1650 ³⁸
975 1631 1023 1661 οὖν
1040 1634 1115 1660 ἐστιν
1134 1634 1148 1660 6
1182 1633 1262 1664 αὐτὸς
1285 1633 1494 1669 ἁπερίγραπτος
1514 1631 1561 1659 καὶ
1596 1631 1797 1668 περίγραπτος,
1820 1630 1860 1661 ὡς

219 1675 268 1703 δύο
278 1676 399 1710 γενέσεις
410 1677 479 1713 ἔχων
492 1678 541 1705 καὶ
561 1678 608 1705 δύο
621 1679 717 1712 οὐσίας
741 1681 755 1706 ὁ
772 1678 822 1711 εἷς.
843 1681 875 1707 Εἰ
889 1681 918 1708 δὲ
944 1682 1008 1716 μιᾶς
1028 1681 1121 1713 οὐσίας
1132 1681 1192 1708 ἐστὶ
1225 1680 1295 1716 μετὰ
1306 1681 1328 1697 ³⁸
1363 1680 1413 1715 τὴν
1432 1680 1570 1715 σάρκωσιν
1587 1679 1658 1706 κατὰ
1678 1678 1724 1706 τὸν
1747 1679 1856 1714 Μάνην,

221 1722 287 1758 μίαν
301 1723 384 1750 αὐτοῦ
401 1724 509 1758 πάντως
522 1727 720 1763 ὁμολογήσουσι
738 1729 785 1755 καὶ
800 1729 850 1764 τὴν
866 1729 1006 1765 γέννησιν,
1044 1729 1093 1756 καὶ
1123 1729 1211 1765 μάτην
1234 1729 1300 1761 Υἱὸς
1335 1728 1481 1764 ἀνθρώπου
1508 1727 1653 1763 κέκληται.
1681 1727 1719 1753 Τὸ
1748 1727 1799 1763 μὲν
1822 1724 1854 1754 οὗ

220 1770 329 1805 πρῶτον
340 1771 487 1806 κεφάλαιον
502 1772 574 1800 οὕτω
588 1773 648 1806 πῶς
656 1774 783 1809 ὲπῆλθεν.

257 1816 379 1844 Alterqu
405 1825 470 1845 vero
486 1819 527 1846 sie
546 1819 676 1848 disserit:
702 1820 731 1847 Si
752 1820 874 1849 mortalis
897 1820 939 1848 vel
958 1821 1010 1848 im-

221 1862 343 1890 mortalis
359 1863 478 1891 Adamus
491 1864 567 1892 initio
582 1866 709 1903 conditus
726 1871 778 1898 est,
804 1872 910 1894 constat
926 1867 1009 1895 Deum

221 1915 274 1935 non
295 1908 393 1937 fecisse
414 1917 539 1945 mortem,
562 1918 650 1946 neque
664 1912 803 1939 hominum
829 1913 939 1940 interitu
963 1914 1010 1941 de-

221 1953 334 1982 lectari:
352 1955 452 1982 invidia
469 1957 600 1984 dzemonis
632 1965 705 1985 mors
726 1957 752 1985 in
778 1958 908 1986 mundum
926 1959 1009 1992 venit,

217 1998 299 2033 jussit
317 2007 383 2028 vero
402 2001 539 2029 [nominem
567 2001 723 2037 aliquandiu
747 2010 857 2031 manere
888 2004 1012 2031 incorru-

221 2050 308 2079 ptum,
338 2052 503 2082 praeceptum
531 2048 736 2076 custodiendqu
750 2048 774 2077 ei
792 2050 913 2083 tradens,
939 2050 1010 2085 quod

222 2092 424 2127 transgrediens
436 2100 485 2127 pro
498 2093 696 2128 incorruptibili
713 2094 900 2129 corruptibilis
913 2095 1009 2123 evasit.

221 2136 360 2165 Libertate
384 2139 456 2165 enim
480 2138 586 2166 arbitrii
618 2139 734 2167 donatus
767 2140 858 2172 homo,
892 2141 1012 2176 abripuit

220 2188 317 2218 sponte
333 2184 404 2219 quod
430 2184 549 2213 deterius
560 2190 610 2217 est,
640 2185 734 2214 relicto
750 2186 872 2214 meliore.
889 2187 941 2215 Sed
956 2187 1009 2215 im—

1096 1819 1133 1846 Τὺ
1146 1819 1175 1846 δὲ
1186 1818 1216 1854 πβ¹
1232 1818 1303 1845 οὕτω
1317 1817 1449 1844 διευθετεῖ
1462 1825 1469 1833 ·
1484 1817 1546 1844 Εἴτε
1564 1816 1670 1852 θνητὸς,
1685 1817 1786 1851 φησὶν,
1802 1817 1858 1842 εἴτε

1061 1866 1195 1897 ἀθάνατος
1211 1863 1334 1898 ἐπλάσθη
1344 1863 1394 1899 τὴν
1411 1863 1499 1899 ἀρχὴν
1517 1863 1532 1890 ὁ
1555 1862 1653 1897 Ἀδὰμ,
1667 1862 1802 1897 πρόδηλον
1816 1862 1858 1888 ὅτι

1061 1913 1076 1939 6
1088 1912 1153 1943 Θεὸς
1168 1911 1282 1937 θάνατον
1295 1909 1345 1936 οὐκ
1359 1909 1487 1944 ἐποίησεν
1503 1908 1564 1935 οὑδὲ
1588 1908 1721 1943 τέρπεται
1744 1908 1789 1933 ἐπ’
1803 1907 1858 1934 ἁπ-

1062 1958 1145 1993 ωλείᾳ
1157 1957 1278 1989 ζώντων,
1292 1955 1382 1991 φθόνῳ
1406 1955 1435 1982 δὲ
1455 1955 1581 1981 διαϐόλου
1604 1954 1717 1986 θάνατος
1730 1953 1858 1989 εἰσῆλθεν

1062 2005 1103 2036 εἰς
1116 2003 1162 2031 τὸν
1176 2003 1288 2038 κόσμον.
1311 2001 1380 2028 ’Υπδ
1399 2001 1427 2027 δέ
1441 2009 1501 2028 τινα
1520 2001 1611 2036 μένειν
1629 2001 1692 2035 ὅρον
1708 2000 1738 2027 ὲν
1751 2000 1858 2035 ἀφθαρο

1062 2049 1108 2084 σίᾳ
1122 2049 1168 2076 τὸν
1182 2048 1325 2084 ἄνθρωπον
1339 2047 1541 2078 διεκελεύσατο,
1555 2046 1665 2081 ἐντολὴν
1676 2046 1716 2077 εἰς
1731 2045 1858 2081 φυλακὴν

1060 2095 1261 2130 παραθέμενος,
1277 2094 1310 2129 ἣν
1324 2091 1527 2128 παραϐεϐηκὼς
1542 2091 1591 2126 τὴν
1607 2091 1710 2126 φθορὰν
1728 2092 1791 2117 ἀντὶ
1805 2091 1859 2125 si];

1060 2141 1215 2176 ἀφθαρσίας
1231 2140 1373 2174 εἰσήγαγε·
1389 2138 1428 2173 τῷ
1445 2137 1496 2172 μὲν
1515 2137 1568 2172 γὰρ
1585 2136 1754 2171 αὐτεξουσίῳ
1771 2145 1859 2171 τιμη-

1061 2187 1118 2219 θεὶς
1135 2188 1150 2213 6
1174 2186 1316 2221 ἄνθρωπος
1337 2184 1423 2210 εἵλετο
1442 2183 1473 2210 τὸ
1494 2184 1585 2218 χεῖρον
1598 2203 1605 2215 ,
1626 2181 1696 2208 ἑκὼν
1717 2182 1814 2216 φυγὼν
1829 2183 1860 2208 τὸ

221 2230 362 2257 mortalem
390 2231 508 2258 animam
530 2235 557 2258 et
582 2231 778 2267 intelligibilem
803 2239 936 2266 creatam,
949 2239 1009 2268 post

1064 2234 1185 2268 ἄμεινον.
1206 2231 1286 2257 Ἀλλὰ
1302 2230 1349 2257 καὶ
1369 2229 1455 2264 αὐτὴν
1477 2229 1526 2264 τὴν
1549 2228 1637 2264 ψυχὴν
1657 2228 1791 2255 ἀθάνατον
1810 2229 1861 2254 καὶ

220 2274 325 2309 lapsum
342 2276 444 2303 scimus
462 2276 541 2304 morti
561 2277 724 2305 tradidisse:
748 2277 829 2312 idque
848 2286 901 2305 non
917 2286 1010 2313 corpo-

221 2319 272 2346 rali
289 2320 378 2352 modo,
405 2329 510 2354 verum,
526 2323 598 2356 quod
613 2327 655 2350 est
684 2324 804 2358 gravius,
834 2323 1007 2359 intelligihili.

220 2365 366 2393 Peccatum
397 2366 468 2393 enim
484 2367 566 2395 animi
593 2369 715 2403 quaedam
743 2376 816 2396 mors
840 2374 893 2402 est,
925 2370 1007 2397 veluti

222 2417 330 2443 umnam
343 2417 369 2439 ct
393 2413 585 2447 sempiternam
610 2415 812 2449 corruptionem
830 2415 866 2443 illi
889 2423 1008 2450 parans:

222 2455 320 2483 Timete
345 2457 389 2492 qui
416 2463 498 2491 potest
536 2460 654 2487 animam
683 2465 707 2487 et
732 2469 825 2496 corpus
847 2462 955 2495 perdere
980 2463 1008 2488 in

221 2502 365 2536 gehennam
380 2508 404 2530 ιι.
433 2504 556 2540 Simplex
581 2506 663 2540 igitur
688 2506 762 2534 solus
776 2512 818 2535 est
843 2507 915 2535 Deus
929 2513 1009 2542 atque

221 2548 486 2585 incircumscriptus.
503 2553 588 2579 Omne
605 2553 677 2579 enim
686 2554 759 2588 quod
774 2554 1009 2582 circumscribitur

221 2594 336 2629 simplex
351 2603 403 2623 non
420 2602 473 2628 est.
489 2598 579 2624 omnia
595 2599 666 2625 enim
681 2604 780 2633 praeter
794 2600 878 2627 Deum
903 2607 1009 2635 compo-

1061 2277 1163 2313 νοητὴν
1184 2275 1434 2312 δημιουργηθεῖσαν
1450 2275 1482 2301 ἐκ
1505 2274 1688 2310 παραῦάσεως
1708 2273 1789 2308 ἴσμεν
1809 2273 1861 2300 θα-

1061 2323 1134 2357 νάτῳ
1153 2321 1385 2358 παραδεδομένην,
1405 2321 1430 2347 εὶ
1453 2320 1500 2347 καὶ
1522 2319 1559 2355 μὴ
1579 2319 1712 2354 αἰσθητῷ,
1736 2319 1805 2346 ἀλλὰ
1827 2327 1860 2353 γε

1062 2368 1103 2405 (τδ
1115 2367 1316 2404 χαλεπώτερον)
1327 2366 1424 2405 νοητ-ῷ.
1441 2367 1474 2393 Ἠ
1486 2365 1609 2401 ἁμαρτία
1619 2365 1673 2399 γὰρ
1683 2365 1769 2400 αὐτῆς
1782 2366 1860 2391 ἐστιν

1061 2415 1075 2441 ὁ
1087 2413 1212 2446 θάνατος,
1226 2412 1264 2444 ὡς
1278 2412 1389 2439 κόλασιν
1406 2411 1474 2447 αὐτῇ
1498 2410 1546 2437 καὶ
1569 2410 1672 2446 φθορὰν
1688 2409 1860 2446 προξενοῦσα

1061 2459 1209 2494 ἄφθαρτον·
1217 2457 1368 2491 Φοϐήθητε
1377 2457 1441 2492 γὰρ,
1449 2456 1516 2491 φησὶ
1524 2455 1557 2488 ⁸ο,
1566 2455 1620 2482 τὸν
1626 2454 1798 2488 δυνάμενον
1806 2453 1860 2481 καὶ

1062 2507 1120 2539 τὴν
1137 2504 1245 2539 ψυχὴν
1267 2503 1315 2530 καὶ
1331 2502 1364 2529 τὸ
1383 2502 1470 2537 σῶμα
1482 2502 1517 2528 ἐν
1532 2501 1639 2536 γεέννῃ
1656 2500 1807 2528 ἀπολέσαι
1820 2499 1858 2527 ⁵¹.

1068 2552 1184 2583 ’Λπλοῡς
1205 2551 1234 2578 δὲ
1253 2551 1332 2585 μόνος
1355 2549 1429 2576 ἐστὶν
1450 2549 1465 2575 6
1485 2548 1562 2580 Θεὸς,
1584 2547 1790 2582 ἀπερίγραπιος
1805 2545 1856 2572 ὢν·

1063 2600 1117 2626 πᾶν
1131 2598 1185 2634 γὰρ
1199 2597 1229 2624 τὸ
1243 2597 1430 2632 περίγραπτον
1441 2595 1490 2630 οὺχ
1507 2593 1620 2622 ἁπλοῦν.
1636 2594 1677 2621 Τὰ
1693 2593 1722 2620 δὲ
1736 2592 1813 2628 παρὰ
1825 2592 1857 2619 τὸ

259 2651 363 2693 ⁸Η9ιὶιζ-
380 2661 428 2693 νυ.
443 2655 469 2682 5-
489 2655 576 2693 _'{lsa.
589 2665 648 2690 Lm,
661 2658 687 2685 8.
717 2658 827 2687 ‘Matth.
848 2660 907 2692 1,1.
938 2659 1041 2687 iMarc.
1056 2667 1117 2693 xm,
1138 2659 1183 2686 52.
1223 2658 1324 2685 Hoan.
1339 2663 1386 2690 vn,
1402 2656 1428 2684 8.
1468 2654 1651 2688 'Joan.v,3l.
1671 2651 1853 2684 II‘.loan.vul,

223 2687 267 2716 Η.
305 2692 320 2706 ι
331 2688 427 2717 Matth.
448 2698 475 2724 x,
487 2690 533 2718 20.

876 2741 993 2769 νΑιιιΑε
1009 2741 1214 2770 LECTIONES.

255 2784 278 2802 “
292 2786 307 2811 6
327 2793 382 2814 om.
396 2794 438 2847 gr.
450 2786 483 2815 A.
505 2823 511 2830 ‘
522 2788 604 2828 "fui.
620 2788 712 2825 ἄνθρ.]
725 2790 777 2830 lsa.
789 2798 815 2823 ν,
831 2790 857 2817 8.
896 2790 918 2806 ⁸⁵
934 2790 1035 2827 βίϐλος]
1052 2790 1148 2818 Matth.
1166 2799 1186 2822 I,
1205 2791 1228 2817 l.
1268 2789 1328 2806 “'"
1343 2789 1367 2816 εἰ
1383 2787 1453 2850 Exin;
1464 2788 1542 2815 Joan.
1560 2795 1586 2818 ν,
1600 2787 1644 2814 51.
1684 2785 1706 2801 ³⁸
1723 2783 1850 2836 sithi"-

255 2820 336 2850 ΙΙ,1Ᾱ.
360 2821 381 2837 ³⁷
412 2823 470 2849 είιιν
481 2824 594 2850 αυτουΑ
609 2833 615 2850 :
631 2826 751 2850 ὲιιαυτου
769 2833 799 2850 σ.
838 2825 860 2842 ³³
877 2822 954 2850 οὗτος
972 2834 1000 2850 ς.
1041 2825 1063 2842 ³⁵
1080 2826 1147 2850 μετὰ
1160 2827 1179 2850 Δ
1197 2833 1204 2850 :
1220 2824 1329 2850 κατεὶς.
1367 2825 1390 2841 ⁸ο
1403 2832 1436 2850 too
1457 2823 1477 2850 ,1
1503 2822 1595 2850 Matth.
1614 2830 1642 2850 ι.
1659 2821 1704 2849 28.
1784 2819 1850 2845 ἀιδο-

221 2826 281 2860 ytu,
293 2820 336 2861 id.
360 2821 381 2837 ³⁷
389 2820 470 2861 ,θείαν
481 2823 563 2851 αὐτοῦ
574 2824 594 2851 Α
609 2833 615 2851 ;
631 2820 751 2860 ἐμαυτοῦ
769 2820 814 2857 ς.’
838 2825 860 2842 ³³
877 2820 954 2857 οὗτος
972 2834 1001 2858 ς.
1014 2820 1063 2842 ”³’
1079 2826 1147 2861 μετὰ
1159 2820 1183 2853 Λ
1197 2833 1204 2852 :
1220 2824 1329 2856 κατὰς.
1367 2825 1390 2841 ⁸ο
1403 2820 1436 2858 ipa

221 2853 297 2882 λέααι
311 2856 340 2883 ιν
351 2856 445 2892 γεέννῃ
458 2865 486 2890 ς,

1457 2823 1477 2859 .]
1503 2822 1595 2850 Matth.
1614 2830 1642 2854 ι,
1659 2821 1704 2849 28.
1744 2819 1765 2836 “
1784 2819 1852 2845 ἀπο-
