1920 3090
70 144 116 176 985

591 142 853 175 BIBLIOTHECA.
864 157 899 162 ’-
909 143 990 174 COD.
1007 143 1153 174 CCXXIX.

1637 146 1690 178 986

71 199 136 226 Θείον
156 198 244 224 πάντα
268 197 390 225 σύνθετα.
411 197 473 224 Ὀτι
494 197 522 224 δὲ
535 197 566 224 τὺ
587 197 714 224 σύνθετον
736 198 836 225 δύνατα

899 197 951 225 sila
961 201 1037 230 sunt,
1047 198 1109 233 quia
1119 197 1297 233 compositum
1308 201 1397 233 potest
1405 197 1590 227 etimmortale
1599 199 1655 227 ﬁeri
1662 205 1688 228 et

71 245 112 271 καὶ
137 243 267 270 ἀθάνατον
295 243 403 278 μεῖναι,
436 242 604 279 μαρτυροῦσι
634 243 684 278 μὲν
709 243 742 270 τὰ
768 243 848 278 νοερὰ

70 289 186 324 τάγματα
208 288 256 315 καὶ
275 288 292 323 ἡ
314 288 397 324 ψυχὴ,
423 290 560 324 μαρτυρεί
580 288 610 315 δὲ
637 288 737 324 μᾶλλον
760 289 806 316 καὶ
830 290 847 325 ὴ

69 335 214 368 ἀνάστασις,
230 335 260 360 ἐν
306 333 434 365 σύνθετος
452 333 466 359 ὁ
483 333 624 368 ἄνθρωπος
645 333 721 360 οὐδὲν
735 331 817 370 ἦττον
830 334 846 370 ἥ

69 381 207 416 πρότερον,
229 380 408 415 ἀνιστάμενος
431 379 470 411 είς
487 379 653 412 ἀθανασίαν,
676 380 745 414 μετὰ
759 380 848 415 ψυχῆς

69 427 109 453 καὶ
123 425 245 461 σώματος
260 426 414 453 ἀνίσταται·
427 425 477 452 Δεῖ
488 425 510 441 δ’
522 425 576 460 γὰρ
588 425 620 452 τὸ
635 425 747 460 θνητὸν
760 425 847 454 τοῦτο

69 472 240 498 ἐνδύσασθαι
260 471 440 503 ἀθανασίαν,
457 471 551 498 καὶτὸ
563 471 693 505 φθαρτὸν
704 471 792 498 τοῦτο
800 472 848 498 ὲν-

68 517 205 544 εὐσασθαι
222 517 405 552 ἀφθαρσίαν.
415 517 470 544 Καὶ
480 516 531 543 οὐκ
540 516 573 543 ἄν
589 525 629 548 τις
642 517 714 543 ετποι
725 517 755 544 τὸ
767 517 847 552 σῶμα

69 565 119 590 τότε
127 565 164 596 εἰς
182 565 233 599 τὴν
252 564 345 591 οὐσίαν
361 564 523 599 μεταϐαλεῖν
537 563 560 580 ⁸³
572 564 621 598 τῆς
630 563 730 598 ψυχῆς·
745 565 770 590 εἰ
792 564 846 599 γὰρ

69 609 275 645 καὶλεπτότερον
290 609 337 636 καὶ
353 609 545 644 διαυγέστερον
560 608 674 642 γίνεται,
686 609 744 635 ἀλλ’
757 607 804 636 οὖν
811 609 846 636 τὰ

69 655 203 689 ινόάλματα
221 654 303 687 σώζει
312 655 359 681 τοῦ
369 654 505 689 σώματος,
519 655 568 681 καὶ
580 654 725 688 ἄνθρωπός
734 655 803 686 ἐστι,
813 655 846 681 τε

67 697 195 733 ἀνθρώπου
211 698 305 734 φέρων
317 698 506 734 γνωρίσματα.
518 699 660 734 Μαρτυρεῖ
666 698 694 725 δὲ
705 700 762 730 τοῖς
771 700 846 734 εἰρη-

67 743 144 776 μένοις
160 742 247 779 Ὲνὼχ
273 744 320 771 καὶ
342 744 435 776 Ἠλίας
463 744 510 770 καὶ
538 745 552 770 ὁ
575 744 624 779 τῆς
648 744 761 780 βροντῆς
790 746 846 777 υίὸς

71 787 190 825 Ίωᾶννης,
206 790 249 816 ἔτι
263 790 404 825 περιόντες
418 792 447 816 ὲν
461 789 501 825 τῷ
518 789 634 825 σώματι·
653 791 699 816 καὶ
715 791 768 825 γὰρ
785 790 846 817 τού-

65 841 116 865 τους
132 835 168 866 ὡς
183 835 313 870 ἀπαρχὴν
335 834 383 862 τοῦ
406 834 467 861 ὅλου
485 835 644 870 φυράματος
661 835 740 870 ήμῶν
764 836 778 861 ὁ
791 836 845 870 Δη-

899 243 986 278 angeli
1004 244 1029 271 id
1042 248 1174 271 testantur
1183 243 1316 276 etanima,
1332 243 1518 278 ampliusvero
1531 244 1690 273 testiﬁcatur

899 289 924 317 id
934 290 1105 320 resurrectio,
1113 297 1164 324 qua
1173 297 1225 316 non
1235 289 1323 317 minus
1333 295 1413 324 atque
1424 290 1511 325 primo
1522 292 1689 326 compositus

899 335 979 363 homo
991 335 1023 363 ad
1037 335 1268 362 immortalitatem
1276 343 1418 370 resurgens
1427 337 1536 364 exsistit
1544 342 1689 371 corporeet

898 382 988 410 anitno
1004 383 1143 417 praeditus.
1158 381 1265 416 Oportet
1279 382 1346 408 enim
1355 383 1522 417 corruptibile
1537 384 1585 410 Iwc
1596 384 1689 410 indue-

897 435 925 455 re
939 428 1182 462 incorruptionem:
1201 432 1224 454 et
1244 427 1352 454 mortale
1377 427 1425 454 hor
1448 428 1556 455 induere
1578 429 1688 455 immor-

898 472 1026 500 talitatem
1041 480 1062 498 θ.
1091 473 1125 499 Ει
1152 479 1185 500 ne
1208 472 1307 499 dixerit
1332 472 1441 507 aliquis,
1465 480 1563 508 corpus
1579 477 1644 500 tune
1659 473 1685 500 in

898 518 994 544 anima:
1025 518 1207 545 conditionem
1231 518 1356 552 migrare.
1376 516 1404 544 Si
1431 518 1503 545 enim
1531 519 1639 546 tenuius
1657 518 1687 546 ﬁt

898 569 981 599 atque
1005 564 1157 598 angustius,
1185 563 1232 591 sed
1244 563 1367 598 corporis
1392 563 1509 598 speciem
1533 569 1634 597 servat,
1659 569 1686 591 et

897 609 979 636 homo
1006 613 1048 636 est
1076 608 1194 635 hominis
1220 606 1466 640 habensiusignia.
1501 606 1629 635 Testatur
1658 607 1686 635 id

897 654 1002 685 Enoeh,
1017 653 1102 687 Elias,
1131 657 1159 680 et
1173 652 1293 680 Joannes
1320 644 1431 679 tcuitrui
1457 652 1537 685 ﬁlius,
1553 653 1641 680 adhuc
1659 653 1686 680 in

897 707 1012 734 corpore
1028 703 1150 734 agentes.
1167 698 1223 726 llos
1235 699 1307 726 enim
1324 703 1350 726 et
1366 698 1441 725 initia
1457 698 1538 725 totius
1553 698 1687 726 conditio-

897 744 940 772 nis
958 749 1056 772 uostra:
1067 744 1198 772 Conditor
1213 744 1363 779 abripiens,
1374 743 1500 771 omnibus
1515 744 1644 774 ostendit,
1656 748 1687 770 ut

899 790 950 818 nisi
964 791 1049 817 Adam
1072 790 1250 825 peccavisset,
1275 790 1365 816 adhue
1391 789 1504 822 viveret,
1536 789 1588 816 nisi
1614 790 1685 824 quod

898 836 1007 871 longam
1023 837 1105 863 vitam
1130 841 1242 871 agentes
1254 840 1363 871 gustant
1391 835 1535 869 aliquando
1559 839 1685 866 mortem,

66 880 180 915 μιουργδς
203 880 296 907 λαὸὼν
318 880 404 913 ἔδειξε
429 881 512 907 πᾶσιν
531 881 569 912 ὡς
589 881 613 907 εί
637 881 674 916 μὴ
689 880 813 916 ἥμαρτεν
833 883 839 907 ἐ

898 883 1008 910 etiamsi
1033 883 1060 909 in
1076 887 1215 909 momento
1229 881 1312 910 oculi.
1332 881 1398 908 \‘ide
1415 888 1508 908 eorum
1525 880 1616 913 ﬁdem,
1630 885 1658 907 et
1671 887 1687 907 e

70 924 150 960 ’Δδὰμ,
165 925 205 952 ἔτι
223 925 258 952 ἂν
275 927 372 961 περιῆν
390 926 459 961 μετά
480 925 527 952 τοῦ
546 926 682 960 σώματος.
705 925 777 961 Πλὴν
796 926 843 953 καὶ

65 967 123 996 οὗτοι
150 970 328 1007 πολυχρόνιον
361 971 419 1006 βίον
448 971 576 1002 ἀνύοντες
603 970 746 1005 γεύοονταί
776 979 842 998 ποτε

64 1015 173 1050 θανάτου,
188 1018 243 1045 κᾶν
259 1020 289 1046 ὲν
301 1020 367 1054 ῥιπῇ
383 1018 534 1054 ὀφθαλμοῦ.
550 1019 622 1054 Ὅρα
635 1019 664 1046 δὲ
677 1019 727 1054 τὴν
739 1019 772 1046 δι’
793 1019 842 1046 αὐ-

64 1062 107 1087 τῶν
120 1063 215 1095 πίςτιν,
238 1064 277 1095 ὡς
294 1065 327 1091 ὲκ
345 1065 400 1091 τῶν
413 1064 498 1100 τριῶν
514 1064 666 1100 προάγεται
680 1065 791 1098 γενεῶν,
808 1066 841 1091 ὲκ

897 928 985 956 tribus
1016 927 1117 964 255a
1151 927 1372 962 generationibus
1405 926 1584 957 adducantur,
1623 931 1687 954 ante

897 975 982 1010 legem
995 974 1077 1001 latam
1099 974 1149 1000 fuit.
1164 973 1267 1004 Enoch,
1287 979 1345 1008 post
1361 973 1445 1007 legem
1464 973 1547 1004 Elias,
1565 977 1686 1006 tempore

895 1020 990 1056 gratia:
1005 1020 1087 1048 decus
1102 1019 1304 1054 discipulorum.
1320 1019 1410 1052 Quare
1421 1019 1443 1046 si
1456 1019 1540 1045 Ad.nu
1557 1026 1608 1045 non
1623 1025 1685 1053 pec-

894 1070 994 1099 casset,
1012 1073 1072 1093 cum
1090 1065 1131 1092 his
1162 1065 1376 1099 ineorruptibilis
1393 1065 1515 1092 vixisset.

65 1110 104 1144 μὲν
113 1111 161 1137 τῶν
171 1112 225 1148 πρὸ
238 1113 324 1147 νόμου
339 1112 488 1149 ληφθέντος
504 1113 552 1140 τοῦ
573 1112 670 1148 Ἑνὼχ.
686 1113 719 1140 ὲκ
734 1113 763 1139 δὲ
778 1113 832 1140 τῶν
847 1114 917 1149 μετὰ
929 1114 975 1140 τὸν
986 1114 1067 1149 νόμον
1083 1113 1130 1140 τοῦ
1152 1113 1238 1145 Ἠλία,
1251 1113 1283 1139 ὲκ
1297 1112 1325 1139 δὲ
1337 1112 1389 1139 τῶν
1405 1112 1474 1147 μετὰ
1486 1111 1535 1147 τὴν
1546 1111 1627 1147 χάριν
1636 1110 1684 1137 τοῦ

64 1158 202 1193 ὲπιοτηθὶου
211 1158 266 1185 τῶν
280 1159 419 1194 μαθητῶν.
431 1160 535 1187 Οὐκοῦν
550 1161 598 1188 καὶ
609 1160 623 1186 ὁ
644 1160 740 1195 Ἀδὰμ,
759 1162 783 1187 εἰ
796 1160 846 1196 τὴν
870 1160 980 1195 ἐντολὴν
994 1159 1138 1194 ἐφύλαττε,
1153 1158 1258 1190 τούτοις
1280 1158 1313 1186 ἂν
1327 1157 1496 1189 ἅδιστάκτως
1515 1157 1685 1193 συμπεριῆν.

91 1206 144 1231 Ὀτι
169 1205 196 1232 δὲ
223 1205 366 1240 περίεστιν
391 1207 405 1232 ὁ
433 1206 567 1242 παρθένος
599 1207 725 1241 Ἰωάννης
742 1227 749 1238 ,
773 1207 840 1241 ὅπερ

63 1250 190 1286 ἐζήτησας,
207 1250 304 1286 ὥσπερ
318 1251 364 1277 τὸν
384 1251 468 1287 Ἑνὼχ
485 1251 549 1287 [418
562 1251 607 1287 H.]
621 1251 668 1278 mi.
683 1252 728 1278 τὸν
749 1251 840 1278 Ἠλίαν

63 1296 193 1331 παράδοσις
218 1297 365 1332 μαρτυρεῖ,
387 1296 459 1324 οὕτω
481 1298 529 1324 καὶ
550 1297 654 1325 τοῦτον.
681 1297 737 1324 Καὶ
759 1297 789 1323 τὸ
811 1297 840 1324 ἐν

62 1342 105 1372 τοϊς
119 1342 294 1376 Εὐαγγε).ίοις
317 1342 346 1368 δὲ
372 1343 518 1378 εἰρημένον
539 1344 579 1375 εἰς
598 1343 644 1370 τὸν
663 1343 744 1370 αὑτὸν
766 1344 839 1378 ἡμᾶς

63 1387 112 1413 νοῦν
124 1387 205 1414 ἕλκει.
230 1387 299 1415 Eius
318 1388 368 1423 μὶν
381 1389 436 1424 γὰρ
451 1390 465 1416 ό
481 1389 600 1424 Χριστὸς
614 1389 660 1416 τδν
673 1389 775 1424 τρόπον
790 1389 837 1416 τοῦ

63 1431 181 1466 θανάτου,
207 1433 238 1460 ὂν
263 1433 376 1468 ἔμελλεν
403 1434 474 1468 ὑπὲρ
501 1434 584 1460 αὐτοῦ
615 1434 798 1469 ἀποθνήσκειν
824 1435 839 1460 ό

63 1477 157 1513 Πέτρος
174 1480 188 1506 ό
207 1479 237 1506 δὲ
264 1479 369 1515 Πέτρος
391 1480 437 1506 τὸν
458 1481 556 1507 οἰκεῖον
585 1480 699 1507 θάνατον
719 1480 839 1511 ἀκούσας

62 1523 128 1555 εὐθὺς
153 1525 282 1560 ἐπερωτᾷ
313 1525 378 1560 περὶ
406 1526 453 1552 τοῦ
483 1525 678 1560 εὐαγγελιστοῦ
703 1526 837 1557 Ἰωάννου,

61 1566 126 1601 δῆλον
145 1570 271 1596 κάκείνου
292 1569 342 1596 οὐκ
360 1570 424 1597 ἄλλο
444 1579 470 1596 τι
490 1570 546 1597 ἀλλ’
568 1570 584 1605 ἢ
604 1571 649 1597 τὸν
668 1570 767 1605 τρόπον
791 1570 838 1597 τοῦ

926 1205 1064 1241 Virginem
1098 1209 1207 1237 autem,
1231 1203 1363 1232 Joannem
1396 1204 1436 1231 sie
1466 1211 1619 1238 superesse,
1654 1208 1685 1231 ut

889 1251 1044 1288 postulasti,
1059 1256 1085 1279 et
1102 1251 1194 1279 Enoch
1217 1256 1245 1278 et
1267 1251 1363 1283 Etiam,
1378 1250 1524 1278 traditione
1540 1250 1680 1282 habemus,

890 1302 918 1324 et
935 1297 1006 1332 quod
1022 1297 1049 1324 in
1066 1296 1212 1332 Evangelio
1226 1297 1350 1328 habetur,
1370 1296 1396 1323 in
1417 1297 1488 1323 hunc
1503 1304 1611 1323 sensum
1630 1301 1684 1323 tra-

890 1343 973 1370 hitur.
1000 1343 1072 1370 Dixit
1094 1343 1220 1370 Christus
1251 1351 1302 1378 qua
1331 1347 1418 1370 morte
1446 1348 1517 1370 esset
1537 1343 1684 1370 moriturus

889 1386 1000 1420 Petrus,
1016 1392 1044 1415 et
1059 1387 1228 1421 interrogans
1247 1387 1288 1414 his
1303 1387 1403 1414 auditis
1420 1387 1453 1414 de
1469 1386 1573 1414 Joanne
1593 1388 1684 1414 Evan-

887 1432 995 1468 gelista.
1019 1432 1098 1460 Patet
1123 1432 1213 1466 itaque
1250 1433 1322 1459 hunc
1349 1433 1415 1459 nihil
1443 1432 1514 1459 aliud
1544 1441 1624 1466 quam
1651 1433 1684 1459 de

889 1483 975 1505 morte
1005 1478 1075 1506 illius
1094 1480 1233 1513 qumsisse.
1275 1478 1325 1505 Hic
1361 1485 1446 1505 autem
1473 1479 1585 1513 quidt'?
1613 1477 1684 1507 Nihil

889 1524 961 1551 aliud
974 1525 1006 1552 de
1029 1525 1089 1559 ipso
1101 1532 1133 1552 ex
1160 1524 1300 1551 SaIVatore
1327 1525 1440 1557 audivit,
1461 1524 1514 1552 alio
1531 1525 1685 1559 responsio-

890 1576 951 1596 nem
969 1589 977 1601 ,
994 1568 1117 1600 detorsit,
1142 1574 1269 1603 tanquam
1291 1569 1444 1604 despiciens
1471 1575 1498 1596 et
1518 1569 1593 1596 nihili
1624 1576 1683 1595 eam

62 1611 160 1640 θανάτου
175 1615 257 1642 αὑτοῦ
274 1615 371 1650 μαθεῖν
383 1616 532 1650 ἐπιζητῶν,
551 1602 646 1648 Οὗτος
659 1602 694 1642 δέ
708 1615 730 1632 ⁸⁵
744 1616 791 1648 τί;
807 1617 836 1643 οὺ

893 1613 994 1642 iaciens
1016 1614 1135 1642 doctoris
1151 1615 1183 1641 de
1197 1602 1259 1648 ipso
1277 1602 1444 1649 prophetiam
1465 1624 1471 1641 :
1493 1620 1520 1642 et
1539 1614 1610 1642 Petri
1639 1614 1679 1642 itt-

61 1657 105 1692 γὰρ
117 1658 175 1685 ἄλλο
196 1660 246 1694 μὲν
267 1660 349 1695 ἤκουε
366 1660 442 1696 παρὰ
457 1661 504 1688 τοῦ
521 1661 648 1696 Σωτῆρος
662 1661 726 1696 περὶ
743 1661 837 1692 αὑτοῦ,

61 1703 93 1731 εἰς
111 1704 168 1731 ἄλλο
182 1705 210 1731 δέ
226 1714 254 1732 τι
276 1706 456 1733 ἀνακόλουθον
480 1706 529 1741 τὴν
551 1705 686 1742 ἐρώτησιν
708 1706 836 1742 μετῆγεν,

63 1746 114 1782 [800
124 1749 166 1786 8.]
176 1750 272 1786 ὥσπερ
284 1751 412 1786 παρορῶν
420 1752 467 1779 καὶ
477 1751 554 1787 παρὰ
565 1751 666 1786 φαῦλον
677 1751 838 1785 ποιούμενος

62 1791 100 1826 τὴν
114 1795 156 1820 τοῦ
171 1795 332 1823 διδασκάλου
353 1797 418 1831 περὶ
437 1797 519 1824 αὑτοῦ
542 1797 721 1833 προφητείαν.
738 1797 795 1831 Τῆς
809 1797 837 1823 δὲ

62 1838 98 1863 τοῦ
111 1839 206 1876 Πέτρου
223 1842 386 1877 ὲρωτήσεως
400 1843 465 1878 περὶ
478 1841 525 1869 τοῦ
542 1842 668 1875 θανάτου,
684 1842 713 1869 δν
726 1841 837 1877 ἔμελλεν

62 1883 225 1920 ἀποθνήσκειν
246 1888 268 1903 "
291 1889 305 1914 ὁ
325 1888 463 1924 Ἰωάννης,
490 1889 694 1923 ἐπερωτῶντος.
720 1890 767 1916 καὶ
789 1889 837 1916 τοῦ

63 1929 168 1967 Σωτῆρος
191 1934 315 1965 εἰπόντος
340 1934 413 1961 Ἐὰν
438 1934 532 1961 αὐτὸν
553 1935 629 1962 θέλω
654 1934 757 1969 μένειν
781 1934 837 1968 ἕως

62 1973 176 2009 ἔρχομαι.
196 1979 224 2006 τί
245 1979 322 2012 πρὸς
343 1979 399 2012 σέ;
427 1980 489 2011 Πῶς
515 1980 578 2014 οὐχὶ
602 1980 651 2015 τὴν
681 1979 762 2016 μέχρι
787 1980 837 2015 τῆς

63 2023 193 2056 παρουσίας
214 2025 298 2051 αὑτοῦ
315 2025 448 2060 διαμονὴν
468 2027 485 2061 ἡ
501 2027 615 2062 ἀλήθεια
632 2027 777 2062 προλέγει;
794 2026 836 2053 διδ

63 2065 100 2090 καὶ
111 2066 123 2092 ό
135 2067 161 2094 ὲν
174 2069 262 2103 ἁγίοις
278 2069 412 2105 Κύριλλος
427 2070 456 2097 τὸ
475 2071 640 2099 Ἀκολούθει
649 2080 701 2106 μοι
712 2072 777 2107 περὶ
788 2071 834 2098 τοῦ

63 2109 160 2139 θανάτου
184 2115 231 2141 τοῦ
262 2115 341 2149 ἁγίου
368 2116 473 2151 Πέτρου
502 2116 629 2151 εἰρῆσθαι
658 2116 698 2151 τῷ
727 2116 835 2152 Σωτῆρι

63 2153 191 2192 ὲχδὲχεται.
211 2161 248 2187 Τὸ
260 2161 300 2194 δὲ,
320 2161 362 2188 ὅτι
381 2161 530 2196 Ἐξῆλθεν
545 2163 561 2189 d
577 2163 667 2196 λόγος
684 2159 774 2195 οὗτος
791 2163 835 2196 εἰς

64 2201 120 2234 τοὺς
134 2206 276 2239 μαθητὰς.
300 2206 346 2233 ὅτι
365 2208 382 2234 ὁ
395 2207 534 2242 μαθητὴς
552 2207 668 2240 ἐκεῖνος
686 2209 742 2235 οὐκ
762 2207 835 2235 ἀπο-

63 2245 168 2280 θνήσκει
181 2252 228 2278 ναὶ
241 2251 277 2278 τὰ
294 2251 357 2287 ἑξῆς
376 2253 406 2279 οὐ
423 2253 504 2287 μόνον
523 2252 600 2280 οὐδὲν
616 2252 743 2288 μάχεται,
765 2252 834 2280 ἀλλὰ

64 2291 101 2318 καὶ
123 2296 234 2331 συνᾴδει.
262 2297 299 2324 Οὐ
324 2298 378 2332 γάρ
402 2307 444 2330 τις
470 2299 552 2325 αὐτὸν
576 2299 710 2326 ἀθάνατον
727 2298 749 2315 ⁴⁶
764 2297 834 2326 εἶναι

66 2345 140 2372 φησιν,
158 2341 224 2369 ἀλλὰ
241 2343 382 2378 διαμένειν
398 2345 467 2378 μετὰ
481 2343 568 2380 Ἑνὼχ
589 2345 637 2372 καὶ
653 2345 732 2372 Ἠλία
753 2345 834 2380 μέχρι

64 2382 102 2418 τῆς
125 2385 248 2423 δευτέρας
279 2389 326 2416 τοῦ
358 2391 494 2416 Δεσπότου
522 2390 684 2427 παρουσίαςτ
712 2391 727 2417 ὃ
752 2391 800 2418 καὶ
822 2392 836 2418 ό

67 2428 170 2466 μαθητὴς
184 2434 262 2466 αὐτὸς
276 2434 394 2470 βεϐαιῶν
407 2445 499 2471 φησιν,
514 2436 555 2464 ὅτι
564 2437 626 2464 Οὐκ
638 2435 704 2463 εἷπε
716 2436 750 2463 δὲ
757 2436 836 2469 αὐτῷ

64 2473 77 2497 δ
93 2473 194 2511 Ἰησοῦς
216 2479 260 2506 ὅτι
281 2481 337 2507 οὐκ
357 2481 555 2515 ἀποθνήσκει,
576 2482 644 2509 ἀλλ’
668 2482 723 2509 ἐὰν
743 2481 836 2509 αὐτὸν

65 2516 125 2545 θέλω
136 2523 235 2555 μένειν
249 2524 305 2558 ἕως
318 2526 452 2560 ἔρχομαι,
472 2526 502 2553 τί
516 2529 591 2561 πρὸς
607 2526 660 2559 θές
675 2526 731 2554 Καὶ
750 2535 834 2560 φανε-

66 2561 146 2608 etith
157 2567 185 2593 τὸ
201 2568 250 2603 μὲν
266 2569 400 2597 ἀθάνατον
413 2569 483 2598 εἶναι
495 2572 637 2607 ἀνέτρεψε,
654 2572 683 2598 τὸ
699 2571 728 2598 δὲ
744 2572 834 2608 μένειν

126 2611 170 2645 τῆς
191 2617 341 2650 παρουσίας
363 2617 537 2645 ὲῦεὸαίωοεν.
558 2604 637 2645 iit-6s
657 2618 671 2645 ὁ
693 2604 837 2654 Παμφίλου

68 2650 183 2692 mimos,
204 2660 254 2697 τὴν
273 2662 535 2696 ἐκκλησιαστικὴν
552 2663 665 2698 γράφων
687 2650 835 2697 Ἱστορίαν

893 1660 1074 1695 terrogatione
1105 1661 1138 1687 de
1167 1666 1253 1687 morte
1287 1661 1481 1693 interrogantis
1510 1668 1545 1687 an
1565 1660 1684 1687 Joannes

891 1713 963 1733 esset
979 1707 1140 1733 moriturus:
1169 1710 1196 1734 et
1221 1706 1400 1741 respOadente
1423 1706 1553 1733 Domino:
1572 1705 1601 1733 Si
1624 1713 1683 1732 eun:

892 1751 948 1778 volo
961 1759 1066 1778 manere
1080 1751 1161 1778 donec
1177 1752 1277 1778 veniam
1300 1751 1364 1786 quid
1386 1752 1420 1778 ad
1436 1756 1460 1778 te
1472 1751 1508 1777 tt?
1544 1751 1684 1783 Quomodo

892 1805 944 1825 non
965 1798 1038 1824 illutn
1067 1805 1225 1824 mansurum
1251 1797 1277 1824 in
1297 1797 1367 1824 hunc
1386 1804 1472 1832 usque
1493 1796 1563 1823 diem
1583 1796 1684 1823 veritas

891 1843 1022 1878 prmdieit.
1041 1842 1222 1876 Quamobrem
1242 1842 1336 1869 beatus
1349 1842 1467 1877 Cyrillus
1483 1842 1546 1868 illud
1561 1849 1568 1867 :
1586 1840 1684 1876 Seque-

891 1896 918 1916 re
937 1896 987 1919 me,
1022 1888 1056 1915 de
1073 1892 1159 1915 morte
1173 1887 1245 1914 Petri
1275 1888 1375 1914 dixisse
1405 1887 1543 1915 Christum
1569 1887 1680 1921 accipit.

890 1933 956 1961 illud
971 1938 1079 1960 autem:
1112 1932 1199 1960 Emittit
1224 1941 1309 1959 sermo
1341 1933 1386 1959 ille
1405 1934 1473 1959 inter
1501 1933 1596 1967 fratres
1620 1935 1684 1967 quia

889 1979 1035 2014 discipulus
1048 1979 1103 2013 ipse
1129 1986 1180 2005 non
1201 1979 1314 2005 ntoritur
1333 1984 1355 2010 τ,
1374 1983 1400 2006 et
1423 1987 1482 2013 quae
1513 1983 1681 2014 sequuntur;

890 2031 943 2052 non
958 2023 1037 2051 modo
1051 2023 1118 2051 nihil
1131 2029 1242 2059 pugnat,
1266 2024 1313 2050 sed
1327 2027 1355 2050 et
1371 2029 1524 2051 consonat:
1541 2031 1593 2051 non
1609 2024 1682 2050 enim

889 2070 950 2106 quis
967 2069 1150 2097 immortalem
1179 2070 1289 2102 dixerit,
1310 2069 1357 2097 sed
1373 2076 1485 2097 manere
1508 2077 1569 2096 eum
1588 2070 1680 2097 Euoch

889 2121 916 2144 et
943 2115 1013 2149 Elia,
1034 2123 1125 2150 usque
1161 2115 1193 2142 ad
1218 2116 1366 2142 secundum
1396 2115 1500 2142 Domini
1525 2116 1682 2147 adventum,

888 2160 960 2196 quod
979 2165 1007 2188 et
1028 2161 1177 2195 discipulus
1199 2161 1249 2188 iste
1266 2160 1408 2188 conﬁrmat
1430 2168 1437 2186 :
1453 2160 1486 2187 Et
1508 2169 1559 2187 non
1571 2161 1640 2188 dixit
1655 2161 1680 2188 ei

887 2206 976 2240 Jews,
989 2205 1051 2234 Non
1075 2207 1199 2239 moritur,
1219 2207 1275 2239 sed,
1288 2206 1310 2234 si
1328 2214 1387 2233 eum
1403 2206 1459 2232 uolo
1481 2214 1586 2233 manere
1601 2207 1682 2233 donec

887 2253 1000 2287 veniam,
1011 2252 1074 2288 quid
1088 2252 1122 2279 ad
1139 2257 1163 2279 te
1180 2258 1191 2271 ι
1208 2252 1218 2279 ?
1245 2257 1273 2280 et.
1288 2257 1397 2286 apparet
1408 2251 1479 2286 quod
1499 2252 1681 2279 immortalem

888 2306 948 2327 esse
962 2299 1081 2334 negavit,
1098 2298 1207 2326 Manere
1219 2306 1277 2325 uero
1289 2298 1370 2325 donec
1384 2298 1480 2329 veniat,
1497 2298 1679 2325 conﬁrmavit.

889 2345 918 2373 Si
936 2352 1001 2372 vero
1014 2344 1146 2372 Eusebius
1161 2343 1356 2371 Ecclesiauicw
1378 2343 1494 2377 scriptor
1508 2343 1638 2374 Ιιίιιονὶω,
1654 2349 1682 2370 υι

890 2395 1010 2425 tempora
1027 2391 1124 2426 quibus
1139 2390 1207 2417 vixlt
1228 2389 1390 2421 numeravit,
1415 2389 1447 2416 ad
1471 2397 1554 2424 usque
1571 2389 1680 2423 'l‘rajani

891 2441 1011 2471 tempora
1036 2436 1170 2471 pervenit,
1196 2435 1263 2462 nihil
1291 2434 1427 2470 prohibet,
1457 2434 1566 2461 etiamsi
1593 2435 1677 2462 dicat.

891 2481 947 2509 lloe
964 2482 1151 2517 unusquisque
1166 2485 1254 2509 mente
1269 2481 1410 2516 percipiat,
1429 2484 1557 2515 tanquam
1575 2485 1679 2515 tempo-

890 2536 931 2560 ra,
945 2529 1037 2556 Euoeh
1049 2529 1182 2561 ostendat,
1197 2533 1224 2555 et
1233 2533 1299 2563 quot
1313 2535 1399 2556 annos
1413 2528 1512 2555 vixerit
1524 2535 1609 2555 sacrae
1624 2527 1679 2555 Lit-

891 2578 956 2602 terae
969 2574 1041 2602 clare
1058 2575 1211 2602 ostendunt.
1231 2573 1284 2601 Sed
1303 2581 1354 2601 non
1383 2579 1525 2609 propterea
1539 2575 1601 2609 quis
1630 2574 1676 2607 ju-

892 2624 950 2647 stus
969 2620 1172 2648 translationem
1189 2627 1249 2647 cum
1265 2627 1377 2653 corpore
1393 2619 1566 2647 iuﬁciabitur.
1579 2618 1677 2655 254!)

889 2664 957 2693 Huic
981 2665 1122 2693 sententia:
1142 2665 1319 2693 consentiunt
1347 2664 1468 2692 actiones
1488 2663 1578 2691 dilecti
1594 2663 1677 2690 Joan-

92 2714 103 2726 ⁵
116 2709 191 2740 ICor.
207 2722 251 2749 xv,
262 2715 306 2743 55.
345 2720 359 2741 Ρ
372 2715 449 2744 Joan.
464 2716 577 2749 xxt,‘2l.
614 2722 628 2743 tt
644 2717 708 2745 ibid.
725 2717 771 2745 22.
811 2723 821 2737 ι
840 2719 905 2747 ibid.
924 2719 971 2748 9.5.
1010 2723 1021 2738 '
1035 2721 1100 2748 ibid.

697 2760 812 2789 VARIIE
829 2761 1029 2791 LEC'I'IONES.

95 2797 114 2814 “
127 2800 172 2841 Gtt]
189 2804 196 2830 t
207 2804 267 2834 Cor.
281 2815 325 2841 xv,
347 2808 391 2836 55.

70 2807 114 2860 ω’·
127 2807 172 2842 οιιι
189 2807 267 2834 lCor.
281 2815 325 2841 xv,
347 2808 391 2836 55.
444 2808 466 2824 "
485 2807 662 2844 μεταϐάλλειν
676 2819 705 2843 ς.

98 2853 103 2860 .
115 2838 185 2866 αυτὸν
198 2849 226 2873 ς.

758 2810 780 2827 ⁸⁸
791 2806 837 2838 οὓς

893 2811 968 2840 Joan.
991 2819 1047 2844 XXI,
1064 2810 1108 2840 21.
1148 2811 1170 2827 ⁸⁵
1182 2809 1293 2846 ἔμελλεν
1310 2809 1434 2845 Ἰωάννης
1448 2808 1629 2845 ἀποθνήσκειν
1644 2817 1675 2842 g-
