1920 3090
57 158 105 190 993

572 159 837 191 BIBLIOTHECA.
849 173 883 179 —
900 161 981 193 COD.
997 163 1150 196 CCXXIX.

1634 174 1687 208 994

57 214 91 247 τὸ,
102 213 289 246 ἐσκήνωσεν,
307 212 477 240 ἀναπτύσσει
493 215 644 250 σαφήνειαν
662 213 797 248 εἴναιτοῦ,
816 216 825 240 Ἰ

880 221 953 251 _tum
974 224 1035 246 esse
1054 218 1134 252 ejus:
1154 219 1266 249 Verbum
1286 231 1348 250 cmo
1362 226 1462 259 factum
1478 231 1526 259 ut,
1544 231 1573 254 et
1596 236 1688 263 repre-

57 260 141 293 Λύγσς
153 258 235 292 σὰρξ
258 258 387 294 ἐγένετο,
411 258 458 286 καὶ
472 259 582 295 ἔλεγχον
594 259 648 287 τῶν
662 262 765 297 τροπήν
780 270 841 289 τινα

57 306 96 332 κει
118 305 263 331 ἀλλοίωσιν
285 304 333 331 τοῦ
362 304 450 340 Λόγου
480 306 633 341 μελλόντων
663 309 837 344 κατηγορεῖν.

57 351 111 387 [805
134 350 180 386 IL]
193 351 250 378 Καὶ
269 352 324 386 γὰρ
343 351 455 379 εἰπὼνὸ
474 352 684 389 εὐαγγελιστήςο
707 353 740 381 '0
748 354 839 388 λόγος

55 396 124 430 σὰρξ
141 396 270 430 ἐγένετο,
286 398 369 430 εὐθὺς
397 398 510 434 συνῆψε,
529 399 584 426 Καὶ
603 399 782 434 ἐσκήνωσεν
803 400 839 427 ἐν

55 442 126 477 ἡμὶν,
144 443 192 478 τήν
209 451 241 469 τε
263 444 305 476 εἰς
331 444 396 479 μίαν
421 444 572 473 ὑπόστασιν
601 445 711 473 σύνοδον
731 446 780 472 καὶ
808 447 839 473 τὸ

56 488 231 524 ἀμετάϐλητον
250 490 300 526 τῆς
322 490 346 506 ⁷³
374 491 508 526 ἑκατέρας
529 490 637 526 φύσεως
652 492 685 518 δι’
705 492 840 528 ἑκατέρας

56 534 210 562 ἐκδιδάσκων
229 537 333 572 φωνῆς.
351 537 429 564 Οὖτω
452 538 483 564 τδ
502 538 600 572 Λόγιον
618 538 774 575 θεωρήσας,
792 539 838 566 τόν

893 264 1052 292 hensionem
1064 267 1242 295 mutationem
1255 275 1337 304 atque
1348 271 1538 300 alterationem
1552 272 1632 301 Verbi
1646 283 1688 303 ae-

891 310 1037 338 eusaturis.
1054 311 1124 340 Dicit
1138 314 1210 341 enim
1228 316 1412 351 evangelista:
1433 317 1543 345 Verbum
1564 328 1627 346 caro
1644 321 1687 354 fa-

890 360 958 381 rtum
968 361 1017 389 est,
1028 358 1118 385 statim
1130 360 1232 394 subdit,
1244 360 1275 388 Et
1286 361 1413 390 habitauit
1424 364 1452 391 in
1463 366 1555 398 nobis;
1567 366 1593 393 in
1605 374 1686 394 unam

891 407 1037 435 personam
1054 410 1228 440 conventtun,
1244 413 1271 435 et
1293 409 1354 436 inde
1367 412 1524 439 mutabilem
1542 419 1687 449 utramque

891 453 1017 477 naturam
1042 455 1159 487 utraque
1183 455 1324 489 explicans
1344 464 1421 485 voce.
1447 458 1493 486 Sic
1515 459 1685 494 Scripturam

890 497 1101 532 contemplatus,
1111 498 1336 535 Chrysomomnm
1347 508 1443 530 testem
1454 505 1574 538 adhibet,
1582 511 1609 533 et
1618 514 1687 541 prte-

891 546 966 570 terea
975 542 1118 579 Cyrillum,
1127 546 1317 580 Athanasium,
1327 548 1348 576 G
1355 550 1490 583 regorium
1504 550 1684 587 Theologum.

55 590 77 608 τε
99 583 292 619 Χρυσόστομου
319 585 446 621 μάρτυρα
469 585 548 612 καλεῖ
561 586 607 613 καὶ
619 586 668 613 σὺν
689 586 767 622 αὑτῷ
790 586 924 624 Κύριλλον
961 591 1010 618 καὶ
1042 592 1204 622 Ἀθανάσιον
1229 595 1340 623 καὶτὸν
1359 597 1490 633 Θεολόγον
1523 583 1683 636 Γρηγόριον,

56 630 241 665 παραπλησίως
250 631 281 658 τὸ
299 631 381 667 ῥητὸν
396 633 590 668 ὲννοήσαντας.

81 676 208 703 Κάκεῖθεν
243 677 325 704 πάλιν
351 677 470 713 παράγει
492 678 573 714 ῥητὰ,
599 676 636 705 ὧν
662 679 765 714 Δόμνος
788 680 836 707 καὶ

55 721 166 757 Ἰωάννης
177 723 355 759 γεννήτορες,
365 723 412 750 καὶ
423 724 561 751 δείκνυσιν
572 725 671 756 αὐτοὺς
683 726 717 752 δι’
731 727 835 754 ἑαυτῶν

53 768 90 793 ni
103 767 219 799 ἄκοντας
242 769 386 804 ὁμολογεῖν
407 770 437 796 ἐν
456 771 514 802 τοῖς
531 771 669 803 πλείστοις
686 772 703 799 ἆ
716 773 763 800 καὶ
775 774 792 808 ὴ
805 775 835 800 ἐν

53 813 188 848 Καλχηδόνι
202 814 317 846 ἐδόξασε
332 815 450 848 συνόδος,
464 817 511 843 καὶ
523 817 612 852 μάτην
624 818 722 850 αὑτοὺς
733 819 834 854 ταύτην

53 859 230 892 ἐκτρέπεσθαι.
261 861 297 887 Τὸ
315 861 408 896 μέντοι
418 861 509 896 λέγειν
525 863 557 888 ἐκ
575 862 622 889 δύο
636 863 743 898 φύσεων
764 862 833 891 εἶναι

53 907 88 932 ςδν
105 906 205 942 Κύριον
221 906 303 942 ἡμῶν
321 907 426 942 Ἰησοῦν
439 907 504 944 [422
517 908 562 944 11.]
579 909 696 944 Χριστὸν
717 909 770 945 πρὸ
783 910 832 945 τῆς

925 681 991 709 llinc
1006 691 1113 710 rursum
1133 684 1206 711 dicta
1220 684 1308 717 aﬂ‘erl.
1326 694 1442 721 quorum
1460 694 1587 718 auctores
1604 692 1684 720 Dom-

887 734 939 754 nus
961 732 985 754 et
1000 727 1098 764 2560
1118 728 1247 763 Joannes,
1275 736 1302 759 et
1330 734 1448 761 ostendit
1468 735 1538 770 ipsos
1569 744 1617 772 per
1642 746 1682 771 se,

886 772 967 798 etiam
987 773 1096 804 invitos,
1116 773 1197 801 fateri
1227 776 1297 803 inter
1326 777 1435 811 multos,
1457 787 1517 814 quae
1548 781 1574 808 in
1604 790 1682 812 sacra

887 815 1103 845 Cltalcedonensi
1119 820 1222 854 synodo
1236 821 1343 849 decreta
1364 827 1437 855 sunt,
1459 831 1485 850 et
1506 830 1606 854 temere
1624 827 1682 856 hmc

888 862 961 897 ipsos
978 863 1124 892 invertere.
1141 865 1206 893 lllmi
1224 868 1335 902 quidem
1350 876 1480 903 asserere,
1496 870 1588 900 Jesum
1606 873 1683 902 Chri-

888 913 958 936 stum
976 917 991 936 c
1004 910 1106 938 duabus
1135 914 1240 941 naturis
1258 920 1385 942 constare
1414 916 1496 944 etiatn
1524 924 1587 947 ante
1604 921 1682 948 unio-

54 952 161 984 ἐνώσεως
187 953 333 985 παντελῶς
354 953 460 989 ἐλέγχει
483 955 552 989 μετὰ
566 955 616 990 τῆς
635 944 763 988 ἀσεϐείας
785 944 825 982 md

889 962 962 988 nem,
990 956 1101 992 impiutn
1120 959 1228 993 penitus
1255 964 1282 988 et
1309 961 1456 989 absurdum
1472 971 1533 991 esse
1550 965 1679 994 declarat.

51 998 141 1033 ἄλογον.
162 999 195 1025 Ἦ
209 999 262 1035 μὲν
277 999 332 1035 γὰρ
355 999 403 1026 τοῦ
417 1000 506 1034 Λόγου
534 1001 614 1035 φύσις
627 1001 683 1035 ἀεὶ,
698 1002 770 1029 καθὰ
785 1002 832 1029 κατι⁵

53 1044 109 1078 μετὰ
119 1044 165 1080 τὴν
179 1044 393 1080 ὲνανορώπησιν
406 1044 441 1079 ⁸ο,
462 1046 599 1077 συναῖδιος
618 1047 666 1074 καὶ
688 1047 832 1081 ὀμοούσιος

52 1089 142 1125 ὑπῆρχε
157 1089 196 1125 τῷ
218 1090 309 1126 Πατρί
321 1098 328 1105 ·
355 1091 412 1126 ἡδὲ
428 1090 497 1128 σὰρξ
521 1091 598 1118 οὑπω
622 1092 661 1128 τῷ
677 1092 756 1128 Λόγῳ
773 1102 832 1120 συν-

51 1135 152 1169 αφϐεἰσα
169 1136 233 1163 οὑδὲ
251 1137 304 1162 τῶν
322 1136 501 1173 ὑπαρχόντων
515 1137 584 1169 ὅλως
597 1135 641 1173 ἦν.
659 1138 722 1170 Πῶς
731 1138 788 1171 οὖν,
806 1140 830 1166 εἰ

54 1181 83 1216 μή
93 1189 129 1213 τις
148 1181 239 1208 ἕλοιτο
262 1182 405 1217 Νεστορίῳ
429 1184 600 1215 συνασεϐεῖν,
617 1185 648 1211 ἐκ
661 1184 708 1211 δύο
722 1185 830 1220 φύσεων

51 1227 86 1254 τον
102 1227 200 1263 Κύριον
224 1227 279 1264 πρὸ
298 1228 348 1263 τῆς
374 1228 638 1266 ἐνανθρωπήσεωςῆ
659 1232 727 1258 νοεῖν
746 1231 762 1266 ἢ
785 1231 829 1258 λέ-

51 1281 97 1306 raw
110 1274 241 1308 Buvutdv;
265 1274 295 1301 τὸ
318 1275 411 1309 μέντοι
425 1283 456 1310 γε
473 1276 543 1311 μετὰ
559 1276 608 1311 τὴν
625 1276 722 1304 ἕνωσιν
740 1277 829 1312 λέγειν

50 1319 75 1346 ὲκ
93 1320 136 1347 δύο
159 1321 281 1355 φύσεων,
316 1321 411 1356 ὥσπερ
436 1322 483 1348 καὶ
501 1323 530 1348 ὲν
552 1322 623 1354 δυσὶ,
643 1322 687 1349 τὸν
713 1323 829 1359 Χριστὸν

51 1366 146 1401 θεωρεῖν
173 1367 288 1398 εὐσεϐές
305 1375 335 1393 τε
351 1367 467 1395 καὶτῶν
487 1367 635 1403 ὀρθοδὸξων
656 1369 797 1405 φρόνημα,
814 1370 828 1396 ὃ

51 1414 87 1439 καὶ
99 1414 114 1449 ἡ
128 1415 155 1440 ὲν
174 1413 331 1448 Χαλκηδόνι
345 1414 514 1449 ἐπρέσϐευσε
528 1414 637 1445 σύνοδος
649 1423 655 1430 ·
675 1415 704 1441 ὲν
721 1415 827 1451 θεότητι

50 1460 95 1493 γὰρ
105 1460 203 1486 τέλειον
215 1460 263 1486 τὸν
283 1460 402 1495 Χριστὸν
426 1460 474 1486 καὶ
490 1460 556 1487 Θεὸν
572 1461 651 1496 ἡμῶν
670 1462 716 1488 καὶ
736 1462 764 1488 ὲν
778 1463 827 1490 ἀνα

51 1503 188 1540 ῦρωπότητι
216 1505 327 1541 τρανῶς
356 1505 538 1541 ἀνεκήρυξεν.
558 1507 589 1533 Ει
618 1507 645 1533 δέ
659 1515 702 1539 τις
728 1508 827 1544 μέρους

52 1551 96 1577 τῶν
112 1553 162 1579 ἀπὸ
178 1553 301 1588 Σεὸήρου
320 1553 387 1588 φαίη
406 1553 443 1585 ὡς
460 1553 484 1580 εἰ
510 1553 533 1569 ⁸¹
555 1553 601 1580 δύο
622 1553 717 1588 φύσεις
740 1555 768 1581 ἐν
787 1555 826 1589 τῷ

50 1597 155 1633 Χριστῷ,
176 1599 225 1625 καὶ
250 1599 385 1633 πρόσωπα
400 1598 447 1625 δύο
462 1599 538 1626 ἔσται
553 1599 576 1615 ⁸¹
602 1600 648 1626 καὶ
664 1600 826 1632 ὑποστάσεις

50 1644 127 1677 (φύσις
140 1645 193 1680 γὰρ
204 1646 256 1672 οὐκ
270 1645 345 1671 ἐστιν
359 1645 526 1681 ἁπρόσωπος
543 1645 604 1672 οὑδὲ
616 1645 825 1681 ἀνυπόστατος),

51 1689 151 1717 ἴστωσαν
167 1691 207 1718 ὃτι
238 1690 286 1718 τοῦ
313 1691 419 1727 Πατρδς
438 1691 528 1718 αὐτῶν
552 1692 604 1727 τὴν
630 1692 826 1728 ἀσχημοσύνην

50 1733 271 1768 ἀνακαλύπτοντες
290 1736 341 1763 οὐκ
366 1736 540 1763 αἰσθάνονται
554 1744 561 1751 ·
583 1737 632 1764 καὶ
646 1737 700 1773 γὰρ
713 1738 761 1764 καὶ
776 1739 825 1764 Σε-

50 1777 167 1815 ὒῆροςζτὴ
181 1781 214 1808 ὲκ
236 1780 284 1807 δύο
303 1780 412 1816 φύσεων
433 1780 531 1815 λέγων·
545 1781 577 1807 ὲκ
600 1781 647 1808 δύο
670 1781 825 1817 προσώπων

50 1826 87 1851 καὶ
103 1825 145 1852 δύο
163 1827 342 1854 ὑποστάσεων
370 1827 416 1854 τὸν
429 1827 547 1862 Χριστὸν
567 1827 617 1854 οὐκ
631 1828 745 1864 ἐρυθριᾷ
761 1837 824 1855 συν-

50 1869 135 1898 τιθέναι
148 1873 195 1899 καὶ
215 1873 428 1908 ἀποφαίνεσθαι.
454 1873 528 1908 Πλὴν
544 1873 646 1900 εἰδέναι
661 1883 692 1908 γε
715 1874 767 1910 χρὴ
786 1874 824 1906 ὡς

51 1916 118 1943 πολλὰ
144 1918 198 1945 τῶν
225 1920 255 1945 ὲν
281 1920 338 1951 τοῖς
358 1916 418 1946 οὖσι
452 1918 533 1954 φύσις
559 1921 608 1955 μὲν
626 1919 745 1954 λέγεται,
773 1920 824 1948 οὐκ

49 1961 72 1993 ἐξ
95 1963 211 2000 ἀνάγκης
235 1965 264 1991 δὲ
286 1966 442 2000 συνεισάγει
461 1966 509 1992 καὶ
537 1966 697 2001 πρόσωπον,
728 1966 822 2002 ὥσπερ

50 2007 114 2040 ιρύσις
134 2010 228 2042 ὓδατος
247 2012 304 2046 iuni.
332 2011 414 2046 φύσις
434 2012 519 2047 ὀργῆς
533 2012 581 2038 καὶ
596 2012 676 2046 φύσις
701 2012 821 2048 πολέμου

49 2053 86 2079 καὶ
98 2056 180 2090 μάχης
193 2065 201 2073 ·
215 2057 269 2084 ποῦ
281 2058 335 2093 γάρ
347 2066 390 2089 τις
401 2057 457 2084 τῶν
468 2058 622 2093 εἰρημένων
637 2058 714 2091 ποτὲ,
727 2059 821 2095 ὥσπερ

49 2096 97 2126 εἷπε
115 2101 202 2136 φύσιν¹
226 2103 299 2130 οὔτω
318 2106 367 2130 καὶ
387 2102 544 2139 πρώσωπον
574 2104 750 2140 ἁπελήρησε;
774 2106 820 2132 καὶ

49 2145 114 2173 πάλιν
127 2149 205 2183 φύσιν
224 2149 275 2185 μὲν
291 2150 381 2185 ψυχῆς
394 2150 442 2177 καὶ
459 2150 540 2185 φύσιν
562 2150 687 2186 σώματος
703 2151 820 2179 ἕκαστον

49 2191 89 2218 τῶν
99 2193 245 2230 ἀνθρώπων
255 2195 330 2229 ἔχειν
342 2194 460 2230 λέγομεν
473 2203 480 2210 ·
495 2195 642 2232 πρόσωπον
658 2195 686 2222 δὲ
697 2195 785 2232 ψυχῆς
801 2197 818 2233 ἢ

49 2237 171 2271 πρόσωπον
198 2240 336 2276 σώματος,
358 2241 492 2277 ῆῖψυχῆς
509 2241 660 2270 ὑπόστασιν
685 2242 703 2279 ἦ
727 2243 819 2279 σώμα-

49 2289 82 2314 τος
93 2284 141 2312 οὐδ’
153 2287 177 2314 οἱ
200 2286 282 2322 μῦθοι
297 2287 499 2314 άνεπλάσαντο.

86 2329 126 2356 Οτι
138 2331 165 2358 δὲ
177 2331 224 2359 δύο
235 2332 343 2367 φύσεων
355 2333 453 2360 ἕνωσιν
465 2333 512 2360 καὶ
524 2333 588 2368 μίαν
603 2333 753 2361 ὑπόστασιν
769 2335 817 2362 καὶ

50 2374 171 2408 πρόσωπον
179 2377 208 2404 ἓν
218 2378 359 2413 ὁμολογεῖν
367 2378 414 2405 τοῦ
424 2379 505 2414 ὀρθοῦ
517 2379 691 2415 φρονήματός
699 2380 757 2407 ἐστι
769 2380 816 2407 καὶ

50 2419 89 2445 τῶν
104 2421 230 2459 Πατέρων
254 2424 386 2460 κήρυγμα
397 2445 405 2458 ,
429 2424 554 2460 Ἰωάννης
571 2425 620 2460 μὲν
633 2426 647 2452 ὁ
661 2426 816 2461 Χρυσόστο-

50 2467 135 2499 me
148 2470 216 2497 κατὰ
235 2469 361 2506 Ἰωάννην
382 2470 562 2497 ἀναπτύσσων
580 2471 764 2506 Εὑαγγέλιον,
785 2473 815 2500 ἐν

49 2510 157 2550 ἑνδεκάτῃ
170 2515 264 2551 ὁμιλίᾳ
281 2517 430 2552 μαρτυρεῖ,
441 2516 547 2551 λέγων’
563 2516 687 2544 Ἑνώσει
707 2517 755 2544 καὶ
777 2516 815 2552 τῇ

49 2562 173 2595 συναφείᾳ
180 2562 214 2589 ἓν
220 2562 306 2589 ἐστιν
314 2564 330 2590 ό
337 2563 409 2596 Θεὸς
416 2563 511 2598 Λόγος
517 2564 565 2590 καὶ
572 2563 590 2598 ἡ
601 2563 690 2598 σὰρξ,
698 2565 734 2591 οὺ
741 2571 815 2599 συγ-

49 2603 144 2639 χύσεως
156 2609 317 2644 γενομένης·
339 2609 410 2636 οὐδὲ
423 2610 594 2645 ἀφανισμοῦ
607 2610 666 2638 τῶν
688 2609 810 2638 οὐσιῶν.

50 2647 91 2692 Kai-
102 2651 225 2687 Κύριλλος
236 2655 264 2681 δὲ
279 2655 308 2681 ὲν
319 2656 352 2691 τῇ
369 2655 437 2691 πρὸς
459 2656 645 2689 ’Λνατολικοὺς
659 2657 788 2692 ἐπιστολῇ
802 2664 810 2673 ·

49 2691 138 2732 arma
145 2701 248 2735 Κύριος
256 2701 377 2735 Ἰησοῦς
384 2701 522 2736 Χριστὸς,
531 2702 613 2737 χᾶνὴ
623 2701 682 2730 τῶν
687 2691 810 2738 φύσεων

47 2740 79 2784 μὴ
87 2741 217 2780 ἀγνοῆται
226 2746 362 2782 διαφορά.
372 2747 428 2774 Καὶ
443 2748 604 2784 Ἀμΰρόσιος
614 2749 627 2775 ὁ
636 2748 808 2776 Μεδιολάνων

49 2783 70 2809 ιν
81 2787 111 2822 τῷ
158 2791 224 2828 Περὶ
238 2793 443 2830 ἀνορωπήσεως
456 2783 543 2829 λόγω·
557 2793 633 2828 Τοὺς
643 2793 726 2829 δὲμὴ
735 2795 805 2829 δμο-

829 2287 857 2318 D

887 1000 1003 1036 Semper
1025 1003 1097 1030 enim
1115 1004 1194 1032 Verbi
1216 1011 1312 1033 natura
1328 1012 1354 1034 et
1371 1008 1454 1036 veluti
1470 1015 1531 1043 post
1551 1011 1680 1040 incarna-

887 1047 986 1074 tionem
1005 1052 1140 1077 cozeterna
1160 1051 1231 1078 l‘atri
1247 1056 1274 1079 et.
1288 1054 1530 1083 consubstantialis
1548 1056 1610 1084 fuit.
1625 1057 1680 1085 Sed

886 1100 1104 1128 nunquamearo
1134 1096 1222 1125 Verbo
1238 1099 1324 1132 unita,
1353 1107 1442 1134 neque
1470 1102 1676 1132 subsistentium

886 1138 988 1174 integre
1002 1145 1070 1168 erat.
1087 1141 1229 1174 Quomodo
1241 1144 1335 1178 igitur,
1356 1146 1408 1173 nisi
1423 1147 1485 1182 quis
1502 1156 1563 1175 eum
1579 1149 1675 1178 Nesto—

885 1185 925 1213 rio
942 1186 1052 1218 sentiat,
1070 1187 1126 1215 ﬁeri
1139 1193 1227 1220 potest
1242 1197 1258 1217 e
1269 1191 1374 1219 duabus
1389 1194 1504 1226 naturis,
1532 1199 1677 1231 antequam

884 1229 1083 1264 incarnaretur,
1110 1231 1252 1260 Dominutn
1270 1236 1389 1268 cogitare
1406 1237 1446 1265 vel
1463 1238 1554 1266 dicere
1577 1248 1585 1267 :
1603 1229 1676 1275 pium

883 1276 992 1310 quidem
1011 1283 1052 1306 est
1065 1284 1092 1306 et
1108 1280 1288 1308 orthodoxum
1302 1289 1362 1317 post
1378 1284 1505 1312 unionem
1516 1285 1571 1320 jam
1585 1294 1601 1314 e
1615 1287 1678 1314 dna-

883 1321 936 1350 bus
955 1324 1061 1351 naturis
1094 1325 1198 1353 factum
1229 1327 1330 1360 dicere,
1360 1331 1588 1364 quemadmodum
1614 1340 1676 1360 eum

882 1368 1011 1398 vidimus.
1027 1369 1084 1399 Hoc
1101 1377 1128 1398 et
1137 1378 1340 1400 sacresanetum
1357 1375 1503 1403 concilium
1520 1376 1673 1406 Chalcedo-

883 1422 967 1443 nonse
983 1416 1139 1451 conﬁrmat,
1165 1418 1241 1447 clare
1258 1424 1281 1447 et
1307 1421 1446 1449 evidenter
1470 1423 1628 1456 ostendens,
1646 1425 1673 1452 in

883 1461 1024 1489 divinitate
1038 1463 1186 1497 perfectum
1203 1464 1343 1493 Christum
1359 1472 1387 1494 et
1405 1467 1432 1494 in
1448 1468 1627 1497 humanitate.
1643 1470 1673 1498 Si

882 1508 942 1541 quis
977 1515 1059 1543 porro
1084 1509 1247 1538 Severianus
1278 1512 1377 1540 dixerit
1406 1514 1474 1541 duas
1502 1520 1613 1543 naturas
1647 1517 1673 1544 in

882 1554 993 1581 Christo
1009 1556 1076 1583 duas
1088 1564 1222 1590 personas
1247 1560 1423 1592 constituere,
1450 1565 1477 1587 et
1502 1562 1673 1596 hypostases,

882 1604 979 1626 natura
995 1601 1066 1628 enim
1079 1602 1138 1629 sine
1165 1611 1282 1637 persona
1298 1612 1349 1631 non
1365 1610 1417 1638 est,
1434 1614 1522 1642 neque
1536 1615 1589 1635 non
1608 1611 1673 1636 sub—

878 1646 978 1673 sistens
999 1656 1006 1674 :
1031 1647 1120 1674 sciant
1136 1648 1226 1676 Patris
1237 1650 1278 1677 sui
1295 1650 1488 1685 impudentiam
1503 1653 1673 1682 absconden-

879 1695 929 1724 tes,
947 1699 998 1720 non
1011 1697 1099 1720 tamen
1111 1702 1218 1728 sapere.
1234 1695 1340 1723 Etenim
1357 1697 1476 1725 Severus
1492 1706 1544 1725 non
1561 1699 1672 1728 erubuit

877 1745 1013 1773 exponere
1032 1744 1060 1766 et.
1080 1741 1277 1774 demonstrare,
1297 1750 1312 1769 e
1327 1743 1430 1770 duabus
1444 1745 1560 1777 naturis,
1577 1752 1671 1779 perso-

877 1784 929 1818 nis,
943 1785 1186 1822 hypostusibusque
1199 1788 1303 1815 duabus
1315 1788 1452 1817 Christum
1465 1792 1602 1825 componi.
1613 1791 1670 1819 Nisi

876 1832 946 1865 quod
962 1833 1104 1859 sciendum
1121 1833 1165 1865 sit,
1180 1834 1281 1868 saepius
1295 1835 1321 1862 in
1337 1835 1447 1862 antibus
1459 1840 1586 1863 naturam
1602 1837 1667 1872 dici,

875 1884 928 1904 non
945 1879 1099 1905 necessario
1120 1883 1208 1907 tamen
1228 1880 1325 1908 adduci
1348 1885 1376 1908 ct
1395 1889 1556 1916 personam,
1587 1883 1668 1912 veluti

874 1932 950 1959 aquae
963 1932 1068 1959 natura,
1081 1927 1138 1960 ine,
1156 1927 1229 1960 belli,
1245 1935 1404 1963 pugnaeque.
1419 1928 1482 1963 Ubi,
1501 1938 1603 1966 quaeso,
1616 1931 1668 1958 ali-

874 1970 936 2004 quis
956 1978 970 1997 e
987 1971 1124 2005 prtedictis
1144 1977 1173 2000 ut
1189 1978 1316 2001 naturain
1342 1975 1378 2001 ita
1407 1983 1550 2009 personant
1567 1981 1668 2005 temere

873 2016 1040 2050 appellavit?
1065 2022 1091 2045 et
1116 2026 1236 2052 rursum,
1261 2020 1375 2047 dicimus
1394 2021 1514 2056 singulos
1542 2021 1667 2052 homines

872 2063 970 2090 animae
987 2067 1124 2097 naturam,
1142 2071 1168 2092 et
1186 2071 1310 2093 naturam
1326 2068 1447 2102 corporis
1459 2067 1561 2097 habere
1580 2078 1587 2096 :
1604 2070 1666 2096 ani-

872 2115 923 2135 mae
950 2113 1043 2137 autem
1070 2117 1215 2145 personam
1231 2116 1258 2139 et
1278 2113 1413 2148 corporis,
1431 2113 1474 2141 vel
1488 2115 1586 2142 auium:
1601 2115 1665 2142 sub-

871 2155 1038 2190 sistentiam,
1050 2157 1093 2185 vel
1108 2159 1229 2193 corporis
1250 2159 1361 2192 habere,
1378 2167 1411 2187 ne
1434 2160 1531 2189 fabula:
1555 2161 1664 2197 quidem

871 2200 1020 2230 tinxerunt.
1315 2217 1319 2219 λ

907 2333 960 2361 Sed
976 2334 1089 2361 duarum
1101 2338 1260 2361 naturarum
1281 2341 1419 2368 umonem,
1439 2342 1519 2362 unam
1536 2335 1660 2372 byposta-

871 2380 924 2411 sin,
941 2376 1079 2415 unamque
1094 2387 1239 2415 personam
1265 2379 1405 2415 conﬁteri,
1419 2380 1500 2416 idque
1517 2384 1590 2417 pium
1607 2387 1659 2416 est,

869 2432 945 2460 aeque
961 2432 1116 2454 sanctorum
1131 2425 1242 2454 Patrum
1257 2427 1405 2455 sententia.
1432 2426 1552 2456 Joannes
1574 2428 1661 2464 Chry-

868 2476 1003 2499 sostomus
1032 2472 1139 2507 quidem
1165 2470 1278 2499 Joannis
1303 2473 1476 2508 evangelium
1507 2481 1658 2510 exponens,

867 2516 1008 2544 undecima
1025 2517 1134 2545 homilia
1149 2518 1190 2545 sic
1203 2517 1284 2545 habet
1300 2526 1306 2545 :
1326 2516 1428 2546 Uuione
1438 2524 1463 2546 et
1474 2520 1657 2555 conjunctione

867 2562 938 2590 Deus
959 2562 1071 2590 Verbum
1087 2570 1110 2591 el
1126 2572 1188 2591 mro
1203 2572 1285 2592 unum
1297 2570 1370 2599 mut,
1386 2566 1460 2593 nulla
1475 2566 1547 2601 facta
1564 2568 1657 2602 confu-

867 2609 950 2642 sione,
982 2610 1106 2645 nullaque
1139 2610 1349 2637 subslanliarum
1377 2612 1543 2646 corrupione.
1574 2613 1658 2648 quue

871 2660 987 2683 testatur
1001 2657 1027 2683 in
1053 2657 1166 2691 epistola
1180 2656 1213 2683 ad
1240 2655 1393 2684 Orientales
1421 2657 1538 2693 Cyrillus
1557 2667 1564 2685 :
1586 2659 1654 2692 Etsi,

864 2702 961 2737 inquit,
972 2702 1152 2737 diversitaslsit
1165 2707 1319 2729 naturarum
1330 2704 1429 2736 ignota,
1440 2710 1508 2729 unus
1520 2707 1604 2730 tamen
1616 2709 1655 2731 est

863 2748 995 2776 Christus.
1013 2748 1045 2776 Et
1055 2748 1194 2776 Mediolani
1206 2747 1304 2783 257a
1317 2748 1411 2782 ivra-sul
1422 2748 1580 2776 Ambrosius
1591 2755 1656 2777 ora-

865 2793 937 2821 tione
951 2793 988 2821 De
1005 2794 1190 2822 incarnatione
1209 2803 1215 2821 :
1233 2794 1285 2821 Eo;
1302 2799 1388 2821 autem
1402 2795 1654 2824 excommunicatio-

680 2839 799 2868 VARUE
815 2839 1016 2869 LECTIONES.

74 2877 90 2893 "
103 2880 144 2916 τῆς
172 2891 225 2912 om.
239 2884 272 2912 Δ.

328 2885 351 2902 ³ο
364 2885 540 2923 ἁνθρώπησιν
555 2897 586 2921 ς.
624 2889 645 2905 ⁸¹
659 2888 682 2915 εἰ
693 2887 714 2914 Α
731 2896 739 2915 :
754 2888 782 2916 al
796 2897 827 2920 ς.

865 2887 889 2904 θ’
906 2887 984 2914 ἔσται
996 2895 1026 2918 ς.
