1920 3092
30 132 84 166 1025

28 230 84 265 ὑπὲρ
103 226 137 255 ὧν
157 229 256 264 ᾐτιάθη
280 229 379 262 διδοὺς,
395 230 504 265 πρῶτον
526 232 578 267 μὲν
600 233 793 268 περιειλῆφοαι

27 276 97 303 πάντα
114 275 192 310 φησὶν
208 275 256 301 ἐπὶ
273 275 428 309 κεφαλαίων
440 277 496 308 τοῖς
512 277 663 308 συνοδικοῖς
680 278 698 305 ἃ
719 278 791 312 ἔδοξε

28 321 235 356 παραλελεῖφθαι,
257 320 329 357 πλὴν
359 321 530 357 πλατύτερον
549 323 597 349 καὶ
628 323 676 350 νῦν
705 324 793 351 είπεῖν

28 368 78 403 περὶ
93 367 176 393 αὐτῶν
194 367 300 402 μηδένα
325 367 418 394 λαϐεῖν
442 367 532 395 δκνον.
550 368 636 396 Τοῦτο
660 370 690 396 δὲ
710 379 795 397 σπου-

28 414 91 444 tatu;
109 414 129 429 ³⁸
143 421 172 439 τε
188 414 237 439 καὶ
254 413 407 448 θεοφρόνως
428 414 563 442 ἐπιτελῶν
580 416 620 447 εἰς
637 415 667 442 τὸ
684 416 795 452 ἄριστόν

29 468 50 485 τε
60 459 97 484 καὶ
110 457 273 484 τελεώτατον
286 459 321 484 τά
338 467 368 484 τε
383 459 450 485 ἄλλα
466 460 513 486 καὶ
526 460 576 496 τὴν
592 461 657 496 περὶ
680 462 730 496 τῆς
749 461 796 488 πί-

30 512 94 535 στεως
102 503 172 538 ίερὰν
183 504 264 539 ήμῶν
271 504 417 538 ὁμολογίαν
427 504 591 541 διατίθησιν,
599 506 796 542 ἐμφιλοχωρῶν

31 551 124 584 μάλιστα
140 551 171 584 τῇ
184 551 258 576 κατὰ
271 550 320 585 τὴν
335 551 493 585 οἰκονομίαν
508 552 653 588 ἰερολογίᾳ,
668 554 697 579 ὲν
740 553 796 580 τῶν

30 596 95 622 ιεὸὐο
106 596 211 630 φύσεων
222 596 380 632 ἀδιαίρετόν
396 605 425 623 ’τε
440 598 487 624 καὶ
505 598 657 633 ἀσύγχυτον
671 599 720 635 τὴν
733 599 796 626 καθ’

30 643 153 668 ὑπόστασιν
167 642 269 668 ἕνωσιν
284 643 376 677 ὑμνεῖ,
397 644 445 670 καὶ
462 643 511 675 τὰς
528 644 699 678 ἑκατέρωθεν
718 645 793 679 alpe-

30 688 87 719 :in;
99 688 280 723 παραφυάδας
291 690 324 723 τῇ
340 688 464 724 μαχαίρᾳ
481 689 575 723 τέμνει
586 690 636 724 τῆς
654 690 794 724 ἀληθείας,

29 733 142 767 Κέλρηται
156 733 183 759 δὲ
201 733 250 759 καὶ
265 735 298 768 τῇ
313 733 386 766 λέξει
401 734 450 768 τῆς
466 734 591 769 κράσεως
603 735 722 768 εὐσεϐῶς
735 736 794 771 μὲν,

30 779 81 813 πλὴν
93 779 230 814 κέχρηται,
251 779 290 814 μὴ
312 779 383 806 κατὰ
396 780 442 806 τὸν
466 781 546 806 ἄνουν
560 780 747 815 Ἀπολινάριον
760 783 793 817 τῇ

31 826 84 859 ςωνῇ
108 825 257 860 κεχρῆσθαι
281 825 552 860 διαμαρτυρόμενος,
585 826 623 861 μὴ
652 827 743 861 μέντοι
763 836 794 861 γε

32 871 80 903 μηδὲ
94 871 160 897 κατὰ
176 870 222 897 τὸν
241 870 362 905 δυσσεϐῆ
381 871 498 906 Εὐτυχῆ,
519 871 576 897 ἀλλ’
599 871 636 903 ὡς
652 872 666 898 ὁ
680 873 728 904 τῆς
747 873 792 899 εύ-

32 916 113 947 σεῆείας
137 916 218 951 νόμος
239 917 378 951 βούλεται,
400 917 448 944 ἅτε
475 917 507 952 δὴ
526 917 574 944 ἕνα
597 918 642 943 τὸν
666 917 730 954 [458
745 919 794 955 PL]

31 960 197 996 Κύριονήμῶν
226 961 333 997 Ἰησοῦν
358 962 476 996 Χριστὸν
501 962 675 997 τρανολογεῖν
695 964 724 990 ὲν
748 963 794 990 δύο

32 1006 116 1038 φύσεσιν
139 1007 307 1042 ἀδιαιρέτοις
333 1016 366 1034 τε
395 1008 442 1034 καὶ
460 1008 624 1043 ἀσυγχύτοις
650 1009 742 1042 εἰδὼς,
765 1010 794 1036 ὲν

31 1051 97 1086 τελείᾳ
109 1051 212 1087 θεότητι
229 1053 278 1079 καὶ
309 1052 402 1086 τελεία
429 1052 630 1089 ἀνθρωπότητι,
653 1054 716 1081 οὗτε
744 1056 794 1090 τῆς

32 1098 127 1130 πράσεως
142 1098 276 1133 σύγχυσιν
297 1099 370 1133 αὐτῷ
387 1096 531 1134 δηλοὺσης,
546 1099 608 1126 οὕτε
624 1101 673 1136 τῆς
686 1101 721 1128 ἐν
739 1102 794 1129 δύο

32 1143 99 1176 φωνῆς
111 1143 242 1178 διαίρεσιν
258 1144 493 1179 παρεισαγούσης.
510 1144 572 1180 [855
581 1145 627 1181 R.]
642 1146 753 1178 Τούτοις
765 1147 794 1174 δὲ

32 1188 64 1212 nl
75 1188 219 1214 Ἀθανὰσιον
233 1188 282 1214 καὶ
295 1189 430 1224 Κύριλλον
444 1189 605 1225 συμϐαίνειν
616 1191 791 1227 ὑπαγορεύει,

32 1230 58 1262 εἷς
67 1234 104 1258 καὶ
114 1233 133 1247 ³⁷
145 1233 221 1260 αὐτοὶ
235 1233 443 1269 διωμολόγησαν
456 1234 520 1269 μίαν
535 1235 616 1269 φύσιν
627 1236 675 1262 τοῦ
691 1236 759 1263 Θεοῦ
771 1237 793 1253 ³⁸

32 1279 96 1311 Λάγου
121 1281 355 1316 σεσαρκωμένην·
388 1281 417 1307 ὲν
443 1278 465 1314 ᾧ
484 1281 538 1317 γὰρ
564 1282 668 1316 ἔφησαν
693 1290 793 1317 σεσαΡ·

32 1325 147 1358 κειμένην,
172 1325 222 1360 τὴν
249 1320 474 1360 προσληφθεῖσαν
499 1327 672 1362 ἀνεκήρυξαν
700 1327 792 1362 φύσιν.

33 1367 101 1394 Ταῦτα
119 1369 239 1400 διελθὼν,
261 1370 311 1396 καὶ
325 1370 362 1401 ὡς
376 1370 424 1396 καὶ
443 1371 473 1397 ὲν
487 1370 578 1402 ἄλλοις
594 1370 674 1397 αὐτοῦ
700 1372 793 1403 πόνοις

33 1415 136 1447 γιμναζει
156 1416 204 1452 τὴν
221 1416 410 1451 προκειμένην
433 1416 524 1452 φωνὴν
540 1417 791 1452 ἐπισημηνάμενος,

32 1460 106 1495 τριπλῇ
132 1470 194 1496 φησι
226 1460 391 1496 μερίζεσθαι
413 1460 434 1476 ³⁹
458 1461 562 1496 διανοίᾳ
587 1461 636 1496 τὴν
651 1461 792 1496 παροῦσαν

32 1505 146 1540 χρῆσινδθ.
171 1509 224 1534 Καὶ
254 1509 309 1543 γὰρ
338 1508 368 1534 τὸ
391 1507 588 1543 σεσαρκωμένη
616 1507 632 1543 ἢ
657 1508 717 1534 ἀντὶ
732 1507 779 1534 τοῦ

33 1553 95 1586 σαρκὶ
108 1554 330 1589 ἐσχηματισμένη
343 1555 389 1581 καὶ
404 1552 459 1580 οἷον
470 1554 682 1589 είδοποιηθεῖσα,
697 1554 791 1589 ὥσπερ

32 1597 147 1631 ίχιιλκοῦς
159 1601 190 1634 τῇ
211 1602 303 1635 μορφῇ
325 1600 371 1627 τοῦ
394 1600 562 1636 ἀνδριάντος,
578 1600 727 1636 ἐκληφθείη
741 1599 792 1627 ἄν·

32 1643 130 1677 ilo-usi;
155 1647 244 1679 σάρκα
263 1646 314 1680 τῆς
333 1646 380 1673 τοῦ
396 1647 484 1679 Λόγου
511 1646 619 1680 φύσεως
639 1647 792 1681 τραπείσης

34 1690 65 1714 καὶ
83 1688 130 1715 οἷον
146 1692 390 1727 ἁποεαρκωθείσης
407 1692 456 1727 μία
481 1691 616 1727 προῆλθεν
633 1692 759 1727 ἡφύσις¹
774 1691 791 1727 ἢ

34 1732 61 1759 in
73 1736 114 1769 μία
122 1735 184 1764 οὖσα
200 1739 217 1773 ἡ
229 1738 279 1764 τοῦ
290 1738 380 1772 Λόγου
397 1738 479 1772 φύσις
494 1738 564 1764 κατὰ
575 1740 625 1772 τὴν
636 1737 793 1772 οἰκονομίαν

34 1779 100 1805 οὖκέτι
127 1783 171 1815 μία
201 1783 271 1818 μόνη
296 1783 363 1809 ἀλλὰ
389 1784 436 1810 καὶ
457 1783 526 1818 μετὰ
555 1783 657 1819 σαρκὸς
685 1784 794 1819 θεωρεῖ-

33 1831 72 1856 τιτε
85 1827 110 1852 τὸ
122 1828 252 1862 ἄτρεπτον
275 1829 322 1855 καὶ
344 1829 525 1855 ἀναλλοίωτον
544 1829 626 1864 ἑαυτῇ
642 1837 672 1855 τε
696 1829 744 1855 καὶ
758 1830 791 1864 τῇ

35 1871 206 1909 προσληφθείσῃ
221 1875 306 1909 caput
322 1874 501 1905 διασώζουσα.
517 1875 548 1900 Αἰ
562 1874 610 1909 μὲν
622 1874 670 1901 οὖν
685 1874 792 1911 πρῶται

34 1914 66 1941 δύο
80 1918 213 1954 ὑπολήψεις
243 1920 431 1955 Ἀπολινάριον
458 1919 532 1945 ἴσασι
551 1919 599 1946 καὶΙ
618 1919 758 1954 Εὑτυχέα’
775 1920 792 1955 ἠ

33 1959 53 1985 δὲ
63 1963 127 1997 τρίτη
142 1964 203 1996 δόξα
220 1965 269 1992 τοῦ
288 1965 466 2000 κηρύγματος
480 1966 538 1991 ἐστι
555 1965 610 1992 τῶν
625 1965 791 1997 ἀποστόλων,

33 2005 105 2039 ἦν-καὶ
127 2010 139 2035 ὁ
166 2011 220 2037 τῶν
246 2012 391 2046 μακαρίων
414 2011 492 2046 ἡμῶν
519 2012 650 2045 Πατέρων
665 2011 686 2027 ⁸¹
712 2011 793 2046 χορὸς

34 2050 112 2079 ἐκεῖθεν
134 2056 224 2089 μαθὼν
241 2058 437 2091 συνετὴρησεν.
457 2057 513 2083 Καὶ
540 2056 620 2092 δῆλον
642 2056 690 2088 ὡς,
707 2056 734 2082 εἴ
751 2065 792 2087 τις

35 2097 128 2125 εὖσεεεῖν
142 2101 227 2128 ἐθέλοι
237 2102 260 2118 ⁸²
277 2104 306 2129 ἐν
317 2102 355 2136 τῷ
369 2102 458 2135 λέγειν
476 2101 540 2137 μίαν
552 2101 633 2135 φύσιν
646 2101 692 2127 τοῦ
705 2100 792 2134 Λόγου

36 2147 228 2183 τεταρκωμένην,
247 2148 278 2174 τὸ
293 2147 359 2174 αὐτὸ
373 2148 483 2183 φρονεῖν
502 2146 535 2173 ἂν
557 2146 724 2181 χαριτωθείη
737 2147 793 2177 τοῖς

25 2186 66 2227 ‘WG
84 2190 168 2223 φύσεις
191 2193 361 2228 ἀδιαιρέτους
387 2193 434 2221 καὶ
459 2192 628 2227 ἀσυγχύτους
652 2193 680 2218 ὲν
696 2191 735 2226 τῷ
752 2192 792 2217 ἑνὶ

36 2234 66 2257 ηίι
123 2237 192 2271 αὺτῷ
208 2237 320 2273 Χριστῷ
337 2237 471 2273 θεωροῦσί
493 2246 522 2264 τε
551 2238 597 2264 καὶ
615 2236 772 2268 δοξάζουπιν
783 2244 790 2251 '

36 2275 51 2298 εἶ
65 2276 85 2302 δὲ
106 2279 148 2313 μὴ,
171 2281 239 2315 πρὸς
257 2281 447 2315 Ἀπολινὰριον
463 2281 480 2317 ἢ
499 2281 522 2297 ⁸³
545 2281 667 2315 Εὑτυχέα
684 2281 792 2311 πάντως

37 2319 156 2355 ίβιμεῐται.
167 2327 221 2353 Καὶ
233 2328 288 2362 γὰρ
303 2327 420 2360 ἐνταῦθα
432 2327 481 2362 τὴν
495 2327 559 2362 μίαν
572 2327 621 2360 μὲν
637 2325 718 2360 φύσιν
732 2326 792 2352 ἀντὶ

36 2365 68 2398 τῆς
79 2368 238 2403 ὑπἰστάσεως
253 2372 393 2407 είρῆσθαι,
411 2373 441 2399 τὸ
460 2372 488 2398 δὲ
504 2371 718 2407 σεσαρκωμένην
732 2371 792 2397 ἀντὶ

37 2410 69 2453 ῖῆς
83 2415 240 2452 ἀνθρωπίνης
266 2418 390 2452 φύσεως,
412 2418 449 2448 ὡς
475 2418 558 2453 μηδὲν
577 2418 721 2451 διαφωνεῖν
745 2416 791 2443 τὸν

37 2452 121 2488 λέξοντα
133 2461 192 2494 μίαν
208 2462 289 2497 φύσιν
301 2462 348 2489 τοῦ
360 2463 447 2496 Λόγου
463 2462 679 2497 σεσαρκωμένην
694 2461 710 2497 ἢ
727 2461 790 2495 μίαν

38 2497 154 2530 ῦπὸστασιν
176 2507 221 2533 τοῦ
239 2507 328 2541 Λόγου
345 2507 520 2543 ἀνθρωπίνην
543 2507 622 2541 φύσιν
639 2506 791 2533 ἀναλαϐοῦ-

38 2550 85 2570 ελνδ·
98 2548 131 2575 διὸ
152 2552 197 2578 καὶ
211 2553 235 2578 οἱ
260 2554 382 2588 Πατέρες
402 2553 479 2588 ἡμῶν
504 2552 718 2587 ὲπεξηγούμενοι
742 2552 791 2587 τὴν

39 2592 105 2627 ἳωνὴν
118 2595 270 2630 ἐπάγουσιν,
285 2600 346 2625 Οὐκ
368 2598 562 2633 ἀνῃρημένης
580 2598 635 2631 τῆς
656 2597 717 2624 τῶν
735 2599 791 2631 φύ-

40 2642 95 2663 σεων
109 2639 241 2677 διαφορᾶς
255 2643 304 2671 διὰ
320 2643 342 2659 ⁵⁵
356 2644 413 2674 τὴν
432 2644 553 2676 ἕνωσιν,
567 2643 736 2678 σωζομένης
756 2642 790 2668 δὲ

523 130 796 163 ’ΒῘΒΕῘΕΥΓΠΕίΣΑ.
815 144 850 150 -·
868 131 949 164 COD.
972 131 1107 166 CCXXX.

28 186 112 220 ᾐτιᾶτο,
128 182 212 210 ταῦτα
227 179 263 219 ἦν
276 192 282 199 ·
303 184 317 210 ὁ
332 184 424 219 μέντοι
437 192 469 219 γε
489 185 617 221 θεοφιλὴς
634 187 704 224 ἀνὴρ
718 187 792 221 λόγοι

848 188 951 223 cipiens
979 189 1126 216 accusabat

1570 133 1638 166 1026

1156 196 1162 214 :
1190 192 1301 216 sanctus
1328 195 1393 216 vero
1422 187 1462 215 vir
1486 194 1580 216 eorum
1606 190 1638 215 de

848 235 948 269 quibus
970 236 1161 267 accusabatur,
1177 235 1309 262 rationem
1332 235 1460 263 rcddens.
1475 234 1564 269 primo
1577 235 1638 269 qui-

846 281 907 308 dem
930 281 1128 316 comprehensa
1155 289 1216 308 esse
1235 281 1369 315 capitibus
1390 281 1479 307 munia
1501 280 1639 316 synodali-

845 327 896 354 bus
921 327 975 359 ait,
999 335 1076 362 quat,
1102 332 1132 354 ut
1154 327 1340 362 recipiantur,
1371 328 1449 362 digna
1477 327 1536 354 visa
1563 330 1637 354 sunt.

846 371 947 400 Verum
965 373 998 400 de
1012 373 1055 400 his
1069 373 1193 408 pluribus
1211 380 1292 408 agere
1313 380 1365 400 non
1391 373 1474 408 piget.
1497 372 1553 400 Iloc
1573 379 1639 400 vero

846 419 970 447 studiose
999 423 1026 446 et
1054 419 1098 454 pie
1123 419 1156 447 ad
1185 419 1316 454 optimum
1347 427 1378 447 ac
1408 420 1635 454 perfectissimum

846 464 950 491 exitum
983 464 1120 491 adducens
1145 472 1153 492 :
1177 472 1238 491 cum
1266 464 1328 496 alia,
1355 469 1410 491 tum
1440 473 1545 492 sacram
1575 464 1636 493 fidei

847 514 948 537 nostra:
962 510 1036 537 addit
1051 509 1262 542 confessionem,
1280 511 1399 538 maxime
1419 511 1556 538 inhaerens
1572 519 1635 539 scn-

847 555 939 583 teutiat
961 556 994 583 de
1019 556 1208 583 incarnatione
1240 555 1355 583 Domini.
1377 556 1404 582 lu
1422 564 1472 590 qua
1493 556 1635 583 indivisam

846 607 874 628 ct
899 602 1096 642 impermistam
1124 601 1304 636 hypostaseos
1330 602 1444 629 duarum
1475 607 1634 629 naturarum

847 648 975 674 unioucm
1012 647 1165 682 profitetur,
1193 652 1220 674 et.
1254 648 1381 682 utrinque
1410 652 1489 675 natas
1519 648 1637 675 hmreses

848 694 938 729 gladio
952 694 1072 721 dissecat
1084 694 1215 720 veritatis.
1231 692 1323 721 Utitur
1333 698 1423 721 autem
1437 693 1521 720 verbo
1537 694 1637 720 mistio-

847 740 890 767 nis
905 741 947 775 pie
970 740 1092 774 quidem,
1118 740 1164 767 sed
1192 747 1245 767 non
1273 740 1359 766 utitur
1382 740 1530 776 secundum
1560 739 1635 766 insa-

847 794 912 813 num
927 786 1135 820 Apollinarium,
1156 786 1292 821 quomodo
1307 786 1357 813 hac
1372 793 1437 813 voce
1453 786 1489 813 sit
1506 785 1634 812 utendum

848 838 975 863 testatus,
988 839 1075 866 neque
1090 832 1240 859 secundum
1261 832 1391 859 audacem
1411 832 1571 867 Eutychcm,
1587 832 1634 859 sed

847 883 874 904 ιιι
889 879 930 906 lex
946 878 1055 912 pietatis
1066 878 1217 912 permittit:
1230 883 1258 904 ut
1273 878 1317 912 qui
1332 882 1422 905 nosset
1439 885 1523 904 unum
1537 877 1632 905 Filium

846 925 989 951 hominum
1005 929 1127 952 nostrum
1143 924 1232 952 Jesum
1247 923 1386 951 Christum
1403 923 1633 955 declarare,dua-

845 970 896 996 bus
928 970 1033 997 naturis
1063 970 1185 997 indivisis
1211 975 1238 996 ct
1266 967 1418 995 inconfusis
1450 973 1576 995 constare
1606 967 1632 994 iu

844 1015 964 1050 perfecta
998 1016 1171 1042 humanitate
1203 1020 1229 1042 et
1261 1014 1380 1049 perfecta
1414 1014 1582 1041 divinitate:
1604 1018 1633 1041 ut

844 1062 987 1097 permistin
1003 1062 1151 1090 secundum
1175 1060 1250 1088 illum
1273 1060 1460 1087 confusionem
1478 1068 1530 1087 non
1548 1061 1631 1095 signi-

844 1107 919 1140 ﬁcet,
935 1115 1021 1142 neque
1034 1108 1144 1134 inducat
1156 1106 1317 1134 divisionem
1332 1106 1406 1133 vocis
1420 1107 1448 1133 ὲν
1459 1106 1515 1133 δύο.
1532 1106 1630 1133 Eadem

844 1158 935 1181 autem
963 1154 1065 1181 sentire
1087 1154 1266 1181 Athanasium
1290 1157 1317 1179 et.
1336 1152 1464 1188 Cyrillum
1490 1152 1630 1187 prmdicat,

844 1200 891 1236 qui
911 1207 992 1227 uaam
1011 1200 1086 1227 verbi
1102 1204 1228 1227 naturam
1244 1200 1412 1226 incamatam
1426 1198 1542 1226 confessi
1555 1204 1630 1226 sunt.

844 1245 910 1271 Cum
933 1244 1005 1271 enim
1028 1244 1195 1270 incantatam
1214 1244 1350 1276 dixerunt,
1369 1248 1536 1278 assumptam
1553 1248 1632 1270 uatu-

844 1297 902 1317 ram
916 1290 1108 1324 praedicarunt.
1124 1290 1153 1317 In
1167 1289 1208 1317 his
1224 1297 1350 1324 pergens,
1363 1294 1392 1317 ut
1407 1294 1433 1317 et
1449 1290 1475 1317 in
1496 1290 1557 1317 aliis
1571 1289 1631 1324 ejus

843 1336 954 1370 scriptis
970 1337 1109 1363 contendit
1123 1343 1204 1371 super
1218 1337 1269 1363 hac
1283 1343 1359 1369 voce,
1378 1336 1465 1363 tribus
1484 1334 1631 1363 ostendens

844 1382 932 1410 modis
955 1382 1015 1416 capi
1038 1389 1117 1416 posse
1139 1389 1234 1409 vocem
1256 1382 1436 1409 incantatam.
1457 1381 1564 1408 Etenim
1586 1382 1632 1408 ἱιι-

843 1434 964 1462 carnata,
980 1435 1029 1462 pro
1051 1436 1162 1456 carnem
1184 1429 1287 1460 tnduta,
1310 1434 1338 1456 et
1357 1428 1437 1455 veluti
1456 1428 1542 1463 elligie
1567 1436 1632 1456 con-

844 1476 972 1509 formata,
983 1475 1213 1509 quemadmodum
1224 1475 1324 1510 26711
1335 1483 1373 1503 ωε
1383 1475 1520 1503 simulacri
1533 1475 1630 1507 forma.

782 1529 789 1541 ν
805 1533 827 1562 c
844 1522 913 1549 sumi
941 1524 1045 1557 possit;
1073 1522 1114 1548 vel
1132 1523 1204 1556 quod
1228 1529 1359 1548 conversa
1384 1521 1458 1548 verbi
1482 1526 1578 1548 natura
1604 1522 1630 1548 in

843 1577 964 1600 carnem,
990 1574 1018 1595 et
1034 1569 1111 1602 quasi
1137 1568 1275 1595 incantata
1304 1575 1358 1595 ttna
1384 1567 1484 1602 prodiit
1508 1572 1629 1595 natura:

843 1617 885 1644 vel
910 1615 979 1650 quod
1007 1623 1058 1642 una
1084 1615 1219 1643 exsistens
1244 1614 1322 1642 Verbi
1349 1619 1458 1647 natura,
1482 1614 1630 1642 secundum

844 1662 1059 1690 incarnationem
1076 1670 1128 1689 non
1141 1661 1257 1696 amplius
1269 1669 1320 1687 una
1334 1661 1402 1692 sola,
1415 1662 1461 1688 sed
1472 1668 1533 1688 cum
1547 1668 1631 1688 carne

843 1713 999 1744 spectetur;
1025 1707 1325 1736 incommutabilitatem
1345 1712 1425 1742 atque
1447 1707 1630 1743 integritatem

843 1754 895 1781 sibi
905 1757 932 1781 et
941 1759 1085 1787 assumpta:
1094 1753 1169 1780 carui
1182 1760 1359 1780 conservans.
1367 1752 1465 1779 Primae
1474 1753 1563 1787 itaque
1572 1753 1630 1779 dua:

844 1800 1059 1835 signiﬁcationes
1083 1799 1241 1834 Apollinarii
1264 1803 1291 1826 et
1309 1799 1448 1834 Eutychis,
1470 1799 1549 1825 tertia
1565 1806 1630 1826 vero

843 1854 877 1874 ex
901 1850 992 1873 tuente
1017 1846 1201 1880 apostolorum
1229 1849 1289 1877 est,
1314 1852 1396 1879 quam
1422 1849 1449 1871 et
1474 1848 1629 1871 sanctorum

843 1892 954 1920 Patrum
979 1897 1136 1919 nostrorum
1160 1895 1246 1918 matus
1266 1890 1329 1917 inde
1348 1894 1489 1917 mutuatus
1507 1890 1628 1917 retinuit.

843 1938 951 1966 Clarum
974 1944 1037 1964 vero
1053 1942 1105 1970 est,
1128 1937 1150 1964 si
1166 1937 1227 1970 quis
1247 1936 1290 1971 pie
1307 1936 1410 1963 sentire
1426 1936 1497 1967 velit.
1516 1936 1630 1963 dicendo

844 1993 924 2011 unam
936 1983 1018 2011 Verbi
1040 1987 1164 2009 naturam
1188 1983 1366 2014 incarnatam,
1379 1983 1494 2017 gratiam
1517 1983 1631 2017 adeptu-

844 2039 916 2063 rum,
928 2030 1071 2057 sentiendo
1082 2036 1142 2056 cum
1160 2028 1192 2056 iis
1204 2029 1250 2063 qui
1267 2029 1333 2056 duas
1349 2033 1460 2056 naturas
1474 2028 1629 2056 iuconfusas

844 2082 925 2111 atque
951 2075 1135 2110 impermistas
1156 2075 1183 2102 in
1207 2083 1260 2103 uno
1276 2080 1303 2102 et
1322 2075 1416 2102 eodem
1436 2074 1546 2103 Christo
1569 2082 1630 2102 esse

844 2128 871 2150 et
881 2127 1059 2157 cognoscunt,
1074 2125 1101 2148 et
1115 2126 1250 2148 statuunt.
1268 2121 1372 2156 Alioqui
1388 2128 1449 2147 cum
1463 2120 1629 2155 Apollinario

844 2175 871 2198 et
888 2170 1009 2204 Eutyche
1031 2169 1125 2195 sentit.
1148 2167 1253 2195 Etenim
1272 2175 1352 2194 unam
1375 2167 1418 2194 hic
1432 2172 1556 2194 naturam
1581 2175 1629 2201 pro

845 2224 957 2252 persona
974 2216 1075 2242 dictam
1089 2221 1159 2244 esse.
1175 2213 1344 2240 lucarnatam
1364 2220 1427 2240 vero
1447 2220 1495 2247 pro
1511 2213 1628 2240 humana

841 2266 939 2289 natura
955 2270 963 2289 :
986 2266 1014 2287 ut
1030 2260 1097 2287 nihil
1122 2259 1230 2287 intersit
1245 2259 1336 2287 dicere
1350 2266 1432 2286 unam
1453 2258 1532 2285 Verbi
1548 2263 1628 2285 natu-

842 2316 899 2335 ram
914 2308 1095 2338 incantatam,
1111 2305 1152 2332 vel
1169 2312 1248 2331 unam
1265 2304 1343 2332 Verbi
1366 2312 1508 2339 personam
1527 2305 1630 2331 Imma-

840 2361 903 2380 natu
936 2352 1115 2386 assumpsisse
1149 2356 1288 2378 naturam.
1322 2350 1504 2385 Quamobrem
1534 2350 1630 2377 Patres

841 2400 927 2427 nostri
954 2400 1025 2425 hanc
1049 2405 1142 2425 vocem
1167 2396 1345 2430 etplanantes
1372 2396 1507 2422 adducunt
1532 2405 1539 2423 :
1568 2395 1628 2422 Non

839 2457 945 2484 sublata
968 2459 1126 2482 naturarum
1145 2452 1294 2487 iii/Terentia
1310 2460 1355 2485 per
1372 2453 1503 2483 unionem,
1520 2452 1565 2478 sed
1583 2459 1629 2484 po-

839 2505 891 2530 tius
912 2507 1020 2537 utraque
1041 2505 1192 2527 conseruata
1213 2499 1241 2525 in
1264 2499 1370 2532 proprio
1398 2506 1500 2525 natura:
1518 2499 1628 2525 termino

840 2554 865 2576 et
879 2548 966 2581 rerbo,
982 2548 1007 2574 in
1023 2555 1076 2574 uno
1097 2546 1237 2580 eodemque
1257 2544 1361 2572 Christo
1377 2544 1442 2571 Jesu
1461 2544 1514 2571 Deo
1527 2549 1626 2571 nostra.

840 2594 930 2627 Quare
946 2593 969 2620 si
985 2595 1146 2619 conservata
1166 2594 1379 2624 cognoscantur,
1396 2589 1503 2623 cognita
1529 2588 1628 2622 praedi-

845 2645 950 2671 cuntur.
964 2645 991 2666 et
1006 2645 1065 2673 quae
1079 2636 1270 2671 praedicantur,
1282 2640 1309 2662 et
1322 2639 1497 2661 numerentur
1510 2642 1517 2661 :
1530 2632 1629 2668 perspi-

639 2718 758 2747 VARIIE
779 2714 982 2745 LECTIONES.

65 2774 111 2802 "81:
121 2780 261 2812 σπουδαίως
275 2789 305 2807 τε
320 2782 341 2807 Α
359 2789 407 2809 ιτε
425 2781 577 2813 σπουδαίως
596 2789 626 2812 ς.
658 2780 679 2795 ³⁷
694 2779 741 2805 καὶ
754 2781 813 2812 post
827 2774 877 2813 οἷς.
908 2776 930 2813 ³⁶Ϊ
941 2774 1009 2813 θεοῦ
1026 2779 1054 2801 el
1066 2781 1127 2813 ιηρξ
1135 2773 1186 2813 53i-
1195 2772 1257 2800 Μά-
1275 2773 1311 2813 ᾼε
1325 2808 1336 2813 _
1346 2772 1369 2813 ³ξ
1383 2770 1587 2813 διαμερίξεσραξ
1597 2778 1629 2813 ξς

42 2804 409 2853 ξιμρῇσιηίέδῐιὲξᾶρῖοἱεὶένῆὖ
418 2804 666 2852 acum
676 2804 710 2846 ςξ
745 2804 765 2829 δ”
777 2804 903 2847 πατέρων
918 2810 997 2846 ἡμῶν
1013 2818 1043 2841 ς.
1080 2809 1102 2825 ¹⁸¹
1119 2808 1204 2836 ἐθέλει
1221 2817 1252 2841 ς.
1289 2807 1312 2824 ⁸³
1323 2808 1340 2844 ἢ
1353 2808 1374 2834 Δ
1391 2815 1399 2834 :
1412 2804 1501 2839 καις,
1538 2806 1560 2822 ⁸⁸
1574 2804 1629 2841 διὰ]

45 2846 78 2868 καὶ
92 2848 120 2878 Δ,
134 2846 174 2875 κάι
191 2851 257 2885 μετὰ
267 2846 312 2877 ’[6.
323 2846 354 2879 Λ.
