1920 3092
59 160 112 192 1020

553 160 816 192 BIBLIOTIIECA.
837 172 870 176 -
891 158 971 189 COD.
988 159 1123 190 CCXXX.

1601 159 1668 191 1030

57 223 110 249 φησι
124 214 175 245 τοῖς
190 213 253 248 μίαν
269 213 448 249 πρεσϐεύουσι
462 214 508 240 τοῦ
526 215 613 248 Λόγου
629 214 708 248 φύσιν
727 222 819 248 σεσαρ·

878 221 968 240 υιιιιιιν
988 213 1070 240 Verbi
1102 218 1228 240 naturam
1255 212 1424 240 inearnatam
1454 213 1564 246 docent,
1596 213 1668 240 clara

56 261 171 295 κωμένην.
187 257 233 291 Οἷς
255 259 452 295 ἀνθυποφέρων
476 261 489 286 ό
507 261 657 296 συνήγορος
680 261 754 294 λέγει
777 261 826 295 τῆς

55 305 174 340 ἀληθείας,
184 304 220 336 ὡς
237 306 261 331 οἱ
277 305 340 340 μίαν
355 305 402 331 τοῦ
417 306 504 339 Λόγου
518 306 599 340 φύσιν
612 307 826 342 σεσαρκωμένην

54 352 191 384 δόξαζοντες
204 353 275 386 σαφῆ
289 352 338 386 μὲν
352 352 493 386 βούλονται
506 352 549 379 διὰ
566 353 616 387 τῆς
631 353 724 388 φωνῆς
741 355 826 380 ποιεῖν

55 397 93 431 τὴν
110 396 164 422 καθ’
182 397 329 423 ὑπόστασιν
355 396 453 423 ἕνωσιν
468 398 502 430 ⁵³,
520 398 568 424 καὶ
592 399 629 430 ὼς
647 399 661 424 ὁ
675 399 760 432 Λόγος
777 400 826 425 ούκ

55 442 177 476 ἄνθρωπον
193 442 403 476 προῦποστάντα
426 443 595 477 προσέλαϐεν
620 443 688 470 ἀλλὰ
704 444 773 478 σὰρξ
788 444 826 475 ὡς

55 487 144 522 ἀληθῶς
167 487 296 520 γέγονεν·
315 488 331 521 ἡ
352 487 379 513 δὲ
405 488 455 514 οὐκ
472 488 583 523 ἐξαρκεῖ
602 489 648 515 τοῦ
675 489 825 525 μυστηρίου

55 532 123 564 δεῖξαι
138 532 167 558 τὸ
185 532 297 558 τέλειον.
313 532 368 558 Ποῦ
393 534 449 567 γὰρ
464 533 521 559 ἔστι
537 533 581 560 διὰ
606 534 655 568 τῆς
670 535 760 569 φωνῆς
776 534 824 560 λα-

56 576 100 603 ίεῐν
110 577 160 603 εῐτε
177 576 298 611 ἔμψυχος
313 574 346 611 ἦν
359 578 375 611 ἡ
395 577 583 612 ἁναληφθεῖσα
604 578 671 613 σὰρξ
682 578 699 613 ἦ
717 579 764 614 μὴ,
779 581 825 606 καὶ

54 623 72 648 εἰ
83 623 255 656 ἐσχημάτιστο
273 623 354 657 μόνον
375 625 409 658 τῇ
432 624 514 659 σαρκὶ
532 625 548 659 ἢ
571 624 679 659 ἀληθῶς
693 626 825 659 ἐπεφύκει

54 667 124 701 «stipi;
138 667 216 693 πόθεν
231 668 253 693 δ’
279 668 319 694 ὅτι
344 669 436 695 τέλεια
451 670 467 705 ἢ
485 670 525 696 ἔτι
545 670 685 705 ἁσύγχυτα
702 671 735 697 τὰ
760 680 824 698 συν-

54 713 145 739 ελθόντα
164 714 373 748 μερενήκασιν;
399 715 475 741 οἰδὲν
497 716 551 751 γὰρ
577 716 679 743 τούτων
702 717 824 752 διευκρι-

54 758 148 793 νημένον
163 758 235 785 ἔστιν
258 758 287 791 ἐξ
305 760 389 795 αὐτῆς
406 761 506 796 εὑρεῖν.
530 762 579 788 Διὰ
600 763 678 789 τοῦτο
700 763 754 798 γὰρ
777 764 824 789 καὶ

60 804 220 840 ’Λπολιναρίῳ
235 806 282 831 καὶ
303 806 456 841 Εὐτυχεϊτδ
467 808 651 843 προκείμενον
664 810 762 844 χωρίον
775 819 823 836 πε-

54 849 222 883 ριπτύσσεται,
232 849 272 884 τῷ
290 851 339 885 μὲν
353 852 494 886 συγχέοντι
507 852 542 878 τὰ
557 854 728 887 συνελθόντα,
745 855 823 881 Ἀπο-

53 893 144 930 impii?
164 895 191 921 δὲ
214 896 319 931 ἄψυχον
335 897 384 931 τὴν
411 898 501 932 σάρκα
530 898 592 934 [440
615 899 661 935 IL]
688 901 820 935 φανταζο-
839 890 859 917 Β

55 940 119 974 μένῳ.
142 941 218 967 Ἀλλὰ
244 941 293 968 καὶ
319 942 439 969 Mdu/avri
457 940 534 978 φίλον
557 945 676 979 ἡφωνὴ,
700 946 820 980 σχήματι

54 986 88 1011 καὶ
101 986 226 1022 φαντασίᾳ
238 987 290 1022 τὴν
308 988 520 1024 ὲνανθρώπησιν
536 990 691 1018 πλάττοντι.
709 992 739 1017 Οἱ
757 992 820 1027 μέν·

53 1039 84 1057 τοι
93 1040 118 1064 γε
132 1032 153 1047 ⁵⁵
170 1032 295 1066 λέγοντες
314 1034 360 1060 δύο
375 1034 470 1068 φύσεις
494 1036 663 1071 ἁδιαιρέτους
678 1036 819 1072 ἁσύγχυτα

55 1078 91 1110 μὲν
109 1079 138 1104 τὰ
153 1079 316 1106 συνελθόντα
342 1080 534 1114 φυλάττουσιν,
559 1082 613 1108 οὐδ’
632 1080 705 1109 οὗτοι
728 1084 819 1117 μέντοι

53 1122 85 1148 διὰ
97 1124 142 1149 τῶν
157 1125 245 1150 αὐτῶν
267 1126 365 1158 φωνῶν
386 1127 435 1161 τὴν
458 1127 520 1153 καθ’
545 1128 694 1154 ὑπόστασιν
718 1129 820 1164 κηρύτ-

52 1176 123 1195 τουσιν
140 1170 244 1197 ἕνωσιν.
256 1172 376 1198 Δυνατὸν
394 1173 449 1208 γὰρ
467 1173 547 1199 πάλιν
563 1174 724 1208 κακούργως
736 1176 758 1191 ⁵⁵
774 1175 820 1202 λα-

53 1214 96 1240 ϐεῖν
110 1215 135 1241 τὺ
154 1217 306 1251 ἡνωμένον,
323 1217 360 1249 ὠς
375 1219 534 1253 Νεστόριος,
550 1221 617 1255 τιμῇ
632 1221 678 1247 καὶ
695 1220 758 1256 δόξῃ
772 1221 819 1247 καὶ

52 1262 93 1290 τοῖς
100 1259 180 1292 ἄλλοις
197 1262 351 1296 αἰρετικοῖς
362 1263 604 1298 ὲπιτεχνάσμασιν.
617 1264 666 1291 Διὰ
681 1265 759 1290 τοῦτο
773 1265 820 1291 καὶ

52 1307 62 1331 ὁ
77 1306 134 1338 θεῖος
147 1307 278 1342 Κύριλλος
290 1309 361 1336 κατὰ
375 1310 408 1343 τό
419 1311 506 1345 πέρας
527 1310 576 1346 τῆς
598 1311 745 1346 εἰρημένης
762 1312 819 1337 ἐπι-

53 1352 137 1387 στολῆς,
159 1354 192 1380 Τὸ
207 1354 240 1380 δὲ
252 1355 439 1389 ἀδιαίρετον,
451 1357 474 1372 ⁵⁵
486 1357 549 1391 ἔφη,
562 1359 727 1391 προστεθὲν
739 1358 824 1384 δοκεῖ

51 1397 94 1430 μέν
108 1405 163 1430 πως
178 1401 244 1433 παρ’
261 1400 337 1434 ’ἡμῖν
358 1400 450 1435 ὀρθῆς
468 1401 562 1435 δόξης
582 1401 658 1429 εἷναι
676 1411 820 1437 σημαντι-

52 1442 102 1472 κὸν.
114 1444 190 1471 αὐτοὶ
203 1444 236 1470 δὲ
251 1446 311 1479 οὐχ
323 1446 401 1472 οὕτω
419 1447 536 1474 νοοῦσι.
555 1448 590 1474 Τὸ
601 1448 654 1484 γὰρ
667 1449 819 1484 ἀδιαίρετον

53 1490 103 1522 παρ’
124 1491 208 1521 αὐτοῖς
228 1491 303 1517 κατὰ
318 1491 367 1524 τὰς
394 1492 543 1528 Νεστορίου
565 1495 733 1528 κενοφωνίας
758 1495 820 1522 καθ’

52 1532 124 1585 ἕτερον
135 1535 300 1570 λαμϐάνεται
322 1538 423 1573 τρόπον
434 1546 440 1553 '
456 1540 523 1573 φασὶ
540 1533 594 1575 γὰρ
617 1540 658 1567 ’ότι
678 1541 711 1576 τῇ
739 1541 818 1567 ἰσοτι-
833 1556 854 1585 C

53 1579 98 1613 μέᾳ,
107 1582 135 1615 τῇ
145 1582 332 1618 ταυτοὸουλίᾳ,
391 1584 520 1619 αὐθεντίᾳ
532 1585 684 1621 ἀδιαίρετός
700 1587 758 1613 ἐστι
770 1587 817 1613 τοῦ

52 1623 104 1650 θεοῦ
121 1626 201 1659 Λόγου
228 1628 242 1653 ὁ
269 1628 299 1653 ὲν
323 1624 345 1661 ᾧ
372 1629 533 1664 κατῴκησεν
557 1630 710 1666 ἄνθρωπος.
737 1631 817 1658 ’Ὠστε

53 1667 121 1695 διτῖδν
135 1672 179 1697 καὶ
200 1673 214 1698 ὁ
234 1672 322 1707 μέγας
338 1673 470 1709 Κύριλλος
494 1673 549 1701 οἶδε
565 1676 595 1702 τὸ
612 1677 774 1712 ἀδιαίρετον,
789 1678 818 1704 τὸ

55 1714 91 1747 μὲν
100 1716 230 1753 αἱρετικῆς
243 1718 335 1754 δόξης,
351 1719 381 1745 τὸ
401 1720 430 1746 δὲ
445 1720 548 1747 οἰκεῖόν
562 1731 592 1747 τε
611 1723 657 1749 καὶ
676 1723 817 1757 όρθοδόξου

53 1761 208 1796 φρονήματος.
226 1764 293 1799 Διχῆ
316 1764 343 1790 δὲ
360 1765 407 1791 τοῦ
425 1766 581 1802 ἀδιαιρέτου
595 1768 754 1803 λεγομένου,
772 1770 818 1795 εύ-

53 1804 119 1838 ὶόγως
131 1808 209 1843 ἔφησε
222 1810 358 1844 μάχεσθαι
371 1811 401 1837 τὸ
414 1812 505 1846 λέγειν
522 1813 586 1847 μίαν
600 1814 645 1840 τοῦ
662 1815 749 1849 Λόγου
766 1816 818 1850 φύ-

99 1856 303 1890 σεσαρκωμένην
334 1858 390 1888 τοῖς
414 1858 485 1884 κατὰ
510 1859 657 1895 Νεστόριον
682 1861 817 1895 φάσκουσι

54 1896 87 1920 itit)
101 1896 186 1929 φύσεις
208 1899 389 1934 ἀδιαιρέτους.
408 1901 470 1937 [857
492 1902 536 1939 IL]
555 1904 624 1931 Αὐτὸ
641 1905 668 1931 δὲ
688 1906 767 1933 τοῦτο
787 1907 818 1933 τὸ

55 1941 117 1974 ῥητὸν
131 1943 209 1978 ὀρθῆς
228 1945 336 1979 γίνεται
356 1946 447 1981 δόξης,
470 1949 656 1984 ἀπομερισθὲν
677 1952 725 1987 τῆς
743 1953 817 1987 ὁμω-

54 1987 141 2020 νυμίας.
160 1989 369 2025 Ἀπομερὶξεται
384 1992 413 2019 δὲ
428 1994 487 2019 κατ’
505 1995 601 2026 ἄλλους
617 1996 744 2031 τρόπους,
764 1998 816 2032 μά-

54 2033 114 2059 ὶ-ιστα
129 2033 152 2059 δὲ
167 2036 194 2061 ἐν
216 2036 256 2071 τῷ
284 2037 334 2071 τὴν
355 2038 378 2053 ⁵⁷
400 2039 461 2065 καθ’
478 2040 627 2068 ὑπόστασιν
652 2043 816 2076 προσλαῦεἶν

54 2076 143 2123 ἶνφειν
156 2080 222 2116 αὓτη
234 2083 289 2117 γὰρ
309 2084 324 2117 ἡ
340 2085 484 2120 προσθήκη
502 2086 531 2111 τὸ
551 2087 663 2122 ἀκριεὲς
676 2088 816 2123 πληροῦσα

54 2122 88 2147 ui
100 2124 138 2149 τὸν
152 2125 224 2152 δόλον
248 2127 355 2154 ἐλαύνει
374 2129 524 2164 Νεστορίου
540 2131 586 2157 καὶ
602 2133 664 2163 τοὺς
681 2122 816 2167 συκοφάν-

53 2173 89 2212 τᾲς
110 2169 154 2203 τῆς
177 2171 318 2203 εὐσεϐείας
339 2175 526 2209 καταισχύνει.
550 2177 659 2212 ’Λτελὴς
683 2176 729 2205 οὖν
750 2180 815 2206 ἑκα-

54 2218 104 2262 τέρα
118 2217 197 2250 φωνὴ,
224 2217 261 2248 ὡς
278 2219 311 2244 ἐκ
334 2219 388 2245 τῶν
405 2221 558 2255 εἰρημένων
585 2222 663 2257 δῆλον
686 2225 816 2260 κατέστη,

55 2264 82 2307 ili".
92 2261 269 2294 προσλαϐοῦσα
286 2266 335 2300 τὴν
352 2266 461 2300 ἑτέραν,
475 2267 546 2301 λέγω
562 2269 593 2304 δὴ
610 2270 657 2295 καὶ
671 2270 686 2304 ἡ
700 2270 815 2304 λέγουσα

55 2305 104 2333 μίαν
116 2305 188 2337 φύσιν
205 2307 252 2334 τοῦ
270 2309 358 2342 Λόγου
375 2312 588 2348 σεσαρκωμένην
602 2314 648 2340 καὶ
664 2316 679 2350 ή
700 2315 746 2341 δύο
765 2317 816 2350 φύ-

49 2354 96 2396 ,σειις
109 2350 285 2386 ἀδιαιρέτους’
308 2355 456 2383 τελειοῦται
478 2357 506 2383 δὲ
528 2358 646 2394 ἑκατέρα
662 2361 817 2394 συμπλεκο-

55 2397 140 2442 eam
151 2397 228 2433 ἑτέρᾳ
238 2400 261 2414 ⁸³
271 2408 279 2415 '
296 2401 312 2434 ἡ
327 2401 375 2434 μὲν
389 2402 443 2437 γὰρ
455 2403 501 2429 τοῦ
519 2404 606 2437 Λόγου
624 2405 704 2439 φύσις
718 2415 817 2442 σεσαρ-

55 2441 140 2475 Ὶ-ωμὲνη
154 2443 199 2478 τὴν
217 2445 278 2471 καθ’
299 2447 447 2474 ὑπόστασιν
469 2449 562 2481 ἁπλῶς
584 2451 680 2478 ἕνωσιν
696 2441 813 2487 εἰσάγει,

54 2486 95 2511 ἀεὶ
106 2488 148 2535 si;
161 2490 204 2517 δύο
224 2493 321 2526 φύσεις
343 2494 431 2528 λέγων
452 2497 622 2532 ἀδιαιρέτους
641 2499 671 2525 τὸ
693 2499 813 2535 ἄφυρτόν

54 2535 74 2575 ξε
89 2533 127 2557 καὶ
141 2534 290 2570 ἁσύγχυτον
307 2538 361 2565 τῶν
378 2540 560 2567 συνελθόντων
584 2543 691 2578 μηνύει.
708 2533 813 2570 Οὐκοῦν

54 2580 242 2622 αῗομερισθετσα
263 2583 340 2619 φωνὴ
357 2584 475 2620 θατέρας
491 2588 507 2621 ἡ
525 2587 607 2623 ἑτέρα
627 2589 675 2615 καὶ
690 2598 813 2623 σοφιστι-

114 2628 278 2664 προαγομένη
305 2630 479 2666 δικαιοτάτην
506 2633 539 2659 ἂν
562 2634 612 2668 τὴν
640 2635 812 2669 κατάγνωσιν

54 2664 147 2716 finis.
162 2669 239 2697 Ὥστε
257 2673 368 2706 δικαίως
393 2677 439 2702 καὶ
455 2678 468 2703 ε.
491 2678 562 2712 ἱερὸς
585 2679 720 2713 Κύριλλος
745 2682 813 2716 πρὸς

67 2707 71 2712 .
518 2706 523 2712 .
552 2706 559 2709 -
630 2706 635 2713 .
710 2706 718 2712 .
768 2706 773 2716 .
803 2706 811 2712 .

54 2706 174 2747 λεκάριον
196 2719 404 2756 ἀποτεινόμενος
428 2723 465 2755 ὡς
492 2725 574 2759 ἀτελῆ
605 2726 655 2760 τὴν
682 2726 813 2760 λέγουσαν

879 268 946 287 voce
974 260 1067 287 volunt
1082 259 1272 287 demonstrare
1294 267 1353 286 eam
1375 267 1435 293 qme
1455 265 1497 287 est
1518 267 1566 294 per
1585 260 1669 294 hypo-

879 306 973 333 stasim
991 315 997 332 :
1011 311 1038 333 et
1054 306 1125 340 quod
1148 305 1264 332 Verbum
1281 305 1416 332 hominem
1435 306 1668 340 praeexsistentcnt

878 360 931 380 non
950 352 1141 386 assumpserit,
1161 354 1208 379 sed
1230 359 1327 379 revera
1345 359 1410 378 caro
1424 350 1524 378 factum
1542 352 1587 378 sil.
1605 351 1669 379 "1'0

876 404 964 425 autem
985 406 1036 425 vox
1053 406 1105 425 nott
1122 398 1189 425 satis
1209 397 1377 424 demonstrat
1393 396 1512 432 mysterii
1527 396 1668 430 perfectio-

880 453 951 472 nem.
969 444 1020 472 libi
1044 444 1116 471 enim
1132 444 1194 471 licet
1213 443 1335 478 accipere
1348 450 1395 477 per
1420 450 1525 475 vocem,
1551 442 1667 470 fueritne

877 490 994 516 animata
1011 494 1150 524 assumpta
1168 497 1241 521 caro,
1274 487 1380 516 necne?
1410 488 1507 523 2680
1527 493 1554 515 et
1576 496 1608 514 an
1624 496 1668 515 son

877 536 929 562 luttt
949 544 1031 562 carne
1054 535 1191 566 indutum,
1216 534 1257 561 vel
1281 541 1375 560 revera
1403 540 1495 561 natum
1521 535 1557 561 sil.
1584 534 1667 561 caro?

876 582 954 609 Unde
968 589 1049 615 porro
1067 581 1137 615 quod
1154 579 1273 614 perfecta
1287 585 1315 606 et
1329 579 1483 611 inconfusa,
1500 587 1666 607 concurren-

877 628 912 653 tia
941 626 1159 661 permanserint?
1175 626 1241 652 nihil
1259 626 1330 652 enitn
1351 625 1446 651 horum
1471 625 1572 652 clarum
1589 633 1621 652 ex
1634 633 1664 652 ea

878 672 1007 705 reperies.
1035 671 1180 705 Propterea
1207 670 1279 696 enim
1307 674 1334 696 et
1357 669 1524 703 Apollinario
1543 674 1569 696 et
1583 669 1666 704 Euty-

875 718 918 744 (-hi
934 717 1087 752 propositus
1104 717 1179 743 locus
1199 716 1336 748 convenit,
1352 715 1414 743 huic
1430 716 1538 750 quidem
1552 715 1664 750 conjun-

875 770 917 791 CIa
944 763 1130 795 confundenti,
1154 762 1322 797 Apollinario
1350 769 1413 789 vero
1440 762 1585 788 attitnatant
1601 769 1665 789 car-

876 818 936 835 nem
964 808 1133 843 imaginanti.
1160 807 1229 840 Quin
1248 814 1271 834 et
1290 807 1346 834 luce
1372 814 1421 833 vox
1443 807 1530 841 placet
1554 807 1665 840 Maneti,

877 855 1064 889 imaginariam
1089 859 1115 881 et
1142 852 1330 880 adumbratam
1357 852 1468 887 fingenti
1496 853 1662 879 incarnatio-

876 907 946 925 netn.
968 898 1018 930 Qui
1042 906 1107 925 vero
1133 898 1200 924 duas
1226 896 1379 924 inconfusas
1399 902 1524 924 asserttnt
1542 902 1662 930 naturas,
1701 914 1703 916 -

875 943 1019 971 inconfusa
1045 944 1153 978 quidem
1177 943 1368 970 concurrentia
1385 947 1560 976 conservant,
1577 951 1665 978 neque

875 990 899 1016 hi
917 997 966 1024 per
979 989 1088 1016 easdem
1104 995 1183 1015 voces
1200 987 1327 1014 unionem
1351 987 1551 1022 hypostaticam
1567 989 1664 1022 pracdi-

873 1040 946 1062 cant.
964 1034 1034 1061 Fieri
1055 1034 1127 1061 enim
1145 1038 1246 1068 potest,
1263 1038 1293 1060 ut
1307 1038 1401 1060 contra
1416 1033 1539 1067 improbe
1555 1035 1663 1067 capiat-.1

872 1081 943 1115 quod
960 1081 1061 1106 unitum
1077 1084 1118 1107 est
1131 1079 1171 1114 (ut
1187 1079 1336 1113 Nestorius)
1353 1079 1455 1105 honore
1472 1083 1499 1105 et
1513 1078 1597 1113 gloria
1612 1087 1619 1112 ;
1639 1085 1663 1106 et

872 1127 932 1153 aliis
954 1125 1145 1152 haereticorum
1163 1124 1290 1151 inventis.
1316 1123 1378 1150 Ideo
1394 1128 1421 1149 et
1437 1122 1532 1150 beatus
1546 1122 1663 1158 Cyr-illus

872 1173 898 1199 itt
920 1172 971 1198 fine
1005 1170 1083 1205 hujus
1111 1170 1241 1205 epistolm,
1274 1170 1423 1201 indivisum,
1447 1169 1503 1202 ait,
1530 1170 1661 1201 additum,

872 1219 973 1246 videtur
987 1224 1082 1244 nostra:
1101 1221 1177 1243 rectm
1189 1216 1251 1250 [ἱάεὶ
1263 1224 1317 1243 esse
1338 1218 1461 1250 signum:
1480 1215 1519 1241 illi
1538 1223 1595 1242 vero
1611 1224 1661 1242 non

873 1265 909 1291 ita
925 1264 1051 1290 sentiunt.
1072 1262 1220 1290 lndivisunt
1235 1262 1307 1289 enim
1324 1263 1394 1296 apud
1417 1262 1487 1295 illos,
1513 1262 1660 1289 secundant

872 1315 956 1334 novas
989 1307 1214 1338 Nestoriivoces,
1245 1306 1298 1333 alio
1332 1307 1412 1333 tnodo
1434 1306 1562 1333 sumitur.
1593 1306 1662 1333 Dicit

872 1354 943 1380 enim
960 1353 1072 1381 honoris
1096 1353 1222 1387 puritate,
1247 1358 1274 1379 et
1290 1352 1437 1379 voluntatis
1452 1357 1479 1380 et
1493 1352 1661 1379 auctoritatis

873 1400 1019 1427 indivisum
1043 1400 1180 1426 hominem
1198 1406 1269 1431 esse,
1286 1398 1311 1425 itt
1333 1406 1386 1433 quo
1402 1398 1447 1425 Dei
1461 1398 1571 1425 verbum
1587 1399 1662 1425 habi-

873 1449 948 1474 tavit.
979 1447 1067 1480 Quare
1095 1446 1238 1481 dupliciter
1260 1453 1372 1480 magnus
1393 1445 1437 1472 ille
1460 1445 1576 1481 Cyrillus
1592 1445 1661 1471 indi-

872 1494 958 1520 visum
977 1488 1103 1527 intelligit
1122 1504 1127 1520 :
1145 1492 1216 1519 aliud
1232 1492 1340 1525 quidem
1357 1493 1491 1525 haeretice,
1510 1492 1581 1518 aliud
1597 1499 1661 1517 vero

873 1538 980 1573 proprie
1003 1544 1030 1565 et
1045 1537 1206 1564 orthodoxe.
1227 1537 1333 1563 Duobus
1353 1543 1442 1563 autent
1459 1538 1545 1564 modis
1563 1537 1660 1564 indivi-

871 1593 930 1612 smu
963 1584 1209 1617 usurpando,'*rere
1234 1583 1302 1609 dixit
1326 1590 1332 1608 :
1361 1583 1453 1609 dicere
1480 1590 1561 1609 unam
1578 1582 1658 1609 Verbi

871 1635 993 1656 naturam
1016 1628 1185 1654 incarnatant
1211 1635 1331 1662 pugnare
1360 1632 1453 1654 contra
1484 1627 1660 1655 Nestorianos

871 1678 1028 1700 asserentes
1041 1674 1106 1699 duas
1124 1677 1233 1698 naturas
1246 1671 1385 1698 ittdivisas.
1402 1672 1472 1698 Idem
1485 1677 1574 1698 autent
1589 1674 1658 1706 quod

870 1720 970 1747 dictmn
992 1724 1044 1751 est,
1065 1718 1192 1746 Ecclesite
1209 1723 1251 1745 est
1266 1718 1433 1749 orthodoxe,
1447 1718 1467 1744 si
1483 1719 1660 1751 (Equivocalio

871 1765 992 1792 tollatur.
1018 1764 1133 1791 Tollitur
1161 1769 1251 1791 autem
1280 1768 1308 1790 et
1334 1763 1396 1790 aliis
1422 1764 1520 1796 tnodis,
1542 1764 1659 1790 maxime

870 1819 945 1842 vero.
966 1813 991 1838 in
1008 1810 1170 1837 assumendo
1187 1805 1313 1836 unionem
1330 1810 1539 1845 hypostnticam.
1560 1810 1658 1836 Eadem

869 1857 941 1883 enim
963 1857 1019 1883 hare
1040 1856 1142 1883 additio
1165 1860 1292 1882 accurate
1311 1855 1461 1889 adimplens
1481 1860 1509 1882 et
1536 1855 1658 1881 fraudem

869 1900 986 1927 Nestorii
1009 1901 1131 1931 discatit,
1151 1905 1178 1926 et
1193 1899 1340 1927 ltarreticos
1362 1899 1513 1926 confundit.
1530 1898 1658 1934 Imperfe-

870 1950 911 1972 cta
931 1953 995 1980 ergo
1024 1950 1064 1972 est
1089 1950 1202 1979 utraque
1223 1952 1286 1976 vox,
1311 1950 1338 1970 ut
1359 1952 1392 1972 ex
1424 1944 1559 1979 prioribus
1586 1951 1657 1980 patet

869 1999 922 2017 non
943 1992 1055 2017 alterattt
1077 1990 1243 2024 arripiendo.
1269 1989 1361 2024 Itaque
1387 1990 1507 2024 intelligo
1529 1998 1590 2017 eam
1612 1999 1658 2018 vo-

869 2045 928 2065 cem
951 2044 1010 2071 qua:
1030 2036 1096 2063 dicit
1122 2043 1203 2062 unant
1224 2035 1304 2063 Verbi
1332 2041 1455 2063 naturam
1474 2036 1654 2070 incarnatam,

869 2089 895 2111 et
910 2083 982 2110 illattt
1001 2090 1061 2116 qua:
1076 2082 1140 2109 dicit
1160 2082 1227 2108 duas
1246 2087 1356 2108 naturas
1373 2081 1539 2113 inconfusas,
1558 2088 1657 2108 utram-

868 2138 920 2164 que
946 2130 1076 2164 perlicere
1101 2128 1172 2155 inter
1195 2136 1224 2155 se
1240 2127 1405 2162 copulatam.
1424 2127 1503 2155 Verbi
1525 2129 1596 2155 enim
1613 2137 1656 2155 tta-

869 2180 929 2202 tnra
957 2175 1098 2201 incarnala
1126 2174 1253 2201 uniottent
1282 2174 1478 2209 hypostaticam
1495 2174 1656 2208 simpliciter

834 2225 856 2252 D
871 2222 983 2257 profert,
1011 2222 1055 2254 qui
1078 2228 1140 2247 vero
1162 2222 1228 2248 duas
1253 2223 1351 2248 asserit
1376 2222 1505 2249 indivisas
1532 2228 1654 2254 naturas,

868 2268 1014 2295 immistum
1036 2271 1063 2293 et
1077 2267 1247 2294 inconfusum
1270 2275 1364 2294 eorum
1382 2275 1442 2302 qua:
1455 2267 1655 2302 conjunguntttr

867 2314 1013 2348 significat.
1029 2313 1112 2348 Igitur
1133 2313 1219 2340 divisa
1237 2321 1288 2340 vox
1309 2314 1393 2340 altera
1407 2314 1440 2341 ab
1456 2314 1551 2347 altera,
1566 2320 1593 2341 et
1606 2323 1653 2341 ca-

866 2360 954 2395 ptiose
968 2360 1082 2385 adducta
1097 2358 1275 2392 iustissimam
1295 2359 1532 2393 reprehensionem
1548 2360 1653 2395 269a

867 2410 996 2433 tnerctnr.
1005 2404 1094 2437 Quare
1108 2408 1181 2431 recte
1196 2408 1306 2431 sanctus
1322 2404 1439 2438 Cyrillus
1455 2406 1480 2431 in
1500 2405 1652 2432 Nestorium

866 2452 1000 2481 invectus,
1020 2455 1048 2476 ιιι
1064 2449 1250 2483 imperfectam
1267 2457 1361 2476 vocem
1377 2451 1511 2478 dicentem
1530 2452 1597 2478 dttas
1613 2451 1653 2477 itt-

865 2498 966 2524 divisas
988 2501 1107 2527 naturas,
1131 2500 1157 2522 et
1176 2504 1227 2522 tton
1252 2495 1386 2522 valentem
1406 2497 1592 2523 litereticornnt
1610 2504 1652 2523 se-

865 2548 934 2570 clant
964 2541 1092 2571 refutare,
1118 2545 1236 2573 accusat,
1261 2546 1287 2567 et
1306 2549 1424 2575 pugnare
1449 2541 1583 2577 [:nit]cum
1607 2541 1651 2567 illa

865 2597 925 2624 qua:
946 2587 1012 2614 dicit
1036 2594 1116 2613 unam
1141 2591 1264 2613 naturam
1287 2587 1463 2613 incarttatant.
1477 2588 1544 2614 Cum
1558 2595 1610 2621 qua
1628 2586 1649 2613 si

865 2633 1013 2668 composita
1031 2632 1131 2662 veniat,
1148 2632 1281 2658 sinceram
1296 2631 1421 2666 pietatettt
1440 2632 1569 2664 ostendit,
1584 2632 1650 2657 duas

867 2679 995 2707 indivisas
1017 2683 1126 2704 naturas
1146 2677 1171 2703 itt
1186 2677 1285 2703 unione
1308 2676 1475 2711 hypostatica
1493 2676 1565 2702 clare
1581 2684 1650 2710 prm-

868 2727 972 2753 dicatts.
999 2724 1045 2751 Sic
1070 2729 1143 2751 certe
1168 2723 1230 2750 licet
1246 2723 1307 2757 quis
1328 2730 1407 2749 unant
1422 2721 1503 2748 Verhi
1525 2727 1649 2748 ll‘JlUl'tldt

676 2783 793 2811 VABIJZ
812 2779 1014 2810 LECTlONES.

55 2812 279 2860 ιΠῗξνιιισινμιιιιιι.
303 2824 333 2852 C.
373 2826 395 2841 "‘
412 2834 442 2860 γε
470 2827 532 2855 add.
552 2827 583 2854 A.

54 2855 148 2886 θατέρᾳ
163 2862 190 2884 τ.

622 2829 645 2844 ⁸⁵
660 2829 823 2864 κακούργοις
843 2837 873 2861 ς.

912 2829 934 2844 δε
961 2824 1120 2859 ἀδιαιρέτως
1140 2826 1172 2852 Α.
1210 2825 1232 2842 ⁵⁷
1252 2823 1300 2859 τὴν
1320 2831 1373 2852 om.
1392 2824 1424 2851 A.
1461 2823 1485 2839 ⁸⁸
1503 2823 1583 2859 ἑτέρᾳ
1598 2822 1618 2849 Λ
1641 2831 1646 2848 :
