1920 3092
30 149 108 182 1025

26 247 108 283 ὑπὲρ
131 244 169 274 ὧν
191 247 290 282 ᾐτιάθη
314 247 414 280 διδοὺς,
429 248 538 283 πρῶτον
560 249 612 284 μὲν
634 249 827 284 περιειλῆφθαι

25 293 125 320 πάντα
143 293 228 328 φησιν
244 293 291 319 ἐπὶ
307 293 463 327 κεφαλαίων
474 294 530 325 τοῖς
546 294 697 325 συνοδικοῖς
714 295 733 322 ἃ.
753 294 825 328 ἔδοξε

26 339 271 374 ¹παραλελεῖφθαι,
292 338 364 375 πλὴν
394 339 564 375 πλατύτερον
583 340 631 366 καὶ
662 339 710 366 νῦν
739 341 827 368 εἰπεῖν

27 386 101 420 περὶ
120 385 213 412 αὐτῶν
232 385 335 420 μηδένα
359 385 453 412 λαϐεῖν
477 384 567 412 ὄκνον.
584 385 671 412 Τοῦτο
695 387 724 413 δὲ
744 395 830 413 σπου-

27 432 118 462 ialm;
140 432 163 447 "
179 440 210 458 τε
225 432 274 458 καὶ
290 431 442 466 θεοφρόνως
463 431 598 458 ἐπιτελῶν
614 433 654 464 εἰς
671 432 702 459 τὸ
718 432 830 468 ἄριστόν

27 485 62 503 τε
77 477 126 503 καὶ
140 476 308 502 τελεώτατον
321 476 356 502 τά
372 485 403 502 τε
418 476 485 503 ἄλλα
501 477 548 503 καὶ
561 477 611 512 τὴν
627 478 692 513 περὶ
715 478 764 513 τῆς
784 478 830 505 πί-

30 530 123 553 στεως
132 522 211 557 ίερὰν
221 522 300 557 ἡμῶν
307 521 452 556 ὁμολογίαν
462 522 626 557 διατίθησιν,
634 523 831 558 ἑμφιλοχωρῶν

31 569 158 603 μάλιστα
176 569 210 603 τῇ
223 569 295 594 κατά
307 568 356 603 τὴν
371 568 529 603 οἰκονομίαν
544 569 688 604 ἱερολογίᾳ,
704 570 732 596 ὲν
775 569 830 596 τῶν

29 623 61 640 τε
73 615 125 641 δύο
138 614 250 649 φύσεων
260 614 416 649 ἀδιαίρετόν
431 622 461 640 τε
474 615 523 641 καὶ
540 615 692 650 ὰσύγχυτον
706 617 755 651 τὴν
769 615 831 642 καθ’

29 661 191 687 ὑπόστασιν
207 660 305 686 ἕνωσιν
320 661 412 694 ὑμνεῖ,
433 661 481 687 καὶ
497 661 547 692 τὰς
563 661 735 696 ἑκατέρωθεν
754 661 828 696 αἱρε-

28 706 115 737 τικὰς
130 706 316 741 παραφυάδας
327 707 360 741 τῇ
376 706 500 741 μαχαίρᾳ
516 706 611 741 τέμνει
622 706 671 741 τῆς
690 706 829 741 ἀληθείας.

28 752 181 786 Κέχρηται
195 751 223 777 δὲ
241 751 288 778 καὶ
302 753 334 786 τῇ
349 751 422 784 λέξει
437 752 486 786 τῆς
502 751 627 786 κράσεως
639 751 757 784 εὐσεϐῶς
771 753 830 787 μὲν,

29 798 107 832 πλὴν
123 797 269 832 κέχρηται,
289 797 326 832 μὴ
348 797 419 824 κατὰ
432 797 478 823 τὸν
502 798 582 824 ἄνουν
595 797 783 832 Ἀπολινάριον
796 799 829 834 τῇ

30 845 112 878 ςωνῇ
140 842 295 878 κεχρῆσθαι
318 842 588 878 διαμαρτυρόμενος,
622 843 659 878 μὴ
687 843 780 878 μέντοι
799 853 830 878 γε

30 890 105 924 μηδὲ
125 889 201 916 κατὰ
216 888 262 915 τὸν
280 888 399 923 δυσσεῦῆ
418 889 534 924 Εὐτυχῆ,
555 888 612 915 ἀλλ’
634 888 673 920 ὡς
689 889 702 914 ὁ
716 890 764 920 τῆς
783 889 828 915 εύ-
844 878 867 907 Β

30 935 148 966 σεδεξας
176 934 257 969 νόμος
278 935 414 970 βούλεται,
437 935 485 961 at:
511 934 543 970 δὴ
563 935 611 961 ἕνα
633 935 678 961 τὸν
703 934 766 970 [658
782 935 830 972 lt]

28 980 140 1015 Κύριον
158 979 238 1014 ἡμῶν
266 979 370 1014 Ἰησοῦν
396 979 513 1014 Χριστὸν
537 979 712 1015 τρανολογεϊν
732 981 761 1006 ὲν
785 980 831 1006 δύο

29 1025 152 1059 φύσεσιν
178 1025 344 1060 ἀδιαιρέτοις
371 1034 403 1052 τε
431 1025 479 1051 καὶ
497 1026 661 1060 ἀσυγχύτοις
686 1025 779 1058 εἰδὼς,
802 1027 831 1052 ὲν

27 1070 127 1105 τελείᾳ
143 1070 253 1106 θεότητι
269 1071 315 1097 καὶ
347 1069 440 1103 τελείᾳ.
466 1070 667 1106 ἁνθρωπότητι,
690 1071 754 1098 οὕτε
781 1072 831 1106 τῆς

29 1117 166 1151 κράσεως
182 1117 314 1151 σύγχυσιν
334 1116 407 1150 αὺτῷ
424 1114 568 1151 δηλούσης,
583 1116 645 1143 οὕτε
661 1118 710 1152 τῆς
723 1117 758 1145 ἐν
776 1118 831 1145 δύο

30 1162 130 1196 φωνῆς
146 1162 281 1197 διαίρεσιν
297 1161 530 1197 παρεισαγούσης.
547 1161 609 1196 [855
618 1161 664 1198 IL]
679 1163 790 1195 Τούτοις
803 1164 831 1190 δὲ

29 1208 80 1233 καὶ
95 1207 260 1234 Ἀθανάσιον
274 1207 320 1232 καὶ
333 1207 468 1241 Κύρι).λον
481 1207 642 1242 συμϐαίνειν
653 1207 829 1243 ὑπαγορεύει,

30 1251 71 1283 οἷς
85 1254 137 1278 καὶ
149 1252 172 1266 ετ
185 1252 262 1278 αὐτοὶ
275 1251 481 1287 διωμολόγησαν
494 1252 558 1287 μίαν
572 1252 654 1287 φύσιν
665 1252 713 1278 τοῦ
729 1253 796 1280 Θεοῦ
809 1253 831 1269 ¹¹

30 1300 125 1332 Λόγου
159 1298 393 1333 σεσαρκωμένην·
426 1299 455 1324 ὲν
481 1295 503 1331 ᾧ
522 1298 576 1334 γὰρ
601 1298 706 1333 ἔφησαν
731 1306 831 1334 σεσαρ-

31 1344 187 1377 κωμένην,
214 1343 264 1378 τὴν
289 1338 512 1378 προσληφθεῖσαν
538 1344 710 1379 ἀνεκήρυξαν
738 1344 830 1378 φύσιν.

30 1389 132 1415 Ταῦτα
156 1387 280 1418 διελθὼν,
301 1387 349 1414 καὶ
363 1387 401 1418 ὡς
415 1387 462 1414 καὶ
482 1388 510 1414 ὲν
525 1387 616 1419 ἄλλοις
632 1386 712 1414 αὑτοῦ
738 1389 831 1419 πόνοις

31 1435 175 1469 γυμνάζει
197 1434 246 1470 τὴν
263 1434 448 1469 προκειμένην
471 1433 563 1469 φωνὴν
578 1434 829 1468 ἐπισημηνάμενος,

30 1481 139 1515 τριπλῇ
170 1488 236 1514 φησι
268 1478 430 1514 μερίζεσθαι
451 1477 473 1494 ³⁹
496 1477 601 1513 διανοίᾳ
625 1477 674 1512 τὴν
690 1477 831 1512 παροῦσαν

556 147 829 180 'BIBLIOTHECA.
848 160 883 166 —
901 147 983 180 COD.
1005 147 1140 181 CCXXX.

26 203 141 237 ᾐτιᾶτο,
159 201 247 228 ταῦτα
262 197 296 237 ἦν
309 209 316 217 ·
337 201 352 228 ὁ
366 202 458 237 μέντοι
471 210 503 237 γε
522 202 651 238 θεοφιλὴς
668 203 738 240 ἀνὴρ
752 204 830 238 λόγον

882 204 985 238 cipiens
1013 204 1160 231 accusabat

1604 146 1672 180 1026

1189 211 1198 230 :
1224 206 1335 230 sanctus
1361 209 1428 230 vero
1455 201 1496 229 vir
1519 208 1613 229 eorum
1639 203 1672 228 de

882 251 982 285 quibus
1004 251 1195 283 accusabatur,
1211 249 1344 277 rationem
1365 249 1494 277 reddens.
1509 248 1598 283 primo
1610 247 1672 282 qui-

880 297 941 324 dem
964 296 1163 332 comprehensa
1189 303 1250 323 esse
1268 295 1404 330 capitibus
1423 294 1513 321 nuntiis
1535 293 1673 329 synodali-

879 342 931 370 bus
955 342 1009 375 ait,
1033 350 1110 377 quas,
1137 346 1166 369 ut
1188 342 1375 377 recipiantur,
1405 341 1484 375 digna
1512 340 1570 367 visa
1597 344 1671 367 sunt.

880 387 982 415 Verum
999 388 1033 416 de
1046 388 1089 415 bis
1104 388 1227 423 pluribus
1246 394 1326 423 agere
1347 394 1400 414 non
1426 387 1509 422 piget.
1531 385 1587 413 lloc
1608 393 1674 413 vero

881 434 1005 463 studiose
1034 439 1061 462 et
1088 434 1133 469 pie
1157 435 1190 462 ad
1220 434 1352 469 optimum
1382 440 1413 461 ac
1443 433 1670 467 perfectissimum

881 479 985 507 exitum
1017 479 1155 507 adducens
1180 487 1187 507 :
1212 487 1273 506 cum
1300 479 1363 511 alia,
1390 483 1445 505 tum
1475 486 1580 505 sacram
1610 477 1672 506 lidei

882 530 983 553 nostrae
997 525 1072 553 addit
1086 524 1297 557 confessionem,
1314 525 1433 552 maxime
1453 525 1591 552 inlucrcns
1607 532 1670 552 sen-

882 571 974 599 tentiae
997 571 1029 598 tle
1054 571 1243 598 incarnatione
1275 570 1389 598 Domini.
1412 570 1438 596 lu
1456 578 1507 605 qua
1528 570 1670 596 indivisam

882 623 910 644 et
935 617 1132 658 impermis_tam
1159 617 1339 652 hypostaseos
1364 616 1479 642 duarum
1510 621 1670 642 naturarum

883 664 1010 691 unionem
1047 663 1200 698 proﬁtetur,
1228 667 1255 689 et
1289 662 1416 696 utrinque
1444 666 1524 689 natas
1553 661 1672 688 haereses

884 710 974 744 gladio
988 710 1107 736 dissecat
1120 709 1250 736 veritatis.
1266 707 1358 735 Utitur
1368 712 1458 735 autem
1472 707 1556 734 verba
1572 707 1672 734 mistio—

882 756 926 784 nis
941 757 983 791 pie
1006 755 1127 790 quidem,
1154 755 1200 782 sed
1228 762 1281 782 non
1308 755 1394 781 utitur
1417 753 1566 790 secundum
1596 753 1671 779 insa-

883 810 947 830 num
963 802 1170 835 Apollinarium,
1192 801 1328 836 quomodo
1343 801 1393 828 hac
1408 807 1473 827 voce
1488 799 1525 828 sit
1542 799 1669 826 utendum

884 853 1011 879 testatus,
1024 854 1111 881 neque
1126 847 1276 874 scentulum
1297 847 1427 874 audacem
1447 846 1607 881 Eutychem,
1623 845 1670 873 scd

883 900 911 920 ut
926 894 967 922 lex
982 894 1092 928 pietatis
1103 893 1253 927 permittit:
1267 898 1294 919 ιιι
1309 893 1354 927 qui
1368 896 1460 919 nosset
1475 899 1560 918 unum
1572 891 1668 918 Filium

883 940 1026 967 Dominum
1042 945 1164 967 nostrum
1179 939 1269 967 Jesum
1284 937 1423 966 Christum
1439 937 1590 968 declarare,
1600 936 1669 964 dua-

882 986 933 1012 bus
965 985 1070 1013 naturis
1100 985 1222 1012 indivisis
1248 989 1275 1010 et
1303 981 1455 1010 inconfusis
1486 987 1612 1009 constare
1642 981 1669 1007 iu

881 1030 1001 1066 perfecta
1035 1031 1208 1058 humanitate
1239 1034 1266 1057 et
1297 1028 1418 1063 perfecta
1451 1027 1619 1055 divinitate:
1640 1032 1669 1053 ut

881 1078 1024 1113 permistio
1040 1077 1188 1105 secundum
1212 1075 1287 1103 illum
1310 1074 1498 1102 confusionem
1515 1081 1567 1101 non
1585 1073 1669 1108 signi-

881 1123 956 1155 ﬁcet,
972 1130 1059 1158 neque
1072 1123 1181 1149 inducat
1193 1120 1354 1148 divisionem
1369 1120 1444 1147 vocis
1457 1121 1486 1147 ἐν
1496 1119 1553 1147 δύο.
1569 1119 1668 1146 Eadem

881 1174 972 1197 autem
1000 1169 1103 1197 sentire
1124 1169 1303 1195 Athanasium
1327 1171 1355 1193 et
1373 1166 1501 1202 Cyrillum
1527 1165 1668 1200 prmdicat,

881 1216 929 1252 qui
948 1223 1029 1243 unam
1048 1215 1124 1242 verbi
1140 1219 1266 1242 naturam
1281 1214 1450 1241 incarnatam
1464 1211 1580 1240 confessi
1593 1217 1667 1240 sunt.

882 1261 949 1287 Cum
970 1260 1043 1287 enim
1066 1259 1232 1285 incarnalam
1252 1258 1388 1290 dixerunt,
1407 1262 1574 1292 assumptam
1591 1261 1669 1283 uatu-

882 1313 940 1333 ram
954 1305 1146 1340 pmdicarunt.
1162 1304 1190 1331 In
1205 1304 1246 1332 bis
1262 1311 1388 1339 pergens,
1401 1308 1430 1331 ut
1445 1308 1471 1331 et
1487 1304 1513 1330 in
1533 1303 1595 1330 aliis
1609 1302 1669 1338 ejus

881 1352 992 1386 scriptis
1008 1352 1147 1379 contendit
1161 1357 1243 1386 super
1256 1352 1307 1378 hac
1321 1357 1397 1383 voce,
1417 1349 1504 1377 tribus
1522 1348 1669 1376 ostendens

881 1398 970 1426 modis
993 1397 1053 1431 capi
1076 1404 1155 1432 posse
1177 1403 1272 1424 vocem
1295 1396 1474 1423 incarnatam.
1496 1394 1602 1422 Etenim
1624 1395 1670 1421 in-

881 1449 1003 1477 carnala,
1019 1451 1068 1478 pro
1090 1451 1200 1471 carnem
1223 1443 1325 1474 Indula,
1348 1448 1376 1470 et
1395 1441 1476 1470 veluti
1494 1441 1581 1476 elligie
1605 1449 1670 1469 con-

882 1491 1010 1524 formata,
1022 1490 1251 1524 quemadmodum
1263 1489 1362 1525 26711
1374 1497 1411 1517 aes
1422 1489 1559 1516 simulacri
1572 1489 1668 1520 formaI

29 1527 137 1562 χρῆσιν
153 1526 186 1552 ⁸⁸.
213 1526 266 1552 Καὶ
294 1527 348 1561 γὰρ
377 1526 407 1552 τὸ
430 1524 627 1560 σεσαρκωμένη
655 1523 670 1560 ἢ
695 1524 756 1551 ἀντὶ
770 1523 828 1557 τοῦ,

883 1537 952 1565 sumi
980 1538 1085 1572 possit;
1112 1537 1153 1563 vel
1172 1538 1243 1571 quod
1267 1543 1397 1563 conversa
1423 1535 1497 1562 verbi
1521 1539 1617 1562 natura
1643 1535 1668 1561 in

32 1573 123 1608 σαρκὶ
141 1572 369 1607 ὲσχηματισμένη
382 1572 429 1598 καὶ
443 1569 498 1598 οἷον
509 1571 721 1605 είδοποιηθεῐσα,
736 1570 830 1605 ὥσπερ

31 1620 47 1647 ἂ
61 1618 187 1654 χαλκοῦς
201 1619 233 1652 τῇ
253 1620 342 1653 μορφῇ
364 1618 410 1644 τοῦ
433 1617 601 1653 ἀνδριάντος,
617 1616 765 1652 ὲκληφθείη
780 1616 831 1643 ἄν·

31 1667 49 1700 ἢ
65 1665 111 1691 ὅτι
125 1665 168 1695 εἰς
196 1665 285 1697 σάρκα
303 1663 354 1698 τῆς
372 1664 420 1690 τοῦ
435 1664 523 1697 Λόγου
550 1663 659 1697 φύσεως
678 1663 832 1697 τραπείσης

33 1712 82 1737 καὶ
106 1708 168 1736 οἷον
186 1710 430 1745 ἁποσαρκωθείσης
447 1710 496 1745 μία
520 1708 656 1745 προῆλθεν
673 1708 798 1744 ἡφύσις·
814 1707 831 1743 ἦ

33 1757 74 1783 ὅτι
93 1757 149 1791 μία
158 1754 226 1782 οὖσα
243 1757 259 1791 ἡ
272 1755 319 1782 τοῦ
330 1756 421 1789 Λόγου
437 1756 518 1790 φύσις
534 1755 604 1780 κατὰ
614 1756 665 1789 τὴν
676 1754 832 1788 οἰκονομίαν

32 1802 131 1827 οὖκέτι
164 1801 213 1834 μία
244 1800 311 1836 μόνη
335 1800 404 1827 ἀλλὰ
429 1801 476 1827 καὶ
497 1800 566 1835 μετὰ
595 1800 696 1836 σαρκὸς
725 1800 834 1835 θεωρεῖ-

32 1855 92 1879 ται,
111 1847 143 1873 τὸ
159 1847 293 1880 ἄτρεπτον
315 1847 362 1873 καὶ
384 1846 565 1872 ἀναλλοίωτον
583 1846 666 1880 ἑαυτῇ
682 1854 712 1871 τε
736 1845 784 1872 καὶ
798 1846 832 1881 τῇ

33 1892 249 1929 προσληφθείσῃ
264 1893 347 1927 σαρκὶ
363 1891 541 1923 διασώζουσα.
557 1891 588 1918 Al
602 1891 651 1926 μὲν
662 1890 710 1918 οὖν
725 1891 832 1927 πρῶται

32 1939 84 1965 δύο
104 1938 256 1972 ὑπολήψεις
285 1937 472 1973 Ἀπολινάριον
499 1937 572 1963 ἴσασι
591 1936 639 1963 καὶ
658 1936 779 1970 Εὑτυχέα
791 1943 798 1950 ⁶
815 1936 832 1971 ὴ

32 1985 63 2011 δὲ
78 1984 165 2018 τρίτη
183 1983 246 2015 δόξα
262 1983 310 2010 τοῦ
328 1983 507 2018 κηρύγματος
520 1983 579 2008 ἐστι
596 1982 650 2008 τῶν
665 1981 832 2013 ἀποστόλων,

32 2031 138 2065 ἢν-καὶ
165 2029 179 2054 ὁ
208 2029 263 2056 τῶν
288 2029 431 2064 μακαρίων
455 2028 532 2063 ἡμῶν
560 2029 690 2062 Πατέρων
706 2027 726 2043 ⁸¹
753 2027 833 2063 χορὸς

33 2075 148 2102 ἐκεῖθεν
173 2074 267 2109 μαθὼν
283 2076 478 2109 συνετὴρησεν.
498 2074 554 2100 Καὶ
581 2073 661 2108 δῆλον
683 2072 730 2104 ὡς,
748 2072 774 2099 εἴ
791 2080 833 2103 τις

34 2121 166 2147 εὐσεϐεῖν
183 2120 270 2146 ἐθέλοι
280 2120 302 2136 ⁸²
319 2122 347 2147 ἐν
359 2119 396 2154 τῷ
410 2119 499 2153 λέγειν
517 2118 581 2154 μίαν
593 2117 674 2152 φύσιν
687 2117 733 2143 τοῦ
746 2116 833 2151 Λόγου

35 2166 271 2201 σεσαρκωμένην,
289 2166 320 2192 τὸ
335 2165 401 2192 αὐτὸ
414 2165 524 2200 φρονεῖν
543 2163 576 2190 ἂν
598 2162 765 2198 χαριτωθείη
779 2163 834 2192 τοῖς

35 2213 83 2238 Eoo
109 2211 210 2246 φύσεις
234 2211 402 2246 ἀδιαιρέτους
429 2210 476 2239 κα.)⁸
501 2209 670 2244 ἀσυγχύτους
693 2209 721 2235 ὲν
738 2207 776 2243 τῷ
794 2207 834 2234 ἑνὶ

35 2259 83 2283 παὶ
99 2256 142 2290 τῷ
160 2256 235 2290 αὐτῷ
250 2255 361 2290 Χριστῷ
379 2255 512 2290 θεωροῦσι
534 2263 564 2281 τε
592 2254 639 2280 καὶ
657 2252 813 2285 δοξάζουσιν
824 2259 831 2267 ⁸

36 2302 58 2325 εἰ
80 2300 112 2326 δὲ
140 2300 189 2333 μὴ,
213 2299 282 2334 πρὸς
299 2299 489 2332 Ἀπολινάριον
505 2299 522 2334 ἢ
541 2298 563 2314 ’⁸³
587 2297 709 2332 Εύτυχέα
726 2297 834 2327 πάντως

36 2347 197 2380 δραμεῖται.
209 2345 264 2371 Καὶ
277 2346 330 2380 γὰρ
345 2344 462 2378 ἐνταῦθα
474 2344 523 2380 τὴν
537 2344 601 2379 μίαν
614 2343 664 2377 μὲν
679 2342 760 2377 φύσιν
774 2342 834 2368 ἀντὶ

36 2392 87 2426 τῆς
103 2390 281 2421 ὑπ’,στάσεως
296 2390 435 2426 εἰρῆσθαι,
453 2390 483 2416 τὸ
503 2389 530 2416 δὲ
546 2388 760 2424 σεσαρκωμένην
774 2387 834 2414 ἀντὶ

36 2437 87 2471 τῆς
107 2436 283 2471 ἀνθρωπίνης
309 2436 433 2470 φύσεως,
455 2435 491 2465 ὡς
518 2435 600 2470 μηδὲν
619 2434 764 2468 διαφωνεῖν
787 2433 833 2459 τὸν

36 2481 156 2515 λέγοντα
170 2481 235 2514 μίαν
251 2481 332 2515 φύσιν
343 2480 391 2507 τοῦ
402 2480 490 2515 Λόγου
505 2479 721 2514 σεσαρκωμένην
736 2478 752 2513 ἢ
769 2478 833 2512 μίαν

38 2526 194 2551 ὑπόστασιν
217 2525 265 2552 τοῦ
283 2525 371 2559 Λόγου
388 2525 563 2561 ἀνθρωπίνην
585 2524 665 2558 φύσιν
681 2522 833 2550 ἀναλαϐοῦ-

38 2579 110 2597 σαν·
126 2571 168 2597 διὸ
191 2571 239 2598 καὶ
253 2572 278 2597 οἱ
303 2571 425 2606 Πατέρες
445 2571 522 2606 ἡμῶν
547 2569 761 2604 ὲπεξηγοὺμενοι
785 2568 834 2603 τὴν

39 2617 135 2652 φωνὴν
151 2617 313 2650 ἐπάγουσιν,
328 2618 389 2644 Οὐκ
411 2615 605 2651 ἀνῃρημένης
623 2615 678 2648 τῆς
700 2614 759 2640 τῶν
778 2615 835 2648 φύ-

40 2671 122 2690 σεων
139 2661 284 2697 διαφορᾶς
298 2662 347 2689 διὰ
363 2661 385 2677 ⁵³
399 2662 456 2692 τὴν
475 2661 596 2694 ἕνωσιν,
610 2659 779 2695 σωζομένης
799 2658 834 2685 δὲ

882 1592 1003 1615 carnem,
1030 1589 1057 1610 et
1073 1583 1150 1616 quasi
1177 1583 1314 1610 incarnata
1343 1589 1397 1609 una
1423 1581 1524 1616 prodiit
1547 1585 1668 1608 natura:

882 1632 924 1660 vel
949 1630 1019 1666 quod
1046 1638 1097 1657 una
1123 1630 1259 1658 exsiSteus
1284 1629 1362 1656 Verbi
1389 1633 1497 1660 natura,
1521 1627 1669 1655 secundum

883 1678 1099 1706 incarnationem
1115 1684 1167 1704 non
1180 1675 1297 1711 amplius
1309 1683 1360 1702 ttna
1374 1675 1441 1707 sola,
1455 1675 1501 1702 sed
1512 1682 1573 1702 cum
1586 1681 1671 1701 earuc

882 1729 1039 1760 spectetur;
1065 1722 1366 1750 iueommulabilitalem
1385 1726 1465 1755 atque
1487 1720 1669 1757 integritatem

882 1769 935 1796 sibi
945 1773 972 1797 et
981 1773 1125 1802 aswmptte
1133 1767 1208 1795 carni
1221 1774 1399 1794 conservans.
1408 1765 1505 1792 Prinne
1514 1766 1603 1801 itaque
1612 1767 1670 1793 dua:

883 1815 1099 1851 signiﬁcationes
1123 1813 1282 1849 Apollinarii
1303 1817 1331 1840 et
1349 1812 1488 1848 Eutychis,
1510 1812 1590 1838 tertia
1604 1819 1670 1838 vero

883 1870 918 1889 CX
941 1866 1032 1889 tuente
1057 1860 1240 1895 apostolormn
1269 1863 1330 1891 εει,
1354 1866 1436 1893 quam
1462 1862 1489 1884 et
1514 1861 1669 1884 sanctorum

883 1908 994 1936 Patrum
1019 1912 1176 1934 nostrorum
1201 1910 1287 1932 catus
1307 1904 1370 1931 inde
1389 1908 1529 1930 mutuatus
1547 1903 1668 1929 retinuit.

883 1954 991 1981 Clarum
1014 1959 1078 1979 vero
1093 1957 1145 1984 est,
1169 1951 1191 1978 si
1207 1951 1268 1985 quis
1287 1950 1330 1985 pie
1348 1950 1450 1977 sentire
1465 1949 1538 1980 velit,
1557 1948 1670 1976 dicendo

885 2008 965 2027 unam
977 1998 1058 2026 Verbi
1081 2002 1205 2024 naturam
1229 1997 1407 2028 iucarnatam,
1420 1996 1535 2031 gratiam
1557 1995 1671 2029 adeptu-

885 2054 957 2078 rum,
969 2045 1112 2072 sentiendo
1123 2051 1183 2071 cum
1200 2043 1233 2070 iis
1245 2043 1291 2078 qui
1308 2043 1374 2070 duas
1390 2046 1501 2069 naturas
1515 2041 1670 2069 inconfusas

885 2097 966 2126 atque
991 2090 1176 2126 itnpermistas
1197 2089 1224 2117 in
1248 2096 1301 2117 uno
1317 2093 1344 2116 et.
1363 2089 1457 2116 eodem
1477 2088 1587 2116 Christo
1610 2095 1670 2115 esse

885 2143 912 2166 et
922 2142 1100 2172 cognoscunt,
1115 2140 1142 2162 et
1156 2140 1291 2163 statuunt.
1309 2134 1413 2170 Alioqui
1430 2142 1490 2161 cum
1504 2133 1670 2168 Apollinario

885 2191 912 2213 et
930 2185 1051 2220 Eutyche
1073 2183 1166 2211 sentit.
1189 2182 1295 2209 Etenim
1313 2189 1393 2208 unam
1415 2181 1459 2208 hic
1473 2185 1598 2208 naturam
1622 2188 1670 2214 pro

851 2223 872 2250 ί)
886 2239 999 2267 persona
1016 2230 1116 2257 dictam
1130 2236 1201 2258 esse.
1216 2227 1386 2254 lncarnatam
1405 2234 1469 2253 vero
1488 2233 1537 2261 pro
1552 2226 1669 2253 humana

883 2282 981 2305 natura
997 2285 1005 2305 ι
1028 2281 1056 2302 ιιι
1072 2275 1138 2302 nihil
1163 2273 1272 2301 intersit
1287 2274 1378 2300 dicere
1392 2279 1474 2300 unam
1495 2271 1574 2299 Verbi
1589 2276 1669 2298 uatu-

884 2331 940 2350 ram
956 2323 1137 2353 incantatam,
1153 2319 1194 2346 vel
1211 2327 1289 2345 unam
1306 2318 1385 2346 Verbi
1408 2325 1550 2353 personam
1569 2318 1672 2344 bttma—
1708 2343 1710 2345 ,

882 2377 945 2396 nam
977 2367 1157 2401 assumpsisse
1191 2370 1330 2392 naturam.
1364 2363 1546 2399 Quamobrem
1577 2363 1672 2391 Patres

883 2415 969 2443 nostri
996 2415 1066 2440 hanc
1091 2419 1184 2439 vocem
1209 2411 1387 2445 explanantes
1414 2410 1550 2436 adducunt
1574 2418 1581 2437 :
1609 2408 1670 2436 Non

881 2472 987 2500 sublata
1010 2474 1168 2498 naturarum
1187 2466 1336 2502 differentia
1352 2473 1397 2499 per
1414 2466 1545 2497 unionem,
1562 2465 1607 2492 sed
1625 2473 1671 2498 po-

882 2520 934 2545 tius
954 2522 1063 2552 utraque
1083 2519 1234 2541 conservata
1255 2513 1283 2539 in
1307 2512 1412 2546 proprio
1441 2519 1543 2539 natura
1560 2512 1670 2538 termino

882 2570 907 2592 et
922 2563 1009 2596 verba,
1025 2563 1050 2590 in
1066 2569 1119 2589 uno
1140 2560 1280 2594 eodemque
1300 2559 1404 2586 Christo
1419 2557 1484 2585 Jesu
1503 2557 1555 2584 Deo
1570 2561 1668 2584 nostro.

883 2610 973 2643 Quare
989 2608 1012 2635 si
1028 2610 1189 2634 conservata
1209 2607 1422 2639 cognoscantur,
1439 2602 1545 2636 cognita
1571 2601 1670 2635 praedi-

888 2660 993 2686 cuntur.
1007 2660 1034 2681 et
1049 2660 1109 2688 quae
1123 2651 1314 2686 praedicantur,
1326 2653 1352 2676 et
1365 2652 1540 2675 numerentur
1553 2655 1559 2674 :
1573 2645 1672 2682 perspi-

683 2734 802 2763 VARl/E
823 2729 1026 2761 LECTIONES.

79 2801 102 2817 "
114 2801 140 2828 δὲ
153 2799 305 2830 σπουδαίως
318 2807 349 2825 τε
365 2799 385 2825 Α
403 2807 451 2826 ττε
469 2798 621 2829 σπουδαίως
639 2805 669 2829 ς.
701 2796 722 2811 ³⁷
737 2795 784 2822 καὶ
798 2797 857 2828 post
870 2789 921 2830 οἷς.
951 2791 973 2830 δή
985 2789 1052 2830 Θεοῦ
1070 2794 1097 2816 et
1110 2796 1171 2830 mos
1178 2787 1230 2830 ,καὶ
1239 2787 1302 2815 add.
1370 2821 1380 2830 η
1390 2786 1413 2830 ’ξ
1427 2784 1672 2830 διιιιμερίζεσλθαέεἶ

42 2837 66 2852 ⁸⁸
85 2817 452 2871 χρῖσῖ-Σῖέἔέἒῖέέιρῖωᾙέζιῆῖ
462 2817 710 2869 υΐίίιίίῖπζλῗέυιη
720 2817 947 2862 ςῖ”’δῖὲάτέῥὼν
962 2826 1041 2861 ἡμῶν
1057 2833 1087 2856 ς’.
1125 2824 1147 2840 δ’
1163 2823 1248 2850 ἐθέλει
1265 2831 1296 2855 ς.
1333 2821 1384 2857 "ﬂ
1398 2821 1418 2848 Δ
1435 2829 1443 2848 :
1457 2817 1545 2852 χαις.
1582 2819 1604 2835 ⁸⁸
1617 2817 1673 2855 διὰ]

47 2872 96 2898 καὶ
115 2869 150 2903 Λ,
167 2869 213 2896 καὶ
232 2869 301 2904 μετὰ
318 2872 398 2896 rc.A.
