1920 3092
237 138 304 172 1051

235 238 351 266 [heresis
363 239 423 266 aliis
437 239 696 274 reprehensionibus
711 241 843 270 insultare
860 250 914 270 non
927 243 1022 269 erube-

235 286 297 318 scit,
313 286 406 313 dicens
425 286 675 314 Chalcedonensem
698 289 832 322 synodum
849 297 912 316 cum
929 289 1024 324 Cyrilli

236 330 326 358 verbis
340 338 468 365 pugnare.
482 331 531 358 llic
541 332 613 358 enim
631 333 658 359 in
674 333 797 367 epistolis
810 334 844 361 ad
856 333 1023 361 Suecensmn

235 381 262 402 et
278 376 341 403 alilii
359 377 496 403 Christum
515 386 530 404 e
545 378 650 405 duabus
667 379 772 406 naturis
789 380 880 413 docet,
899 380 943 407 illa
961 388 1025 406 vero

235 422 305 448 hanc
319 430 410 449 vocent
430 424 570 458 expellens
587 424 655 451 duas
669 430 781 452 ttaturas
797 427 928 454 indivisas
943 427 1026 454 vicis-

235 466 286 493 sim
309 468 461 494 constituit.
489 468 563 495 Adeo
591 471 752 497 calunmiari
778 479 858 505 quant
881 472 1024 499 veritatem

235 514 333 540 sectari
349 515 438 541 studio
455 515 540 548 magis
556 519 597 543 est
614 515 758 543 haereticis.
777 516 933 544 Dioscorum
951 525 1026 544 natu-

236 567 288 592 que
316 559 342 586 id
359 561 429 594 quod
446 561 543 596 275b
555 569 588 588 ex
604 562 708 589 duabus
725 563 829 590 naturis
847 563 1025 597 contposituttt

235 609 296 631 erat
319 606 517 639 admittentem,
539 608 605 634 duas
620 615 685 634 vero
707 613 818 635 naturas
843 615 1025 643 recusantem,

236 650 308 684 quod
324 650 520 686 Entycltianam
536 657 643 686 saperet
661 653 788 685 ltwresin,
810 654 929 689 synodus
945 662 1026 688 repu—

237 696 330 723 diavil.
347 696 438 731 Neque
458 698 620 732 simpliciter
636 699 775 726 damnavit
789 700 855 727 illud
873 708 905 727 ex
924 701 1027 728 duabus

237 742 342 769 naturis
362 743 499 770 Christum
516 749 650 778 astruere,
665 745 713 772 sed
725 745 816 772 dicere
828 753 889 772 cum
906 745 1028 781 Eutyche

237 793 265 816 et
282 789 421 817 Dioscoro.
437 789 487 816 Per
500 790 591 817 dicere
606 791 673 818 duas
691 796 802 819 naturas
818 791 949 819 indivisas
966 800 1026 819 eum

238 835 283 869 pio
305 843 401 866 sensu,
428 835 500 862 illaut
522 837 604 863 etiam
623 844 657 863 ex
679 837 783 864 duabus
803 838 924 870 naturis,
946 838 1027 865 simul

813 142 945 172 PHOTII
956 141 1211 172 PATRIARCHAS
1229 141 1282 172 (ΣΡ.

271 195 317 223 Sic
339 195 448 230 quidem
469 195 562 229 cliugit
583 195 699 228 injustas
716 197 904 225 accusationes
920 198 1017 232 pietas.
1033 201 1057 229 Α

1795 139 1875 174 1059.

1105 196 1251 232 Ἐκφεύγει
1265 198 1314 231 μὲν
1327 194 1374 222 οὖν
1385 196 1408 212 ³³
1429 194 1501 222 οὕτω
1526 195 1576 227 τὰς
1592 195 1704 226 ἀδίκους
1735 195 1824 228 λαϐὰς
1850 198 1873 231 ἡ

1074 243 1201 270 εὐσέϐεια
1213 251 1220 258 ·
1234 243 1265 268 τὸ
1281 241 1418 276 αἱρετικὸν
1434 241 1462 268 δὲ
1477 240 1558 268 πάλιν
1567 241 1670 276 ἑτέροις
1679 240 1787 276 μώμοις
1799 244 1873 269 ἑπι-

1074 289 1162 325 σιηδᾷν
1173 288 1224 315 οὐκ
1237 287 1405 323 αἰσχύνεται,
1420 287 1465 314 καί
1481 295 1562 322 φησιν
1573 287 1611 319 ὡς
1619 288 1636 322 ἡ
1647 287 1720 314 κατὰ
1745 289 1827 324 Καλχ
1835 298 1871 323 η-

1074 335 1138 362 δόνα
1155 335 1177 350 “
1193 334 1301 366 σύνοδος
1315 335 1372 366 τοῖς
1396 333 1531 368 Κυρίλλου
1546 333 1665 368 δόγμασι
1686 334 1814 369 μάχεται.
1838 335 1874 362 '0

1077 381 1189 416 μὲνγὰρ
1205 380 1234 406 ἐν
1243 389 1273 406 τε
1297 381 1358 411 ταῖς
1373 380 1441 414 πρὸς
1460 379 1609 406 Σούκενσον
1633 380 1790 412 ἐπιστολαῖς
1819 381 1876 408 καὶ

1076 425 1192 461 ἀλλαχοῦ
1211 425 1239 452 δὲ
1249 425 1294 452 τὸν
1304 425 1421 460 Χριστὸν
1430 424 1588 460 δογματίζει
1596 426 1618 441 ⁸⁸
1638 426 1672 451 ὲκ
1684 425 1732 452 δύο
1743 426 1875 459 φύσεων,

1076 472 1094 506 ἡ
1111 472 1139 498 δὲ
1157 472 1206 506 τὴν
1217 471 1345 506 τοιαύτην
1364 471 1456 506 φωνὴν
1471 471 1671 504 όστρακίζουσα
1695 471 1745 498 δύο
1767 471 1876 505 φύσεις

1077 517 1249 553 ἁδιαιρέτους
1273 516 1528 552 ἀντεχειροτόνησεν
1543 524 1550 531 ·
1579 515 1652 543 οὕτω
1677 517 1707 543 τὸ
1726 526 1876 552 συκοφαν-

1076 565 1134 590 τεῖν
1152 563 1199 589 τοῦ
1211 562 1354 597 ἀληθεύειν
1369 562 1438 588 πολὺ
1463 563 1496 597 τῇ
1518 562 1623 596 αἱρέσει
1645 563 1875 598 σπουδαιότερον.

1078 609 1133 635 Καὶ
1147 609 1201 644 γὰρ
1211 608 1357 643 Διόσκορον
1371 609 1387 642 ἡ
1401 608 1520 640 σύνοδος,
1533 608 1563 634 τὸ
1579 608 1613 634 ὲκ
1627 608 1673 635 δύο
1691 609 1741 643 μὲν
1757 609 1877 642 φύσεων

1078 653 1232 688 δεχόμενον,
1253 652 1314 688 [451
1335 652 1382 688 Η.]
1393 653 1424 679 τὸ
1432 652 1478 679 δύο
1488 653 1516 680 δὲ
1531 652 1627 687 φύσεις
1637 653 1688 680 οὐκ
1703 655 1878 689 ἀνεχόμενον

1077 699 1216 732 δέξασθαι,
1232 699 1270 730 ὡς
1292 699 1327 725 τὰ
1337 698 1384 725 τοῦ
1400 699 1537 733 Εύτυχοῦς
1565 699 1698 726 νοσοῦντα
1722 700 1848 726 διώσατο
1867 708 1877 715 ·

1079 746 1126 772 καὶ
1134 745 1183 780 οὐχ
1203 744 1296 776 ἁπλῶς
1311 745 1458 780 ἐξεκήρυξε
1473 745 1503 771 τὸ
1524 746 1556 771 ἐκ
1574 745 1621 771 δύο
1638 745 1728 779 λέγειν
1760 746 1879 780 φύσεων

1078 791 1123 817 τὸν
1137 790 1268 825 Χριστὸν.
1283 790 1351 817 ἀλλὰ
1367 791 1398 816 τὸ
1411 791 1501 824 λέγειν
1518 791 1578 817 κατ’
1602 791 1724 826 Εὑτυχέα
1738 792 1788 818 καὶ
1808 792 1879 818 Διό-

1080 845 1190 873 σκορον.
1207 837 1256 863 Διὰ
1271 837 1362 872 μέντοι
1371 836 1418 863 τοῦ
1433 836 1480 863 δύο
1497 836 1592 871 φύσεις
1611 837 1784 871 ἀδιαιρέτους
1800 837 1881 871 μετὰ

239 881 399 908 introduxit.
417 882 484 914 Quia
505 882 641 917 Eutychus
660 890 675 910 e
697 883 801 910 duabus
821 883 889 910 dixit
910 884 1025 917 naturis,

1110 882 1128 917 ίς
1142 882 1270 914 εὐσεϐοῦς
1282 882 1402 914 διανοίας
1421 882 1512 916 λέγειν
1531 883 1617 917 αὐτὴν
1641 883 1732 913 καὶτὸ
1765 884 1800 908 ὲκ
1826 883 1882 909 δύο

238 926 319 960 impie
333 935 407 960 vero,
420 933 538 955 constat.
555 927 611 954 Non
626 929 708 962 igitur
723 934 827 963 gratam
843 929 961 964 aliquant
977 930 1028 966 Cy-

237 972 299 999 rillo
314 980 418 1006 vocem,
431 974 478 1001 sed
493 974 603 1009 impiant
622 975 751 1010 Eutychis
765 977 928 1002 sententiam
944 983 1028 1011 syno-

238 1019 288 1046 dus
301 1019 403 1054 rejccit.
415 1020 521 1048 Etenim
536 1021 686 1047 secundum
700 1023 817 1055 medium
828 1030 921 1049 earum
934 1030 1026 1050 rerum

238 1072 297 1099 qua:
307 1065 477 1093 Chalcedone
484 1071 558 1100 gesta
570 1071 643 1098 sunt.
654 1067 723 1094 lecta
736 1067 788 1095 lide
797 1068 885 1095 sancti
896 1068 1028 1102 Flaviani,

239 1111 266 1137 itt
280 1119 331 1146 qua
346 1112 496 1145 scriptum:
513 1111 574 1138 Pou
589 1112 797 1139 incarnationem
808 1121 821 1140 e
835 1112 937 1140 duabus
951 1120 1029 1140 ηαιιι-

239 1158 275 1183 ris
293 1163 414 1184 constare
432 1158 588 1191 conﬁtentur
604 1158 754 1190 Christum,
770 1160 797 1185 in
815 1167 867 1185 una
881 1158 1028 1194 Itpyouasi,

239 1211 342 1238 tntaque
364 1212 483 1237 persona,
499 1212 579 1230 unum
594 1204 738 1237 Christum,
759 1213 839 1230 unum
855 1204 955 1231 Filium
967 1213 1030 1231 con-

239 1251 352 1283 ﬁtentes,
373 1250 536 1277 exclamavit
558 1251 699 1286 synodus,
724 1253 796 1285 ipsos
809 1252 849 1278 sic
863 1252 982 1283 sentire,
1003 1256 1030 1279 et

239 1295 349 1322 Patrum
364 1295 444 1322 tidem
459 1296 528 1324 hanc
543 1304 604 1324 esse
617 1304 791 1332 cognoscere.
809 1297 948 1329 Quomodo
966 1305 1030 1332 ergo

239 1341 297 1367 haec
313 1341 416 1373 dicens,
439 1341 479 1368 vel
495 1349 556 1368 cum
574 1341 676 1376 Cyrillo
693 1346 804 1376 pugnat,
823 1341 864 1369 vel
876 1348 1031 1370 asserentes

240 1387 284 1421 pie
304 1395 320 1414 e
345 1387 452 1414 duabus
474 1387 580 1415 naturis
601 1388 762 1415 aversatur?
784 1387 847 1415 lLec
866 1395 1032 1423 persequens

239 1433 383 1468 episcopus
404 1433 534 1467 Eulogius
549 1438 576 1461 et
596 1434 809 1461 admonitionem
827 1434 963 1469 praedictis
982 1435 1032 1462 ad-

241 1478 318 1511 dens,
332 1480 364 1505 ad
385 1479 512 1506 ttniottent
532 1479 660 1507 Ecclesia:
674 1481 828 1508 desertores
847 1485 1030 1513 revocantem,

240 1525 361 1552 sermoni
379 1525 459 1552 linettt
478 1525 604 1560 itnputtit.

1079 928 1186 962 φύσεων
1206 929 1415 965 συνεισὴγαγεν.
1432 929 1494 955 Ὅτι
1507 929 1561 964 γὰρ
1578 929 1701 963 Εὺτυχὴς
1715 929 1748 954 ἐκ
1759 928 1809 954 δύο
1824 929 1881 963 μὲν

1078 976 1156 1009 ἔλεγε
1169 976 1286 1009 φύσεων,
1300 975 1439 1007 δυσσεϐῶς
1453 976 1493 1008 δὲ,
1508 975 1652 1011 πρόδηλον.
1665 976 1702 1002 Οὐ
1716 975 1809 1002 τοίνυν
1822 976 1883 1010 τὴν

1080 1022 1216 1056 Κυρίλλσυ
1234 1022 1315 1057 φίλην
1332 1022 1435 1057 φωνὴν,
1450 1022 1518 1048 ἀλλὰ
1531 1022 1581 1056 τὴν
1595 1021 1732 1056 Εὑτυχοῦς
1769 1022 1880 1047 δυσσέ-

1079 1066 1156 1094 ϐειαν
1168 1069 1184 1102 ἡ
1203 1067 1312 1099 σύνοδος
1327 1067 1522 1102 ἀπεπέμψατο.
1536 1067 1591 1094 Καὶ
1602 1067 1656 1102 γὰρ
1670 1068 1717 1093 καὶ
1740 1067 1802 1094 κατ’
1825 1067 1882 1093 αὒ-

1079 1113 1151 1140 τὸτὸ
1167 1113 1249 1148 μέσον
1273 1113 1328 1140 τῶν
1350 1115 1379 1140 ἐν
1403 1113 1560 1148 Καλχηδόνι
1589 1113 1796 1147 πεπραγμένων
1823 1113 1883 1147 τῆς

1081 1159 1201 1190 πίστεως
1211 1160 1261 1186 τοῦ
1276 1161 1305 1186 ὲν
1320 1159 1408 1194 ἁγίοις
1429 1159 1579 1186 Φλαόιανοῦ
1601 1158 1882 1193 ἁναγινωσκομένης,

1081 1207 1110 1232 ὲν
1185 1205 1350 1241 ἐγέγραπτο,
1368 1205 1421 1232 Ἐκ
1439 1205 1494 1232 δύο
1513 1205 1635 1238 φύσεων
1666 1203 1885 1238 ὁμολογοῦμεν·

1080 1250 1158 1278 εἶναι
1173 1252 1227 1278 τὸν
1240 1252 1370 1285 Χριστὸν
1392 1252 1467 1286 μετὰ
1490 1251 1549 1285 τὴν
1564 1249 1809 1284 ἐνανθμῦπησιν.
1844 1249 1885 1276 ἐν

1077 1295 1133 1332 μιᾷ
1152 1296 1330 1329 ὑποστάσει,
1351 1296 1386 1322 ὲν
1411 1296 1457 1323 ἑνὶ
1474 1296 1636 1330 προσώπῳ,
1661 1295 1716 1322 ἕνα
1733 1295 1885 1329 Χριστὸν,

1080 1341 1135 1370 ἕνα
1153 1342 1222 1368 Υὶὸν
1237 1342 1468 1377 ὁμολογοῦντες,
1493 1343 1509 1378 ἠ
1536 1342 1646 1373 σύνοδος
1659 1341 1805 1375 ἐξεϐόησεν
1829 1342 1887 1366 αὐ-

1081 1387 1146 1418 τούς
1164 1396 1193 1413 τε
1210 1387 1282 1414 οὕτω
1296 1388 1405 1422 φρονεῖν
1416 1387 1530 1414 καὶτῶν
1549 1387 1679 1422 Πατέρων
1694 1386 1786 1413 πίστιν
1803 1383 1888 1412 εἶναι

1081 1434 1183 1468 ταύτην
1200 1433 1374 1461 ἐπίστασθαι.
1392 1433 1454 1465 Πῶς
1467 1433 1512 1459 οὖν
1524 1433 1538 1468 ἦ
1554 1433 1640 1459 ταῦτα
1652 1432 1771 1465 λέγουσα
1787 1431 1804 1465 ἢ
1818 1432 1889 1457 Κυ-

1084 1479 1166 1516 ρίλλῳ
1188 1479 1314 1514 μάχεται,
1341 1480 1357 1515 ἢ
1376 1480 1439 1511 τοὺς
1476 1479 1606 1513 λέγοντας
1626 1478 1746 1509 εὐσεϐῶς
1776 1478 1811 1503 ἑκ
1834 1477 1890 1504 δύο

1084 1526 1191 1561 φύσεων
1208 1526 1430 1562 ἁποστρέφεται;
1445 1526 1537 1553 Ταῦτα
1556 1525 1699 1557 διεξελθὼν
1714 1525 1735 1540 ⁸⁷
1751 1526 1765 1552 ὁ
1780 1525 1889 1560 ίεράρ-

242 1580 294 1608 χης
311 1571 451 1606 Εὐλόγιος,
469 1572 516 1598 καὶ
531 1571 694 1607 παραίνεσιν
710 1571 780 1607 πρὸς
811 1571 910 1599 ἕνωσιν
934 1571 1168 1607 ἐκκλησιαστικὴν
1183 1572 1247 1604 τοὺς
1282 1571 1430 1604 διεστῶτας
1460 1570 1673 1608 παρακαλοῦσαν
1705 1571 1762 1602 τοῖς
1799 1571 1891 1606 εἰρη-

242 1620 334 1654 μένοις
348 1619 464 1652 ὲπιοεὶς,
481 1621 599 1656 περατοῖ
612 1620 658 1647 τὸν
669 1620 692 1636 ⁸⁸
709 1619 800 1654 λόγον.

278 1666 405 1694 Proxima
437 1675 546 1703 quoque
577 1669 666 1695 oratio
696 1674 791 1697 contra
822 1668 1030 1697 calumniatores

1123 1665 1178 1692 Καὶ
1202 1665 1216 1691 ὁ
1234 1664 1333 1700 ἑφεξῆς
1344 1664 1372 1691 δὲ
1389 1663 1467 1698 λόγος
1480 1663 1551 1690 κατὰ
1564 1663 1618 1689 τῶν
1632 1661 1812 1696 συκοφαντῶν
1833 1662 1892 1696 τῆς

242 1711 470 1741 Chalcedonensis
486 1715 580 1749 synodi
595 1714 667 1742 serio
681 1715 754 1750 agit;
773 1715 859 1742 tttitur
872 1723 937 1742 vero
948 1715 1030 1741 etiam

243 1759 287 1785 hic
306 1759 429 1793 exemplo
451 1759 584 1792 hominis,
608 1768 661 1794 quo
685 1761 729 1794 pie
750 1768 814 1787 usus
837 1765 878 1787 est
902 1760 1030 1794 Cyrillus,

243 1804 324 1838 itnpie
339 1812 401 1831 vero
413 1813 511 1831 novum
525 1805 590 1839 quid
605 1804 717 1839 profert.
733 1805 838 1833 Asserit
852 1813 932 1832 unam
953 1810 1033 1832 natu-

243 1857 300 1876 ram
315 1850 347 1876 de
366 1849 485 1881 Christo,
501 1850 728 1884 quemadmodum
745 1855 773 1878 et
788 1851 822 1878 de
842 1850 952 1878 homine
967 1850 1032 1877 dici.

242 1895 300 1921 Nisi
313 1901 448 1930 quatenus
466 1904 515 1930 pro
531 1897 630 1930 pietate
646 1896 712 1930 agit,
727 1902 822 1923 contra
843 1897 928 1930 ipsam
946 1897 1033 1930 magis

243 1947 355 1976 pugnat.
373 1943 437 1969 licet
452 1951 505 1969 nott
521 1943 632 1970 sentiat.
649 1943 756 1969 Asserit
773 1943 845 1969 enim
862 1943 895 1969 de
911 1942 1033 1969 dissimi-

242 1991 312 2018 libus
324 1992 456 2026 partibus,
469 1997 554 2019 totum
572 1992 687 2026 partium
702 1993 859 2020 nominibus
876 2000 929 2019 non
943 1991 1034 2020 nomi-

243 2037 313 2068 nari,
325 2037 372 2064 sed
388 2038 497 2072 propria
510 2037 689 2072 appellatione
705 2038 826 2072 agnosci.
852 2037 880 2065 Si
894 2045 958 2065 Vero
970 2038 1033 2068 hoc.

243 2082 323 2108 unius
339 2089 401 2109 esse
414 2087 593 2116 cognoscetur
609 2087 724 2113 naturze,
745 2082 859 2109 haeresis
875 2082 916 2109 sic
931 2081 1034 2115 captio-

243 2134 304 2154 nem
330 2127 422 2155 nectit.
447 2126 497 2154 llic
519 2134 586 2155 vero
621 2127 701 2154 Verbi
734 2127 883 2161 discipulus
905 2126 1035 2159 Eulogius

242 2172 472 2208 vaniloquentiam
498 2173 570 2200 illius
588 2173 754 2208 redarguens
776 2172 888 2199 Patrum
912 2172 1036 2200 testimo-

243 2219 306 2251 niis,
317 2220 434 2246 ostendit
449 2219 558 2253 proprie
570 2222 598 2245 et
615 2226 678 2245 vere
692 2226 774 2245 uttunt
786 2218 930 2245 Dominum
941 2217 1034 2245 .lesum

242 2265 380 2292 Christum
400 2270 427 2292 et
445 2264 529 2292 Deum
545 2264 675 2299 appellari
693 2268 720 2292 et
737 2264 886 2292 hominem.
905 2264 995 2296 Quare
1011 2264 1034 2291 si

243 2311 270 2338 itt
287 2311 387 2346 quibus
400 2315 486 2338 totum
501 2311 617 2346 partium
631 2310 741 2338 nomitta
757 2318 810 2338 tton
822 2310 930 2344 recipit,
948 2317 1036 2345 neque

1083 1712 1112 1738 ἐν
1128 1711 1281 1746 Καλχηδόνι
1309 1710 1418 1736 συνόδου
1435 1709 1485 1744 τὴν
1501 1709 1620 1744 σπουδὴν
1643 1707 1712 1742 ἔχει.
1738 1707 1892 1741 Γυμνάζει

1082 1759 1110 1785 δὲ
1124 1757 1264 1784 κάνταῦθα
1274 1757 1305 1783 τὸ
1320 1756 1392 1783 κατὰ
1410 1755 1456 1782 τὸν
1480 1755 1626 1790 ἄνθρωπον
1644 1754 1846 1789 παρᾱδειγμα,
1865 1751 1890 1787 ᾧ

1083 1804 1218 1839 κέχρηται
1236 1803 1286 1838 μὲν
1310 1802 1445 1836 Κύριλλος
1457 1801 1590 1833 εὐσεὸῶς,
1617 1800 1751 1835 προφέρει
1767 1799 1797 1826 δὲ
1817 1800 1892 1826 δυσ-

1084 1851 1171 1882 σεὸῶς
1185 1850 1215 1876 τὸ
1226 1849 1376 1883 ἀλλόφυλον
1389 1857 1397 1864 ·
1416 1848 1549 1884 προφέρει
1561 1847 1616 1883 γὰρ
1632 1848 1676 1873 ἵνα
1697 1847 1763 1881 μίαν
1793 1845 1889 1879 φύσιν

1083 1897 1131 1923 ἐπὶ
1145 1896 1274 1931 Χριστοῦ,
1297 1895 1394 1930 ὥσπερ
1413 1894 1461 1921 καὶ
1477 1895 1524 1921 ἐπὶ
1538 1894 1585 1920 τοῦ
1614 1892 1771 1928 ἀνθρώπου,
1802 1892 1892 1927 λέγε-

1085 1943 1148 1969 σθαι
1163 1941 1325 1977 δογματίαῃ.
1345 1941 1417 1976 Πλὴν
1430 1940 1459 1973 ἐξ
1480 1936 1518 1967 ὧν
1542 1940 1612 1973 ὑπὲρ
1635 1939 1685 1973 τῆς
1713 1937 1853 1969 ἀσεϐείας
1866 1938 1892 1954 δ’

1086 1988 1242 2020 σπουδάζει,
1257 1987 1318 2014 κατ’
1333 1987 1418 2022 αὐτῆς
1435 1987 1545 2022 μᾶλλον,
1571 1985 1622 2012 κᾶν
1633 1985 1682 2011 οὐκ
1701 1983 1752 2019 ἔχῃ
1764 1982 1816 2018 τὴν
1840 1982 1891 2009 αἰ-

1086 2035 1192 2069 σθησιν,
1208 2032 1388 2066 ὲξοπλίζεται.
1409 2032 1492 2067 Λέγει
1519 2032 1575 2066 γὰρ
1599 2031 1639 2062 ὡς
1672 2029 1720 2055 ἐπὶ
1748 2027 1805 2054 τῶν
1838 2029 1892 2054 ἁν-

1095 2079 1270 2115 ομοιομερῶν
1280 2079 1311 2105 τὸ
1335 2079 1395 2105 ὅλον
1416 2079 1477 2110 ταῖς
1500 2077 1554 2104 τῶν
1571 2075 1662 2112 μερῶν
1681 2073 1890 2110 προσηγορίαις

1085 2126 1135 2152 οὐκ
1153 2125 1327 2159 ὀνομάζεται,
1344 2123 1402 2150 ἀλλ’
1421 2121 1561 2158 ίδιαζούσῃ
1578 2121 1675 2156 κλήσει
1689 2119 1867 2154 γνωρίζεται
1880 2126 1888 2132 ·

1085 2172 1149 2198 εἰδὲ
1158 2171 1249 2203 τοῦτο,
1275 2171 1322 2197 καὶ
1337 2170 1401 2205 μιᾶς
1426 2168 1618 2204 γνωσθήσεται
1635 2166 1756 2200 φύσεως.
1780 2165 1814 2192 Ἦ
1833 2165 1889 2200 μὲν

1086 2218 1194 2254 αἵρεσις
1207 2217 1279 2243 οὕτω
1289 2216 1441 2251 συμπλέκει
1452 2215 1483 2242 τὸ
1495 2215 1627 2249 σόφισμα,
1643 2213 1658 2239 ὁ
1682 2212 1711 2239 δὲ
1725 2211 1776 2238 τοῦ
1793 2211 1890 2245 Λόγου

1088 2264 1213 2300 μαθητὴς
1224 2263 1352 2297 Εὺλόγιος
1365 2262 1395 2289 τὺ
1409 2261 1591 2297 ματαιολόγον
1608 2258 1695 2294 αὐτῆς
1726 2256 1890 2291 ἐξελέγξας,

1087 2310 1237 2345 πατρικαῖς
1258 2309 1427 2335 ἐπιδείκνυσι
1456 2306 1623 2342 μαρτυρίαις
1653 2305 1758 2340 κυρίως
1780 2313 1813 2331 τε
1841 2305 1892 2332 καὶ

244 2364 296 2383 una
314 2357 461 2388 inducitur,
477 2357 504 2384 in
522 2357 621 2392 quibus
638 2360 724 2383 totum
740 2355 858 2390 partiuttt
874 2355 1030 2390 appellatio-

1110 2355 1193 2388 ιηθῶς
1210 2355 1256 2381 τὸν
1270 2355 1319 2381 ἕνα
1335 2354 1439 2389 Κύριον
1463 2351 1569 2388 Ἰησοῦν
1596 2351 1714 2387 Χριστὺν
1738 2349 1788 2376 καὶ
1818 2349 1892 2376 Θεὸν

243 2409 292 2428 nes
313 2402 421 2436 proprie
441 2402 571 2437 suscipit;
598 2401 625 2429 itt
649 2401 693 2429 his
716 2401 789 2429 enim
811 2405 839 2428 et
859 2408 912 2427 una
937 2405 1035 2428 natura

243 2452 434 2482 eognoscetur.

1088 2400 1233 2428 καλεῖσθαι
1252 2402 1299 2427 καὶ
1313 2400 1470 2435 ἄνθρωπον,
1486 2398 1556 2425 ὥστε
1565 2398 1590 2424 εἰ
1607 2397 1649 2432 ἐφ’
1664 2393 1703 2424 ὧν
1719 2396 1750 2423 τὸ
1758 2396 1822 2423 ὅλον
1838 2395 1894 2427 τὰς

1088 2447 1144 2474 τῶν
1156 2448 1179 2465 ⁸ο
1197 2447 1290 2484 μερῶν
1305 2446 1493 2482 προσηγορίας
1520 2445 1551 2472 οὺ
1566 2444 1686 2479 δέχεται,
1702 2442 1757 2470 οὐδ’
1787 2443 1806 2477 ἠ
1835 2442 1890 2478 μία

244 2493 445 2527 συνεισάγεται,
460 2494 502 2528 ἐφ’
514 2490 552 2520 ὧν
560 2493 591 2520 τὸ
600 2493 661 2521 ὅλον
675 2494 698 2510 ⁵¹
715 2493 770 2520 τῶν
785 2492 877 2528 μερῶν
892 2492 942 2524 τὰς
959 2492 1073 2528 κλήσεις
1107 2494 1210 2530 κυρίως
1246 2493 1418 2529 ἀναδέχεται,
1445 2492 1488 2518 ἐπ’
1516 2490 1631 2518 ἐκείνων
1658 2490 1681 2506 ⁸¹
1700 2489 1750 2531 tul.
1778 2489 1797 2523 ὴ
1834 2488 1893 2524 μία

243 2537 325 2572 φύσις
344 2538 616 2574 συνθεωρηοήσεται.

277 2587 368 2619 Quare
394 2587 503 2622 sapiens
531 2592 628 2615 auctor
657 2586 767 2614 adducit
792 2587 884 2614 divum
902 2586 1034 2620 Cyrillum

243 2632 362 2667 seipsunt
390 2633 594 2665 elucidanlem,
631 2633 767 2668 quomodo
803 2632 903 2667 276a
933 2637 962 2659 et
989 2640 1036 2660 cur

243 2678 369 2712 exemplo
387 2679 506 2706 hominis
520 2687 585 2706 ustts
599 2678 644 2706 sit.
662 2677 806 2706 Theodoro
822 2678 893 2705 enim
911 2676 1036 2711 Mopsue-

1130 2586 1162 2612 Ὀ
1182 2585 1274 2620 μέντοι
1288 2593 1321 2618 γε
1336 2585 1417 2618 σοφδς
1429 2581 1607 2618 συγγραφεὺς
1620 2579 1742 2615 παράγει
1749 2579 1796 2605 ςδν
1814 2577 1893 2613 ἱερδν

1090 2631 1227 2667 Κύριλλον
1243 2630 1433 2666 ὲρμηνεύοντα
1459 2627 1568 2661 ἑαυτὸν,
1580 2627 1654 2658 ὅπως
1678 2625 1726 2652 καὶ
1749 2624 1793 2659 ἐφ’
1805 2620 1830 2658 ᾧ
1850 2623 1894 2658 τῷ

1089 2677 1163 2704 κατὰ
1177 2678 1224 2703 τὸν
1238 2676 1381 2712 ἄνθρωπον
1405 2674 1544 2710 ἐχρήσατο
1571 2670 1791 2707 παραδείγματι.
1819 2670 1893 2695 Θεο-

879 2757 998 2785 νΑιιιιΕ
1019 2756 1223 2785 LEC'I'IONES.

294 2816 317 2832 “
335 2814 382 2844 οὖν
394 2817 454 2843 add.
474 2816 506 2843 Δ.
560 2817 582 2832 ⁸⁵
598 2821 635 2853 νει
652 2851 656 2853 Δ
677 2815 760 2853 infra,
775 2814 931 2853 λΧαλκηΒ.Δ
985 2814 1006 2853 ις

245 2852 270 2879 Δ
319 2853 340 2868 ⁵³
353 2853 479 2883 ἀσεϐείας
501 2860 575 2887 mg.:
597 2851 657 2879 libri
674 2851 824 2882 εὑσεϋείις,
862 2852 885 2866 δι’
905 2850 954 2881 τὰς
973 2850 1038 2876 τῶν.

985 2813 1008 2828 ⁸⁸
1019 2814 1052 2839 ἐκ
1065 2812 1112 2839 δύο
1125 2810 1284 2846 δογματίζει
1304 2818 1334 2846 ς.
1371 2810 1394 2846 ξ’
1410 2808 1496 2846 ταῦτα
1510 2807 1539 2835 δὲ
1563 2807 1629 2846 διεξ.
1649 2815 1680 2846 ς.

1076 2849 1097 2864 ⁰¹
1114 2848 1144 2874 τὸ
1158 2841 1220 2875 ὅλον
1234 2841 1288 2875 οιιι.
1303 2845 1333 2873 Β.
1373 2845 1395 2861 ⁸⁸
1410 2844 1522 2871 ὲκεενων
1540 2843 1595 2879 γὰρ
1621 2841 1669 2870 καὶ
1692 2841 1710 2876 ἡ
1733 2849 1764 2873 ς.

1720 2805 1745 2821 ⁸⁸
1760 2804 1808 2832 τὸν
1821 2803 1890 2832 add.
