1920 3092
246 151 318 184 1055

828 152 960 183 PHOTII
974 151 1229 183 PATRIARCIHS
1255 151 1309 180 (ΖΡ.

1804 142 1884 175 1055

246 208 331 238 στός.
346 206 452 241 Ὥσπερ
467 204 513 232 οὖν
529 205 560 232 οὐ
577 205 671 240 τέμνει
685 205 717 232 τὸ
740 205 807 238 Θεὸς
821 207 868 234 καὶ
882 207 1026 243 ἄνθρωπος
1044 207 1090 234 τὸν
1101 207 1150 233 ἕνα
1164 205 1291 241 Χριστὸν,
1321 203 1380 230 οῦδὲ
1406 202 1436 228 τὸ
1464 201 1618 236 ἀμφότερα,
1648 200 1708 226 οὐδὲ
1737 200 1770 226 τὺ
1807 202 1884 227 ἐχά-

245 259 324 286 τεραν
342 251 428 282 οὕτως
441 251 501 277 οὐδὲ
516 251 546 277 τὸ
562 251 618 283 δύο,
634 252 659 278 εί
673 252 712 288 μὴ
728 252 774 279 τὸν
789 253 852 280 νοῦν
871 254 968 289 εῐησαν
980 254 1180 289 ὲκτετμημένοι
1211 252 1284 283 τινὲς
1319 250 1366 277 καὶ
1398 249 1445 276 τοῦ
1484 248 1567 276 καλοῦ
1584 247 1706 282 σπορέως
1720 248 1744 263 ³²
1775 247 1883 274 οὐδένα

247 297 352 332 καρπὸν
365 296 445 330 φῦναι
459 297 481 312 ⁸³
499 296 656 331 δυνάμενοι.

283 344 322 370 Τιι
346 351 411 370 vero
436 344 504 371 mihi
527 345 670 372 considera
698 346 799 372 iterum
827 351 954 373 novatam
978 345 1031 379 jam

1122 343 1158 369 Σὺ
1173 341 1201 368 δέ
1211 350 1255 376 μοι
1269 341 1366 368 σκόπει
1381 339 1462 366 πάλιν
1471 339 1682 374 νεανιευομένην
1695 339 1746 374 τὴν
1756 339 1885 374 αἵρεσιν.

246 387 381 414 haeresim.
397 387 524 422 Cyrillus,
547 388 595 420 ait,
610 389 679 416 duas
699 387 811 416 naturas
828 390 920 416 dicere
935 390 1033 416 indivi-

245 440 291 460 sas
305 433 454 464 damnavit,
470 433 658 460 contradicere
676 439 774 468 putans
788 435 909 469 opinioni
934 435 1033 462 dicenti

245 485 327 503 imam
343 484 404 504 esse
422 477 500 505 Verbi
517 478 684 504 incarnatam
698 484 823 505 naturam
837 487 844 511 ;
861 479 967 506 facilius
985 487 1034 506 au-

245 527 299 550 tent
317 524 376 557 ejus
393 523 478 550 fastus
492 524 626 557 dejicitur.
651 524 799 558 Dupliciter
812 525 884 552 enint
902 525 946 553 hic
963 526 1034 553 indi-

245 571 351 603 visum,
370 577 398 598 ιιι
423 571 502 602 et,in
518 571 577 598 aliis
607 579 665 598 suis
692 572 863 599 sermonibus
891 573 1034 606 praedictus

246 617 362 651 scriptor
373 617 501 648 ostendit,
513 622 540 642 ut
552 622 672 651 apparet.
686 616 718 643 Et
729 617 778 644 ltoc
791 618 900 651 quidem
911 617 1033 645 Nestorio

246 661 375 692 anticum,
390 661 455 693 illud
471 662 522 696 piis
533 662 705 692 ltouoratnm,
719 667 746 688 et
761 667 903 696 propterea
921 662 992 688 inter
1005 669 1034 689 se

245 711 360 732 certant.
384 706 441 733 lloc
463 706 533 733 enim
567 707 695 734 relatione
715 706 880 740 indivisuut,
905 712 934 733 ut
957 714 1032 734 artua

246 751 362 778 Nestorii
380 753 533 779 excutitur:
556 752 621 779 illud
645 760 709 779 vero
725 753 860 787 hypouasi
879 753 1031 786 indivisum,

245 796 288 822 vel
306 796 473 831 Itypostatica
489 797 563 828 unio.
581 797 654 824 clare
667 801 694 824 et
713 797 877 831 praedicatur
899 802 928 825 et
942 797 1034 831 expla-

246 847 337 868 natur.
365 843 455 876 Quare
477 843 546 870 sicut
571 843 593 870 si
622 843 684 877 quis
711 844 838 870 unionem
867 843 893 870 in
924 843 1032 871 Christo

245 894 381 918 asserens,
396 895 450 914 non
467 893 574 922 coaptet
588 888 679 914 uuioui
694 889 864 923 hypostasiu,
877 894 1031 922 suspectum

245 933 356 960 verbum
372 934 479 961 reddit:
499 935 539 961 sic
559 935 581 961 si
603 935 665 969 quis
687 935 753 962 duas
773 939 885 962 naturas
902 935 1033 962 indivisas

245 979 355 1011 dixerit,
365 987 415 1006 non
429 979 579 1014 adjungeus
592 980 653 1012 hoc,
668 981 810 1006 secundant
826 980 988 1014 Itypostaxiu,
1006 981 1030 1007 in

244 1024 366 1052 eamdem
387 1026 566 1060 suspicionem
587 1026 689 1053 incidit.
710 1026 750 1053 Ad
775 1027 902 1053 eumdem
924 1026 1030 1052 modum
1049 1022 1068 1049 Β

245 1077 368 1098 asserens
380 1071 424 1098 Dei
438 1071 552 1098 Verbqu
562 1079 702 1099 assumere
714 1071 862 1103 hominem,
874 1072 926 1098 nisi
939 1079 1031 1098 vocem

245 1123 377 1142 assumere
393 1116 502 1142 aliunde
533 1120 649 1150 exponat
664 1116 737 1151 (nam
757 1116 812 1143 lieri
830 1120 917 1150 potest
930 1136 936 1148 ,
953 1120 983 1142 ut
998 1124 1031 1143 ex

243 1157 359 1187 Nestorii
376 1165 463 1186 tuente
476 1167 522 1186 seu
541 1160 685 1194 opinione,
707 1160 749 1186 vel
768 1168 802 1187 ex
820 1160 971 1187 orthodoxa
987 1168 1031 1186 ra-

245 1205 316 1231 tiotte
331 1204 463 1238 explicata
478 1205 645 1231 auditoribus
660 1211 768 1230 causam
795 1204 848 1240 [vel
865 1204 974 1231 errandi
990 1204 1032 1230 vel

245 1255 317 1276 recte
341 1249 493 1285 sentiendi]
521 1250 675 1284 praebeat),
701 1250 778 1284 culpa
807 1250 916 1276 minime
941 1255 1030 1277 vacat.

244 1295 414 1328 Quapropter
443 1295 561 1329 Cyrillns
587 1295 614 1321 iu
639 1294 817 1322 conciliandis
838 1295 1031 1321 controversiis

244 1345 354 1372 acutus,
372 1340 398 1366 in
416 1339 549 1367 Thesauro
567 1349 629 1374 suo,
652 1349 666 1367 a
687 1341 741 1368 Deo
757 1340 844 1367 Verbo
863 1345 1031 1374 assumptum

243 1393 276 1412 ex
291 1386 372 1412 Maria
389 1386 526 1413 hominem
541 1387 623 1414 veluti
635 1391 737 1413 vestem
753 1391 799 1413 aut
814 1387 943 1420 templum
960 1388 1032 1413 allir-

244 1435 314 1462 mat;
333 1430 359 1456 iu
370 1430 492 1464 epistolis
507 1438 572 1458 vero
590 1432 622 1458 ad
642 1432 808 1458 Sncccusuut
825 1440 832 1458 :
848 1431 936 1465 Igitur
952 1436 1030 1458 homo

244 1475 330 1508 factus
343 1481 390 1508 est,
405 1476 502 1510 inquit,
520 1485 571 1503 non
582 1482 669 1504 autent
685 1477 816 1504 hominem
832 1478 987 1511 assumpsit,
1003 1482 1030 1505 ut

245 1519 384 1548 Nestorius
398 1521 480 1548 docet.
490 1523 578 1556 Atque
589 1522 737 1550 advertesis
751 1521 844 1556 judicii
855 1523 992 1550 solertiam
1005 1527 1032 1551 et

244 1567 427 1601 prndentiatn.
445 1567 494 1595 llic
512 1573 679 1603 assntttptutn
698 1569 834 1596 hominem
857 1573 886 1596 ut
903 1569 1030 1604 templum

242 1617 337 1638 sancte
356 1612 466 1644 asserit,
492 1617 519 1639 et
540 1618 628 1640 tamen
641 1612 742 1647 277a
760 1611 925 1645 Nestorium,
945 1613 1031 1640 homi-

243 1665 303 1684 neut
315 1657 342 1693 [ιι
354 1657 419 1693 Deo]
431 1663 596 1692 assumptum
610 1663 776 1686 asserentent
787 1658 908 1685 damnat.
920 1657 1030 1685 Utrum-

241 1711 296 1738 qtte
308 1692 373 1730 sane
389 1708 462 1730 recte
479 1704 586 1738 pieque.
606 1703 711 1730 Etenim
728 1703 870 1731 Nestorius
891 1704 1027 1730 hominem
1043 1692 1065 1723 C

243 1754 294 1772 una
316 1754 376 1772 cum
392 1747 531 1781 hypostasi
549 1748 664 1774 humana
681 1754 849 1782 assumptum
867 1748 1030 1782 uagabatur.

241 1791 359 1828 Cyrillus
383 1792 465 1827 igitur
485 1793 563 1819 docet
584 1792 667 1820 Deum
695 1798 831 1828 assumpta
850 1793 1030 1826 humanitate,

242 1839 299 1866 sive
321 1839 525 1873 pratexsistente
547 1838 605 1866 sive
628 1839 794 1866 subsistente
814 1840 955 1875 hypostasi
981 1840 1032 1866 lm-

243 1891 334 1914 mana,
351 1883 398 1910 sed
411 1883 528 1910 humana
542 1888 637 1910 natura
656 1885 682 1910 iu
699 1884 754 1917 ipsa
772 1884 863 1911 divina
887 1885 1029 1919 hypostasi

243 1928 429 1961 Substistenle,
440 1929 498 1956 sine
508 1929 561 1956 ulla
572 1935 659 1956 tamen
675 1930 826 1956 divinitatis
839 1930 1031 1957 immutatione

243 1982 307 2001 vere
317 1974 453 2001 hominem
464 1975 574 2002 factum.
587 1975 728 2009 Sapienter
741 1984 806 2010 ergo
823 1976 936 2010 parique
952 1977 1031 2003 modo

243 2019 321 2047 divus
342 2021 458 2056 Cyrillus
478 2021 504 2048 in
526 2023 639 2057 epistola
662 2023 695 2049 ad
712 2022 880 2050 Succensunt
902 2023 1030 2058 dlsputat,

244 2066 362 2101 dicitque
373 2076 434 2094 eum
451 2068 496 2102 qtti
510 2068 578 2095 duas
594 2074 705 2096 naturas
718 2074 777 2103 post
791 2069 917 2096 unionem
934 2068 1032 2095 asserit

243 2111 382 2144 indivisas,
396 2121 446 2140 nec
461 2118 550 2141 tamen
567 2114 659 2141 addit:
677 2115 820 2141 secundant
837 2115 1031 2149 Itypostaticam

243 2158 374 2191 unionem,
387 2167 506 2194 pugnare
516 2167 576 2187 cum
589 2160 633 2192 iis,
650 2160 695 2194 qui
708 2160 817 2187 nnicant
833 2165 935 2187 tantum
949 2161 1030 2188 Verbi

243 2208 367 2230 naturam
399 2204 566 2231 iucarnatam
595 2210 731 2233 asserunt.
763 2204 940 2240 Nequaquam
967 2213 1032 2240 ergo

243 2256 293 2276 vox
306 2255 451 2284 assumpta,
467 2249 518 2277 nisi
533 2249 638 2284 integre
652 2250 810 2285 accipiatur,
824 2251 871 2277 sed
883 2251 953 2277 unde
971 2256 1030 2277 tau-

244 2300 301 2322 tutn
325 2296 524 2329 pronuntietur,
548 2296 645 2323 suli‘tcit
666 2301 695 2323 ut
717 2304 777 2323 cuttt
800 2296 833 2323 iis
853 2296 1032 2323 conveniatur

242 2343 493 2376 consentiaturque,
508 2343 552 2376 qui
569 2350 648 2368 unam
667 2342 745 2369 Verbi
758 2347 881 2369 naturant
901 2341 1028 2368 incarna—

245 2389 297 2412 tam
323 2386 430 2414 docent.
456 2386 531 2419 Quod
555 2387 577 2413 si
600 2387 661 2421 quis
686 2388 883 2419 rursuut,duas
899 2387 1028 2415 indivisas

243 2435 353 2458 naturas
367 2438 507 2464 asserens,
527 2433 607 2459 addat
624 2432 706 2459 etiam
723 2441 730 2459 :
749 2432 891 2459 secundant
905 2431 1029 2467 hyposta-

242 2476 321 2502 ticam
340 2477 479 2510 unionem,
500 2483 573 2505 recte
593 2483 620 2506 et
643 2478 686 2513 pie
707 2478 843 2513 loquetur,
867 2478 1030 2513 habebitque

242 2521 371 2557 Cyrillum
387 2523 601 2558 suffragatorem.
617 2524 670 2551 Sed
686 2524 795 2551 attende
809 2529 958 2551 extremam
972 2524 1029 2559 epi-

241 2568 317 2595 stola:
338 2575 459 2603 partettt,
480 2571 708 2604 quemadmodum
730 2571 928 2598 ratiocinetur:
961 2569 1028 2603 νοω,

243 2615 345 2649 inquit,
360 2616 471 2643 indivise
481 2637 488 2649 ,
503 2616 608 2649 adiecta
622 2617 724 2643 videtur
739 2625 794 2643 esse
813 2621 876 2642 nota
891 2621 961 2642 certa
980 2625 1030 2642 no-

241 2667 303 2688 stra;
317 2667 340 2688 et
356 2662 508 2689 orthodoxa:
527 2663 678 2696 sementim;
697 2663 742 2689 sed
760 2662 799 2689 illi
817 2671 901 2689 vocem
924 2671 975 2689 non
992 2663 1030 2688 ita

242 2707 404 2742 intelligunt.
418 2707 493 2740 Quod
505 2707 527 2735 si
544 2709 580 2735 ita
595 2713 624 2735 ut
639 2716 687 2735 ttos
704 2716 766 2735 eam
779 2709 945 2742 acciperent,
959 2713 1032 2735 recte

1046 2363 1067 2390 D

1089 387 1119 413 '0
1135 385 1279 422 Κύριλλος,
1296 384 1373 420 φησὶ,
1389 385 1419 410 τὸ
1429 384 1476 410 δύο
1488 383 1579 418 λέγειν
1592 383 1688 418 φύσεις
1699 385 1887 420 ἀδιαιρέτους

1083 431 1256 467 ἐξεκήρυξεν,
1278 430 1425 458 ἀντίπαλον
1445 429 1516 456 εἶναι
1541 430 1661 465 νομίζων
1694 432 1728 466 τῇ
1752 431 1888 467 λεγούσῃ

1083 478 1146 514 δόξῃ
1163 477 1228 513 μίαν
1251 475 1320 503 εἶναι
1346 476 1427 510 φύσιν
1438 475 1486 502 τοῦ
1531 475 1621 510 Λόγου
1645 477 1884 512 σεσαρκωμένην.

1089 523 1165 558 Ῥᾷον
1181 523 1210 549 δὲ
1229 521 1314 556 αὐτῆς
1329 522 1360 548 τὸ
1376 521 1511 556 φρύαγμα
1539 521 1752 549 καταϐάλλεται.
1779 523 1887 548 Διττὸν

1083 569 1138 603 γὰρ
1150 568 1181 594 τὸ
1195 567 1349 602 ἀδιαίρετον
1361 567 1512 599 κάνταῦθα,
1527 567 1565 599 ὡς
1577 567 1625 594 καὶ
1652 569 1682 594 ἐν
1703 569 1759 600 τοῖς
1780 569 1884 600 ἄλλοις

1083 614 1166 641 αὐτοῦ
1184 613 1305 650 [45511.]
1321 613 1421 647 λόγοις,
1446 613 1460 639 ὁ
1475 614 1652 648 συγγραφεὺς
1668 614 1886 649 ἐπιδειξάμενος

1083 661 1220 695 φαίνεται,
1235 660 1299 696 [860
1314 659 1358 695 IL]
1376 659 1424 686 καὶ
1445 660 1476 686 τὺ
1502 660 1552 693 μὲν
1566 659 1706 694 Νεστορίῳ
1731 659 1825 694 φίλον,
1854 661 1887 686 τὸ

1083 704 1111 731 δὲ
1123 705 1156 739 τῇ
1174 703 1300 738 εὐσεϐείᾳ
1314 702 1481 738 τιμώμενον,
1509 704 1557 729 καὶ
1583 703 1626 730 διὰ
1640 704 1719 730 τοῦτο
1747 705 1887 740 ἀλλήλοις

1082 750 1267 784 ἀντικείμενα.
1287 749 1325 775 Τὸ
1339 749 1394 784 γὰρ
1419 749 1495 776 κατὰ
1518 748 1629 783 σχέσιν
1651 750 1827 784 data/petor
1845 751 1887 782 ὡς

1082 795 1164 822 ὅπλον
1179 794 1326 830 Νεστορίου
1338 794 1530 827 ἁποϐάλλεται,
1547 795 1578 821 τὸ
1601 795 1630 821 δὲ
1647 796 1714 822 καθ’
1738 797 1888 823 ὑπόστη-

1083 849 1135 867 σιν
1150 840 1319 874 ἀδιαίρετον
1334 841 1394 875 ἦτοι
1409 841 1425 875 ἡ
1446 840 1507 866 καθ’
1518 841 1666 867 ὑπόστασιν
1681 841 1780 872 ἓνωσις
1796 851 1886 878 περι-

1083 886 1176 920 φανῶς
1191 886 1238 912 καὶ
1251 885 1420 920 κηρύσσεται
1435 886 1483 912 καὶ
1496 885 1732 921 περιπτύσσεται.
1763 887 1886 923 Ὥσπερ

1082 931 1128 958 οὖν
1148 932 1174 958 εῖ
1185 941 1227 963 τις
1239 932 1336 958 ἕνωσιν
1354 931 1400 957 ἐπὶ
1414 932 1535 966 Χριστοῦ
1561 932 1647 966 λέγων
1674 933 1712 968 μὴ
1740 934 1886 960 συνάπτοι

1082 979 1115 1013 τῇ
1137 977 1232 1004 ἑνώσει
1254 978 1284 1004 τὸ
1306 978 1372 1004 καθ’
1391 978 1575 1010 ὑπόστασιν,
1593 979 1712 1006 ὕποπτον
1736 979 1768 1006 τὸ
1799 980 1887 1015 ῥῆμα

1082 1024 1163 1055 ποιεῖ,
1179 1023 1265 1054 οὕτως
1281 1024 1307 1049 El
1322 1032 1364 1055 τις
1382 1023 1429 1049 δύο
1442 1023 1537 1057 φύσεις
1563 1024 1732 1059 ἁδιαιρέτους
1742 1025 1824 1056 λέγοι
1839 1026 1876 1056 “⁸,

1086 1071 1124 1104 μὴ
1144 1069 1335 1104 συνεπιφέρων
1352 1070 1383 1095 τὺ
1397 1069 1461 1096 καθ’
1470 1070 1652 1101 ὑπόστασιν,
1669 1071 1709 1102 εἰς
1721 1071 1772 1105 τὴν
1788 1071 1887 1106 αὐτὴν

1084 1113 1203 1148 ὑποψίαν
1221 1113 1428 1149 περιτρέπεται.
1456 1113 1594 1145 Ὡσαύτως
1618 1114 1646 1140 δὲ
1675 1115 1721 1141 καὶ
1749 1116 1764 1141 ὁ
1787 1115 1887 1150 λέγων

1083 1158 1229 1192 ἄνθρωπον
1243 1158 1389 1184 ἀναλαϐεῖν
1405 1157 1450 1184 τὸν
1463 1158 1530 1185 Θεὸν
1541 1159 1636 1193 Λόγον,
1649 1161 1673 1186 εί
1692 1161 1729 1195 μὴ
1746 1161 1799 1195 τὴν
1817 1170 1885 1194 φω-

1083 1205 1132 1240 νὴν
1149 1204 1261 1231 ἄλλοθεν
1290 1204 1470 1239 ἑρμηνεύσειε
1485 1205 1608 1240 (δυνατὸν
1632 1207 1686 1240 γὰρ
1717 1207 1806 1241 αὐτὴν
1830 1209 1887 1235 καὶ

1084 1252 1153 1277 κατὶι
1170 1250 1316 1286 Νεστόριον
1329 1251 1375 1277 καὶ
1388 1251 1410 1266 ⁸⁵
1428 1251 1501 1278 κατὰ
1522 1251 1568 1278 τὸν
1588 1251 1667 1287 ὀρθὸν
1689 1254 1778 1279 είπεῖν
1795 1253 1887 1287 λόγον

1084 1296 1171 1330 λαϐὴν
1186 1298 1338 1331 παρασλεῖν
1359 1297 1415 1328 τοῖς
1429 1297 1602 1331 ἀκροαταῖς),
1618 1298 1669 1324 οὐκ
1691 1297 1766 1324 ἔστιν
1796 1299 1887 1325 ἀναί-

1083 1341 1207 1372 τιος.Διὺ
1220 1342 1266 1367 καὶ
1279 1341 1408 1376 όδιαιτᾷν
1436 1343 1517 1376 σοφὸς
1548 1342 1682 1377 Κύριλλος
1704 1344 1734 1369 ὲν
1759 1343 1812 1378 μὲν
1843 1345 1888 1379 ’τῷ

1084 1387 1231 1422 Θησαιψῴ
1242 1388 1289 1414 τὸν
1305 1388 1372 1414 Θεὸν
1383 1388 1469 1422 Λόγον
1480 1389 1574 1424 ὥσπερ
1589 1390 1651 1415 τινὰ
1665 1389 1769 1425 ποδήρη
1784 1390 1839 1416 τὸν
1852 1392 1890 1418 ὲκ

1086 1435 1198 1469 Μαρίας
1209 1434 1352 1470 ἄνθρωπον
1365 1434 1381 1470 ἢ
1391 1434 1454 1461 ναὸν
1471 1435 1616 1461 ἀναλαϐεῖν
1627 1435 1711 1469 λέγει,
1725 1437 1753 1462 ἐν
1763 1435 1794 1462 δὲ
1812 1439 1889 1469 ταῖς

1083 1480 1151 1515 πρὸς
1159 1481 1305 1507 Σούκενσον
1315 1481 1481 1513 ἐπιστολαῖς,
1491 1481 1608 1508 Οὐκοῦν
1614 1481 1781 1516 ἄνθρωπος,
1794 1485 1888 1516 φησὶ,

1082 1525 1218 1559 γέγονεν,
1235 1527 1291 1553 οὐκ
1315 1526 1473 1560 ἄνθρωπον
1484 1527 1645 1560 ἀνέλαϐεν,
1665 1527 1704 1560 ὡς
1719 1529 1890 1562 Νεστορίῳ

1083 1570 1174 1598 δοκεῖ.
1189 1572 1242 1597 Καὶ
1256 1571 1307 1606 ὅρα
1323 1572 1373 1607 τῆς
1387 1571 1492 1607 διαίτης
1510 1572 1540 1598 τὸ
1557 1572 1686 1606 ἀγχίνουν
1713 1573 1760 1599 καὶ
1787 1575 1890 1607 νηφὰ-

1083 1615 1148 1642 λιον.
1167 1616 1196 1642 '0
1211 1617 1259 1651 μὲν
1273 1616 1419 1652 ἄνθρωπον
1432 1618 1479 1644 καὶ
1493 1617 1555 1644 ναὸν
1567 1617 1712 1644 ἀναλαϐεῖν
1726 1618 1887 1653 ἱερολογεί,

1084 1663 1229 1697 Νεστόριον
1256 1662 1286 1689 δὲ
1303 1663 1447 1698 ἄνθρωπον
1474 1663 1620 1690 ἀναλαϐεῖν
1645 1664 1758 1690 εἰπόντα
1783 1672 1890 1700 παραυ

1082 1709 1227 1743 γράφεται,
1245 1709 1365 1740 εὐσεϐῶς
1377 1709 1406 1735 δὲ
1427 1710 1566 1744 ἑκάτερον.
1591 1710 1620 1736 '0
1640 1710 1690 1744 μὲν
1720 1710 1775 1744 γὰρ
1805 1711 1889 1737 ὑπο-

1083 1755 1184 1781 στάντα
1193 1755 1239 1782 τὸν
1250 1755 1393 1790 ἄνορωπον
1407 1755 1551 1782 ἀναλαϐεῖν
1563 1756 1710 1791 Νεατόριος
1717 1757 1889 1791 ἐσοφίζετο,

1082 1799 1096 1824 6
1112 1799 1140 1826 δὲ
1154 1799 1287 1835 οὐμενοῦν
1301 1801 1523 1834 προῦποστάντα,
1542 1802 1570 1827 ὲν
1596 1801 1686 1835 ἑαυτῷ
1714 1801 1743 1826 ὄὲ
1776 1801 1890 1829 τοῦτον

1083 1846 1288 1881 ὑποστήσαντα,
1316 1847 1368 1872 κάν
1394 1846 1433 1881 τῷ
1452 1846 1598 1882 ,ἀτρέπτῳ
1624 1847 1802 1882 μεμενηκότα
1829 1849 1890 1882 τῆς

1084 1891 1220 1926 θεότητος,
1246 1891 1354 1927 ἀληθῶς
1376 1892 1501 1926 γενέσθαι
1523 1893 1570 1919 καὶ
1595 1892 1749 1928 ἄνθρωπον.
1777 1893 1889 1927 Serpit;

1083 1936 1131 1964 οὖν
1147 1938 1192 1964 καὶ
1206 1938 1308 1973 ὁμοίως
1332 1938 1566 1974 διαπραττόμενος
1597 1939 1611 1964 ὁ
1637 1938 1707 1974 ἱερὸς
1739 1939 1888 1974 Κύριλλος

1083 1984 1131 2010 καὶ
1146 1985 1175 2011 ἐν
1186 1985 1219 2018 τῇ
1234 1984 1301 2020 πρὸς
1317 1984 1468 2010 Σούκενσον
1495 1984 1624 2020 ἐπιστολῇ
1649 1985 1680 2010 τὺ
1703 1984 1750 2011 δύο
1777 1984 1888 2018 φύσεις

1083 2030 1173 2063 λέγειν
1188 2029 1359 2064 ἀδιαιρέτους
1375 2029 1444 2063 μετὰ
1457 2029 1506 2064 τὴν
1524 2029 1633 2062 ἕνωσιν,
1661 2030 1699 2065 μὴ
1724 2031 1887 2064 συνεπιφέ-

1085 2084 1164 2110 ροντα
1174 2075 1230 2109 τὴν
1247 2075 1310 2102 καθ’
1326 2075 1500 2102 ὑπόστασιν
1512 2075 1632 2108 ἕνωσιν,
1661 2075 1809 2110 μάχεσθαι⁵
1819 2078 1887 2108 τοῖς

1085 2121 1149 2156 μίαν
1160 2121 1240 2155 φύσιν
1255 2120 1301 2147 τοῦ
1316 2121 1405 2155 Λόγου
1437 2121 1651 2156 σεσαρκωμεξνην
1677 2121 1886 2155 δογματίζουσί

1083 2174 1175 2200 φησιν.
1197 2165 1235 2192 Οὐ
1253 2165 1307 2201 γὰρ
1321 2166 1465 2200 αὐτάρκης
1487 2165 1575 2197 οὕτως
1590 2165 1725 2200 ἡμίτομος
1753 2167 1771 2200 ἡ
1798 2168 1885 2202 φωνὴ

1084 2211 1197 2247 ρηθεῖσα
1205 2212 1229 2227 ⁵⁸
1243 2212 1380 2238 συνελθεῖν
1395 2212 1442 2238 καὶ
1453 2212 1642 2246 ὁμοφρονῆσαι
1658 2212 1715 2243 τοῖς
1742 2211 1809 2246 μίαν
1823 2213 1884 2246 φύ-

1083 2265 1126 2282 σιν
1139 2256 1187 2283 τοῦ
1200 2256 1287 2291 Λόγου
1306 2257 1521 2292 σεσαρκωμένην
1543 2256 1726 2292 κηρύττουσιν
1735 2257 1771 2283 ⁸⁷.
1800 2257 1833 2282 Εἰ
1851 2258 1883 2284 δὲ

1082 2302 1128 2329 δύο
1142 2311 1184 2334 τις
1201 2302 1295 2336 φύσεις
1309 2303 1483 2337 ἀδιαιρέτους
1496 2303 1582 2328 εἰπὼν
1599 2302 1815 2337 συμπαραλὰϐοι
1830 2304 1884 2329 καὶ

1081 2345 1140 2379 τὴν
1153 2347 1217 2372 καθ’
1233 2346 1405 2373 ὑπόστασιν
1413 2347 1538 2378 ἕνωσιν,
1555 2347 1644 2382 ὀρθῶς
1667 2355 1697 2373 τε
1726 2348 1776 2374 καὶ
1800 2347 1885 2374 εὐσε-

1082 2391 1137 2423 ϐῶς
1165 2392 1233 2427 ἐρεῖ,
1259 2392 1306 2418 καὶ
1335 2392 1470 2427 Κύριλλον
1497 2393 1609 2428 εὑρήσει
1642 2393 1799 2428 ὁμόψηφον.
1823 2395 1886 2422 Καὶ

1081 2436 1197 2463 ἄκουσον
1221 2438 1292 2463 κατὰ
1317 2437 1346 2463 τὸ
1367 2437 1444 2469 τέλος
1469 2438 1519 2472 τῆς
1544 2438 1632 2473 αὐτῆς
1658 2438 1809 2473 ἐπιστολῆς
1834 2437 1887 2467 οἷα.

1080 2482 1209 2514 διέξεισι⁸
1229 2483 1264 2509 Τὸ
1282 2482 1467 2516 ἀδιαιρέτως,
1493 2484 1572 2517 φησὶ,
1599 2483 1770 2517 προστεθὲν
1795 2484 1889 2512 δοκεῖ

1079 2527 1137 2562 μέν
1152 2536 1214 2561 πως
1228 2529 1295 2562 παρ’
1310 2528 1384 2563 ἡμῖν
1397 2528 1487 2562 ὀρθῆς
1503 2527 1580 2555 εἶναι
1608 2529 1701 2562 δόξης
1726 2537 1886 2563 σημαντι-

1082 2573 1148 2605 κὸν,
1163 2574 1247 2600 αὐτοὶ
1259 2573 1292 2600 δὲ
1305 2575 1361 2608 οὐχ
1374 2574 1452 2600 οὕτω
1477 2574 1614 2601 νοοῦσιν.
1643 2575 1725 2602 Ὥστε
1747 2575 1773 2600 εἱ
1788 2574 1885 2607 οὕτως

1083 2618 1185 2650 ἐνόουν,
1203 2618 1351 2654 ὀρθοδόξως
1367 2618 1399 2645 ἂν
1412 2619 1508 2657 ,ἔλεγον
1525 2620 1573 2646 καὶ
1588 2621 1621 2655 τῇ
1638 2619 1775 2655 Κυρίλλου
1802 2622 1883 2654 γνώ-

1086 2671 1124 2700 μῃ
1139 2664 1305 2691 συνέϐαινον.
1320 2665 1399 2690 Ἔστι
1414 2665 1469 2700 γὰρ
1481 2666 1511 2691 τὸ
1526 2665 1678 2700 ἀδιαίρετον
1705 2665 1781 2699 αὺτῷ
1796 2666 1885 2700 δόξης

1085 2709 1168 2744 ὀρθῆς
1182 2711 1238 2740 τοῖς
1256 2709 1420 2736 συνάπτουσι
1434 2710 1482 2745 τὴν
1500 2711 1592 2745 φωνὴν
1613 2708 1660 2748 ﬁ”
1684 2711 1885 2738 συνεπιιιοοῦσι

874 2779 992 2807 Vitille
1015 2779 1223 2807 LECTIONES.

277 2826 300 2841 ι’
311 2826 424 2860 σπορέος
442 2836 472 2859 ς.
512 2827 534 2842 ⁶³
545 2827 627 2860 φῦσαι
646 2827 676 2854 Β.
702 2827 737 2854 el'.
761 2828 793 2854 ad
816 2836 841 2861 ι).
863 2827 904 2854 l7.

956 2828 978 2843 ‘3‘
992 2827 1064 2860 λέγοι

244 2862 261 2895 ἡ
273 2862 385 2896 χὲηῢεῖσα
403 2871 432 2894 ς.
471 2863 491 2875 δ’
507 2863 686 2895 κηρύττουσιν
695 2863 715 2888 Ᾱ
729 2873 736 2896 ;
751 2863 959 2896 δογματίζονσιν
981 2871 1010 2893 τ,
1048 2863 1055 2876 δ

1048 2864 1068 2876 ιΗ

1086 2828 1127 2870 ἔῖί
1148 2828 1222 2870 λέξεο.
1237 2837 1265 2860 τι

1106 2837 1127 2872 ὲι
1148 2828 1223 2879 λέχη)
1237 2837 1265 2860 ς.
1317 2829 1338 2843 ιν³
1355 2827 1472 2862 priorem
1489 2828 1534 2855 καὶ
1550 2827 1612 2856 add.
1642 2828 1675 2854 A.

1083 2871 1222 2898 manna!
1391 2878 1395 2879 ν

1733 2829 1756 2843 ⁶⁵
1772 2829 1883 2866 flreth
