1920 3092
256 139 326 172 1059

800 138 931 170 PHOTII
950 138 1202 170 PATRIARCHE
1217 140 1272 171 ΟΡ.

1803 139 1870 172 1060

251 194 400 227 intelligas.
416 193 455 221 Ita
479 200 545 229 ergo
562 197 678 228 utraque
690 201 757 221 voce
771 201 825 220 non
848 198 974 220 accurate
990 200 1031 220 ex-

1087 195 1163 229 φωνῇ
1174 194 1225 229 τῆς
1238 194 1379 228 ἀκριϐείας
1395 194 1445 221 οὐκ
1453 194 1661 230 ἒπιστατοὺσης.
1673 194 1702 222 ἓν
1713 195 1764 230 μὲν
1773 195 1870 230 δηλοῦ-

249 247 340 271 cussa,
361 248 443 266 unatn
459 241 567 274 quidem
583 247 725 273 personam
753 239 903 274 explicant.
932 239 978 266 sed
994 239 1036 266 itt-

251 286 393 313 confusum
417 287 529 313 duarum
554 291 710 313 naturarum
728 293 889 313 concursum
922 293 974 312 ιιοιι
989 293 1037 312 8(-

251 332 375 367 plauant.
392 331 511 359 Rursum
537 331 582 366 qui
610 332 676 358 duas
697 336 811 359 naturas
828 331 958 358 indivisas
980 335 1036 358 tra-

210 383 212 385 '
250 378 327 411 dunt,
341 379 366 407 id
386 379 493 413 quidem
515 379 586 413 quod
610 383 652 405 est
679 378 848 405 inconfusum
875 385 1033 412 exposuere,

250 425 296 451 sed
310 433 390 451 unam
407 433 466 452 esse
494 432 635 460 personam
668 429 714 451 aut
744 423 900 459 hypostasin
917 431 970 450 non
987 424 1035 450 dc-

249 470 398 498 claravere.
422 471 455 499 Ut
476 471 589 506 proinde
607 471 642 497 sit
669 477 782 498 necesse
793 471 827 497 ab
848 470 881 497 iis
900 470 946 504 qui
968 470 1036 496 duas

249 525 361 547 naturas
380 519 508 546 indivisas
528 518 704 553 proﬁtentur,
725 522 771 544 aut
791 518 911 552 adiungi,
935 524 1035 544 secun-

249 563 311 590 dum
330 563 526 598 hypostalicam
543 563 685 595 unionem;
710 567 756 589 aut
773 570 853 589 unam
881 561 959 588 Verbi
987 568 1036 587 na-

248 613 336 636 turam
350 617 410 636 esse
425 609 607 641 incarnatam,
630 613 677 635 aut
699 609 822 635 eumdem
846 607 927 634 simul
950 607 1034 633 Deum

247 661 308 681 esse
321 661 348 682 et
367 655 512 681 hominem.
534 654 644 688 Absque
668 653 754 680 altero
783 653 856 679 enim
886 653 1032 684 dictorum,

246 707 297 727 vox
315 700 462 734 proposita,
478 704 506 726 ut
533 699 719 734 imperfectum
746 698 879 733 quidjure
905 705 970 725 sane
992 705 1035 725 re-

246 746 439 781 prehendatur.
457 745 517 772 llrc
534 751 561 772 et
575 746 616 772 his
633 745 745 780 genuina
767 752 828 772 cum
839 750 934 771 auctor
947 744 1034 779 expli-

246 796 345 824 casset,
360 783 462 826 adjecta
478 792 510 818 ad
524 793 695 819 concordiam
720 790 889 827 [ineundam]
906 790 1034 817 adhorta-

246 837 329 869 tione,
342 837 409 864 libro
423 837 486 864 huic
503 836 627 870 praesenti
646 836 725 863 linem
747 835 868 870 imponit.

282 882 380 916 Quinta
397 883 524 916 deinceps
541 883 628 909 oratio
645 883 764 916 disputat
789 886 882 909 contra
898 881 967 912 illos,
988 882 1033 917 qui
1051 871 1071 899 Β

245 929 365 956 humano
386 929 495 962 ingenio
520 929 626 964 278a
642 928 825 956 Christianam
855 927 933 954 tidem
957 935 1032 954 com-

246 975 373 1009 prehendi
391 982 470 1008 posse
496 976 679 1001 existimant:
694 975 719 1001 in
748 981 802 1008 quo
822 969 872 1008 'pie
901 973 1033 1007 planeque

245 1019 334 1046 divine
351 1020 565 1055 philosophatur.
592 1025 675 1054 atque
695 1020 802 1047 dicendi
831 1020 935 1046 ratione
952 1020 1032 1047 Citri-

246 1064 362 1091 stianaut
378 1065 531 1099 religionem
555 1070 656 1091 certam
685 1065 821 1096 ostendit,
840 1066 965 1099 quodque
990 1065 1031 1091 illa

246 1109 415 1144 potissimum
441 1110 562 1143 sequitur
587 1110 734 1144 praedicat;
760 1115 786 1137 et
804 1110 886 1138 docet
901 1111 1032 1144 quetnad-

248 1155 356 1180 modum
377 1155 572 1190 proprietatum
603 1155 761 1182 dill'erentite
791 1156 817 1183 in
840 1156 918 1183 nobis
940 1161 1034 1191 aperte

245 1199 379 1227 distinctae
389 1201 454 1233 sint,
473 1201 571 1234 quibus
588 1201 656 1228 alter
672 1201 706 1228 ab
731 1201 815 1228 altero
835 1201 934 1233 dill‘ert,
950 1207 1034 1229 nota:-

245 1254 298 1280 que
316 1247 466 1281 singulares
481 1247 593 1274 alterius
610 1247 728 1280 alicujus
744 1255 868 1281 persona:
885 1247 1034 1282 proprieta-

247 1297 287 1318 tes
300 1292 449 1326 [individuo
465 1292 502 1319 illi
523 1292 686 1327 assignent].
715 1300 874 1320 communes
895 1293 950 1319 ﬁeri
971 1300 1033 1326 pro-

247 1337 365 1364 hibeant.
392 1337 420 1363 In
437 1341 530 1364 sancta
552 1342 643 1364 autem
683 1337 816 1364 Trinitate
853 1337 1033 1372 proprietates

246 1388 356 1408 manent
373 1383 576 1416 itnmutahiles,
605 1388 632 1410 et
661 1391 708 1418 per
739 1383 881 1410 indivisam
905 1382 1032 1409 unionem

245 1428 424 1462 copulantur:
443 1436 558 1462 cumque
575 1429 611 1455 sit
626 1436 680 1455 una
695 1436 872 1463 personarum
900 1428 1031 1462 potentia,

246 1475 346 1500 hahent
362 1475 491 1502 tamenin
512 1474 570 1508 ipsa
593 1475 744 1502 dilTerentia
763 1475 881 1502 divinam
905 1479 934 1501 et
958 1475 1034 1502 inex-

243 1520 396 1555 plicabilem
412 1521 482 1547 inter
498 1528 527 1547 se
543 1521 774 1555 coniunctionem,
790 1521 937 1548 secundttm
950 1528 1029 1555 quam
1043 1540 1065 1569 ϐ

244 1566 272 1594 in
288 1565 368 1593 Patre
383 1566 480 1599 Filius,
502 1571 528 1594 et.
543 1566 621 1594 Pater
638 1567 664 1593 in
681 1566 802 1600 Filio,.et
813 1567 896 1594 Filius
910 1567 936 1593 in
951 1567 1030 1594 Patre

242 1616 272 1639 et
289 1610 390 1646 Spiritu
424 1616 532 1644 sancto,
567 1617 594 1640 et
611 1611 729 1647 Spiritus
747 1616 857 1640 sancttts
879 1612 905 1639 in
926 1612 992 1639 Filio
1004 1615 1030 1639 et

244 1657 324 1685 Patre
338 1658 521 1692 cognoscitur,
538 1659 732 1692 conjunctione
745 1658 844 1692 ubique
858 1658 1027 1690 dominante,

243 1710 330 1737 neque
345 1704 487 1731 indivisum
504 1704 529 1730 iu
556 1704 766 1738 proprietatibus
794 1708 948 1737 separante.
975 1703 1028 1730 Sed

242 1750 314 1777 aliud
330 1755 370 1777 est
398 1750 462 1777 Esse
485 1757 617 1784 suprema:
632 1749 784 1781 Trinitatis,
801 1749 872 1776 aliud
894 1753 1027 1776 nostrum.

242 1795 270 1822 lu
285 1795 419 1822 Trinitate
440 1795 495 1823 Ens
509 1800 552 1823 est
572 1803 653 1830 supra
670 1794 752 1827 Esse;
767 1799 795 1822 at
821 1801 941 1822 nostrum
961 1795 1028 1822 Esse

241 1850 330 1877 neque
348 1843 456 1876 proprie
479 1842 532 1870 Ens
545 1847 597 1870 est.
619 1843 758 1876 Quomodo
776 1842 846 1869 enim
868 1843 904 1869 sit
919 1842 1028 1876 proprie

242 1888 297 1915 Ens
310 1889 380 1922 quod
397 1896 483 1916 anon
508 1889 576 1916 Ente
601 1889 753 1922 descendit,
778 1894 805 1916 et
831 1888 903 1923 quod
930 1893 1026 1915 natura

241 1941 289 1960 sua
308 1934 333 1960 in
363 1941 414 1960 non
454 1934 509 1961 Ens
537 1935 655 1962 desinit?
675 1935 832 1969 Quanquam
848 1943 862 1961 ιι
881 1935 1028 1961 (Ionditore

240 1987 291 2007 suo
306 1980 358 2007 hoc
377 1987 425 2014 per
447 1988 566 2007 amorem
594 1981 695 2008 honore
719 1985 746 2007 et
764 1988 874 2007 munere
888 1981 1026 2014 (lignatum

239 2029 292 2057 est,
309 2028 338 2051 ιιι
362 2026 397 2052 sit
414 2033 532 2060 semper.
560 2030 586 2052 et
604 2026 833 2052 immortalitatem
854 2031 1025 2061 assequntur.

242 2070 312 2097 Deus
332 2071 412 2105 igitur
428 2071 506 2098 nobis
521 2077 562 2098 est
576 2079 655 2104 unus,
674 2077 701 2098 et
716 2072 836 2099 Trinitas
852 2071 911 2107 [seu
929 2071 1027 2108 trinus]

241 2117 412 2149 cognoscitur
426 2117 484 2144 lous
502 2117 612 2144 inﬁnita:
624 2122 650 2143 et
669 2117 904 2151 incomprehensm
916 2118 1026 2152 sapien-

241 2162 295 2194 lim,
313 2167 340 2189 et
354 2170 414 2197 qua:
429 2163 592 2194 sanctiﬁcat,
606 2163 724 2190 virtutis.
741 2161 816 2190 Unde
828 2170 897 2189 unus
918 2163 988 2190 Deus
999 2167 1026 2190 el

240 2208 381 2240 Dominus.
398 2213 426 2235 et
441 2216 496 2240 rex,
520 2213 547 2235 et
571 2209 628 2241 ipse
640 2208 722 2235 Pater
738 2213 793 2239 est,
810 2213 837 2235 et
853 2209 1026 2243 perfectionis

239 2254 346 2281 auctrix
360 2254 510 2287 Sapientia.
526 2258 553 2281 et
575 2254 664 2282 Virtus
678 2254 764 2282 sancti
781 2254 908 2290 Spiritus.
924 2254 1024 2282 lndivi-

239 2307 286 2326 sus
299 2301 369 2326 enim
385 2299 475 2330 Pater,
493 2307 508 2326 a
528 2308 575 2327 sua
595 2301 680 2334 ipsius
702 2301 836 2335 sapientia
849 2320 858 2333 ,
883 2306 911 2327 et
927 2301 1027 2329 virtute

239 2345 435 2373 sanetilieantis
461 2346 589 2379 Spiritus.
615 2346 642 2373 in
665 2354 716 2373 una
739 2351 835 2373 natura
861 2347 1025 2380 adorandus,

240 2396 290 2416 nec
302 2390 327 2416 in
344 2397 426 2416 ttnum
441 2396 521 2424 atque
546 2398 627 2417 unum
654 2391 735 2418 Deum
750 2391 921 2423 dividendus,
933 2399 1028 2425 quem-

239 2434 382 2461 admodum
412 2435 438 2461 itt
467 2435 555 2467 nobis,
573 2435 620 2469 qui
638 2436 885 2463 incommunicahili
905 2437 1029 2471 proprie-

240 2483 325 2505 tatum
348 2479 504 2506 discrimine
522 2486 549 2506 et
564 2480 715 2507 diﬂ'ercntia
735 2481 903 2515 operationis
925 2482 1025 2508 distin-

239 2524 346 2557 guimur
364 2529 391 2551 et
408 2532 575 2558 separamur.
592 2530 700 2560 totaque
716 2526 848 2554 divisione
867 2527 901 2554 ab
913 2526 1028 2554 invicem

240 2577 288 2603 per
316 2569 496 2598 diﬂ'erentiatu
523 2572 707 2600 subsistimus.
731 2572 901 2607 Quapropter
917 2577 1030 2600 nonest

240 2617 266 2643 in
283 2615 339 2649 illa,
354 2621 382 2644 ut
398 2617 423 2644 in
437 2618 513 2644 nobis
530 2618 686 2651 dicendum,
712 2618 763 2646 hoc
794 2619 872 2654 hujus
888 2627 947 2647 esse
969 2620 1026 2653 pri-

240 2669 326 2695 mum,
342 2668 388 2690 aut
413 2662 485 2690 aliud
509 2663 586 2697 huius
600 2665 747 2691 secundum
760 2670 806 2691 aut
823 2665 942 2692 tertium.
960 2664 1024 2693 Uni-

1087 237 1151 264 σιτὺ
1163 238 1318 273 πρόσωπον,
1330 239 1383 265 τῶν
1397 239 1426 265 δὲ
1438 239 1619 267 συνελθόντων
1635 240 1666 267 οὗ
1675 241 1868 275 τρανολογοῦσι

1085 283 1115 310 τὸ
1125 284 1288 319 ἀσύγχυτον.
1301 285 1387 311 Πάλιν
1405 285 1430 311 οξ
1444 285 1491 312 δύο
1502 285 1598 321 φύσεις
1613 287 1786 321 ἀδιαιρέτους
1794 287 1870 320 δοξά-

1086 330 1215 361 ζοντεςτὸ
1227 330 1277 364 μὲν
1293 331 1444 365 ἀσὺγχυτον
1465 331 1659 366 διετράνωσαν,
1689 332 1718 358 ἒν
1744 333 1773 358 δὲ
1798 329 1868 359 εἶναι

1084 375 1115 401 τὸ
1129 375 1275 411 πρόσωπον
1288 376 1347 411 ἦτοι
1359 376 1407 411 τὴν
1416 377 1564 405 ὑπόστασιν
1575 378 1605 404 οὐ
1623 379 1868 411 συνδιετράνωσαν,

1085 421 1154 448 ὥστε
1172 422 1212 447 δεῖ
1226 421 1350 453 καὶτοὺς
1367 421 1413 448 δύο
1435 422 1530 457 φύσεις
1547 423 1717 458 ἀδιαιρέτους
1741 423 1872 458 λέγοντας

1084 467 1101 501 ἢ
1111 467 1159 502 τὴν
1169 466 1230 493 καθ’
1240 467 1386 495 ὑπόστασιν
1398 469 1592 496 ἐπισυνάπτειν
1601 470 1697 495 ἕνωσιν
1712 470 1728 504 ἦ
1739 470 1789 504 τὴν
1807 470 1872 504 μίαν

1084 513 1166 548 φύσιν
1181 513 1228 540 τοῦ
1241 514 1327 548 Λόγου
1348 515 1562 550 σεσαρκωμένην
1576 515 1592 550 ἢ
1606 516 1653 542 τὸν
1662 516 1743 544 αὐτὸν
1762 516 1830 542 Θεόν
1842 525 1872 543 τε

1084 561 1132 587 καὶ
1152 560 1314 596 ἄνθρωπον·
1328 561 1392 588 ἀνευ
1414 561 1467 597 γὰρ
1491 561 1551 592 ἑνὸς
1575 562 1630 589 τῶν
1661 562 1819 596 εἰρημένων
1843 563 1873 589 τὸ

1084 606 1209 641 ἀτελὲςή
1231 606 1307 642 φωνὴ
1335 607 1544 642 προϐαλλομένη
1570 607 1682 640 δικαίως
1701 608 1735 635 ἂν
1768 609 1874 643 διελέγ-

1083 661 1165 687 χοιτο.
1193 652 1286 681 Ταῦτα
1311 653 1360 680 καὶ
1383 652 1418 679 τὰ
1438 653 1544 685 τούτοις
1569 654 1652 688 ὅμοια
1677 654 1875 690 διεληλυθὼςδ

1085 700 1261 734 συγγραφεὺς
1274 718 1282 731 ,
1303 700 1349 726 καὶ
1369 699 1538 735 παραίνεσιν
1561 701 1773 735 παρακαλοῦσαν
1804 703 1876 736 πρῖις

1083 744 1209 779 ὁμόνοιαν
1234 744 1405 778 καταϐαλὼν,
1434 745 1483 773 καὶ
1509 745 1554 773 τὸν
1567 746 1688 781 παρόντα
1709 747 1877 774 διαναπαύει

1083 790 1171 822 λόγον.

1126 878 1192 904 Ὀδὲ
1208 878 1308 913 ἑφεξῆς
1331 878 1406 913 αὗτῷ
1434 879 1514 913 λόγος
1544 879 1613 914 πρὸς
1641 879 1704 911 τοὺς
1729 880 1878 914 οἰομένους

1083 924 1269 958 ἀνθρωπίναις
1298 924 1433 955 ἐπινοίαις
1459 924 1589 951 δύνασθαι
1618 924 1668 959 τὴν
1695 924 1785 959 ἀληθῆ
1817 925 1876 950 τῶν

1083 971 1257 1006 Χριστιανῶν
1274 971 1435 998 ὑποϐάλλειν
1453 970 1594 1005 θεολογίαν
1623 971 1777 1004 διαλέγεται
1791 979 1798 986 ο
1809 972 1839 996 ἐν
1853 967 1877 1003 ᾧ

1085 1015 1202 1052 [45511]
1227 1015 1391 1051 θεολογήσας
1416 1016 1545 1048 εὐσεὸὦς,
1563 1017 1610 1043 καὶ
1637 1017 1754 1050 κρείττω
1781 1016 1878 1050 πάσης

1084 1061 1285 1096 ἐπιτεχνήσεως
1304 1062 1351 1088 καὶ
1376 1062 1425 1096 τῆς
1448 1063 1480 1087 ὲκ
1498 1062 1584 1095 λόγων
1609 1062 1705 1095 σοφίας
1733 1061 1784 1096 τὴν
1796 1063 1879 1096 παρὰ

1083 1109 1256 1143 Χριστιανοῖς
1273 1108 1485 1142 ἀποδειξάμενος
1497 1108 1647 1142 θεολογίαν,
1660 1109 1706 1134 καὶ
1722 1108 1752 1134 τὸ
1769 1108 1879 1143 ἐξῃρη-

1085 1155 1165 1186 μένον
1186 1154 1274 1188 αὐτῆς
1294 1154 1465 1189 ἀνυμνήσας,
1482 1154 1659 1189 διαλαμϐάνει
1676 1154 1714 1185 ὡς
1728 1154 1770 1188 ἐφ’
1787 1155 1878 1189 ἡμῶν

1085 1199 1134 1234 μὲν
1143 1200 1170 1226 αἰ
1186 1200 1239 1226 τῶν
1256 1200 1407 1234 ἰδιωμάτων
1421 1200 1548 1235 διαφοραὶ
1556 1199 1680 1236 φανερῶς
1694 1200 1875 1235 διεστήκασι,

1083 1246 1145 1272 καθ’
1157 1245 1190 1277 ἃς
1210 1247 1257 1272 ἀπ’
1269 1246 1390 1281 ἀλλήλων
1402 1245 1605 1280 διακρινόμεθα,
1621 1246 1668 1272 καὶ
1681 1246 1716 1272 τὰ
1727 1255 1878 1281 χαρακτη-

1086 1292 1197 1326 ριστικὰ
1208 1292 1258 1325 τῆς
1278 1300 1351 1323 τινος
1363 1292 1537 1323 ὑποστάσεως
1552 1292 1668 1327 θατέρας
1682 1293 1731 1318 οὑκ
1743 1291 1799 1318 οἶδε
1816 1302 1880 1319 κοι-

1083 1337 1201 1362 νοποιείν
1229 1336 1372 1370 ἰδιώματα,
1400 1337 1446 1362 ἐπὶ
1460 1337 1489 1362 δὲ
1506 1337 1556 1370 τῆς
1590 1337 1671 1371 ἁγίας
1698 1337 1815 1372 Τριάδος
1849 1338 1879 1364 αἱ

1085 1381 1214 1415 ἰδιότητες
1237 1381 1360 1416 ἀκίνητοι
1382 1381 1448 1417 [864
1463 1381 1510 1416 IL]
1539 1383 1666 1416 μένουσαι
1687 1382 1880 1409 συνάπτονταί

1083 1435 1152 1460 πως,
1163 1428 1206 1453 διά
1219 1428 1268 1462 τῆς
1282 1427 1436 1463 ἀδιαιρέτου
1451 1427 1574 1458 bubo-sto;
1586 1428 1633 1454 και¹
1641 1429 1663 1444 ⁷⁵
1675 1427 1705 1454 τὸ
1722 1427 1787 1462 μίαν
1802 1426 1880 1455 εἶναι

1083 1473 1137 1499 τὼν
1159 1474 1334 1500 ὑποστάσεων
1357 1473 1406 1508 τὴν
1445 1474 1586 1508 ἐνέργειαν
1607 1473 1736 1507 πλείστην
1760 1474 1880 1508 ἔχουσαι

1083 1519 1134 1545 κάν
1146 1521 1179 1554 τῇ
1197 1519 1332 1554 διακρίσει
1358 1519 1408 1554 τὴν
1435 1517 1530 1554 θεῖιιήν
1555 1519 1644 1545 τεκαὶ
1669 1519 1790 1554 ἄρῤητον
1804 1520 1880 1555 πρὸς

1083 1565 1200 1600 ἀλλήλας
1227 1566 1386 1600 συνάφειαν,
1408 1565 1470 1592 καθ’
1501 1566 1534 1601 ἣν
1551 1566 1573 1581 ⁷⁸
1591 1565 1656 1597 Υἱὸς
1670 1566 1700 1591 ὲν
1721 1565 1812 1601 Ιιατρὶ
1827 1567 1881 1592 καὶ

1082 1611 1178 1648 Πατὴρ
1192 1613 1222 1638 ὲν
1239 1611 1297 1647 Υἰῷ
1326 1612 1373 1638 καὶ
1388 1612 1450 1643 Υίδς
1463 1613 1492 1638 ὲν
1508 1612 1594 1646 Πατρὶ
1610 1612 1658 1639 καὶ
1673 1612 1815 1647 Πνεῦματι
1827 1614 1881 1641 καὶ

1082 1658 1194 1692 Πνεῦμα
1208 1659 1236 1684 ἐν
1247 1658 1304 1693 Υίῷ
1319 1659 1367 1685 καὶ
1382 1659 1470 1694 Πατρὶ
1485 1658 1639 1693 θεωρεῖται,
1656 1658 1706 1692 τῆς
1722 1659 1881 1692 συναφείας

1082 1704 1249 1738 πανταχόθεν
1270 1704 1472 1740 ἐπικρατούσης
1489 1705 1536 1732 καὶ
1555 1704 1616 1738 μηδ’
1629 1705 1658 1730 ὲν
1669 1705 1725 1735 τοῖς
1741 1704 1881 1739 ίδιώμασι

1081 1749 1297 1785 καινοτομούσης
1309 1750 1340 1776 τδ
1354 1750 1518 1785 ἀδιαίρετον.
1545 1750 1599 1778 Καὶ
1635 1750 1665 1784 δὴ
1687 1751 1734 1776 καὶ
1753 1749 1785 1776 τὸ
1801 1749 1881 1778 εἶναι.

1081 1794 1146 1822 ἄλλο
1156 1795 1182 1821 τί
1207 1795 1281 1822 ἐστιν
1305 1796 1352 1821 ἐπὶ
1362 1795 1411 1829 τῆς
1424 1794 1589 1830 ὑπεραρχίου
1613 1795 1729 1830 Τριάδος
1744 1796 1793 1822 καὶ
1810 1796 1882 1822 ἄλλο

1081 1841 1110 1867 ὲν
1125 1841 1206 1876 ἡμῖν·
1225 1841 1282 1867 ἐκεῖ
1301 1841 1350 1876 μὲν
1364 1841 1418 1876 γὰρ
1432 1842 1462 1868 τὸ
1476 1841 1506 1868 ὃν
1521 1842 1593 1877 ὑπὲρ
1608 1842 1639 1868 τὸ
1656 1840 1737 1873 εἶναι,
1752 1842 1881 1869 ἐνταῦθα

1079 1887 1108 1913 δὲ
1123 1887 1182 1913 οὐδὲ
1196 1887 1298 1923 κυρίως
1316 1887 1357 1914 δν.
1372 1887 1434 1919 Πῶς
1450 1888 1504 1923 γὰρ
1519 1887 1553 1914 ἂν
1568 1888 1609 1923 εἰη
1635 1888 1738 1924 κυρίως
1750 1888 1782 1914 ὂν
1796 1888 1829 1916 τὺ
1843 1891 1879 1916 ἐκ

1081 1932 1119 1968 μὴ
1137 1933 1221 1959 ὄντων
1235 1933 1422 1968 παρηγμένον,
1430 1934 1478 1961 καὶ
1493 1933 1532 1965 εἰς
1548 1933 1578 1959 τὸ
1593 1934 1631 1968 μὴ
1643 1934 1672 1960 ὃν
1685 1935 1717 1969 τῇ
1734 1943 1766 1968 γε
1781 1935 1878 1970 οἰκείᾳ

1080 1977 1314 2013 φύσειύπορςεέον,
1332 1979 1356 2004 εἰ
1368 1979 1415 2005 καὶ
1429 1979 1515 2014 δῶρον
1539 1979 1720 2014 ἐφιλοτιμήθη
1750 1979 1800 2006 τοῦ
1816 1982 1878 2015 Δη-

1081 2022 1212 2058 μιουργοῦ
1238 2024 1277 2054 είς
1287 2024 1317 2050 τὸ
1330 2024 1373 2052 ἀεὶ
1400 2022 1470 2050 εἶναι
1482 2025 1529 2051 καὶ
1549 2025 1589 2055 είς
1609 2024 1763 2060 ἀφθαρσίαν
1776 2025 1880 2053 ἀναϐι-

1080 2069 1227 2103 ϐάζεσθαις
1248 2070 1313 2101 Θεὸς
1326 2069 1373 2097 οὖν
1387 2072 1453 2105 ἡμῖν
1469 2071 1545 2097 ἐστιν
1561 2068 1602 2102 εἷς
1613 2072 1635 2087 ⁷⁷
1646 2072 1693 2098 καὶ
1704 2072 1791 2106 Τριὰς
1802 2072 1879 2099 θεω-

1081 2116 1221 2152 ρούμενος,
1237 2119 1313 2152 πηγὴ
1329 2118 1474 2153 τυγχάνων
1500 2119 1681 2153 ἀπερινοήτου
1706 2119 1805 2152 σοφίας
1827 2122 1881 2146 κει)⁵

1079 2164 1244 2198 ἁγιαστικῆς
1271 2164 1422 2198 δυνάμεως.
1448 2163 1530 2191 Ὀθεν
1556 2161 1596 2195 εἷς
1629 2164 1696 2195 Θεὸς
1707 2165 1753 2191 καὶ
1770 2165 1881 2199 Κύριος

1043 2220 1064 2247 ο
1081 2210 1128 2236 καὶ
1152 2210 1287 2244 βασιλεὺς,
1300 2210 1382 2240 αὑτός
1393 2219 1423 2236 τε
1436 2211 1480 2236 6⁷⁸
1499 2210 1594 2245 Πατὴρ
1612 2211 1660 2237 καὶ
1677 2211 1693 2245 ἡ
1707 2211 1881 2243 τελειοποιὶς

1081 2256 1162 2290 cogat:
1189 2257 1271 2283 αὑτοῦ
1293 2257 1371 2291 καὶὴ
1391 2257 1539 2291 ἀγιαστικὴ
1553 2257 1678 2291 δύναμις.
1703 2257 1880 2293 ’Δδιαίρετος

1080 2303 1134 2337 γὰρ
1150 2303 1270 2338 ὀίἰατὴρ
1293 2303 1362 2338 πρός
1390 2311 1421 2329 τε
1444 2302 1494 2337 τὴν
1524 2303 1622 2329 ἑαυτοῦ
1645 2303 1744 2336 σοφίαν
1758 2304 1807 2329 καὶ
1825 2305 1881 2339 τὴν

1081 2349 1245 2384 ἀγιαστικὴν
1267 2349 1391 2380 δύναμιν,
1405 2350 1435 2375 ἐν
1451 2350 1499 2384 μιᾷ
1522 2349 1601 2383 φύσει
1619 2350 1880 2384 προσκυνούμενος,

1079 2395 1131 2421 οὐκ
1154 2395 1193 2426 είς
1206 2394 1253 2421 ἕνα
1279 2395 1327 2421 καὶ
1338 2394 1385 2421 ἕνα
1399 2395 1577 2429 μεριζόμενος
1591 2395 1667 2427 Θεδν,
1682 2395 1813 2431 καθάπερ
1830 2397 1879 2431 ἐφ’

1077 2439 1166 2474 ἡμῶν,
1183 2439 1207 2466 οἳ
1221 2439 1259 2474 τῷ
1274 2440 1449 2475 ἀκοινωνήτῳ
1461 2440 1516 2467 τῶν
1535 2441 1688 2475 ἰδιωμάτων
1697 2441 1746 2467 καὶ
1757 2441 1800 2476 τῷ
1810 2442 1879 2469 δια-

1079 2485 1154 2520 φόρῳ
1166 2484 1216 2518 τῆς
1228 2484 1368 2520 ἐνεργείας
1387 2486 1555 2521 μεριζόμεθά.
1567 2495 1597 2512 τε
1610 2486 1657 2512 καὶ
1679 2486 1882 2521 διαιρούμεθα,

1078 2531 1124 2557 καὶ
1137 2531 1170 2565 τῇ
1189 2531 1222 2557 δι’
1233 2530 1293 2557 ὅλου
1301 2533 1370 2566 τομῇ
1383 2532 1431 2566 τὴν
1448 2532 1516 2568 πρὸς
1528 2532 1661 2568 ἀλλήλους
1674 2532 1814 2568 διαφορὰν
1826 2535 1884 2568 ὑςε-

1081 2577 1226 2610 ιστάμεοα.
1238 2578 1283 2603 Διὸ
1295 2577 1355 2603 οὐδὲ
1367 2578 1441 2606 ἔστιν
1451 2580 1550 2610 εἰπεῖν,
1562 2578 1657 2614 ὥσπερ
1667 2579 1710 2613 ἐφ’
1720 2580 1816 2614 ἡμῶν⁹
1830 2581 1884 2608 οὗ·

1082 2631 1120 2648 τω
1133 2623 1180 2648 καὶ
1192 2623 1236 2648 ἐπ’
1244 2623 1341 2658 αὐτῆς,
1358 2625 1401 2650 δτι
1414 2625 1473 2651 τόδε
1482 2625 1557 2651 τοῦδε
1568 2626 1590 2642 ⁷³
1601 2626 1708 2661 πρῶτον
1717 2626 1740 2641 ³⁵
1753 2626 1771 2661 ἢ
1783 2627 1885 2654 ἐκεῖνο

1079 2667 1156 2694 τοῦδε
1166 2668 1292 2704 δεύτερον
1303 2669 1319 2704 ἢ
1332 2669 1433 2704 τρίτον.
1443 2670 1535 2702 Μονὰς
1550 2671 1604 2706 γὰρ
1619 2671 1726 2706 ἀληθῶς
1739 2672 1756 2706 ὴ
1773 2671 1884 2706 Τριὰς,

1625 2739 1658 2772 ο

882 2774 998 2802 νΑΙὶΙΑἳ
1017 2774 1219 2803 LECTIONES.

274 2858 298 2875 ⁷⁵
311 2857 342 2885 τὺ
359 2858 450 2886 malim
466 2858 514 2894 τῷ.
553 2859 575 2875 ⁷ο
590 2859 622 2895 ἢν
638 2860 660 2887 Δ
675 2870 682 2888 :
695 2860 727 2895 ἢν
738 2861 752 2888 ὁ
769 2869 799 2893 ς.
826 2862 846 2879 ⁷⁷
859 2861 908 2897 εἰς]
923 2862 990 2897 πρός
1001 2862 1032 2890 Λ.
1058 2863 1081 2879 ⁷⁸
1097 2863 1112 2888 6
1126 2863 1188 2890 add.
1206 2865 1237 2890 Α.
1276 2865 1299 2882 ”
1313 2865 1406 2893 τούτου
1423 2875 1453 2898 ς.
1491 2868 1514 2884 ⁸ο
1529 2866 1648 2902 πρῶτον]
1659 2868 1712 2895 into
1726 2868 1880 2904 πρότερον.
