1920 3092
51 153 117 186 ιοδι

591 155 854 188 BIBLIOTHECA.
870 157 992 188 —COD.
1009 158 1146 190 CCXXX.

1628 158 1695 190 1062

48 212 98 239 καὶ
124 211 205 246 τριὰς
218 212 235 247 ἡ
252 211 356 243 Μονὰς,
380 211 443 238 οὔτε
469 211 538 238 διότι
564 212 660 246 μονὰς,
674 213 724 246 τὴν
739 213 841 247 Τριάδι

908 218 949 240 tas
965 213 1037 240 enim
1052 221 1117 240 vere
1133 216 1174 241 est
1188 213 1320 247 Trinitas.
1345 218 1372 241 et
1388 213 1509 242 Trinitas
1520 214 1626 242 Unitas.
1639 215 1695 244 Nec

50 258 248 290 συστέλλουσα,
258 258 320 284 οὒτε
335 258 403 284 διότι
413 258 510 294 Τριὰς,
524 257 574 292 τὴν
585 258 695 285 Μονάδα
704 257 725 273 ¹⁴¹
741 258 850 293 τέμνου-

50 313 103 331 σαι
132 304 195 330 οὐδὲ
221 305 275 340 γὰρ
289 303 320 330 τὸ
336 303 366 330 ἓν
384 304 432 330 ἐπὶ
458 303 508 338 τῆς
533 303 609 335 θείας
635 304 729 335 οὐσίας
745 304 783 336 ῶς
801 305 848 331 ἐπὶ

49 351 108 377 τῶν
123 351 285 386 κτισμάτων
296 349 422 385 νοοῦμεν,
446 349 512 386 παρ’
528 347 568 381 οἷς
584 349 645 376 οὐδὲ
657 349 688 376 τὸ
701 350 805 384 κυρίως
818 350 848 376 ἓν

48 398 110 424 ἔστι
119 398 270 433 θεωρῆσαι.
280 397 316 424 Οὒ
332 396 425 432 γὰρτὸ
434 396 464 423 ἓν
475 395 585 432 ἀριθμῷ
599 395 641 430 ἐφ’
650 394 728 430 ἡμῶν
741 396 786 421 καὶ
799 404 847 421 κυ-

49 443 119 477 ρίως
135 443 175 470 ἓν.
189 443 244 470 Καὶ
261 443 316 478 γὰρ
343 443 375 470 τὸ
390 441 515 478 ἐφ’ἡμῶν
531 442 679 477 λεγόμενον
694 441 724 467 ἓν
734 441 764 467 οὺ
797 449 848 468 κυ-

49 488 118 524 ρίως
138 488 178 520 ἓν,
195 488 263 516 ἀλλά
291 497 318 515 τι
332 489 372 516 ἔν.
395 488 480 515 Τοῦτο
494 488 523 514 δὲ
539 488 568 515 ἕν
591 489 621 514 τέ
641 488 700 514 ἐστι
720 487 767 514 καὶ
795 486 846 521 οὐχ

48 534 90 565 ἓν,
113 535 164 561 ἆτε
193 535 226 570 δὴ
248 535 297 561 καὶ
320 534 368 561 τοῦ
398 535 458 566 ἑνὸς
486 534 570 569 φέρον
601 533 651 569 τὴν
678 533 775 568 κλῆσιν
801 533 849 559 καὶ

48 581 121 617 πρὸς
142 581 175 608 τὸ
196 581 282 608 πολλὰ
299 578 368 608 εἶναι
377 581 569 616 μεριζόμενος.

87 674 120 700 Εἰ
132 673 161 700 δὲ
175 674 223 700 καὶ
236 674 274 705 ὡς
297 673 360 700 νοῦν
377 673 402 699 οἱ
428 672 549 708 θεολόγοι
563 672 594 699 τὸ
608 672 637 699 ἓν
647 672 694 698 ἐπὶ
709 672 757 706 τῆς
769 671 846 702 θείας

49 720 169 754 ὑμνοῦσι
201 720 320 754 φύσεως,
340 719 408 746 ἀλλὰ
439 719 484 746 διὰ
509 719 595 754 μόνην
620 719 670 755 τὴν
693 719 786 752 ἀπαθῆ
798 717 845 744 τοῦ

46 766 139 800 Λόγου
168 767 298 801 γέννησιν
324 766 405 793 τοῦτο
435 766 711 801 παραλαμϐάνουσιν.
736 765 767 792 ’11
791 765 844 800 γὰρ

48 811 167 846 εὐσεϐὴς
191 811 280 838 ἔννοια
296 813 342 837 καὶ
354 812 402 846 τῆς
416 811 463 838 τοῦ
478 811 524 837 νοῦ
537 811 647 846 φύσεως
663 811 846 846 ύπεριδρυμέ-

904 259 967 293 quia
986 260 1076 286 unitas
1091 264 1143 291 est,
1162 259 1264 287 idcirco
1287 260 1425 287 contrahit
1449 260 1629 293 Trinitatem;
1646 270 1696 289 nec

907 305 969 338 quia
986 305 1119 338 Trinitas,
1132 306 1227 333 dividit
1252 305 1399 333 Unitatem.
1416 306 1511 341 Neque
1525 308 1597 334 enim
1613 316 1695 334 unum

903 350 930 377 in
945 351 1036 378 divina
1054 353 1216 382 substantia.
1233 353 1301 379 utin
1319 353 1401 380 rebus
1421 354 1522 380 creatis
1535 354 1694 388 accipimus,
1730 352 1738 359 ‘

901 397 929 424 in
947 398 1047 432 quibus
1073 406 1124 426 nec
1146 407 1227 425 unum
1253 399 1363 434 proprie
1388 403 1430 427 est
1455 399 1616 435 intelligere.
1639 400 1695 427 Nec.

900 443 972 470 enim
1007 452 1088 471 unum
1114 452 1228 472 numero
1257 446 1284 472 in
1315 445 1392 472 nobis
1411 446 1492 473 etiam
1519 447 1628 480 proprie
1653 452 1695 474 est

901 495 1001 522 unum;
1029 498 1089 516 nam
1105 491 1177 525 quod
1199 491 1224 517 in
1242 491 1321 518 nobis
1337 491 1438 519 dicitur
1452 499 1547 524 unum,
1570 500 1623 519 non
1651 497 1694 520 est

899 535 1009 568 proprie
1036 543 1130 568 unum,
1149 537 1196 564 sed
1212 537 1314 571 aliquid
1330 545 1411 564 unum
1425 546 1433 565 :
1446 538 1497 565 hoc
1508 542 1598 565 autem
1610 546 1692 565 unum

897 583 951 612 est,
978 585 1007 608 et.
1037 589 1090 609 non
1114 591 1217 616 unum,
1242 584 1351 619 2731:
1381 589 1474 619 utpote
1498 586 1569 620 quod
1595 586 1695 613 habeat

902 632 1001 654 nomen
1017 636 1096 661 tinus,
1112 634 1140 656 et
1156 629 1244 664 reipsa
1259 631 1285 657 in
1305 629 1387 657 multa
1408 631 1553 658 dividatur.

935 673 1048 707 Quando
1065 681 1155 703 autem
1182 676 1298 712 theologi
1316 677 1434 704 divinam
1459 682 1584 704 naturam
1604 686 1689 704 uuttm

899 721 963 754 quid
982 728 1043 748 esse
1058 722 1219 755 praedicant,
1236 727 1266 749 ut
1280 729 1412 756 utentem,
1432 723 1458 749 id
1478 729 1588 758 propter
1606 724 1692 751 solam

899 765 1017 792 divinam
1036 766 1116 794 Verbi
1134 775 1182 794 seu
1211 768 1390 802 impatibilem
1418 769 1621 803 generationem
1648 769 1689 796 fa-

899 811 983 838 ciunt.
999 811 1065 838 Nam
1080 818 1153 840 recta
1166 813 1263 848 piaque
1281 814 1415 841 sententia
1428 815 1595 842 divinitatem
1611 823 1690 850 supra

47 863 98 889 νην
109 855 232 888 (iacio-{si
241 855 264 870 ’⁸³
276 856 325 889 τὴν
341 855 467 890 θεότητα.
485 856 541 883 Καὶ
554 856 608 892 γὰρ
624 855 672 882 καὶ¹
700 856 770 882 κατὰ
799 855 841 881 τὸν

898 862 1021 885 naturam
1039 860 1137 887 mentis
1150 858 1303 896 [humanm]
1321 861 1484 888 collocatam
1510 862 1554 896 pie
1581 863 1689 890 asserit.

47 900 111 927 νοῦν
122 901 259 936 ταυτότης
282 901 379 936 ὁρᾶται
395 902 443 927 καὶ
462 901 602 936 ἑτερότης,
625 901 733 937 κίνησίς
748 909 778 928 τε
797 903 844 928 καὶ

48 948 159 979 στάσις,
171 948 225 980 ,καὶ
245 948 295 983 τῆς
325 947 436 983 διπλόης
460 948 602 979 παντελῶς
626 948 676 974 οὐκ
694 947 844 980 ἐξίσταται,

49 994 119 1021 ἀλλὰ
136 993 232 1025 στάσις
249 994 299 1027 μὲν
315 994 390 1029 αὺτῴ
408 993 453 1020 διὰ
467 993 515 1029 τὴν
536 994 585 1029 τῆς
601 993 695 1025 οὐσίας
719 994 846 1028 ἐνορᾶται

47 1041 218 1076 ταυτότητα,
235 1040 362 1076 ἑτερότης
372 1040 400 1067 δὲ
416 1041 463 1068 καὶ
473 1041 582 1076 κίνησις
595 1041 639 1067 διὰ
653 1041 701 1076 τὴν
714 1041 845 1074 αὐτεξού-

48 1096 108 1113 ειον
131 1087 220 1122 ὁρμὴν
251 1088 298 1113 καὶ
316 1088 472 1122 ἐνέργειαν·
492 1087 523 1114 οὐ
553 1087 607 1122 γάρ
626 1088 683 1114 ἐστι
707 1088 805 1114 ταύτὸν
817 1087 846 1114 ἓν

47 1134 139 1160 εἰπεῖν
167 1134 214 1160 ναὶ
238 1134 307 1169 μετὰ
331 1134 382 1169 τῆς
414 1135 484 1170 πρὸς
505 1134 568 1170 [4ὕ6
587 1133 632 1170 IL]
648 1134 734 1169 ξέτερα
753 1143 844 1170 παρα-

47 1181 153 1212 ιέσεως
170 1181 210 1208 ἓν.
228 1180 310 1207 Ὂοεν
322 1182 345 1207 εἰ
359 1181 407 1208 καὶ
425 1178 467 1212 εἷς
480 1181 518 1216 τῷ
537 1180 712 1216 ὑποκειμένῳ
743 1181 845 1216 τυγχά-

46 1235 100 1257 νει,
115 1227 186 1253 ἀλλὰ
201 1226 270 1253 νοῶν
283 1227 379 1253 ἑαυτὸν
399 1227 446 1254 καὶ
463 1227 507 1261 ὑφ’
529 1226 626 1253 ἑαυτοῦ
643 1226 845 1262 γινωσκόμενος

47 1272 107 1298 ἀνθ’
132 1271 220 1298 ἁττλοῦ
240 1272 351 1304 διπλοῦς
368 1272 572 1299 ἀποδείκνυται.
601 1272 701 1308 Ὅπερ,
715 1273 763 1299 καὶ
780 1273 843 1299 εἴτι

48 1318 155 1352 ὅμοιον,
180 1316 228 1344 τοῦ
255 1317 358 1353 κυρίως
380 1317 439 1348 ἑνὸς
455 1318 565 1352 καὶτῆς
585 1318 725 1353 μακαρίας
736 1317 843 1351 φύσεως

49 1367 194 1399 παντελῶς
205 1367 396 1403 ἠλλοτρίωται.
418 1368 517 1402 Διόπερ
550 1367 600 1394 οὐκ
627 1367 700 1393 ἔστιν
725 1367 785 1393 οὐδὲ
805 1367 844 1402 τῷ

48 1412 162 1447 ἀριθμῷ
175 1411 206 1437 ἐν
219 1412 236 1447 ἢ
252 1412 291 1443 ὡς
309 1412 380 1447 ἀρχὴ
412 1411 544 1447 ἀριθμοῦ,
575 1412 636 1439 οὐδὲ
659 1412 698 1444 ὡς
729 1412 844 1447 μέγεοος

47 1459 64 1492 ἦ
79 1459 118 1489 ὡς
140 1457 211 1493 ἀρχὴ
240 1457 374 1492 μεγέθους
385 1466 393 1473 ·
413 1458 503 1492 πάσης
520 1458 574 1493 γὰρ
588 1458 746 1492 ,ποσότητος
757 1457 780 1473 ⁵³
796 1457 844 1484 καὶ

48 1505 152 1540 μέρους
166 1505 214 1530 καὶ
227 1503 377 1535 συνθέσεως
390 1503 578 1539 ὑπερίδρυται.
595 1504 665 1530 Ἀλλ’
682 1505 707 1530 εἰ
718 1504 759 1530 δεῖ
775 1503 843 1539 0αρ-

48 1551 176 1586 ρήσαντα
193 1551 290 1580 εἰπεῖν.
306 1550 335 1576 ἓν
354 1551 412 1576 ἐστι
433 1550 464 1576 τὸ
485 1550 563 1577 Θεῖον
577 1551 648 1577 κατὰ
656 1551 706 1586 τὴν
726 1550 844 1585 ἁπλότη-

46 1606 84 1623 τα
93 1596 143 1632 τῆς
155 1596 312 1632 ὑπάρξεως,
328 1597 378 1632 οὑχ
394 1596 433 1629 ὡς
449 1596 477 1623 ἓν
494 1596 646 1633 τριὼνυμον
658 1597 843 1632 θεωρούμενον

47 1644 64 1678 ἣ
84 1644 125 1674 εις
139 1643 211 1678 μέρη
224 1643 413 1678 διαιρούμενον
428 1643 445 1678 ἢ
459 1644 490 1669 ὲκ
507 1643 638 1670 πλειόνων
656 1643 843 1678 συγκείμενον·

47 1691 171 1726 ᾰῤῥητον
183 1691 238 1724 γάρ
253 1691 312 1716 ἐστι
340 1690 388 1717 καὶ
415 1690 636 1726 ἀκατονόμαστον
665 1689 744 1717 τοῦτο
759 1690 790 1716 τὺ
804 1690 843 1723 ἓν,

48 1736 116 1773 [865
130 1736 176 1772 R.]
193 1737 255 1763 ἐπεὶ
267 1736 314 1763 καὶ
325 1736 408 1763 αὑτοῦ
420 1737 466 1763 τοῦ
480 1737 539 1769 ἑνός
549 1739 623 1764 ἐστιν
638 1737 735 1770 αἴτιον,
755 1738 846 1770 πάσης

47 1782 144 1813 ἑνὰὄος
158 1782 281 1809 ἑνοποιὸν
296 1782 344 1808 καὶ
366 1782 467 1815 παντὺς
480 1783 540 1815 ἑνὸς
557 1784 603 1810 καὶ
618 1783 738 1818 πλήθους
757 1783 843 1819 ὑπερ-

46 1828 234 1864 απλοὺμενον,
262 1828 306 1855 διὰ
318 1828 348 1855 τὺ
360 1829 462 1864 κυρίως
474 1829 504 1855 ἒν
525 1827 595 1856 εἶναι
627 1829 675 1856 καὶ
702 1830 731 1855 ὲν
761 1831 845 1856 πᾶσιν

47 1873 120 1902 εἶναι
150 1875 198 1901 καὶ
225 1875 297 1909 ὑπὲρ
313 1875 401 1901 πάντα
412 1874 608 1909 γινώσκεσθαι,
624 1876 778 1902 οὖσιοποιὺν
795 1875 845 1910 μὲν

49 1922 184 1948 ἁπάντων
201 1920 256 1947 τῶν
277 1921 371 1952 ἧντων,
395 1921 608 1958 ὑπεριδρυμὲνον
624 1921 652 1948 δὲ
667 1922 696 1947 ὲν
710 1923 743 1957 τῇ
758 1921 845 1957 ὑπερ-

46 1967 129 2003 ουσὶᾳ
147 1967 204 1994 ’καὶ
232 1967 284 2003 ἰδίᾳ
318 1967 467 2002 μονότητι,
492 1967 555 1998 ὲνὰς
585 1967 632 1994 καὶ
671 1967 755 2002 μονὰς
788 1967 846 1993 θεο-

45 2013 226 2047 λογούμενον,
243 2012 309 2043 Υἱὸς
328 2013 357 2038 ἐν
370 2012 459 2048 ῐῐατρὶ
475 2012 524 2038 καὶ
538 2011 634 2046 Πατὴρ
647 2011 677 2037 ὲν
690 2010 747 2046 Υἱῷ
760 2019 844 2044 γινω-

46 2057 195 2092 σκόμενον,
219 2057 333 2092 Πνεῦμα
357 2058 435 2092 ἅγιον
447 2056 663 2092 ἐκπορευόμενον
680 2056 712 2082 ἐκ
727 2055 842 2092 Πατρὸς.

44 2104 138 2138 ἀρχὴν
155 2103 204 2138 μὲν
215 2103 275 2138 ἕχον
285 2104 331 2130 τὸν
343 2104 463 2139 Πατέρα,
474 2103 508 2130 δι’
522 2102 588 2130 Υίοῦ
604 2103 632 2129 δὲ
649 2104 689 2134 εἰς
699 2104 788 2129 κτίσιν
801 2103 844 2129 ἐπ’

45 2150 197 2184 εὐεργεσίᾳ
203 2150 257 2175 τῶν
263 2149 415 2184 δεχομένων
422 2150 578 2184 ἐρχόμενον,
588 2149 617 2176 οὒ
627 2148 687 2175 καθ’
697 2148 793 2183 ὕφεσιν
802 2158 844 2184 γι-

44 2195 226 2230 νωσκομένης
237 2195 286 2230 τῆς
295 2196 458 2230 γεννήσεως,
468 2196 498 2222 οὺ
513 2196 583 2221 κατὰ
592 2195 676 2230 τομὴν
689 2194 842 2230 θεωρουμέ-
857 2205 879 2232 ι)

45 2241 154 2277 νηςτῆς
164 2241 401 2277 ὲκπορεύσεως.Εἱ
408 2241 462 2277 γάρ
472 2251 514 2273 τις
524 2242 584 2277 δοίη
594 2241 741 2273 ταῦτα,καὶ
748 2241 793 2267 ἐπὶ
800 2249 845 2266 τε-

45 2287 135 2322 τράδα
148 2287 170 2302 ⁸⁵
186 2287 234 2313 καὶ
257 2287 375 2313 πεντάδα
390 2287 441 2313 ’καὶ
463 2287 506 2313 ἐπ’
533 2287 647 2323 ἄπειρον
668 2287 717 2322 τὴν
732 2287 844 2321 πρόοδον

45 2333 149 2368 ῥυῆναι
163 2333 235 2360 κατὰ
253 2334 316 2364 τοὺς
336 2333 471 2368 Ἑλλήνων
493 2333 594 2368 μύθους
618 2334 843 2366 συγκατασκευά-

46 2387 131 2406 σειεν.
152 2379 201 2405 Ἓν
213 2377 260 2405 οὖν
275 2379 376 2416 κυρίως
387 2379 409 2395 ⁸⁵
426 2379 457 2406 τὸ
468 2379 558 2411 Θεῖον,
572 2380 732 2414 πληθυσμὺν
747 2380 842 2406 οὐδένα

45 2425 281 2460 παροιδεχόμενον,
289 2425 326 2457 ὡς
334 2424 487 2461 ἀκριϐήςτε
500 2426 546 2451 καὶ
556 2425 658 2460 ἀληθὴς
667 2424 762 2459 ἑνότης
771 2425 840 2452 κατὰ

45 2471 95 2505 τὴν
120 2471 252 2506 φυσικὴν,
268 2472 292 2497 εί
304 2472 356 2506 χρὴ
367 2471 460 2506 φάναι,
473 2471 661 2507 θεωρούμενον
672 2472 836 2507 ταυτότητα.

45 2516 130 2543 Ὅθεν
152 2516 177 2542 εἰ
198 2516 246 2542 καὶ
274 2516 437 2548 ὑποστάσεις
459 2516 476 2552 ἢ
498 2517 634 2551 πρόσωπα
660 2517 676 2552 ἢ
705 2516 838 2552 ἰδιότητας

44 2562 229 2597 ὀνομάζομεν,
244 2562 262 2589 ἃ
273 2563 287 2589 ό
299 2562 361 2594 νοῦς
383 2562 463 2597 ἔγνω,
480 2562 542 2589 καθ’
555 2563 617 2589 ὅσον
630 2562 741 2589 δυνατόν
753 2563 837 2593 ἐστιν,

46 2607 218 2642 ὲομηνεῦσαι
235 2607 401 2643 βουλόμενοι,
419 2608 449 2634 οὐ
465 2607 494 2634 τὺ
509 2608 538 2634 ἓν
553 2607 723 2643 διαιροῦμεν,
742 2608 773 2634 οὗ
787 2607 837 2643 τὴν

46 2653 150 2688 μονάδα
175 2653 333 2689 μερίζομεν,
351 2654 381 2680 οὑ
391 2653 440 2688 τὴν
458 2653 539 2680 ἑνὰδα
563 2653 733 2688 διατι-πῶμεν,
767 2653 836 2680 ἀλλὰ

44 2699 171 2734 τῇάἵδίῳ
201 2700 327 2734 μανότητι
352 2699 541 2734 οεολογοῦντες
572 2700 674 2734 ταύτην
703 2700 731 2727 ἐν
747 2701 835 2736 τρισὶν

45 2745 134 2779 αὐτὴν
153 2744 385 2779 συνθεολογοῠμεν
416 2746 606 2776 ὑποστάτεσιν,
624 2746 673 2772 οὐκ
697 2746 836 2781 ἀνθρωπί-

45 2797 100 2821 νοις
127 2789 270 2824 λογισμοῖς
298 2790 332 2817 τὰ
354 2791 423 2826 ὑπὲρ
450 2790 513 2817 νοῦν
542 2790 749 2822 ὑποϐάλλοντες,
774 2791 835 2817 οὐδὲ

898 902 1027 931 ldentitas
1051 905 1121 932 enim
1135 906 1217 932 etiam
1242 904 1268 931 in
1286 911 1374 933 tuente
1400 911 1550 941 spectatur,
1570 907 1691 941 itemque

897 949 1050 981 diversitas,
1069 955 1097 978 et
1113 957 1202 979 motus
1215 957 1242 980 et
1259 952 1347 987 quies,
1363 960 1412 979 nec
1428 954 1539 980 omnino
1558 958 1632 980 caret
1644 955 1691 980 du-

895 995 1025 1030 plicitatc.
1045 997 1098 1024 Sed
1112 999 1189 1032 quies
1203 999 1310 1033 quidem
1325 999 1351 1026 in
1363 999 1419 1033 ipsa
1438 1004 1548 1034 propter
1562 1000 1690 1027 essentia:

896 1041 1062 1070 identitatem
1082 1049 1220 1079 spectatur
1236 1054 1244 1072 :
1262 1045 1406 1073 diversitas
1422 1050 1511 1072 autem
1530 1051 1554 1073 et
1586 1051 1687 1077 motus.

896 1093 1006 1122 propter
1020 1090 1170 1117 naturalem
1185 1091 1237 1118 vim
1251 1096 1278 1119 et
1299 1093 1498 1126 operationem.
1508 1092 1600 1126 Neque
1615 1094 1687 1119 enim

895 1138 936 1160 est
953 1134 1022 1161 idem
1039 1136 1131 1163 dicere
1145 1145 1228 1164 unum
1246 1136 1306 1173 [per
1320 1138 1361 1174 se]
1376 1143 1403 1165 et
1417 1146 1498 1165 unttm
1511 1144 1634 1173 respectu
1649 1138 1689 1165 al-

897 1179 991 1206 terius.
1017 1180 1096 1209 Unde
1123 1183 1247 1217 quamvis
1275 1191 1346 1210 unus
1370 1184 1407 1211 sit
1432 1183 1565 1218 subjecto,
1595 1189 1685 1211 tamen

895 1227 1002 1260 quando
1027 1227 1146 1263 seipsum
1171 1229 1338 1262 considei-at,
1355 1234 1382 1257 et
1411 1230 1534 1257 noscitur
1558 1237 1572 1256 a
1597 1231 1687 1264 seipso

896 1279 944 1306 pro
958 1280 1011 1299 uno
1024 1280 1051 1300 et
1071 1275 1186 1309 simplici
1200 1275 1299 1310 duplex
1313 1283 1374 1303 esse
1387 1275 1534 1311 probatur;
1551 1276 1620 1310 qttod
1633 1275 1686 1303 etsi

896 1319 959 1352 quiti
976 1319 1064 1346 simile
1089 1321 1172 1349 habet
1196 1321 1281 1358 [uni,]
1313 1323 1423 1358 proprie
1440 1322 1555 1359 [tamen]
1573 1322 1606 1349 ab
1621 1329 1687 1353 uno.

895 1369 922 1391 et
937 1372 951 1390 a
970 1365 1048 1392 beata
1065 1365 1136 1402 [Dei]
1156 1372 1252 1395 natura
1271 1376 1382 1402 prorsus
1408 1368 1527 1396 alienum
1546 1373 1597 1396 est.
1614 1367 1685 1395 Ilinc

895 1416 984 1445 neque
1010 1418 1123 1438 numero
1144 1420 1226 1439 unum
1254 1417 1306 1446 est,
1328 1417 1421 1440 autut
1447 1413 1611 1447 principium
1633 1421 1686 1440 utt-

895 1456 982 1489 meri;
1009 1463 1096 1491 neque
1127 1462 1156 1484 ut
1186 1459 1354 1492 magnitudo,
1370 1459 1412 1486 vel
1453 1464 1482 1486 ut
1518 1459 1685 1493 principium

897 1502 1099 1536 magnitudinis,
1108 1510 1215 1530 omnem
1224 1505 1296 1531 enim
1307 1505 1520 1540 magnitudinem
1533 1510 1559 1531 et
1569 1513 1599 1539 pa
1605 1510 1686 1538 rtem,

896 1553 924 1575 et
940 1550 1163 1583 compositionem
1182 1551 1277 1578 vincit.
1301 1551 1334 1577 Et
1358 1552 1380 1578 si
1406 1552 1447 1577 fas
1467 1552 1578 1578 liberius
1602 1551 1686 1585 loqui,

895 1601 977 1620 unum
994 1601 1035 1621 est
1048 1594 1177 1622 divinitas
1194 1598 1342 1623 secundum
1370 1597 1573 1632 simplicitatem
1593 1606 1687 1625 essen-

895 1639 949 1673 tiaz,
966 1647 1018 1666 non
1039 1645 1069 1666 ut
1089 1648 1170 1667 unum
1191 1641 1241 1668 sub
1271 1642 1369 1676 triplici
1396 1643 1505 1670 nomine
1525 1644 1686 1671 considera-

896 1690 963 1717 tum,
977 1691 1024 1714 aut
1037 1687 1061 1713 iu
1077 1692 1167 1721 partes
1191 1688 1324 1720 divisum,
1342 1694 1387 1715 attt
1405 1697 1438 1715 ex
1466 1690 1589 1724 pluribtts
1612 1698 1687 1716 com-

895 1733 1028 1768 positum;
1050 1733 1238 1769 inexplicabile
1260 1735 1332 1761 enim
1349 1740 1402 1767 cst,
1432 1743 1481 1762 nec
1503 1737 1558 1763 ullo
1578 1738 1687 1763 nomine

896 1779 947 1806 hoc
964 1787 1044 1806 unum
1059 1780 1173 1814 exprimi
1191 1785 1278 1815 potest
1293 1790 1300 1808 :
1318 1782 1380 1816 quia
1395 1782 1478 1816 ipsius
1502 1783 1582 1810 unius
1602 1783 1685 1809 etiam

895 1830 938 1853 est
953 1833 1046 1856 causa.
1062 1831 1089 1853 et
1106 1827 1217 1853 unitatis
1235 1827 1422 1862 cujuscunque
1442 1827 1537 1854 unicus
1557 1827 1687 1861 effector;

894 1871 1140 1906 omnibusquoth
1155 1876 1207 1898 tam
1231 1880 1296 1904 uno,
1320 1880 1401 1908 quam
1428 1874 1521 1900 multis
1543 1875 1599 1908 ipsa
1616 1875 1682 1901 sitn-

894 1917 1014 1952 plicitate
1027 1918 1159 1952 superior,
1173 1926 1207 1946 eo
1223 1920 1294 1954 quod
1317 1921 1432 1954 proprie
1446 1928 1528 1947 ttntun
1547 1921 1594 1951 sit,
1607 1927 1635 1947 et
1659 1921 1684 1948 in

894 1963 1019 1990 omnibus
1033 1968 1059 1990 et
1084 1971 1166 1998 super
1185 1965 1276 1991 omnia
1303 1965 1482 2001 intelligatur;
1501 1966 1572 2001 quod
1594 1968 1685 1993 omnia

894 2009 1001 2042 quidem
1031 2016 1090 2044 quae
1115 2016 1189 2043 sunt.
1220 2011 1352 2043 condidit,
1374 2012 1399 2038 in
1426 2013 1683 2046 supersubstantiali

894 2059 985 2081 autem
1000 2059 1026 2082 et
1053 2055 1104 2082 sibi
1133 2057 1242 2091 propria
1266 2057 1456 2092 singularitatc
1486 2057 1648 2090 fundatum,
1669 2067 1683 2086 a

893 2099 1023 2134 theologis
1045 2101 1134 2128 unitas
1148 2106 1174 2129 et.
1190 2102 1365 2137 singularitas
1379 2107 1512 2131 voratur:
1543 2112 1592 2131 nec
1612 2105 1684 2132 aliud

894 2153 954 2173 esse
979 2147 1162 2182 cognoscitur,
1176 2155 1256 2182 quant
1273 2147 1358 2175 Filius
1374 2148 1399 2175 in
1415 2149 1505 2180 Patre.
1520 2155 1546 2177 et
1561 2150 1641 2178 Pater
1657 2151 1682 2177 in

894 2190 962 2218 Filio
977 2201 984 2219 :
1005 2192 1122 2227 Spiritus
1136 2201 1242 2228 quoque
1257 2198 1369 2221 sanctus
1382 2195 1531 2228 procedens
1543 2203 1575 2222 ex
1591 2195 1682 2229 l‘atrc,

894 2242 919 2264 et
936 2238 1098 2272 principium
1119 2239 1227 2273 quidem
1254 2240 1357 2267 habens
1374 2240 1494 2273 Patrem,
1509 2242 1554 2268 sed
1574 2249 1621 2275 per
1639 2242 1684 2269 Fi-

893 2282 957 2309 lium
973 2284 997 2310 in
1014 2289 1166 2316 creaturas,
1182 2292 1230 2319 pro
1241 2293 1289 2312 sua
1310 2294 1373 2321 erga
1389 2287 1491 2314 electos
1504 2287 1681 2315 beneﬁcentia

891 2329 1058 2358 descendens
1074 2339 1081 2357 :
1097 2331 1136 2358 sic
1152 2337 1241 2358 tamen
1268 2337 1297 2358 ut
1321 2340 1370 2360 nec
1396 2335 1573 2368 generatione
1595 2335 1680 2371 [Filii]

891 2375 1033 2402 imminuta
1059 2384 1187 2404 noscatur
1214 2378 1350 2410 essentia,
1384 2387 1431 2406 uec
1455 2380 1480 2406 in
1510 2382 1682 2414 proeessione

891 2420 1019 2456 [Spiritus
1037 2422 1135 2459 sancti]
1150 2423 1269 2455 ejusdem
1286 2423 1382 2451 divisio
1399 2424 1468 2451 facta
1488 2425 1680 2452 existimetur:

890 2468 1067 2502 generatione
1093 2476 1146 2495 non
1174 2477 1220 2502 per
1247 2470 1418 2496 imminutam
1453 2471 1600 2498 essentiam
1620 2480 1680 2506 spc-

890 2517 973 2544 ctata,
992 2520 1079 2548 neque
1100 2516 1272 2548 proeessione
1287 2517 1434 2543 secundum
1458 2517 1617 2545 divisionem
1633 2526 1678 2545 en-

890 2559 975 2593 gnita.
1005 2558 1034 2585 Si
1061 2560 1132 2587 enim
1160 2561 1217 2588 hate
1241 2562 1410 2589 concesserit
1435 2563 1589 2597 quispiam,
1622 2569 1678 2591 ttnn

889 2606 1037 2633 secundum
1065 2606 1167 2633 fabulas
1191 2614 1356 2640 paganorum
1377 2615 1462 2642 usque
1482 2609 1516 2634 ad
1533 2613 1680 2642 quaterna-

890 2660 963 2685 rum,
979 2653 1121 2687 quinaruut
1137 2660 1169 2680 ac
1184 2653 1291 2680 tandem
1306 2661 1478 2688 progressum
1501 2655 1526 2681 in
1543 2654 1677 2682 inﬁnitum

889 2700 1039 2726 concedere
1069 2703 1222 2734 cogeretur.
1254 2698 1348 2734 Itaque
1378 2699 1509 2734 quidquid
1541 2700 1609 2728 Deus
1637 2706 1679 2728 cst

889 2745 997 2779 proprie
1015 2752 1096 2771 unum
1117 2750 1168 2778 est,
1182 2745 1252 2778 quod
1277 2745 1376 2772 nullam
1392 2746 1510 2773 admittit
1528 2747 1677 2775 multitudi-

890 2797 964 2821 nem,
986 2795 1112 2824 tanquatn
1130 2791 1249 2825 perfecta
1272 2799 1388 2827 veraque
1403 2793 1551 2819 Secundum
1567 2798 1677 2821 natura-

686 2835 805 2863 V'ARUE
827 2835 1028 2864 LECTIONES.

89 2877 112 2895 "
131 2880 247 2915 μονὰδαῖ
262 2881 344 2908 ἑνάδα
361 2881 393 2909 Α.
431 2882 454 2898 ³²
468 2881 633 2917 θεολογεῐται
647 2882 672 2911 θ.
695 2891 726 2915 ς.
764 2883 787 2898 ⁸³
799 2883 948 2918 μεσότητος
961 2883 994 2909 Δ.
1033 2882 1055 2899 ⁸⁸
1067 2882 1114 2909 καὶ
1132 2882 1179 2909 ἐπὶ
1195 2891 1272 2910 πεντ.
1284 2882 1314 2911 Β.
1353 2883 1376 2900 ⁸⁵
1388 2882 1489 2920 κυρίως
1508 2883 1554 2911 οὖν
1567 2891 1600 2918 ς,
