1920 3092
229 133 296 166 1063

768 137 901 167 PHOTIE
929 118 1184 168 PATRIARCiI/E
1203 140 1257 169 cr.

1785 145 1855 178 106$

227 190 292 222 ient,
313 190 335 218 si
357 190 393 217 ita
418 191 583 226 loquendum
609 195 668 224 est,
684 192 827 225 unitatctn,
851 193 1002 227 spectatum

1069 196 1273 229 περινοητικαίς
1297 195 1422 230 ὲρεύναις
1433 196 1467 223 τὰ
1483 197 1553 233 ὑπὲρ
1571 198 1678 234 εὕρεσιν
1701 200 1856 237 ἐνυϐρίζον-

227 235 314 268 Unde,
333 237 456 271 quamvis
486 237 645 272 bypostases
663 245 709 266 seu
733 245 872 272 personas,
888 246 935 266 seu
952 247 1015 274 pro-

225 282 355 316 prietates
378 291 573 318 ttuncupamus,
604 292 672 318 quas
702 292 780 311 mens
805 286 941 320 cognovit,
965 293 1014 319 pro

224 327 354 356 facultate
368 334 461 357 nostra
476 330 648 364 interpretari
661 330 761 362 conati,
777 338 945 365 nequaquam
961 331 1014 358 hoc

223 380 306 400 unum
327 374 470 403 dividimus
490 381 536 403 aut
547 377 677 404 unitatem
692 377 836 411 partintur,
862 381 909 403 aut
925 377 1013 403 unita-

1068 248 1125 270 τες.
1149 239 1193 266 Διδ
1213 241 1276 272 τοὺς
1301 242 1377 275 παρὰ
1405 242 1520 279 ταῦταῆ
1536 245 1585 277 τὴν
1601 246 1720 281 ἄῤῥητθν
1741 249 1854 283 ἑνότητα

1067 285 1291 322 διατέμνονταςῆ
1314 288 1344 314 τὸ
1370 288 1509 323 τριαδικὺν
1525 290 1580 317 τῶν
1609 291 1785 319 ὑποστάσεων
1813 294 1855 325 εἰς

1069 332 1215 367 μοναδικὴν
1238 333 1333 360 πενίαν
1358 335 1550 368 συγκλείοντας
1573 337 1611 367 ὡς
1635 336 1685 372 τῆς
1710 338 1854 372 εὐσεὸείας

1066 378 1210 412 πολεμίους
1218 380 1417 415 ἐκτρεπόμεθα.

224 423 278 445 tem
300 419 469 454 divellimus;
497 421 544 448 sed
569 422 642 449 hanc
662 423 688 449 in
708 428 808 450 aeterna
835 423 938 449 unitate
972 422 1015 456 pie
1033 422 1138 457 279a
1155 426 1360 457 perpendentes,
1377 426 1450 453 illam
1477 426 1503 454 in
1527 427 1614 454 tribus
1644 429 1767 460 personis
1800 437 1855 459 una

222 464 381 497 proﬁtemur
395 474 481 501 neque
493 475 523 494 ea
537 475 597 502 qua:
608 476 690 503 supra
705 469 805 496 mentis
818 473 927 503 captum
958 472 1032 499 sunt,

1072 470 1169 497 rationi
1188 471 1313 499 humanae
1335 471 1514 506 subjicienda,
1536 481 1624 508 neque
1645 475 1754 502 curiosa
1768 481 1797 503 et
1808 484 1855 502 va-

222 511 263 538 fra
285 513 490 549 investigatione
513 515 558 543 illa
572 524 631 550 quae
663 517 775 544 inveniri
818 521 956 551 nequeunt
988 516 1120 544 vitiando.
1150 519 1319 555 Quapropter
1357 521 1437 552 illos.
1466 521 1511 556 qui
1548 522 1597 550 ltos
1623 521 1722 550 limites
1749 522 1854 556 egressi

220 562 269 584 aut
285 558 417 585 unitatem
442 560 511 588 hanc
541 561 750 590 inenarrabilem
792 563 960 598 partiuntur,
986 568 1032 590 aut
1064 569 1121 592 tres
1143 573 1272 600 personas
1298 566 1333 594 ad
1361 567 1473 595 unitatis
1497 568 1635 603 angustias
1661 569 1798 603 redigunt,
1824 577 1854 600 ut

220 602 312 630 hostes
327 605 436 638 pictatis
455 606 642 642 proﬂigamus.

258 649 321 677 llatae
336 656 364 678 et
383 652 434 679 hoc
455 661 540 688 genus
562 655 619 690 (72)
649 656 699 683 alia
719 663 890 691 prosecutus,
916 663 1011 686 contra

219 703 267 723 eos
281 697 410 731 disputat,
436 699 481 734 qni
506 700 662 736 ltypostasin
690 703 756 730 nihil
780 704 852 731 aliud
868 712 931 732 esse
944 712 1011 732 con-

221 743 344 776 tendunt,
369 751 450 778 quant
477 747 575 774 nudam
597 750 811 783 proprietatem,
837 751 1012 785 pluribusque

223 793 292 814 vera:
303 788 415 822 pictatis
432 791 583 819 rationibus
599 793 709 828 impiam
725 795 832 822 illorunt
847 797 1009 824 sententiam

221 834 350 860 retundit.
366 834 474 862 Etenim
491 837 515 864 si
532 838 600 865 idettt
615 845 657 867 est
673 847 787 874 persona
804 847 830 868 et
848 843 1008 877 proprietas,

1100 656 1193 684 Ταῦτα
1207 657 1254 684 καὶ
1266 657 1377 686 τοιαῦτα
1391 658 1416 675 ⁸⁸
1430 659 1573 691 διεξελθὼν
1588 660 1658 694 πρὸς
1673 662 1736 693 τους
1752 661 1856 697 ἰδίωμα

1065 705 1145 738 μόνον
1161 702 1231 731 εἶναι
1253 706 1481 741 κενολογήσαντος
1502 707 1524 723 ⁸⁷
1550 707 1599 742 τὴν
1629 707 1780 745 ὑπόστασιν
1804 709 1856 735 ἀν-

1062 750 1249 785 τιφθέγγεται,
1270 752 1318 778 καὶ
1335 753 1439 779 πλείοσι
1464 753 1513 787 τῆς
1539 752 1680 783 εὐσεϐείας
1708 753 1856 789 λογισμοῖς

1061 797 1110 832 τὴν
1133 798 1223 824 αὑτῶν
1250 798 1421 834 ἐπιστομίζει
1443 799 1597 825 κακόνοιαν.
1622 799 1653 825 Εἰ
1677 800 1732 834 γὰρ
1752 799 1857 826 ταύτὴν

1064 844 1212 875 ὑπόστασις
1242 844 1289 870 καὶ
1318 845 1428 879 ἰδεωμα,
1453 844 1662 879 ὲνανορωπῆσαι
1685 844 1714 871 δὲ
1734 845 1785 880 τὴν
1802 846 1856 872 τοῦ

219 878 282 905 dum
300 879 379 906 Verbi
408 881 564 916 hypostasin
593 885 762 914 incarnatam
778 887 905 921 dicimus,
923 890 1002 916 mani-

1063 890 1150 923 Λόγου
1176 890 1266 924 φαμὲν
1295 878 1462 922 ὑπόστασιν,
1485 905 1521 910 -
1551 878 1620 917 ἀλλᾶ
1647 890 1678 917 τὸ
1702 878 1858 918 ἀκόλουθον

218 921 314 955 festum
331 929 373 951 est
389 925 414 952 id
430 927 501 960 quod
519 927 580 956 inde
601 930 725 963 sequitur
748 931 817 967 (75),
847 937 874 959 et
897 934 1009 961 manife-

218 968 288 1012 stius
301 969 336 996 ob
359 971 567 1007 blasphemiam,
587 982 647 1009 qum
660 977 741 1004 tacite
760 977 786 1004 in
803 983 884 1013 caput
903 979 1007 1007 illorutn

216 1006 423 1049 retorqueatur,
450 1017 496 1051 qui
523 1006 580 1047 haec
595 1006 695 1048 dicere
721 1006 845 1057 cogunt.-
867 1023 1008 1056 Quomodo

215 1066 300 1093 porro
329 1060 447 1096 Spiritus
469 1069 579 1092 sanctus
594 1066 617 1093 si
641 1068 793 1102 proprietas
817 1073 869 1102 est,
889 1076 977 1104 potest
992 1080 1009 1099 a

219 1104 296 1133 Patre
320 1109 479 1142 procedere,
495 1114 549 1138 eta
571 1111 652 1140 Patre
680 1113 708 1140 in
734 1122 803 1150 opus
831 1121 962 1143 creatura:
975 1125 1008 1144 ex

215 1151 347 1180 beneﬁcio
379 1155 461 1183 mitti.
489 1157 618 1189 Quinimo
644 1160 735 1187 omnis
773 1169 889 1196 persona
915 1171 1007 1190 rerum

215 1196 424 1225 subsistentium
440 1207 488 1233 per
504 1207 533 1227 se
549 1202 671 1231 subsistit
687 1213 693 1231 ε
709 1204 850 1238 Quomodo
868 1215 930 1242 ergo
945 1216 1007 1242 pro-

215 1242 318 1276 prietas
329 1251 377 1278 per
391 1252 420 1271 se
442 1246 584 1280 subsistat,
600 1248 621 1275 si
641 1249 708 1276 illud
730 1251 848 1285 positum
872 1257 935 1280 atttc
951 1261 1005 1280 non

215 1288 259 1320 sit,
278 1288 355 1322 cuius
370 1291 522 1324 proprietas
533 1300 594 1321 esse
612 1294 732 1322 dicitur?
751 1296 780 1323 In
796 1298 882 1324 tribus
898 1306 1006 1333 quoque

214 1334 339 1367 personis
360 1342 437 1363 sacer
451 1337 563 1365 Patrum
585 1337 697 1368 senatus
715 1342 833 1370 divinant
858 1345 1004 1371 essentiam

213 1386 275 1406 esse
291 1380 394 1409 docet:
414 1383 440 1409 in
470 1384 557 1411 tribus
574 1390 664 1413 autent
688 1389 902 1422 proprietatibus
924 1399 1005 1418 ttemo

212 1425 374 1458 afﬁrmavit,
391 1428 440 1455 sed
453 1433 546 1457 contra
565 1431 655 1465 potius
672 1433 699 1459 in
719 1435 838 1462 essentia
853 1440 878 1462 et
899 1443 948 1470 per
962 1444 1005 1464 es-

213 1471 329 1498 sentiam
345 1480 549 1508 cognoscuntur
561 1485 622 1504 esse
638 1479 828 1514 proprietates.
850 1481 1002 1509 Essentiam

212 1520 304 1543 autem
318 1526 365 1552 per
372 1521 553 1554 proprietates
568 1530 648 1550 nemo
659 1526 816 1553 asseruerit.
833 1526 887 1554 Etsi
900 1528 971 1554 enim
987 1536 1002 1555 a

213 1562 350 1598 Theologu
367 1565 469 1592 dictum
487 1571 528 1594 est
541 1575 622 1595 unam
640 1573 766 1598 naturam
791 1571 818 1598 itt
835 1573 922 1600 tribus
942 1582 1001 1601 esse

211 1609 433 1643 proprietatibus,
451 1612 521 1639 idem
550 1618 641 1641 tamen
666 1624 719 1642 non
733 1622 776 1644 est
802 1620 956 1653 proprietas
974 1625 1001 1648 et

211 1655 351 1689 proprittnt
367 1657 434 1691 (74).
451 1657 552 1686 Deinde
568 1661 674 1688 etiamsi
689 1663 790 1690 abusus
805 1665 840 1691 sit
855 1665 1001 1693 Nazianle-

211 1707 262 1727 tnts
271 1709 337 1729 voce
353 1702 540 1741 [proprietas],
556 1715 611 1734 non
624 1708 696 1735 illico
713 1714 802 1737 tanton
812 1711 872 1745 quis
884 1716 999 1745 asserat,

210 1744 281 1773 idem
298 1755 358 1775 esse
380 1756 541 1784 personam,
570 1757 597 1779 et
616 1755 724 1788 proprie
745 1756 844 1783 dictam
877 1758 1000 1792 proprie-

210 1794 312 1825 tatem;
332 1800 393 1820 cuttt
417 1802 482 1822 vero
496 1800 524 1823 ct
539 1799 706 1832 proprietas,
721 1801 797 1833 quasi
821 1809 870 1836 per
892 1803 998 1837 signum

211 1837 347 1871 exprimat
371 1846 401 1866 se
422 1842 570 1869 constituat
594 1851 753 1878 personam,
772 1848 997 1880 quemadmodum

212 1882 311 1911 Basilio
327 1889 355 1911 et
369 1885 505 1922 plerisque
528 1888 654 1916 Patribus
670 1891 787 1925 videtur,
806 1893 869 1927 qttid
889 1895 997 1922 altsurdi

209 1926 311 1955 dictum
335 1934 402 1956 esta
419 1937 513 1959 sancto
535 1933 666 1969 Gregorio
693 1935 786 1971 [unam
810 1939 946 1975 naturam]
970 1940 996 1967 in

208 1973 295 2001 tribtts
309 1983 369 2002 esse
391 1978 619 2012 proprietatibus?
645 1989 693 2008 cur
711 1983 901 2011 nondecernat
925 1985 997 2013 idem

207 2026 268 2046 esse
283 2027 425 2054 personam
434 2027 462 2050 et
477 2024 683 2059 proprietatem,
695 2027 742 2054 sed
755 2029 831 2062 quasi
849 2030 881 2057 ab
894 2031 996 2064 optimo

207 2064 296 2100 signo,
314 2066 364 2094 hoc
380 2073 422 2095 est
442 2071 620 2104 proprietate,
645 2072 802 2101 dcnominet
816 2075 997 2110 ltypostasim?

207 2109 291 2137 Addit
319 2119 394 2146 ergo,
415 2113 644 2143 intellectualibns
669 2109 881 2151 perfectionibus
904 2129 952 2154 per
966 2129 995 2149 se

207 2156 431 2186 subsistentibus.
448 2160 524 2192 Quod
544 2169 626 2189 nemo
644 2163 696 2190 nisi
719 2170 810 2192 mente
836 2166 993 2201 destitutus,

1059 934 1198 970 γνώριμον
1219 934 1259 965 ὃν,
1278 936 1326 962 καὶ
1347 935 1415 970 πρὸς
1434 935 1608 970 βλασφημίαν
1626 935 1854 969 γνωριμώτερον,

1059 980 1157 1011 εἰςτὰς
1167 980 1289 1013 κεφαλὰς
1298 980 1352 1007 τῶν
1367 980 1482 1015 ῥηθῆναι
1492 981 1666 1016 βιασαμένων
1681 982 1744 1016 σιγῇ
1759 982 1855 1017 ἁπεῤ-

1060 1026 1156 1060 ρίφθω.
1174 1025 1235 1059 Πῶς
1246 1026 1275 1053 δὲ
1292 1027 1378 1053 καὶτὸ
1391 1027 1513 1062 Πνεῦμα,
1528 1028 1608 1062 εἴπερ
1625 1027 1734 1062 ἰδίωμα,
1751 1027 1853 1054 δύνατ’

1059 1071 1092 1097 ἂν
1106 1071 1153 1097 τοῦ
1169 1071 1275 1106 Πατρὺς
1294 1071 1492 1106 ἐκπορεύεσθαι
1515 1073 1562 1099 καὶ
1579 1072 1654 1107 παρὰ
1674 1072 1720 1099 τοῦ
1739 1073 1854 1106 Πατρὸς

1058 1116 1104 1143 ἐπ’
1125 1116 1270 1152 εὑεργεσὲᾳ
1283 1119 1330 1143 τοῦ
1345 1116 1505 1152 πλάσματος
1526 1118 1754 1151 ἀποστέλλεσθαι;
1778 1118 1854 1145 ἀλλὰ

1060 1162 1107 1189 καὶ
1142 1164 1216 1189 πᾶσα
1243 1163 1392 1193 ὑπόστασις
1413 1163 1467 1190 τῶν
1491 1163 1683 1199 ὑφεστηκότων
1707 1164 1766 1189 ἐστὶ
1784 1164 1852 1190 καθ’

1057 1209 1158 1235 ἑαυτὰ·
1176 1209 1272 1244 ἰδίωμα
1294 1209 1322 1235 δὲ
1340 1209 1397 1240 πῶς
1420 1209 1453 1236 ἂν
1470 1210 1603 1244 ὑποσταίη
1623 1209 1684 1236 καθ’
1695 1209 1787 1241 ἑαυτὸ,
1808 1211 1852 1244 μὴ

1057 1254 1154 1290 ἐκείνῳ
1164 1254 1187 1269 ³⁵
1200 1255 1330 1290 ἐδρασοὲν
1343 1253 1373 1282 οὗ
1389 1256 1436 1282 καὶ
1447 1253 1516 1283 εἶναι
1531 1256 1630 1290 ἰδίωμα
1645 1255 1773 1288 lerant;
1792 1257 1852 1282 Καὶ

1055 1300 1084 1326 ὲν
1098 1300 1170 1334 τρισὶ
1187 1300 1235 1335 μὲν
1251 1301 1431 1328 ὑποστάτεσιν
1445 1301 1459 1327 ὁ
1476 1301 1547 1336 ἱερὸς
1561 1300 1615 1326 τῶν
1624 1301 1753 1334 Πατὲρων
1763 1301 1852 1336 χορὸς

1055 1346 1104 1381 τὴν
1116 1347 1209 1381 Osi.qu
1225 1347 1319 1373 οὐσίαν
1331 1346 1499 1381 δογματίζει,
1520 1348 1548 1373 ἐν
1567 1347 1641 1380 τρισὶ
1652 1347 1680 1373 δὲ
1701 1347 1852 1381 ἰδεὼμασιν

1054 1392 1141 1424 οὐδεὶς
1161 1392 1195 1419 ἂν
1206 1393 1284 1426 φαίη.
1296 1392 1456 1419 Τοὺναντίον
1472 1393 1525 1427 γὰρ
1540 1394 1569 1419 ὲν
1589 1393 1637 1428 μὲν
1651 1395 1683 1428 τῇ
1698 1394 1779 1428 οὐσία
1797 1395 1851 1421 καὶ

1055 1438 1120 1473 περὶ
1131 1438 1180 1473 τὴν
1193 1438 1287 1464 οὐσίαν
1295 1439 1391 1473 ὁρᾶται
1402 1438 1437 1465 τὰ
1453 1438 1597 1473 ἰδιώματα,
1613 1439 1699 1474 αὑτὴν
1711 1438 1775 1475 [457
1796 1439 1848 1475 IL]

1053 1483 1083 1510 δὲ
1108 1485 1136 1510 ἐν
1154 1483 1297 1519 ίδιώμασιν
1320 1485 1371 1510 οὐκ
1386 1485 1419 1511 ἄν
1434 1493 1476 1516 τις
1505 1485 1582 1520 φαίη.
1610 1485 1641 1511 Εἰ
1662 1485 1716 1520 γὰρ
1733 1486 1782 1511 καὶ
1804 1486 1849 1521 τῷ

1055 1528 1179 1564 Θεολόγῳ
1196 1528 1304 1564 εἴρηται
1317 1529 1366 1563 τὴν
1384 1529 1448 1564 μίαν
1464 1528 1547 1563 φύσιν
1562 1531 1591 1555 ὲν
1603 1529 1691 1564 τρισὶν
1708 1529 1849 1564 ὑπάρχειν

1015 1562 1038 1592 C
1055 1562 1195 1609 ἰδιότησιν,
1215 1562 1282 1601 ἀλλά
1308 1562 1414 1608 πρῶτον
1433 1562 1481 1609 μὲν
1507 1574 1537 1600 οὑ
1553 1562 1650 1602 ταὺτὺν
1669 1562 1774 1609 ἰδιότης.
1786 1562 1850 1602 οιαὶ

1055 1620 1163 1655 ἰδίωμα,
1190 1620 1285 1647 ἔπειτα
1299 1621 1326 1646 δὲ
1344 1620 1398 1646 οὐδ’
1415 1621 1440 1646 εἰ
1453 1621 1467 1646 ὁ
1485 1621 1580 1656 Πατὴρ
1603 1621 1796 1656 κατεχρήσατο
1810 1623 1848 1657 τῇ

1052 1668 1148 1700 φωνῇ,
1174 1666 1276 1701 ταύτην
1299 1665 1388 1692 λαϐὼν
1418 1666 1478 1692 ἀντὶ
1497 1666 1548 1699 τῆς
1577 1667 1764 1698 ὑποστάσεως,
1791 1667 1846 1702 ἤδη

1050 1712 1147 1738 ταύτόν
1172 1721 1214 1744 τις
1229 1709 1298 1738 εἶναι
1317 1712 1477 1746 δογματίσει
1489 1713 1537 1748 τὴν
1555 1713 1702 1738 ὑπόστασιν
1723 1714 1771 1739 καὶ
1793 1714 1847 1749 τὴν

1050 1759 1153 1793 κυρίως
1165 1758 1292 1793 ἰδιότητα,
1307 1759 1338 1784 Εἰ
1347 1759 1375 1784 δὲ
1385 1759 1433 1785 καὶ
1446 1758 1696 1794 χαρακτηριστικὸν
1705 1760 1848 1795 καθέστη-

1049 1813 1097 1831 κεν
1111 1806 1127 1840 ἡ
1154 1805 1255 1839 ἰδιότης
1271 1805 1321 1839 τῆς
1341 1806 1526 1836 ὑποστάσεως,
1543 1805 1637 1839 ὡσπερ
1659 1806 1794 1840 Βασιλείῳ
1811 1815 1847 1832 τε

1049 1851 1096 1878 καὶ
1117 1851 1225 1882 πολλοῖς
1251 1852 1306 1877 τῶν
1331 1852 1460 1887 Πατέρων
1482 1852 1566 1884 δοκεῖ,
1591 1852 1651 1878 οὐδὲ
1673 1851 1722 1887 μὲν
1738 1852 1846 1879 ἄτοπῠν

1048 1897 1094 1923 τὸν
1110 1897 1181 1932 ἱερὸν
1196 1897 1346 1932 Γρηγόριον
1367 1898 1454 1924 εἰπεῖν
1481 1898 1511 1924 ἐν
1530 1897 1620 1933 τρισὶν
1640 1897 1787 1931 ἰδιότησιν,
1810 1899 1844 1925 οὗ

1049 1945 1146 1970 ταύτὸν
1167 1944 1302 1979 ὑπάρχειν
1332 1944 1529 1979 νομοθετοῦντα
1554 1946 1586 1980 τῇ
1612 1945 1763 1971 ὑποστάσει
1790 1945 1845 1981 τὴν

1050 1990 1179 2024 ἰδιότητα,
1198 1990 1254 2016 ἀλλ’
1267 1990 1305 2020 ὡς
1320 1991 1352 2015 ὲκ
1372 1989 1418 2016 τοῦ
1435 1989 1553 2023 μάλιστα
1571 1991 1843 2025 χαρακτηριπικοῦ,

1049 2034 1112 2070 [868
1136 2034 1180 2070 IL]
1206 2034 1329 2060 τουτέστι
1355 2034 1404 2069 τῆς
1420 2033 1443 2049 ⁸³
1465 2034 1606 2069 ἰδιότητος,
1632 2035 1843 2067 ἐπονομάζοντα

1046 2081 1096 2114 τὴν
1126 2081 1283 2106 ὑπόστασιν.
1298 2081 1343 2105 Διὸ
1359 2080 1406 2106 καὶ
1422 2080 1533 2113 ἐπάγει,
1550 2079 1684 2112 Νοεραῖς,
1706 2081 1842 2113 τελείαις

1047 2125 1112 2153 καθ’
1130 2125 1239 2158 ἑαυτὰς
1258 2125 1460 2159 ὐφεστώσαις,
1474 2125 1542 2160 ὅπερ
1557 2125 1644 2156 οὐδεὶς
1659 2126 1692 2151 ἂν
1706 2125 1753 2152 νῦν
1766 2126 1842 2161 ἔχων

1045 2171 1159 2198 ἐπὶτῶν
1177 2170 1329 2205 ἰδιωμάτων
1350 2170 1543 2205 παραδέξαιτο.
1567 2171 1661 2206 Χωρὶς
1680 2171 1708 2197 δὲ
1725 2170 1781 2198 τῶν
1797 2173 1840 2198 εἱ-

207 2201 241 2228 de
256 2203 465 2236 proprietatibus
477 2206 602 2241 accipiat.
612 2208 712 2236 Prmtcr
726 2217 827 2245 eaquae
836 2212 907 2239 dicta
919 2219 992 2246 sunt,

1056 2217 1184 2252 )qpévwv,
1198 2201 1246 2247 τάξ
1264 2217 1314 2251 μὲν
1327 2201 1490 2248 ὑποστάσεις
1504 2217 1519 2251 ἡ
1536 2217 1601 2250 ἁγία
1619 2217 1714 2252 πρώτη
1725 2217 1839 2251 σύνοδος

207 2247 295 2281 prima
313 2250 433 2284 synodus
455 2259 585 2285 personas
614 2255 722 2288 quidem
749 2258 994 2287 consubstantiales

208 2295 373 2328 declaravit;
388 2297 450 2331 quis
475 2304 579 2330 autem,
598 2301 651 2328 nisi
668 2302 795 2335 insanus,
818 2306 994 2340 proprietates

207 2339 304 2367 dixerit
321 2343 588 2372 consubstantiales?
604 2348 678 2380 Quod
695 2349 716 2374 si
729 2350 789 2383 quis
816 2339 992 2385 proprietates

206 2386 304 2421 27917
325 2395 407 2416 ausus
431 2395 473 2417 est
489 2391 578 2419 dicere
594 2394 849 2428 consubstantiales,
871 2405 905 2424 eo
920 2400 990 2433 quod

206 2441 277 2467 saepe
292 2434 319 2460 in
333 2436 426 2462 cadent
442 2438 561 2475 essentia
582 2438 728 2466 videantur
745 2449 926 2476 concurrere,
946 2444 990 2471 ille

208 2477 264 2511 ipse
280 2479 319 2505 sui
336 2480 452 2514 oblitus,
474 2482 553 2509 aliam
580 2485 867 2515 consubstantialitatis
889 2489 990 2523 signiﬁ-

207 2523 342 2552 cationem
356 2526 443 2554 ﬁnxit.
461 2528 615 2556 Praesertim
633 2535 722 2558 autent
739 2532 930 2569 beterogenea,
943 2544 991 2564 sou

1045 2262 1204 2297 ὁμοουσίους
1228 2261 1391 2296 ἀνεκήρυξε,
1413 2261 1487 2288 τὰδὲ
1504 2261 1638 2296 ἰδιώματα
1664 2263 1723 2295 πῶς
1743 2264 1776 2291 ἄν
1792 2273 1837 2297 τίς

1047 2311 1084 2345 μὴ
1105 2307 1277 2345 μελαγχολῶν
1297 2308 1432 2342 ἁποφήνοι
1450 2308 1600 2343 dimouere“,
1624 2309 1656 2334 Εἰ
1669 2309 1698 2335 δέ
1710 2318 1753 2341 τις
1769 2311 1839 2345 ὀμο-

1042 2357 1121 2383 οὑσια
1138 2353 1357 2389 ἁποΟρασυνΟείη
1380 2353 1469 2387 λέγειν
1483 2354 1517 2380 τὰ
1540 2354 1684 2388 ἰδιώματα,
1698 2356 1740 2381 ὅτι
1756 2357 1785 2381 ὲν
1800 2358 1837 2392 τῇ

1040 2403 1109 2436 αὐτῇ
1124 2400 1252 2431 πολλάκις
1270 2399 1348 2434 οὐσίᾳ.
1369 2400 1550 2434 συντρέχοντα
1569 2400 1592 2415 ⁹⁰
1608 2400 1714 2436 ὁρᾶται,
1737 2401 1838 2437 λέληοε

1046 2447 1095 2482 μὲν
1111 2446 1191 2477 αὐτὸς
1207 2445 1302 2472 ἑαυτὸν
1317 2445 1410 2478 ἕτερον
1427 2444 1605 2471 ἀναπλάττων
1626 2446 1770 2480 ὁμοουσίου
1783 2455 1839 2481 ση-

1046 2495 1218 2529 μαινόμενον,
1236 2493 1329 2520 ἄλλοτε
1351 2492 1379 2518 δὲ
1399 2492 1446 2518 καὶ
1466 2492 1499 2519 τὰ
1532 2492 1675 2527 ἑτερογενῆ
1698 2490 1776 2523 οὗτος
1796 2494 1836 2526 ⁹¹,

1047 2539 1184 2574 ποσότητὰ
1199 2547 1269 2573 φημι
1287 2538 1335 2564 καὶ
1351 2538 1482 2573 ποιότητα
1496 2537 1542 2564 καὶ
1556 2538 1607 2564 ὅσα
1618 2537 1687 2564 ἄλλα
1700 2537 1837 2565 ἀδύνατον

864 2602 982 2632 νΛΙζῐίΕ
1000 2607 1202 2636 LECTIONES.

237 2636 319 2689 “’Xal‘t
333 2639 367 2666 τὰ
380 2640 492 2689 fugitat
506 2650 537 2689 lg.
575 2644 811 2681 ⁸⁷κενολογοῦντας
819 2656 849 2679 ς’.
887 2650 909 2665 ⁸⁸
924 2651 1020 2687 ἐκείνῳ
1036 2654 1054 2679 Β
1066 2663 1074 2682 ;
1088 2655 1175 2681 ἐκεῖνο
1190 2663 1219 2687 ς.
1257 2655 1279 2670 ⁸³
1294 2653 1343 2686 τῆς
1357 2653 1377 2678 Λ
1399 2660 1405 2678 ί
1426 2653 1456 2678 ἐκ
1475 2654 1523 2688 τῆς
1539 2663 1569 2686 ς.
1607 2655 1629 2670 ⁹⁰
1650 2654 1838 2689 συντρέχοντα

242 2680 256 2689 η
279 2684 282 2689 .
311 2675 319 2689 ι
366 2676 376 2689 Ω
405 2684 490 2689 ..ι-μ-
515 2678 524 2689 )

205 2671 285 2708 οὐσίςι
300 2674 329 2702 Β.
366 2675 388 2691 ⁸⁸
404 2675 490 2708 οὑτως
504 2671 534 2705 Β,

977 2729 1091 2758 NOTAE.

314 2768 386 2806 _Vide
403 2769 435 2797 D.
449 2770 578 2806 Thomam
607 2775 677 2803 part.
692 2779 710 2803 ι,
726 2777 820 2806 ῳιςυςι.
833 2773 878 2803 40,
893 2779 945 2801 art.
963 2774 981 2801 l.

243 2803 299 2837 (75)
313 2803 440 2838 Sequitur
453 2805 524 2831 enittt
533 2806 723 2843 proprietatem
734 2803 794 2833 es.“
811 2809 987 2843 incantatam,

207 2838 229 2865 si
245 2838 313 2865 idem
325 2845 367 2867 est
382 2838 623 2875 hypostasisVerbi
641 2846 668 2868 et
682 2843 842 2877 proprietas.

1080 2777 1136 2811 (74)
1155 2778 1265 2813 ’ἰδιότης
1281 2780 1327 2820 διαὶ
1345 2780 1443 2821 ἰδίωμα
1454 2782 1604 2821 proprietas
1617 2787 1654 2823 _et
1671 2785 1835 2824 appropria-

1047 2811 1083 2840 tio
1101 2820 1147 2840 seu
1165 2811 1374 2842 communicatio
1390 2811 1584 2851 proprietatum
1600 2817 1657 2845 sive
1676 2811 1834 2853 proprium.
