1920 3092
61 179 129 210 1059

601 175 865 206 BIBLIOTHECA.
884 187 916 193 -
931 175 1013 206 COD.
1034 175 1170 207 CCXXX.

1613 163 1691 210 ‘1070‘

61 236 89 262 ἐν
110 236 196 270 ἑαυτῇ
215 235 262 261 τὸν
287 233 398 265 Πατέρα
409 233 582 260 δεικνύουσα.
603 234 635 260 El
647 233 675 260 δὲ
692 233 738 260 καὶ
755 232 850 267 σοφίαν

912 231 1010 259 ’atrem
1033 231 1127 260 rel‘crt.
1147 231 1224 266 Quod
1239 231 1262 259 si
1284 232 1365 259 etiam
1381 233 1505 260 eamdem
1519 232 1610 261 Patris
1626 241 1688 262 esse

60 282 149 316 αὐτὴν
179 280 320 315 Πατρικὴν
348 278 417 307 εἶναι
440 280 662 315 ἀποκριθήσομσι
686 280 703 314 ἢ
730 278 849 313 Λόγονῆ

54 327 175 361 δύναμιν
200 326 248 353 τοῦ
267 327 385 361 Πατρός,
407 327 441 362 τῇ
470 325 606 361 ίερολογίᾳ
628 324 849 361 συμφθέγξομαι.

58 374 115 399 Καὶ
144 373 209 408 περὶ
233 373 282 408 τῆς
308 372 355 399 τοῦ
374 372 480 408 Πατρὸς
500 372 530 398 δὲ
548 371 596 398 καὶ
612 371 770 406 Πνεύματος
785 372 851 398 ὑπο-

58 419 183 450 στάσεως
194 418 306 445 τοιαῦτα
319 418 353 445 ἄν
368 427 410 450 τις
432 417 527 445 ἐκτῶν
544 417 625 454 ἱερῶν
642 417 740 451 λογίων
755 418 850 444 ἀναλε-

56 465 195 500 γόμενος,
219 465 266 491 καὶ
288 464 376 496 διδοὺς
401 465 458 495 τοῖς
485 463 661 499 ἐπερωτῶσιν
685 463 850 497 ἀπόκρισιν,

57 511 182 542 εὐσεϐῶς
193 519 222 537 τε
238 510 285 536 καὶ
298 510 511 546 ἀνεπηρεάστως
525 508 711 544 ἀποκρίνοιτο.
726 507 790 544 [872
803 507 850 543 R.]

57 556 94 582 Σὺ
113 555 138 581 δ’
155 555 190 582 ἂν
218 555 320 591 δυνήσῃ
336 554 448 589 ’λέγειν,
464 554 608 586 ἀποδιδοὺς
636 554 682 581 τὸν
703 553 783 588 λόγον
800 553 853 588 τῆς

58 601 239 632 ὑποστάσεως
255 600 303 627 τοῦ
320 598 397 632 Υίοῦ,
412 599 479 627 Θεὸν
490 601 523 627 ὲκ
537 599 606 627 Θεοῦ
624 599 746 635 ἁχρόνως
758 607 789 626 τε
805 599 853 626 καὶ

57 646 177 678 ἀπαθῶς
188 646 370 681 γεννηθέντα’
385 645 487 682 ὁμοίως
511 645 541 674 δὲ
553 647 602 673 καὶ
614 645 663 673 τοῦ
682 645 851 681 Πνεὺματος,

58 692 128 719 Θεὸν
143 692 177 718 ὲκ
196 691 264 719 Θεοῦ
280 691 374 723 ἁῑδίως
394 699 424 718 τε
438 691 658 727 ἐκπορευόμενον
681 691 729 718 καὶ
750 690 852 727 ὰρῤεύ-

58 746 150 770 στως·
167 738 301 770 ὡσαύτως
324 738 353 765 δὲ
367 738 416 765 καὶ
436 738 485 765 τοῦ
503 738 610 774 Πατρδς
625 739 676 774 τὴν
702 738 853 764 ὑπόστασιν

57 785 134 820 λόγῳ
147 785 316 820 παριστάναι
327 784 431 821 μέλλων
446 785 553 821 φήσεις·
569 785 614 818 Ἐξ
623 782 654 813 οὗ
669 785 829 820 γεγέννηται
840 786 854 812 ὀ

57 831 130 863 Θεὸς
144 832 242 866 Λόγος,
261 833 348 867 τομῆς
362 831 472 867 ἁπάσης
486 831 534 858 καὶ
553 831 653 863 παντὸς
667 831 771 863 πάθους
787 831 855 866 μηδὲ

58 878 122 905 κατ’
136 877 260 904 ἐπίνοιαν
279 877 472 914 θεωρουμένης
496 878 529 911 τῇ
554 877 659 912 προόδῳ
685 877 735 912 τῆς
758 877 855 911 γεννή-

60 932 134 956 σεως
149 935 154 940 '
166 924 192 950 εί
205 923 295 959 βούλει
306 912 347 956 δὲγ,
365 924 420 951 Καὶ
429 923 459 956 ἐξ
467 920 498 950 οὗ
511 923 541 949 τὸ
554 922 666 958 Πνεῦμα
677 922 698 938 “
710 922 858 957 ἀφράστως
873 912 895 942 Β

58 978 91 996 τε
115 970 165 997 καὶ
179 970 366 1005 άνεπινοήτως
387 969 436 997 καὶ
450 969 563 1001 ἀπαθῶς
581 970 628 996 καὶ
652 968 793 999 πναῖδίως
810 968 857 995 ἐκ-

59 1015 224 1051 πορεύεται,
245 1016 292 1042 καὶ
303 1016 330 1042 ετ
339 1024 365 1042 τι
381 1015 445 1043 ἄλλο
458 1015 664 1051 τοιουτότροπον
678 1014 751 1041 ἐστιν
759 1015 857 1048 εἰπεῖν,

60 1063 114 1097 τῆς
133 1061 317 1089 θεοπνεύστου
349 1062 461 1098 Γραφῆς
479 1062 528 1097 τὴν
550 1061 737 1097 πνευματικήν
763 1060 859 1094 σοφίαν

61 1108 247 1144 πηγαςούο-ης
268 1109 334 1144 ἡμῖν
359 1110 406 1136 καὶ
428 1109 613 1144 συνεργούσης
638 1108 677 1143 τῷ
695 1107 856 1143 βουλήματι.

60 1155 164 1181 Καίτοι
194 1155 254 1181 οὐδὲ
280 1155 315 1181 τὰ
332 1154 451 1190 ρηθέντα
472 1154 612 1186 παντελῶς
640 1154 715 1181 ἐστιν
729 1153 859 1188 ἐλεύθερα

60 1201 219 1235 φαντασίας
233 1200 458 1236 άνατυπουμένης
475 1201 526 1236 τὴν
535 1199 660 1227 σύνθεσιν
669 1208 675 1215 ·
695 1199 763 1226 ἀλλὰ
773 1199 813 1234 τῷ
827 1207 858 1233 γε

62 1248 103 1283 μὴ
134 1248 176 1283 τῷ
206 1249 310 1283 ῥήματι
326 1248 377 1283 τῆς
404 1247 542 1283 συνθήκης
561 1246 672 1282 καὶτῆς
698 1246 858 1281 συμπλοκῆς

61 1294 112 1321 καὶ
124 1294 182 1321 τῶν
198 1293 328 1321 τοιούτων
345 1293 573 1330 προσχρήσασθαι
591 1293 621 1321 οὐ
638 1293 712 1319 δοκεί
733 1292 859 1328 θορυϐεῖν

62 1339 110 1366 τὸν
122 1339 266 1374 ἀκροατὴν
278 1339 339 1365 οὐδὲ
355 1338 557 1375 προσίστασθαι
574 1338 606 1366 ¹⁵.
626 1337 696 1364 Ἀλλ’
708 1338 737 1366 ὲν
753 1337 860 1370 τούτοις

64 1385 115 1419 μὲν
129 1385 207 1419 αὐτῷ
223 1385 270 1412 καὶ
286 1386 300 1412 ό
314 1385 410 1420 παρὼν
427 1384 609 1420 ἀπαρτίζεται
629 1384 717 1418 λόγος.

103 1431 246 1466 Γράφειδὲ
260 1432 274 1458 ό
289 1431 370 1463 αὐτὸς
389 1431 460 1467 ίερὸς
474 1430 543 1466 ἀνὴρ
555 1430 603 1458 καὶ
619 1430 688 1466 πρὸς
699 1429 860 1465 Δομετιανὸν

65 1477 240 1512 (stemma;
264 1477 293 1504 δὲ
317 1474 395 1508 οὗτος
422 1476 597 1511 ἐπίσκοπος),
615 1476 665 1503 οὐκ
688 1475 860 1511 ἁπρόσφορον

63 1521 137 1549 εἶναι
153 1523 295 1558 παριστῶν
304 1523 334 1550 τὸ
348 1523 412 1557 μίαν
426 1523 517 1557 λέγειν
533 1522 614 1557 φύσιν
630 1521 678 1549 τοῦ
693 1521 761 1548 Θεοῦ
772 1522 793 1537 ¹⁸
810 1521 861 1548 Λό-

63 1578 116 1603 γου
135 1569 363 1605 σεσαρκωμένην.
379 1569 408 1595 '0
423 1569 473 1604 μὲν
486 1568 541 1604 γὰρ
558 1568 609 1595 οὐκ
621 1568 767 1595 ἀνεύθυνον
778 1566 861 1593 ἐτίθει

63 1616 112 1643 τὸν
132 1616 206 1651 ἱερὸν
233 1615 363 1649 Εὔλόγιον
389 1614 561 1651 κεχρημένον
584 1614 624 1649 τῷ
650 1614 768 1649 ῥήματι·
794 1613 809 1639 ὀ
832 1613 861 1639 δὲ

63 1660 107 1694 οἷς
126 1662 260 1692 πολλάκις
285 1661 315 1687 ὲν
335 1662 392 1692 τοῖς
408 1660 576 1696 προλαῦοῦσι
594 1659 684 1694 λόγοις
705 1659 755 1694 τὴν
769 1658 862 1694 φωνὴν

64 1708 268 1743 ἐπικουρήσας,
286 1707 333 1734 καὶ
350 1707 408 1739 τοῖς
427 1705 515 1742 ὀρθῶς
540 1705 625 1742 αὐτὴν
644 1705 862 1740 ὲκλαμϐάνουσιν

64 1754 191 1786 εὐσεόῶς
202 1753 318 1789 ἔχουσαν
331 1752 492 1788 παρασχὼν,
508 1752 555 1779 καὶ
569 1752 605 1784 ὡς
621 1753 646 1778 οἱ
657 1752 782 1787 λέγοντες
796 1751 861 1786 μίαν

65 1801 152 1834 φύσιν
184 1799 232 1826 τοῦ
257 1799 344 1833 Λόγου
373 1798 588 1834 σεσαρκωμὲνην
620 1798 650 1824 οὐ
691 1798 754 1833 μίαν
781 1797 862 1832 φύσιν

63 1847 165 1878 ἁπλῶς
182 1854 267 1881 φασιν
284 1845 316 1878 ἑξ
330 1845 494 1882 ἀμφοτέρων
516 1845 659 1879 γεγονέναι
675 1845 729 1872 τῶν
743 1845 861 1879 φύσεων,

64 1893 142 1919 ὥστε
155 1892 204 1918 καὶ
218 1890 349 1926 συγχύσει
361 1891 396 1917 τὰ
409 1890 574 1918 συνελθόντα
587 1891 757 1925 περιπεσεῖν,
775 1891 863 1917 ἐκεῖνο

66 1940 98 1966 δὲ
115 1938 219 1974 μᾶλλον
244 1937 398 1974 βούλεσθαι,
418 1937 456 1969 ὡς
481 1937 496 1963 ό
519 1936 666 1972 μονογενὴς
687 1936 734 1963 τοῦ
758 1936 864 1971 Πατρὸς

65 1984 135 2016 Υἱὸς
145 1983 240 2019 ήνώθη
259 1983 342 2019 σαρκὶ
361 1982 422 2010 καθ’
435 1982 595 2015 ὑπόστασιν,
610 1982 625 2008 ὁ
642 1981 722 2014 αὐτὸς
737 1981 786 2008 καὶ
798 1981 864 2012 Θεὸς

64 2032 116 2058 καὶ
124 2031 175 2057 ἄνθ
179 2038 270 2066 ρωπος
280 2029 328 2062 ὢν,
339 2029 376 2061 ὼς
391 2028 487 2064 καὶτῷ
495 2028 619 2064 Θεολόγῳ
627 2028 700 2055 δοκεῖ
710 2031 719 2064 (
728 2027 759 2055 ’0
770 2029 865 2062 Λόγος

64 2077 135 2113 τὰρ,
151 2077 229 2113 φησὶ,
249 2076 328 2111 σὰρξ
336 2075 523 2111 ereti-atoma).
531 2075 710 2108 ἐσκήνωσεν
721 2074 756 2102 ὲν
770 2074 864 2110 ἡμῖν),

64 2124 157 2150 ταῦτα
169 2123 214 2150 διά
237 2123 355 2154 πλάτους
373 2121 460 2149 εἰπὼν
477 2121 525 2149 καὶ
542 2122 782 2157 ἀπολογησάμενος
793 2121 865 2148 οὕτω

64 2169 195 2201 δοξάζειν
208 2169 257 2194 καὶ
273 2167 406 2203 Κύριλλον
419 2167 629 2202 ἐπαγγέλλεται,
646 2167 676 2193 ὲν
690 2163 731 2199 οἷς
748 2166 866 2202 μάλιστα

65 2215 157 2249 λέγειν
170 2215 206 2242 Ei
216 2213 342 2249 μὲνγὰρ
354 2214 429 2248 μίαν
442 2213 576 2245 εἰπόντες
592 2212 645 2239 τοῦ
656 2213 754 2247 Λόγου
770 2212 865 2246 φύσιν

903 277 1074 312 sapientiam,
1086 283 1133 305 aut
1143 277 1273 311 Verbum,
1285 282 1332 305 aut
1342 278 1470 306 virtutem
1481 278 1571 307 Patris
1582 275 1693 311 dixeroQ

903 332 918 352 ο
934 324 1034 352 divinis
1046 324 1158 352 Litteris
1171 332 1224 351 non
1241 324 1411 352 dissentiam.
1428 324 1461 352 Et
1479 325 1525 359 qui
1539 333 1572 352 ex
1589 325 1690 353 divinis

903 370 1018 406 eloquiis
1041 371 1074 399 de
1091 371 1183 398 Patris
1194 375 1223 398 et
1242 370 1360 406 Spiritus
1375 371 1460 399 sancti
1480 371 1604 405 personis
1619 372 1692 402 simi-

904 416 939 444 lia
963 416 1106 444 allirmabit
1128 417 1367 453 quaerentibusque
1389 417 1577 452 respondebit,
1599 417 1624 444 is
1650 417 1692 451 pie

905 467 1034 497 recteque
1045 462 1200 490 allirtnabit.
1215 463 1254 489 Tu
1269 470 1350 496 porro
1367 462 1468 490 inferre
1485 462 1596 497 poteris,
1611 462 1694 496 expli-

904 516 971 536 cans
985 509 1119 536 rationem
1134 509 1312 544 hypostaseos
1323 508 1385 536 Filii
1399 517 1406 536 :
1424 508 1555 546 Deu‘nt‘ztle
1579 508 1644 541 Deo,
1658 508 1693 535 ab

904 558 1017 586 aeterno,
1046 555 1186 589 impatibili
1213 555 1293 583 ntodo
1317 555 1460 589 genitum:
1481 546 1637 589 pariterque
1658 554 1694 582 de

906 599 1008 635 Spiritu
1032 605 1139 631 sancto.
1154 601 1236 628 Deum
1251 601 1284 628 de
1298 600 1354 628 Deo
1371 600 1405 628 ab
1418 605 1520 628 :eterno
1544 600 1694 634 proceden-

907 651 961 674 tem
984 653 1067 682 atque
1080 647 1256 682 proﬂuentem
1271 655 1279 673 :
1294 647 1430 681 similique
1443 647 1522 674 modo
1540 646 1629 674 Patris
1642 646 1693 681 hy-

906 694 1042 726 postasin,
1058 694 1141 721 verbo
1162 694 1357 728 explicaturus.
1374 693 1448 721 dices
1463 702 1470 721 :
1487 693 1526 720 Ex
1544 701 1598 728 quo
1623 692 1695 720 Deus

908 739 1027 766 Verbum
1050 739 1171 774 genitum
1199 745 1252 772 est,
1277 740 1323 766 tali
1343 739 1530 775 generationis
1555 746 1693 773 processu,

907 785 935 812 in
950 792 1004 820 quo
1018 792 1052 812 tte
1066 793 1114 820 per
1125 786 1319 819 cogitationem
1331 786 1440 820 quidem
1454 785 1507 812 ttlla
1522 793 1570 813 seu
1585 785 1694 818 divisio,

907 839 954 859 seu
979 832 1071 866 passio
1095 833 1208 867 reperiri
1227 832 1321 867 possit.
1344 832 1371 860 Si
1389 831 1431 859 vis
1452 837 1542 859 autem
1564 831 1694 866 Spiritum

908 883 1032 906 sanctum
1047 877 1094 914 [ad
1110 877 1218 906 Patrem
1233 879 1324 914 aliquo
1343 879 1422 906 modo
1439 878 1634 906 declarandum
1645 877 1696 905 ad-

909 924 1014 958 hibere,
1027 924 1100 952 dices
1113 924 1133 960 :]
1151 924 1191 952 Ex
1203 931 1266 959 quo,
1297 924 1471 952 inenarrabili
1492 929 1519 951 et
1541 925 1697 958 incompre-

909 971 995 999 henso
1013 971 1211 1006 impatibilique
1235 972 1334 1002 modo.
1358 976 1493 999 coaeterne
1514 970 1646 1004 procedit,
1669 974 1698 997 et

909 1018 931 1044 si
948 1018 1011 1052 qttid
1030 1017 1102 1044 aliud
1123 1016 1308 1051 hujuscemodi
1325 1016 1414 1044 dicere
1430 1015 1471 1044 fas
1490 1021 1542 1048 est,
1556 1015 1696 1050 Scriptura

909 1064 1039 1091 divinitus
1051 1064 1181 1097 inspirata
1194 1063 1362 1098 spiritualem
1375 1063 1453 1090 nobis
1462 1062 1621 1096 sapientiam
1635 1069 1698 1096 pro-

911 1111 1021 1145 pinante
1031 1115 1058 1137 et
1069 1110 1187 1137 studium
1203 1113 1302 1136 nostrae
1316 1108 1460 1135 voluntatis
1470 1108 1591 1143 juvanle.
1607 1108 1696 1142 Atque

911 1165 944 1183 ne
961 1157 1002 1183 sic
1019 1156 1127 1190 quidem
1148 1155 1283 1190 explicata
1307 1163 1354 1182 seu
1371 1155 1453 1187 dicta,
1470 1155 1544 1181 omni
1563 1154 1696 1187 imagina-

911 1206 983 1232 tione
1000 1205 1128 1236 hutnana,
1140 1212 1199 1238 qure
1212 1203 1290 1231 nobis
1306 1203 1459 1239 [perpetuo]
1476 1203 1695 1236 coniunctionem

910 1250 1043 1283 obtrudit,
1059 1250 1201 1278 carebunt.
1216 1249 1269 1277 Sed
1292 1257 1344 1276 non
1363 1249 1464 1276 ttteudo
1480 1256 1545 1276 voce
1561 1247 1697 1282 composl-

911 1298 992 1324 tionis
1010 1302 1036 1324 et
1048 1297 1259 1331 coujttnctionis,
1276 1303 1330 1323 non
1347 1296 1459 1323 videtur
1473 1295 1622 1322 auditorem
1636 1301 1706 1328 per~~

912 1344 1023 1370 turbare
1034 1347 1081 1370 attt
1092 1342 1240 1370 offendere.
1256 1342 1344 1376 Atque
1355 1341 1382 1368 in
1397 1341 1438 1368 his
1451 1341 1485 1368 ab
1501 1348 1532 1368 eo
1545 1341 1627 1368 etiam
1643 1342 1700 1368 hate

912 1397 1031 1424 preeseus
1047 1390 1136 1417 oratio
1153 1388 1312 1416 absolvitur.

948 1435 1050 1464 Scribit
1057 1443 1121 1463 vero
1131 1436 1201 1462 idem
1211 1435 1375 1468 vir_sanctus
1385 1434 1419 1461 ad
1429 1433 1613 1461 Domitianum
1620 1433 1701 1460 Meli-

913 1487 1015 1510 tcnsent
1030 1482 1196 1516 episcopum,
1205 1481 1358 1515 asseritque
1368 1480 1439 1507 haud
1452 1481 1499 1508 abs
1509 1487 1538 1507 re
1547 1487 1607 1507 esse
1618 1487 1698 1506 unt-tn

909 1528 960 1555 Dei
971 1533 1094 1555 naturam
1108 1525 1191 1554 Verbi
1200 1531 1325 1553 naturam
1335 1525 1458 1561 proﬁteri
1468 1526 1646 1552 incantatam.
1656 1526 1701 1552 llle

872 1585 895 1617 ρ
912 1574 984 1602 enim
997 1578 1120 1600 sanctum
1136 1571 1281 1605 Eulogium
1296 1578 1349 1598 non
1366 1575 1442 1598 extra
1458 1571 1564 1605 culpant
1582 1570 1701 1597 ullirtnu-

914 1619 972 1650 bat,
995 1618 1067 1652 quod
1093 1617 1165 1644 illaut
1189 1623 1283 1644 vocem
1309 1621 1478 1650 usurpasset.
1495 1616 1548 1643 Sed
1572 1616 1701 1651 Eulogius

912 1673 973 1694 cum
989 1673 1021 1693 cx
1051 1663 1195 1699 praeteritis
1206 1671 1278 1698 saepe
1287 1663 1466 1694 orationibus,
1476 1663 1576 1698 281a
1587 1667 1614 1690 et
1628 1667 1702 1690 recte

912 1718 1006 1738 vocem
1021 1708 1232 1745 intelligentide
1244 1708 1311 1735 nihil
1333 1708 1480 1743 impietatis
1492 1708 1605 1735 subesse
1614 1711 1702 1735 osten-

913 1757 1008 1788 disset,
1026 1757 1103 1783 docet
1125 1763 1172 1782 eos
1191 1756 1237 1790 qui
1255 1755 1348 1782 dicunt
1372 1762 1453 1782 unam
1470 1754 1550 1781 Verbi
1577 1760 1701 1781 naturam

914 1801 1085 1828 incantatam
1111 1808 1182 1833 esse,
1212 1807 1265 1826 11011
1295 1799 1430 1827 aﬂirmare
1461 1807 1543 1826 unam
1577 1804 1701 1826 naturam

913 1846 1073 1882 simpliciter
1085 1854 1118 1873 ex
1135 1846 1265 1873 ambabus
1285 1845 1385 1873 factam
1400 1846 1517 1878 naturis,
1534 1846 1569 1873 ita
1591 1850 1621 1872 ut
1635 1853 1702 1873 con-

912 1894 1015 1928 junctae
1027 1893 1098 1920 inter
1111 1900 1141 1919 se
1152 1892 1369 1925 confundantur,
1383 1893 1429 1919 sed
1444 1892 1508 1919 illud
1519 1892 1607 1926 potius
1622 1892 1700 1924 velle,

914 1939 1082 1974 unigenitum
1121 1937 1210 1964 Patris
1238 1937 1337 1965 Filium
1366 1939 1516 1965 secundum
1544 1939 1701 1973 hypostasin
1738 1935 1740 1937 ⁷

915 1985 991 2012 carui
1008 1985 1125 2017 unitum,
1138 1983 1185 2018 qui
1201 1983 1270 2010 idem
1285 1982 1356 2010 Deus
1371 1988 1398 2010 et
1412 1983 1492 2011 homo
1504 1988 1557 2016 est,
1573 1984 1703 2018 quemado

916 2031 1025 2059 modum
1040 2035 1067 2058 et
1085 2029 1224 2064 Tlteologo
1247 2029 1347 2063 placet.
1368 2028 1495 2061 Verbum,
1519 2030 1615 2064 inquit,
1639 2035 1702 2055 eam
1727 2028 1731 2039 '

915 2078 1015 2111 factum
1028 2081 1078 2108 est,
1099 2080 1123 2103 et
1140 2075 1269 2102 habitavit
1295 2074 1324 2101 in
1349 2075 1456 2101 nobisb.
1474 2074 1535 2101 Hac
1560 2081 1621 2102 cum
1643 2072 1703 2100 fuse
1730 2073 1734 2108 λ

916 2122 1089 2151 disseruisset
1104 2126 1133 2149 et
1159 2119 1450 2152 defendisset,eadem
1473 2120 1554 2147 etiam
1574 2118 1703 2154 Cyrillum

916 2169 1014 2195 docere
1041 2166 1182 2198 aﬂirtnat,’
1197 2165 1223 2191 itt
1252 2165 1349 2200 quibus
1376 2164 1544 2199 potissimum
1565 2162 1631 2190 dicit
1648 2171 1654 2189 :
1673 2161 1705 2190 Si

919 2223 965 2242 nos
981 2222 1035 2241 una
1059 2211 1136 2239 Verbi
1153 2218 1251 2238 natura
1263 2212 1347 2245 posita
1359 2210 1545 2241 tacuissem“,
1565 2216 1612 2235 nec
1628 2208 1706 2234 addi-

64 2260 300 2295 σεσιγηὶκαμεν,
324 2261 380 2287 οὐκ
404 2260 620 2294 ἐπενεγκόντες
650 2258 684 2286 τὸ
710 2266 853 2293 σεσαρκω

916 2263 1056 2291 disserunt,
1071 2267 1081 2284 ι
1099 2258 1283 2284 ἰηεηηιοιωιη
1299 2256 1367 2292 [eam
1394 2254 1544 2290 naturam],
1561 2255 1606 2281 sed
1628 2253 1704 2289 quasi

64 2306 180 2340 μένην,
200 2305 270 2332 ἀλλ’
282 2304 348 2332 οἷον
360 2305 419 2337 ἔξω
439 2304 571 2337 τιθέντες
599 2304 656 2338 τὴν
681 2305 864 2340 οἰκονομίαν,

67 2352 112 2386 ἦν
123 2351 231 2384 αὐτοῖς
246 2351 323 2386 τάχα
347 2360 406 2378 που
431 2351 480 2378 καί
496 2352 552 2378 οὐκ
574 2351 720 2384 ἀπίθανος
738 2353 755 2378 ὁ
774 2352 866 2386 λόγος

66 2397 350 2432 ,προσποιουμένοις
372 2396 485 2432 ἐρωτᾷν
506 2397 566 2424 ποῦ
584 2398 618 2424 τὸ
636 2396 753 2424 τέλειον
765 2397 801 2424 ἐν
812 2397 866 2424 ἀν-

66 2442 251 2475 θρωπότητι,
263 2442 283 2476 ἢ
299 2441 362 2474 πῶς
374 2441 550 2476 ὑφέστηκεν
562 2442 582 2476 ἡ
594 2442 659 2469 καθ’
669 2441 749 2477 ἡμᾶς
757 2442 849 2469 οὐσία
858 2449 865 2458 ο

64 2487 176 2522 ἐπειδὴ
197 2487 233 2514 δὲ
244 2487 293 2514 καὶ
309 2488 344 2514 ἐν
363 2488 569 2522 ἀνθρωπότητι
586 2488 739 2522 τελειότης
753 2488 801 2516 καὶ
812 2488 869 2522 τῆς

66 2535 135 2561 καθ’
154 2533 236 2568 ’ἡμᾶς
253 2534 362 2567 οὐσίας
382 2534 401 2567 ἢ
420 2533 554 2568 δήλωσις
577 2534 802 2568 εἰσκεκόμισται
820 2534 869 2562 διὰ

66 2579 124 2606 τοῦ
155 2577 259 2613 λέγειν
281 2579 507 2616 σεσαρκωμένην,
535 2580 797 2608 natra'a’trﬂwa'ar”
818 2589 869 2608 κα-

67 2625 208 2659 λαμινην
219 2625 285 2661 [460
303 2625 349 2662 Η.]
362 2626 476 2660 ῥάϐδον
493 2627 611 2660 ἑαυτοῖς
624 2627 868 2661 ὑποστήσαντες.

69 2669 183 2697 Οὐκοῦν
193 2671 244 2702 τάς
259 2671 306 2698 δύο
319 2672 415 2707 φύσεις
434 2674 451 2708 ἡ
470 2673 596 2709 παροῦσα
620 2674 695 2708 φωνὴ
718 2673 758 2708 τῷ
780 2673 869 2700 ἀδιαι-

72 2716 147 2752 ρέτῳ
161 2717 322 2752 εἰσήνεγκεν
345 2718 559 2753 ἑπισφίγγουσα,
575 2719 613 2751 ὡς
633 2719 714 2751 αὐτὸς
737 2719 870 2753 ὲμ6νιᾶται

109 2774 124 2793 δ
135 2772 215 2801 Joan.
228 2783 250 2806 t,
259 2775 303 2802 16.

918 2307 1093 2335 επινὶηκοαηι
1107 2310 1262 2338 poneremus
1284 2302 1454 2328 teconominm
1472 2309 1517 2327 seu
1531 2300 1708 2335 dispensatio-

920 2361 997 2384 nem;
1018 2354 1085 2379 esset
1101 2349 1155 2376 illis
1170 2348 1315 2383 probabilis
1331 2355 1412 2374 causa
1425 2347 1448 2374 si
1467 2346 1558 2374 uellent
1577 2353 1706 2382 qtuerere,

920 2402 965 2429 ubi
994 2405 1060 2427 esset
1094 2398 1124 2424 in
1153 2396 1322 2423 humanitate
1351 2395 1491 2430 perfectio,
1506 2400 1552 2422 aut
1577 2395 1708 2430 quomodo

919 2451 1012 2473 nallra
1033 2445 1187 2472 subsisteret
1206 2441 1341 2469 essentia?
1354 2440 1405 2469 Sed
1420 2442 1548 2476 quoniam
1567 2441 1595 2467 in
1614 2441 1709 2467 Ituma<

919 2493 1002 2519 nitate
1013 2490 1151 2526 perfectio,
1167 2493 1192 2516 et
1204 2492 1304 2516 nostra:
1322 2487 1481 2514 substantia:
1501 2486 1650 2514 deciaratio
1663 2492 1711 2520 per

918 2539 1035 2570 verbum,
1053 2536 1236 2566 incantatam,
1253 2533 1338 2562 allata
1363 2538 1415 2566 est,
1436 2533 1558 2561 desinant
1579 2531 1711 2559 arundine

918 2592 946 2611 se
961 2583 1065 2618 fulcire.
1082 2581 1164 2608 tDuas
1185 2587 1251 2614 ergo
1276 2583 1389 2606 naturas
1410 2578 1468 2605 haec
1479 2584 1542 2611 vox,
1557 2578 1710 2606 incuruata.

923 2629 1040 2657 indivise
1055 2626 1219 2655 constrictas
1234 2625 1339 2660 posuit,
1351 2628 1382 2651 ut
1397 2624 1466 2651 idem
1482 2622 1605 2650 clamitat
1621 2621 1712 2658 Cyril-

922 2675 975 2703 lus.
989 2674 1059 2702 lliuc
1072 2680 1144 2708 saepe
1158 2679 1240 2699 unam
1256 2670 1338 2699 Verbi
1355 2675 1481 2697 naturam
1496 2668 1605 2695 videtur
1621 2668 1713 2695 dicere

929 2722 1108 2748 incantatam.
1124 2718 1200 2752 Quod
1216 2717 1240 2745 si
1255 2724 1338 2744 unam
1353 2716 1486 2744 duntaxat
1506 2713 1608 2742 Christi
1634 2717 1727 2740 natur

745 2821 862 2849 VARI/ﬂ
887 2821 1087 2849 LECTIONES.

115 2865 137 2904 _"
152 2863 201 2904 κσξι
212 2864 243 2896 ἒξ
256 2861 286 2893 οὗ
299 2865 329 2892 τδ
341 2865 450 2902 πνεῦμα
467 2866 489 2895 Α
503 2875 511 2896 :
525 2867 556 2894 τὸ
571 2867 680 2903 πνεῦμα
695 2868 724 2901 ἐξ
742 2866 772 2896 οὗ
790 2877 819 2900 ς’.
861 2869 881 2884 ¹⁵
900 2867 1080 2904 προΐστασθαι
1100 2876 1129 2899 ς.
1153 2867 1174 2882 ¹⁶
1190 2866 1236 2893 τοῦ
1251 2865 1319 2893 Θεοῦ
1336 2865 1355 2892 Δ
1374 2863 1463 2892 εθεοῦ
1474 2863 1520 2890 τοῦ
1539 2872 1569 2896 ς.
1594 2863 1614 2880 ¹⁷
1630 2868 1713 2891 tute.

73 2899 126 2927 καὶ
147 2901 213 2928 καλ.
226 2908 256 2933 ς.
