  <div class='ocr_page' id='page_1' title='image "/cluster/home/n/w/nwhite01/storage/ocr_20150623/103/njp.32101010943882/669.png"; bbox 0 0 1920 3092; ppageno 0'>
   <div class='ocr_carea' id='block_1_1' title="bbox 219 169 285 204">
    <p class='ocr_par' dir='ltr' id='par_1_1' title="bbox 219 169 285 204">
     <span class='ocr_line' id='line_1_1' title="bbox 219 169 285 204; baseline 0.03 -2"><span class='ocrx_word' id='word_1_1' title='bbox 219 169 285 204; x_wconf 78' lang='grc'><strong>10⁵11</strong></span> 
     </span>
    </p>
   </div>
   <div class='ocr_carea' id='block_1_2' title="bbox 805 169 1284 202">
    <p class='ocr_par' dir='ltr' id='par_1_2' title="bbox 805 169 1284 202">
     <span class='ocr_line' id='line_1_2' title="bbox 805 169 1284 202; baseline 0.002 -1"><span class='ocrx_word' id='word_1_2' title='bbox 805 170 937 202; x_wconf 86' lang='lat' dir='ltr'><strong>PHOTII</strong></span> <span class='ocrx_word' id='word_1_3' title='bbox 957 169 1212 201; x_wconf 69' lang='lat' dir='ltr'><strong>PATRIARCHIE</strong></span> <span class='ocrx_word' id='word_1_4' title='bbox 1227 171 1284 202; x_wconf 83' lang='lat' dir='ltr'><strong>CP.</strong></span> 
     </span>
    </p>
   </div>
   <div class='ocr_carea' id='block_1_3' title="bbox 1783 169 1857 202">
    <p class='ocr_par' dir='ltr' id='par_1_3' title="bbox 1783 169 1857 202">
     <span class='ocr_line' id='line_1_3' title="bbox 1783 169 1857 202; baseline 0.027 -2"><span class='ocrx_word' id='word_1_5' title='bbox 1783 169 1857 202; x_wconf 72' lang='lat'><strong>1072</strong></span> 
     </span>
    </p>
   </div>
   <div class='ocr_carea' id='block_1_4' title="bbox 217 226 1012 263">
    <p class='ocr_par' dir='ltr' id='par_1_4' title="bbox 217 226 1008 263">
     <span class='ocr_line' id='line_1_4' title="bbox 217 226 1008 263; baseline -0.004 -6"><span class='ocrx_word' id='word_1_6' title='bbox 217 236 277 257; x_wconf 86' lang='lat' dir='ltr'><strong>ram</strong></span> <span class='ocrx_word' id='word_1_7' title='bbox 299 227 462 263; x_wconf 80' lang='lat' dir='ltr'><strong>simpliclter</strong></span> <span class='ocrx_word' id='word_1_8' title='bbox 482 226 667 262; x_wconf 84' lang='lat' dir='ltr'><strong>proﬁteretur,</strong></span> <span class='ocrx_word' id='word_1_9' title='bbox 698 234 788 255; x_wconf 86' lang='lat' dir='ltr'><strong>nonne</strong></span> <span class='ocrx_word' id='word_1_10' title='bbox 812 227 1008 254; x_wconf 69' lang='lat' dir='ltr'><strong>damnaretur!</strong></span> 
     </span>
    </p>
   </div>
   <div class='ocr_carea' id='block_1_5' title="bbox 1079 226 1857 263">
    <p class='ocr_par' dir='ltr' id='par_1_5' title="bbox 1092 226 1857 263">
     <span class='ocr_line' id='line_1_5' title="bbox 1092 226 1857 263; baseline 0.001 -10"><span class='ocrx_word' id='word_1_11' title='bbox 1092 226 1238 263; x_wconf 80' lang='grc' dir='ltr'>Κύριλλος.</span> <span class='ocrx_word' id='word_1_12' title='bbox 1250 227 1297 254; x_wconf 80' lang='grc' dir='ltr'>Διδ</span> <span class='ocrx_word' id='word_1_13' title='bbox 1311 226 1358 255; x_wconf 77' lang='grc' dir='ltr'>καὶ</span> <span class='ocrx_word' id='word_1_14' title='bbox 1374 227 1438 263; x_wconf 74' lang='grc' dir='ltr'>μίαν</span> <span class='ocrx_word' id='word_1_15' title='bbox 1454 227 1535 262; x_wconf 84' lang='grc' dir='ltr'>φύσιν</span> <span class='ocrx_word' id='word_1_16' title='bbox 1549 226 1596 255; x_wconf 79' lang='grc' dir='ltr'><strong>τοῦ</strong></span> <span class='ocrx_word' id='word_1_17' title='bbox 1608 226 1695 262; x_wconf 82' lang='grc' dir='ltr'>Λόγου</span> <span class='ocrx_word' id='word_1_18' title='bbox 1707 235 1857 263; x_wconf 80' lang='grc' dir='ltr'>σεσαρκω-</span> 
     </span>
    </p>
   </div>
   <div class='ocr_carea' id='block_1_6' title="bbox 217 272 1005 309">
    <p class='ocr_par' dir='ltr' id='par_1_6' title="bbox 217 272 1005 309">
     <span class='ocr_line' id='line_1_6' title="bbox 217 272 1005 309; baseline -0.003 -8"><span class='ocrx_word' id='word_1_19' title='bbox 217 275 286 308; x_wconf 81' lang='lat' dir='ltr'><strong>Quid</strong></span> <span class='ocrx_word' id='word_1_20' title='bbox 311 279 400 301; x_wconf 87' lang='lat' dir='ltr'><strong>autem</strong></span> <span class='ocrx_word' id='word_1_21' title='bbox 425 273 462 300; x_wconf 85' lang='lat' dir='ltr'><strong>sit</strong></span> <span class='ocrx_word' id='word_1_22' title='bbox 485 277 580 300; x_wconf 87' lang='lat' dir='ltr'><strong>natura</strong></span> <span class='ocrx_word' id='word_1_23' title='bbox 596 273 712 300; x_wconf 86' lang='lat' dir='ltr'><strong>humana</strong></span> <span class='ocrx_word' id='word_1_24' title='bbox 727 278 774 300; x_wconf 83' lang='lat' dir='ltr'><strong>aut</strong></span> <span class='ocrx_word' id='word_1_25' title='bbox 793 273 835 309; x_wconf 90' lang='lat' dir='ltr'><strong>(ut</strong></span> <span class='ocrx_word' id='word_1_26' title='bbox 856 273 926 301; x_wconf 83' lang='lat' dir='ltr'><strong>idem</strong></span> <span class='ocrx_word' id='word_1_27' title='bbox 942 272 1005 300; x_wconf 84' lang='lat' dir='ltr'><strong>alibi</strong></span> 
     </span>
    </p>
   </div>
   <div class='ocr_carea' id='block_1_7' title="bbox 216 319 1007 355">
    <p class='ocr_par' dir='ltr' id='par_1_7' title="bbox 216 319 1007 355">
     <span class='ocr_line' id='line_1_7' title="bbox 216 319 1007 355; baseline -0.001 -7"><span class='ocrx_word' id='word_1_28' title='bbox 216 320 329 354; x_wconf 89' lang='lat' dir='ltr'><strong>docuit),</strong></span> <span class='ocrx_word' id='word_1_29' title='bbox 355 327 418 347; x_wconf 86' lang='lat' dir='ltr'><strong>caro</strong></span> <span class='ocrx_word' id='word_1_30' title='bbox 442 319 600 355; x_wconf 77' lang='lat' dir='ltr'><strong>iutelligenti</strong></span> <span class='ocrx_word' id='word_1_31' title='bbox 620 320 709 347; x_wconf 88' lang='lat' dir='ltr'><strong>anima</strong></span> <span class='ocrx_word' id='word_1_32' title='bbox 736 319 902 354; x_wconf 77' lang='lat' dir='ltr'><strong>informata,</strong></span> <span class='ocrx_word' id='word_1_33' title='bbox 917 325 947 348; x_wconf 93' lang='lat' dir='ltr'><strong>ut</strong></span> <span class='ocrx_word' id='word_1_34' title='bbox 964 319 1007 347; x_wconf 98' lang='lat' dir='ltr'><strong>vel</strong></span> 
     </span>
    </p>
   </div>
   <div class='ocr_carea' id='block_1_8' title="bbox 215 366 1008 403">
    <p class='ocr_par' dir='ltr' id='par_1_8' title="bbox 215 366 1008 403">
     <span class='ocr_line' id='line_1_8' title="bbox 215 366 1008 403; baseline 0.001 -11"><span class='ocrx_word' id='word_1_35' title='bbox 215 370 358 403; x_wconf 76' lang='lat' dir='ltr'><strong>propterea</strong></span> <span class='ocrx_word' id='word_1_36' title='bbox 374 373 481 393; x_wconf 81' lang='lat' dir='ltr'><strong>rursum</strong></span> <span class='ocrx_word' id='word_1_37' title='bbox 503 371 650 401; x_wconf 89' lang='lat' dir='ltr'><strong>utrumque</strong></span> <span class='ocrx_word' id='word_1_38' title='bbox 665 366 692 394; x_wconf 92' lang='lat' dir='ltr'><strong>in</strong></span> <span class='ocrx_word' id='word_1_39' title='bbox 705 366 831 394; x_wconf 90' lang='lat' dir='ltr'><strong>unionem</strong></span> <span class='ocrx_word' id='word_1_40' title='bbox 846 366 1008 394; x_wconf 86' lang='lat' dir='ltr'><strong>convenien-</strong></span> 
     </span>
    </p>
   </div>
   <div class='ocr_carea' id='block_1_9' title="bbox 218 411 1006 447">
    <p class='ocr_par' dir='ltr' id='par_1_9' title="bbox 218 411 1006 447">
     <span class='ocr_line' id='line_1_9' title="bbox 218 411 1006 447; baseline -0.001 -7"><span class='ocrx_word' id='word_1_41' title='bbox 218 413 286 440; x_wconf 90' lang='lat' dir='ltr'><strong>tium</strong></span> <span class='ocrx_word' id='word_1_42' title='bbox 310 411 514 439; x_wconf 86' lang='lat' dir='ltr'><strong>indivisibiliter</strong></span> <span class='ocrx_word' id='word_1_43' title='bbox 545 412 744 440; x_wconf 75' lang='lat' dir='ltr'><strong>conservetur?</strong></span> <span class='ocrx_word' id='word_1_44' title='bbox 768 412 844 439; x_wconf 86' lang='lat' dir='ltr'><strong>Patet</strong></span> <span class='ocrx_word' id='word_1_45' title='bbox 876 419 941 447; x_wconf 76' lang='lat' dir='ltr'><strong>ergo</strong></span> <span class='ocrx_word' id='word_1_46' title='bbox 972 419 1006 439; x_wconf 78' lang='lat' dir='ltr'><strong>ex</strong></span> 
     </span>
    </p>
   </div>
   <div class='ocr_carea' id='block_1_10' title="bbox 216 456 1006 494">
    <p class='ocr_par' dir='ltr' id='par_1_10' title="bbox 216 456 1006 494">
     <span class='ocr_line' id='line_1_10' title="bbox 216 456 1006 494; baseline -0.003 -8"><span class='ocrx_word' id='word_1_47' title='bbox 216 457 308 490; x_wconf 86' lang='lat' dir='ltr'><strong>dictis,</strong></span> <span class='ocrx_word' id='word_1_48' title='bbox 322 464 369 484; x_wconf 88' lang='lat' dir='ltr'><strong>eos</strong></span> <span class='ocrx_word' id='word_1_49' title='bbox 384 457 430 492; x_wconf 88' lang='lat' dir='ltr'><strong>qui</strong></span> <span class='ocrx_word' id='word_1_50' title='bbox 447 458 595 486; x_wconf 83' lang='lat' dir='ltr'><strong>secundum</strong></span> <span class='ocrx_word' id='word_1_51' title='bbox 617 457 751 493; x_wconf 87' lang='lat' dir='ltr'><strong>Cyrillum</strong></span> <span class='ocrx_word' id='word_1_52' title='bbox 773 458 928 485; x_wconf 77' lang='lat' dir='ltr'><strong>orthodoxe</strong></span> <span class='ocrx_word' id='word_1_53' title='bbox 947 456 1006 494; x_wconf 81' lang='lat' dir='ltr'><strong>[seu</strong></span> 
     </span>
    </p>
   </div>
   <div class='ocr_carea' id='block_1_11' title="bbox 216 504 1006 540">
    <p class='ocr_par' dir='ltr' id='par_1_11' title="bbox 216 504 1006 540">
     <span class='ocr_line' id='line_1_11' title="bbox 216 504 1006 540; baseline 0 -10"><span class='ocrx_word' id='word_1_54' title='bbox 216 504 361 540; x_wconf 77' lang='lat' dir='ltr'><strong>catholica]</strong></span> <span class='ocrx_word' id='word_1_55' title='bbox 376 504 475 532; x_wconf 82' lang='lat' dir='ltr'><strong>docent</strong></span> <span class='ocrx_word' id='word_1_56' title='bbox 491 512 573 531; x_wconf 78' lang='lat' dir='ltr'><strong>unum</strong></span> <span class='ocrx_word' id='word_1_57' title='bbox 590 509 714 532; x_wconf 86' lang='lat' dir='ltr'><strong>naturam</strong></span> <span class='ocrx_word' id='word_1_58' title='bbox 728 504 810 532; x_wconf 83' lang='lat' dir='ltr'><strong>Verbi</strong></span> <span class='ocrx_word' id='word_1_59' title='bbox 827 505 1006 536; x_wconf 82' lang='lat' dir='ltr'><strong>incarnatam,</strong></span> 
     </span>
    </p>
   </div>
   <div class='ocr_carea' id='block_1_12' title="bbox 218 550 1008 585">
    <p class='ocr_par' dir='ltr' id='par_1_12' title="bbox 218 550 1008 585">
     <span class='ocr_line' id='line_1_12' title="bbox 218 550 1008 585; baseline 0.001 -8"><span class='ocrx_word' id='word_1_60' title='bbox 218 558 271 578; x_wconf 91' lang='lat' dir='ltr'><strong>non</strong></span> <span class='ocrx_word' id='word_1_61' title='bbox 291 552 325 578; x_wconf 83' lang='lat' dir='ltr'><strong>ad</strong></span> <span class='ocrx_word' id='word_1_62' title='bbox 342 551 425 578; x_wconf 83' lang='lat' dir='ltr'><strong>alium</strong></span> <span class='ocrx_word' id='word_1_63' title='bbox 446 550 527 578; x_wconf 80' lang='lat' dir='ltr'><strong>ﬁnem</strong></span> <span class='ocrx_word' id='word_1_64' title='bbox 545 550 693 584; x_wconf 74' lang='lat' dir='ltr'><strong>respicere.</strong></span> <span class='ocrx_word' id='word_1_65' title='bbox 714 557 795 585; x_wconf 79' lang='lat' dir='ltr'><strong>quam</strong></span> <span class='ocrx_word' id='word_1_66' title='bbox 818 556 1008 585; x_wconf 78' lang='lat' dir='ltr'><strong>quemcunque</strong></span> 
     </span>
    </p>
   </div>
   <div class='ocr_carea' id='block_1_13' title="bbox 217 595 1007 632">
    <p class='ocr_par' dir='ltr' id='par_1_13' title="bbox 217 595 1007 632">
     <span class='ocr_line' id='line_1_13' title="bbox 217 595 1007 632; baseline 0.003 -10"><span class='ocrx_word' id='word_1_67' title='bbox 217 596 312 628; x_wconf 88' lang='lat' dir='ltr'><strong>alium,</strong></span> <span class='ocrx_word' id='word_1_68' title='bbox 327 597 372 630; x_wconf 87' lang='lat' dir='ltr'><strong>qui</strong></span> <span class='ocrx_word' id='word_1_69' title='bbox 385 596 466 624; x_wconf 82' lang='lat' dir='ltr'><strong>talem</strong></span> <span class='ocrx_word' id='word_1_70' title='bbox 485 602 577 623; x_wconf 84' lang='lat' dir='ltr'><strong>vocem</strong></span> <span class='ocrx_word' id='word_1_71' title='bbox 592 595 652 631; x_wconf 86' lang='lat' dir='ltr'><strong>[seu</strong></span> <span class='ocrx_word' id='word_1_72' title='bbox 664 597 773 624; x_wconf 91' lang='lat' dir='ltr'><strong>modum</strong></span> <span class='ocrx_word' id='word_1_73' title='bbox 788 595 927 631; x_wconf 84' lang='lat' dir='ltr'><strong>loquendi]</strong></span> <span class='ocrx_word' id='word_1_74' title='bbox 942 596 1007 632; x_wconf 84' lang='lat' dir='ltr'><strong>ipsis</strong></span> 
     </span>
    </p>
   </div>
   <div class='ocr_carea' id='block_1_14' title="bbox 217 640 1007 677">
    <p class='ocr_par' dir='ltr' id='par_1_14' title="bbox 217 640 1007 677">
     <span class='ocr_line' id='line_1_14' title="bbox 217 640 1007 677; baseline 0.001 -9"><span class='ocrx_word' id='word_1_75' title='bbox 217 641 354 676; x_wconf 87' lang='lat' dir='ltr'><strong>proponit,</strong></span> <span class='ocrx_word' id='word_1_76' title='bbox 384 648 445 675; x_wconf 74' lang='lat' dir='ltr'><strong>qua:</strong></span> <span class='ocrx_word' id='word_1_77' title='bbox 474 641 542 668; x_wconf 82' lang='lat' dir='ltr'><strong>duas</strong></span> <span class='ocrx_word' id='word_1_78' title='bbox 568 640 689 677; x_wconf 86' lang='lat' dir='ltr'><strong>[nempe]</strong></span> <span class='ocrx_word' id='word_1_79' title='bbox 707 641 733 668; x_wconf 93' lang='lat' dir='ltr'><strong>in</strong></span> <span class='ocrx_word' id='word_1_80' title='bbox 760 641 870 669; x_wconf 88' lang='lat' dir='ltr'><strong>Christo</strong></span> <span class='ocrx_word' id='word_1_81' title='bbox 893 641 1007 669; x_wconf 87' lang='lat' dir='ltr'><strong>Domino</strong></span> 
     </span>
    </p>
   </div>
   <div class='ocr_carea' id='block_1_15' title="bbox 218 687 1006 722">
    <p class='ocr_par' dir='ltr' id='par_1_15' title="bbox 218 687 1006 722">
     <span class='ocr_line' id='line_1_15' title="bbox 218 687 1006 722; baseline 0.003 -9"><span class='ocrx_word' id='word_1_82' title='bbox 218 692 330 714; x_wconf 81' lang='lat' dir='ltr'><strong>naturas</strong></span> <span class='ocrx_word' id='word_1_83' title='bbox 344 688 452 721; x_wconf 88' lang='lat' dir='ltr'><strong>penitus</strong></span> <span class='ocrx_word' id='word_1_84' title='bbox 466 687 578 722; x_wconf 71' lang='lat' dir='ltr'><strong>iunctas</strong></span> <span class='ocrx_word' id='word_1_85' title='bbox 594 688 712 715; x_wconf 80' lang='lat' dir='ltr'><strong>indivise</strong></span> <span class='ocrx_word' id='word_1_86' title='bbox 727 688 834 715; x_wconf 78' lang='lat' dir='ltr'><strong>asserit.</strong></span> <span class='ocrx_word' id='word_1_87' title='bbox 849 688 917 715; x_wconf 90' lang='lat' dir='ltr'><strong>Dum</strong></span> <span class='ocrx_word' id='word_1_88' title='bbox 932 687 1006 715; x_wconf 92' lang='lat' dir='ltr'><strong>enim</strong></span> 
     </span>
    </p>
   </div>
   <div class='ocr_carea' id='block_1_16' title="bbox 219 732 1006 769">
    <p class='ocr_par' dir='ltr' id='par_1_16' title="bbox 219 732 1006 769">
     <span class='ocr_line' id='line_1_16' title="bbox 219 732 1006 769; baseline 0.003 -10"><span class='ocrx_word' id='word_1_89' title='bbox 219 733 314 760; x_wconf 83' lang='lat' dir='ltr'><strong>beatus</strong></span> <span class='ocrx_word' id='word_1_90' title='bbox 338 732 456 768; x_wconf 82' lang='lat' dir='ltr'><strong>Cyrillus</strong></span> <span class='ocrx_word' id='word_1_91' title='bbox 490 733 570 761; x_wconf 87' lang='lat' dir='ltr'><strong>docet</strong></span> <span class='ocrx_word' id='word_1_92' title='bbox 602 741 650 768; x_wconf 87' lang='lat' dir='ltr'><strong>per</strong></span> <span class='ocrx_word' id='word_1_93' title='bbox 675 734 763 769; x_wconf 88' lang='lat' dir='ltr'><strong>ipsam</strong></span> <span class='ocrx_word' id='word_1_94' title='bbox 789 733 1006 762; x_wconf 82' lang='lat' dir='ltr'><strong>incarnationem</strong></span> 
     </span>
    </p>
   </div>
   <div class='ocr_carea' id='block_1_17' title="bbox 220 778 1008 813">
    <p class='ocr_par' dir='ltr' id='par_1_17' title="bbox 220 778 1008 813">
     <span class='ocr_line' id='line_1_17' title="bbox 220 778 1008 813; baseline 0 -7"><span class='ocrx_word' id='word_1_95' title='bbox 220 784 364 813; x_wconf 90' lang='lat' dir='ltr'><strong>utrumque</strong></span> <span class='ocrx_word' id='word_1_96' title='bbox 377 778 403 805; x_wconf 89' lang='lat' dir='ltr'><strong>in</strong></span> <span class='ocrx_word' id='word_1_97' title='bbox 418 779 545 807; x_wconf 90' lang='lat' dir='ltr'><strong>unionem</strong></span> <span class='ocrx_word' id='word_1_98' title='bbox 558 779 715 806; x_wconf 87' lang='lat' dir='ltr'><strong>coeuntium</strong></span> <span class='ocrx_word' id='word_1_99' title='bbox 730 778 933 806; x_wconf 81' lang='lat' dir='ltr'><strong>indivisibiliter</strong></span> <span class='ocrx_word' id='word_1_100' title='bbox 943 785 1008 806; x_wconf 88' lang='lat' dir='ltr'><strong>con-</strong></span> 
     </span>
    </p>
   </div>
   <div class='ocr_carea' id='block_1_18' title="bbox 218 823 1007 859">
    <p class='ocr_par' dir='ltr' id='par_1_18' title="bbox 218 823 1007 859">
     <span class='ocr_line' id='line_1_18' title="bbox 218 823 1007 859; baseline 0 -8"><span class='ocrx_word' id='word_1_101' title='bbox 218 823 333 856; x_wconf 79' lang='lat' dir='ltr'><strong>servari,</strong></span> <span class='ocrx_word' id='word_1_102' title='bbox 351 823 413 858; x_wconf 88' lang='lat' dir='ltr'><strong>quis</strong></span> <span class='ocrx_word' id='word_1_103' title='bbox 431 824 502 851; x_wconf 88' lang='lat' dir='ltr'><strong>alius</strong></span> <span class='ocrx_word' id='word_1_104' title='bbox 518 831 616 859; x_wconf 84' lang='lat' dir='ltr'><strong>scopus</strong></span> <span class='ocrx_word' id='word_1_105' title='bbox 634 831 681 851; x_wconf 89' lang='lat' dir='ltr'><strong>seu</strong></span> <span class='ocrx_word' id='word_1_106' title='bbox 698 823 760 851; x_wconf 84' lang='lat' dir='ltr'><strong>ﬂuis</strong></span> <span class='ocrx_word' id='word_1_107' title='bbox 772 823 807 850; x_wconf 88' lang='lat' dir='ltr'><strong>ab</strong></span> <span class='ocrx_word' id='word_1_108' title='bbox 819 831 852 851; x_wconf 87' lang='lat' dir='ltr'><strong>eo</strong></span> <span class='ocrx_word' id='word_1_109' title='bbox 866 829 1007 859; x_wconf 87' lang='lat' dir='ltr'><strong>spectare-</strong></span> 
     </span>
    </p>
   </div>
   <div class='ocr_carea' id='block_1_19' title="bbox 219 869 1008 905">
    <p class='ocr_par' dir='ltr' id='par_1_19' title="bbox 219 869 1008 905">
     <span class='ocr_line' id='line_1_19' title="bbox 219 869 1008 905; baseline 0.001 -9"><span class='ocrx_word' id='word_1_110' title='bbox 219 875 274 901; x_wconf 82' lang='lat' dir='ltr'><strong>tur.</strong></span> <span class='ocrx_word' id='word_1_111' title='bbox 289 877 369 905; x_wconf 79' lang='lat' dir='ltr'><strong>quam</strong></span> <span class='ocrx_word' id='word_1_112' title='bbox 390 870 435 904; x_wconf 92' lang='lat' dir='ltr'><strong>qui</strong></span> <span class='ocrx_word' id='word_1_113' title='bbox 454 871 522 898; x_wconf 83' lang='lat' dir='ltr'><strong>duas</strong></span> <span class='ocrx_word' id='word_1_114' title='bbox 546 871 572 897; x_wconf 92' lang='lat' dir='ltr'><strong>in</strong></span> <span class='ocrx_word' id='word_1_115' title='bbox 597 870 739 897; x_wconf 82' lang='lat' dir='ltr'><strong>Salvatore</strong></span> <span class='ocrx_word' id='word_1_116' title='bbox 763 869 871 897; x_wconf 82' lang='lat' dir='ltr'><strong>Christo</strong></span> <span class='ocrx_word' id='word_1_117' title='bbox 897 874 1008 898; x_wconf 80' lang='lat' dir='ltr'><strong>naturas</strong></span> 
     </span>
    </p>
   </div>
   <div class='ocr_carea' id='block_1_20' title="bbox 221 908 1048 952">
    <p class='ocr_par' dir='ltr' id='par_1_20' title="bbox 221 908 1048 952">
     <span class='ocr_line' id='line_1_20' title="bbox 221 908 1048 952; baseline 0 -9"><span class='ocrx_word' id='word_1_118' title='bbox 221 916 338 944; x_wconf 83' lang='lat' dir='ltr'><strong>indivise</strong></span> <span class='ocrx_word' id='word_1_119' title='bbox 352 917 494 950; x_wconf 81' lang='lat' dir='ltr'><strong>copulatas</strong></span> <span class='ocrx_word' id='word_1_120' title='bbox 505 916 636 952; x_wconf 66' lang='lat' dir='ltr'><strong>praedicat</strong></span> <span class='ocrx_word' id='word_1_121' title='bbox 654 915 828 950; x_wconf 76' lang='lat' dir='ltr'><strong>recipitque?</strong></span> <span class='ocrx_word' id='word_1_122' title='bbox 844 915 877 943; x_wconf 88' lang='lat' dir='ltr'><strong>Et</strong></span> <span class='ocrx_word' id='word_1_123' title='bbox 890 916 941 944; x_wconf 91' lang='lat' dir='ltr'><strong>hoc</strong></span> <span class='ocrx_word' id='word_1_124' title='bbox 955 916 1011 943; x_wconf 85' lang='lat' dir='ltr'><strong>cla-</strong></span> <span class='ocrx_word' id='word_1_125' title='bbox 1025 908 1048 939; x_wconf 81' lang='grc' dir='ltr'><strong>Β</strong></span> 
     </span>
    </p>
   </div>
   <div class='ocr_carea' id='block_1_21' title="bbox 220 961 1010 997">
    <p class='ocr_par' dir='ltr' id='par_1_21' title="bbox 220 961 1010 997">
     <span class='ocr_line' id='line_1_21' title="bbox 220 961 1010 997; baseline 0.001 -9"><span class='ocrx_word' id='word_1_126' title='bbox 220 962 280 989; x_wconf 86' lang='lat' dir='ltr'><strong>rius</strong></span> <span class='ocrx_word' id='word_1_127' title='bbox 295 961 321 988; x_wconf 94' lang='lat' dir='ltr'><strong>in</strong></span> <span class='ocrx_word' id='word_1_128' title='bbox 336 961 452 996; x_wconf 88' lang='lat' dir='ltr'><strong>epistola</strong></span> <span class='ocrx_word' id='word_1_129' title='bbox 466 961 552 989; x_wconf 83' lang='lat' dir='ltr'><strong>altera</strong></span> <span class='ocrx_word' id='word_1_130' title='bbox 573 962 606 989; x_wconf 90' lang='lat' dir='ltr'><strong>ad</strong></span> <span class='ocrx_word' id='word_1_131' title='bbox 624 961 790 989; x_wconf 86' lang='lat' dir='ltr'><strong>Succensum</strong></span> <span class='ocrx_word' id='word_1_132' title='bbox 804 961 926 997; x_wconf 82' lang='lat' dir='ltr'><strong>exponit.</strong></span> <span class='ocrx_word' id='word_1_133' title='bbox 942 961 1010 989; x_wconf 90' lang='lat' dir='ltr'><strong>Cum</strong></span> 
     </span>
    </p>
   </div>
   <div class='ocr_carea' id='block_1_22' title="bbox 221 1008 1010 1044">
    <p class='ocr_par' dir='ltr' id='par_1_22' title="bbox 221 1008 1010 1044">
     <span class='ocr_line' id='line_1_22' title="bbox 221 1008 1010 1044; baseline -0.001 -8"><span class='ocrx_word' id='word_1_134' title='bbox 221 1009 296 1036; x_wconf 88' lang='lat' dir='ltr'><strong>enim</strong></span> <span class='ocrx_word' id='word_1_135' title='bbox 309 1008 477 1043; x_wconf 80' lang='lat' dir='ltr'><strong>explicasset</strong></span> <span class='ocrx_word' id='word_1_136' title='bbox 503 1008 530 1036; x_wconf 91' lang='lat' dir='ltr'><strong>in</strong></span> <span class='ocrx_word' id='word_1_137' title='bbox 556 1008 611 1042; x_wconf 91' lang='lat' dir='ltr'><strong>illa,</strong></span> <span class='ocrx_word' id='word_1_138' title='bbox 627 1008 693 1043; x_wconf 90' lang='lat' dir='ltr'><strong>quid</strong></span> <span class='ocrx_word' id='word_1_139' title='bbox 712 1008 748 1035; x_wconf 94' lang='lat' dir='ltr'><strong>sit</strong></span> <span class='ocrx_word' id='word_1_140' title='bbox 767 1008 820 1036; x_wconf 92' lang='lat' dir='ltr'><strong>hoc</strong></span> <span class='ocrx_word' id='word_1_141' title='bbox 836 1008 923 1044; x_wconf 87' lang='lat' dir='ltr'><strong>ipsqu</strong></span> <span class='ocrx_word' id='word_1_142' title='bbox 938 1009 1010 1043; x_wconf 89' lang='lat' dir='ltr'><strong>quod</strong></span> 
     </span>
    </p>
   </div>
   <div class='ocr_carea' id='block_1_23' title="bbox 220 1053 1012 1085">
    <p class='ocr_par' dir='ltr' id='par_1_23' title="bbox 220 1053 1012 1085">
     <span class='ocr_line' id='line_1_23' title="bbox 220 1053 1012 1085; baseline -0.001 -3"><span class='ocrx_word' id='word_1_143' title='bbox 220 1055 341 1083; x_wconf 85' lang='lat' dir='ltr'><strong>declarat</strong></span> <span class='ocrx_word' id='word_1_144' title='bbox 363 1063 444 1082; x_wconf 83' lang='lat' dir='ltr'><strong>unum</strong></span> <span class='ocrx_word' id='word_1_145' title='bbox 481 1059 604 1082; x_wconf 86' lang='lat' dir='ltr'><strong>naturam</strong></span> <span class='ocrx_word' id='word_1_146' title='bbox 621 1053 701 1081; x_wconf 84' lang='lat' dir='ltr'><strong>Verbi</strong></span> <span class='ocrx_word' id='word_1_147' title='bbox 726 1055 908 1085; x_wconf 76' lang='lat' dir='ltr'><strong>incantatam.</strong></span> <span class='ocrx_word' id='word_1_148' title='bbox 923 1059 950 1082; x_wconf 91' lang='lat' dir='ltr'><strong>et</strong></span> <span class='ocrx_word' id='word_1_149' title='bbox 964 1055 1012 1082; x_wconf 85' lang='lat' dir='ltr'><strong>do-</strong></span> 
     </span>
    </p>
   </div>
   <div class='ocr_carea' id='block_1_24' title="bbox 223 1099 1010 1136">
    <p class='ocr_par' dir='ltr' id='par_1_24' title="bbox 223 1099 1010 1136">
     <span class='ocr_line' id='line_1_24' title="bbox 223 1099 1010 1136; baseline -0.001 -8"><span class='ocrx_word' id='word_1_150' title='bbox 223 1102 336 1134; x_wconf 84' lang='lat' dir='ltr'><strong>cuisset,</strong></span> <span class='ocrx_word' id='word_1_151' title='bbox 367 1108 459 1128; x_wconf 83' lang='lat' dir='ltr'><strong>verum</strong></span> <span class='ocrx_word' id='word_1_152' title='bbox 484 1105 512 1128; x_wconf 89' lang='lat' dir='ltr'><strong>et</strong></span> <span class='ocrx_word' id='word_1_153' title='bbox 541 1100 690 1128; x_wconf 85' lang='lat' dir='ltr'><strong>naturalem</strong></span> <span class='ocrx_word' id='word_1_154' title='bbox 718 1107 778 1128; x_wconf 85' lang='lat' dir='ltr'><strong>esse</strong></span> <span class='ocrx_word' id='word_1_155' title='bbox 801 1099 873 1136; x_wconf 88' lang='lat' dir='ltr'><strong>[Dei]</strong></span> <span class='ocrx_word' id='word_1_156' title='bbox 900 1099 1010 1134; x_wconf 87' lang='lat' dir='ltr'><strong>Filium,</strong></span> 
     </span>
    </p>
   </div>
   <div class='ocr_carea' id='block_1_25' title="bbox 223 1146 1010 1182">
    <p class='ocr_par' dir='ltr' id='par_1_25' title="bbox 223 1146 1010 1182">
     <span class='ocr_line' id='line_1_25' title="bbox 223 1146 1010 1182; baseline 0 -9"><span class='ocrx_word' id='word_1_157' title='bbox 223 1147 350 1182; x_wconf 75' lang='lat' dir='ltr'><strong>quamvis</strong></span> <span class='ocrx_word' id='word_1_158' title='bbox 370 1146 521 1174; x_wconf 89' lang='lat' dir='ltr'><strong>secundum</strong></span> <span class='ocrx_word' id='word_1_159' title='bbox 548 1151 714 1181; x_wconf 81' lang='lat' dir='ltr'><strong>assuntptam</strong></span> <span class='ocrx_word' id='word_1_160' title='bbox 730 1153 839 1174; x_wconf 85' lang='lat' dir='ltr'><strong>carnem</strong></span> <span class='ocrx_word' id='word_1_161' title='bbox 854 1153 907 1174; x_wconf 91' lang='lat' dir='ltr'><strong>non</strong></span> <span class='ocrx_word' id='word_1_162' title='bbox 922 1146 1010 1174; x_wconf 86' lang='lat' dir='ltr'><strong>inani-</strong></span> 
     </span>
    </p>
   </div>
   <div class='ocr_carea' id='block_1_26' title="bbox 221 1191 1012 1226">
    <p class='ocr_par' dir='ltr' id='par_1_26' title="bbox 221 1191 1012 1226">
     <span class='ocr_line' id='line_1_26' title="bbox 221 1191 1012 1226; baseline -0.001 -6"><span class='ocrx_word' id='word_1_163' title='bbox 221 1200 308 1225; x_wconf 87' lang='lat' dir='ltr'><strong>mam,</strong></span> <span class='ocrx_word' id='word_1_164' title='bbox 327 1192 374 1219; x_wconf 87' lang='lat' dir='ltr'><strong>sed</strong></span> <span class='ocrx_word' id='word_1_165' title='bbox 391 1191 555 1226; x_wconf 74' lang='lat' dir='ltr'><strong>intelligenti</strong></span> <span class='ocrx_word' id='word_1_166' title='bbox 579 1192 669 1219; x_wconf 91' lang='lat' dir='ltr'><strong>anima</strong></span> <span class='ocrx_word' id='word_1_167' title='bbox 693 1191 881 1224; x_wconf 79' lang='lat' dir='ltr'><strong>informatam,</strong></span> <span class='ocrx_word' id='word_1_168' title='bbox 896 1199 931 1219; x_wconf 91' lang='lat' dir='ltr'><strong>ex</strong></span> <span class='ocrx_word' id='word_1_169' title='bbox 951 1200 1012 1219; x_wconf 89' lang='lat' dir='ltr'><strong>mu-</strong></span> 
     </span>
    </p>
   </div>
   <div class='ocr_carea' id='block_1_27' title="bbox 221 1238 1013 1274">
    <p class='ocr_par' dir='ltr' id='par_1_27' title="bbox 221 1238 1013 1274">
     <span class='ocr_line' id='line_1_27' title="bbox 221 1238 1013 1274; baseline 0 -8"><span class='ocrx_word' id='word_1_170' title='bbox 221 1238 290 1266; x_wconf 90' lang='lat' dir='ltr'><strong>liere</strong></span> <span class='ocrx_word' id='word_1_171' title='bbox 314 1238 446 1274; x_wconf 82' lang='lat' dir='ltr'><strong>prodierit</strong></span> <span class='ocrx_word' id='word_1_172' title='bbox 474 1238 565 1270; x_wconf 89' lang='lat' dir='ltr'><strong>homo,</strong></span> <span class='ocrx_word' id='word_1_173' title='bbox 591 1238 692 1272; x_wconf 67' lang='grc'><strong>2811)</strong></span> <span class='ocrx_word' id='word_1_174' title='bbox 724 1245 841 1272; x_wconf 86' lang='lat' dir='ltr'><strong>cumque</strong></span> <span class='ocrx_word' id='word_1_175' title='bbox 877 1238 1013 1266; x_wconf 82' lang='lat' dir='ltr'><strong>intulisset</strong></span> 
     </span>
    </p>
   </div>
   <div class='ocr_carea' id='block_1_28' title="bbox 223 1283 1013 1320">
    <p class='ocr_par' dir='ltr' id='par_1_28' title="bbox 223 1283 1013 1320">
     <span class='ocr_line' id='line_1_28' title="bbox 223 1283 1013 1320; baseline 0 -8"><span class='ocrx_word' id='word_1_176' title='bbox 223 1293 278 1313; x_wconf 90' lang='lat' dir='ltr'><strong>non</strong></span> <span class='ocrx_word' id='word_1_177' title='bbox 298 1289 442 1320; x_wconf 87' lang='lat' dir='ltr'><strong>propterea</strong></span> <span class='ocrx_word' id='word_1_178' title='bbox 455 1284 573 1312; x_wconf 86' lang='lat' dir='ltr'><strong>divisum</strong></span> <span class='ocrx_word' id='word_1_179' title='bbox 596 1285 629 1311; x_wconf 90' lang='lat' dir='ltr'><strong>iri</strong></span> <span class='ocrx_word' id='word_1_180' title='bbox 651 1283 814 1320; x_wconf 77' lang='lat' dir='ltr'><strong>[Christum]</strong></span> <span class='ocrx_word' id='word_1_181' title='bbox 829 1284 855 1311; x_wconf 94' lang='lat' dir='ltr'><strong>in</strong></span> <span class='ocrx_word' id='word_1_182' title='bbox 867 1285 934 1312; x_wconf 89' lang='lat' dir='ltr'><strong>duas</strong></span> <span class='ocrx_word' id='word_1_183' title='bbox 949 1292 1013 1320; x_wconf 87' lang='lat' dir='ltr'><strong>per-</strong></span> 
     </span>
    </p>
   </div>
   <div class='ocr_carea' id='block_1_29' title="bbox 224 1329 1012 1364">
    <p class='ocr_par' dir='ltr' id='par_1_29' title="bbox 224 1329 1012 1364">
     <span class='ocr_line' id='line_1_29' title="bbox 224 1329 1012 1364; baseline -0.003 -6"><span class='ocrx_word' id='word_1_184' title='bbox 224 1338 306 1358; x_wconf 78' lang='lat' dir='ltr'><strong>sonas</strong></span> <span class='ocrx_word' id='word_1_185' title='bbox 328 1335 375 1358; x_wconf 90' lang='lat' dir='ltr'><strong>aut</strong></span> <span class='ocrx_word' id='word_1_186' title='bbox 394 1329 475 1362; x_wconf 79' lang='lat' dir='ltr'><strong>ﬁlios,</strong></span> <span class='ocrx_word' id='word_1_187' title='bbox 494 1330 540 1357; x_wconf 83' lang='lat' dir='ltr'><strong>sed</strong></span> <span class='ocrx_word' id='word_1_188' title='bbox 556 1329 594 1357; x_wconf 88' lang='lat' dir='ltr'><strong>ita</strong></span> <span class='ocrx_word' id='word_1_189' title='bbox 617 1337 727 1364; x_wconf 88' lang='lat' dir='ltr'><strong>quoque</strong></span> <span class='ocrx_word' id='word_1_190' title='bbox 748 1337 904 1357; x_wconf 88' lang='lat' dir='ltr'><strong>mansurum</strong></span> <span class='ocrx_word' id='word_1_191' title='bbox 918 1337 1012 1361; x_wconf 86' lang='lat' dir='ltr'><strong>unum,</strong></span> 
     </span>
    </p>
   </div>
   <div class='ocr_carea' id='block_1_30' title="bbox 224 1375 1012 1412">
    <p class='ocr_par' dir='ltr' id='par_1_30' title="bbox 224 1375 1012 1412">
     <span class='ocr_line' id='line_1_30' title="bbox 224 1375 1012 1412; baseline -0.003 -8"><span class='ocrx_word' id='word_1_192' title='bbox 224 1376 349 1412; x_wconf 79' lang='lat' dir='ltr'><strong>adjungit</strong></span> <span class='ocrx_word' id='word_1_193' title='bbox 359 1376 494 1410; x_wconf 90' lang='lat' dir='ltr'><strong>quomodo</strong></span> <span class='ocrx_word' id='word_1_194' title='bbox 505 1383 558 1402; x_wconf 89' lang='lat' dir='ltr'><strong>non</strong></span> <span class='ocrx_word' id='word_1_195' title='bbox 572 1375 631 1403; x_wconf 82' lang='lat' dir='ltr'><strong>sine</strong></span> <span class='ocrx_word' id='word_1_196' title='bbox 643 1382 739 1408; x_wconf 84' lang='lat' dir='ltr'><strong>carne,</strong></span> <span class='ocrx_word' id='word_1_197' title='bbox 753 1382 803 1402; x_wconf 87' lang='lat' dir='ltr'><strong>nec</strong></span> <span class='ocrx_word' id='word_1_198' title='bbox 813 1379 890 1403; x_wconf 82' lang='lat' dir='ltr'><strong>extra</strong></span> <span class='ocrx_word' id='word_1_199' title='bbox 904 1382 1012 1410; x_wconf 84' lang='lat' dir='ltr'><strong>corpus,</strong></span> 
     </span>
    </p>
   </div>
   <div class='ocr_carea' id='block_1_31' title="bbox 226 1420 1014 1456">
    <p class='ocr_par' dir='ltr' id='par_1_31' title="bbox 226 1420 1014 1456">
     <span class='ocr_line' id='line_1_31' title="bbox 226 1420 1014 1456; baseline -0.004 -6"><span class='ocrx_word' id='word_1_200' title='bbox 226 1423 274 1450; x_wconf 87' lang='lat' dir='ltr'><strong>sed</strong></span> <span class='ocrx_word' id='word_1_201' title='bbox 297 1429 375 1449; x_wconf 90' lang='lat' dir='ltr'><strong>suum</strong></span> <span class='ocrx_word' id='word_1_202' title='bbox 398 1428 430 1448; x_wconf 85' lang='lat' dir='ltr'><strong>ac</strong></span> <span class='ocrx_word' id='word_1_203' title='bbox 446 1421 584 1456; x_wconf 90' lang='lat' dir='ltr'><strong>proprium</strong></span> <span class='ocrx_word' id='word_1_204' title='bbox 608 1420 709 1448; x_wconf 84' lang='lat' dir='ltr'><strong>habeat</strong></span> <span class='ocrx_word' id='word_1_205' title='bbox 734 1427 843 1455; x_wconf 87' lang='lat' dir='ltr'><strong>corpus,</strong></span> <span class='ocrx_word' id='word_1_206' title='bbox 864 1421 1014 1448; x_wconf 90' lang='lat' dir='ltr'><strong>secundum</strong></span> 
     </span>
    </p>
   </div>
   <div class='ocr_carea' id='block_1_32' title="bbox 224 1465 1013 1502">
    <p class='ocr_par' dir='ltr' id='par_1_32' title="bbox 224 1465 1013 1502">
     <span class='ocr_line' id='line_1_32' title="bbox 224 1465 1013 1502; baseline -0.001 -7"><span class='ocrx_word' id='word_1_207' title='bbox 224 1468 355 1496; x_wconf 89' lang='lat' dir='ltr'><strong>unionem</strong></span> <span class='ocrx_word' id='word_1_208' title='bbox 371 1474 469 1502; x_wconf 88' lang='lat' dir='ltr'><strong>nempe</strong></span> <span class='ocrx_word' id='word_1_209' title='bbox 489 1465 667 1495; x_wconf 86' lang='lat' dir='ltr'><strong>indivulsum.</strong></span> <span class='ocrx_word' id='word_1_210' title='bbox 695 1466 726 1493; x_wconf 86' lang='lat' dir='ltr'><strong>Et</strong></span> <span class='ocrx_word' id='word_1_211' title='bbox 746 1466 772 1493; x_wconf 94' lang='lat' dir='ltr'><strong>in</strong></span> <span class='ocrx_word' id='word_1_212' title='bbox 794 1465 907 1501; x_wconf 88' lang='lat' dir='ltr'><strong>epistola</strong></span> <span class='ocrx_word' id='word_1_213' title='bbox 922 1467 955 1494; x_wconf 87' lang='lat' dir='ltr'><strong>ad</strong></span> <span class='ocrx_word' id='word_1_214' title='bbox 978 1472 1013 1500; x_wconf 89' lang='lat' dir='ltr'><strong>te,</strong></span> 
     </span>
    </p>
   </div>
   <div class='ocr_carea' id='block_1_33' title="bbox 226 1511 1013 1549">
    <p class='ocr_par' dir='ltr' id='par_1_33' title="bbox 226 1511 1013 1549">
     <span class='ocr_line' id='line_1_33' title="bbox 226 1511 1013 1549; baseline -0.001 -8"><span class='ocrx_word' id='word_1_215' title='bbox 226 1514 340 1549; x_wconf 85' lang='lat' dir='ltr'><strong>aliisque</strong></span> <span class='ocrx_word' id='word_1_216' title='bbox 355 1513 424 1541; x_wconf 91' lang='lat' dir='ltr'><strong>locis</strong></span> <span class='ocrx_word' id='word_1_217' title='bbox 439 1512 542 1546; x_wconf 86' lang='lat' dir='ltr'><strong>multis,</strong></span> <span class='ocrx_word' id='word_1_218' title='bbox 562 1512 656 1540; x_wconf 86' lang='lat' dir='ltr'><strong>eadem</strong></span> <span class='ocrx_word' id='word_1_219' title='bbox 671 1512 771 1540; x_wconf 89' lang='lat' dir='ltr'><strong>docere</strong></span> <span class='ocrx_word' id='word_1_220' title='bbox 787 1511 896 1548; x_wconf 79' lang='lat' dir='ltr'><strong>legitur.</strong></span> <span class='ocrx_word' id='word_1_221' title='bbox 911 1512 948 1540; x_wconf 82' lang='lat' dir='ltr'><strong>At</strong></span> <span class='ocrx_word' id='word_1_222' title='bbox 962 1512 1013 1540; x_wconf 87' lang='lat' dir='ltr'><strong>Se-</strong></span> 
     </span>
    </p>
   </div>
   <div class='ocr_carea' id='block_1_34' title="bbox 227 1558 1013 1593">
    <p class='ocr_par' dir='ltr' id='par_1_34' title="bbox 227 1558 1013 1593">
     <span class='ocr_line' id='line_1_34' title="bbox 227 1558 1013 1593; baseline -0.001 -7"><span class='ocrx_word' id='word_1_223' title='bbox 227 1560 333 1587; x_wconf 78' lang='lat' dir='ltr'><strong>veriani</strong></span> <span class='ocrx_word' id='word_1_224' title='bbox 345 1559 527 1587; x_wconf 84' lang='lat' dir='ltr'><strong>dill&#39;erentiam</strong></span> <span class='ocrx_word' id='word_1_225' title='bbox 540 1563 602 1593; x_wconf 91' lang='lat' dir='ltr'><strong>post</strong></span> <span class='ocrx_word' id='word_1_226' title='bbox 616 1558 836 1586; x_wconf 89' lang='lat' dir='ltr'><strong>concurrentium</strong></span> <span class='ocrx_word' id='word_1_227' title='bbox 856 1563 1013 1585; x_wconf 76' lang='lat' dir='ltr'><strong>naturarum</strong></span> 
     </span>
    </p>
   </div>
   <div class='ocr_carea' id='block_1_35' title="bbox 227 1603 1014 1638">
    <p class='ocr_par' dir='ltr' id='par_1_35' title="bbox 227 1603 1014 1638">
     <span class='ocr_line' id='line_1_35' title="bbox 227 1603 1014 1638; baseline -0.001 -6"><span class='ocrx_word' id='word_1_228' title='bbox 227 1605 356 1632; x_wconf 88' lang='lat' dir='ltr'><strong>unionem</strong></span> <span class='ocrx_word' id='word_1_229' title='bbox 372 1604 489 1631; x_wconf 86' lang='lat' dir='ltr'><strong>aversati</strong></span> <span class='ocrx_word' id='word_1_230' title='bbox 504 1603 640 1631; x_wconf 90' lang='lat' dir='ltr'><strong>malitiose</strong></span> <span class='ocrx_word' id='word_1_231' title='bbox 650 1608 679 1631; x_wconf 89' lang='lat' dir='ltr'><strong>et</strong></span> <span class='ocrx_word' id='word_1_232' title='bbox 690 1603 771 1638; x_wconf 88' lang='lat' dir='ltr'><strong>impie</strong></span> <span class='ocrx_word' id='word_1_233' title='bbox 781 1603 898 1638; x_wconf 89' lang='lat' dir='ltr'><strong>primum</strong></span> <span class='ocrx_word' id='word_1_234' title='bbox 907 1604 1014 1638; x_wconf 86' lang='lat' dir='ltr'><strong>quidem</strong></span> 
     </span>
    </p>
   </div>
   <div class='ocr_carea' id='block_1_36' title="bbox 227 1648 1016 1685">
    <p class='ocr_par' dir='ltr' id='par_1_36' title="bbox 227 1648 1016 1685">
     <span class='ocr_line' id='line_1_36' title="bbox 227 1648 1016 1685; baseline 0 -9"><span class='ocrx_word' id='word_1_235' title='bbox 227 1654 333 1685; x_wconf 89' lang='lat' dir='ltr'><strong>ponunt</strong></span> <span class='ocrx_word' id='word_1_236' title='bbox 347 1657 437 1683; x_wconf 84' lang='lat' dir='ltr'><strong>voces,</strong></span> <span class='ocrx_word' id='word_1_237' title='bbox 456 1656 516 1684; x_wconf 68' lang='lat' dir='ltr'><strong>qum</strong></span> <span class='ocrx_word' id='word_1_238' title='bbox 539 1648 720 1676; x_wconf 82' lang='lat' dir='ltr'><strong>diﬂ&#39;erentiam</strong></span> <span class='ocrx_word' id='word_1_239' title='bbox 742 1653 900 1676; x_wconf 77' lang='lat' dir='ltr'><strong>naturarum</strong></span> <span class='ocrx_word' id='word_1_240' title='bbox 925 1648 1016 1677; x_wconf 87' lang='lat' dir='ltr'><strong>deela-</strong></span> 
     </span>
    </p>
   </div>
   <div class='ocr_carea' id='block_1_37' title="bbox 226 1693 1017 1729">
    <p class='ocr_par' dir='ltr' id='par_1_37' title="bbox 226 1693 1017 1729">
     <span class='ocr_line' id='line_1_37' title="bbox 226 1693 1017 1729; baseline -0.001 -7"><span class='ocrx_word' id='word_1_241' title='bbox 226 1700 305 1729; x_wconf 82' lang='lat' dir='ltr'><strong>rant;</strong></span> <span class='ocrx_word' id='word_1_242' title='bbox 321 1695 419 1723; x_wconf 87' lang='lat' dir='ltr'><strong>deinde</strong></span> <span class='ocrx_word' id='word_1_243' title='bbox 439 1702 505 1722; x_wconf 89' lang='lat' dir='ltr'><strong>vero</strong></span> <span class='ocrx_word' id='word_1_244' title='bbox 535 1702 597 1722; x_wconf 87' lang='lat' dir='ltr'><strong>cum</strong></span> <span class='ocrx_word' id='word_1_245' title='bbox 625 1694 685 1722; x_wconf 88' lang='lat' dir='ltr'><strong>illas</strong></span> <span class='ocrx_word' id='word_1_246' title='bbox 702 1695 776 1729; x_wconf 85' lang='lat' dir='ltr'><strong>ipsas</strong></span> <span class='ocrx_word' id='word_1_247' title='bbox 804 1693 907 1722; x_wconf 82' lang='lat' dir='ltr'><strong>scilicet</strong></span> <span class='ocrx_word' id='word_1_248' title='bbox 926 1694 1017 1722; x_wconf 89' lang='lat' dir='ltr'><strong>inver-</strong></span> 
     </span>
    </p>
   </div>
   <div class='ocr_carea' id='block_1_38' title="bbox 226 1741 1016 1774">
    <p class='ocr_par' dir='ltr' id='par_1_38' title="bbox 226 1741 1016 1774">
     <span class='ocr_line' id='line_1_38' title="bbox 226 1741 1016 1774; baseline 0 -6"><span class='ocrx_word' id='word_1_249' title='bbox 226 1746 297 1774; x_wconf 86' lang='lat' dir='ltr'><strong>tunt,</strong></span> <span class='ocrx_word' id='word_1_250' title='bbox 320 1749 402 1769; x_wconf 91' lang='lat' dir='ltr'><strong>unam</strong></span> <span class='ocrx_word' id='word_1_251' title='bbox 416 1741 498 1769; x_wconf 81' lang='lat' dir='ltr'><strong>Verbi</strong></span> <span class='ocrx_word' id='word_1_252' title='bbox 526 1745 652 1768; x_wconf 85' lang='lat' dir='ltr'><strong>naturam</strong></span> <span class='ocrx_word' id='word_1_253' title='bbox 678 1741 755 1768; x_wconf 89' lang='lat' dir='ltr'><strong>aiunt</strong></span> <span class='ocrx_word' id='word_1_254' title='bbox 782 1741 964 1768; x_wconf 83' lang='lat' dir='ltr'><strong>incarnatain.</strong></span> <span class='ocrx_word' id='word_1_255' title='bbox 981 1742 1016 1768; x_wconf 81' lang='lat' dir='ltr'><strong>At</strong></span> 
     </span>
    </p>
   </div>
   <div class='ocr_carea' id='block_1_39' title="bbox 227 1785 1016 1821">
    <p class='ocr_par' dir='ltr' id='par_1_39' title="bbox 227 1785 1016 1821">
     <span class='ocr_line' id='line_1_39' title="bbox 227 1785 1016 1821; baseline -0.003 -7"><span class='ocrx_word' id='word_1_256' title='bbox 227 1794 280 1814; x_wconf 87' lang='lat' dir='ltr'><strong>non</strong></span> <span class='ocrx_word' id='word_1_257' title='bbox 296 1788 332 1814; x_wconf 88' lang='lat' dir='ltr'><strong>ita</strong></span> <span class='ocrx_word' id='word_1_258' title='bbox 346 1785 442 1821; x_wconf 77' lang='lat' dir='ltr'><strong>religio</strong></span> <span class='ocrx_word' id='word_1_259' title='bbox 457 1786 607 1818; x_wconf 71' lang='lat' dir='ltr'><strong>catholica,</strong></span> <span class='ocrx_word' id='word_1_260' title='bbox 621 1786 667 1813; x_wconf 88' lang='lat' dir='ltr'><strong>sed</strong></span> <span class='ocrx_word' id='word_1_261' title='bbox 681 1785 774 1813; x_wconf 78' lang='lat' dir='ltr'><strong>addita</strong></span> <span class='ocrx_word' id='word_1_262' title='bbox 790 1786 842 1813; x_wconf 90' lang='lat' dir='ltr'><strong>hac</strong></span> <span class='ocrx_word' id='word_1_263' title='bbox 853 1793 930 1818; x_wconf 87' lang='lat' dir='ltr'><strong>voce,</strong></span> <span class='ocrx_word' id='word_1_264' title='bbox 944 1785 1016 1813; x_wconf 85' lang='lat' dir='ltr'><strong>illico</strong></span> 
     </span>
    </p>
   </div>
   <div class='ocr_carea' id='block_1_40' title="bbox 1029 1583 1052 1614">
    <p class='ocr_par' dir='ltr' id='par_1_40' title="bbox 1029 1583 1052 1614">
     <span class='ocr_line' id='line_1_40' title="bbox 1029 1583 1052 1614; baseline 0 0"><span class='ocrx_word' id='word_1_265' title='bbox 1029 1583 1052 1614; x_wconf 78' lang='grc' dir='ltr'><strong>ο</strong></span> 
     </span>
    </p>
   </div>
   <div class='ocr_carea' id='block_1_41' title="bbox 227 1831 1016 1866">
    <p class='ocr_par' dir='ltr' id='par_1_41' title="bbox 227 1831 1016 1866">
     <span class='ocr_line' id='line_1_41' title="bbox 227 1831 1016 1866; baseline 0.001 -8"><span class='ocrx_word' id='word_1_266' title='bbox 227 1831 354 1866; x_wconf 84' lang='lat' dir='ltr'><strong>deinceps</strong></span> <span class='ocrx_word' id='word_1_267' title='bbox 371 1831 494 1859; x_wconf 89' lang='lat' dir='ltr'><strong>ostendit</strong></span> <span class='ocrx_word' id='word_1_268' title='bbox 520 1838 571 1866; x_wconf 90' lang='lat' dir='ltr'><strong>per</strong></span> <span class='ocrx_word' id='word_1_269' title='bbox 587 1831 659 1858; x_wconf 90' lang='lat' dir='ltr'><strong>hanc</strong></span> <span class='ocrx_word' id='word_1_270' title='bbox 678 1839 772 1859; x_wconf 86' lang='lat' dir='ltr'><strong>rursus</strong></span> <span class='ocrx_word' id='word_1_271' title='bbox 788 1831 886 1859; x_wconf 84' lang='lat' dir='ltr'><strong>salvari</strong></span> <span class='ocrx_word' id='word_1_272' title='bbox 902 1839 935 1860; x_wconf 81' lang='lat' dir='ltr'><strong>ex</strong></span> <span class='ocrx_word' id='word_1_273' title='bbox 948 1839 1016 1859; x_wconf 84' lang='lat' dir='ltr'><strong>eon-</strong></span> 
     </span>
    </p>
   </div>
   <div class='ocr_carea' id='block_1_42' title="bbox 227 1875 1017 1912">
    <p class='ocr_par' dir='ltr' id='par_1_42' title="bbox 227 1875 1017 1912">
     <span class='ocr_line' id='line_1_42' title="bbox 227 1875 1017 1912; baseline 0.003 -10"><span class='ocrx_word' id='word_1_274' title='bbox 227 1875 337 1911; x_wconf 83' lang='lat' dir='ltr'><strong>junctis]</strong></span> <span class='ocrx_word' id='word_1_275' title='bbox 359 1875 473 1904; x_wconf 83' lang='lat' dir='ltr'><strong>alteram</strong></span> <span class='ocrx_word' id='word_1_276' title='bbox 505 1875 660 1903; x_wconf 82' lang='lat' dir='ltr'><strong>indivisibili</strong></span> <span class='ocrx_word' id='word_1_277' title='bbox 700 1876 804 1904; x_wconf 86' lang='lat' dir='ltr'><strong>ratione</strong></span> <span class='ocrx_word' id='word_1_278' title='bbox 831 1876 933 1910; x_wconf 84' lang='lat' dir='ltr'><strong>unitis,</strong></span> <span class='ocrx_word' id='word_1_279' title='bbox 956 1884 1017 1912; x_wconf 59' lang='lat' dir='ltr'><strong>quae</strong></span> 
     </span>
    </p>
   </div>
   <div class='ocr_carea' id='block_1_43' title="bbox 229 1919 1018 1957">
    <p class='ocr_par' dir='ltr' id='par_1_43' title="bbox 229 1919 1018 1957">
     <span class='ocr_line' id='line_1_43' title="bbox 229 1919 1018 1957; baseline 0.001 -9"><span class='ocrx_word' id='word_1_280' title='bbox 229 1919 327 1957; x_wconf 86' lang='lat' dir='ltr'><strong>[pietas</strong></span> <span class='ocrx_word' id='word_1_281' title='bbox 351 1921 499 1957; x_wconf 87' lang='lat' dir='ltr'><strong>catholica]</strong></span> <span class='ocrx_word' id='word_1_282' title='bbox 521 1923 645 1955; x_wconf 76' lang='lat' dir='ltr'><strong>coarguit</strong></span> <span class='ocrx_word' id='word_1_283' title='bbox 673 1922 780 1956; x_wconf 80' lang='lat' dir='ltr'><strong>impios,</strong></span> <span class='ocrx_word' id='word_1_284' title='bbox 812 1923 875 1949; x_wconf 89' lang='lat' dir='ltr'><strong>dum</strong></span> <span class='ocrx_word' id='word_1_285' title='bbox 899 1923 1018 1951; x_wconf 80' lang='lat' dir='ltr'><strong>ostendit</strong></span> 
     </span>
    </p>
   </div>
   <div class='ocr_carea' id='block_1_44' title="bbox 231 1967 1018 1996">
    <p class='ocr_par' dir='ltr' id='par_1_44' title="bbox 231 1967 1018 1996">
     <span class='ocr_line' id='line_1_44' title="bbox 231 1967 1018 1996; baseline 0.003 -2"><span class='ocrx_word' id='word_1_286' title='bbox 231 1974 313 1994; x_wconf 92' lang='lat' dir='ltr'><strong>unam</strong></span> <span class='ocrx_word' id='word_1_287' title='bbox 336 1967 418 1995; x_wconf 85' lang='lat' dir='ltr'><strong>Verbi</strong></span> <span class='ocrx_word' id='word_1_288' title='bbox 440 1972 565 1995; x_wconf 86' lang='lat' dir='ltr'><strong>naturam</strong></span> <span class='ocrx_word' id='word_1_289' title='bbox 591 1968 762 1996; x_wconf 86' lang='lat' dir='ltr'><strong>incarnatam</strong></span> <span class='ocrx_word' id='word_1_290' title='bbox 780 1967 848 1996; x_wconf 91' lang='lat' dir='ltr'><strong>nihil</strong></span> <span class='ocrx_word' id='word_1_291' title='bbox 863 1968 936 1996; x_wconf 78' lang='lat' dir='ltr'><strong>aliud</strong></span> <span class='ocrx_word' id='word_1_292' title='bbox 957 1976 1018 1996; x_wconf 85' lang='lat' dir='ltr'><strong>esse</strong></span> 
     </span>
    </p>
   </div>
   <div class='ocr_carea' id='block_1_45' title="bbox 230 2013 1017 2049">
    <p class='ocr_par' dir='ltr' id='par_1_45' title="bbox 230 2013 1017 2049">
     <span class='ocr_line' id='line_1_45' title="bbox 230 2013 1017 2049; baseline 0.005 -11"><span class='ocrx_word' id='word_1_293' title='bbox 230 2019 311 2046; x_wconf 88' lang='lat' dir='ltr'><strong>quam</strong></span> <span class='ocrx_word' id='word_1_294' title='bbox 335 2013 499 2041; x_wconf 83' lang='lat' dir='ltr'><strong>indivulsam</strong></span> <span class='ocrx_word' id='word_1_295' title='bbox 524 2014 675 2042; x_wconf 87' lang='lat' dir='ltr'><strong>secundum</strong></span> <span class='ocrx_word' id='word_1_296' title='bbox 692 2014 858 2049; x_wconf 78' lang='lat' dir='ltr'><strong>hypostasim</strong></span> <span class='ocrx_word' id='word_1_297' title='bbox 879 2014 1017 2047; x_wconf 90' lang='lat' dir='ltr'><strong>unionem,</strong></span> 
     </span>
    </p>
   </div>
   <div class='ocr_carea' id='block_1_46' title="bbox 231 2058 1018 2096">
    <p class='ocr_par' dir='ltr' id='par_1_46' title="bbox 231 2058 1018 2096">
     <span class='ocr_line' id='line_1_46' title="bbox 231 2058 1018 2096; baseline 0.004 -11"><span class='ocrx_word' id='word_1_298' title='bbox 231 2063 327 2086; x_wconf 84' lang='lat' dir='ltr'><strong>natura</strong></span> <span class='ocrx_word' id='word_1_299' title='bbox 341 2058 478 2096; x_wconf 86' lang='lat' dir='ltr'><strong>[utraque]</strong></span> <span class='ocrx_word' id='word_1_300' title='bbox 495 2060 600 2094; x_wconf 68' lang='lat' dir='ltr'><strong>integra</strong></span> <span class='ocrx_word' id='word_1_301' title='bbox 620 2065 647 2087; x_wconf 91' lang='lat' dir='ltr'><strong>et</strong></span> <span class='ocrx_word' id='word_1_302' title='bbox 668 2059 811 2087; x_wconf 83' lang='lat' dir='ltr'><strong>inconfusa</strong></span> <span class='ocrx_word' id='word_1_303' title='bbox 828 2068 938 2096; x_wconf 86' lang='lat' dir='ltr'><strong>semper</strong></span> <span class='ocrx_word' id='word_1_304' title='bbox 951 2068 1018 2088; x_wconf 88' lang='lat' dir='ltr'><strong>con-</strong></span> 
     </span>
    </p>
   </div>
   <div class='ocr_carea' id='block_1_47' title="bbox 231 2105 1018 2142">
    <p class='ocr_par' dir='ltr' id='par_1_47' title="bbox 231 2105 1018 2142">
     <span class='ocr_line' id='line_1_47' title="bbox 231 2105 1018 2142; baseline 0.004 -11"><span class='ocrx_word' id='word_1_305' title='bbox 231 2110 349 2132; x_wconf 83' lang='lat' dir='ltr'><strong>servata.</strong></span> <span class='ocrx_word' id='word_1_306' title='bbox 363 2105 435 2133; x_wconf 84' lang='lat' dir='ltr'><strong>Duas</strong></span> <span class='ocrx_word' id='word_1_307' title='bbox 444 2107 518 2133; x_wconf 90' lang='lat' dir='ltr'><strong>enim</strong></span> <span class='ocrx_word' id='word_1_308' title='bbox 533 2106 665 2134; x_wconf 82' lang='lat' dir='ltr'><strong>indivisas</strong></span> <span class='ocrx_word' id='word_1_309' title='bbox 679 2111 791 2134; x_wconf 88' lang='lat' dir='ltr'><strong>naturas</strong></span> <span class='ocrx_word' id='word_1_310' title='bbox 806 2108 925 2140; x_wconf 85' lang='lat' dir='ltr'><strong>asserit,</strong></span> <span class='ocrx_word' id='word_1_311' title='bbox 942 2107 1018 2142; x_wconf 92' lang='lat' dir='ltr'><strong>quasi</strong></span> 
     </span>
    </p>
   </div>
   <div class='ocr_carea' id='block_1_48' title="bbox 233 2148 1019 2180">
    <p class='ocr_par' dir='ltr' id='par_1_48' title="bbox 233 2148 1019 2180">
     <span class='ocr_line' id='line_1_48' title="bbox 233 2148 1019 2180; baseline 0.005 -4"><span class='ocrx_word' id='word_1_312' title='bbox 233 2148 348 2177; x_wconf 77' lang='lat' dir='ltr'><strong>duarum</strong></span> <span class='ocrx_word' id='word_1_313' title='bbox 365 2151 590 2178; x_wconf 87' lang='lat' dir='ltr'><strong>convenientium</strong></span> <span class='ocrx_word' id='word_1_314' title='bbox 607 2156 764 2179; x_wconf 80' lang='lat' dir='ltr'><strong>naturarum</strong></span> <span class='ocrx_word' id='word_1_315' title='bbox 782 2152 959 2180; x_wconf 82' lang='lat' dir='ltr'><strong>diﬂ&#39;ereutiam</strong></span> <span class='ocrx_word' id='word_1_316' title='bbox 978 2154 1019 2180; x_wconf 93' lang='lat' dir='ltr'><strong>in-</strong></span> 
     </span>
    </p>
   </div>
   <div class='ocr_carea' id='block_1_49' title="bbox 235 2195 1018 2233">
    <p class='ocr_par' dir='ltr' id='par_1_49' title="bbox 235 2195 1018 2233">
     <span class='ocr_line' id='line_1_49' title="bbox 235 2195 1018 2233; baseline 0.005 -12"><span class='ocrx_word' id='word_1_317' title='bbox 235 2195 330 2223; x_wconf 81' lang='lat' dir='ltr'><strong>dicans</strong></span> <span class='ocrx_word' id='word_1_318' title='bbox 346 2204 353 2222; x_wconf 90' lang='lat'><strong>:</strong></span> <span class='ocrx_word' id='word_1_319' title='bbox 378 2200 404 2222; x_wconf 89' lang='lat' dir='ltr'><strong>et</strong></span> <span class='ocrx_word' id='word_1_320' title='bbox 417 2203 496 2223; x_wconf 88' lang='lat' dir='ltr'><strong>unam</strong></span> <span class='ocrx_word' id='word_1_321' title='bbox 517 2196 598 2223; x_wconf 73' lang='grc' dir='ltr'>νει-ιιί</span> <span class='ocrx_word' id='word_1_322' title='bbox 611 2202 734 2224; x_wconf 83' lang='lat' dir='ltr'><strong>naturam</strong></span> <span class='ocrx_word' id='word_1_323' title='bbox 748 2197 927 2232; x_wconf 74' lang='lat' dir='ltr'><strong>incantatam,</strong></span> <span class='ocrx_word' id='word_1_324' title='bbox 940 2199 1018 2233; x_wconf 87' lang='lat' dir='ltr'><strong>quasi</strong></span> 
     </span>
    </p>
   </div>
   <div class='ocr_carea' id='block_1_50' title="bbox 232 2238 1055 2283">
    <p class='ocr_par' dir='ltr' id='par_1_50' title="bbox 232 2238 1055 2283">
     <span class='ocr_line' id='line_1_50' title="bbox 232 2238 1055 2283; baseline 0.007 -18"><span class='ocrx_word' id='word_1_325' title='bbox 232 2238 320 2274; x_wconf 82' lang='lat' dir='ltr'><strong>ipsum</strong></span> <span class='ocrx_word' id='word_1_326' title='bbox 332 2239 421 2267; x_wconf 85' lang='lat' dir='ltr'><strong>Patris</strong></span> <span class='ocrx_word' id='word_1_327' title='bbox 433 2245 497 2267; x_wconf 88' lang='lat' dir='ltr'><strong>ante</strong></span> <span class='ocrx_word' id='word_1_328' title='bbox 510 2240 609 2268; x_wconf 68' lang='lat' dir='ltr'><strong>saecula</strong></span> <span class='ocrx_word' id='word_1_329' title='bbox 619 2241 739 2270; x_wconf 79' lang='lat' dir='ltr'><strong>Verbum</strong></span> <span class='ocrx_word' id='word_1_330' title='bbox 751 2242 868 2270; x_wconf 86' lang='lat' dir='ltr'><strong>humana</strong></span> <span class='ocrx_word' id='word_1_331' title='bbox 878 2249 1015 2278; x_wconf 84' lang='lat' dir='ltr'><strong>assumpta</strong></span> <span class='ocrx_word' id='word_1_332' title='bbox 1029 2253 1055 2283; x_wconf 79' lang='grc' dir='ltr'><strong>Ι)</strong></span> 
     </span>
    </p>
   </div>
   <div class='ocr_carea' id='block_1_51' title="bbox 231 2287 640 2316">
    <p class='ocr_par' dir='ltr' id='par_1_51' title="bbox 231 2287 640 2316">
     <span class='ocr_line' id='line_1_51' title="bbox 231 2287 640 2316; baseline 0.002 -2"><span class='ocrx_word' id='word_1_333' title='bbox 231 2292 329 2314; x_wconf 79' lang='lat' dir='ltr'><strong>natura</strong></span> <span class='ocrx_word' id='word_1_334' title='bbox 344 2287 519 2314; x_wconf 88' lang='lat' dir='ltr'><strong>incarnatum</strong></span> <span class='ocrx_word' id='word_1_335' title='bbox 531 2288 640 2316; x_wconf 84' lang='lat' dir='ltr'><strong>docens.</strong></span> 
     </span>
    </p>
   </div>
   <div class='ocr_carea' id='block_1_52' title="bbox 268 2383 1018 2425">
    <p class='ocr_par' dir='ltr' id='par_1_52' title="bbox 268 2383 1018 2425">
     <span class='ocr_line' id='line_1_52' title="bbox 268 2383 1018 2425; baseline 0.008 -13"><span class='ocrx_word' id='word_1_336' title='bbox 268 2383 331 2412; x_wconf 65' lang='lat' dir='ltr'><strong>Haec</strong></span> <span class='ocrx_word' id='word_1_337' title='bbox 343 2390 371 2413; x_wconf 90' lang='lat' dir='ltr'><strong>et</strong></span> <span class='ocrx_word' id='word_1_338' title='bbox 383 2386 425 2414; x_wconf 81' lang='lat' dir='ltr'><strong>his</strong></span> <span class='ocrx_word' id='word_1_339' title='bbox 439 2386 551 2421; x_wconf 83' lang='lat' dir='ltr'><strong>similia,</strong></span> <span class='ocrx_word' id='word_1_340' title='bbox 562 2392 706 2423; x_wconf 81' lang='lat' dir='ltr'><strong>postquam</strong></span> <span class='ocrx_word' id='word_1_341' title='bbox 727 2396 776 2424; x_wconf 85' lang='lat' dir='ltr'><strong>pro</strong></span> <span class='ocrx_word' id='word_1_342' title='bbox 789 2390 862 2418; x_wconf 87' lang='lat' dir='ltr'><strong>vocis</strong></span> <span class='ocrx_word' id='word_1_343' title='bbox 875 2391 1018 2425; x_wconf 76' lang='lat' dir='ltr'><strong>proposita:</strong></span> 
     </span>
    </p>
   </div>
   <div class='ocr_carea' id='block_1_53' title="bbox 231 2432 1019 2472">
    <p class='ocr_par' dir='ltr' id='par_1_53' title="bbox 231 2432 1019 2472">
     <span class='ocr_line' id='line_1_53' title="bbox 231 2432 1019 2472; baseline 0.009 -15"><span class='ocrx_word' id='word_1_344' title='bbox 231 2432 390 2460; x_wconf 76' lang='lat' dir='ltr'><strong>defensione</strong></span> <span class='ocrx_word' id='word_1_345' title='bbox 421 2432 510 2467; x_wconf 77' lang='lat' dir='ltr'><strong>dixit,</strong></span> <span class='ocrx_word' id='word_1_346' title='bbox 539 2435 713 2470; x_wconf 85' lang='lat' dir='ltr'><strong>ostenditque</strong></span> <span class='ocrx_word' id='word_1_347' title='bbox 745 2436 839 2463; x_wconf 87' lang='lat' dir='ltr'><strong>eadem</strong></span> <span class='ocrx_word' id='word_1_348' title='bbox 868 2444 884 2463; x_wconf 88' lang='lat' dir='ltr'><strong>a</strong></span> <span class='ocrx_word' id='word_1_349' title='bbox 915 2437 1019 2472; x_wconf 81' lang='lat' dir='ltr'><strong>synodo</strong></span> 
     </span>
    </p>
   </div>
   <div class='ocr_carea' id='block_1_54' title="bbox 231 2475 1020 2517">
    <p class='ocr_par' dir='ltr' id='par_1_54' title="bbox 231 2475 1020 2517">
     <span class='ocr_line' id='line_1_54' title="bbox 231 2475 1020 2517; baseline 0.009 -15"><span class='ocrx_word' id='word_1_350' title='bbox 231 2475 444 2506; x_wconf 83' lang='lat' dir='ltr'><strong>Chalcedonensi</strong></span> <span class='ocrx_word' id='word_1_351' title='bbox 458 2479 583 2513; x_wconf 63' lang='lat' dir='ltr'><strong>iudicata</strong></span> <span class='ocrx_word' id='word_1_352' title='bbox 606 2486 634 2508; x_wconf 89' lang='lat' dir='ltr'><strong>et</strong></span> <span class='ocrx_word' id='word_1_353' title='bbox 645 2482 802 2515; x_wconf 69' lang='lat' dir='ltr'><strong>prauiicata,</strong></span> <span class='ocrx_word' id='word_1_354' title='bbox 821 2489 883 2509; x_wconf 88' lang='lat' dir='ltr'><strong>cum</strong></span> <span class='ocrx_word' id='word_1_355' title='bbox 897 2489 946 2517; x_wconf 89' lang='lat' dir='ltr'><strong>per</strong></span> <span class='ocrx_word' id='word_1_356' title='bbox 956 2482 1020 2515; x_wconf 84' lang='lat' dir='ltr'><strong>alia,</strong></span> 
     </span>
    </p>
   </div>
   <div class='ocr_carea' id='block_1_55' title="bbox 234 2524 1020 2564">
    <p class='ocr_par' dir='ltr' id='par_1_55' title="bbox 234 2524 1020 2564">
     <span class='ocr_line' id='line_1_55' title="bbox 234 2524 1020 2564; baseline 0.011 -17"><span class='ocrx_word' id='word_1_357' title='bbox 234 2527 289 2548; x_wconf 90' lang='lat' dir='ltr'><strong>tum</strong></span> <span class='ocrx_word' id='word_1_358' title='bbox 312 2529 345 2549; x_wconf 83' lang='lat' dir='ltr'><strong>ex</strong></span> <span class='ocrx_word' id='word_1_359' title='bbox 371 2524 404 2550; x_wconf 89' lang='lat' dir='ltr'><strong>iis</strong></span> <span class='ocrx_word' id='word_1_360' title='bbox 429 2525 527 2559; x_wconf 87' lang='lat' dir='ltr'><strong>quibus</strong></span> <span class='ocrx_word' id='word_1_361' title='bbox 539 2528 658 2561; x_wconf 85' lang='lat' dir='ltr'><strong>synodus</strong></span> <span class='ocrx_word' id='word_1_362' title='bbox 670 2527 757 2555; x_wconf 86' lang='lat' dir='ltr'><strong>sancti</strong></span> <span class='ocrx_word' id='word_1_363' title='bbox 777 2527 898 2555; x_wconf 84' lang='lat' dir='ltr'><strong>Flaviani</strong></span> <span class='ocrx_word' id='word_1_364' title='bbox 914 2528 1020 2564; x_wconf 77' lang='lat' dir='ltr'><strong>profes-</strong></span> 
     </span>
    </p>
   </div>
   <div class='ocr_carea' id='block_1_56' title="bbox 232 2567 1020 2608">
    <p class='ocr_par' dir='ltr' id='par_1_56' title="bbox 232 2567 1020 2608">
     <span class='ocr_line' id='line_1_56' title="bbox 232 2567 1020 2608; baseline 0.011 -15"><span class='ocrx_word' id='word_1_365' title='bbox 232 2567 337 2595; x_wconf 87' lang='lat' dir='ltr'><strong>sionem</strong></span> <span class='ocrx_word' id='word_1_366' title='bbox 354 2568 416 2597; x_wconf 87' lang='lat' dir='ltr'><strong>ﬁdei</strong></span> <span class='ocrx_word' id='word_1_367' title='bbox 431 2571 515 2606; x_wconf 90' lang='lat' dir='ltr'><strong>ipsius</strong></span> <span class='ocrx_word' id='word_1_368' title='bbox 527 2579 607 2599; x_wconf 81' lang='lat' dir='ltr'><strong>manu</strong></span> <span class='ocrx_word' id='word_1_369' title='bbox 620 2573 748 2608; x_wconf 78' lang='lat' dir='ltr'><strong>scriptam</strong></span> <span class='ocrx_word' id='word_1_370' title='bbox 765 2574 946 2608; x_wconf 82' lang='lat' dir='ltr'><strong>continuavit,</strong></span> <span class='ocrx_word' id='word_1_371' title='bbox 960 2575 1020 2602; x_wconf 87' lang='lat' dir='ltr'><strong>vin-</strong></span> 
     </span>
    </p>
   </div>
   <div class='ocr_carea' id='block_1_57' title="bbox 231 2613 1019 2656">
    <p class='ocr_par' dir='ltr' id='par_1_57' title="bbox 231 2613 1019 2656">
     <span class='ocr_line' id='line_1_57' title="bbox 231 2613 1019 2656; baseline 0.013 -17"><span class='ocrx_word' id='word_1_372' title='bbox 231 2613 308 2640; x_wconf 84' lang='lat' dir='ltr'><strong>dicat</strong></span> <span class='ocrx_word' id='word_1_373' title='bbox 333 2622 426 2643; x_wconf 77' lang='lat' dir='ltr'><strong>vocem</strong></span> <span class='ocrx_word' id='word_1_374' title='bbox 457 2615 517 2651; x_wconf 83' lang='lat' dir='ltr'><strong>[seu</strong></span> <span class='ocrx_word' id='word_1_375' title='bbox 544 2618 687 2646; x_wconf 80' lang='lat' dir='ltr'><strong>formulam</strong></span> <span class='ocrx_word' id='word_1_376' title='bbox 713 2619 785 2647; x_wconf 89' lang='lat' dir='ltr'><strong>illam</strong></span> <span class='ocrx_word' id='word_1_377' title='bbox 818 2619 956 2656; x_wconf 73' lang='lat' dir='ltr'><strong>Ecclesizc]</strong></span> <span class='ocrx_word' id='word_1_378' title='bbox 985 2621 1019 2649; x_wconf 81' lang='lat' dir='ltr'><strong>ab</strong></span> 
     </span>
    </p>
   </div>
   <div class='ocr_carea' id='block_1_58' title="bbox 230 2660 1019 2702">
    <p class='ocr_par' dir='ltr' id='par_1_58' title="bbox 230 2660 1019 2702">
     <span class='ocr_line' id='line_1_58' title="bbox 230 2660 1019 2702; baseline 0.009 -14"><span class='ocrx_word' id='word_1_379' title='bbox 230 2660 366 2690; x_wconf 69' lang='lat' dir='ltr'><strong>haereseos</strong></span> <span class='ocrx_word' id='word_1_380' title='bbox 401 2665 572 2699; x_wconf 76' lang='lat' dir='ltr'><strong>Suspicione;</strong></span> <span class='ocrx_word' id='word_1_381' title='bbox 588 2666 762 2701; x_wconf 86' lang='lat' dir='ltr'><strong>vindicatque</strong></span> <span class='ocrx_word' id='word_1_382' title='bbox 786 2669 904 2702; x_wconf 85' lang='lat' dir='ltr'><strong>seipsum</strong></span> <span class='ocrx_word' id='word_1_383' title='bbox 921 2678 936 2695; x_wconf 75' lang='grc' dir='ltr'>ει</span> <span class='ocrx_word' id='word_1_384' title='bbox 966 2677 1019 2696; x_wconf 85' lang='lat' dir='ltr'><strong>non</strong></span> 
     </span>
    </p>
   </div>
   <div class='ocr_carea' id='block_1_59' title="bbox 1061 273 1858 309">
    <p class='ocr_par' dir='ltr' id='par_1_59' title="bbox 1061 273 1858 309">
     <span class='ocr_line' id='line_1_59' title="bbox 1061 273 1858 309; baseline 0.001 -10"><span class='ocrx_word' id='word_1_385' title='bbox 1061 273 1146 309; x_wconf 83' lang='grc' dir='ltr'>μένην</span> <span class='ocrx_word' id='word_1_386' title='bbox 1169 273 1302 306; x_wconf 78' lang='grc' dir='ltr'><strong>πολλάκις</strong></span> <span class='ocrx_word' id='word_1_387' title='bbox 1329 273 1455 309; x_wconf 79' lang='grc' dir='ltr'>φαίνεται</span> <span class='ocrx_word' id='word_1_388' title='bbox 1476 274 1608 309; x_wconf 78' lang='grc' dir='ltr'><strong>φάμενος,</strong></span> <span class='ocrx_word' id='word_1_389' title='bbox 1638 274 1703 309; x_wconf 84' lang='grc' dir='ltr'>μίαν</span> <span class='ocrx_word' id='word_1_390' title='bbox 1718 274 1746 300; x_wconf 78' lang='grc' dir='ltr'>δὲ</span> <span class='ocrx_word' id='word_1_391' title='bbox 1769 274 1858 308; x_wconf 73' lang='grc' dir='ltr'>φύσιν</span> 
     </span>
    </p>
   </div>
   <div class='ocr_carea' id='block_1_60' title="bbox 1060 318 1854 355">
    <p class='ocr_par' dir='ltr' id='par_1_60' title="bbox 1060 318 1854 355">
     <span class='ocr_line' id='line_1_60' title="bbox 1060 318 1854 355; baseline 0 -10"><span class='ocrx_word' id='word_1_392' title='bbox 1060 318 1180 354; x_wconf 76' lang='grc' dir='ltr'><strong>Χριστοῦ</strong></span> <span class='ocrx_word' id='word_1_393' title='bbox 1201 319 1295 349; x_wconf 84' lang='grc' dir='ltr'>ἁπλῶς</span> <span class='ocrx_word' id='word_1_394' title='bbox 1321 318 1406 345; x_wconf 86' lang='grc' dir='ltr'>εῑπὼν</span> <span class='ocrx_word' id='word_1_395' title='bbox 1424 319 1475 345; x_wconf 81' lang='grc' dir='ltr'>οὐκ</span> <span class='ocrx_word' id='word_1_396' title='bbox 1497 319 1531 346; x_wconf 85' lang='grc' dir='ltr'>ἂν</span> <span class='ocrx_word' id='word_1_397' title='bbox 1547 318 1635 354; x_wconf 75' lang='grc' dir='ltr'>ἁλοίη.</span> <span class='ocrx_word' id='word_1_398' title='bbox 1658 319 1691 345; x_wconf 79' lang='lat' dir='ltr'><strong>Tt</strong></span> <span class='ocrx_word' id='word_1_399' title='bbox 1711 319 1735 346; x_wconf 81' lang='grc' dir='ltr'>δ’</span> <span class='ocrx_word' id='word_1_400' title='bbox 1750 320 1787 346; x_wconf 84' lang='grc' dir='ltr'>ἂν</span> <span class='ocrx_word' id='word_1_401' title='bbox 1807 320 1854 355; x_wconf 72' lang='grc' dir='ltr'><strong>εἴη</strong></span> 
     </span>
    </p>
   </div>
   <div class='ocr_carea' id='block_1_61' title="bbox 1060 363 1857 398">
    <p class='ocr_par' dir='ltr' id='par_1_61' title="bbox 1060 363 1857 398">
     <span class='ocr_line' id='line_1_61' title="bbox 1060 363 1857 398; baseline 0.003 -9"><span class='ocrx_word' id='word_1_402' title='bbox 1060 363 1142 398; x_wconf 82' lang='grc' dir='ltr'>φύσις</span> <span class='ocrx_word' id='word_1_403' title='bbox 1163 363 1371 398; x_wconf 79' lang='grc' dir='ltr'>ἀνθρωπότητυς</span> <span class='ocrx_word' id='word_1_404' title='bbox 1390 363 1418 398; x_wconf 80' lang='grc' dir='ltr'>ἢ,</span> <span class='ocrx_word' id='word_1_405' title='bbox 1442 363 1481 395; x_wconf 82' lang='grc' dir='ltr'>ὼς</span> <span class='ocrx_word' id='word_1_406' title='bbox 1498 364 1579 395; x_wconf 78' lang='grc' dir='ltr'>αὐτὸς</span> <span class='ocrx_word' id='word_1_407' title='bbox 1605 364 1685 390; x_wconf 72' lang='grc' dir='ltr'>πάλιν</span> <span class='ocrx_word' id='word_1_408' title='bbox 1702 365 1732 390; x_wconf 77' lang='grc' dir='ltr'>ὲν</span> <span class='ocrx_word' id='word_1_409' title='bbox 1757 364 1857 396; x_wconf 76' lang='grc' dir='ltr'>ἄλλοις</span> 
     </span>
    </p>
   </div>
   <div class='ocr_carea' id='block_1_62' title="bbox 1061 410 1858 446">
    <p class='ocr_par' dir='ltr' id='par_1_62' title="bbox 1061 410 1858 446">
     <span class='ocr_line' id='line_1_62' title="bbox 1061 410 1858 446; baseline 0 -10"><span class='ocrx_word' id='word_1_410' title='bbox 1061 410 1174 444; x_wconf 75' lang='grc' dir='ltr'>ἐδίδαξε,</span> <span class='ocrx_word' id='word_1_411' title='bbox 1190 410 1258 446; x_wconf 82' lang='grc' dir='ltr'>σὰρξ</span> <span class='ocrx_word' id='word_1_412' title='bbox 1276 410 1439 446; x_wconf 77' lang='grc' dir='ltr'>ὲψυχωμένη</span> <span class='ocrx_word' id='word_1_413' title='bbox 1459 410 1575 445; x_wconf 82' lang='grc' dir='ltr'>νοερῶς;</span> <span class='ocrx_word' id='word_1_414' title='bbox 1591 410 1629 442; x_wconf 81' lang='grc' dir='ltr'>ὡς</span> <span class='ocrx_word' id='word_1_415' title='bbox 1648 411 1695 437; x_wconf 77' lang='grc' dir='ltr'>καὶ</span> <span class='ocrx_word' id='word_1_416' title='bbox 1709 411 1753 437; x_wconf 72' lang='grc' dir='ltr'><strong>διὰ</strong></span> <span class='ocrx_word' id='word_1_417' title='bbox 1771 412 1858 437; x_wconf 77' lang='grc' dir='ltr'>τοῦτο</span> 
     </span>
    </p>
   </div>
   <div class='ocr_carea' id='block_1_63' title="bbox 1060 455 1858 490">
    <p class='ocr_par' dir='ltr' id='par_1_63' title="bbox 1060 455 1858 490">
     <span class='ocr_line' id='line_1_63' title="bbox 1060 455 1858 490; baseline 0 -8"><span class='ocrx_word' id='word_1_418' title='bbox 1060 455 1141 482; x_wconf 79' lang='grc' dir='ltr'>πάλιν</span> <span class='ocrx_word' id='word_1_419' title='bbox 1181 455 1317 488; x_wconf 79' lang='grc' dir='ltr'>σώζεσθαι</span> <span class='ocrx_word' id='word_1_420' title='bbox 1356 455 1411 482; x_wconf 80' lang='grc' dir='ltr'>τῶν</span> <span class='ocrx_word' id='word_1_421' title='bbox 1439 455 1649 490; x_wconf 80' lang='grc' dir='ltr'><strong>συνδραμόντων</strong></span> <span class='ocrx_word' id='word_1_422' title='bbox 1683 457 1722 488; x_wconf 84' lang='grc' dir='ltr'>εὶς</span> <span class='ocrx_word' id='word_1_423' title='bbox 1751 456 1858 482; x_wconf 73' lang='grc' dir='ltr'>ἕνωσιν</span> 
     </span>
    </p>
   </div>
   <div class='ocr_carea' id='block_1_64' title="bbox 1060 500 1859 538">
    <p class='ocr_par' dir='ltr' id='par_1_64' title="bbox 1060 500 1859 538">
     <span class='ocr_line' id='line_1_64' title="bbox 1060 500 1859 538; baseline 0.001 -10"><span class='ocrx_word' id='word_1_424' title='bbox 1060 502 1223 538; x_wconf 78' lang='grc' dir='ltr'>ἀδιαιρέτως</span> <span class='ocrx_word' id='word_1_425' title='bbox 1248 503 1391 538; x_wconf 80' lang='grc' dir='ltr'>ἑκάτερον.</span> <span class='ocrx_word' id='word_1_426' title='bbox 1408 501 1493 538; x_wconf 87' lang='grc' dir='ltr'>Δῆλον</span> <span class='ocrx_word' id='word_1_427' title='bbox 1509 500 1556 529; x_wconf 78' lang='grc' dir='ltr'>οὖν</span> <span class='ocrx_word' id='word_1_428' title='bbox 1579 502 1611 528; x_wconf 74' lang='grc' dir='ltr'>ἐκ</span> <span class='ocrx_word' id='word_1_429' title='bbox 1624 502 1678 529; x_wconf 80' lang='grc' dir='ltr'><strong>τῶν</strong></span> <span class='ocrx_word' id='word_1_430' title='bbox 1695 503 1859 538; x_wconf 79' lang='grc' dir='ltr'><strong>εἰρημένων</strong></span> 
     </span>
    </p>
   </div>
   <div class='ocr_carea' id='block_1_65' title="bbox 1060 546 1858 583">
    <p class='ocr_par' dir='ltr' id='par_1_65' title="bbox 1060 546 1858 583">
     <span class='ocr_line' id='line_1_65' title="bbox 1060 546 1858 583; baseline 0 -9"><span class='ocrx_word' id='word_1_431' title='bbox 1060 547 1098 579; x_wconf 82' lang='grc' dir='ltr'><strong>ὡς</strong></span> <span class='ocrx_word' id='word_1_432' title='bbox 1113 548 1138 574; x_wconf 77' lang='grc' dir='ltr'>οἱ</span> <span class='ocrx_word' id='word_1_433' title='bbox 1153 546 1303 583; x_wconf 82' lang='grc' dir='ltr'>όρθοδόξως</span> <span class='ocrx_word' id='word_1_434' title='bbox 1322 547 1447 582; x_wconf 79' lang='grc' dir='ltr'>λέγοντες</span> <span class='ocrx_word' id='word_1_435' title='bbox 1468 548 1515 575; x_wconf 75' lang='grc' dir='ltr'>καὶ</span> <span class='ocrx_word' id='word_1_436' title='bbox 1536 547 1608 575; x_wconf 86' lang='grc' dir='ltr'>κατὰ</span> <span class='ocrx_word' id='word_1_437' title='bbox 1629 547 1766 582; x_wconf 80' lang='grc' dir='ltr'>Κύριλλον</span> <span class='ocrx_word' id='word_1_438' title='bbox 1788 549 1858 582; x_wconf 81' lang='grc' dir='ltr'>μίαν</span> 
     </span>
    </p>
   </div>
   <div class='ocr_carea' id='block_1_66' title="bbox 1060 593 1860 630">
    <p class='ocr_par' dir='ltr' id='par_1_66' title="bbox 1060 593 1860 630">
     <span class='ocr_line' id='line_1_66' title="bbox 1060 593 1860 630; baseline -0.001 -9"><span class='ocrx_word' id='word_1_439' title='bbox 1060 593 1142 630; x_wconf 84' lang='grc' dir='ltr'>φύσιν</span> <span class='ocrx_word' id='word_1_440' title='bbox 1170 593 1217 621; x_wconf 80' lang='grc' dir='ltr'>τοῦ</span> <span class='ocrx_word' id='word_1_441' title='bbox 1249 593 1337 628; x_wconf 84' lang='grc' dir='ltr'>Λόγου</span> <span class='ocrx_word' id='word_1_442' title='bbox 1373 594 1606 630; x_wconf 77' lang='grc' dir='ltr'>σεσαρκωμένην,</span> <span class='ocrx_word' id='word_1_443' title='bbox 1626 594 1657 620; x_wconf 86' lang='grc' dir='ltr'><strong>ού</strong></span> <span class='ocrx_word' id='word_1_444' title='bbox 1682 593 1750 629; x_wconf 72' lang='grc' dir='ltr'>πρὸς</span> <span class='ocrx_word' id='word_1_445' title='bbox 1773 593 1860 620; x_wconf 79' lang='grc' dir='ltr'>ἄλλον</span> 
     </span>
    </p>
   </div>
   <div class='ocr_carea' id='block_1_67' title="bbox 1059 639 1859 676">
    <p class='ocr_par' dir='ltr' id='par_1_67' title="bbox 1059 639 1859 676">
     <span class='ocr_line' id='line_1_67' title="bbox 1059 639 1859 676; baseline -0.001 -9"><span class='ocrx_word' id='word_1_446' title='bbox 1059 641 1182 676; x_wconf 78' lang='grc' dir='ltr'><strong>ἀφορῶσι</strong></span> <span class='ocrx_word' id='word_1_447' title='bbox 1197 640 1336 676; x_wconf 72' lang='grc' dir='ltr'>σκοπὸν,ἢ</span> <span class='ocrx_word' id='word_1_448' title='bbox 1353 640 1426 672; x_wconf 73' lang='grc' dir='ltr'>ὅστις</span> <span class='ocrx_word' id='word_1_449' title='bbox 1441 640 1531 672; x_wconf 69' lang='grc' dir='ltr'>αὐτοῖς</span> <span class='ocrx_word' id='word_1_450' title='bbox 1547 640 1597 674; x_wconf 83' lang='grc' dir='ltr'>τὴν</span> <span class='ocrx_word' id='word_1_451' title='bbox 1615 639 1744 676; x_wconf 79' lang='grc' dir='ltr'><strong>τοιαύτην</strong></span> <span class='ocrx_word' id='word_1_452' title='bbox 1757 641 1859 676; x_wconf 75' lang='grc' dir='ltr'>φωνὴν</span> 
     </span>
    </p>
   </div>
   <div class='ocr_carea' id='block_1_68' title="bbox 1059 684 1858 721">
    <p class='ocr_par' dir='ltr' id='par_1_68' title="bbox 1059 684 1858 721">
     <span class='ocr_line' id='line_1_68' title="bbox 1059 684 1858 721; baseline -0.001 -8"><span class='ocrx_word' id='word_1_453' title='bbox 1059 685 1224 713; x_wconf 71' lang='grc' dir='ltr'>ἐπιδείκνυσι</span> <span class='ocrx_word' id='word_1_454' title='bbox 1235 685 1285 717; x_wconf 86' lang='grc' dir='ltr'><strong>τὰς</strong></span> <span class='ocrx_word' id='word_1_455' title='bbox 1294 685 1342 712; x_wconf 84' lang='grc' dir='ltr'><strong>δύο</strong></span> <span class='ocrx_word' id='word_1_456' title='bbox 1350 684 1445 719; x_wconf 81' lang='grc' dir='ltr'>φύσεις</span> <span class='ocrx_word' id='word_1_457' title='bbox 1455 685 1502 712; x_wconf 76' lang='grc' dir='ltr'><strong>ἐπὶ</strong></span> <span class='ocrx_word' id='word_1_458' title='bbox 1514 685 1561 712; x_wconf 86' lang='grc' dir='ltr'>τοῦ</span> <span class='ocrx_word' id='word_1_459' title='bbox 1575 686 1713 712; x_wconf 85' lang='grc' dir='ltr'>Δεσπότου</span> <span class='ocrx_word' id='word_1_460' title='bbox 1730 685 1858 721; x_wconf 78' lang='grc' dir='ltr'><strong>Χριστοῦ</strong></span> 
     </span>
    </p>
   </div>
   <div class='ocr_carea' id='block_1_69' title="bbox 1059 731 1860 767">
    <p class='ocr_par' dir='ltr' id='par_1_69' title="bbox 1059 731 1860 767">
     <span class='ocr_line' id='line_1_69' title="bbox 1059 731 1860 767; baseline 0 -9"><span class='ocrx_word' id='word_1_461' title='bbox 1059 731 1099 766; x_wconf 81' lang='grc' dir='ltr'><strong>τῷ</strong></span> <span class='ocrx_word' id='word_1_462' title='bbox 1121 731 1265 767; x_wconf 79' lang='grc' dir='ltr'><strong>ἀδιαιρέτῳ</strong></span> <span class='ocrx_word' id='word_1_463' title='bbox 1293 731 1402 763; x_wconf 83' lang='grc' dir='ltr'>πάντως</span> <span class='ocrx_word' id='word_1_464' title='bbox 1425 731 1650 766; x_wconf 85' lang='grc' dir='ltr'>συνεισάγουσαν.</span> <span class='ocrx_word' id='word_1_465' title='bbox 1669 732 1713 758; x_wconf 84' lang='grc' dir='ltr'>Ἐν</span> <span class='ocrx_word' id='word_1_466' title='bbox 1730 731 1771 767; x_wconf 75' lang='grc' dir='ltr'>τῷ</span> <span class='ocrx_word' id='word_1_467' title='bbox 1797 731 1860 767; x_wconf 83' lang='grc' dir='ltr'><strong>γὰρ</strong></span> 
     </span>
    </p>
   </div>
   <div class='ocr_carea' id='block_1_70' title="bbox 1060 777 1861 814">
    <p class='ocr_par' dir='ltr' id='par_1_70' title="bbox 1060 777 1861 814">
     <span class='ocr_line' id='line_1_70' title="bbox 1060 777 1861 814; baseline 0 -9"><span class='ocrx_word' id='word_1_468' title='bbox 1060 779 1148 805; x_wconf 73' lang='grc' dir='ltr'>εἰπεῖν</span> <span class='ocrx_word' id='word_1_469' title='bbox 1166 778 1213 805; x_wconf 80' lang='grc' dir='ltr'><strong>τὸν</strong></span> <span class='ocrx_word' id='word_1_470' title='bbox 1238 778 1373 814; x_wconf 84' lang='grc' dir='ltr'>μακάριον</span> <span class='ocrx_word' id='word_1_471' title='bbox 1393 777 1528 814; x_wconf 78' lang='grc' dir='ltr'>Κύριλλον</span> <span class='ocrx_word' id='word_1_472' title='bbox 1552 777 1687 811; x_wconf 78' lang='grc' dir='ltr'>σώζεσθαι</span> <span class='ocrx_word' id='word_1_473' title='bbox 1705 778 1739 805; x_wconf 82' lang='grc' dir='ltr'>δι’</span> <span class='ocrx_word' id='word_1_474' title='bbox 1766 779 1861 814; x_wconf 79' lang='grc' dir='ltr'>αὐτῆς</span> 
     </span>
    </p>
   </div>
   <div class='ocr_carea' id='block_1_71' title="bbox 1060 824 1859 861">
    <p class='ocr_par' dir='ltr' id='par_1_71' title="bbox 1060 824 1859 861">
     <span class='ocr_line' id='line_1_71' title="bbox 1060 824 1859 861; baseline -0.001 -9"><span class='ocrx_word' id='word_1_475' title='bbox 1060 825 1115 852; x_wconf 84' lang='grc' dir='ltr'>τῶν</span> <span class='ocrx_word' id='word_1_476' title='bbox 1128 824 1337 860; x_wconf 81' lang='grc' dir='ltr'><strong>συνδραμόντων</strong></span> <span class='ocrx_word' id='word_1_477' title='bbox 1360 825 1400 857; x_wconf 88' lang='grc' dir='ltr'><strong>εἰς</strong></span> <span class='ocrx_word' id='word_1_478' title='bbox 1414 825 1512 852; x_wconf 74' lang='grc' dir='ltr'>ἕνωσιν</span> <span class='ocrx_word' id='word_1_479' title='bbox 1530 824 1691 860; x_wconf 80' lang='grc' dir='ltr'>ἀδιαιρέτως</span> <span class='ocrx_word' id='word_1_480' title='bbox 1708 825 1859 861; x_wconf 74' lang='grc' dir='ltr'>ἑκατέραν,</span> 
     </span>
    </p>
   </div>
   <div class='ocr_carea' id='block_1_72' title="bbox 1061 870 1861 908">
    <p class='ocr_par' dir='ltr' id='par_1_72' title="bbox 1061 870 1861 908">
     <span class='ocr_line' id='line_1_72' title="bbox 1061 870 1861 908; baseline -0.001 -10"><span class='ocrx_word' id='word_1_481' title='bbox 1061 871 1126 908; x_wconf 78' lang='grc'><strong>[875</strong></span> <span class='ocrx_word' id='word_1_482' title='bbox 1140 870 1187 907; x_wconf 66' lang='lat' dir='ltr'><strong>IL]</strong></span> <span class='ocrx_word' id='word_1_483' title='bbox 1199 872 1274 902; x_wconf 81' lang='grc' dir='ltr'>ποῖος</span> <span class='ocrx_word' id='word_1_484' title='bbox 1286 871 1320 898; x_wconf 78' lang='grc' dir='ltr'>ἂν</span> <span class='ocrx_word' id='word_1_485' title='bbox 1329 870 1408 902; x_wconf 77' lang='grc' dir='ltr'>ἄλλος</span> <span class='ocrx_word' id='word_1_486' title='bbox 1417 871 1615 906; x_wconf 79' lang='grc' dir='ltr'>παρεισαχθείη</span> <span class='ocrx_word' id='word_1_487' title='bbox 1626 871 1726 903; x_wconf 74' lang='grc' dir='ltr'>σκοπὸς</span> <span class='ocrx_word' id='word_1_488' title='bbox 1742 871 1759 906; x_wconf 84' lang='grc' dir='ltr'>ἢ</span> <span class='ocrx_word' id='word_1_489' title='bbox 1777 872 1792 898; x_wconf 88' lang='grc' dir='ltr'><strong>ό</strong></span> <span class='ocrx_word' id='word_1_490' title='bbox 1804 872 1861 903; x_wconf 71' lang='grc' dir='ltr'><strong>τὰς</strong></span> 
     </span>
    </p>
   </div>
   <div class='ocr_carea' id='block_1_73' title="bbox 1061 917 1862 953">
    <p class='ocr_par' dir='ltr' id='par_1_73' title="bbox 1061 917 1862 953">
     <span class='ocr_line' id='line_1_73' title="bbox 1061 917 1862 953; baseline -0.001 -8"><span class='ocrx_word' id='word_1_491' title='bbox 1061 918 1108 945; x_wconf 87' lang='grc' dir='ltr'><strong>δύο</strong></span> <span class='ocrx_word' id='word_1_492' title='bbox 1130 917 1228 953; x_wconf 83' lang='grc' dir='ltr'>φύσεις</span> <span class='ocrx_word' id='word_1_493' title='bbox 1255 918 1303 944; x_wconf 72' lang='grc' dir='ltr'><strong>ἐπὶ</strong></span> <span class='ocrx_word' id='word_1_494' title='bbox 1327 917 1375 943; x_wconf 82' lang='grc' dir='ltr'>τοῦ</span> <span class='ocrx_word' id='word_1_495' title='bbox 1399 917 1530 953; x_wconf 83' lang='grc' dir='ltr'><strong>Σωτῆρος</strong></span> <span class='ocrx_word' id='word_1_496' title='bbox 1555 917 1675 953; x_wconf 76' lang='grc' dir='ltr'>Χριστοῦ</span> <span class='ocrx_word' id='word_1_497' title='bbox 1688 917 1862 953; x_wconf 43' lang='grc' dir='ltr'>,σωζομένας</span> 
     </span>
    </p>
   </div>
   <div class='ocr_carea' id='block_1_74' title="bbox 1061 962 1862 998">
    <p class='ocr_par' dir='ltr' id='par_1_74' title="bbox 1061 962 1862 998">
     <span class='ocr_line' id='line_1_74' title="bbox 1061 962 1862 998; baseline -0.009 -8"><span class='ocrx_word' id='word_1_498' title='bbox 1061 963 1205 998; x_wconf 74' lang='grc' dir='ltr'><strong>κηρύττων</strong></span> <span class='ocrx_word' id='word_1_499' title='bbox 1229 962 1400 998; x_wconf 81' lang='grc' dir='ltr'>ἀδιαιρέτους</span> <span class='ocrx_word' id='word_1_500' title='bbox 1425 962 1447 978; x_wconf 80' lang='grc'><strong>¹⁸</strong></span> <span class='ocrx_word' id='word_1_501' title='bbox 1473 962 1521 989; x_wconf 80' lang='grc' dir='ltr'>καὶ</span> <span class='ocrx_word' id='word_1_502' title='bbox 1557 962 1772 998; x_wconf 79' lang='grc' dir='ltr'>ἀποδεχόμενος;</span> <span class='ocrx_word' id='word_1_503' title='bbox 1808 963 1862 990; x_wconf 67' lang='grc' dir='ltr'><strong>καὶ</strong></span> 
     </span>
    </p>
   </div>
   <div class='ocr_carea' id='block_1_75' title="bbox 1060 1008 1862 1044">
    <p class='ocr_par' dir='ltr' id='par_1_75' title="bbox 1060 1008 1862 1044">
     <span class='ocr_line' id='line_1_75' title="bbox 1060 1008 1862 1044; baseline 0 -8"><span class='ocrx_word' id='word_1_504' title='bbox 1060 1009 1140 1036; x_wconf 85' lang='grc' dir='ltr'>τοῦτο</span> <span class='ocrx_word' id='word_1_505' title='bbox 1152 1008 1342 1044; x_wconf 81' lang='grc' dir='ltr'>φανερώτερον</span> <span class='ocrx_word' id='word_1_506' title='bbox 1356 1008 1404 1035; x_wconf 79' lang='grc' dir='ltr'>καὶ</span> <span class='ocrx_word' id='word_1_507' title='bbox 1412 1008 1441 1035; x_wconf 76' lang='grc' dir='ltr'>ὲν</span> <span class='ocrx_word' id='word_1_508' title='bbox 1455 1009 1489 1044; x_wconf 82' lang='grc' dir='ltr'><strong>τῇ</strong></span> <span class='ocrx_word' id='word_1_509' title='bbox 1500 1008 1569 1044; x_wconf 75' lang='grc' dir='ltr'>πρὸς</span> <span class='ocrx_word' id='word_1_510' title='bbox 1583 1008 1733 1036; x_wconf 83' lang='grc' dir='ltr'>Σούκενσον</span> <span class='ocrx_word' id='word_1_511' title='bbox 1748 1010 1763 1036; x_wconf 86' lang='grc' dir='ltr'><strong>ό</strong></span> <span class='ocrx_word' id='word_1_512' title='bbox 1772 1010 1862 1041; x_wconf 78' lang='grc' dir='ltr'>αὐτὸς</span> 
     </span>
    </p>
   </div>
   <div class='ocr_carea' id='block_1_76' title="bbox 1060 1055 1860 1092">
    <p class='ocr_par' dir='ltr' id='par_1_76' title="bbox 1060 1055 1860 1092">
     <span class='ocr_line' id='line_1_76' title="bbox 1060 1055 1860 1092; baseline 0.001 -10"><span class='ocrx_word' id='word_1_513' title='bbox 1060 1055 1176 1091; x_wconf 74' lang='grc' dir='ltr'>δευτέρᾳ</span> <span class='ocrx_word' id='word_1_514' title='bbox 1194 1056 1312 1082; x_wconf 84' lang='grc' dir='ltr'>ποιεῖται</span> <span class='ocrx_word' id='word_1_515' title='bbox 1326 1055 1464 1090; x_wconf 73' lang='grc' dir='ltr'>ἐπιστολῇ.</span> <span class='ocrx_word' id='word_1_516' title='bbox 1487 1055 1662 1091; x_wconf 85' lang='grc' dir='ltr'>Ἐρμηνεύων</span> <span class='ocrx_word' id='word_1_517' title='bbox 1672 1055 1727 1092; x_wconf 87' lang='grc' dir='ltr'><strong>γὰρ</strong></span> <span class='ocrx_word' id='word_1_518' title='bbox 1739 1057 1769 1083; x_wconf 78' lang='grc' dir='ltr'>ἐν</span> <span class='ocrx_word' id='word_1_519' title='bbox 1783 1057 1860 1092; x_wconf 80' lang='grc' dir='ltr'>αὐτῇ</span> 
     </span>
    </p>
   </div>
   <div class='ocr_carea' id='block_1_77' title="bbox 1060 1100 1862 1137">
    <p class='ocr_par' dir='ltr' id='par_1_77' title="bbox 1060 1100 1862 1137">
     <span class='ocr_line' id='line_1_77' title="bbox 1060 1100 1862 1137; baseline 0.001 -9"><span class='ocrx_word' id='word_1_520' title='bbox 1060 1101 1087 1128; x_wconf 80' lang='grc' dir='ltr'><strong>τί</strong></span> <span class='ocrx_word' id='word_1_521' title='bbox 1101 1101 1167 1128; x_wconf 86' lang='grc' dir='ltr'>ποτέ</span> <span class='ocrx_word' id='word_1_522' title='bbox 1178 1102 1252 1128; x_wconf 79' lang='grc' dir='ltr'>ἐστιν</span> <span class='ocrx_word' id='word_1_523' title='bbox 1265 1100 1340 1136; x_wconf 82' lang='grc' dir='ltr'><strong>αὑτῷ</strong></span> <span class='ocrx_word' id='word_1_524' title='bbox 1354 1100 1374 1117; x_wconf 84' lang='grc'><strong>¹⁹</strong></span> <span class='ocrx_word' id='word_1_525' title='bbox 1392 1100 1511 1136; x_wconf 82' lang='grc' dir='ltr'><strong>δηλοῦσα</strong></span> <span class='ocrx_word' id='word_1_526' title='bbox 1531 1102 1549 1137; x_wconf 77' lang='grc' dir='ltr'>ἡ</span> <span class='ocrx_word' id='word_1_527' title='bbox 1571 1100 1621 1136; x_wconf 78' lang='grc' dir='ltr'><strong>μία</strong></span> <span class='ocrx_word' id='word_1_528' title='bbox 1640 1101 1720 1137; x_wconf 81' lang='grc' dir='ltr'>φύσις</span> <span class='ocrx_word' id='word_1_529' title='bbox 1736 1102 1786 1128; x_wconf 82' lang='grc' dir='ltr'><strong>τοῦ</strong></span> <span class='ocrx_word' id='word_1_530' title='bbox 1803 1103 1862 1129; x_wconf 82' lang='grc' dir='ltr'>Λό-</span> 
     </span>
    </p>
   </div>
   <div class='ocr_carea' id='block_1_78' title="bbox 1060 1146 1864 1182">
    <p class='ocr_par' dir='ltr' id='par_1_78' title="bbox 1060 1146 1864 1182">
     <span class='ocr_line' id='line_1_78' title="bbox 1060 1146 1864 1182; baseline 0 -9"><span class='ocrx_word' id='word_1_531' title='bbox 1060 1156 1109 1182; x_wconf 85' lang='grc' dir='ltr'><strong>γου</strong></span> <span class='ocrx_word' id='word_1_532' title='bbox 1121 1146 1332 1182; x_wconf 81' lang='grc' dir='ltr'>σεσαρκωμένη,</span> <span class='ocrx_word' id='word_1_533' title='bbox 1359 1146 1406 1174; x_wconf 80' lang='grc' dir='ltr'>καὶ</span> <span class='ocrx_word' id='word_1_534' title='bbox 1417 1146 1504 1173; x_wconf 80' lang='grc' dir='ltr'>εἰπὼν</span> <span class='ocrx_word' id='word_1_535' title='bbox 1519 1146 1557 1179; x_wconf 83' lang='grc' dir='ltr'><strong>ὡς</strong></span> <span class='ocrx_word' id='word_1_536' title='bbox 1572 1147 1645 1173; x_wconf 78' lang='grc' dir='ltr'>ἐστιν</span> <span class='ocrx_word' id='word_1_537' title='bbox 1666 1147 1729 1179; x_wconf 70' lang='lat' dir='ltr'><strong>Tib;</strong></span> <span class='ocrx_word' id='word_1_538' title='bbox 1745 1148 1760 1173; x_wconf 85' lang='grc' dir='ltr'>ὁ</span> <span class='ocrx_word' id='word_1_539' title='bbox 1773 1148 1864 1182; x_wconf 78' lang='grc' dir='ltr'>φύσει</span> 
     </span>
    </p>
   </div>
   <div class='ocr_carea' id='block_1_79' title="bbox 1062 1192 1863 1229">
    <p class='ocr_par' dir='ltr' id='par_1_79' title="bbox 1062 1192 1863 1229">
     <span class='ocr_line' id='line_1_79' title="bbox 1062 1192 1863 1229; baseline 0 -9"><span class='ocrx_word' id='word_1_540' title='bbox 1062 1194 1110 1220; x_wconf 72' lang='grc' dir='ltr'>καὶ</span> <span class='ocrx_word' id='word_1_541' title='bbox 1134 1193 1254 1229; x_wconf 83' lang='grc' dir='ltr'>ἀληθῶς,</span> <span class='ocrx_word' id='word_1_542' title='bbox 1279 1193 1304 1220; x_wconf 77' lang='grc' dir='ltr'><strong>ει</strong></span> <span class='ocrx_word' id='word_1_543' title='bbox 1328 1194 1375 1220; x_wconf 83' lang='grc' dir='ltr'>καὶ</span> <span class='ocrx_word' id='word_1_544' title='bbox 1402 1193 1473 1220; x_wconf 82' lang='grc' dir='ltr'>κατὰ</span> <span class='ocrx_word' id='word_1_545' title='bbox 1492 1192 1647 1228; x_wconf 81' lang='grc' dir='ltr'>πρόσληψιν</span> <span class='ocrx_word' id='word_1_546' title='bbox 1674 1194 1777 1229; x_wconf 73' lang='grc' dir='ltr'>σαρκὺς</span> <span class='ocrx_word' id='word_1_547' title='bbox 1804 1195 1863 1220; x_wconf 72' lang='grc' dir='ltr'>οὐκ</span> 
     </span>
    </p>
   </div>
   <div class='ocr_carea' id='block_1_80' title="bbox 1062 1239 1864 1276">
    <p class='ocr_par' dir='ltr' id='par_1_80' title="bbox 1062 1239 1864 1276">
     <span class='ocr_line' id='line_1_80' title="bbox 1062 1239 1864 1276; baseline 0.001 -10"><span class='ocrx_word' id='word_1_548' title='bbox 1062 1239 1181 1275; x_wconf 80' lang='grc' dir='ltr'>ἀψύχου,</span> <span class='ocrx_word' id='word_1_549' title='bbox 1191 1239 1248 1267; x_wconf 77' lang='grc' dir='ltr'>ἀλλ’</span> <span class='ocrx_word' id='word_1_550' title='bbox 1257 1239 1438 1275; x_wconf 79' lang='grc' dir='ltr'>ἐψυχωμένης</span> <span class='ocrx_word' id='word_1_551' title='bbox 1446 1239 1547 1275; x_wconf 82' lang='grc' dir='ltr'>νοερῶς</span> <span class='ocrx_word' id='word_1_552' title='bbox 1559 1240 1696 1275; x_wconf 80' lang='grc' dir='ltr'>προῆλθεν</span> <span class='ocrx_word' id='word_1_553' title='bbox 1709 1240 1864 1276; x_wconf 73' lang='grc' dir='ltr'>ἄνθρωπος</span> 
     </span>
    </p>
   </div>
   <div class='ocr_carea' id='block_1_81' title="bbox 1063 1285 1865 1321">
    <p class='ocr_par' dir='ltr' id='par_1_81' title="bbox 1063 1285 1865 1321">
     <span class='ocr_line' id='line_1_81' title="bbox 1063 1285 1865 1321; baseline 0 -8"><span class='ocrx_word' id='word_1_554' title='bbox 1063 1287 1095 1313; x_wconf 83' lang='grc' dir='ltr'>ὲκ</span> <span class='ocrx_word' id='word_1_555' title='bbox 1113 1285 1254 1320; x_wconf 80' lang='grc' dir='ltr'>γυναικὸς,</span> <span class='ocrx_word' id='word_1_556' title='bbox 1274 1286 1323 1313; x_wconf 79' lang='grc' dir='ltr'>καὶ</span> <span class='ocrx_word' id='word_1_557' title='bbox 1349 1285 1508 1320; x_wconf 73' lang='grc' dir='ltr'>ἐπενεγκὼν</span> <span class='ocrx_word' id='word_1_558' title='bbox 1524 1285 1561 1317; x_wconf 87' lang='grc' dir='ltr'>ὼς</span> <span class='ocrx_word' id='word_1_559' title='bbox 1578 1286 1608 1311; x_wconf 89' lang='grc' dir='ltr'>οὺ</span> <span class='ocrx_word' id='word_1_560' title='bbox 1634 1285 1680 1311; x_wconf 74' lang='grc' dir='ltr'><strong>διὰ</strong></span> <span class='ocrx_word' id='word_1_561' title='bbox 1702 1285 1784 1312; x_wconf 79' lang='grc' dir='ltr'>τοῦτο</span> <span class='ocrx_word' id='word_1_562' title='bbox 1808 1296 1865 1321; x_wconf 60' lang='grc' dir='ltr'>με-</span> 
     </span>
    </p>
   </div>
   <div class='ocr_carea' id='block_1_82' title="bbox 1064 1329 1866 1366">
    <p class='ocr_par' dir='ltr' id='par_1_82' title="bbox 1064 1329 1866 1366">
     <span class='ocr_line' id='line_1_82' title="bbox 1064 1329 1866 1366; baseline 0 -9"><span class='ocrx_word' id='word_1_563' title='bbox 1064 1330 1275 1366; x_wconf 78' lang='grc' dir='ltr'>ρισθήσεταιεις</span> <span class='ocrx_word' id='word_1_564' title='bbox 1290 1330 1338 1357; x_wconf 90' lang='grc' dir='ltr'><strong>δύο</strong></span> <span class='ocrx_word' id='word_1_565' title='bbox 1354 1329 1496 1366; x_wconf 84' lang='grc' dir='ltr'>πρώσωπα</span> <span class='ocrx_word' id='word_1_566' title='bbox 1509 1330 1526 1366; x_wconf 73' lang='grc' dir='ltr'><strong>ἢ</strong></span> <span class='ocrx_word' id='word_1_567' title='bbox 1542 1330 1628 1363; x_wconf 79' lang='grc' dir='ltr'>υἱοὺς,</span> <span class='ocrx_word' id='word_1_568' title='bbox 1639 1330 1706 1357; x_wconf 72' lang='grc' dir='ltr'>ἀλλὰ</span> <span class='ocrx_word' id='word_1_569' title='bbox 1725 1331 1774 1357; x_wconf 77' lang='grc' dir='ltr'>καὶ</span> <span class='ocrx_word' id='word_1_570' title='bbox 1785 1331 1866 1357; x_wconf 79' lang='grc' dir='ltr'>οὕτω</span> 
     </span>
    </p>
   </div>
   <div class='ocr_carea' id='block_1_83' title="bbox 1063 1374 1868 1412">
    <p class='ocr_par' dir='ltr' id='par_1_83' title="bbox 1063 1374 1868 1412">
     <span class='ocr_line' id='line_1_83' title="bbox 1063 1374 1868 1412; baseline 0.001 -10"><span class='ocrx_word' id='word_1_571' title='bbox 1063 1375 1186 1412; x_wconf 78' lang='grc' dir='ltr'>διαμενεῖ</span> <span class='ocrx_word' id='word_1_572' title='bbox 1209 1374 1262 1407; x_wconf 75' lang='grc' dir='ltr'>εἷς,</span> <span class='ocrx_word' id='word_1_573' title='bbox 1291 1375 1455 1411; x_wconf 74' lang='grc' dir='ltr'>προστίθησι</span> <span class='ocrx_word' id='word_1_574' title='bbox 1481 1375 1541 1407; x_wconf 87' lang='grc' dir='ltr'><strong>πῶς</strong></span> <span class='ocrx_word' id='word_1_575' title='bbox 1566 1376 1617 1402; x_wconf 83' lang='grc' dir='ltr'>οὐκ</span> <span class='ocrx_word' id='word_1_576' title='bbox 1648 1376 1768 1411; x_wconf 76' lang='grc' dir='ltr'><strong>ἄσαρκος</strong></span> <span class='ocrx_word' id='word_1_577' title='bbox 1795 1377 1868 1403; x_wconf 76' lang='grc' dir='ltr'>οὐδὲ</span> 
     </span>
    </p>
   </div>
   <div class='ocr_carea' id='block_1_84' title="bbox 1063 1421 1870 1457">
    <p class='ocr_par' dir='ltr' id='par_1_84' title="bbox 1063 1421 1870 1457">
     <span class='ocr_line' id='line_1_84' title="bbox 1063 1421 1870 1457; baseline 0.001 -8"><span class='ocrx_word' id='word_1_578' title='bbox 1063 1421 1118 1454; x_wconf 71' lang='grc' dir='ltr'><strong>ἔξω</strong></span> <span class='ocrx_word' id='word_1_579' title='bbox 1154 1422 1291 1457; x_wconf 80' lang='grc' dir='ltr'>σώματος,</span> <span class='ocrx_word' id='word_1_580' title='bbox 1314 1421 1372 1448; x_wconf 83' lang='grc' dir='ltr'>ἀλλ’</span> <span class='ocrx_word' id='word_1_581' title='bbox 1391 1422 1457 1449; x_wconf 72' lang='grc' dir='ltr'>ἴδιον</span> <span class='ocrx_word' id='word_1_582' title='bbox 1479 1422 1550 1457; x_wconf 76' lang='grc' dir='ltr'>ἔχων</span> <span class='ocrx_word' id='word_1_583' title='bbox 1574 1421 1640 1448; x_wconf 77' lang='grc' dir='ltr'>αὐτὸ</span> <span class='ocrx_word' id='word_1_584' title='bbox 1659 1422 1748 1457; x_wconf 84' lang='grc' dir='ltr'>(δῆλον</span> <span class='ocrx_word' id='word_1_585' title='bbox 1767 1422 1811 1449; x_wconf 85' lang='grc' dir='ltr'>ὅτι</span> <span class='ocrx_word' id='word_1_586' title='bbox 1830 1425 1870 1450; x_wconf 76' lang='grc' dir='ltr'><strong>τὺ</strong></span> 
     </span>
    </p>
   </div>
   <div class='ocr_carea' id='block_1_85' title="bbox 1065 1467 1868 1503">
    <p class='ocr_par' dir='ltr' id='par_1_85' title="bbox 1065 1467 1868 1503">
     <span class='ocr_line' id='line_1_85' title="bbox 1065 1467 1868 1503; baseline 0 -9"><span class='ocrx_word' id='word_1_587' title='bbox 1065 1467 1157 1503; x_wconf 82' lang='grc' dir='ltr'>σῶμα)</span> <span class='ocrx_word' id='word_1_588' title='bbox 1176 1467 1237 1494; x_wconf 86' lang='grc' dir='ltr'>καθ’</span> <span class='ocrx_word' id='word_1_589' title='bbox 1253 1468 1350 1495; x_wconf 67' lang='grc' dir='ltr'>ἕνωσιν</span> <span class='ocrx_word' id='word_1_590' title='bbox 1361 1468 1555 1495; x_wconf 79' lang='grc' dir='ltr'>ἀδιάσπαστον.</span> <span class='ocrx_word' id='word_1_591' title='bbox 1568 1468 1629 1494; x_wconf 86' lang='grc' dir='ltr'><strong>Κάν</strong></span> <span class='ocrx_word' id='word_1_592' title='bbox 1650 1469 1684 1503; x_wconf 74' lang='grc' dir='ltr'><strong>τῇ</strong></span> <span class='ocrx_word' id='word_1_593' title='bbox 1702 1467 1820 1502; x_wconf 72' lang='grc' dir='ltr'><strong>πρὸς....</strong></span> <span class='ocrx_word' id='word_1_594' title='bbox 1841 1471 1868 1485; x_wconf 65' lang='grc'><strong>’⁸</strong></span> 
     </span>
    </p>
   </div>
   <div class='ocr_carea' id='block_1_86' title="bbox 1067 1513 1870 1549">
    <p class='ocr_par' dir='ltr' id='par_1_86' title="bbox 1067 1513 1870 1549">
     <span class='ocr_line' id='line_1_86' title="bbox 1067 1513 1870 1549; baseline 0.001 -9"><span class='ocrx_word' id='word_1_595' title='bbox 1067 1513 1096 1540; x_wconf 74' lang='grc' dir='ltr'>δὲ</span> <span class='ocrx_word' id='word_1_596' title='bbox 1111 1513 1240 1549; x_wconf 75' lang='grc' dir='ltr'>ἐπιστολῇ</span> <span class='ocrx_word' id='word_1_597' title='bbox 1252 1513 1299 1540; x_wconf 73' lang='grc' dir='ltr'><strong>καὶ</strong></span> <span class='ocrx_word' id='word_1_598' title='bbox 1316 1514 1345 1540; x_wconf 78' lang='grc' dir='ltr'>ἑν</span> <span class='ocrx_word' id='word_1_599' title='bbox 1359 1513 1450 1545; x_wconf 76' lang='grc' dir='ltr'>ἄλλοις</span> <span class='ocrx_word' id='word_1_600' title='bbox 1469 1513 1576 1545; x_wconf 79' lang='grc' dir='ltr'>πολλοῖς</span> <span class='ocrx_word' id='word_1_601' title='bbox 1590 1514 1625 1540; x_wconf 83' lang='grc' dir='ltr'>τὰ</span> <span class='ocrx_word' id='word_1_602' title='bbox 1635 1514 1704 1540; x_wconf 81' lang='grc' dir='ltr'><strong>αύτά</strong></span> <span class='ocrx_word' id='word_1_603' title='bbox 1723 1514 1870 1542; x_wconf 75' lang='grc' dir='ltr'>διδάσκων</span> 
     </span>
    </p>
   </div>
   <div class='ocr_carea' id='block_1_87' title="bbox 1071 1559 1872 1596">
    <p class='ocr_par' dir='ltr' id='par_1_87' title="bbox 1071 1559 1872 1596">
     <span class='ocr_line' id='line_1_87' title="bbox 1071 1559 1872 1596; baseline 0.001 -10"><span class='ocrx_word' id='word_1_604' title='bbox 1071 1559 1240 1595; x_wconf 74' lang='grc' dir='ltr'>εὑρίσκεται.</span> <span class='ocrx_word' id='word_1_605' title='bbox 1258 1559 1330 1586; x_wconf 84' lang='grc' dir='ltr'>Ἀλλ’</span> <span class='ocrx_word' id='word_1_606' title='bbox 1343 1560 1368 1586; x_wconf 84' lang='grc' dir='ltr'>οἰ</span> <span class='ocrx_word' id='word_1_607' title='bbox 1388 1560 1453 1595; x_wconf 84' lang='grc' dir='ltr'>περὶ</span> <span class='ocrx_word' id='word_1_608' title='bbox 1467 1560 1586 1596; x_wconf 79' lang='grc' dir='ltr'>Σεϐῆρον</span> <span class='ocrx_word' id='word_1_609' title='bbox 1597 1561 1647 1595; x_wconf 83' lang='grc' dir='ltr'>τὴν</span> <span class='ocrx_word' id='word_1_610' title='bbox 1659 1560 1792 1596; x_wconf 79' lang='grc' dir='ltr'>διαφορὰν</span> <span class='ocrx_word' id='word_1_611' title='bbox 1805 1562 1872 1587; x_wconf 83' lang='grc' dir='ltr'>τῶν</span> 
     </span>
    </p>
   </div>
   <div class='ocr_carea' id='block_1_88' title="bbox 1069 1605 1869 1643">
    <p class='ocr_par' dir='ltr' id='par_1_88' title="bbox 1069 1605 1869 1643">
     <span class='ocr_line' id='line_1_88' title="bbox 1069 1605 1869 1643; baseline 0.004 -12"><span class='ocrx_word' id='word_1_612' title='bbox 1069 1605 1250 1632; x_wconf 79' lang='grc' dir='ltr'>συνελθόντων</span> <span class='ocrx_word' id='word_1_613' title='bbox 1263 1606 1334 1640; x_wconf 85' lang='grc' dir='ltr'>μετὰ</span> <span class='ocrx_word' id='word_1_614' title='bbox 1346 1605 1398 1641; x_wconf 87' lang='grc' dir='ltr'>τὴν</span> <span class='ocrx_word' id='word_1_615' title='bbox 1412 1606 1511 1632; x_wconf 69' lang='grc' dir='ltr'>ἕνωσιν</span> <span class='ocrx_word' id='word_1_616' title='bbox 1532 1606 1674 1641; x_wconf 78' lang='grc' dir='ltr'>ὁμολογεῖν</span> <span class='ocrx_word' id='word_1_617' title='bbox 1697 1607 1747 1633; x_wconf 76' lang='grc' dir='ltr'>οὐκ</span> <span class='ocrx_word' id='word_1_618' title='bbox 1762 1608 1869 1643; x_wconf 73' lang='grc' dir='ltr'>ἀνεχό-</span> 
     </span>
    </p>
   </div>
   <div class='ocr_carea' id='block_1_89' title="bbox 1067 1650 1870 1688">
    <p class='ocr_par' dir='ltr' id='par_1_89' title="bbox 1067 1650 1870 1688">
     <span class='ocr_line' id='line_1_89' title="bbox 1067 1650 1870 1688; baseline 0.005 -11"><span class='ocrx_word' id='word_1_619' title='bbox 1067 1658 1155 1684; x_wconf 84' lang='grc' dir='ltr'>μενοι,</span> <span class='ocrx_word' id='word_1_620' title='bbox 1182 1650 1344 1687; x_wconf 83' lang='grc' dir='ltr'>κακούργως</span> <span class='ocrx_word' id='word_1_621' title='bbox 1365 1660 1395 1678; x_wconf 89' lang='grc' dir='ltr'><strong>τε</strong></span> <span class='ocrx_word' id='word_1_622' title='bbox 1426 1653 1473 1679; x_wconf 86' lang='grc' dir='ltr'>καὶ</span> <span class='ocrx_word' id='word_1_623' title='bbox 1496 1652 1637 1683; x_wconf 78' lang='grc' dir='ltr'>δυσσεϐῶς</span> <span class='ocrx_word' id='word_1_624' title='bbox 1670 1653 1779 1688; x_wconf 83' lang='grc' dir='ltr'>πρῶτον</span> <span class='ocrx_word' id='word_1_625' title='bbox 1808 1654 1870 1688; x_wconf 82' lang='grc' dir='ltr'>μὲν</span> 
     </span>
    </p>
   </div>
   <div class='ocr_carea' id='block_1_90' title="bbox 1065 1697 1871 1734">
    <p class='ocr_par' dir='ltr' id='par_1_90' title="bbox 1065 1697 1871 1734">
     <span class='ocr_line' id='line_1_90' title="bbox 1065 1697 1871 1734; baseline 0.004 -11"><span class='ocrx_word' id='word_1_626' title='bbox 1065 1697 1193 1724; x_wconf 81' lang='grc' dir='ltr'>τάττουσι</span> <span class='ocrx_word' id='word_1_627' title='bbox 1206 1697 1256 1729; x_wconf 87' lang='grc' dir='ltr'><strong>τὰς</strong></span> <span class='ocrx_word' id='word_1_628' title='bbox 1274 1697 1367 1732; x_wconf 78' lang='grc' dir='ltr'>φωνὰς</span> <span class='ocrx_word' id='word_1_629' title='bbox 1382 1697 1411 1725; x_wconf 81' lang='grc' dir='ltr'>αἳ</span> <span class='ocrx_word' id='word_1_630' title='bbox 1426 1698 1448 1714; x_wconf 85' lang='grc'><strong>¹¹</strong></span> <span class='ocrx_word' id='word_1_631' title='bbox 1462 1698 1512 1733; x_wconf 83' lang='grc' dir='ltr'><strong>τὴν</strong></span> <span class='ocrx_word' id='word_1_632' title='bbox 1530 1698 1664 1734; x_wconf 85' lang='grc' dir='ltr'>διαφορὰν</span> <span class='ocrx_word' id='word_1_633' title='bbox 1677 1699 1789 1734; x_wconf 82' lang='grc' dir='ltr'>δηλοῦσι</span> <span class='ocrx_word' id='word_1_634' title='bbox 1804 1700 1871 1726; x_wconf 80' lang='grc' dir='ltr'><strong>τῶν</strong></span> 
     </span>
    </p>
   </div>
   <div class='ocr_carea' id='block_1_91' title="bbox 1066 1741 1870 1780">
    <p class='ocr_par' dir='ltr' id='par_1_91' title="bbox 1066 1741 1870 1780">
     <span class='ocr_line' id='line_1_91' title="bbox 1066 1741 1870 1780; baseline 0.004 -11"><span class='ocrx_word' id='word_1_635' title='bbox 1066 1741 1185 1777; x_wconf 80' lang='grc' dir='ltr'>φύσεων,</span> <span class='ocrx_word' id='word_1_636' title='bbox 1210 1742 1306 1770; x_wconf 71' lang='grc' dir='ltr'>ἔπειτα</span> <span class='ocrx_word' id='word_1_637' title='bbox 1327 1743 1366 1776; x_wconf 80' lang='grc' dir='ltr'>δὲ,</span> <span class='ocrx_word' id='word_1_638' title='bbox 1383 1743 1421 1776; x_wconf 81' lang='grc' dir='ltr'><strong>ὡς</strong></span> <span class='ocrx_word' id='word_1_639' title='bbox 1445 1743 1525 1780; x_wconf 85' lang='grc' dir='ltr'>δῆθεν</span> <span class='ocrx_word' id='word_1_640' title='bbox 1539 1744 1742 1780; x_wconf 79' lang='grc' dir='ltr'>ἀνατρέποντες</span> <span class='ocrx_word' id='word_1_641' title='bbox 1759 1746 1870 1779; x_wconf 78' lang='grc' dir='ltr'>αὑτὰς,</span> 
     </span>
    </p>
   </div>
   <div class='ocr_carea' id='block_1_92' title="bbox 1066 1788 1867 1826">
    <p class='ocr_par' dir='ltr' id='par_1_92' title="bbox 1066 1788 1867 1826">
     <span class='ocr_line' id='line_1_92' title="bbox 1066 1788 1867 1826; baseline 0.006 -12"><span class='ocrx_word' id='word_1_642' title='bbox 1066 1788 1116 1824; x_wconf 84' lang='grc' dir='ltr'>τὴν</span> <span class='ocrx_word' id='word_1_643' title='bbox 1128 1788 1195 1823; x_wconf 76' lang='grc' dir='ltr'>μίαν</span> <span class='ocrx_word' id='word_1_644' title='bbox 1207 1789 1289 1823; x_wconf 83' lang='grc' dir='ltr'>φύσιν</span> <span class='ocrx_word' id='word_1_645' title='bbox 1306 1789 1353 1816; x_wconf 82' lang='grc' dir='ltr'>τοῦ</span> <span class='ocrx_word' id='word_1_646' title='bbox 1367 1790 1455 1824; x_wconf 88' lang='grc' dir='ltr'>Λόγου</span> <span class='ocrx_word' id='word_1_647' title='bbox 1468 1798 1594 1826; x_wconf 85' lang='grc' dir='ltr'>σεσαρκω</span> <span class='ocrx_word' id='word_1_648' title='bbox 1599 1791 1684 1826; x_wconf 85' lang='grc' dir='ltr'>μένην</span> <span class='ocrx_word' id='word_1_649' title='bbox 1696 1792 1867 1826; x_wconf 74' lang='grc' dir='ltr'>ἐπάγουσιν.</span> 
     </span>
    </p>
   </div>
   <div class='ocr_carea' id='block_1_93' title="bbox 1067 1834 1871 1873">
    <p class='ocr_par' dir='ltr' id='par_1_93' title="bbox 1067 1834 1871 1873">
     <span class='ocr_line' id='line_1_93' title="bbox 1067 1834 1871 1873; baseline 0.004 -12"><span class='ocrx_word' id='word_1_650' title='bbox 1067 1835 1124 1870; x_wconf 82' lang='grc' dir='ltr'><strong>Οὐχ</strong></span> <span class='ocrx_word' id='word_1_651' title='bbox 1134 1834 1206 1862; x_wconf 79' lang='grc' dir='ltr'>οὕτω</span> <span class='ocrx_word' id='word_1_652' title='bbox 1223 1835 1252 1862; x_wconf 73' lang='grc' dir='ltr'>δὲ</span> <span class='ocrx_word' id='word_1_653' title='bbox 1272 1836 1346 1862; x_wconf 80' lang='grc' dir='ltr'>ποιεῖ</span> <span class='ocrx_word' id='word_1_654' title='bbox 1365 1837 1382 1871; x_wconf 70' lang='grc' dir='ltr'>ἡ</span> <span class='ocrx_word' id='word_1_655' title='bbox 1398 1836 1535 1869; x_wconf 74' lang='grc' dir='ltr'>εὐσέϐεια,</span> <span class='ocrx_word' id='word_1_656' title='bbox 1556 1837 1625 1864; x_wconf 83' lang='grc' dir='ltr'>ἀλλὰ</span> <span class='ocrx_word' id='word_1_657' title='bbox 1643 1837 1746 1872; x_wconf 77' lang='grc' dir='ltr'>ταύτην</span> <span class='ocrx_word' id='word_1_658' title='bbox 1771 1846 1871 1873; x_wconf 81' lang='grc' dir='ltr'>προσ-</span> 
     </span>
    </p>
   </div>
   <div class='ocr_carea' id='block_1_94' title="bbox 1067 1881 1871 1918">
    <p class='ocr_par' dir='ltr' id='par_1_94' title="bbox 1067 1881 1871 1918">
     <span class='ocr_line' id='line_1_94' title="bbox 1067 1881 1871 1918; baseline 0.004 -10"><span class='ocrx_word' id='word_1_659' title='bbox 1067 1881 1145 1909; x_wconf 83' lang='grc' dir='ltr'>θεῖσα</span> <span class='ocrx_word' id='word_1_660' title='bbox 1155 1882 1180 1897; x_wconf 86' lang='grc'><strong>¹¹</strong></span> <span class='ocrx_word' id='word_1_661' title='bbox 1194 1882 1249 1918; x_wconf 70' lang='grc' dir='ltr'>ίτὴν</span> <span class='ocrx_word' id='word_1_662' title='bbox 1266 1882 1370 1917; x_wconf 83' lang='grc' dir='ltr'>φωνὴν,</span> <span class='ocrx_word' id='word_1_663' title='bbox 1398 1882 1481 1914; x_wconf 82' lang='grc' dir='ltr'>εὐθὺς</span> <span class='ocrx_word' id='word_1_664' title='bbox 1505 1883 1604 1918; x_wconf 76' lang='grc' dir='ltr'>ἐφεξῆς</span> <span class='ocrx_word' id='word_1_665' title='bbox 1615 1884 1734 1910; x_wconf 78' lang='grc' dir='ltr'>δείκνυσι</span> <span class='ocrx_word' id='word_1_666' title='bbox 1754 1884 1805 1911; x_wconf 72' lang='grc' dir='ltr'>καὶ</span> <span class='ocrx_word' id='word_1_667' title='bbox 1819 1885 1871 1912; x_wconf 80' lang='grc' dir='ltr'>διὰ</span> 
     </span>
    </p>
   </div>
   <div class='ocr_carea' id='block_1_95' title="bbox 1067 1927 1870 1962">
    <p class='ocr_par' dir='ltr' id='par_1_95' title="bbox 1067 1927 1870 1962">
     <span class='ocr_line' id='line_1_95' title="bbox 1067 1927 1870 1962; baseline 0.005 -10"><span class='ocrx_word' id='word_1_668' title='bbox 1067 1927 1168 1962; x_wconf 79' lang='grc' dir='ltr'>ταύτης</span> <span class='ocrx_word' id='word_1_669' title='bbox 1185 1927 1320 1959; x_wconf 80' lang='grc' dir='ltr'>σώζεσθαι</span> <span class='ocrx_word' id='word_1_670' title='bbox 1334 1927 1415 1954; x_wconf 80' lang='grc' dir='ltr'>πάλιν</span> <span class='ocrx_word' id='word_1_671' title='bbox 1433 1927 1488 1955; x_wconf 83' lang='grc' dir='ltr'><strong>τῶν</strong></span> <span class='ocrx_word' id='word_1_672' title='bbox 1511 1928 1694 1956; x_wconf 80' lang='grc' dir='ltr'>συνελθόντων</span> <span class='ocrx_word' id='word_1_673' title='bbox 1710 1930 1751 1961; x_wconf 82' lang='grc' dir='ltr'>εἰς</span> <span class='ocrx_word' id='word_1_674' title='bbox 1761 1929 1870 1956; x_wconf 70' lang='grc' dir='ltr'>ἕνωσιν</span> 
     </span>
    </p>
   </div>
   <div class='ocr_carea' id='block_1_96' title="bbox 1067 1971 1870 2012">
    <p class='ocr_par' dir='ltr' id='par_1_96' title="bbox 1067 1971 1870 2012">
     <span class='ocr_line' id='line_1_96' title="bbox 1067 1971 1870 2012; baseline 0.005 -14"><span class='ocrx_word' id='word_1_675' title='bbox 1067 1971 1228 2006; x_wconf 73' lang='grc' dir='ltr'>ἀδιαιρέτως</span> <span class='ocrx_word' id='word_1_676' title='bbox 1243 1971 1540 2008; x_wconf 79' lang='grc' dir='ltr'>ἑκάτερον,ὲλέγχουσα</span> <span class='ocrx_word' id='word_1_677' title='bbox 1548 1975 1612 2006; x_wconf 71' lang='grc' dir='ltr'>τοὺς</span> <span class='ocrx_word' id='word_1_678' title='bbox 1625 1975 1769 2007; x_wconf 75' lang='grc' dir='ltr'>δυσσεϐεῖς</span> <span class='ocrx_word' id='word_1_679' title='bbox 1783 1976 1826 2007; x_wconf 81' lang='grc' dir='ltr'><strong>ὡς</strong></span> <span class='ocrx_word' id='word_1_680' title='bbox 1851 1978 1870 2012; x_wconf 79' lang='grc' dir='ltr'>ἡ</span> 
     </span>
    </p>
   </div>
   <div class='ocr_carea' id='block_1_97' title="bbox 1069 2017 1870 2057">
    <p class='ocr_par' dir='ltr' id='par_1_97' title="bbox 1069 2017 1870 2057">
     <span class='ocr_line' id='line_1_97' title="bbox 1069 2017 1870 2057; baseline 0.005 -13"><span class='ocrx_word' id='word_1_681' title='bbox 1069 2017 1118 2052; x_wconf 77' lang='grc' dir='ltr'>μῑα</span> <span class='ocrx_word' id='word_1_682' title='bbox 1140 2017 1187 2045; x_wconf 82' lang='grc' dir='ltr'><strong>τοῦ</strong></span> <span class='ocrx_word' id='word_1_683' title='bbox 1201 2018 1289 2053; x_wconf 86' lang='grc' dir='ltr'>Λόγου</span> <span class='ocrx_word' id='word_1_684' title='bbox 1310 2018 1391 2053; x_wconf 86' lang='grc' dir='ltr'>φύσις</span> <span class='ocrx_word' id='word_1_685' title='bbox 1409 2019 1432 2035; x_wconf 84' lang='grc'><strong><em>³³</em></strong></span> <span class='ocrx_word' id='word_1_686' title='bbox 1452 2020 1656 2056; x_wconf 80' lang='grc' dir='ltr'>σεσαρκωμένη</span> <span class='ocrx_word' id='word_1_687' title='bbox 1672 2021 1750 2047; x_wconf 87' lang='grc' dir='ltr'>οὐδὲν</span> <span class='ocrx_word' id='word_1_688' title='bbox 1764 2021 1870 2057; x_wconf 69' lang='grc' dir='ltr'>ἕτερον</span> 
     </span>
    </p>
   </div>
   <div class='ocr_carea' id='block_1_98' title="bbox 1067 2062 1870 2103">
    <p class='ocr_par' dir='ltr' id='par_1_98' title="bbox 1067 2062 1870 2103">
     <span class='ocr_line' id='line_1_98' title="bbox 1067 2062 1870 2103; baseline 0.009 -15"><span class='ocrx_word' id='word_1_689' title='bbox 1067 2063 1085 2098; x_wconf 82' lang='grc' dir='ltr'>ἦ</span> <span class='ocrx_word' id='word_1_690' title='bbox 1099 2062 1148 2098; x_wconf 81' lang='grc' dir='ltr'>τὴν</span> <span class='ocrx_word' id='word_1_691' title='bbox 1167 2063 1350 2091; x_wconf 80' lang='grc' dir='ltr'>ἀδιάσπαστον</span> <span class='ocrx_word' id='word_1_692' title='bbox 1378 2064 1425 2091; x_wconf 74' lang='grc' dir='ltr'>καὶ</span> <span class='ocrx_word' id='word_1_693' title='bbox 1447 2065 1508 2092; x_wconf 85' lang='grc' dir='ltr'>καθ’</span> <span class='ocrx_word' id='word_1_694' title='bbox 1524 2066 1679 2093; x_wconf 78' lang='grc' dir='ltr'>ὑπόστασιν</span> <span class='ocrx_word' id='word_1_695' title='bbox 1695 2066 1796 2094; x_wconf 72' lang='grc' dir='ltr'>ἕνωσιν</span> <span class='ocrx_word' id='word_1_696' title='bbox 1815 2068 1870 2103; x_wconf 83' lang='grc' dir='ltr'>δη-</span> 
     </span>
    </p>
   </div>
   <div class='ocr_carea' id='block_1_99' title="bbox 1069 2107 1870 2146">
    <p class='ocr_par' dir='ltr' id='par_1_99' title="bbox 1069 2107 1870 2146">
     <span class='ocr_line' id='line_1_99' title="bbox 1069 2107 1870 2146; baseline 0.005 -12"><span class='ocrx_word' id='word_1_697' title='bbox 1069 2107 1118 2141; x_wconf 82' lang='grc' dir='ltr'>λοῖ,</span> <span class='ocrx_word' id='word_1_698' title='bbox 1130 2108 1339 2143; x_wconf 73' lang='grc' dir='ltr'>φυλαττομένων</span> <span class='ocrx_word' id='word_1_699' title='bbox 1351 2109 1423 2136; x_wconf 87' lang='grc' dir='ltr'>κατὰ</span> <span class='ocrx_word' id='word_1_700' title='bbox 1436 2110 1526 2137; x_wconf 82' lang='grc' dir='ltr'>πάντα</span> <span class='ocrx_word' id='word_1_701' title='bbox 1542 2110 1637 2146; x_wconf 80' lang='grc' dir='ltr'>καιρὸν</span> <span class='ocrx_word' id='word_1_702' title='bbox 1652 2112 1682 2138; x_wconf 81' lang='grc' dir='ltr'>ὲν</span> <span class='ocrx_word' id='word_1_703' title='bbox 1691 2111 1729 2146; x_wconf 87' lang='grc' dir='ltr'>τῷ</span> <span class='ocrx_word' id='word_1_704' title='bbox 1741 2112 1870 2146; x_wconf 75' lang='grc' dir='ltr'>ἀσυγχύ-</span> 
     </span>
    </p>
   </div>
   <div class='ocr_carea' id='block_1_100' title="bbox 1068 2153 1869 2192">
    <p class='ocr_par' dir='ltr' id='par_1_100' title="bbox 1068 2153 1869 2192">
     <span class='ocr_line' id='line_1_100' title="bbox 1068 2153 1869 2192; baseline 0.006 -13"><span class='ocrx_word' id='word_1_705' title='bbox 1068 2161 1107 2189; x_wconf 80' lang='grc' dir='ltr'>τῳ</span> <span class='ocrx_word' id='word_1_706' title='bbox 1125 2153 1178 2180; x_wconf 79' lang='grc' dir='ltr'><strong>τῶν</strong></span> <span class='ocrx_word' id='word_1_707' title='bbox 1195 2154 1313 2188; x_wconf 87' lang='grc' dir='ltr'>φύσεων.</span> <span class='ocrx_word' id='word_1_708' title='bbox 1333 2153 1386 2181; x_wconf 85' lang='grc' dir='ltr'>Δύο</span> <span class='ocrx_word' id='word_1_709' title='bbox 1403 2155 1459 2190; x_wconf 85' lang='grc' dir='ltr'>γὰρ</span> <span class='ocrx_word' id='word_1_710' title='bbox 1477 2155 1575 2190; x_wconf 85' lang='grc' dir='ltr'>φύσεις</span> <span class='ocrx_word' id='word_1_711' title='bbox 1596 2155 1767 2192; x_wconf 76' lang='grc' dir='ltr'>ἀδιαιρέτους</span> <span class='ocrx_word' id='word_1_712' title='bbox 1782 2157 1869 2189; x_wconf 72' lang='grc' dir='ltr'>δοξά-</span> 
     </span>
    </p>
   </div>
   <div class='ocr_carea' id='block_1_101' title="bbox 1068 2199 1866 2237">
    <p class='ocr_par' dir='ltr' id='par_1_101' title="bbox 1068 2199 1866 2237">
     <span class='ocr_line' id='line_1_101' title="bbox 1068 2199 1866 2237; baseline 0.006 -12"><span class='ocrx_word' id='word_1_713' title='bbox 1068 2199 1120 2232; x_wconf 78' lang='grc' dir='ltr'>ζει,</span> <span class='ocrx_word' id='word_1_714' title='bbox 1139 2199 1177 2231; x_wconf 83' lang='grc' dir='ltr'><strong>ὡς</strong></span> <span class='ocrx_word' id='word_1_715' title='bbox 1193 2200 1225 2226; x_wconf 83' lang='grc' dir='ltr'><strong>τὸ</strong></span> <span class='ocrx_word' id='word_1_716' title='bbox 1242 2199 1371 2236; x_wconf 86' lang='grc' dir='ltr'>διάφορον</span> <span class='ocrx_word' id='word_1_717' title='bbox 1396 2201 1452 2227; x_wconf 85' lang='grc' dir='ltr'><strong>τῶν</strong></span> <span class='ocrx_word' id='word_1_718' title='bbox 1474 2201 1655 2229; x_wconf 82' lang='grc' dir='ltr'>συνελθόντων</span> <span class='ocrx_word' id='word_1_719' title='bbox 1673 2203 1866 2237; x_wconf 70' lang='grc' dir='ltr'>κηρύττουσι,</span> 
     </span>
    </p>
   </div>
   <div class='ocr_carea' id='block_1_102' title="bbox 1069 2245 1868 2285">
    <p class='ocr_par' dir='ltr' id='par_1_102' title="bbox 1069 2245 1868 2285">
     <span class='ocr_line' id='line_1_102' title="bbox 1069 2245 1868 2285; baseline 0.009 -14"><span class='ocrx_word' id='word_1_720' title='bbox 1069 2246 1116 2272; x_wconf 78' lang='grc' dir='ltr'>καὶ</span> <span class='ocrx_word' id='word_1_721' title='bbox 1125 2245 1190 2280; x_wconf 82' lang='grc' dir='ltr'>μίαν</span> <span class='ocrx_word' id='word_1_722' title='bbox 1200 2245 1281 2281; x_wconf 87' lang='grc' dir='ltr'>φύσιν</span> <span class='ocrx_word' id='word_1_723' title='bbox 1294 2247 1341 2274; x_wconf 84' lang='grc' dir='ltr'>τοῦ</span> <span class='ocrx_word' id='word_1_724' title='bbox 1354 2247 1442 2282; x_wconf 88' lang='grc' dir='ltr'>Λόγου</span> <span class='ocrx_word' id='word_1_725' title='bbox 1457 2249 1683 2285; x_wconf 75' lang='grc' dir='ltr'>σεσαρκωμένην,</span> <span class='ocrx_word' id='word_1_726' title='bbox 1701 2250 1740 2281; x_wconf 84' lang='grc' dir='ltr'>ὡς</span> <span class='ocrx_word' id='word_1_727' title='bbox 1750 2251 1798 2277; x_wconf 79' lang='grc' dir='ltr'>τὸν</span> <span class='ocrx_word' id='word_1_728' title='bbox 1812 2252 1868 2278; x_wconf 79' lang='grc' dir='ltr'><strong>αὒ-</strong></span> 
     </span>
    </p>
   </div>
   <div class='ocr_carea' id='block_1_103' title="bbox 1070 2287 1868 2332">
    <p class='ocr_par' dir='ltr' id='par_1_103' title="bbox 1070 2287 1868 2332">
     <span class='ocr_line' id='line_1_103' title="bbox 1070 2287 1868 2332; baseline 0.009 -15"><span class='ocrx_word' id='word_1_729' title='bbox 1070 2291 1115 2317; x_wconf 81' lang='grc' dir='ltr'>τὸν</span> <span class='ocrx_word' id='word_1_730' title='bbox 1133 2291 1181 2318; x_wconf 84' lang='grc' dir='ltr'>τοῦ</span> <span class='ocrx_word' id='word_1_731' title='bbox 1207 2291 1313 2327; x_wconf 82' lang='grc' dir='ltr'>Πατρὺς</span> <span class='ocrx_word' id='word_1_732' title='bbox 1345 2287 1508 2328; x_wconf 76' lang='grc' dir='ltr'>προαιώνίον</span> <span class='ocrx_word' id='word_1_733' title='bbox 1535 2294 1621 2328; x_wconf 87' lang='grc' dir='ltr'>Λόγον</span> <span class='ocrx_word' id='word_1_734' title='bbox 1647 2295 1868 2332; x_wconf 81' lang='grc' dir='ltr'>ὲνανθρωπῆσαι</span> 
     </span>
    </p>
   </div>
   <div class='ocr_carea' id='block_1_104' title="bbox 1070 2337 1523 2373">
    <p class='ocr_par' dir='ltr' id='par_1_104' title="bbox 1070 2337 1523 2373">
     <span class='ocr_line' id='line_1_104' title="bbox 1070 2337 1523 2373; baseline 0.007 -10"><span class='ocrx_word' id='word_1_735' title='bbox 1070 2337 1304 2373; x_wconf 55' lang='grc' dir='ltr'>καὶεσαρκωθῆναι</span> <span class='ocrx_word' id='word_1_736' title='bbox 1312 2338 1523 2373; x_wconf 80' lang='grc' dir='ltr'>δογματίζουσα.</span> 
     </span>
    </p>
   </div>
   <div class='ocr_carea' id='block_1_105' title="bbox 1106 2395 1870 2434">
    <p class='ocr_par' dir='ltr' id='par_1_105' title="bbox 1106 2395 1870 2434">
     <span class='ocr_line' id='line_1_105' title="bbox 1106 2395 1870 2434; baseline 0.008 -13"><span class='ocrx_word' id='word_1_737' title='bbox 1106 2395 1200 2422; x_wconf 82' lang='grc' dir='ltr'>Ταῦτα</span> <span class='ocrx_word' id='word_1_738' title='bbox 1213 2395 1260 2422; x_wconf 78' lang='grc' dir='ltr'><strong>καὶ</strong></span> <span class='ocrx_word' id='word_1_739' title='bbox 1274 2395 1388 2422; x_wconf 79' lang='grc' dir='ltr'>τοιαῦτα</span> <span class='ocrx_word' id='word_1_740' title='bbox 1401 2395 1425 2412; x_wconf 71' lang='grc'><strong>’⁵</strong></span> <span class='ocrx_word' id='word_1_741' title='bbox 1440 2396 1512 2431; x_wconf 83' lang='grc' dir='ltr'>ὑπὲρ</span> <span class='ocrx_word' id='word_1_742' title='bbox 1531 2396 1580 2432; x_wconf 79' lang='grc' dir='ltr'>τῆς</span> <span class='ocrx_word' id='word_1_743' title='bbox 1596 2399 1784 2434; x_wconf 80' lang='grc' dir='ltr'>προκειμένης</span> <span class='ocrx_word' id='word_1_744' title='bbox 1799 2400 1870 2427; x_wconf 79' lang='grc' dir='ltr'>ἀπο-</span> 
     </span>
    </p>
   </div>
   <div class='ocr_carea' id='block_1_106' title="bbox 1070 2440 1870 2481">
    <p class='ocr_par' dir='ltr' id='par_1_106' title="bbox 1070 2440 1870 2481">
     <span class='ocr_line' id='line_1_106' title="bbox 1070 2440 1870 2481; baseline 0.006 -15"><span class='ocrx_word' id='word_1_745' title='bbox 1070 2440 1256 2475; x_wconf 87' lang='grc' dir='ltr'>λογησάμενος</span> <span class='ocrx_word' id='word_1_746' title='bbox 1280 2441 1388 2476; x_wconf 78' lang='grc' dir='ltr'>φωνῆς,</span> <span class='ocrx_word' id='word_1_747' title='bbox 1407 2442 1454 2468; x_wconf 84' lang='grc' dir='ltr'>καὶ</span> <span class='ocrx_word' id='word_1_748' title='bbox 1472 2442 1506 2469; x_wconf 79' lang='grc' dir='ltr'>τὰ</span> <span class='ocrx_word' id='word_1_749' title='bbox 1530 2443 1600 2470; x_wconf 78' lang='grc' dir='ltr'>αὐτὰ</span> <span class='ocrx_word' id='word_1_750' title='bbox 1621 2443 1671 2477; x_wconf 82' lang='grc' dir='ltr'><strong>τὴν</strong></span> <span class='ocrx_word' id='word_1_751' title='bbox 1696 2444 1725 2470; x_wconf 83' lang='grc' dir='ltr'>ὲν</span> <span class='ocrx_word' id='word_1_752' title='bbox 1753 2445 1870 2481; x_wconf 78' lang='grc' dir='ltr'>Καλχη-</span> 
     </span>
    </p>
   </div>
   <div class='ocr_carea' id='block_1_107' title="bbox 1070 2486 1870 2523">
    <p class='ocr_par' dir='ltr' id='par_1_107' title="bbox 1070 2486 1870 2523">
     <span class='ocr_line' id='line_1_107' title="bbox 1070 2486 1870 2523; baseline 0.004 -10"><span class='ocrx_word' id='word_1_753' title='bbox 1070 2487 1124 2513; x_wconf 84' lang='grc' dir='ltr'>δόνι</span> <span class='ocrx_word' id='word_1_754' title='bbox 1138 2487 1160 2503; x_wconf 79' lang='grc'><strong>’⁸</strong></span> <span class='ocrx_word' id='word_1_755' title='bbox 1177 2486 1286 2514; x_wconf 86' lang='grc' dir='ltr'>σύνοδον</span> <span class='ocrx_word' id='word_1_756' title='bbox 1304 2487 1458 2522; x_wconf 78' lang='grc' dir='ltr'>φρονοῦσάν</span> <span class='ocrx_word' id='word_1_757' title='bbox 1473 2496 1503 2514; x_wconf 82' lang='grc' dir='ltr'><strong>τε</strong></span> <span class='ocrx_word' id='word_1_758' title='bbox 1528 2488 1576 2514; x_wconf 76' lang='grc' dir='ltr'>καὶ</span> <span class='ocrx_word' id='word_1_759' title='bbox 1592 2487 1781 2523; x_wconf 84' lang='grc' dir='ltr'>κηρύττουσαν</span> <span class='ocrx_word' id='word_1_760' title='bbox 1803 2491 1870 2516; x_wconf 78' lang='grc' dir='ltr'>ἑπι-</span> 
     </span>
    </p>
   </div>
   <div class='ocr_carea' id='block_1_108' title="bbox 1070 2530 1870 2569">
    <p class='ocr_par' dir='ltr' id='par_1_108' title="bbox 1070 2530 1870 2569">
     <span class='ocr_line' id='line_1_108' title="bbox 1070 2530 1870 2569; baseline 0.004 -11"><span class='ocrx_word' id='word_1_761' title='bbox 1070 2531 1226 2567; x_wconf 79' lang='grc' dir='ltr'>δειξάμενυς</span> <span class='ocrx_word' id='word_1_762' title='bbox 1239 2532 1283 2560; x_wconf 86' lang='grc' dir='ltr'>διά</span> <span class='ocrx_word' id='word_1_763' title='bbox 1306 2541 1337 2559; x_wconf 79' lang='grc' dir='ltr'><strong>τε</strong></span> <span class='ocrx_word' id='word_1_764' title='bbox 1359 2532 1451 2559; x_wconf 77' lang='grc' dir='ltr'>ἄλλων</span> <span class='ocrx_word' id='word_1_765' title='bbox 1469 2533 1517 2559; x_wconf 76' lang='grc' dir='ltr'>καὶ</span> <span class='ocrx_word' id='word_1_766' title='bbox 1545 2533 1574 2566; x_wconf 81' lang='grc' dir='ltr'><strong>ἐξ</strong></span> <span class='ocrx_word' id='word_1_767' title='bbox 1597 2530 1635 2559; x_wconf 86' lang='grc' dir='ltr'>ὧν</span> <span class='ocrx_word' id='word_1_768' title='bbox 1652 2533 1698 2560; x_wconf 81' lang='grc' dir='ltr'>τοῦ</span> <span class='ocrx_word' id='word_1_769' title='bbox 1720 2535 1750 2560; x_wconf 83' lang='grc' dir='ltr'>ὲν</span> <span class='ocrx_word' id='word_1_770' title='bbox 1776 2535 1870 2569; x_wconf 73' lang='grc' dir='ltr'>ἁγίοις</span> 
     </span>
    </p>
   </div>
   <div class='ocr_carea' id='block_1_109' title="bbox 1072 2578 1871 2615">
    <p class='ocr_par' dir='ltr' id='par_1_109' title="bbox 1072 2578 1871 2615">
     <span class='ocr_line' id='line_1_109' title="bbox 1072 2578 1871 2615; baseline 0.004 -11"><span class='ocrx_word' id='word_1_771' title='bbox 1072 2578 1223 2605; x_wconf 78' lang='grc' dir='ltr'>Φλαὸιανοῦ</span> <span class='ocrx_word' id='word_1_772' title='bbox 1240 2579 1380 2614; x_wconf 81' lang='grc' dir='ltr'>εδιόχειρον</span> <span class='ocrx_word' id='word_1_773' title='bbox 1399 2578 1491 2605; x_wconf 85' lang='grc' dir='ltr'>πίστιν</span> <span class='ocrx_word' id='word_1_774' title='bbox 1515 2579 1735 2612; x_wconf 81' lang='grc' dir='ltr'>ἀναγνωσθεῖσαν</span> <span class='ocrx_word' id='word_1_775' title='bbox 1760 2581 1776 2615; x_wconf 82' lang='grc' dir='ltr'><strong>ὴ</strong></span> <span class='ocrx_word' id='word_1_776' title='bbox 1803 2581 1871 2607; x_wconf 64' lang='lat' dir='ltr'><strong>adv-</strong></span> 
     </span>
    </p>
   </div>
   <div class='ocr_carea' id='block_1_110' title="bbox 1072 2623 1871 2660">
    <p class='ocr_par' dir='ltr' id='par_1_110' title="bbox 1072 2623 1871 2660">
     <span class='ocr_line' id='line_1_110' title="bbox 1072 2623 1871 2660; baseline 0 -10"><span class='ocrx_word' id='word_1_777' title='bbox 1072 2624 1131 2655; x_wconf 82' lang='grc' dir='ltr'>οδος</span> <span class='ocrx_word' id='word_1_778' title='bbox 1147 2623 1208 2659; x_wconf 77' lang='grc'><strong>[461</strong></span> <span class='ocrx_word' id='word_1_779' title='bbox 1228 2623 1273 2660; x_wconf 74' lang='lat' dir='ltr'><strong>IL]</strong></span> <span class='ocrx_word' id='word_1_780' title='bbox 1287 2623 1475 2658; x_wconf 74' lang='grc' dir='ltr'>ἐπεκύρωσεν,</span> <span class='ocrx_word' id='word_1_781' title='bbox 1493 2623 1660 2651; x_wconf 84' lang='grc' dir='ltr'>ἀπαλλάττει</span> <span class='ocrx_word' id='word_1_782' title='bbox 1679 2624 1729 2659; x_wconf 81' lang='grc' dir='ltr'>μὲν</span> <span class='ocrx_word' id='word_1_783' title='bbox 1748 2625 1799 2660; x_wconf 82' lang='grc' dir='ltr'>τὴν</span> <span class='ocrx_word' id='word_1_784' title='bbox 1812 2635 1871 2660; x_wconf 76' lang='grc' dir='ltr'>φω-</span> 
     </span>
    </p>
   </div>
   <div class='ocr_carea' id='block_1_111' title="bbox 1073 2668 1867 2705">
    <p class='ocr_par' dir='ltr' id='par_1_111' title="bbox 1073 2668 1867 2705">
     <span class='ocr_line' id='line_1_111' title="bbox 1073 2668 1867 2705; baseline 0.003 -9"><span class='ocrx_word' id='word_1_785' title='bbox 1073 2671 1122 2705; x_wconf 86' lang='grc' dir='ltr'>νὴν</span> <span class='ocrx_word' id='word_1_786' title='bbox 1134 2669 1275 2705; x_wconf 79' lang='grc' dir='ltr'>αἱρετικῆς</span> <span class='ocrx_word' id='word_1_787' title='bbox 1290 2668 1463 2704; x_wconf 74' lang='grc' dir='ltr'>ὑπολήψεως,</span> <span class='ocrx_word' id='word_1_788' title='bbox 1481 2669 1645 2696; x_wconf 81' lang='grc' dir='ltr'>ἀπαλλάττει</span> <span class='ocrx_word' id='word_1_789' title='bbox 1656 2670 1684 2697; x_wconf 80' lang='grc' dir='ltr'>δὲ</span> <span class='ocrx_word' id='word_1_790' title='bbox 1698 2670 1746 2697; x_wconf 80' lang='grc' dir='ltr'>καὶ</span> <span class='ocrx_word' id='word_1_791' title='bbox 1766 2671 1867 2699; x_wconf 74' lang='grc' dir='ltr'>ἑαυτὸν</span> 
     </span>
    </p>
   </div>
   <div class='ocr_carea' id='block_1_112' title="bbox 868 2747 1258 2783">
    <p class='ocr_par' dir='ltr' id='par_1_112' title="bbox 868 2747 1258 2783">
     <span class='ocr_line' id='line_1_112' title="bbox 868 2747 1258 2783; baseline 0.005 -9"><span class='ocrx_word' id='word_1_792' title='bbox 868 2747 986 2776; x_wconf 61' lang='grc' dir='ltr'>νΑιιιλΕ</span> <span class='ocrx_word' id='word_1_793' title='bbox 1010 2748 1212 2776; x_wconf 84' lang='lat' dir='ltr'><strong>LECTIONES.</strong></span> <span class='ocrx_word' id='word_1_794' title='bbox 1251 2777 1258 2783; x_wconf 42' lang='grc' dir='ltr'><strong>τ</strong></span> 
     </span>
    </p>
   </div>
   <div class='ocr_carea' id='block_1_113' title="bbox 267 2809 953 2849">
    <p class='ocr_par' dir='ltr' id='par_1_113' title="bbox 267 2809 953 2849">
     <span class='ocr_line' id='line_1_113' title="bbox 267 2809 953 2849; baseline 0.012 -14"><span class='ocrx_word' id='word_1_795' title='bbox 267 2809 289 2825; x_wconf 80' lang='grc'><strong><em>⁸⁵</em></strong></span> <span class='ocrx_word' id='word_1_796' title='bbox 304 2809 464 2849; x_wconf 48' lang='lat' dir='ltr'><strong>sument;</strong></span> <span class='ocrx_word' id='word_1_797' title='bbox 487 2821 516 2843; x_wconf 82' lang='grc' dir='ltr'>ς.</span> <span class='ocrx_word' id='word_1_798' title='bbox 556 2815 578 2829; x_wconf 88' lang='lat'>&quot;</span> <span class='ocrx_word' id='word_1_799' title='bbox 594 2813 674 2849; x_wconf 53' lang='lat' dir='ltr'><strong>clm?)</strong></span> <span class='ocrx_word' id='word_1_800' title='bbox 690 2822 760 2842; x_wconf 81' lang='lat' dir='ltr'><strong>corr.</strong></span> <span class='ocrx_word' id='word_1_801' title='bbox 777 2814 797 2841; x_wconf 84' lang='lat' dir='ltr'><strong>A</strong></span> <span class='ocrx_word' id='word_1_802' title='bbox 816 2824 822 2842; x_wconf 89' lang='lat'>:</span> <span class='ocrx_word' id='word_1_803' title='bbox 839 2816 906 2842; x_wconf 84' lang='grc' dir='ltr'>αὐτό</span> <span class='ocrx_word' id='word_1_804' title='bbox 922 2825 953 2849; x_wconf 81' lang='grc' dir='ltr'>ς.</span> 
     </span>
    </p>
   </div>
   <div class='ocr_carea' id='block_1_114' title="bbox 222 2878 426 2920">
    <p class='ocr_par' dir='ltr' id='par_1_114' title="bbox 222 2878 426 2920">
     <span class='ocr_line' id='line_1_114' title="bbox 222 2878 426 2920; baseline 0.015 -16"><span class='ocrx_word' id='word_1_805' title='bbox 222 2878 277 2920; x_wconf 53' lang='grc' dir='ltr'>τοῦ</span> <span class='ocrx_word' id='word_1_806' title='bbox 290 2880 376 2915; x_wconf 72' lang='grc' dir='ltr'>Λόγου</span> <span class='ocrx_word' id='word_1_807' title='bbox 396 2890 426 2913; x_wconf 78' lang='grc' dir='ltr'>ς.</span> 
     </span>
    </p>
   </div>
   <div class='ocr_carea' id='block_1_115' title="bbox 482 2883 921 2917">
    <p class='ocr_par' dir='ltr' id='par_1_115' title="bbox 482 2883 921 2917">
     <span class='ocr_line' id='line_1_115' title="bbox 482 2883 921 2917; baseline 0.005 -7"><span class='ocrx_word' id='word_1_808' title='bbox 482 2884 505 2899; x_wconf 58' lang='grc'><strong>³³</strong></span> <span class='ocrx_word' id='word_1_809' title='bbox 518 2883 564 2910; x_wconf 74' lang='grc' dir='ltr'>καὶ</span> <span class='ocrx_word' id='word_1_810' title='bbox 581 2885 614 2911; x_wconf 77' lang='grc' dir='ltr'>τὰ</span> <span class='ocrx_word' id='word_1_811' title='bbox 629 2893 653 2911; x_wconf 74' lang='grc' dir='ltr'>τ.</span> <span class='ocrx_word' id='word_1_812' title='bbox 667 2893 698 2917; x_wconf 82' lang='grc' dir='ltr'>ς.</span> <span class='ocrx_word' id='word_1_813' title='bbox 754 2885 777 2901; x_wconf 78' lang='grc'><strong>’⁸</strong></span> <span class='ocrx_word' id='word_1_814' title='bbox 790 2885 877 2912; x_wconf 81' lang='grc' dir='ltr'>Χαλκ.</span> <span class='ocrx_word' id='word_1_815' title='bbox 891 2887 921 2912; x_wconf 88' lang='grc' dir='ltr'><strong>Β.</strong></span> 
     </span>
    </p>
   </div>
   <div class='ocr_carea' id='block_1_116' title="bbox 442 2817 1868 2854">
    <p class='ocr_par' dir='ltr' id='par_1_116' title="bbox 442 2817 1868 2854">
     <span class='ocr_line' id='line_1_116' title="bbox 442 2817 1868 2854; baseline 0.006 -15"><span class='ocrx_word' id='word_1_816' title='bbox 442 2820 464 2852; x_wconf 59' lang='grc' dir='ltr'>ξς</span> <span class='ocrx_word' id='word_1_817' title='bbox 487 2821 516 2843; x_wconf 83' lang='grc' dir='ltr'>ς.</span> <span class='ocrx_word' id='word_1_818' title='bbox 556 2817 578 2829; x_wconf 91' lang='lat'><strong>&quot;</strong></span> <span class='ocrx_word' id='word_1_819' title='bbox 594 2817 674 2854; x_wconf 57' lang='grc' dir='ltr'>Ξῡτῷ</span> <span class='ocrx_word' id='word_1_820' title='bbox 690 2822 760 2842; x_wconf 84' lang='lat' dir='ltr'><strong>corr.</strong></span> <span class='ocrx_word' id='word_1_821' title='bbox 777 2817 797 2841; x_wconf 84' lang='lat' dir='ltr'><strong>A</strong></span> <span class='ocrx_word' id='word_1_822' title='bbox 816 2824 822 2842; x_wconf 89' lang='lat'>:</span> <span class='ocrx_word' id='word_1_823' title='bbox 839 2817 906 2854; x_wconf 62' lang='grc' dir='ltr'>αύτό</span> <span class='ocrx_word' id='word_1_824' title='bbox 922 2825 953 2849; x_wconf 80' lang='grc' dir='ltr'>ς.</span> <span class='ocrx_word' id='word_1_825' title='bbox 991 2817 1075 2854; x_wconf 72' lang='lat'><strong>’°__...]</strong></span> <span class='ocrx_word' id='word_1_826' title='bbox 1093 2817 1119 2844; x_wconf 90' lang='lat' dir='ltr'><strong>in</strong></span> <span class='ocrx_word' id='word_1_827' title='bbox 1136 2825 1178 2851; x_wconf 91' lang='lat' dir='ltr'><strong>pr.</strong></span> <span class='ocrx_word' id='word_1_828' title='bbox 1193 2817 1214 2854; x_wconf 69' lang='grc' dir='ltr'><strong>Λ</strong></span> <span class='ocrx_word' id='word_1_829' title='bbox 1227 2817 1321 2854; x_wconf 81' lang='lat' dir='ltr'><strong>lacuna</strong></span> <span class='ocrx_word' id='word_1_830' title='bbox 1339 2823 1391 2850; x_wconf 76' lang='lat' dir='ltr'><strong>est,</strong></span> <span class='ocrx_word' id='word_1_831' title='bbox 1405 2826 1466 2854; x_wconf 74' lang='lat' dir='ltr'><strong>qua:</strong></span> <span class='ocrx_word' id='word_1_832' title='bbox 1482 2827 1534 2846; x_wconf 89' lang='lat' dir='ltr'><strong>non</strong></span> <span class='ocrx_word' id='word_1_833' title='bbox 1553 2820 1748 2850; x_wconf 85' lang='lat' dir='ltr'><strong>totaimpletur</strong></span> <span class='ocrx_word' id='word_1_834' title='bbox 1765 2820 1868 2848; x_wconf 69' lang='lat' dir='ltr'><strong>inscri-</strong></span> 
     </span>
    </p>
   </div>
   <div class='ocr_carea' id='block_1_117' title="bbox 228 2847 1012 2889">
    <p class='ocr_par' dir='ltr' id='par_1_117' title="bbox 228 2847 1002 2889">
     <span class='ocr_line' id='line_1_117' title="bbox 228 2847 1002 2889; baseline 0.012 -20"><span class='ocrx_word' id='word_1_835' title='bbox 228 2849 275 2884; x_wconf 72' lang='lat' dir='ltr'><strong>plo</strong></span> <span class='ocrx_word' id='word_1_836' title='bbox 288 2851 378 2889; x_wconf 57' lang='lat' dir='ltr'><strong>postea</strong></span> <span class='ocrx_word' id='word_1_837' title='bbox 399 2847 572 2889; x_wconf 42' lang='grc' dir='ltr'>Σούκενσονι·</span> <span class='ocrx_word' id='word_1_838' title='bbox 592 2847 742 2877; x_wconf 78' lang='grc' dir='ltr'>Ξούκενσον</span> <span class='ocrx_word' id='word_1_839' title='bbox 761 2857 842 2877; x_wconf 75' lang='lat' dir='ltr'><strong>etiam</strong></span> <span class='ocrx_word' id='word_1_840' title='bbox 856 2851 877 2877; x_wconf 83' lang='grc' dir='ltr'><strong>Β</strong></span> <span class='ocrx_word' id='word_1_841' title='bbox 891 2847 1002 2880; x_wconf 56' lang='lat' dir='ltr'><strong>ett-on.</strong></span> 
     </span>
    </p>
   </div>
   <div class='ocr_carea' id='block_1_118' title="bbox 1079 2847 1685 2889">
    <p class='ocr_par' dir='ltr' id='par_1_118' title="bbox 1079 2847 1685 2889">
     <span class='ocr_line' id='line_1_118' title="bbox 1079 2847 1685 2889; baseline 0.005 -11"><span class='ocrx_word' id='word_1_842' title='bbox 1079 2860 1106 2878; x_wconf 82' lang='grc' dir='ltr'><strong>σε</strong></span> <span class='ocrx_word' id='word_1_843' title='bbox 1122 2847 1152 2883; x_wconf 65' lang='grc' dir='ltr'><strong>ςί.</strong></span> <span class='ocrx_word' id='word_1_844' title='bbox 1190 2853 1211 2868; x_wconf 84' lang='grc'><strong>¹¹</strong></span> <span class='ocrx_word' id='word_1_845' title='bbox 1228 2852 1259 2878; x_wconf 78' lang='grc' dir='ltr'>αἴ</span> <span class='ocrx_word' id='word_1_846' title='bbox 1272 2854 1294 2880; x_wconf 84' lang='grc' dir='ltr'><strong>Λ</strong></span> <span class='ocrx_word' id='word_1_847' title='bbox 1311 2862 1317 2880; x_wconf 86' lang='lat'>:</span> <span class='ocrx_word' id='word_1_848' title='bbox 1331 2847 1422 2885; x_wconf 54' lang='grc' dir='ltr'>καίςῖ</span> <span class='ocrx_word' id='word_1_849' title='bbox 1467 2854 1490 2871; x_wconf 74' lang='grc'><strong>’⁸</strong></span> <span class='ocrx_word' id='word_1_850' title='bbox 1507 2854 1638 2889; x_wconf 80' lang='grc' dir='ltr'>προθεῖσα</span> <span class='ocrx_word' id='word_1_851' title='bbox 1655 2847 1685 2882; x_wconf 74' lang='grc' dir='ltr'><strong>Β.</strong></span> 
     </span>
    </p>
   </div>
   <div class='ocr_carea' id='block_1_119' title="bbox 1742 2855 1868 2891">
    <p class='ocr_par' dir='ltr' id='par_1_119' title="bbox 1742 2855 1868 2891">
     <span class='ocr_line' id='line_1_119' title="bbox 1742 2855 1868 2891; baseline 0.008 -8"><span class='ocrx_word' id='word_1_852' title='bbox 1742 2855 1765 2870; x_wconf 82' lang='grc'><strong>³³</strong></span> <span class='ocrx_word' id='word_1_853' title='bbox 1783 2857 1868 2891; x_wconf 64' lang='grc' dir='ltr'>φύσις</span> 
     </span>
    </p>
   </div>
  </div>
