1920 3092
228 150 239 183 ε
247 151 299 181 ίὶῖδ

229 208 338 233 moueat
361 207 392 233 ut
407 204 606 240 proﬁciscatur,
619 207 648 232 et
664 202 747 231 alium
765 204 811 239 qui
830 204 870 231 ira
894 211 1016 231 commo-
1032 208 1054 236 Α

229 257 326 280 veatur
343 252 370 280 in
387 251 474 279 illum.
490 250 583 285 Neque
599 250 671 278 enim
692 250 861 278 irascebatur
879 249 929 282 illi,
947 250 1018 284 quod

229 299 386 326 mandatum
413 301 620 333 exsequeretur,
641 296 687 331 qui
713 296 740 323 id
767 300 945 331 praeceperat,
971 295 1018 323 sed

229 345 272 371 vel
294 345 471 379 imperantem
495 350 548 371 non
571 342 713 377 oportebat
730 342 830 378 2821;
860 342 953 375 irasci,
972 348 1020 369 aut

228 391 253 417 si
269 391 433 417 irasceretur
448 389 482 416 ob
503 389 589 423 ipsius
614 388 772 420 discessum,
797 395 850 415 non
877 387 1020 422 oportebat

229 437 374 471 imperare.
393 436 463 471 Ergo
483 434 612 470 Eulogius
629 435 805 469 quatstionem
826 442 874 470 per
888 434 1019 469 homony-

228 484 311 510 miam
326 482 384 519 [seu
397 482 638 516 zequivocationem
654 480 833 516 declaratant]
847 481 954 508 videtur
964 480 1019 508 sol-

228 537 301 556 vare.
312 528 365 556 Sed
378 527 444 555 mihi
462 527 567 555 videtur
580 536 595 554 a
611 527 783 554 Theodoreto
790 528 906 561 aliisque
916 528 1020 555 sanctis

228 575 356 603 Palribus
373 574 549 602 dubitationis
559 574 674 610 quaestio
686 574 782 601 melius
793 581 855 601 esse
869 573 966 601 soluta.
977 573 1019 600 Di-

230 622 267 648 cit
279 628 354 654 vero,
371 619 471 647 Davide
482 619 510 646 in
524 620 694 646 numerando
709 618 806 654 populo
815 622 956 653 peccante,
971 626 1020 652 po-

230 667 322 701 pulum
348 665 455 693 dedisse
477 672 582 699 poenas,
610 672 664 691 non
684 665 755 698 quod
779 663 824 690 ille
851 664 1020 690 numerando

230 712 360 746 peccarit.
379 711 426 739 sed
444 710 587 746 patricidze
599 709 727 737 Absaloni
744 709 843 736 bellum
864 709 933 744 patri
953 708 1020 736 infe-

230 757 301 784 renti
318 756 457 792 suppetias
479 755 571 782 tulerit
590 755 717 790 populus,
732 759 759 783 et
774 755 906 782 seditione
925 755 1019 783 eadem

229 803 356 838 abreptus
371 801 519 837 praetulerit
533 801 610 828 illum
631 801 677 836 qui
694 808 727 828 ex
745 808 793 828 sua
807 800 957 828 ambitione
973 808 1019 828 seu

228 849 357 887 superbia
374 856 487 884 regnum
503 852 641 883 rapuerat,
663 847 700 876 illi
716 848 761 882 qui
780 856 795 875 a
810 847 866 875 Deo
881 848 907 874 in
928 855 1020 883 regem

227 882 328 923 unctus
344 882 416 922 erat:
432 895 503 930 Ergo
525 894 624 926 soluta,
643 899 673 921 ut
693 894 811 926 videtur,
832 894 917 929 prima
944 882 1018 929 quae-
1035 882 1058 912 Β

227 943 328 974 alioue,
347 941 430 970 solvit
449 946 477 969 et
498 941 622 974 alteram,
639 948 699 976 quae
715 941 751 968 ita
772 941 865 968 habet.
878 940 1019 974 Quomodo

231 989 436 1024 intelligendum
451 993 495 1016 est
509 988 581 1024 quod
594 988 741 1023 Apostolus
754 987 820 1015 alibi
832 987 899 1015 dicit
915 996 921 1014 :
941 986 1020 1014 Chri-

227 1040 299 1062 stum
322 1034 443 1062 habitare
464 1035 491 1060 in
511 1033 634 1060 cordibus
651 1033 746 1061 nostris
759 1038 782 1066 t;
805 1032 904 1059 alicubi
931 1040 1018 1060 vero:

229 1081 363 1116 Quotquot
377 1081 405 1106 in
422 1080 526 1106 Christo
542 1079 668 1113 baptizati
684 1079 758 1111 estis,
769 1078 902 1105 Christum
914 1078 1019 1105 induis-

228 1129 260 1155 ti:
271 1128 296 1161 Ιι,
310 1135 372 1155 cum
391 1134 518 1161 magnum
544 1126 580 1153 sit
603 1125 750 1152 discrimen
772 1125 844 1152 inter
860 1125 1020 1152 tabernacu-

229 1174 285 1200 lmn
302 1178 329 1200 et
345 1173 543 1200 indumentum.
561 1172 655 1199 Vestis
674 1172 746 1199 enim
761 1179 894 1198 summam
914 1175 1019 1199 tantum

228 1225 320 1247 cutem
347 1219 443 1254 tangit,
469 1218 675 1246 tabernaculum
703 1225 768 1245 vero
793 1223 879 1244 totum
911 1217 1019 1252 recipit.

228 1265 354 1292 Attirmat
368 1265 442 1293 enim
455 1265 585 1292 distincta
597 1265 703 1292 ratione
717 1265 842 1291 eumdem
858 1271 918 1291 esse
930 1271 1020 1299 regem

229 1316 256 1337 et
283 1316 438 1345 pastOrem;
455 1317 544 1344 regem
564 1311 677 1345 quidem
706 1310 858 1342 hominum,
882 1314 1020 1345 pastorem

227 1363 294 1383 vero
307 1357 450 1383 hrutorum
467 1355 624 1390 appellavit,
640 1355 672 1382 ad
693 1355 798 1382 varium
814 1363 893 1382 usum
913 1363 1020 1387 eorum,

227 1402 274 1436 qui
284 1403 424 1430 beneﬁciis
434 1403 467 1429 ah
477 1410 510 1430 eo
518 1401 680 1429 adiciuntur.
688 1401 781 1437 Neque
793 1403 865 1429 enim
876 1402 1020 1437 quisquam

229 1453 304 1475 recte
321 1447 428 1475 dicatur
442 1455 489 1474 rex
505 1447 697 1478 animantium,
713 1454 802 1481 neque
817 1452 910 1480 pastor
933 1447 1021 1475 homi-

227 1501 303 1520 num.
324 1493 362 1520 [ta
381 1497 542 1527 presentetn
561 1499 669 1527 quoque
689 1492 778 1520 locum
799 1492 1019 1527 licetiuterpre-

227 1540 279 1567 tari
294 1548 301 1565 :
316 1539 426 1566 Habitat
436 1539 515 1572 enim,
529 1543 558 1566 ut
573 1539 748 1573 ipsesanctus
762 1538 861 1566 Paulus
878 1539 969 1571 docet,
982 1547 1022 1565 sa-

227 1587 326 1621 pientia
337 1586 383 1612 Dei
393 1586 461 1613 inii:
469 1586 564 1620 quib-us
578 1586 735 1620 intperat,et
747 1585 792 1620 qui
803 1585 831 1612 in
844 1585 891 1612 illo
907 1585 1019 1612 radicati

228 1637 252 1658 et
266 1631 571 1666 superwdiﬁcutiauntl.
589 1631 681 1659 Induit
703 1636 793 1658 autem
813 1630 953 1658 Christum
973 1631 1020 1665 qui

227 1679 303 1706 illum
332 1683 425 1714 postea
452 1686 562 1706 rursum
594 1686 698 1706 exuere
728 1682 828 1714 potest.
850 1678 1021 1712 Quapropter

228 1726 328 1753 merito
340 1725 374 1753 de
391 1725 519 1753 radicatis
549 1725 577 1752 in
597 1732 630 1752 eo
647 1723 745 1752 dicitur
759 1725 834 1752 illum
854 1724 980 1751 habitare
994 1723 1021 1750 in

229 1771 279 1798 eis.
293 1771 361 1798 Aliis
374 1775 466 1798 autem
478 1771 513 1798 ob
527 1770 745 1805 inexplicabilem
757 1769 930 1799 clementiam
943 1776 1019 1797 suam

228 1816 417 1844 indumentum
436 1816 482 1849 tit,
494 1816 593 1851 quibus
605 1820 791 1851 tegumentum
812 1815 924 1851 praebet,
939 1822 973 1842 ne
985 1814 1019 1841 ab

228 1862 355 1898 aquilone
372 1869 455 1891 vento
476 1870 574 1898 aspero
590 1862 756 1899 frigideque,
781 1863 827 1897 qui
848 1861 1020 1898 pestilentem

228 1915 257 1937 et
271 1910 440 1938 exitiabilem
460 1911 605 1939 animabus
624 1909 697 1937 adiat
716 1917 823 1942 auram,
845 1909 970 1937 conversi
987 1909 1020 1936 ad

228 1955 368 1984 Christum
383 1962 496 1991 pereant
512 1965 519 1984 :
537 1957 557 1984 A
575 1957 644 1992 facie
659 1957 729 1984 enim
744 1956 876 1990 aquilonis
896 1955 1021 1982 exardes-

228 2007 287 2029 ceut
303 2002 374 2029 mala
383 2007 414 2029 πη.
430 2002 478 2030 His
495 2003 580 2038 igitur
603 2003 709 2031 duabus
733 2001 930 2037 quaestionibus
947 2001 1023 2028 solu-

228 2050 276 2081 tis,
292 2049 437 2084 epistolam
460 2050 531 2076 hanc
556 2057 617 2077 cum
649 2053 772 2077 votorum
803 2047 1023 2082 comprecatione

229 2095 300 2122 ﬁuit.

793 149 923 179 PHOTH
944 148 1199 180 PATRIARCHKE
1212 149 1274 181 CP.'

1070 203 1134 240 [462
1146 204 1193 240 Η.]
1211 203 1280 240 πρὸς
1296 204 1359 238 τοὺς
1376 205 1538 240 καλοῦντας,
1552 207 1715 244 ὀργισθῆναι
1732 209 1761 237 δὲ
1777 211 1860 247 θυμῷ

1068 251 1114 278 τὸν
1129 251 1196 277 Θεὸν
1212 252 1253 278 ὅτι
1268 251 1415 287 ἐπορεύετο
1428 252 1497 288 πρὸς
1516 254 1626 286 αὐτούς.
1643 255 1794 284 Κάνταῦθα
1804 258 1862 295 γὰρ

1068 295 1148 322 ἀλλον
1162 295 1328 323 αἰνίττεσθαί
1335 296 1358 313 ³³
1365 305 1432 332 φησι
1445 298 1511 325 Θεὸν
1520 299 1567 326 τὸν
1578 300 1765 336 ἐπιτρέψαντα
1774 303 1863 340 αὐτῷ,

1069 341 1117 368 καὶ
1131 342 1211 369 ἄλλον
1231 343 1278 369 τὸν
1294 343 1455 379 ὀργισθέντα
1477 345 1555 381 θυμῷ
1575 347 1621 374 ἐπ’
1637 348 1718 376 αὐτόν
1729 358 1736 365 ·
1752 350 1782 377 οὐ
1806 351 1864 387 γὰρ

1069 387 1103 414 ἂν
1117 388 1131 414 ό
1149 388 1297 424 ἐπιτρέψας
1323 390 1457 426 ὠργίζετο
1481 392 1521 427 τῷ
1546 393 1721 430 πληρώσαντι
1742 396 1773 422 τὸ
1798 397 1863 423 ἐπι-

1069 434 1184 469 τραπέν,
1198 435 1255 462 ἀλλ’
1270 435 1482 472 ἢέπιτρέψαντα
1497 438 1547 465 οὐκ
1561 439 1614 466 ἔδει
1629 440 1791 477 θυμοῦσθαι,
1806 443 1823 478 ἦ
1839 443 1864 459 ³⁸

1070 479 1222 515 θυμοῦσθαι
1239 480 1370 515 μέλλοντα
1384 482 1512 509 ἀπελθεῖν
1537 484 1590 510 οὐκ
1612 484 1666 511 ἔδει
1688 486 1861 521 ἐπιτρέπειν.

1070 525 1156 557 Αὐτὸς
1170 526 1219 561 μὲν
1231 526 1303 554 οὕτω
1316 527 1391 554 δοκεῖ
1405 537 1465 560 πως
1477 529 1522 556 διά
1539 530 1589 565 τῆς
1599 531 1760 566 ὁμωνυμίας
1775 532 1798 548 ³⁵
1811 533 1863 567 τὴν

1069 571 1235 606 ἀμφιϐολίαν
1248 572 1425 600 ἐπιλύεσθαι·
1443 573 1554 609 ἄμεινον
1569 575 1598 601 δέ
1612 583 1658 610 μοι
1671 576 1745 602 δοκεῖ
1759 575 1863 603 Θεοδω-

1072 617 1147 652 ρήτῳ
1161 626 1191 644 τε
1212 618 1327 650 καὶτοῖς
1343 619 1433 651 ἄλλοις
1451 620 1536 655 ἱεροῖς
1550 620 1664 656 ἀνδράσι
1680 630 1863 657 πραγματευ-

1071 661 1150 697 θῆναι
1167 662 1218 697 τῆς
1231 663 1416 700 προκειμένης
1439 665 1556 701 ἀπορίας
1571 665 1620 701 τὴν
1633 667 1768 695 ἐπίλυσιν.
1780 669 1863 702 Λέγει

1070 708 1098 735 δέ
1113 709 1160 736 καὶ
1179 709 1226 736 τοῦ
1240 709 1324 736 Δασὶδ
1336 710 1365 737 ἐν
1387 711 1421 746 τῇ
1442 711 1592 747 ἀριθμήσει
1607 712 1817 748 ἁμαρτήσαντος
1832 714 1864 740 τὺ

1071 755 1174 792 πλῆθος
1202 757 1330 792 ὑποσχεῖν
1344 757 1394 793 τὴν
1417 758 1565 792 τιμωρίαν,
1578 758 1608 785 οὒ
1626 759 1694 785 διότι
1712 759 1734 775 ³⁸
1759 760 1865 791 ἐκεῖνος

1071 802 1226 839 ἠρίθμησεν
1242 823 1250 836 ,
1275 803 1333 830 ἀλλ’
1356 803 1396 830 ’ὁτι
1421 803 1460 838 τῷ
1483 804 1637 840 πατραλοίᾳ
1664 804 1863 840 Ἀϐεσσαλὼμ,

1072 849 1152 884 χεῖρα
1175 849 1309 885 πολεμίαν
1336 849 1565 882 ἐπανατείναντος
1580 851 1603 866 ³⁷
1621 850 1661 885 τῷ
1684 851 1780 887 πατρὶ,
1799 859 1864 878 συν-

1072 895 1172 931 αντῆρέ
1186 904 1216 922 τε
1232 896 1247 922 ὁ
1261 895 1324 927 λαὸς
1341 896 1388 922 καὶ
1404 895 1612 929 συνεστασίασε,
1630 897 1806 932 προτιμήσας
1818 897 1864 923 τὸν

1070 941 1100 974 ἐξ
1122 942 1267 973 αὐθαδείας
1289 941 1454 978 ἁρπάσαντα
1469 942 1517 977 τὴν
1533 942 1620 978 ἀρχὴν
1644 941 1690 969 τοῦ
1708 942 1784 978 παρά
1795 941 1864 969 Θεοῦ

1071 988 1110 1019 εἰς
1126 987 1238 1022 βασιλέα
1254 987 1422 1023 χρισθέντος.
1441 988 1497 1024 Τὴν
1524 988 1570 1015 οὖν
1597 988 1709 1024 πρώτην
1734 988 1864 1015 ἐπιλυσά-

1072 1041 1152 1068 μενος
1170 1032 1217 1068 (ὡς
1232 1032 1331 1067 ἔδοξεν)
1345 1032 1472 1068 ἀπορίαν,
1496 1032 1635 1060 ἐπιλύεται
1650 1033 1697 1059 καὶ
1713 1032 1763 1067 τὴν
1771 1032 1864 1060 δευτές

1073 1087 1122 1114 ραν
1135 1078 1249 1114 ἔχουσαν
1268 1078 1340 1105 οὕτω
1350 1087 1357 1094 ’
1374 1079 1432 1111 πῶς
1446 1079 1487 1105 δεῖ
1500 1078 1597 1114 νοῆσαι
1612 1079 1651 1113 πῆ
1669 1079 1719 1114 μὲν
1737 1078 1864 1113 λέγοντος

1070 1125 1117 1151 τοῦ
1126 1125 1285 1152 Ἀποστόλου
1295 1125 1330 1152 ἐν
1339 1124 1404 1158 ταῖς
1414 1124 1549 1159 καρδίαις
1561 1123 1646 1158 ἡμῶν
1655 1124 1806 1151 κατοικεῖν
1811 1124 1866 1151 τὸν

1071 1170 1211 1204 Χριστὸν,
1232 1170 1270 1205 πῆ
1283 1170 1326 1197 δέ’
1341 1169 1429 1197 Ὅσοι
1442 1171 1486 1202 είς
1505 1169 1636 1203 Χριστὸν
1645 1169 1846 1203 ἐϐαπτίσθητε
1856 1190 1864 1202 ,

1071 1217 1201 1251 Χριστὸν
1210 1215 1407 1250 ἐνεδύσασθε,
1426 1216 1548 1251 μεγάλης
1563 1215 1647 1251 οῦσης
1667 1217 1716 1251 τῆς
1732 1216 1864 1250 διαφορᾶς

1072 1263 1206 1298 οἰκήσεώς
1217 1272 1246 1289 τε
1258 1263 1305 1289 καὶ
1319 1263 1468 1296 ἐνδύσεως·
1481 1264 1498 1298 ή
1516 1263 1566 1298 μὲν
1581 1262 1636 1298 γὰρ
1649 1262 1679 1288 τδ
1693 1261 1862 1294 ἐπιπόλαιον,

1072 1310 1088 1344 ὴ
1104 1308 1133 1335 δὲ
1147 1309 1179 1336 τὸ
1193 1309 1237 1336 διὰ
1253 1309 1351 1344 βάθους
1365 1310 1526 1345 παρίστησι.
1539 1309 1621 1344 Λέγει
1632 1309 1660 1336 δὲ
1672 1309 1718 1336 τὸν
1732 1309 1796 1336 νοῦν
1806 1308 1865 1336 δια-

1073 1354 1174 1390 κρίνων
1188 1355 1241 1387 ὅτι,
1256 1355 1381 1390 καθάπερ
1392 1355 1473 1387 αὐτὸς
1483 1355 1530 1382 καὶ
1542 1355 1669 1390 βασιλεὺς
1683 1355 1802 1390 ὑπάρχει
1817 1355 1866 1382 καὶ

1073 1401 1185 1437 ποιμὴν,
1211 1401 1259 1428 καὶ
1277 1401 1404 1436 βασιλεὺς
1421 1401 1470 1437 μὲν
1486 1401 1539 1428 τῶν
1562 1401 1679 1436 λογικῶν
1693 1422 1700 1435 ,
1717 1401 1821 1436 ποιμὴν
1836 1401 1866 1428 δὲ

1072 1447 1126 1474 τῶν
1152 1448 1268 1482 ἀλόγων,
1297 1448 1366 1485 πρὸς
1392 1448 1441 1483 τὴν
1466 1447 1593 1484 διάφορον
1619 1448 1715 1483 χρείαν
1736 1447 1792 1474 τῶν
1816 1446 1866 1483 τὴν

1073 1494 1232 1529 εὐεργεσίαν
1254 1495 1406 1530 δεχομένων
1426 1495 1626 1530 ὀνομαζόμενος
1643 1494 1716 1530 (οὗτε
1741 1494 1797 1529 γάρ
1824 1501 1867 1524 τις

1074 1541 1178 1575 ἀλόγων
1193 1535 1346 1576 βασιλεύειν
1364 1542 1478 1573 εἰκότως
1504 1542 1613 1577 λεχθείη
1633 1540 1697 1577 [817
1719 1539 1780 1575 3.],
1800 1538 1863 1566 οὔτε

1074 1586 1230 1622 ποιμαίνειν
1244 1586 1279 1613 τὰ
1293 1586 1413 1622 λογικὰ),
1429 1586 1501 1614 οὕτω
1516 1587 1556 1613 δεῖ
1568 1585 1590 1602 ³³
1603 1586 1673 1612 νοεῖν
1687 1585 1735 1612 καὶ
1753 1585 1785 1622 τὸ
1800 1592 1869 1620 προ-

1074 1633 1211 1667 κείμενον.
1226 1633 1366 1661 Κατοικεῖ
1377 1633 1426 1669 μὲν
1446 1633 1512 1668 γὰρ,
1527 1633 1565 1665 ὡς
1584 1632 1665 1664 αὐτὸς
1691 1632 1705 1658 ὁ
1723 1630 1869 1662 θεσπέσιος

1073 1679 1146 1714 λέγει
1159 1679 1274 1711 Παῦλος,
1292 1679 1311 1713 ἠ
1327 1679 1381 1706 τοῦ
1394 1679 1467 1706 Θεοῦ
1477 1680 1570 1714 σοφία
1579 1679 1614 1706 ἐν
1625 1675 1670 1711 οἷς
1679 1677 1870 1704 πολιτεύεται

1074 1726 1123 1752 καὶ
1139 1725 1168 1752 οἱ
1182 1725 1410 1759 καθεστήκασιν
1423 1725 1608 1761 ὲρριζωμένοι
1627 1733 1658 1752 τε
1687 1723 1738 1751 καὶ
1752 1724 1871 1758 τεθεμε‹

1073 1772 1123 1808 negl
1141 1772 1170 1799 οἵ
1182 1773 1408 1807 καθεστήκασιν
1429 1772 1552 1799 ἐνδύεται
1565 1771 1593 1798 δὲ
1604 1771 1649 1798 τὸν
1661 1770 1780 1806 Χριστὸν
1793 1770 1843 1797 καὶ
1859 1771 1874 1796 ό

1074 1818 1156 1845 πάλιν
1182 1819 1264 1845 αὑτὸν
1291 1819 1440 1854 δυνάμενος
1471 1818 1668 1845 ἀποδύσασθαι.
1693 1816 1738 1843 Διό
1766 1825 1872 1851 φαμεν,

1082 1864 1294 1900 Ἐρῤιζωμένοις
1313 1865 1342 1892 ἐν
1364 1864 1438 1900 αὐτῷ
1453 1864 1564 1896 δικαίως
1575 1863 1742 1898 έγκατοικεῖ,
1764 1863 1824 1894 τοῖς
1845 1862 1874 1889 δέ

1073 1909 1164 1942 ἀλλοις
1175 1910 1219 1937 διὰ
1238 1910 1287 1948 τὴν
1298 1910 1402 1946 ἄφατον
1413 1911 1618 1947 φιλανθρωπίαν
1634 1910 1736 1944 ἔνδυμα
1751 1909 1872 1943 γίνεται,

1074 1955 1204 1991 παρέχων
1226 1956 1344 1991 σκέπην,
1368 1956 1412 1984 ἵνα
1439 1956 1478 1992 μὴ
1506 1956 1560 1983 ἀπὸ
1584 1955 1632 1982 τοῦ
1657 1955 1745 1991 βορρᾶ
1757 1954 1793 1986 ⁸¹,
1823 1952 1873 1981 τοῦ

1074 2001 1194 2036 σκληροῦ
1297 2001 1407 2038 ψυχροῦ
1436 2002 1559 2038 ἀνέμου,
1586 2002 1642 2033 τοῖς
1672 2000 1873 2035 ἐπιστρέφουσι

1075 2046 1144 2082 πρὸς
1167 2047 1249 2074 αὑτὸν
1272 2048 1442 2084 ὲπιτρίὸοιτο
1459 2048 1542 2076 ἄδικα
1563 2048 1610 2076 καὶ
1622 2047 1787 2083 ψυχοφθόρα
1808 2047 1871 2073 ἐπι-

1075 2093 1220 2125 πνέοντος·
1243 2085 1316 2121 Ἀπὸ
1338 2094 1502 2129 προσώπου
1520 2094 1576 2129 τὰρ
1600 2093 1698 2128 ,βορῤᾶ
1716 2092 1870 2126 ἐκκαυθή-

228 2148 314 2168 σεται
329 2139 364 2166 τὰ
378 2141 399 2156 ⁵⁸
417 2139 505 2167 κακά.
521 2139 577 2171 Τὰς
590 2139 636 2166 οὖν
647 2139 694 2166 δύο
707 2139 810 2170 ταύτας
825 2139 943 2175 ἀπορίας
956 2137 1157 2174 ἐπιλυσάμενος
1167 2139 1197 2166 ἐν
1211 2139 1299 2177 ταύτῃ
1314 2141 1348 2175 τῇ
1380 2141 1511 2177 ἐπιστολῇ
1541 2141 1581 2172 είς
1611 2140 1751 2175 ἐξαίτησιν
1785 2148 1871 2175 προσ.

228 2189 316 2223 ευχῶν
332 2188 457 2223 τελευτᾷ.

264 2235 337 2262 Idem
358 2235 449 2263 adhuc
474 2235 603 2270 Eulogius
628 2235 656 2262 in
685 2235 754 2263 libro
781 2242 829 2262 seu
860 2237 1059 2271 argumentoD

227 2290 300 2311 nouo
312 2283 462 2311 declaravit
482 2290 514 2310 ea
532 2283 631 2317 quibus
646 2283 708 2310 vita:
723 2283 854 2311 solitarize
870 2283 930 2311 laus
954 2275 1021 2310 con-

227 2330 341 2362 tinetur,
357 2334 384 2357 et
404 2330 469 2364 quid
491 2329 528 2357 sit
550 2329 699 2357 monachus
716 2329 856 2362 describit,
874 2335 956 2364 atque
976 2336 1022 2356 ra-

226 2376 328 2402 tionem
357 2375 416 2410 ejus
442 2375 551 2404 vivendi
569 2376 692 2410 exponit.
724 2375 854 2403 Hortatur
876 2376 938 2403 vita:
963 2383 1022 2404 mo-

227 2422 338 2449 nasticae
365 2422 496 2454 cultores,
516 2426 546 2449 ut
572 2424 606 2449 ad
628 2422 806 2458 professionis
830 2423 1019 2458 prmscriptum

225 2468 310 2495 vitam
336 2468 491 2500 instituant,
508 2473 536 2495 et
560 2475 590 2496 se
611 2469 645 2496 ad
660 2469 810 2496 solitariam
825 2469 908 2496 vitam
924 2473 952 2496 et
967 2469 1020 2497 Ec-

226 2514 316 2540 clesiae
337 2514 471 2541 unitatem
492 2513 592 2549 283a
609 2514 791 2542 conforment.
814 2514 899 2541 Erant
917 2521 1017 2547 autem,

226 2566 295 2592 quos
313 2559 385 2588 illius
400 2555 549 2588 admonitio
567 2560 687 2595 respicit,
709 2568 742 2588 ex
760 2561 878 2588 factione
894 2565 922 2587 ct
943 2566 1018 2588 secta

227 2604 385 2638 Severiana,
401 2605 440 2632 uti
457 2613 510 2633 non
526 2610 569 2633 est
585 2606 742 2635 obscurum.
758 2606 866 2639 quibus,
884 2608 1019 2640 quomodo

203 2649 430 2685 ‘[h:rreticorum
460 2652 580 2687 ipsorum
609 2651 762 2687 majorum]
788 2652 930 2680 sententia:
956 2659 1019 2679 eum

264 2726 270 2745 ι
293 2720 393 2755 Ephes.
411 2728 454 2753 tu,
469 2720 513 2748 17.
553 2721 567 2740 κ
581 2719 671 2748 Galat.
685 2727 726 2753 ιιι,
737 2719 783 2747 27.

843 2719 852 2739 1
870 2719 978 2747 Coloss;
992 2726 1023 2753 It,
1039 2718 1065 2745 7.

1111 2236 1172 2262 Ἔτι
1189 2235 1219 2262 δὲ
1238 2235 1253 2261 ό
1265 2233 1348 2267 αὐτὸς
1361 2233 1557 2270 καθωμίλησεν
1567 2234 1590 2250 δι
1609 2234 1639 2262 ἐν
1656 2233 1695 2270 τῷ
1709 2233 1732 2260 θ’
1749 2234 1868 2271 σημείῳ,

1075 2283 1108 2311 δι’
1124 2279 1162 2311 ὧν
1185 2281 1325 2317 ἐγκώμιον
1343 2280 1394 2317 μὲν
1409 2280 1586 2308 διαπλέκεται
1601 2280 1648 2307 τοῦ
1666 2281 1782 2316 μονάδος
1800 2282 1868 2317 βίου,

1075 2329 1123 2357 καὶ
1139 2328 1166 2356 τί
1182 2328 1249 2355 ποτέ
1263 2328 1341 2354 ἐστιν
1356 2328 1370 2354 ὁ
1386 2326 1512 2362 μοναχὺς,
1531 2326 1685 2362 ὑπογράφει
1695 2335 1701 2341 ·
1718 2327 1767 2354 καὶ
1789 2328 1872 2354 αὑτὸν

1074 2375 1103 2401 δὲ
1116 2373 1166 2409 τῆς
1181 2373 1267 2408 αὐτῆς
1277 2373 1418 2404 πολιτείας
1430 2373 1609 2408 ἀπαγγέλλει.
1620 2373 1753 2409 Παραινεῖ
1768 2373 1799 2400 δὲ
1807 2374 1871 2406 τοὺς

1074 2421 1126 2456 τῆς
1144 2420 1259 2456 μονάδος
1276 2419 1418 2451 πολιτείας
1437 2419 1558 2454 ἐραστὰς
1572 2420 1644 2447 κατά
1658 2410 1690 2446 τὸ
1705 2420 1873 2454 ἐπάγγελμα

1074 2465 1278 2498 πολιτεύεσθαι,
1293 2465 1340 2492 καὶ
1350 2466 1384 2500 τῇ
1403 2464 1531 2499 μονότητι
1547 2464 1594 2491 καὶ
1609 2465 1644 2500 τῇ
1657 2463 1680 2479 δ’
1697 2464 1806 2498 ἐνοτήτι
1820 2463 1873 2498 τῆς

1080 2512 1246 2548 Ἐκκλησίας
1275 2511 1506 2547 συναρμόξεσθαι.
1534 2511 1638 2547 Εἵησαν
1667 2511 1706 2544 δὲ,
1730 2510 1801 2546 πρδς
1825 2510 1873 2542 οὓς

1073 2557 1187 2594 ἀφεώρα
1204 2559 1222 2594 ἡ
1240 2558 1413 2593 παραίνεσις,
1430 2557 1480 2592 τῆς
1503 2556 1627 2592 Σεϐήρου
1649 2557 1802 2592 διασπορᾶς
1824 2556 1873 2583 καὶ

1074 2606 1239 2640 κατατομῆς
1263 2605 1372 2640 μερίδες
1394 2604 1445 2630 οὐκ
1469 2603 1572 2640 ἄσημοι
1595 2604 1635 2620 ⁸³⁸
1659 2601 1701 2635 οἷς
1716 2603 1792 2637 ὅπως
1821 2602 1872 2638 μὲν

1075 2653 1208 2688 μάχονται
1221 2651 1275 2678 τῶν
1292 2648 1421 2687 πατέρων
1436 2651 1526 2678 αὐτῶν
1539 2651 1568 2678 αι
1582 2651 1659 2685 δόξαι
1674 2650 1743 2686 πρὸς
1757 2651 1872 2682 ἑαυτὰς,

1118 2722 1136 2733 ³³
1152 2717 1254 2745 Jeretn.
1273 2725 1312 2751 vt,
1335 2717 1361 2744 I.

887 2765 1007 2794 νΑιιιλΕ
1027 2764 1230 2794 LECTIONES.

266 2814 289 2829 “
309 2814 474 2840 αἰνίττεσθαι
502 2821 558 2841 om.
577 2813 607 2841 Β.
659 2814 683 2830 ⁵³
696 2815 714 2849 ἧ
729 2814 750 2841 A
767 2822 773 2840 :
789 2814 805 2849 ἢ
821 2815 845 2841 εί
860 2823 890 2846 ς.

947 2815 969 2831 ³⁸
984 2814 1144 2850 ὁμωνυμίας
1160 2812 1206 2850 ᾼξε
1222 2811 1350 2850 ὁμονοίας
1370 2820 1402 2850 ς.

1457 2813 1478 2828 ⁸⁸
1494 2812 1525 2839 οὺ
1542 2812 1610 2839 διότι
1624 2813 1646 2839 Λ
1672 2821 1678 2839 ι
1697 2811 1755 2839 οὐδ’
1777 2812 1819 2838 ὅτι
1837 2818 1869 2843 ς.

227 2849 248 2864 ³⁷
262 2851 468 2876 ἐπανατείναντι
479 2849 535 2876 Bel
551 2858 623 2877 corr.
641 2850 663 2876 Α
677 2858 683 2876 :
701 2841 927 2881 ἐπανατέίναῖιτος
944 2859 975 2882 ς.
1002 2841 1036 2865 ’³⁸
1048 2841 1088 2876 δεί
1100 2848 1122 2875 Α
1135 2841 1145 2875 Ξ
1159 2847 1192 2883 δή
1208 2841 1246 2880 ςί
1278 2847 1301 2863 ³⁸
1313 2841 1384 2884 ﬁta-pi:
1397 2847 1430 2876 Α,
1468 2848 1491 2864 ⁵⁸
1502 2848 1536 2876 τὰ
1549 2849 1612 2876 add'.
1630 2849 1662 2875 Α.
1701 2847 1722 2863 ⁸¹
1739 2841 1869 2883 καθωμο-

227 2884 341 2919 una“
360 2892 391 2914 ‹·.

430 2885 452 2900 ⁸³
466 2885 579 2914 alterunt
596 2886 629 2922 τῇ
645 2886 708 2914 add.
721 2887 755 2913 Α.
793 2885 816 2902 ⁸³
828 2885 935 2922 μερίδος
946 2886 995 2913 οὐκ
1006 2885 1112 2922 ἄσημον
1126 2893 1157 2917 ς.
