1920 3092
67 2767 72 2790 i

89 141 160 174 1081

86 199 201 233 κινῆσαι
223 197 300 233 λέγει
312 197 343 226 τὺ
355 198 455 234 δόγμα,
468 199 494 226 οἳ
508 199 620 233 ἄγνοιαν
632 200 671 236 τῷ
688 202 783 236 Κυρίῳ
796 201 875 236 ἡμῶν
891 204 914 232 Α

92 243 182 279 Ἰησοῦ
197 244 310 280 Χριστῷ
321 245 482 280 περιάπτειν
495 245 658 281 ὑπήχθησαν
670 244 699 279 ἐξ
711 242 748 273 ὦν
758 255 789 273 τι
799 245 877 272 εἶπεν

86 290 188 322 αὑτός·
204 290 267 318 Ποῦ
283 291 434 318 τεθείκατε
450 290 603 326 Λάζαρον;
620 292 682 319 καί·
701 291 805 325 Οὐδείς
815 289 878 319 οἶδε

87 337 147 370 τὴν
155 336 238 370 ὥραν
255 336 376 370 ἐκείνην
387 337 406 371 ἢ
424 337 483 371 τὴν
500 337 614 372 ἡμέραν
629 338 701 365 οὐδὲ
715 338 738 354 ⁸⁸
760 339 777 365 d
796 339 875 371 Υἱὸς,

86 383 141 409 καὶ
146 382 177 415 ἐξ
183 382 269 409 ἄλλων
276 383 499 418 τοιουτοτρόπων.
508 383 538 410 '0
545 384 573 410 δὲ
583 383 654 419 ἱερὸς
661 383 790 418 Εὺλόγιος
799 382 876 416 οὗτος

78 428 155 461 )565
173 428 218 465 H.]
236 428 298 456 οὔτε
308 429 380 456 κατά
392 430 422 456 τὸ
435 429 615 465 ἀνθρώπινον,
628 430 717 465 πολλῷ
729 431 758 457 δὲ
776 430 876 465 μᾶλλον

86 475 149 501 οὐδὲ
165 475 236 501 κατὰ
250 475 279 501 τὺ
292 474 363 501 θεῖον
381 475 488 509 ἀγνοεῖν
499 476 544 502 τὸν
557 476 658 511 Κύριον
674 476 752 511 ἡμῶν
773 476 876 512 Ἰησοῦν

86 520 208 555 Χριστὸν
222 520 284 547 οὕτε
299 521 345 547 τὸν
360 521 446 555 τάφον
461 521 507 547 τοῦ
519 521 657 557 Λαζάρου,
675 522 737 549 οὔτε
758 522 808 557 τὴν
831 522 876 549 τέ-

85 566 160 593 λειον
181 568 287 602 ἡμέραν
302 568 475 594 διατεινεται.
492 567 561 594 Οὔτε
579 568 634 604 γὰρ
644 568 675 595 τὺ
694 569 875 604 ἀνθρώπινον,

85 613 127 644 εἰς
144 613 209 648 μίαν
228 613 379 640 ὑπόστασιν
395 613 520 640 συνελθὸν
535 614 568 649 τῇ
596 614 740 649 ἀπροσίτῳ
762 614 810 641 καὶ
831 614 878 640 οὒ-

87 659 180 685 σιώδει
196 660 289 693 σοφίᾳ,
305 660 479 694 ἀγνοήσειᾶν
490 668 527 692 τι,
544 659 639 695 ὥσπερ
649 660 724 686 οὐδὲν
736 660 790 686 τῶν
803 668 876 696 παρ-

85 704 184 737 όντων,
217 705 289 732 οὗτω
300 705 332 740 δὴ
346 705 406 732 οὐδὲ
423 705 478 732 τῶν
502 705 652 741 μελλόντων
663 726 671 739 ,
687 705 749 732 οὔτε
763 705 876 740 διαψευ-

86 749 187 783 σθῆναι
201 749 314 777 δύναται
327 750 359 777 τὸ
384 751 530 786 εἰρημένον
557 751 622 786 παρ’
645 751 746 778 αὑτοῦ·
771 751 876 779 Πάντα

86 795 147 822 ὅσα
169 795 233 829 ἔχει
249 797 266 822 ὀ
290 795 402 829 Πατὴρ,
417 795 474 830 ἐμά
484 796 581 828 ἐστιν.
595 797 619 823 ει
643 796 679 832 μὴ
698 797 754 832 ἄρα
768 797 815 823 καὶ
829 797 876 823 τὸν

85 841 198 876 Πατέρα
214 841 283 876 πρὸς
293 841 341 876 τὴν
357 841 468 875 ἄγνοιαν
483 842 508 868 oi
523 841 613 868 πάντα
629 842 783 877 τολμῶντες
804 851 875 878 παρ-

84 887 236 914 ελκὺσωσι.
255 887 292 914 Τδ
316 887 409 922 μέντοι
429 896 462 922 γε
486 888 568 922 φάναι
581 888 628 915 τὸν
659 889 791 924 Σωτῆρα·
812 888 874 916 Ποῦ

83 934 239 960 τεθείκατε
268 931 419 966 Δάζαρον;
443 933 484 963 εἰς
517 933 659 959 ἐπίστασιν
690 933 738 959 καὶ
765 933 876 968 μνήμην

84 979 190 1012 ἄγοντα
206 978 229 994 ⁸⁸
246 979 309 1010 τοὺς
324 978 462 1012 παρόντας
475 978 530 1005 τῶν
551 978 688 1005 Ἰουδαίων
703 979 801 1006 εἰπεῖν.
819 979 876 1005 Καὶ

83 1025 117 1050 οὺ
129 1024 212 1050 τοῦτο
225 1024 317 1058 μόνον,
331 1023 400 1050 ἀλλὰ
414 1024 461 1051 καὶ
486 1023 567 1059 ἕτερά
588 1032 648 1051 τινα
662 1024 874 1060 διαπράξασθαι,

85 1070 184 1105 ὥσπερ
198 1070 243 1096 τό·
259 1070 379 1097 Λύσατε
395 1070 488 1096 αὐτὸν
510 1069 562 1096 και
579 1069 670 1104 ἄφετε
682 1068 820 1104 ὑπάγειν,
834 1069 877 1097 ἵνα

86 1116 117 1148 ἐξ
131 1112 169 1142 ὧν
185 1124 215 1141 τε
233 1115 304 1142 κατὰ
326 1115 408 1150 μέρος
423 1115 493 1142 εῐόον
507 1115 556 1142 καὶ
577 1115 606 1148 ἐξ
624 1112 662 1143 ὧν
675 1116 807 1151 ἥκουσαν,
832 1124 877 1142 πι-

86 1162 152 1188 στδν
164 1162 215 1197 μὲν
233 1162 264 1189 τὸ
275 1162 389 1196 ὁρᾶσθαι
405 1162 451 1189 καὶ
469 1161 722 1198 ἀναμφισϐήτητον,
736 1161 876 1195 ἀνεξάλει-

86 1217 156 1236 τιτον
170 1207 200 1234 δὲ
215 1208 382 1243 παραδοθείη
404 1210 437 1243 τῇ
454 1209 559 1244 μνήμῃ.
573 1208 654 1243 Λέγει
676 1208 706 1235 δὲ
722 1209 763 1235 ὅτι
778 1209 825 1235 καὶ
843 1208 876 1235 τὰ

85 1255 135 1281 ἐπὶ
147 1253 267 1290 Χριστοῦ
282 1254 416 1288 λεγόμενα
428 1254 461 1281 τὰ
477 1253 527 1289 μὲν
549 1254 620 1281 κατὰ
635 1254 787 1290 ἀναφορὰν,
797 1254 832 1282 τὰ
848 1255 877 1282 δὲ

85 1300 158 1327 κατὰ
170 1300 301 1335 ἀλήθειαν
315 1300 436 1334 λέγεται·
446 1299 516 1327 κατὰ
531 1300 671 1334 ἀναφορὰν
683 1301 732 1335 μὲν
742 1300 774 1327 τὸ
785 1301 877 1337 ἁμαρ-

85 1347 148 1373 τίαν
159 1347 242 1373 αὐτὸν
260 1347 307 1373 καὶ
320 1346 445 1382 κατάραν
457 1346 527 1382 ὑπὲρ
540 1347 619 1382 ἡμῶν
632 1347 759 1380 γενέσθαι
771 1347 812 1376 (οὐ
822 1348 877 1382 γὰρ

84 1394 184 1427 γέγονε
207 1392 305 1424 ταῦτα,
320 1392 377 1419 ἀλλ’
405 1389 448 1419 οἷα
464 1392 513 1427 τῆς
540 1393 664 1427 κεφαλῆς
688 1393 876 1429 οἰκειουμένης

84 1441 120 1465 τὰ
138 1438 186 1465 τοῦ
205 1438 270 1466 ὶδιου
287 1438 424 1473 σώματος,
440 1438 521 1470 αὐτὸς
537 1438 572 1465 τὰ
586 1439 633 1465 τοῦ
656 1439 782 1474 σώματος
807 1441 876 1466 ἁνα-

82 1486 226 1519 δέχεται)·
253 1485 326 1512 κατὰ
341 1485 472 1521 ἀλήθειαν
493 1485 521 1512 δὲ
537 1485 646 1520 λέγεται
671 1485 813 1521 ἄνθρωπός
846 1494 876 1512 τε

83 1533 231 1566 γεγονέναι
252 1532 301 1558 καὶ
314 1532 442 1566 πεινῆσαι
457 1532 505 1558 καὶ
528 1531 640 1567 διψῆσαι
663 1532 760 1559 καὶτὰ
782 1533 874 1568 ὅμοια.
890 1540 912 1568 c

84 1579 170 1605 ’Ὥστε
185 1579 212 1605 εί
222 1587 266 1609 τις
284 1578 371 1606 ἐθέλοι
384 1579 475 1613 λέγειν
492 1579 599 1613 ἀγνοεῖν
623 1577 705 1605 αὑτὸν
723 1578 794 1605 κατὰ
808 1579 876 1605 ἀνα-

82 1625 185 1661 φορὰν,
201 1624 239 1657 ὡς
258 1625 309 1651 οὐκ
324 1625 402 1657 ὲκτὺς
426 1624 538 1658 ἀγνοίας
562 1624 638 1656 δντος
659 1624 741 1651 αὑτοῦ
758 1624 806 1650 τοῦ
821 1623 876 1650 σώ-

82 1679 174 1706 ματος
200 1671 260 1705 ήτοι
287 1671 337 1706 τῆς
362 1669 537 1705 ἀνθρωπίνης
569 1669 719 1704 φύσεωςυ,
737 1667 771 1705 ἦς
800 1670 877 1697 ἐστιν

82 1715 170 1747 αὐτὸς
185 1715 292 1751 κεφαλὴ
306 1715 339 1748 ⁸⁸,
354 1715 403 1742 οὐκ
425 1715 458 1741 ἂν
482 1715 532 1750 μὲν
549 1715 601 1747 ἔξω
615 1714 662 1741 τοῦ
680 1714 785 1746 εἰκότος
799 1723 877 1750 περι.

80 1761 222 1796 ενεχθείη,
235 1761 265 1788 οὐ
285 1760 338 1796 μὴν
360 1760 510 1795 ἀγνοοῦντα
526 1760 575 1796 τὴν
589 1760 636 1787 τοῦ
652 1761 759 1796 [ἰατρὸς
780 1762 878 1795 σοφίαν

80 1807 234 1839 δοξάσειεν.
264 1807 334 1833 Ἀλλ’
361 1808 385 1834 εἰ
411 1807 460 1833 τό·
492 1807 556 1834 Ποῦ
582 1807 732 1834 τεθείκατε
758 1807 875 1840 αὑτόν;

80 1854 201 1887 ἄγνοιαν
212 1852 261 1879 τοῦ
289 1852 408 1887 Χριστοῦ
431 1853 597 1888 κατηγορεῖν
620 1853 683 1885 τοὺς
697 1852 877 1885 ἀπαιδεύτους

80 1898 227 1930 ἀνέπεισε,
245 1897 304 1930 πῶς
316 1897 379 1933 οὐχὶ
390 1898 438 1924 καὶ
448 1897 489 1933 τῷ
503 1899 592 1933 Πατρ).
608 1899 658 1933 τὴν
670 1898 755 1934 αὐτὴν
767 1899 879 1933 ἄγνοιαν

79 1942 266 1978 ἐπιρῤίψουσι
289 1941 531 1978 διαπυνθανομένῳ
554 1942 602 1969 καὶ
622 1942 729 1976 λέγοντι
743 1942 813 1978 πρὸς
832 1942 878 1969 τὸν

86 1988 193 2022 Ἀδάμ·
215 1988 279 2015 Ποῦ
290 1986 336 2020 εἷ;
353 1988 401 2015 καὶ
422 1987 491 2023 πρὸς
511 1988 559 2014 τὸν
587 1987 781 2022 ἀδελφοκτόνον
792 1995 799 2002 ·
815 1987 878 2014 Ποῦ

78 2035 172 2061 ἐστιν
187 2033 270 2061 Ἀσὲλ
286 2035 303 2061 d
319 2033 453 2068 ἀδελφός
468 2041 545 2066 σου;
564 2033 611 2061 και
621 2042 628 2049 ·
644 2033 766 2068 Κραυγὴ
786 2033 878 2060 Σοδό-

77 2088 149 2114 μων
164 2079 216 2106 καὶ
226 2079 383 2114 Γομόρῤας
398 2079 618 2112 πεπλήθυνται,
633 2081 683 2106 καὶ
699 2080 728 2106 αἱ
740 2079 878 2114 ἁμαρτίαι

79 2124 186 2153 αὐτῶν·
196 2126 324 2161 μεγάλαι
337 2126 456 2160 σφόδρα
465 2133 472 2140 ·
483 2126 614 2158 καταϐὰς
626 2125 648 2141 ⁵³
661 2123 719 2153 οὖν
728 2125 839 2160 ὄψομαι
852 2127 879 2152 ει

80 2171 163 2199 κατὰ
190 2171 249 2206 τὴν
272 2172 408 2207 κραυγὴν
423 2172 524 2199 αὐτῶν
542 2171 761 2199 συντελοῦνται
772 2191 780 2204 ,
793 2173 819 2198 εί
844 2171 878 2198 δὲ

77 2218 138 2253 μὴ.
154 2218 205 2245 ἵνα
231 2217 304 2252 γνῶ.
327 2218 432 2253 Ἐρωτᾷ
455 2218 484 2244 δὲ
506 2218 554 2245 καὶ
570 2219 584 2245 ὁ
606 2217 710 2254 Ἰησοῦς
733 2217 764 2244 τὸ
786 2217 878 2251 δαιμό-
894 2209 916 2237 Ῑ)

79 2274 142 2294 νιον
152 2274 159 2280 ⁸
181 2266 213 2293 Τί
228 2265 325 2300 ὄνομά
339 2274 389 2293 σοι
395 2273 405 2297 ;
422 2265 533 2291 κάκεῖνο
549 2263 746 2299 ἀποκρίνεται·
761 2262 878 2298 Λεγεὼν

80 2310 182 2345 ὄνομά
192 2320 257 2345 μοι,
271 2310 316 2337 ὅτι
339 2310 451 2338 πολλοί
468 2309 574 2343 ἐσμεν.
595 2309 675 2336 am
693 2309 741 2336 καὶ
759 2309 815 2340 τοῖς
832 2316 879 2335 τυ-

80 2358 163 2393 φλοῖς
178 2357 271 2391 λέγει’
291 2357 321 2384 Τί
332 2356 435 2384 θέλετε
445 2355 562 2390 ποιήσω
580 2354 669 2390 ting;
690 2354 738 2381 καὶ
754 2354 813 2384 πῶς
827 2355 879 2382 οὐκ

85 2406 150 2431 ἔστι
161 2404 248 2431 ταῦτα
260 2404 376 2439 φανερὸν
387 2404 425 2435 ὼς
436 2404 488 2430 οὐκ
501 2402 611 2437 ἀγνοίας
624 2399 668 2438 ἦν,
677 2402 746 2430 ἀλλὰ
756 2403 787 2429 τὸ
799 2402 847 2437 μὲν
856 2403 879 2419 ⁵⁸

82 2451 217 2486 ἐπερωτᾷ
231 2451 279 2477 ἀπ’
294 2450 377 2477 αὑτοῦ
389 2450 437 2477 τοῦ
450 2449 589 2485 δαιμονίου
605 2448 669 2485 [884
679 2448 726 2485 8.]
737 2449 768 2476 τὸ
778 2449 881 2484 πλῆθος

83 2497 142 2523 τῶν
157 2497 361 2524 κατοικούντων
384 2497 441 2529 τοῖς
469 2495 603 2532 μαθηταῖς
626 2495 760 2527 ἐπιδεῖξαι
785 2494 880 2530 βουλό-

87 2550 182 2576 μενος,
200 2542 239 2573 ὡς
251 2543 272 2558 ⁸⁷
298 2542 331 2569 ἂν
350 2542 462 2578 μάθοιεν
484 2542 522 2573 ὡς
550 2541 597 2569 καὶ
623 2541 679 2568 τῶν
695 2541 802 2568 πολλῶν
828 2541 880 2577 ἤδη

85 2588 279 2623 περιγέγονεν,
288 2589 381 2615 πίστιν
392 2589 485 2620 αὐτοῖς
495 2588 518 2604 ⁸⁸
529 2588 578 2615 καὶ
593 2587 694 2624 Θάρσος
703 2587 818 2618 ἐντιθεὶς
826 2587 880 2614 τοῦ

86 2633 198 2660 πατεῖν
207 2633 308 2660 ἐπάνω
315 2634 414 2668 ὄφεων
429 2634 480 2661 καὶ
497 2634 653 2668 σκορπίων
658 2633 709 2660 καὶ
717 2633 768 2660 ἐπὶ
776 2632 883 2661 πᾶσαν

125 2693 140 2707 η
153 2688 233 2717 Joan.
249 2697 277 2717 ιι
289 2710 297 2721 ,
312 2690 357 2718 54.
379 2695 392 2708 °
407 2690 491 2718 Marc.
509 2698 569 2721 xm.
584 2689 630 2718 52.
668 2697 683 2716 ιι
697 2689 776 2718 Joau.
798 2698 856 2723 xvr,
871 2690 916 2718 15.

88 2731 169 2757 “tu,
191 2724 237 2752 9.0.
276 2729 291 2744 α
308 2725 392 2754 Marc.
409 2734 437 2759 ν,
451 2726 477 2754 9.
518 2730 528 2745 ν
547 2726 644 2753 Matth.
660 2733 707 2758 xx,
722 2725 768 2753 52.

620 144 926 176 BlBLlOTHECA.—
947 146 1029 178 COD.
1049 147 1182 178 CCXXX.

1647 149 1717 184 1082

929 202 1031 230 laestina
1055 205 1202 232 solitudine
1219 203 1353 233 excitasse
1373 205 1513 242 [pravum]
1535 207 1643 242 dogma,
1667 208 1714 243 qui

933 249 1047 277 Domino
1069 255 1162 278 nostro
1184 250 1246 278 Iesu
1273 251 1384 279 Christo
1411 252 1604 287 ignorantiam,
1626 261 1660 281 ex
1682 254 1716 282 iis

931 303 990 329 qua?
1004 296 1060 330 ipse
1077 297 1154 330 dixit,
1169 298 1308 332 aes-ignare
1320 298 1409 325 conati
1424 304 1489 326 sunt
1505 308 1512 326 :
1526 298 1577 326 Ubi
1590 300 1715 333 posuistis

931 340 1063 368 Lazarum
1071 341 1100 368 ³ιῖ
1113 341 1213 378 [inquit
1223 342 1362 379 Dominus]
1373 349 1400 370 et
1414 353 1420 371 :
1437 344 1521 371 Nemo
1534 345 1603 371 novit
1615 347 1714 378 horam,

930 392 975 413 aut
988 386 1056 413 diem
1067 387 1140 413 illum
1155 407 1163 420 ,
1180 396 1260 422 neque
1278 387 1366 415 Filius
1378 389 1491 416 hominis
1508 393 1531 422 °,
1550 396 1630 424 atque
1652 391 1715 417 item

930 440 962 460 ex
977 433 1037 459 aliis
1055 434 1105 460 hoc
1120 441 1205 467 genus
1221 434 1321 461 verbis.
1346 435 1463 462 Sanctus
1478 441 1567 463 autem
1590 436 1716 471 Eulogius

930 478 996 510 iste,
1018 478 1155 505 Christum
1180 479 1271 506 Jesum
1298 480 1440 507 Dominum
1466 486 1603 513 nostrum,
1629 489 1716 516 neque

930 527 1077 552 secundum
1097 526 1293 552 humanitatem
1309 527 1429 560 quidem,
1445 527 1529 553 multo
1546 528 1635 554 minus
1650 535 1715 555 vero

929 572 1077 598 secundum
1094 571 1263 599 divinitatem
1280 572 1421 607 ignorasse
1438 573 1589 606 sepulcrum
1606 572 1714 606 Lazari,

930 627 1018 653 neque
1034 620 1115 646 etiam
1136 620 1209 646 illum
1230 620 1352 647 ultiumm
1368 620 1439 648 diem
1455 621 1604 648 contendit.
1623 621 1718 655 Neque

928 665 1000 692 enim
1034 665 1188 693 humanitas
1222 665 1324 693 Christi
1357 666 1383 693 in
1411 674 1491 693 unam
1514 667 1715 693 iuaccessibilis

928 715 955 738 et
986 711 1173 738 substantialis
1217 711 1356 746 sapientiae
1401 711 1558 745 hypostasin
1599 711 1715 738 admissa

928 756 1074 791 quidquam
1094 755 1168 783 velut
1189 763 1278 783 rerum
1299 755 1484 790 praesentium,
1502 756 1538 782 ita
1563 755 1716 782 futurarum

928 802 1029 838 poterit
1053 802 1202 837 ignorare:
1223 809 1310 837 neque
1333 801 1428 829 falsum
1452 809 1512 829 esse
1536 807 1623 837 potest
1644 802 1717 836 quod

928 848 997 875 dixit
1012 858 1019 875 :
1036 847 1133 874 Omnia
1155 856 1315 883 qua-cunque
1336 848 1412 874 habet
1431 847 1521 881 Pater,
1537 857 1594 875 mea
1609 853 1670 874 sunt
1689 852 1715 879 Ρ,

927 894 977 922 nisi
1003 898 1031 922 et
1061 893 1152 926 Patri,
1183 893 1250 920 nihil
1275 901 1327 920 non
1349 893 1502 925 audentes,
1531 893 1714 927 ignorantiam

927 940 1074 968 ascribeut.
1092 939 1237 967 Enimvero
1252 939 1304 967 hoc
1318 940 1391 974 quod
1413 939 1482 967 dixit
1504 938 1648 966 Salvator:
1664 938 1715 966 Ubi

925 986 1050 1020 posuiﬂis
1063 984 1215 1012 Lazarum?
1232 993 1265 1013 eo
1285 985 1387 1013 dixisse
1405 985 1454 1016 ait.
1473 990 1501 1012 ut
1521 985 1547 1012 id
1567 989 1716 1020 praesentes

926 1031 1010 1059 Judaei
1026 1032 1139 1064 scirent,
1156 1032 1318 1065 illorumque
1335 1031 1494 1058 memoriam
1509 1030 1641 1057 ﬁrmaret.
1658 1030 1717 1057 lmo

928 1086 979 1104 non
999 1078 1049 1104 hoc
1064 1077 1162 1109 solum,
1177 1078 1223 1104 sed
1248 1082 1275 1103 et
1300 1077 1353 1103 alia
1378 1077 1499 1110 quaedam
1519 1077 1544 1103 id
1567 1083 1653 1111 genus
1673 1075 1715 1102 fe—

926 1130 997 1150 cisse
1021 1122 1156 1152 alllruiat.
1183 1128 1212 1149 ut
1237 1122 1302 1149 illud
1329 1131 1337 1149 :
1364 1121 1464 1149 Solvite
1487 1130 1564 1154 eum,
1587 1127 1610 1148 et
1637 1121 1715 1148 sinite

927 1168 998 1195 abire
1015 1172 1040 1198 ⁸1.
1065 1173 1094 1194 ut
1112 1175 1145 1194 ex
1169 1167 1202 1194 iis
1219 1176 1278 1202 quae
1302 1167 1444 1202 speciatim
1462 1167 1594 1200 videram,
1611 1171 1637 1194 et
1656 1174 1716 1202 quae

927 1213 1079 1245 audierant,
1094 1212 1174 1240 {idem
1189 1213 1330 1240 oculorum
1352 1217 1477 1240 testulam
1495 1217 1523 1240 et
1538 1213 1714 1239 indubitatam

928 1257 1053 1294 [ludatis]
1078 1257 1199 1290 faceret;
1229 1257 1367 1285 memoria:
1391 1265 1456 1284 vero
1482 1257 1588 1284 illorum
1617 1257 1716 1284 factum

928 1311 1064 1337 nunquam
1085 1303 1294 1331 oblitterandum
1318 1303 1486 1338 iungeretur.
1521 1302 1603 1330 Docet
1634 1303 1716 1329 etiam

928 1349 979 1375 alia
997 1349 1029 1375 de
1050 1348 1161 1376 Christo
1187 1349 1257 1375 dicta
1285 1355 1333 1383 per
1351 1348 1476 1383 figuram,
1491 1349 1544 1375 alia
1569 1348 1716 1375 secundum

929 1394 967 1420 rei
1001 1394 1153 1421 veritatem.
1184 1394 1312 1428 Figurate
1338 1393 1439 1420 dicitur
1466 1393 1540 1419 illum
1566 1401 1614 1427 pro
1640 1392 1718 1419 nobis

927 1439 1026 1476 2315b
1039 1445 1178 1474 peccatum
1196 1444 1223 1467 et
1237 1439 1409 1467 maledictum
1426 1439 1527 1467 factum
1543 1447 1616 1472 esse;
1632 1447 1718 1473 neque

927 1487 1000 1513 enim
1023 1485 1074 1512 fuit
1096 1486 1244 1520 quidquam
1265 1485 1374 1513 horum.
1392 1484 1446 1512 Sed
1461 1486 1543 1512 veluti
1566 1486 1616 1512 sibi
1638 1489 1721 1520 caput

928 1531 1049 1558 vindicat
1067 1538 1097 1557 ea
1116 1538 1178 1566 quae
1197 1536 1260 1558 sunt
1279 1530 1376 1565 reliqui
1392 1531 1525 1565 corporis,
1542 1531 1576 1558 ita
1593 1530 1718 1558 Christus

927 1586 959 1605 ea
974 1585 1034 1612 qua:
1053 1578 1176 1612 corporis
1195 1581 1258 1604 sunt
1282 1577 1333 1604 sibi
1356 1577 1486 1611 assignat.
1503 1576 1657 1604 Secundqu
1681 1582 1719 1604 re;

927 1625 1070 1652 veritatem
1086 1629 1176 1650 autem
1193 1623 1294 1651 dicitur
1312 1624 1393 1651 homo
1408 1624 1505 1655 factus,
1528 1629 1556 1650 et
1577 1624 1720 1656 esuriisse,

928 1675 956 1697 et
979 1669 1108 1703 sitivissc,
1127 1674 1154 1696 et
1181 1669 1232 1697 hoc
1258 1676 1345 1704 genus
1369 1669 1480 1696 similia.
1502 1669 1580 1702 Quod
1605 1669 1627 1700 si
1653 1676 1719 1702 ergo

928 1716 990 1752 quis
1015 1715 1079 1744 velit
1101 1716 1203 1748 dicere,
1223 1723 1285 1743 eum
1304 1715 1418 1751 ﬁgurate
1437 1720 1464 1742 et
1484 1715 1651 1749 anaphorica
1671 1715 1722 1741 ali-

929 1763 994 1797 quid
1011 1762 1146 1796 iguorare,
1162 1769 1196 1789 eo
1209 1761 1282 1796 quod
1301 1769 1401 1797 corpus
1421 1768 1474 1788 non
1492 1761 1528 1788 sit
1550 1765 1627 1788 extra
1645 1761 1722 1795 igno-

930 1810 1058 1840 rantiam,
1074 1814 1120 1835 aut
1137 1809 1254 1836 humana
1270 1816 1321 1835 vox
1337 1809 1414 1843 cujus
1436 1809 1493 1843 ipse
1514 1813 1594 1842 caput
1613 1813 1664 1839 est,
1698 1806 1724 1834 is

929 1863 982 1883 non
1010 1855 1127 1882 absurde
1154 1855 1293 1890 loquetur,
1317 1862 1405 1889 neque
1425 1854 1535 1881 interim
1564 1853 1653 1880 Patris
1677 1861 1722 1881 sa-

930 1901 1058 1934 pientiam
1091 1900 1231 1935 ignorasse
1261 1899 1361 1934 aliquid
1389 1900 1507 1927 docebit.
1539 1899 1592 1927 Sed
1622 1899 1645 1927 si
1676 1898 1722 1926 illa

929 1946 1010 1973 verba
1027 1955 1034 1972 τ
1050 1945 1100 1973 Ubi
1120 1945 1246 1980 paruisti:
1256 1953 1314 1972 eum
1329 1945 1342 1973 ?
1359 1945 1392 1972 ad
1405 1945 1508 1973 Christi
1525 1946 1619 1979 ipsius,
1636 1946 1721 1979 impe-

931 1992 974 2019 riti
1000 1992 1140 2023 homines.
1162 1991 1283 2020 referunt
1307 1992 1499 2026 ignorantiam,
1516 1991 1652 2026 quomodo
1669 1999 1721 2017 non

929 2036 1051 2064 eamdem
1062 2037 1240 2072 ignorantiam
1252 2037 1279 2064 in
1292 2036 1396 2064 Patrem
1408 2037 1542 2070 rejicieut,
1563 2038 1670 2070 quando
1682 2037 1716 2062 in«

930 2088 1050 2119 terrogat
1073 2088 1101 2111 et
1124 2084 1189 2112 dicit
1200 2084 1232 2111 ad
1241 2084 1374 2111 Adamum
1393 2094 1400 2111 :
1418 2083 1467 2111 Ubi
1478 2093 1505 2111 ιε
1524 2085 1554 2110 "2
1569 2089 1595 2111 et
1619 2084 1651 2110 ad
1666 2083 1721 2110 fra-

931 2131 1052 2157 tricidam
1065 2139 1071 2157 :
1093 2129 1144 2157 Ubi
1156 2135 1192 2157 eu
1213 2129 1276 2156 Abel
1286 2130 1368 2164 frater
1380 2130 1481 2157 tuus"?
1495 2135 1522 2156 et
1537 2129 1661 2156 :Clamor
1675 2128 1718 2156 So-

930 2179 1068 2203 domorum
1083 2181 1106 2203 et
1124 2175 1555 2209 Gomorrliwurummultiplicatus
1565 2181 1612 2207 est,
1628 2180 1651 2202 et
1663 2183 1722 2209 pec-

931 2226 993 2248 cata
1007 2229 1096 2248 eorum
1114 2229 1210 2255 magna
1226 2220 1302 2247 valde
1322 2229 1331 2248 .'
1346 2221 1503 2247 descendam
1519 2228 1579 2254 ergo
1593 2225 1617 2246 et
1632 2220 1723 2246 videbo

932 2274 1020 2295 utrum
1029 2268 1170 2295 clamorem
1179 2276 1255 2294 suum
1265 2267 1322 2303 [qui
1336 2267 1408 2295 venit
1418 2267 1451 2293 ad
1462 2266 1516 2302 me]
1527 2274 1603 2300 opere
1610 2266 1722 2300 comple-

933 2314 1012 2342 oerint
1021 2322 1110 2346 necne,
1118 2317 1146 2340 ut
1153 2313 1262 2339 sciam‘.
1270 2311 1423 2346 lnlerrogat
1429 2316 1457 2340 et
1464 2312 1543 2339 Jesus
1550 2312 1723 2339 daemonium:

934 2361 1012 2394 Quod
1035 2359 1084 2386 tibi
1108 2367 1202 2386 nomen
1225 2358 1286 2386 ut?
1304 2364 1332 2386 et
1363 2358 1428 2386 illud
1454 2357 1625 2392 respondet:
1646 2356 1723 2391 Legio

934 2406 999 2434 nti/ti
1015 2413 1108 2438 nomen
1125 2410 1174 2438 est,
1194 2405 1256 2439 quia
1269 2405 1346 2431 multi
1356 2407 1486 2431 sumus“.
1505 2404 1574 2437 Quin
1592 2408 1620 2430 et
1639 2410 1724 2430 caecos

933 2449 1086 2484 interrogat
1100 2458 1107 2475 :
1121 2448 1192 2481 Quid
1205 2448 1284 2475 vultis
1299 2449 1399 2482 faciam
1412 2448 1484 2475 vobis
1496 2448 1528 2474 V?
1543 2448 1575 2475 Et
1591 2448 1724 2483 quomodo

934 2504 988 2523 non
1007 2500 1090 2529 patet,
1107 2495 1165 2522 haec
1187 2502 1240 2521 nou
1262 2501 1295 2522 ex
1319 2494 1474 2529 ignorantia
1493 2494 1628 2529 quaesita?
1643 2493 1696 2521 Sed
1712 2501 1724 2519 a

936 2539 1105 2568 daetlioniltus
1123 2540 1231 2574 quidem
1248 2540 1356 2573 quaerit,
1371 2544 1471 2573 quanta
1490 2540 1526 2566 sit
1541 2538 1724 2566 obsidentium

937 2586 1091 2618 multitudo,
1108 2585 1284 2620 utdiscipulis
1299 2586 1426 2613 ostendat
1442 2594 1472 2613 se
1485 2586 1540 2620 jam
1557 2585 1650 2612 multis
1665 2591 1725 2611 esse

936 2633 1120 2668 superiorem,
1145 2636 1172 2659 et
1199 2632 1279 2659 tidem
1310 2632 1401 2659 ﬁrmet
1426 2640 1434 2658 :

955 2695 970 2715 ει
984 2690 1049 2717 ibid.
1065 2689 1110 2717 55.
1150 2693 1162 2708 ι’
1177 2687 1246 2716 Gen.
1262 2695 1304 2722 ιιι,
1319 2688 1347 2716 9.
1396 2691 1408 2706 '
1422 2686 1492 2715 Gen.
1507 2694 1546 2721 tv,
1560 2687 1588 2714 9.
1629 2687 1640 2705 ί
1655 2686 1724 2714 Gen.

1461 2631 1624 2666 animosque
1653 2630 1726 2657 addit

739 2771 855 2799 VARUE
870 2770 1076 2800 LECTIONES.

126 2817 149 2833 "
160 2818 212 2854 ήμ.
227 2819 336 2854 ἐκείνην
349 2818 411 2846 οὐδέ
428 2827 458 2851 ς.
497 2818 519 2834 ⁸³
533 2819 665 2854 ἑνάγοντα
680 2819 712 2846 Α.
761 2818 783 2834 ⁸³

90 2854 216 2886 summa;
227 2863 261 2886 ς.
300 2853 323 2871 ⁸⁵
337 2855 386 2890 μέν
397 2854 420 2882 Α
436 2861 443 2879 :
462 2853 516 2889 μήν
532 2863 562 2886 ς.

800 2817 908 2852 φύσεως
923 2818 946 2844 Α
963 2827 972 2846 ε
992 2817 1085 2853 pontii;
1098 2826 1132 2853 s'.
1168 2818 1191 2853 δέ
1205 2817 1286 2849 αὐτὸς
1300 2818 1317 2853 ἡ
1334 2815 1440 2853 κεφαλή
1457 2825 1488 2851 ς.

611 2854 633 2870 ⁶⁷
648 2855 685 2886 ὡς
703 2859 766 2882 ante
782 2854 830 2881 καὶ
854 2854 918 2882 add.

1527 2816 1549 2833 ⁵³
1560 2815 1662 2851 σφόδρα
1675 2815 1723 2842 καὶ

932 2854 967 2882 A.
997 2851 1148 2889 '.“'a6toi;
1163 2852 1262 2880 πίστιν
1275 2861 1307 2885 ς.
