  <div class='ocr_page' id='page_1' title='image "/cluster/home/n/w/nwhite01/storage/ocr_20150623/103/njp.32101010943882/675.png"; bbox 0 0 1920 3092; ppageno 0'>
   <div class='ocr_carea' id='block_1_1' title="bbox 213 133 282 167">
    <p class='ocr_par' dir='ltr' id='par_1_1' title="bbox 213 133 282 167">
     <span class='ocr_line' id='line_1_1' title="bbox 213 133 282 167; baseline 0 -1"><span class='ocrx_word' id='word_1_1' title='bbox 213 133 282 167; x_wconf 81' lang='lat'>1083</span> 
     </span>
    </p>
   </div>
   <div class='ocr_carea' id='block_1_2' title="bbox 764 132 1243 164">
    <p class='ocr_par' dir='ltr' id='par_1_2' title="bbox 764 132 1243 164">
     <span class='ocr_line' id='line_1_2' title="bbox 764 132 1243 164; baseline -0.002 0"><span class='ocrx_word' id='word_1_2' title='bbox 764 133 898 164; x_wconf 80' lang='lat' dir='ltr'>PIIOTII</span> <span class='ocrx_word' id='word_1_3' title='bbox 918 132 1171 164; x_wconf 75' lang='lat' dir='ltr'>PATRIARCH/E</span> <span class='ocrx_word' id='word_1_4' title='bbox 1187 132 1243 163; x_wconf 75' lang='grc' dir='ltr'>ΕΡ.</span> 
     </span>
    </p>
   </div>
   <div class='ocr_carea' id='block_1_3' title="bbox 1762 124 1843 158">
    <p class='ocr_par' dir='ltr' id='par_1_3' title="bbox 1762 124 1843 158">
     <span class='ocr_line' id='line_1_3' title="bbox 1762 124 1843 158; baseline -0.025 0"><span class='ocrx_word' id='word_1_5' title='bbox 1762 124 1843 158; x_wconf 65' lang='grc'>1084</span> 
     </span>
    </p>
   </div>
   <div class='ocr_carea' id='block_1_4' title="bbox 211 181 1000 223">
    <p class='ocr_par' dir='ltr' id='par_1_4' title="bbox 211 188 998 222">
     <span class='ocr_line' id='line_1_4' title="bbox 211 188 998 222; baseline 0.003 -9"><span class='ocrx_word' id='word_1_6' title='bbox 211 188 332 214; x_wconf 78' lang='lat' dir='ltr'>rulcamli</span> <span class='ocrx_word' id='word_1_7' title='bbox 356 196 436 222; x_wconf 83' lang='lat' dir='ltr'>super</span> <span class='ocrx_word' id='word_1_8' title='bbox 463 193 592 221; x_wconf 79' lang='lat' dir='ltr'>serpentes</span> <span class='ocrx_word' id='word_1_9' title='bbox 622 191 647 215; x_wconf 83' lang='lat' dir='ltr'>et</span> <span class='ocrx_word' id='word_1_10' title='bbox 674 188 833 222; x_wconf 75' lang='lat' dir='ltr'>scorpiones.</span> <span class='ocrx_word' id='word_1_11' title='bbox 858 193 884 216; x_wconf 85' lang='lat' dir='ltr'>et</span> <span class='ocrx_word' id='word_1_12' title='bbox 919 196 998 222; x_wconf 76' lang='lat' dir='ltr'>super</span> 
     </span>
    </p>
   </div>
   <div class='ocr_carea' id='block_1_5' title="bbox 1051 181 1842 223">
    <p class='ocr_par' dir='ltr' id='par_1_5' title="bbox 1051 181 1842 223">
     <span class='ocr_line' id='line_1_5' title="bbox 1051 181 1842 223; baseline -0.01 -8"><span class='ocrx_word' id='word_1_13' title='bbox 1051 187 1107 222; x_wconf 80' lang='grc' dir='ltr'>τὴν</span> <span class='ocrx_word' id='word_1_14' title='bbox 1114 187 1244 222; x_wconf 77' lang='grc' dir='ltr'>δύναμιν</span> <span class='ocrx_word' id='word_1_15' title='bbox 1251 185 1304 213; x_wconf 85' lang='grc' dir='ltr'><strong>τοῦ</strong></span> <span class='ocrx_word' id='word_1_16' title='bbox 1315 183 1433 220; x_wconf 79' lang='grc' dir='ltr'><strong>ἐχθροῦ.</strong></span> <span class='ocrx_word' id='word_1_17' title='bbox 1447 183 1516 215; x_wconf 75' lang='grc' dir='ltr'><strong>Τοὺς</strong></span> <span class='ocrx_word' id='word_1_18' title='bbox 1528 181 1645 223; x_wconf 53' lang='grc' dir='ltr'><strong>τυφλοὶξς</strong></span> <span class='ocrx_word' id='word_1_19' title='bbox 1665 181 1694 209; x_wconf 66' lang='grc' dir='ltr'>δὲ</span> <span class='ocrx_word' id='word_1_20' title='bbox 1713 181 1842 217; x_wconf 70' lang='grc' dir='ltr'><strong>ἐπερωτᾷ</strong></span> 
     </span>
    </p>
   </div>
   <div class='ocr_carea' id='block_1_6' title="bbox 211 233 999 270">
    <p class='ocr_par' dir='ltr' id='par_1_6' title="bbox 211 233 999 270">
     <span class='ocr_line' id='line_1_6' title="bbox 211 233 999 270; baseline 0.005 -12"><span class='ocrx_word' id='word_1_21' title='bbox 211 242 311 260; x_wconf 82' lang='lat' dir='ltr'>omnem</span> <span class='ocrx_word' id='word_1_22' title='bbox 329 235 451 261; x_wconf 73' lang='lat' dir='ltr'>virtutem</span> <span class='ocrx_word' id='word_1_23' title='bbox 467 233 568 260; x_wconf 78' lang='lat' dir='ltr'>inimici</span> <span class='ocrx_word' id='word_1_24' title='bbox 581 238 605 260; x_wconf 74' lang='grc' dir='ltr'>π.</span> <span class='ocrx_word' id='word_1_25' title='bbox 621 233 714 261; x_wconf 74' lang='lat' dir='ltr'>Czecos</span> <span class='ocrx_word' id='word_1_26' title='bbox 735 240 824 262; x_wconf 89' lang='lat' dir='ltr'>autem</span> <span class='ocrx_word' id='word_1_27' title='bbox 840 235 999 270; x_wconf 77' lang='lat' dir='ltr'>interrogat,</span> 
     </span>
    </p>
   </div>
   <div class='ocr_carea' id='block_1_7' title="bbox 211 279 1001 314">
    <p class='ocr_par' dir='ltr' id='par_1_7' title="bbox 211 279 1001 314">
     <span class='ocr_line' id='line_1_7' title="bbox 211 279 1001 314; baseline 0.004 -9"><span class='ocrx_word' id='word_1_28' title='bbox 211 285 241 306; x_wconf 85' lang='grc' dir='ltr'>ιιι</span> <span class='ocrx_word' id='word_1_29' title='bbox 257 280 414 313; x_wconf 73' lang='lat' dir='ltr'>petitionem</span> <span class='ocrx_word' id='word_1_30' title='bbox 430 280 464 307; x_wconf 88' lang='lat' dir='ltr'>ab</span> <span class='ocrx_word' id='word_1_31' title='bbox 480 280 532 306; x_wconf 80' lang='lat' dir='ltr'>illis</span> <span class='ocrx_word' id='word_1_32' title='bbox 555 279 657 307; x_wconf 87' lang='lat' dir='ltr'>eliciat.</span> <span class='ocrx_word' id='word_1_33' title='bbox 678 280 812 314; x_wconf 86' lang='lat' dir='ltr'>Quantum</span> <span class='ocrx_word' id='word_1_34' title='bbox 828 281 900 308; x_wconf 88' lang='lat' dir='ltr'>enim</span> <span class='ocrx_word' id='word_1_35' title='bbox 921 282 1001 308; x_wconf 87' lang='lat' dir='ltr'>bene-</span> 
     </span>
    </p>
   </div>
   <div class='ocr_carea' id='block_1_8' title="bbox 212 326 1000 360">
    <p class='ocr_par' dir='ltr' id='par_1_8' title="bbox 212 326 1000 360">
     <span class='ocr_line' id='line_1_8' title="bbox 212 326 1000 360; baseline 0.004 -9"><span class='ocrx_word' id='word_1_36' title='bbox 212 326 302 352; x_wconf 88' lang='lat' dir='ltr'>licium</span> <span class='ocrx_word' id='word_1_37' title='bbox 320 334 352 352; x_wconf 64' lang='lat' dir='ltr'>ex</span> <span class='ocrx_word' id='word_1_38' title='bbox 369 326 499 360; x_wconf 88' lang='lat' dir='ltr'>petitione</span> <span class='ocrx_word' id='word_1_39' title='bbox 518 326 681 360; x_wconf 78' lang='lat' dir='ltr'>accipimus,</span> <span class='ocrx_word' id='word_1_40' title='bbox 703 331 808 354; x_wconf 90' lang='lat' dir='ltr'>tantum</span> <span class='ocrx_word' id='word_1_41' title='bbox 820 327 952 354; x_wconf 78' lang='lat' dir='ltr'>allicimur</span> <span class='ocrx_word' id='word_1_42' title='bbox 966 327 1000 354; x_wconf 91' lang='lat' dir='ltr'>ad</span> 
     </span>
    </p>
   </div>
   <div class='ocr_carea' id='block_1_9' title="bbox 213 371 999 408">
    <p class='ocr_par' dir='ltr' id='par_1_9' title="bbox 213 371 999 408">
     <span class='ocr_line' id='line_1_9' title="bbox 213 371 999 408; baseline 0.003 -10"><span class='ocrx_word' id='word_1_43' title='bbox 213 371 376 399; x_wconf 65' lang='lat' dir='ltr'>beneﬁcium</span> <span class='ocrx_word' id='word_1_44' title='bbox 405 372 537 408; x_wconf 77' lang='lat' dir='ltr'>[agnitum</span> <span class='ocrx_word' id='word_1_45' title='bbox 567 372 605 407; x_wconf 87' lang='lat' dir='ltr'>et]</span> <span class='ocrx_word' id='word_1_46' title='bbox 634 377 788 407; x_wconf 88' lang='lat' dir='ltr'>acceptum.</span> <span class='ocrx_word' id='word_1_47' title='bbox 813 372 879 400; x_wconf 88' lang='lat' dir='ltr'>Illud</span> <span class='ocrx_word' id='word_1_48' title='bbox 909 378 999 400; x_wconf 88' lang='lat' dir='ltr'>autem</span> 
     </span>
    </p>
   </div>
   <div class='ocr_carea' id='block_1_10' title="bbox 211 418 1000 454">
    <p class='ocr_par' dir='ltr' id='par_1_10' title="bbox 211 418 1000 454">
     <span class='ocr_line' id='line_1_10' title="bbox 211 418 1000 454; baseline 0.006 -11"><span class='ocrx_word' id='word_1_49' title='bbox 211 419 281 451; x_wconf 82' lang='lat' dir='ltr'>quod</span> <span class='ocrx_word' id='word_1_50' title='bbox 309 418 342 444; x_wconf 89' lang='lat' dir='ltr'>de</span> <span class='ocrx_word' id='word_1_51' title='bbox 367 425 491 445; x_wconf 84' lang='lat' dir='ltr'>extremo</span> <span class='ocrx_word' id='word_1_52' title='bbox 516 418 610 451; x_wconf 88' lang='lat' dir='ltr'>judicii</span> <span class='ocrx_word' id='word_1_53' title='bbox 636 418 679 445; x_wconf 87' lang='lat' dir='ltr'>die</span> <span class='ocrx_word' id='word_1_54' title='bbox 708 418 821 450; x_wconf 79' lang='lat' dir='ltr'>dictum,</span> <span class='ocrx_word' id='word_1_55' title='bbox 845 419 915 454; x_wconf 89' lang='lat' dir='ltr'>quod</span> <span class='ocrx_word' id='word_1_56' title='bbox 935 420 1000 448; x_wconf 90' lang='lat' dir='ltr'>illud</span> 
     </span>
    </p>
   </div>
   <div class='ocr_carea' id='block_1_11' title="bbox 211 464 1001 498">
    <p class='ocr_par' dir='ltr' id='par_1_11' title="bbox 211 464 1001 498">
     <span class='ocr_line' id='line_1_11' title="bbox 211 464 1001 498; baseline 0.006 -9"><span class='ocrx_word' id='word_1_57' title='bbox 211 470 292 490; x_wconf 80' lang='grc' dir='ltr'>ιιειιιο</span> <span class='ocrx_word' id='word_1_58' title='bbox 312 464 397 496; x_wconf 85' lang='lat' dir='ltr'>novit,</span> <span class='ocrx_word' id='word_1_59' title='bbox 416 471 503 498; x_wconf 86' lang='lat' dir='ltr'>neque</span> <span class='ocrx_word' id='word_1_60' title='bbox 521 464 620 498; x_wconf 81' lang='lat' dir='ltr'>angeli,</span> <span class='ocrx_word' id='word_1_61' title='bbox 637 471 725 498; x_wconf 83' lang='lat' dir='ltr'>neque</span> <span class='ocrx_word' id='word_1_62' title='bbox 745 464 841 497; x_wconf 84' lang='lat' dir='ltr'>Filius,</span> <span class='ocrx_word' id='word_1_63' title='bbox 861 466 911 493; x_wconf 82' lang='lat' dir='ltr'>nisi</span> <span class='ocrx_word' id='word_1_64' title='bbox 929 467 1001 495; x_wconf 82' lang='lat' dir='ltr'>solus</span> 
     </span>
    </p>
   </div>
   <div class='ocr_carea' id='block_1_12' title="bbox 211 508 1000 543">
    <p class='ocr_par' dir='ltr' id='par_1_12' title="bbox 211 508 1000 543">
     <span class='ocr_line' id='line_1_12' title="bbox 211 508 1000 543; baseline 0.005 -7"><span class='ocrx_word' id='word_1_65' title='bbox 211 508 302 542; x_wconf 85' lang='lat' dir='ltr'>Pater,</span> <span class='ocrx_word' id='word_1_66' title='bbox 323 509 349 536; x_wconf 88' lang='lat' dir='ltr'>id</span> <span class='ocrx_word' id='word_1_67' title='bbox 366 510 475 543; x_wconf 86' lang='lat' dir='ltr'>quidam</span> <span class='ocrx_word' id='word_1_68' title='bbox 495 510 530 537; x_wconf 92' lang='lat' dir='ltr'>ob</span> <span class='ocrx_word' id='word_1_69' title='bbox 549 517 609 537; x_wconf 85' lang='lat' dir='ltr'>eam</span> <span class='ocrx_word' id='word_1_70' title='bbox 634 509 767 537; x_wconf 86' lang='lat' dir='ltr'>rationem</span> <span class='ocrx_word' id='word_1_71' title='bbox 786 511 887 538; x_wconf 86' lang='lat' dir='ltr'>dictum</span> <span class='ocrx_word' id='word_1_72' title='bbox 905 512 1000 540; x_wconf 80' lang='lat' dir='ltr'>existi-</span> 
     </span>
    </p>
   </div>
   <div class='ocr_carea' id='block_1_13' title="bbox 211 555 1000 590">
    <p class='ocr_par' dir='ltr' id='par_1_13' title="bbox 211 555 1000 590">
     <span class='ocr_line' id='line_1_13' title="bbox 211 555 1000 590; baseline 0.005 -10"><span class='ocrx_word' id='word_1_73' title='bbox 211 560 296 587; x_wconf 88' lang='lat' dir='ltr'>mant,</span> <span class='ocrx_word' id='word_1_74' title='bbox 313 561 340 582; x_wconf 92' lang='lat' dir='ltr'>ut</span> <span class='ocrx_word' id='word_1_75' title='bbox 355 556 479 590; x_wconf 80' lang='lat' dir='ltr'>discipuli</span> <span class='ocrx_word' id='word_1_76' title='bbox 503 555 627 582; x_wconf 85' lang='lat' dir='ltr'>arbitrati</span> <span class='ocrx_word' id='word_1_77' title='bbox 642 556 762 589; x_wconf 89' lang='lat' dir='ltr'>quotidie</span> <span class='ocrx_word' id='word_1_78' title='bbox 782 556 852 583; x_wconf 90' lang='lat' dir='ltr'>diem</span> <span class='ocrx_word' id='word_1_79' title='bbox 875 557 1000 584; x_wconf 87' lang='lat' dir='ltr'>ultimum</span> 
     </span>
    </p>
   </div>
   <div class='ocr_carea' id='block_1_14' title="bbox 211 600 1000 637">
    <p class='ocr_par' dir='ltr' id='par_1_14' title="bbox 211 600 1000 637">
     <span class='ocr_line' id='line_1_14' title="bbox 211 600 1000 637; baseline 0.004 -11"><span class='ocrx_word' id='word_1_80' title='bbox 211 600 353 628; x_wconf 85' lang='lat' dir='ltr'>imminere</span> <span class='ocrx_word' id='word_1_81' title='bbox 369 608 477 634; x_wconf 80' lang='lat' dir='ltr'>semper</span> <span class='ocrx_word' id='word_1_82' title='bbox 496 601 653 635; x_wconf 77' lang='lat' dir='ltr'>vigilarent.</span> <span class='ocrx_word' id='word_1_83' title='bbox 677 600 729 628; x_wconf 88' lang='lat' dir='ltr'>Sed</span> <span class='ocrx_word' id='word_1_84' title='bbox 749 601 814 628; x_wconf 85' lang='lat' dir='ltr'>nihil</span> <span class='ocrx_word' id='word_1_85' title='bbox 828 602 918 629; x_wconf 83' lang='lat' dir='ltr'>obstat</span> <span class='ocrx_word' id='word_1_86' title='bbox 932 610 1000 637; x_wconf 90' lang='lat' dir='ltr'>quo-</span> 
     </span>
    </p>
   </div>
   <div class='ocr_carea' id='block_1_15' title="bbox 211 648 998 684">
    <p class='ocr_par' dir='ltr' id='par_1_15' title="bbox 211 648 998 684">
     <span class='ocr_line' id='line_1_15' title="bbox 211 648 998 684; baseline 0.004 -10"><span class='ocrx_word' id='word_1_87' title='bbox 211 648 302 675; x_wconf 86' lang='lat' dir='ltr'>minus</span> <span class='ocrx_word' id='word_1_88' title='bbox 331 653 359 674; x_wconf 87' lang='lat' dir='ltr'>ct</span> <span class='ocrx_word' id='word_1_89' title='bbox 391 649 442 675; x_wconf 87' lang='lat' dir='ltr'>hoc</span> <span class='ocrx_word' id='word_1_90' title='bbox 474 648 590 683; x_wconf 78' lang='lat' dir='ltr'>ﬁgurate</span> <span class='ocrx_word' id='word_1_91' title='bbox 629 650 730 676; x_wconf 89' lang='lat' dir='ltr'>dictum</span> <span class='ocrx_word' id='word_1_92' title='bbox 764 650 998 684; x_wconf 88' lang='lat' dir='ltr'>interpretemur,</span> 
     </span>
    </p>
   </div>
   <div class='ocr_carea' id='block_1_16' title="bbox 211 694 1002 729">
    <p class='ocr_par' dir='ltr' id='par_1_16' title="bbox 211 694 1002 729">
     <span class='ocr_line' id='line_1_16' title="bbox 211 694 1002 729; baseline 0.005 -10"><span class='ocrx_word' id='word_1_93' title='bbox 211 694 438 727; x_wconf 75' lang='lat' dir='ltr'>quemadmodum</span> <span class='ocrx_word' id='word_1_94' title='bbox 475 700 502 722; x_wconf 88' lang='lat' dir='ltr'>et</span> <span class='ocrx_word' id='word_1_95' title='bbox 540 695 603 722; x_wconf 85' lang='lat' dir='ltr'>illud</span> <span class='ocrx_word' id='word_1_96' title='bbox 632 704 638 722; x_wconf 93' lang='lat'>:</span> <span class='ocrx_word' id='word_1_97' title='bbox 669 695 708 722; x_wconf 86' lang='lat' dir='ltr'>Tu</span> <span class='ocrx_word' id='word_1_98' title='bbox 741 696 791 722; x_wconf 78' lang='lat' dir='ltr'>scis</span> <span class='ocrx_word' id='word_1_99' title='bbox 822 695 1002 729; x_wconf 73' lang='lat' dir='ltr'>insipientiam</span> 
     </span>
    </p>
   </div>
   <div class='ocr_carea' id='block_1_17' title="bbox 210 739 1002 775">
    <p class='ocr_par' dir='ltr' id='par_1_17' title="bbox 210 739 1002 775">
     <span class='ocr_line' id='line_1_17' title="bbox 210 739 1002 775; baseline 0.003 -10"><span class='ocrx_word' id='word_1_100' title='bbox 210 744 339 770; x_wconf 64' lang='lat' dir='ltr'>meamt’,</span> <span class='ocrx_word' id='word_1_101' title='bbox 357 745 383 766; x_wconf 91' lang='lat' dir='ltr'>et</span> <span class='ocrx_word' id='word_1_102' title='bbox 407 739 482 770; x_wconf 89' lang='lat' dir='ltr'>illud,</span> <span class='ocrx_word' id='word_1_103' title='bbox 513 740 594 772; x_wconf 88' lang='lat' dir='ltr'>Deus,</span> <span class='ocrx_word' id='word_1_104' title='bbox 618 740 688 767; x_wconf 84' lang='lat' dir='ltr'>Deus</span> <span class='ocrx_word' id='word_1_105' title='bbox 711 749 793 772; x_wconf 73' lang='lat' dir='ltr'>meus,</span> <span class='ocrx_word' id='word_1_106' title='bbox 820 746 847 767; x_wconf 87' lang='lat' dir='ltr'>ut</span> <span class='ocrx_word' id='word_1_107' title='bbox 875 741 937 775; x_wconf 81' lang='lat' dir='ltr'>quid</span> <span class='ocrx_word' id='word_1_108' title='bbox 961 749 1002 768; x_wconf 88' lang='lat' dir='ltr'>me</span> 
     </span>
    </p>
   </div>
   <div class='ocr_carea' id='block_1_18' title="bbox 210 785 1000 821">
    <p class='ocr_par' dir='ltr' id='par_1_18' title="bbox 210 785 1000 821">
     <span class='ocr_line' id='line_1_18' title="bbox 210 785 1000 821; baseline 0.004 -10"><span class='ocrx_word' id='word_1_109' title='bbox 210 785 372 819; x_wconf 81' lang='lat' dir='ltr'>dereliquisti</span> <span class='ocrx_word' id='word_1_110' title='bbox 389 786 420 812; x_wconf 72' lang='lat' dir='ltr'>z‘2</span> <span class='ocrx_word' id='word_1_111' title='bbox 436 786 506 813; x_wconf 89' lang='lat' dir='ltr'>Sunt</span> <span class='ocrx_word' id='word_1_112' title='bbox 521 787 566 820; x_wconf 86' lang='lat' dir='ltr'>qui</span> <span class='ocrx_word' id='word_1_113' title='bbox 582 791 711 814; x_wconf 88' lang='lat' dir='ltr'>censeant</span> <span class='ocrx_word' id='word_1_114' title='bbox 726 787 801 813; x_wconf 90' lang='lat' dir='ltr'>illum</span> <span class='ocrx_word' id='word_1_115' title='bbox 817 786 918 814; x_wconf 79' lang='lat' dir='ltr'>dixisse</span> <span class='ocrx_word' id='word_1_116' title='bbox 929 787 1000 821; x_wconf 89' lang='lat' dir='ltr'>quod</span> 
     </span>
    </p>
   </div>
   <div class='ocr_carea' id='block_1_19' title="bbox 212 831 1000 867">
    <p class='ocr_par' dir='ltr' id='par_1_19' title="bbox 212 831 1000 867">
     <span class='ocr_line' id='line_1_19' title="bbox 212 831 1000 867; baseline 0.005 -11"><span class='ocrx_word' id='word_1_117' title='bbox 212 831 350 865; x_wconf 80' lang='lat' dir='ltr'>ignoraret</span> <span class='ocrx_word' id='word_1_118' title='bbox 365 831 487 858; x_wconf 86' lang='lat' dir='ltr'>ultimum</span> <span class='ocrx_word' id='word_1_119' title='bbox 500 833 582 864; x_wconf 84' lang='lat' dir='ltr'>diem,</span> <span class='ocrx_word' id='word_1_120' title='bbox 596 837 626 860; x_wconf 90' lang='lat' dir='ltr'>ut</span> <span class='ocrx_word' id='word_1_121' title='bbox 639 833 763 860; x_wconf 63' lang='lat' dir='ltr'>humanae</span> <span class='ocrx_word' id='word_1_122' title='bbox 778 837 881 860; x_wconf 62' lang='lat' dir='ltr'>natura:</span> <span class='ocrx_word' id='word_1_123' title='bbox 895 833 1000 867; x_wconf 73' lang='lat' dir='ltr'>signum</span> 
     </span>
    </p>
   </div>
   <div class='ocr_carea' id='block_1_20' title="bbox 211 865 1038 912">
    <p class='ocr_par' dir='ltr' id='par_1_20' title="bbox 211 865 1038 912">
     <span class='ocr_line' id='line_1_20' title="bbox 211 865 1038 912; baseline 0.005 -10"><span class='ocrx_word' id='word_1_124' title='bbox 211 877 349 910; x_wconf 86' lang='lat' dir='ltr'>proprium</span> <span class='ocrx_word' id='word_1_125' title='bbox 367 877 440 911; x_wconf 88' lang='lat' dir='ltr'>quod</span> <span class='ocrx_word' id='word_1_126' title='bbox 460 877 497 904; x_wconf 92' lang='lat' dir='ltr'>illi</span> <span class='ocrx_word' id='word_1_127' title='bbox 519 878 600 909; x_wconf 84' lang='lat' dir='ltr'>inest,</span> <span class='ocrx_word' id='word_1_128' title='bbox 620 878 772 905; x_wconf 81' lang='lat' dir='ltr'>declararet</span> <span class='ocrx_word' id='word_1_129' title='bbox 786 883 813 905; x_wconf 88' lang='lat' dir='ltr'>et</span> <span class='ocrx_word' id='word_1_130' title='bbox 826 865 999 912; x_wconf 71' lang='lat' dir='ltr'>ostenderet;</span> <span class='ocrx_word' id='word_1_131' title='bbox 1018 865 1038 895; x_wconf 69' lang='grc' dir='ltr'><strong>Β</strong></span> 
     </span>
    </p>
   </div>
   <div class='ocr_carea' id='block_1_21' title="bbox 212 922 1000 959">
    <p class='ocr_par' dir='ltr' id='par_1_21' title="bbox 212 922 1000 959">
     <span class='ocr_line' id='line_1_21' title="bbox 212 922 1000 959; baseline 0.004 -12"><span class='ocrx_word' id='word_1_132' title='bbox 212 928 265 947; x_wconf 79' lang='lat' dir='ltr'>non</span> <span class='ocrx_word' id='word_1_133' title='bbox 283 922 357 955; x_wconf 87' lang='lat' dir='ltr'>quod</span> <span class='ocrx_word' id='word_1_134' title='bbox 375 922 430 956; x_wconf 79' lang='lat' dir='ltr'>ipse</span> <span class='ocrx_word' id='word_1_135' title='bbox 452 922 588 957; x_wconf 79' lang='lat' dir='ltr'>ignoraret</span> <span class='ocrx_word' id='word_1_136' title='bbox 607 931 614 949; x_wconf 92' lang='lat'><strong>:</strong></span> <span class='ocrx_word' id='word_1_137' title='bbox 634 923 723 950; x_wconf 82' lang='lat' dir='ltr'>absit!</span> <span class='ocrx_word' id='word_1_138' title='bbox 742 923 825 959; x_wconf 74' lang='lat' dir='ltr'>[quod</span> <span class='ocrx_word' id='word_1_139' title='bbox 847 923 904 957; x_wconf 86' lang='lat' dir='ltr'>ipse</span> <span class='ocrx_word' id='word_1_140' title='bbox 925 924 1000 959; x_wconf 75' lang='lat' dir='ltr'>igno-</span> 
     </span>
    </p>
   </div>
   <div class='ocr_carea' id='block_1_22' title="bbox 212 967 1001 1004">
    <p class='ocr_par' dir='ltr' id='par_1_22' title="bbox 212 967 1001 1004">
     <span class='ocr_line' id='line_1_22' title="bbox 212 967 1001 1004; baseline 0.004 -11"><span class='ocrx_word' id='word_1_141' title='bbox 212 967 305 1003; x_wconf 85' lang='lat' dir='ltr'>rarit].</span> <span class='ocrx_word' id='word_1_142' title='bbox 328 967 489 1003; x_wconf 83' lang='lat' dir='ltr'>Quicunque</span> <span class='ocrx_word' id='word_1_143' title='bbox 508 968 580 996; x_wconf 87' lang='lat' dir='ltr'>enim</span> <span class='ocrx_word' id='word_1_144' title='bbox 613 969 656 995; x_wconf 87' lang='lat' dir='ltr'>vel</span> <span class='ocrx_word' id='word_1_145' title='bbox 679 969 811 996; x_wconf 83' lang='lat' dir='ltr'>divinitati</span> <span class='ocrx_word' id='word_1_146' title='bbox 838 969 931 1004; x_wconf 81' lang='lat' dir='ltr'>ipsius,</span> <span class='ocrx_word' id='word_1_147' title='bbox 958 969 1001 996; x_wconf 85' lang='lat' dir='ltr'>vel</span> 
     </span>
    </p>
   </div>
   <div class='ocr_carea' id='block_1_23' title="bbox 211 1012 1000 1049">
    <p class='ocr_par' dir='ltr' id='par_1_23' title="bbox 211 1012 1000 1049">
     <span class='ocr_line' id='line_1_23' title="bbox 211 1012 1000 1049; baseline 0.004 -10"><span class='ocrx_word' id='word_1_148' title='bbox 211 1012 373 1039; x_wconf 88' lang='lat' dir='ltr'>humanitati</span> <span class='ocrx_word' id='word_1_149' title='bbox 393 1013 575 1048; x_wconf 67' lang='lat' dir='ltr'>ignorantiam</span> <span class='ocrx_word' id='word_1_150' title='bbox 594 1013 693 1048; x_wconf 74' lang='lat' dir='ltr'>285a</span> <span class='ocrx_word' id='word_1_151' title='bbox 714 1014 846 1046; x_wconf 88' lang='lat' dir='ltr'>ascribet,</span> <span class='ocrx_word' id='word_1_152' title='bbox 862 1022 1000 1049; x_wconf 80' lang='lat' dir='ltr'>nunquam</span> 
     </span>
    </p>
   </div>
   <div class='ocr_carea' id='block_1_24' title="bbox 212 1059 1001 1094">
    <p class='ocr_par' dir='ltr' id='par_1_24' title="bbox 212 1059 1001 1094">
     <span class='ocr_line' id='line_1_24' title="bbox 212 1059 1001 1094; baseline 0.004 -8"><span class='ocrx_word' id='word_1_153' title='bbox 212 1059 370 1086; x_wconf 67' lang='lat' dir='ltr'>certissima:</span> <span class='ocrx_word' id='word_1_154' title='bbox 387 1060 547 1087; x_wconf 81' lang='lat' dir='ltr'>temeritatis</span> <span class='ocrx_word' id='word_1_155' title='bbox 558 1060 662 1086; x_wconf 81' lang='lat' dir='ltr'>crimen</span> <span class='ocrx_word' id='word_1_156' title='bbox 680 1059 798 1094; x_wconf 76' lang='lat' dir='ltr'>eﬂ&#39;ugiet.</span> <span class='ocrx_word' id='word_1_157' title='bbox 818 1061 871 1088; x_wconf 87' lang='lat' dir='ltr'>Sed</span> <span class='ocrx_word' id='word_1_158' title='bbox 886 1068 959 1094; x_wconf 85' lang='lat' dir='ltr'>cum,</span> <span class='ocrx_word' id='word_1_159' title='bbox 972 1065 1001 1089; x_wconf 83' lang='lat' dir='ltr'>ut</span> 
     </span>
    </p>
   </div>
   <div class='ocr_carea' id='block_1_25' title="bbox 210 1103 1000 1142">
    <p class='ocr_par' dir='ltr' id='par_1_25' title="bbox 210 1103 1000 1142">
     <span class='ocr_line' id='line_1_25' title="bbox 210 1103 1000 1142; baseline 0.004 -11"><span class='ocrx_word' id='word_1_160' title='bbox 210 1105 307 1131; x_wconf 87' lang='lat' dir='ltr'>beatus</span> <span class='ocrx_word' id='word_1_161' title='bbox 328 1103 445 1139; x_wconf 89' lang='lat' dir='ltr'>Cyrillus</span> <span class='ocrx_word' id='word_1_162' title='bbox 471 1105 560 1137; x_wconf 87' lang='lat' dir='ltr'>docet,</span> <span class='ocrx_word' id='word_1_163' title='bbox 579 1105 671 1132; x_wconf 85' lang='lat' dir='ltr'>subtili</span> <span class='ocrx_word' id='word_1_164' title='bbox 700 1107 798 1134; x_wconf 81' lang='lat' dir='ltr'>tuentis</span> <span class='ocrx_word' id='word_1_165' title='bbox 823 1112 954 1142; x_wconf 84' lang='lat' dir='ltr'>conceptu</span> <span class='ocrx_word' id='word_1_166' title='bbox 974 1111 1000 1135; x_wconf 91' lang='lat' dir='ltr'>et</span> 
     </span>
    </p>
   </div>
   <div class='ocr_carea' id='block_1_26' title="bbox 211 1150 1001 1186">
    <p class='ocr_par' dir='ltr' id='par_1_26' title="bbox 211 1150 1001 1186">
     <span class='ocr_line' id='line_1_26' title="bbox 211 1150 1001 1186; baseline 0.005 -10"><span class='ocrx_word' id='word_1_167' title='bbox 211 1150 295 1176; x_wconf 85' lang='lat' dir='ltr'>animi</span> <span class='ocrx_word' id='word_1_168' title='bbox 318 1151 480 1184; x_wconf 79' lang='lat' dir='ltr'>imaginibus</span> <span class='ocrx_word' id='word_1_169' title='bbox 500 1158 548 1185; x_wconf 90' lang='lat' dir='ltr'>per</span> <span class='ocrx_word' id='word_1_170' title='bbox 572 1151 838 1186; x_wconf 85' lang='lat' dir='ltr'>contemplationem,</span> <span class='ocrx_word' id='word_1_171' title='bbox 861 1160 917 1180; x_wconf 89' lang='lat' dir='ltr'>rem</span> <span class='ocrx_word' id='word_1_172' title='bbox 937 1160 951 1179; x_wconf 85' lang='lat' dir='ltr'>a</span> <span class='ocrx_word' id='word_1_173' title='bbox 972 1161 1001 1181; x_wconf 86' lang='lat' dir='ltr'>re</span> 
     </span>
    </p>
   </div>
   <div class='ocr_carea' id='block_1_27' title="bbox 212 1195 1001 1232">
    <p class='ocr_par' dir='ltr' id='par_1_27' title="bbox 212 1195 1001 1232">
     <span class='ocr_line' id='line_1_27' title="bbox 212 1195 1001 1232; baseline 0.006 -11"><span class='ocrx_word' id='word_1_174' title='bbox 212 1195 376 1226; x_wconf 87' lang='lat' dir='ltr'>dividimus,</span> <span class='ocrx_word' id='word_1_175' title='bbox 404 1200 459 1223; x_wconf 91' lang='lat' dir='ltr'>lum</span> <span class='ocrx_word' id='word_1_176' title='bbox 486 1197 609 1224; x_wconf 85' lang='lat' dir='ltr'>videmus</span> <span class='ocrx_word' id='word_1_177' title='bbox 638 1198 761 1232; x_wconf 81' lang='lat' dir='ltr'>proprias</span> <span class='ocrx_word' id='word_1_178' title='bbox 782 1204 885 1226; x_wconf 67' lang='lat' dir='ltr'>naturae</span> <span class='ocrx_word' id='word_1_179' title='bbox 901 1199 1001 1226; x_wconf 90' lang='lat' dir='ltr'>utrius-</span> 
     </span>
    </p>
   </div>
   <div class='ocr_carea' id='block_1_28' title="bbox 212 1241 1002 1278">
    <p class='ocr_par' dir='ltr' id='par_1_28' title="bbox 212 1241 1002 1278">
     <span class='ocr_line' id='line_1_28' title="bbox 212 1241 1002 1278; baseline 0.006 -11"><span class='ocrx_word' id='word_1_180' title='bbox 212 1248 275 1276; x_wconf 85' lang='lat' dir='ltr'>que,</span> <span class='ocrx_word' id='word_1_181' title='bbox 298 1247 327 1268; x_wconf 92' lang='lat' dir='ltr'>ut</span> <span class='ocrx_word' id='word_1_182' title='bbox 347 1241 372 1268; x_wconf 91' lang='lat' dir='ltr'>in</span> <span class='ocrx_word' id='word_1_183' title='bbox 397 1249 426 1269; x_wconf 87' lang='lat' dir='ltr'>se</span> <span class='ocrx_word' id='word_1_184' title='bbox 449 1247 500 1275; x_wconf 86' lang='lat' dir='ltr'>est,</span> <span class='ocrx_word' id='word_1_185' title='bbox 527 1247 605 1271; x_wconf 87' lang='lat' dir='ltr'>notas</span> <span class='ocrx_word' id='word_1_186' title='bbox 630 1248 657 1270; x_wconf 89' lang='lat' dir='ltr'>et</span> <span class='ocrx_word' id='word_1_187' title='bbox 677 1244 866 1278; x_wconf 87' lang='lat' dir='ltr'>proprietates.</span> <span class='ocrx_word' id='word_1_188' title='bbox 891 1245 954 1278; x_wconf 89' lang='lat' dir='ltr'>Aul,</span> <span class='ocrx_word' id='word_1_189' title='bbox 971 1249 1002 1272; x_wconf 89' lang='lat' dir='ltr'>ut</span> 
     </span>
    </p>
   </div>
   <div class='ocr_carea' id='block_1_29' title="bbox 212 1286 1001 1323">
    <p class='ocr_par' dir='ltr' id='par_1_29' title="bbox 212 1286 1001 1323">
     <span class='ocr_line' id='line_1_29' title="bbox 212 1286 1001 1323; baseline 0.005 -9"><span class='ocrx_word' id='word_1_190' title='bbox 212 1286 358 1321; x_wconf 74' lang='lat' dir='ltr'>Gregorius</span> <span class='ocrx_word' id='word_1_191' title='bbox 374 1287 525 1322; x_wconf 80' lang='lat' dir='ltr'>Theologus</span> <span class='ocrx_word' id='word_1_192' title='bbox 543 1288 636 1321; x_wconf 85' lang='lat' dir='ltr'>tradit,</span> <span class='ocrx_word' id='word_1_193' title='bbox 654 1289 762 1323; x_wconf 83' lang='lat' dir='ltr'>quando</span> <span class='ocrx_word' id='word_1_194' title='bbox 778 1293 881 1317; x_wconf 70' lang='lat' dir='ltr'>natura:</span> <span class='ocrx_word' id='word_1_195' title='bbox 897 1291 1001 1319; x_wconf 87' lang='lat' dir='ltr'>ratione</span> 
     </span>
    </p>
   </div>
   <div class='ocr_carea' id='block_1_30' title="bbox 212 1333 1001 1368">
    <p class='ocr_par' dir='ltr' id='par_1_30' title="bbox 212 1333 1001 1368">
     <span class='ocr_line' id='line_1_30' title="bbox 212 1333 1001 1368; baseline 0.005 -9"><span class='ocrx_word' id='word_1_196' title='bbox 212 1333 427 1368; x_wconf 72' lang='lat' dir='ltr'>distinguuntur,</span> <span class='ocrx_word' id='word_1_197' title='bbox 442 1335 525 1361; x_wconf 86' lang='lat' dir='ltr'>etiam</span> <span class='ocrx_word' id='word_1_198' title='bbox 548 1335 656 1361; x_wconf 91' lang='lat' dir='ltr'>nomina</span> <span class='ocrx_word' id='word_1_199' title='bbox 682 1340 842 1362; x_wconf 83' lang='lat' dir='ltr'>naturarum</span> <span class='ocrx_word' id='word_1_200' title='bbox 859 1336 939 1363; x_wconf 88' lang='lat' dir='ltr'>simul</span> <span class='ocrx_word' id='word_1_201' title='bbox 960 1337 1001 1364; x_wconf 87' lang='lat' dir='ltr'>di-</span> 
     </span>
    </p>
   </div>
   <div class='ocr_carea' id='block_1_31' title="bbox 213 1379 999 1415">
    <p class='ocr_par' dir='ltr' id='par_1_31' title="bbox 213 1379 999 1415">
     <span class='ocr_line' id='line_1_31' title="bbox 213 1379 999 1415; baseline 0.005 -11"><span class='ocrx_word' id='word_1_202' title='bbox 213 1379 352 1406; x_wconf 88' lang='lat' dir='ltr'>viduntur.</span> <span class='ocrx_word' id='word_1_203' title='bbox 369 1379 422 1407; x_wconf 88' lang='lat' dir='ltr'>Sed</span> <span class='ocrx_word' id='word_1_204' title='bbox 440 1380 518 1406; x_wconf 72' lang='lat' dir='ltr'>nuth</span> <span class='ocrx_word' id='word_1_205' title='bbox 536 1387 664 1414; x_wconf 72' lang='lat' dir='ltr'>pura-que</span> <span class='ocrx_word' id='word_1_206' title='bbox 690 1380 870 1407; x_wconf 81' lang='lat' dir='ltr'>humanitatis</span> <span class='ocrx_word' id='word_1_207' title='bbox 893 1381 999 1415; x_wconf 77' lang='lat' dir='ltr'>signum</span> 
     </span>
    </p>
   </div>
   <div class='ocr_carea' id='block_1_32' title="bbox 211 1425 999 1462">
    <p class='ocr_par' dir='ltr' id='par_1_32' title="bbox 211 1425 999 1462">
     <span class='ocr_line' id='line_1_32' title="bbox 211 1425 999 1462; baseline 0.003 -10"><span class='ocrx_word' id='word_1_208' title='bbox 211 1425 351 1460; x_wconf 88' lang='lat' dir='ltr'>proprium</span> <span class='ocrx_word' id='word_1_209' title='bbox 371 1430 413 1453; x_wconf 85' lang='lat' dir='ltr'>est</span> <span class='ocrx_word' id='word_1_210' title='bbox 434 1425 596 1460; x_wconf 80' lang='lat' dir='ltr'>ignorantia.</span> <span class='ocrx_word' id='word_1_211' title='bbox 621 1425 677 1453; x_wconf 87' lang='lat' dir='ltr'>Hae</span> <span class='ocrx_word' id='word_1_212' title='bbox 702 1427 808 1454; x_wconf 82' lang='lat' dir='ltr'>ratione</span> <span class='ocrx_word' id='word_1_213' title='bbox 822 1434 886 1462; x_wconf 70' lang='lat' dir='ltr'>ergo</span> <span class='ocrx_word' id='word_1_214' title='bbox 900 1426 999 1455; x_wconf 81' lang='lat' dir='ltr'>Christi</span> 
     </span>
    </p>
   </div>
   <div class='ocr_carea' id='block_1_33' title="bbox 212 1471 1001 1505">
    <p class='ocr_par' dir='ltr' id='par_1_33' title="bbox 212 1471 1001 1505">
     <span class='ocr_line' id='line_1_33' title="bbox 212 1471 1001 1505; baseline 0.001 -7"><span class='ocrx_word' id='word_1_215' title='bbox 212 1471 386 1503; x_wconf 84' lang='lat' dir='ltr'>humanitati,</span> <span class='ocrx_word' id='word_1_216' title='bbox 400 1475 430 1498; x_wconf 95' lang='lat' dir='ltr'>ut</span> <span class='ocrx_word' id='word_1_217' title='bbox 445 1471 561 1505; x_wconf 85' lang='lat' dir='ltr'>simplici</span> <span class='ocrx_word' id='word_1_218' title='bbox 575 1476 602 1497; x_wconf 90' lang='lat' dir='ltr'>et</span> <span class='ocrx_word' id='word_1_219' title='bbox 617 1479 691 1505; x_wconf 75' lang='lat' dir='ltr'>pura:</span> <span class='ocrx_word' id='word_1_220' title='bbox 707 1471 882 1499; x_wconf 82' lang='lat' dir='ltr'>humanitatis</span> <span class='ocrx_word' id='word_1_221' title='bbox 897 1477 1001 1500; x_wconf 74' lang='lat' dir='ltr'>natura:</span> 
     </span>
    </p>
   </div>
   <div class='ocr_carea' id='block_1_34' title="bbox 212 1516 999 1554">
    <p class='ocr_par' dir='ltr' id='par_1_34' title="bbox 212 1516 999 1554">
     <span class='ocr_line' id='line_1_34' title="bbox 212 1516 999 1554; baseline 0.003 -10"><span class='ocrx_word' id='word_1_222' title='bbox 212 1517 389 1544; x_wconf 71' lang='lat' dir='ltr'>considerata:</span> <span class='ocrx_word' id='word_1_223' title='bbox 406 1516 532 1553; x_wconf 74' lang='lat' dir='ltr'>[praecise</span> <span class='ocrx_word' id='word_1_224' title='bbox 559 1518 706 1545; x_wconf 84' lang='lat' dir='ltr'>secundum</span> <span class='ocrx_word' id='word_1_225' title='bbox 723 1525 752 1544; x_wconf 86' lang='lat' dir='ltr'>ea</span> <span class='ocrx_word' id='word_1_226' title='bbox 779 1525 837 1552; x_wconf 68' lang='lat' dir='ltr'>quae</span> <span class='ocrx_word' id='word_1_227' title='bbox 854 1525 868 1544; x_wconf 74' lang='grc' dir='ltr'>ο</span> <span class='ocrx_word' id='word_1_228' title='bbox 888 1526 917 1545; x_wconf 92' lang='lat' dir='ltr'>se</span> <span class='ocrx_word' id='word_1_229' title='bbox 941 1519 999 1554; x_wconf 86' lang='lat' dir='ltr'>ipsa</span> 
     </span>
    </p>
   </div>
   <div class='ocr_carea' id='block_1_35' title="bbox 212 1561 999 1600">
    <p class='ocr_par' dir='ltr' id='par_1_35' title="bbox 212 1561 999 1600">
     <span class='ocr_line' id='line_1_35' title="bbox 212 1561 999 1600; baseline 0.003 -10"><span class='ocrx_word' id='word_1_230' title='bbox 212 1561 305 1598; x_wconf 73' lang='lat' dir='ltr'>habet]</span> <span class='ocrx_word' id='word_1_231' title='bbox 319 1563 435 1590; x_wconf 87' lang='lat' dir='ltr'>adscribi</span> <span class='ocrx_word' id='word_1_232' title='bbox 452 1563 551 1596; x_wconf 88' lang='lat' dir='ltr'>poterit</span> <span class='ocrx_word' id='word_1_233' title='bbox 568 1563 729 1598; x_wconf 78' lang='lat' dir='ltr'>ignorantia.</span> <span class='ocrx_word' id='word_1_234' title='bbox 747 1563 780 1590; x_wconf 83' lang='lat' dir='ltr'>Et</span> <span class='ocrx_word' id='word_1_235' title='bbox 801 1565 851 1591; x_wconf 84' lang='lat' dir='ltr'>hoc</span> <span class='ocrx_word' id='word_1_236' title='bbox 869 1571 911 1592; x_wconf 81' lang='lat' dir='ltr'>est</span> <span class='ocrx_word' id='word_1_237' title='bbox 928 1567 999 1600; x_wconf 90' lang='lat' dir='ltr'>quod</span> 
     </span>
    </p>
   </div>
   <div class='ocr_carea' id='block_1_36' title="bbox 213 1611 1002 1647">
    <p class='ocr_par' dir='ltr' id='par_1_36' title="bbox 213 1611 1002 1647">
     <span class='ocr_line' id='line_1_36' title="bbox 213 1611 1002 1647; baseline 0.001 -9"><span class='ocrx_word' id='word_1_238' title='bbox 213 1611 369 1646; x_wconf 71' lang='lat' dir='ltr'>Theologus</span> <span class='ocrx_word' id='word_1_239' title='bbox 389 1611 545 1645; x_wconf 85' lang='lat' dir='ltr'>explicavit,</span> <span class='ocrx_word' id='word_1_240' title='bbox 570 1613 678 1646; x_wconf 82' lang='lat' dir='ltr'>quando</span> <span class='ocrx_word' id='word_1_241' title='bbox 702 1613 793 1640; x_wconf 87' lang='lat' dir='ltr'>dixit:</span> <span class='ocrx_word' id='word_1_242' title='bbox 816 1611 872 1639; x_wconf 82' lang='lat' dir='ltr'>Scit</span> <span class='ocrx_word' id='word_1_243' title='bbox 897 1613 1002 1647; x_wconf 84' lang='lat' dir='ltr'>quidem</span> 
     </span>
    </p>
   </div>
   <div class='ocr_carea' id='block_1_37' title="bbox 213 1657 1000 1691">
    <p class='ocr_par' dir='ltr' id='par_1_37' title="bbox 213 1657 1000 1691">
     <span class='ocr_line' id='line_1_37' title="bbox 213 1657 1000 1691; baseline 0.003 -8"><span class='ocrx_word' id='word_1_244' title='bbox 213 1663 240 1683; x_wconf 88' lang='lat' dir='ltr'>ut</span> <span class='ocrx_word' id='word_1_245' title='bbox 260 1657 344 1689; x_wconf 82' lang='lat' dir='ltr'>Deus,</span> <span class='ocrx_word' id='word_1_246' title='bbox 362 1658 443 1684; x_wconf 79' lang='lat' dir='ltr'>nescit</span> <span class='ocrx_word' id='word_1_247' title='bbox 460 1665 519 1684; x_wconf 77' lang='lat' dir='ltr'>vero</span> <span class='ocrx_word' id='word_1_248' title='bbox 535 1662 563 1684; x_wconf 82' lang='lat' dir='ltr'>ut</span> <span class='ocrx_word' id='word_1_249' title='bbox 578 1658 665 1687; x_wconf 84' lang='lat' dir='ltr'>homo.</span> <span class='ocrx_word' id='word_1_250' title='bbox 684 1658 788 1691; x_wconf 85' lang='lat' dir='ltr'>Quibus</span> <span class='ocrx_word' id='word_1_251' title='bbox 812 1659 891 1686; x_wconf 83' lang='lat' dir='ltr'>dictis</span> <span class='ocrx_word' id='word_1_252' title='bbox 917 1658 1000 1690; x_wconf 83' lang='lat' dir='ltr'>addit,</span> 
     </span>
    </p>
   </div>
   <div class='ocr_carea' id='block_1_38' title="bbox 212 1703 1002 1739">
    <p class='ocr_par' dir='ltr' id='par_1_38' title="bbox 212 1703 1002 1739">
     <span class='ocr_line' id='line_1_38' title="bbox 212 1703 1002 1739; baseline 0.003 -9"><span class='ocrx_word' id='word_1_253' title='bbox 212 1703 285 1738; x_wconf 86' lang='lat' dir='ltr'>quod</span> <span class='ocrx_word' id='word_1_254' title='bbox 305 1705 326 1730; x_wconf 78' lang='lat' dir='ltr'>si</span> <span class='ocrx_word' id='word_1_255' title='bbox 350 1704 394 1738; x_wconf 90' lang='lat' dir='ltr'>qui</span> <span class='ocrx_word' id='word_1_256' title='bbox 414 1712 446 1731; x_wconf 88' lang='lat' dir='ltr'>ex</span> <span class='ocrx_word' id='word_1_257' title='bbox 468 1704 596 1731; x_wconf 86' lang='lat' dir='ltr'>Palribus</span> <span class='ocrx_word' id='word_1_258' title='bbox 617 1704 801 1739; x_wconf 79' lang='lat' dir='ltr'>ignorantiam</span> <span class='ocrx_word' id='word_1_259' title='bbox 818 1705 844 1731; x_wconf 92' lang='lat' dir='ltr'>in</span> <span class='ocrx_word' id='word_1_260' title='bbox 863 1704 1002 1732; x_wconf 84' lang='lat' dir='ltr'>Salvatore</span> 
     </span>
    </p>
   </div>
   <div class='ocr_carea' id='block_1_39' title="bbox 212 1750 1002 1784">
    <p class='ocr_par' dir='ltr' id='par_1_39' title="bbox 212 1750 1002 1784">
     <span class='ocr_line' id='line_1_39' title="bbox 212 1750 1002 1784; baseline 0.001 -8"><span class='ocrx_word' id='word_1_261' title='bbox 212 1757 244 1776; x_wconf 88' lang='lat' dir='ltr'>ex</span> <span class='ocrx_word' id='word_1_262' title='bbox 261 1754 337 1784; x_wconf 88' lang='lat' dir='ltr'>parte</span> <span class='ocrx_word' id='word_1_263' title='bbox 353 1750 530 1777; x_wconf 85' lang='lat' dir='ltr'>humanitatis</span> <span class='ocrx_word' id='word_1_264' title='bbox 552 1750 731 1782; x_wconf 78' lang='lat' dir='ltr'>admiserunt,</span> <span class='ocrx_word' id='word_1_265' title='bbox 745 1750 771 1777; x_wconf 91' lang='lat' dir='ltr'>id</span> <span class='ocrx_word' id='word_1_266' title='bbox 789 1755 880 1777; x_wconf 86' lang='lat' dir='ltr'>tamen</span> <span class='ocrx_word' id='word_1_267' title='bbox 897 1758 949 1777; x_wconf 91' lang='lat' dir='ltr'>non</span> <span class='ocrx_word' id='word_1_268' title='bbox 973 1754 1002 1777; x_wconf 88' lang='lat' dir='ltr'>ut</span> 
     </span>
    </p>
   </div>
   <div class='ocr_carea' id='block_1_40' title="bbox 212 1795 1002 1830">
    <p class='ocr_par' dir='ltr' id='par_1_40' title="bbox 212 1795 1002 1830">
     <span class='ocr_line' id='line_1_40' title="bbox 212 1795 1002 1830; baseline 0.003 -9"><span class='ocrx_word' id='word_1_269' title='bbox 212 1795 308 1828; x_wconf 74' lang='lat' dir='ltr'>dogma</span> <span class='ocrx_word' id='word_1_270' title='bbox 325 1801 484 1827; x_wconf 81' lang='lat' dir='ltr'>sanxerunt,</span> <span class='ocrx_word' id='word_1_271' title='bbox 500 1795 547 1822; x_wconf 89' lang='lat' dir='ltr'>sed</span> <span class='ocrx_word' id='word_1_272' title='bbox 565 1795 727 1822; x_wconf 84' lang='lat' dir='ltr'>Arianorum</span> <span class='ocrx_word' id='word_1_273' title='bbox 748 1796 880 1823; x_wconf 86' lang='lat' dir='ltr'>insaniam</span> <span class='ocrx_word' id='word_1_274' title='bbox 897 1803 1002 1830; x_wconf 86' lang='lat' dir='ltr'>repres-</span> 
     </span>
    </p>
   </div>
   <div class='ocr_carea' id='block_1_41' title="bbox 212 1840 1002 1877">
    <p class='ocr_par' dir='ltr' id='par_1_41' title="bbox 212 1840 1002 1877">
     <span class='ocr_line' id='line_1_41' title="bbox 212 1840 1002 1877; baseline 0.005 -11"><span class='ocrx_word' id='word_1_275' title='bbox 212 1842 268 1867; x_wconf 86' lang='lat' dir='ltr'>suri</span> <span class='ocrx_word' id='word_1_276' title='bbox 285 1841 341 1875; x_wconf 87' lang='lat' dir='ltr'>(qui</span> <span class='ocrx_word' id='word_1_277' title='bbox 359 1841 447 1868; x_wconf 83' lang='lat' dir='ltr'>omnia</span> <span class='ocrx_word' id='word_1_278' title='bbox 466 1840 537 1877; x_wconf 66' lang='lat' dir='ltr'>[quae</span> <span class='ocrx_word' id='word_1_279' title='bbox 559 1841 584 1868; x_wconf 95' lang='lat' dir='ltr'>in</span> <span class='ocrx_word' id='word_1_280' title='bbox 601 1840 711 1868; x_wconf 84' lang='lat' dir='ltr'>Christo</span> <span class='ocrx_word' id='word_1_281' title='bbox 733 1841 820 1877; x_wconf 81' lang='lat' dir='ltr'>erant]</span> <span class='ocrx_word' id='word_1_282' title='bbox 834 1843 951 1870; x_wconf 86' lang='lat' dir='ltr'>humana</span> <span class='ocrx_word' id='word_1_283' title='bbox 968 1843 1002 1870; x_wconf 91' lang='lat' dir='ltr'>ad</span> 
     </span>
    </p>
   </div>
   <div class='ocr_carea' id='block_1_42' title="bbox 213 1883 999 1919">
    <p class='ocr_par' dir='ltr' id='par_1_42' title="bbox 213 1883 999 1919">
     <span class='ocr_line' id='line_1_42' title="bbox 213 1883 999 1919; baseline 0.004 -8"><span class='ocrx_word' id='word_1_284' title='bbox 213 1883 348 1919; x_wconf 76' lang='lat' dir='ltr'>Unigeniti</span> <span class='ocrx_word' id='word_1_285' title='bbox 373 1885 542 1912; x_wconf 76' lang='lat' dir='ltr'>divinitatem</span> <span class='ocrx_word' id='word_1_286' title='bbox 567 1885 775 1918; x_wconf 79' lang='lat' dir='ltr'>transtulerunt,</span> <span class='ocrx_word' id='word_1_287' title='bbox 800 1891 830 1913; x_wconf 91' lang='lat' dir='ltr'>ut</span> <span class='ocrx_word' id='word_1_288' title='bbox 850 1886 999 1914; x_wconf 84' lang='lat' dir='ltr'>iuereatum</span> 
     </span>
    </p>
   </div>
   <div class='ocr_carea' id='block_1_43' title="bbox 213 1928 1003 1966">
    <p class='ocr_par' dir='ltr' id='par_1_43' title="bbox 213 1928 1003 1966">
     <span class='ocr_line' id='line_1_43' title="bbox 213 1928 1003 1966; baseline 0.006 -10"><span class='ocrx_word' id='word_1_289' title='bbox 213 1928 260 1956; x_wconf 88' lang='lat' dir='ltr'>Dei</span> <span class='ocrx_word' id='word_1_290' title='bbox 286 1930 402 1957; x_wconf 74' lang='lat' dir='ltr'>Verbum</span> <span class='ocrx_word' id='word_1_291' title='bbox 431 1935 584 1958; x_wconf 82' lang='lat' dir='ltr'>creaturam</span> <span class='ocrx_word' id='word_1_292' title='bbox 609 1931 803 1966; x_wconf 82' lang='lat' dir='ltr'>ostenderent),</span> <span class='ocrx_word' id='word_1_293' title='bbox 822 1932 922 1960; x_wconf 81' lang='lat' dir='ltr'>rectius</span> <span class='ocrx_word' id='word_1_294' title='bbox 944 1933 1003 1961; x_wconf 76' lang='lat' dir='ltr'>btec</span> 
     </span>
    </p>
   </div>
   <div class='ocr_carea' id='block_1_44' title="bbox 213 1974 1004 2012">
    <p class='ocr_par' dir='ltr' id='par_1_44' title="bbox 213 1974 1004 2012">
     <span class='ocr_line' id='line_1_44' title="bbox 213 1974 1004 2012; baseline 0.005 -10"><span class='ocrx_word' id='word_1_295' title='bbox 213 1975 246 2002; x_wconf 89' lang='lat' dir='ltr'>de</span> <span class='ocrx_word' id='word_1_296' title='bbox 264 1974 432 2003; x_wconf 85' lang='lat' dir='ltr'>lmmauitatc</span> <span class='ocrx_word' id='word_1_297' title='bbox 458 1976 510 2003; x_wconf 89' lang='lat' dir='ltr'>dici</span> <span class='ocrx_word' id='word_1_298' title='bbox 534 1983 613 2010; x_wconf 82' lang='lat' dir='ltr'>posse</span> <span class='ocrx_word' id='word_1_299' title='bbox 637 1976 838 2009; x_wconf 76' lang='lat' dir='ltr'>existimarunt,</span> <span class='ocrx_word' id='word_1_300' title='bbox 853 1986 934 2012; x_wconf 91' lang='lat' dir='ltr'>quam</span> <span class='ocrx_word' id='word_1_301' title='bbox 956 1979 1004 2006; x_wconf 87' lang='lat' dir='ltr'>im-</span> 
     </span>
    </p>
   </div>
   <div class='ocr_carea' id='block_1_45' title="bbox 212 2021 1002 2058">
    <p class='ocr_par' dir='ltr' id='par_1_45' title="bbox 212 2021 1002 2058">
     <span class='ocr_line' id='line_1_45' title="bbox 212 2021 1002 2058; baseline 0.006 -10"><span class='ocrx_word' id='word_1_302' title='bbox 212 2029 292 2048; x_wconf 89' lang='lat' dir='ltr'>mana</span> <span class='ocrx_word' id='word_1_303' title='bbox 313 2021 345 2047; x_wconf 80' lang='lat' dir='ltr'>ab</span> <span class='ocrx_word' id='word_1_304' title='bbox 365 2021 417 2049; x_wconf 91' lang='lat' dir='ltr'>illis</span> <span class='ocrx_word' id='word_1_305' title='bbox 438 2021 571 2058; x_wconf 79' lang='lat' dir='ltr'>[At-inuis]</span> <span class='ocrx_word' id='word_1_306' title='bbox 602 2022 636 2048; x_wconf 87' lang='lat' dir='ltr'>ad</span> <span class='ocrx_word' id='word_1_307' title='bbox 653 2022 825 2051; x_wconf 86' lang='lat' dir='ltr'>divinitatem</span> <span class='ocrx_word' id='word_1_308' title='bbox 845 2025 927 2052; x_wconf 89' lang='lat' dir='ltr'>trahi.</span> <span class='ocrx_word' id='word_1_309' title='bbox 944 2025 1002 2053; x_wconf 87' lang='lat' dir='ltr'>Etsi</span> 
     </span>
    </p>
   </div>
   <div class='ocr_carea' id='block_1_46' title="bbox 212 2066 1003 2103">
    <p class='ocr_par' dir='ltr' id='par_1_46' title="bbox 212 2066 1003 2103">
     <span class='ocr_line' id='line_1_46' title="bbox 212 2066 1003 2103; baseline 0.005 -9"><span class='ocrx_word' id='word_1_310' title='bbox 212 2066 284 2095; x_wconf 72' lang='lat' dir='ltr'>forte</span> <span class='ocrx_word' id='word_1_311' title='bbox 304 2069 350 2102; x_wconf 93' lang='lat' dir='ltr'>qui</span> <span class='ocrx_word' id='word_1_312' title='bbox 375 2068 484 2100; x_wconf 80' lang='lat' dir='ltr'>dixerit,</span> <span class='ocrx_word' id='word_1_313' title='bbox 503 2068 585 2095; x_wconf 85' lang='lat' dir='ltr'>etiam</span> <span class='ocrx_word' id='word_1_314' title='bbox 602 2067 698 2096; x_wconf 85' lang='lat' dir='ltr'>Patres</span> <span class='ocrx_word' id='word_1_315' title='bbox 725 2069 837 2103; x_wconf 74' lang='lat' dir='ltr'>ﬁgurate</span> <span class='ocrx_word' id='word_1_316' title='bbox 861 2078 908 2098; x_wconf 89' lang='lat' dir='ltr'>seu</span> <span class='ocrx_word' id='word_1_317' title='bbox 936 2079 1003 2098; x_wconf 89' lang='lat' dir='ltr'>ana-</span> 
     </span>
    </p>
   </div>
   <div class='ocr_carea' id='block_1_47' title="bbox 212 2113 1002 2151">
    <p class='ocr_par' dir='ltr' id='par_1_47' title="bbox 212 2113 1002 2151">
     <span class='ocr_line' id='line_1_47' title="bbox 212 2113 1002 2151; baseline 0.005 -11"><span class='ocrx_word' id='word_1_318' title='bbox 212 2113 323 2147; x_wconf 85' lang='lat' dir='ltr'>pborice</span> <span class='ocrx_word' id='word_1_319' title='bbox 349 2113 452 2140; x_wconf 84' lang='lat' dir='ltr'>locutos</span> <span class='ocrx_word' id='word_1_320' title='bbox 479 2121 555 2146; x_wconf 84' lang='lat' dir='ltr'>esse,</span> <span class='ocrx_word' id='word_1_321' title='bbox 585 2114 739 2148; x_wconf 80' lang='lat' dir='ltr'>religiosius</span> <span class='ocrx_word' id='word_1_322' title='bbox 765 2115 901 2143; x_wconf 80' lang='lat' dir='ltr'>videbitur</span> <span class='ocrx_word' id='word_1_323' title='bbox 927 2116 1002 2151; x_wconf 89' lang='lat' dir='ltr'>judi-</span> 
     </span>
    </p>
   </div>
   <div class='ocr_carea' id='block_1_48' title="bbox 212 2159 840 2194">
    <p class='ocr_par' dir='ltr' id='par_1_48' title="bbox 212 2159 840 2194">
     <span class='ocr_line' id='line_1_48' title="bbox 212 2159 840 2194; baseline 0.005 -9"><span class='ocrx_word' id='word_1_324' title='bbox 212 2166 301 2186; x_wconf 82' lang='lat' dir='ltr'>easse.</span> <span class='ocrx_word' id='word_1_325' title='bbox 319 2159 366 2187; x_wconf 87' lang='lat' dir='ltr'>llis</span> <span class='ocrx_word' id='word_1_326' title='bbox 382 2159 525 2194; x_wconf 80' lang='lat' dir='ltr'>expositis,</span> <span class='ocrx_word' id='word_1_327' title='bbox 542 2160 648 2188; x_wconf 86' lang='lat' dir='ltr'>dicendi</span> <span class='ocrx_word' id='word_1_328' title='bbox 665 2160 745 2188; x_wconf 79' lang='lat' dir='ltr'>tinem</span> <span class='ocrx_word' id='word_1_329' title='bbox 765 2161 840 2189; x_wconf 73' lang='lat' dir='ltr'>facit.</span> 
     </span>
    </p>
   </div>
   <div class='ocr_carea' id='block_1_49' title="bbox 1051 228 1842 268">
    <p class='ocr_par' dir='ltr' id='par_1_49' title="bbox 1051 228 1842 268">
     <span class='ocr_line' id='line_1_49' title="bbox 1051 228 1842 268; baseline -0.01 -7"><span class='ocrx_word' id='word_1_330' title='bbox 1051 233 1203 268; x_wconf 79' lang='grc' dir='ltr'><strong>οἰκονομῶν</strong></span> <span class='ocrx_word' id='word_1_331' title='bbox 1217 233 1247 266; x_wconf 78' lang='grc' dir='ltr'>ἐξ</span> <span class='ocrx_word' id='word_1_332' title='bbox 1262 232 1354 259; x_wconf 78' lang='grc' dir='ltr'><strong>αὐτῶν</strong></span> <span class='ocrx_word' id='word_1_333' title='bbox 1375 229 1564 265; x_wconf 74' lang='grc' dir='ltr'>προσαχθῆναι</span> <span class='ocrx_word' id='word_1_334' title='bbox 1578 229 1627 264; x_wconf 81' lang='grc' dir='ltr'>τὴν</span> <span class='ocrx_word' id='word_1_335' title='bbox 1642 229 1765 263; x_wconf 74' lang='grc' dir='ltr'><strong>αἴτησιν·</strong></span> <span class='ocrx_word' id='word_1_336' title='bbox 1779 228 1842 254; x_wconf 73' lang='grc' dir='ltr'><strong>ὅσον</strong></span> 
     </span>
    </p>
   </div>
   <div class='ocr_carea' id='block_1_50' title="bbox 1050 273 1842 314">
    <p class='ocr_par' dir='ltr' id='par_1_50' title="bbox 1050 273 1842 314">
     <span class='ocr_line' id='line_1_50' title="bbox 1050 273 1842 314; baseline -0.01 -8"><span class='ocrx_word' id='word_1_337' title='bbox 1050 279 1105 314; x_wconf 83' lang='grc' dir='ltr'><strong>γὰρ</strong></span> <span class='ocrx_word' id='word_1_338' title='bbox 1121 278 1261 310; x_wconf 76' lang='grc' dir='ltr'>αἰτοῦντες</span> <span class='ocrx_word' id='word_1_339' title='bbox 1285 278 1336 312; x_wconf 82' lang='grc' dir='ltr'><strong>τῆς</strong></span> <span class='ocrx_word' id='word_1_340' title='bbox 1352 275 1488 310; x_wconf 82' lang='grc' dir='ltr'><strong>ὠφελείας</strong></span> <span class='ocrx_word' id='word_1_341' title='bbox 1509 274 1689 309; x_wconf 83' lang='grc' dir='ltr'>τυγχάνομεν,</span> <span class='ocrx_word' id='word_1_342' title='bbox 1713 273 1842 299; x_wconf 80' lang='grc' dir='ltr'><strong>τοσοῦτον</strong></span> 
     </span>
    </p>
   </div>
   <div class='ocr_carea' id='block_1_51' title="bbox 1050 320 1843 360">
    <p class='ocr_par' dir='ltr' id='par_1_51' title="bbox 1050 320 1843 360">
     <span class='ocr_line' id='line_1_51' title="bbox 1050 320 1843 360; baseline -0.008 -8"><span class='ocrx_word' id='word_1_343' title='bbox 1050 325 1100 360; x_wconf 81' lang='grc' dir='ltr'>τὴν</span> <span class='ocrx_word' id='word_1_344' title='bbox 1120 324 1249 358; x_wconf 77' lang='grc' dir='ltr'><strong>αἴσθησιν</strong></span> <span class='ocrx_word' id='word_1_345' title='bbox 1265 323 1315 359; x_wconf 80' lang='grc' dir='ltr'>τῆς</span> <span class='ocrx_word' id='word_1_346' title='bbox 1332 322 1496 358; x_wconf 77' lang='grc' dir='ltr'>εὐεργεσίας</span> <span class='ocrx_word' id='word_1_347' title='bbox 1512 321 1656 356; x_wconf 83' lang='grc' dir='ltr'><strong>δεχόμεθα.</strong></span> <span class='ocrx_word' id='word_1_348' title='bbox 1669 321 1706 347; x_wconf 80' lang='grc' dir='ltr'>Τὸ</span> <span class='ocrx_word' id='word_1_349' title='bbox 1730 320 1759 347; x_wconf 81' lang='grc' dir='ltr'>δὲ</span> <span class='ocrx_word' id='word_1_350' title='bbox 1776 321 1843 354; x_wconf 78' lang='grc' dir='ltr'>περὶ</span> 
     </span>
    </p>
   </div>
   <div class='ocr_carea' id='block_1_52' title="bbox 1049 365 1842 407">
    <p class='ocr_par' dir='ltr' id='par_1_52' title="bbox 1049 365 1842 407">
     <span class='ocr_line' id='line_1_52' title="bbox 1049 365 1842 407; baseline -0.009 -8"><span class='ocrx_word' id='word_1_351' title='bbox 1049 372 1099 407; x_wconf 75' lang='grc' dir='ltr'>τῆς</span> <span class='ocrx_word' id='word_1_352' title='bbox 1112 371 1232 406; x_wconf 80' lang='grc' dir='ltr'>ἐσχάτης</span> <span class='ocrx_word' id='word_1_353' title='bbox 1242 371 1349 406; x_wconf 85' lang='grc' dir='ltr'><strong>ἡμέρας</strong></span> <span class='ocrx_word' id='word_1_354' title='bbox 1365 369 1521 405; x_wconf 78' lang='grc' dir='ltr'><strong>είρημένον,</strong></span> <span class='ocrx_word' id='word_1_355' title='bbox 1534 369 1572 400; x_wconf 86' lang='grc' dir='ltr'><strong>ὡς</strong></span> <span class='ocrx_word' id='word_1_356' title='bbox 1583 367 1671 399; x_wconf 73' lang='grc' dir='ltr'><strong>οὐδεὶς</strong></span> <span class='ocrx_word' id='word_1_357' title='bbox 1681 365 1762 397; x_wconf 69' lang='grc' dir='ltr'><strong>οἶδεν,</strong></span> <span class='ocrx_word' id='word_1_358' title='bbox 1778 366 1842 393; x_wconf 82' lang='grc' dir='ltr'><strong>οὐδὲ</strong></span> 
     </span>
    </p>
   </div>
   <div class='ocr_carea' id='block_1_53' title="bbox 1049 411 1842 452">
    <p class='ocr_par' dir='ltr' id='par_1_53' title="bbox 1049 411 1842 452">
     <span class='ocr_line' id='line_1_53' title="bbox 1049 411 1842 452; baseline -0.01 -7"><span class='ocrx_word' id='word_1_359' title='bbox 1049 418 1075 445; x_wconf 83' lang='grc' dir='ltr'>οἱ</span> <span class='ocrx_word' id='word_1_360' title='bbox 1090 418 1212 452; x_wconf 72' lang='grc' dir='ltr'>ἄγγελοι⁹</span> <span class='ocrx_word' id='word_1_361' title='bbox 1242 417 1302 444; x_wconf 80' lang='grc' dir='ltr'>οὐδὲ</span> <span class='ocrx_word' id='word_1_362' title='bbox 1317 417 1332 444; x_wconf 82' lang='grc' dir='ltr'><strong><em>ὁ</em></strong></span> <span class='ocrx_word' id='word_1_363' title='bbox 1344 415 1419 447; x_wconf 79' lang='grc' dir='ltr'><strong>Υἱὸς,</strong></span> <span class='ocrx_word' id='word_1_364' title='bbox 1445 415 1470 441; x_wconf 77' lang='grc' dir='ltr'>εἰ</span> <span class='ocrx_word' id='word_1_365' title='bbox 1486 414 1524 450; x_wconf 79' lang='grc' dir='ltr'><strong>μὴ</strong></span> <span class='ocrx_word' id='word_1_366' title='bbox 1539 415 1553 441; x_wconf 86' lang='grc' dir='ltr'>ὁ</span> <span class='ocrx_word' id='word_1_367' title='bbox 1577 413 1684 448; x_wconf 83' lang='grc' dir='ltr'><strong>Πατὴρ.</strong></span> <span class='ocrx_word' id='word_1_368' title='bbox 1701 411 1774 443; x_wconf 82' lang='grc' dir='ltr'><strong>τινὲς</strong></span> <span class='ocrx_word' id='word_1_369' title='bbox 1791 413 1842 445; x_wconf 81' lang='grc' dir='ltr'>μὲν</span> 
     </span>
    </p>
   </div>
   <div class='ocr_carea' id='block_1_54' title="bbox 1050 457 1841 497">
    <p class='ocr_par' dir='ltr' id='par_1_54' title="bbox 1050 457 1841 497">
     <span class='ocr_line' id='line_1_54' title="bbox 1050 457 1841 497; baseline -0.008 -8"><span class='ocrx_word' id='word_1_370' title='bbox 1050 462 1110 489; x_wconf 83' lang='grc' dir='ltr'><strong>κατ’</strong></span> <span class='ocrx_word' id='word_1_371' title='bbox 1140 462 1299 497; x_wconf 80' lang='grc' dir='ltr'><strong>οἰκονομίαν</strong></span> <span class='ocrx_word' id='word_1_372' title='bbox 1326 460 1451 497; x_wconf 81' lang='grc' dir='ltr'><strong>εἰρῆσθαί</strong></span> <span class='ocrx_word' id='word_1_373' title='bbox 1466 468 1558 494; x_wconf 80' lang='grc' dir='ltr'><strong>φασιν,</strong></span> <span class='ocrx_word' id='word_1_374' title='bbox 1575 459 1618 486; x_wconf 80' lang='grc' dir='ltr'>ἵνα</span> <span class='ocrx_word' id='word_1_375' title='bbox 1632 458 1686 485; x_wconf 84' lang='grc' dir='ltr'><strong>τῶν</strong></span> <span class='ocrx_word' id='word_1_376' title='bbox 1711 457 1841 493; x_wconf 74' lang='grc' dir='ltr'><strong>μαθητῶν</strong></span> 
     </span>
    </p>
   </div>
   <div class='ocr_carea' id='block_1_55' title="bbox 1051 503 1841 543">
    <p class='ocr_par' dir='ltr' id='par_1_55' title="bbox 1051 503 1841 543">
     <span class='ocr_line' id='line_1_55' title="bbox 1051 503 1841 543; baseline -0.008 -8"><span class='ocrx_word' id='word_1_377' title='bbox 1051 508 1122 535; x_wconf 82' lang='grc' dir='ltr'><strong>κατὰ</strong></span> <span class='ocrx_word' id='word_1_378' title='bbox 1143 509 1235 535; x_wconf 78' lang='grc' dir='ltr'><strong>πᾶσαν</strong></span> <span class='ocrx_word' id='word_1_379' title='bbox 1261 507 1370 543; x_wconf 81' lang='grc' dir='ltr'><strong>ἡμέραν</strong></span> <span class='ocrx_word' id='word_1_380' title='bbox 1393 506 1557 541; x_wconf 83' lang='grc' dir='ltr'><strong>νομιζόντων</strong></span> <span class='ocrx_word' id='word_1_381' title='bbox 1572 504 1766 531; x_wconf 77' lang='grc' dir='ltr'>ἐπελεύσεσθαι</span> <span class='ocrx_word' id='word_1_382' title='bbox 1791 503 1841 538; x_wconf 78' lang='grc' dir='ltr'><strong>τὴν</strong></span> 
     </span>
    </p>
   </div>
   <div class='ocr_carea' id='block_1_56' title="bbox 1050 550 1839 589">
    <p class='ocr_par' dir='ltr' id='par_1_56' title="bbox 1050 550 1839 589">
     <span class='ocr_line' id='line_1_56' title="bbox 1050 550 1839 589; baseline -0.006 -8"><span class='ocrx_word' id='word_1_383' title='bbox 1050 554 1210 581; x_wconf 78' lang='grc' dir='ltr'>τελευταίαν</span> <span class='ocrx_word' id='word_1_384' title='bbox 1234 554 1343 589; x_wconf 82' lang='grc' dir='ltr'><strong>ἡμέραν</strong></span> <span class='ocrx_word' id='word_1_385' title='bbox 1361 553 1406 580; x_wconf 81' lang='grc' dir='ltr'>ἀεὶ</span> <span class='ocrx_word' id='word_1_386' title='bbox 1433 551 1634 588; x_wconf 78' lang='grc' dir='ltr'>γρηγοροῦντες</span> <span class='ocrx_word' id='word_1_387' title='bbox 1661 550 1839 578; x_wconf 75' lang='grc' dir='ltr'>διατελῶσιν·</span> 
     </span>
    </p>
   </div>
   <div class='ocr_carea' id='block_1_57' title="bbox 1052 595 1839 636">
    <p class='ocr_par' dir='ltr' id='par_1_57' title="bbox 1052 595 1839 636">
     <span class='ocr_line' id='line_1_57' title="bbox 1052 595 1839 636; baseline -0.009 -8"><span class='ocrx_word' id='word_1_388' title='bbox 1052 599 1116 636; x_wconf 72' lang='grc'>[466</span> <span class='ocrx_word' id='word_1_389' title='bbox 1129 600 1175 636; x_wconf 74' lang='lat' dir='ltr'>IL]</span> <span class='ocrx_word' id='word_1_390' title='bbox 1191 600 1266 627; x_wconf 72' lang='grc' dir='ltr'><strong>οὐδὲν</strong></span> <span class='ocrx_word' id='word_1_391' title='bbox 1278 600 1306 626; x_wconf 71' lang='grc' dir='ltr'>δὲ</span> <span class='ocrx_word' id='word_1_392' title='bbox 1319 599 1420 626; x_wconf 76' lang='grc' dir='ltr'><strong>κωλύει</strong></span> <span class='ocrx_word' id='word_1_393' title='bbox 1431 599 1478 625; x_wconf 78' lang='grc' dir='ltr'>καὶ</span> <span class='ocrx_word' id='word_1_394' title='bbox 1490 598 1570 625; x_wconf 73' lang='grc' dir='ltr'><strong>τοῦτο</strong></span> <span class='ocrx_word' id='word_1_395' title='bbox 1581 597 1705 624; x_wconf 76' lang='grc' dir='ltr'><strong>ἐκλαϐεῖν</strong></span> <span class='ocrx_word' id='word_1_396' title='bbox 1719 596 1756 627; x_wconf 83' lang='grc' dir='ltr'><strong>ὡς</strong></span> <span class='ocrx_word' id='word_1_397' title='bbox 1770 595 1839 622; x_wconf 80' lang='grc' dir='ltr'><strong>κατὰ</strong></span> 
     </span>
    </p>
   </div>
   <div class='ocr_carea' id='block_1_58' title="bbox 1050 643 1839 681">
    <p class='ocr_par' dir='ltr' id='par_1_58' title="bbox 1050 643 1839 681">
     <span class='ocr_line' id='line_1_58' title="bbox 1050 643 1839 681; baseline -0.005 -9"><span class='ocrx_word' id='word_1_398' title='bbox 1050 646 1192 681; x_wconf 87' lang='grc' dir='ltr'><strong>ἀναφορὰν</strong></span> <span class='ocrx_word' id='word_1_399' title='bbox 1216 646 1373 681; x_wconf 66' lang='grc' dir='ltr'><strong>εἰρημένον,</strong></span> <span class='ocrx_word' id='word_1_400' title='bbox 1389 645 1513 680; x_wconf 80' lang='grc' dir='ltr'><strong>καθάπερ</strong></span> <span class='ocrx_word' id='word_1_401' title='bbox 1536 644 1583 671; x_wconf 73' lang='grc' dir='ltr'><strong>καὶ</strong></span> <span class='ocrx_word' id='word_1_402' title='bbox 1603 644 1652 670; x_wconf 84' lang='grc' dir='ltr'>τό·</span> <span class='ocrx_word' id='word_1_403' title='bbox 1683 643 1725 670; x_wconf 87' lang='grc' dir='ltr'>Σὺ</span> <span class='ocrx_word' id='word_1_404' title='bbox 1746 643 1839 676; x_wconf 73' lang='grc' dir='ltr'><strong>ἔγνως</strong></span> 
     </span>
    </p>
   </div>
   <div class='ocr_carea' id='block_1_59' title="bbox 1051 687 1840 726">
    <p class='ocr_par' dir='ltr' id='par_1_59' title="bbox 1051 687 1840 726">
     <span class='ocr_line' id='line_1_59' title="bbox 1051 687 1840 726; baseline -0.006 -8"><span class='ocrx_word' id='word_1_405' title='bbox 1051 691 1368 726; x_wconf 60' lang='grc' dir='ltr'>τὴνὰφροσύιηνμου,</span> <span class='ocrx_word' id='word_1_406' title='bbox 1381 691 1428 718; x_wconf 80' lang='grc' dir='ltr'><strong>καὶ</strong></span> <span class='ocrx_word' id='word_1_407' title='bbox 1444 690 1475 717; x_wconf 86' lang='grc' dir='ltr'><strong>τό</strong></span> <span class='ocrx_word' id='word_1_408' title='bbox 1485 697 1492 704; x_wconf 92' lang='grc'><strong><em>“</em></strong></span> <span class='ocrx_word' id='word_1_409' title='bbox 1503 689 1631 724; x_wconf 82' lang='grc' dir='ltr'>Θεέμου,</span> <span class='ocrx_word' id='word_1_410' title='bbox 1649 688 1701 715; x_wconf 76' lang='grc' dir='ltr'><strong>Θεέ</strong></span> <span class='ocrx_word' id='word_1_411' title='bbox 1711 697 1782 723; x_wconf 79' lang='grc' dir='ltr'><strong>μου,</strong></span> <span class='ocrx_word' id='word_1_412' title='bbox 1791 687 1840 713; x_wconf 82' lang='grc' dir='ltr'>ἵνα</span> 
     </span>
    </p>
   </div>
   <div class='ocr_carea' id='block_1_60' title="bbox 1051 734 1841 772">
    <p class='ocr_par' dir='ltr' id='par_1_60' title="bbox 1051 734 1841 772">
     <span class='ocr_line' id='line_1_60' title="bbox 1051 734 1841 772; baseline -0.009 -7"><span class='ocrx_word' id='word_1_413' title='bbox 1051 738 1080 765; x_wconf 82' lang='grc' dir='ltr'>τι</span> <span class='ocrx_word' id='word_1_414' title='bbox 1093 746 1131 772; x_wconf 76' lang='grc' dir='ltr'><strong>μθ</strong></span> <span class='ocrx_word' id='word_1_415' title='bbox 1142 737 1360 772; x_wconf 75' lang='grc' dir='ltr'>ἐγκατέλιπες;</span> <span class='ocrx_word' id='word_1_416' title='bbox 1379 737 1466 764; x_wconf 83' lang='grc' dir='ltr'>Ἔνιοι</span> <span class='ocrx_word' id='word_1_417' title='bbox 1488 736 1518 762; x_wconf 87' lang='grc' dir='ltr'><strong>δέ</strong></span> <span class='ocrx_word' id='word_1_418' title='bbox 1535 744 1616 770; x_wconf 81' lang='grc' dir='ltr'><strong>φασιν</strong></span> <span class='ocrx_word' id='word_1_419' title='bbox 1629 735 1711 762; x_wconf 77' lang='grc' dir='ltr'><strong>αὑτὸν</strong></span> <span class='ocrx_word' id='word_1_420' title='bbox 1733 734 1841 767; x_wconf 81' lang='grc' dir='ltr'><strong>ἀγνοεῖν</strong></span> 
     </span>
    </p>
   </div>
   <div class='ocr_carea' id='block_1_61' title="bbox 1052 781 1841 820">
    <p class='ocr_par' dir='ltr' id='par_1_61' title="bbox 1052 781 1841 820">
     <span class='ocr_line' id='line_1_61' title="bbox 1052 781 1841 820; baseline -0.009 -8"><span class='ocrx_word' id='word_1_421' title='bbox 1052 785 1136 820; x_wconf 80' lang='grc' dir='ltr'>φάναι</span> <span class='ocrx_word' id='word_1_422' title='bbox 1147 784 1198 820; x_wconf 80' lang='grc' dir='ltr'>τὴν</span> <span class='ocrx_word' id='word_1_423' title='bbox 1218 785 1337 819; x_wconf 80' lang='grc' dir='ltr'>ἐσχάτην</span> <span class='ocrx_word' id='word_1_424' title='bbox 1353 784 1460 819; x_wconf 82' lang='grc' dir='ltr'><strong>ἡμέραν</strong></span> <span class='ocrx_word' id='word_1_425' title='bbox 1474 783 1505 810; x_wconf 85' lang='grc' dir='ltr'><strong>τδ</strong></span> <span class='ocrx_word' id='word_1_426' title='bbox 1532 782 1605 814; x_wconf 81' lang='grc' dir='ltr'>ἰδίως</span> <span class='ocrx_word' id='word_1_427' title='bbox 1627 781 1729 817; x_wconf 76' lang='grc' dir='ltr'><strong>προσὸν</strong></span> <span class='ocrx_word' id='word_1_428' title='bbox 1744 781 1779 815; x_wconf 81' lang='grc' dir='ltr'><strong>τῇ</strong></span> <span class='ocrx_word' id='word_1_429' title='bbox 1795 781 1841 806; x_wconf 80' lang='grc' dir='ltr'>ἀν-</span> 
     </span>
    </p>
   </div>
   <div class='ocr_carea' id='block_1_62' title="bbox 1052 827 1840 867">
    <p class='ocr_par' dir='ltr' id='par_1_62' title="bbox 1052 827 1840 867">
     <span class='ocr_line' id='line_1_62' title="bbox 1052 827 1840 867; baseline -0.008 -9"><span class='ocrx_word' id='word_1_430' title='bbox 1052 831 1175 867; x_wconf 78' lang='grc' dir='ltr'><strong>θρωπίνῃ</strong></span> <span class='ocrx_word' id='word_1_431' title='bbox 1191 830 1273 865; x_wconf 83' lang='grc' dir='ltr'><strong>φύσει</strong></span> <span class='ocrx_word' id='word_1_432' title='bbox 1289 829 1434 866; x_wconf 86' lang='grc' dir='ltr'><strong>γνώρισμα</strong></span> <span class='ocrx_word' id='word_1_433' title='bbox 1455 828 1614 856; x_wconf 68' lang='grc' dir='ltr'><strong>δεικνύοντα</strong></span> <span class='ocrx_word' id='word_1_434' title='bbox 1637 836 1666 855; x_wconf 85' lang='grc' dir='ltr'>τε</span> <span class='ocrx_word' id='word_1_435' title='bbox 1682 827 1731 854; x_wconf 69' lang='grc' dir='ltr'><strong>καὶ</strong></span> <span class='ocrx_word' id='word_1_436' title='bbox 1749 828 1840 862; x_wconf 69' lang='grc' dir='ltr'>ἐμφα-</span> 
     </span>
    </p>
   </div>
   <div class='ocr_carea' id='block_1_63' title="bbox 1052 871 1841 911">
    <p class='ocr_par' dir='ltr' id='par_1_63' title="bbox 1052 871 1841 911">
     <span class='ocr_line' id='line_1_63' title="bbox 1052 871 1841 911; baseline -0.006 -8"><span class='ocrx_word' id='word_1_437' title='bbox 1052 877 1170 908; x_wconf 78' lang='grc' dir='ltr'><strong>νίζοντα,</strong></span> <span class='ocrx_word' id='word_1_438' title='bbox 1183 876 1232 911; x_wconf 84' lang='grc' dir='ltr'><strong>οὐχ</strong></span> <span class='ocrx_word' id='word_1_439' title='bbox 1248 876 1286 908; x_wconf 84' lang='grc' dir='ltr'><strong>ὡς</strong></span> <span class='ocrx_word' id='word_1_440' title='bbox 1296 875 1379 903; x_wconf 76' lang='grc' dir='ltr'><strong>αὑτοῦ</strong></span> <span class='ocrx_word' id='word_1_441' title='bbox 1397 875 1558 910; x_wconf 77' lang='grc' dir='ltr'><strong>ἀγνοοῦντος</strong></span> <span class='ocrx_word' id='word_1_442' title='bbox 1572 874 1672 910; x_wconf 83' lang='grc' dir='ltr'><strong>(ἄπαγε</strong></span> <span class='ocrx_word' id='word_1_443' title='bbox 1683 881 1691 889; x_wconf 63' lang='grc' dir='ltr'><strong>ε</strong></span> <span class='ocrx_word' id='word_1_444' title='bbox 1707 872 1772 900; x_wconf 77' lang='grc' dir='ltr'><strong>οὕτε</strong></span> <span class='ocrx_word' id='word_1_445' title='bbox 1788 871 1841 906; x_wconf 75' lang='grc' dir='ltr'>γὰρ</span> 
     </span>
    </p>
   </div>
   <div class='ocr_carea' id='block_1_64' title="bbox 1052 918 1840 957">
    <p class='ocr_par' dir='ltr' id='par_1_64' title="bbox 1052 918 1840 957">
     <span class='ocr_line' id='line_1_64' title="bbox 1052 918 1840 957; baseline -0.006 -8"><span class='ocrx_word' id='word_1_446' title='bbox 1052 922 1123 949; x_wconf 71' lang='grc' dir='ltr'><strong>κατὰ</strong></span> <span class='ocrx_word' id='word_1_447' title='bbox 1136 922 1185 957; x_wconf 75' lang='grc' dir='ltr'><strong>τὴν</strong></span> <span class='ocrx_word' id='word_1_448' title='bbox 1202 921 1318 957; x_wconf 84' lang='grc' dir='ltr'><strong>θεότητα</strong></span> <span class='ocrx_word' id='word_1_449' title='bbox 1329 921 1391 948; x_wconf 75' lang='grc' dir='ltr'><strong>οὔτε</strong></span> <span class='ocrx_word' id='word_1_450' title='bbox 1414 921 1485 948; x_wconf 83' lang='grc' dir='ltr'>κατὰ</span> <span class='ocrx_word' id='word_1_451' title='bbox 1502 921 1553 957; x_wconf 78' lang='grc' dir='ltr'><strong>τὴν</strong></span> <span class='ocrx_word' id='word_1_452' title='bbox 1575 919 1775 955; x_wconf 80' lang='grc' dir='ltr'><strong>ἀνθρωπότητα</strong></span> <span class='ocrx_word' id='word_1_453' title='bbox 1793 918 1840 952; x_wconf 74' lang='grc' dir='ltr'><strong>τὴν</strong></span> 
     </span>
    </p>
   </div>
   <div class='ocr_carea' id='block_1_65' title="bbox 1051 964 1840 1002">
    <p class='ocr_par' dir='ltr' id='par_1_65' title="bbox 1051 964 1840 1002">
     <span class='ocr_line' id='line_1_65' title="bbox 1051 964 1840 1002; baseline -0.005 -8"><span class='ocrx_word' id='word_1_454' title='bbox 1051 967 1163 1000; x_wconf 76' lang='grc' dir='ltr'><strong>ἄγνοιαν</strong></span> <span class='ocrx_word' id='word_1_455' title='bbox 1180 967 1268 1001; x_wconf 66' lang='grc' dir='ltr'><strong>λέγειν</strong></span> <span class='ocrx_word' id='word_1_456' title='bbox 1286 967 1330 994; x_wconf 80' lang='grc' dir='ltr'>ἐπ’</span> <span class='ocrx_word' id='word_1_457' title='bbox 1342 966 1425 994; x_wconf 80' lang='grc' dir='ltr'><strong>αὐτοῦ</strong></span> <span class='ocrx_word' id='word_1_458' title='bbox 1439 966 1558 1002; x_wconf 70' lang='grc' dir='ltr'><strong>θράσους</strong></span> <span class='ocrx_word' id='word_1_459' title='bbox 1571 964 1739 1000; x_wconf 77' lang='grc' dir='ltr'>ἐπισφαλοῦς</span> <span class='ocrx_word' id='word_1_460' title='bbox 1757 964 1840 999; x_wconf 79' lang='grc' dir='ltr'>ἠλευ-</span> 
     </span>
    </p>
   </div>
   <div class='ocr_carea' id='block_1_66' title="bbox 1052 1013 1841 1051">
    <p class='ocr_par' dir='ltr' id='par_1_66' title="bbox 1052 1013 1841 1051">
     <span class='ocr_line' id='line_1_66' title="bbox 1052 1013 1841 1051; baseline -0.005 -9"><span class='ocrx_word' id='word_1_461' title='bbox 1052 1015 1193 1051; x_wconf 78' lang='grc' dir='ltr'><strong>θέρωται),</strong></span> <span class='ocrx_word' id='word_1_462' title='bbox 1208 1015 1265 1042; x_wconf 84' lang='grc' dir='ltr'>ἀλλ’</span> <span class='ocrx_word' id='word_1_463' title='bbox 1279 1015 1384 1050; x_wconf 75' lang='grc' dir='ltr'>ἐπειδὴ,</span> <span class='ocrx_word' id='word_1_464' title='bbox 1398 1015 1436 1046; x_wconf 84' lang='grc' dir='ltr'><strong>ὡς</strong></span> <span class='ocrx_word' id='word_1_465' title='bbox 1451 1017 1466 1042; x_wconf 83' lang='grc' dir='ltr'>ὁ</span> <span class='ocrx_word' id='word_1_466' title='bbox 1484 1015 1618 1050; x_wconf 81' lang='grc' dir='ltr'><strong>μακάριος</strong></span> <span class='ocrx_word' id='word_1_467' title='bbox 1632 1013 1767 1049; x_wconf 80' lang='grc' dir='ltr'>Κύριλλὸς</span> <span class='ocrx_word' id='word_1_468' title='bbox 1787 1022 1841 1048; x_wconf 81' lang='grc' dir='ltr'>φη-</span> 
     </span>
    </p>
   </div>
   <div class='ocr_carea' id='block_1_67' title="bbox 1052 1059 1842 1097">
    <p class='ocr_par' dir='ltr' id='par_1_67' title="bbox 1052 1059 1842 1097">
     <span class='ocr_line' id='line_1_67' title="bbox 1052 1059 1842 1097; baseline -0.004 -9"><span class='ocrx_word' id='word_1_469' title='bbox 1052 1070 1103 1094; x_wconf 83' lang='grc' dir='ltr'><strong>σιν,</strong></span> <span class='ocrx_word' id='word_1_470' title='bbox 1120 1063 1149 1088; x_wconf 80' lang='grc' dir='ltr'><strong>ὲν</strong></span> <span class='ocrx_word' id='word_1_471' title='bbox 1165 1063 1269 1097; x_wconf 80' lang='grc' dir='ltr'><strong>ἰσχναῖς</strong></span> <span class='ocrx_word' id='word_1_472' title='bbox 1279 1062 1451 1097; x_wconf 80' lang='grc' dir='ltr'>διαιροῦντες</span> <span class='ocrx_word' id='word_1_473' title='bbox 1469 1061 1586 1091; x_wconf 73' lang='grc' dir='ltr'><strong>ἐννοίαις</strong></span> <span class='ocrx_word' id='word_1_474' title='bbox 1599 1061 1659 1095; x_wconf 76' lang='grc' dir='ltr'><strong>ἢτοι</strong></span> <span class='ocrx_word' id='word_1_475' title='bbox 1673 1059 1719 1086; x_wconf 85' lang='grc' dir='ltr'>νοῦ</span> <span class='ocrx_word' id='word_1_476' title='bbox 1736 1067 1842 1091; x_wconf 79' lang='grc' dir='ltr'><strong>φαντα-</strong></span> 
     </span>
    </p>
   </div>
   <div class='ocr_carea' id='block_1_68' title="bbox 1052 1105 1843 1144">
    <p class='ocr_par' dir='ltr' id='par_1_68' title="bbox 1052 1105 1843 1144">
     <span class='ocr_line' id='line_1_68' title="bbox 1052 1105 1843 1144; baseline -0.004 -10"><span class='ocrx_word' id='word_1_477' title='bbox 1052 1108 1124 1140; x_wconf 88' lang='grc' dir='ltr'><strong>σίαις</strong></span> <span class='ocrx_word' id='word_1_478' title='bbox 1148 1108 1187 1143; x_wconf 81' lang='grc' dir='ltr'><strong>τῷ</strong></span> <span class='ocrx_word' id='word_1_479' title='bbox 1220 1109 1314 1144; x_wconf 84' lang='grc' dir='ltr'><strong>τρόπῳ</strong></span> <span class='ocrx_word' id='word_1_480' title='bbox 1339 1108 1389 1143; x_wconf 79' lang='grc' dir='ltr'><strong>τῆς</strong></span> <span class='ocrx_word' id='word_1_481' title='bbox 1413 1108 1534 1143; x_wconf 81' lang='grc' dir='ltr'>θεωρίας</span> <span class='ocrx_word' id='word_1_482' title='bbox 1567 1106 1701 1142; x_wconf 75' lang='grc' dir='ltr'>ἑκατέρας</span> <span class='ocrx_word' id='word_1_483' title='bbox 1732 1105 1843 1141; x_wconf 69' lang='grc' dir='ltr'><strong>φύσεως</strong></span> 
     </span>
    </p>
   </div>
   <div class='ocr_carea' id='block_1_69' title="bbox 1050 1152 1843 1190">
    <p class='ocr_par' dir='ltr' id='par_1_69' title="bbox 1050 1152 1843 1190">
     <span class='ocr_line' id='line_1_69' title="bbox 1050 1152 1843 1190; baseline -0.003 -10"><span class='ocrx_word' id='word_1_484' title='bbox 1050 1154 1158 1190; x_wconf 83' lang='grc' dir='ltr'><strong>ὁρῶμεν</strong></span> <span class='ocrx_word' id='word_1_485' title='bbox 1174 1155 1260 1182; x_wconf 68' lang='grc' dir='ltr'>ἴδιαω</span> <span class='ocrx_word' id='word_1_486' title='bbox 1283 1155 1330 1181; x_wconf 76' lang='grc' dir='ltr'>καὶ</span> <span class='ocrx_word' id='word_1_487' title='bbox 1352 1155 1414 1182; x_wconf 85' lang='grc' dir='ltr'><strong>καθ’</strong></span> <span class='ocrx_word' id='word_1_488' title='bbox 1435 1154 1518 1180; x_wconf 77' lang='grc' dir='ltr'><strong>ἑαυτὰ</strong></span> <span class='ocrx_word' id='word_1_489' title='bbox 1535 1153 1725 1188; x_wconf 83' lang='grc' dir='ltr'><strong>γνωρίσματα,</strong></span> <span class='ocrx_word' id='word_1_490' title='bbox 1750 1152 1768 1188; x_wconf 84' lang='grc' dir='ltr'><strong>ἢ</strong></span> <span class='ocrx_word' id='word_1_491' title='bbox 1793 1152 1843 1179; x_wconf 68' lang='grc' dir='ltr'>καὶ</span> 
     </span>
    </p>
   </div>
   <div class='ocr_carea' id='block_1_70' title="bbox 1050 1199 1844 1236">
    <p class='ocr_par' dir='ltr' id='par_1_70' title="bbox 1050 1199 1844 1236">
     <span class='ocr_line' id='line_1_70' title="bbox 1050 1199 1844 1236; baseline -0.004 -9"><span class='ocrx_word' id='word_1_492' title='bbox 1050 1201 1089 1233; x_wconf 82' lang='grc' dir='ltr'><strong>ὡς</strong></span> <span class='ocrx_word' id='word_1_493' title='bbox 1103 1203 1116 1228; x_wconf 86' lang='grc' dir='ltr'>ὁ</span> <span class='ocrx_word' id='word_1_494' title='bbox 1134 1201 1266 1235; x_wconf 84' lang='grc' dir='ltr'><strong>Θεολόγος</strong></span> <span class='ocrx_word' id='word_1_495' title='bbox 1282 1200 1534 1236; x_wconf 75' lang='grc' dir='ltr'><strong>Γρηγόριος,ὴνίκα</strong></span> <span class='ocrx_word' id='word_1_496' title='bbox 1544 1200 1571 1226; x_wconf 83' lang='grc' dir='ltr'><strong>αἱ</strong></span> <span class='ocrx_word' id='word_1_497' title='bbox 1585 1199 1679 1234; x_wconf 81' lang='grc' dir='ltr'><strong>φύσεις</strong></span> <span class='ocrx_word' id='word_1_498' title='bbox 1691 1199 1844 1225; x_wconf 75' lang='grc' dir='ltr'><strong>διίστανται</strong></span> 
     </span>
    </p>
   </div>
   <div class='ocr_carea' id='block_1_71' title="bbox 1050 1244 1844 1282">
    <p class='ocr_par' dir='ltr' id='par_1_71' title="bbox 1050 1244 1844 1282">
     <span class='ocr_line' id='line_1_71' title="bbox 1050 1244 1844 1282; baseline -0.004 -9"><span class='ocrx_word' id='word_1_499' title='bbox 1050 1248 1110 1278; x_wconf 79' lang='grc' dir='ltr'><strong>ταῖς</strong></span> <span class='ocrx_word' id='word_1_500' title='bbox 1122 1247 1264 1280; x_wconf 72' lang='grc' dir='ltr'><strong>ἐπινοίαις,</strong></span> <span class='ocrx_word' id='word_1_501' title='bbox 1283 1247 1475 1282; x_wconf 71' lang='grc' dir='ltr'><strong>συνδιαιρείται</strong></span> <span class='ocrx_word' id='word_1_502' title='bbox 1493 1247 1540 1273; x_wconf 79' lang='grc' dir='ltr'><strong>καὶ</strong></span> <span class='ocrx_word' id='word_1_503' title='bbox 1560 1246 1594 1272; x_wconf 71' lang='grc' dir='ltr'><strong>τὰ</strong></span> <span class='ocrx_word' id='word_1_504' title='bbox 1616 1245 1736 1280; x_wconf 82' lang='grc' dir='ltr'><strong>ὀνόματα</strong></span> <span class='ocrx_word' id='word_1_505' title='bbox 1749 1252 1756 1258; x_wconf 91' lang='grc'><strong>·</strong></span> <span class='ocrx_word' id='word_1_506' title='bbox 1776 1244 1844 1270; x_wconf 82' lang='grc' dir='ltr'><strong>ἴδιον</strong></span> 
     </span>
    </p>
   </div>
   <div class='ocr_carea' id='block_1_72' title="bbox 1050 1290 1845 1328">
    <p class='ocr_par' dir='ltr' id='par_1_72' title="bbox 1050 1290 1845 1328">
     <span class='ocr_line' id='line_1_72' title="bbox 1050 1290 1845 1328; baseline -0.003 -9"><span class='ocrx_word' id='word_1_507' title='bbox 1050 1292 1079 1319; x_wconf 85' lang='grc' dir='ltr'>δὲ</span> <span class='ocrx_word' id='word_1_508' title='bbox 1100 1292 1243 1327; x_wconf 80' lang='grc' dir='ltr'><strong>γνώρισμα</strong></span> <span class='ocrx_word' id='word_1_509' title='bbox 1264 1293 1344 1328; x_wconf 79' lang='grc' dir='ltr'><strong>ψιλῆς</strong></span> <span class='ocrx_word' id='word_1_510' title='bbox 1361 1293 1570 1328; x_wconf 74' lang='grc' dir='ltr'><strong>ἀ-νθρωπότητος</strong></span> <span class='ocrx_word' id='word_1_511' title='bbox 1587 1293 1604 1327; x_wconf 88' lang='grc' dir='ltr'>ὴ</span> <span class='ocrx_word' id='word_1_512' title='bbox 1629 1292 1725 1326; x_wconf 77' lang='grc' dir='ltr'><strong>ἄγνοια</strong></span> <span class='ocrx_word' id='word_1_513' title='bbox 1743 1299 1750 1306; x_wconf 91' lang='grc'><strong>·</strong></span> <span class='ocrx_word' id='word_1_514' title='bbox 1771 1290 1845 1317; x_wconf 76' lang='grc' dir='ltr'><strong>κατὰ</strong></span> 
     </span>
    </p>
   </div>
   <div class='ocr_carea' id='block_1_73' title="bbox 1050 1337 1845 1375">
    <p class='ocr_par' dir='ltr' id='par_1_73' title="bbox 1050 1337 1845 1375">
     <span class='ocr_line' id='line_1_73' title="bbox 1050 1337 1845 1375; baseline -0.001 -10"><span class='ocrx_word' id='word_1_515' title='bbox 1050 1339 1131 1366; x_wconf 79' lang='grc' dir='ltr'><strong>τοῦτο</strong></span> <span class='ocrx_word' id='word_1_516' title='bbox 1151 1340 1245 1375; x_wconf 81' lang='grc' dir='ltr'>ῥηθείη</span> <span class='ocrx_word' id='word_1_517' title='bbox 1261 1339 1294 1366; x_wconf 83' lang='grc' dir='ltr'><strong>ἂν</strong></span> <span class='ocrx_word' id='word_1_518' title='bbox 1318 1341 1365 1367; x_wconf 69' lang='grc' dir='ltr'>ἐπὶ</span> <span class='ocrx_word' id='word_1_519' title='bbox 1391 1342 1440 1375; x_wconf 76' lang='grc' dir='ltr'><strong>τῆς</strong></span> <span class='ocrx_word' id='word_1_520' title='bbox 1464 1340 1534 1368; x_wconf 85' lang='grc' dir='ltr'>κατὰ</span> <span class='ocrx_word' id='word_1_521' title='bbox 1554 1339 1672 1375; x_wconf 81' lang='grc' dir='ltr'><strong>Χριστὸν</strong></span> <span class='ocrx_word' id='word_1_522' title='bbox 1697 1337 1845 1373; x_wconf 77' lang='grc' dir='ltr'>ἀνθρωπό-</span> 
     </span>
    </p>
   </div>
   <div class='ocr_carea' id='block_1_74' title="bbox 1051 1383 1845 1421">
    <p class='ocr_par' dir='ltr' id='par_1_74' title="bbox 1051 1383 1845 1421">
     <span class='ocr_line' id='line_1_74' title="bbox 1051 1383 1845 1421; baseline -0.003 -10"><span class='ocrx_word' id='word_1_523' title='bbox 1051 1393 1151 1420; x_wconf 85' lang='grc' dir='ltr'><strong>τητος,</strong></span> <span class='ocrx_word' id='word_1_524' title='bbox 1173 1385 1211 1416; x_wconf 87' lang='grc' dir='ltr'><strong>ὡς</strong></span> <span class='ocrx_word' id='word_1_525' title='bbox 1236 1385 1329 1417; x_wconf 85' lang='grc' dir='ltr'>ἁπλῶς</span> <span class='ocrx_word' id='word_1_526' title='bbox 1359 1386 1582 1421; x_wconf 77' lang='grc' dir='ltr'><strong>ἀνθρωπότητος,</strong></span> <span class='ocrx_word' id='word_1_527' title='bbox 1608 1384 1768 1421; x_wconf 81' lang='grc' dir='ltr'><strong>θεωρεῖσθαι</strong></span> <span class='ocrx_word' id='word_1_528' title='bbox 1792 1383 1845 1419; x_wconf 73' lang='grc' dir='ltr'><strong>τὴν</strong></span> 
     </span>
    </p>
   </div>
   <div class='ocr_carea' id='block_1_75' title="bbox 1051 1429 1844 1465">
    <p class='ocr_par' dir='ltr' id='par_1_75' title="bbox 1051 1429 1844 1465">
     <span class='ocr_line' id='line_1_75' title="bbox 1051 1429 1844 1465; baseline -0.004 -7"><span class='ocrx_word' id='word_1_529' title='bbox 1051 1431 1173 1465; x_wconf 80' lang='grc' dir='ltr'><strong>ἄγνοιαν.</strong></span> <span class='ocrx_word' id='word_1_530' title='bbox 1198 1431 1254 1458; x_wconf 76' lang='grc' dir='ltr'>Καὶ</span> <span class='ocrx_word' id='word_1_531' title='bbox 1285 1431 1364 1458; x_wconf 82' lang='grc' dir='ltr'><strong>τοῦτο</strong></span> <span class='ocrx_word' id='word_1_532' title='bbox 1392 1431 1440 1458; x_wconf 74' lang='grc' dir='ltr'><strong>καὶ</strong></span> <span class='ocrx_word' id='word_1_533' title='bbox 1473 1432 1487 1457; x_wconf 85' lang='grc' dir='ltr'>ὁ</span> <span class='ocrx_word' id='word_1_534' title='bbox 1516 1430 1645 1464; x_wconf 84' lang='grc' dir='ltr'><strong>Θεολόγος</strong></span> <span class='ocrx_word' id='word_1_535' title='bbox 1673 1429 1844 1465; x_wconf 78' lang='grc' dir='ltr'><strong>ὲτράνωσεν,</strong></span> 
     </span>
    </p>
   </div>
   <div class='ocr_carea' id='block_1_76' title="bbox 1053 1475 1846 1512">
    <p class='ocr_par' dir='ltr' id='par_1_76' title="bbox 1053 1475 1846 1512">
     <span class='ocr_line' id='line_1_76' title="bbox 1053 1475 1846 1512; baseline -0.004 -8"><span class='ocrx_word' id='word_1_536' title='bbox 1053 1477 1157 1504; x_wconf 77' lang='grc' dir='ltr'><strong>εἰπών·</strong></span> <span class='ocrx_word' id='word_1_537' title='bbox 1185 1477 1333 1504; x_wconf 77' lang='grc' dir='ltr'><strong>Γινώσκει</strong></span> <span class='ocrx_word' id='word_1_538' title='bbox 1371 1478 1430 1512; x_wconf 82' lang='grc' dir='ltr'>μὲν</span> <span class='ocrx_word' id='word_1_539' title='bbox 1467 1478 1507 1510; x_wconf 85' lang='grc' dir='ltr'>ὡς</span> <span class='ocrx_word' id='word_1_540' title='bbox 1548 1477 1638 1510; x_wconf 78' lang='grc' dir='ltr'><strong>Θεὸς,</strong></span> <span class='ocrx_word' id='word_1_541' title='bbox 1670 1475 1775 1510; x_wconf 76' lang='grc' dir='ltr'><strong>ἀγνοεῖ</strong></span> <span class='ocrx_word' id='word_1_542' title='bbox 1807 1475 1846 1502; x_wconf 79' lang='grc' dir='ltr'>δὲ</span> 
     </span>
    </p>
   </div>
   <div class='ocr_carea' id='block_1_77' title="bbox 1052 1520 1846 1556">
    <p class='ocr_par' dir='ltr' id='par_1_77' title="bbox 1052 1520 1846 1556">
     <span class='ocr_line' id='line_1_77' title="bbox 1052 1520 1846 1556; baseline -0.004 -7"><span class='ocrx_word' id='word_1_543' title='bbox 1052 1522 1091 1555; x_wconf 85' lang='grc' dir='ltr'><strong>ὠς</strong></span> <span class='ocrx_word' id='word_1_544' title='bbox 1123 1522 1289 1556; x_wconf 76' lang='grc' dir='ltr'><strong>ἄνθρωπος,</strong></span> <span class='ocrx_word' id='word_1_545' title='bbox 1311 1522 1350 1549; x_wconf 80' lang='grc' dir='ltr'>ἄν</span> <span class='ocrx_word' id='word_1_546' title='bbox 1379 1531 1424 1555; x_wconf 84' lang='grc' dir='ltr'>τις</span> <span class='ocrx_word' id='word_1_547' title='bbox 1451 1522 1484 1548; x_wconf 72' lang='grc' dir='ltr'><strong>τὸ</strong></span> <span class='ocrx_word' id='word_1_548' title='bbox 1509 1522 1693 1556; x_wconf 67' lang='grc' dir='ltr'><strong>φαινόμενον</strong></span> <span class='ocrx_word' id='word_1_549' title='bbox 1722 1520 1846 1555; x_wconf 75' lang='grc' dir='ltr'><strong>χωρίσῃ</strong></span> 
     </span>
    </p>
   </div>
   <div class='ocr_carea' id='block_1_78' title="bbox 1051 1567 1847 1602">
    <p class='ocr_par' dir='ltr' id='par_1_78' title="bbox 1051 1567 1847 1602">
     <span class='ocr_line' id='line_1_78' title="bbox 1051 1567 1847 1602; baseline -0.004 -7"><span class='ocrx_word' id='word_1_550' title='bbox 1051 1569 1105 1595; x_wconf 86' lang='grc' dir='ltr'><strong>τοῦ</strong></span> <span class='ocrx_word' id='word_1_551' title='bbox 1121 1569 1297 1602; x_wconf 82' lang='grc' dir='ltr'><strong>νοουμένου.</strong></span> <span class='ocrx_word' id='word_1_552' title='bbox 1320 1569 1412 1595; x_wconf 82' lang='grc' dir='ltr'><strong>Ταῦτα</strong></span> <span class='ocrx_word' id='word_1_553' title='bbox 1434 1568 1519 1595; x_wconf 75' lang='grc' dir='ltr'><strong>είπὼν</strong></span> <span class='ocrx_word' id='word_1_554' title='bbox 1545 1568 1643 1602; x_wconf 77' lang='grc' dir='ltr'>ἐπάγει</span> <span class='ocrx_word' id='word_1_555' title='bbox 1668 1568 1706 1599; x_wconf 81' lang='grc' dir='ltr'><strong>ὡς</strong></span> <span class='ocrx_word' id='word_1_556' title='bbox 1737 1568 1762 1593; x_wconf 80' lang='grc' dir='ltr'><strong>εἰ</strong></span> <span class='ocrx_word' id='word_1_557' title='bbox 1794 1567 1847 1593; x_wconf 76' lang='grc' dir='ltr'>καί</span> 
     </span>
    </p>
   </div>
   <div class='ocr_carea' id='block_1_79' title="bbox 1051 1613 1848 1649">
    <p class='ocr_par' dir='ltr' id='par_1_79' title="bbox 1051 1613 1848 1649">
     <span class='ocr_line' id='line_1_79' title="bbox 1051 1613 1848 1649; baseline 0 -9"><span class='ocrx_word' id='word_1_558' title='bbox 1051 1622 1124 1646; x_wconf 83' lang='grc' dir='ltr'><strong>τινες</strong></span> <span class='ocrx_word' id='word_1_559' title='bbox 1160 1614 1215 1640; x_wconf 87' lang='grc' dir='ltr'><strong>τῶν</strong></span> <span class='ocrx_word' id='word_1_560' title='bbox 1248 1614 1377 1649; x_wconf 86' lang='grc' dir='ltr'><strong>Πατέρων</strong></span> <span class='ocrx_word' id='word_1_561' title='bbox 1399 1614 1448 1649; x_wconf 81' lang='grc' dir='ltr'><strong>τὴν</strong></span> <span class='ocrx_word' id='word_1_562' title='bbox 1478 1614 1589 1648; x_wconf 85' lang='grc' dir='ltr'><strong>ἄγνοιαν</strong></span> <span class='ocrx_word' id='word_1_563' title='bbox 1615 1614 1662 1640; x_wconf 78' lang='grc' dir='ltr'>ἐπὶ</span> <span class='ocrx_word' id='word_1_564' title='bbox 1693 1614 1743 1648; x_wconf 81' lang='grc' dir='ltr'>τῆς</span> <span class='ocrx_word' id='word_1_565' title='bbox 1771 1613 1848 1643; x_wconf 76' lang='grc' dir='ltr'><strong>κατὰ</strong></span> 
     </span>
    </p>
   </div>
   <div class='ocr_carea' id='block_1_80' title="bbox 1051 1658 1847 1695">
    <p class='ocr_par' dir='ltr' id='par_1_80' title="bbox 1051 1658 1847 1695">
     <span class='ocr_line' id='line_1_80' title="bbox 1051 1658 1847 1695; baseline 0 -10"><span class='ocrx_word' id='word_1_566' title='bbox 1051 1658 1098 1686; x_wconf 79' lang='grc' dir='ltr'><strong>τὸν</strong></span> <span class='ocrx_word' id='word_1_567' title='bbox 1137 1660 1251 1695; x_wconf 79' lang='grc' dir='ltr'>Σωτῆρα</span> <span class='ocrx_word' id='word_1_568' title='bbox 1293 1659 1478 1694; x_wconf 72' lang='grc' dir='ltr'><strong>παρεδέξαντο</strong></span> <span class='ocrx_word' id='word_1_569' title='bbox 1516 1659 1724 1695; x_wconf 77' lang='grc' dir='ltr'>ὰνΘρωπότ-ηιιος</span> <span class='ocrx_word' id='word_1_570' title='bbox 1740 1678 1748 1690; x_wconf 85' lang='grc'>,</span> <span class='ocrx_word' id='word_1_571' title='bbox 1792 1659 1847 1693; x_wconf 71' lang='grc' dir='ltr'>οὒκ</span> 
     </span>
    </p>
   </div>
   <div class='ocr_carea' id='block_1_81' title="bbox 1052 1705 1847 1740">
    <p class='ocr_par' dir='ltr' id='par_1_81' title="bbox 1052 1705 1847 1740">
     <span class='ocr_line' id='line_1_81' title="bbox 1052 1705 1847 1740; baseline -0.003 -8"><span class='ocrx_word' id='word_1_572' title='bbox 1052 1705 1090 1737; x_wconf 84' lang='grc' dir='ltr'><strong>ὼς</strong></span> <span class='ocrx_word' id='word_1_573' title='bbox 1113 1705 1201 1740; x_wconf 84' lang='grc' dir='ltr'><strong>δόγμα</strong></span> <span class='ocrx_word' id='word_1_574' title='bbox 1225 1705 1304 1732; x_wconf 77' lang='grc' dir='ltr'><strong>τοῦτο</strong></span> <span class='ocrx_word' id='word_1_575' title='bbox 1329 1706 1517 1740; x_wconf 83' lang='grc' dir='ltr'><strong>προήνεγκαν,</strong></span> <span class='ocrx_word' id='word_1_576' title='bbox 1544 1706 1611 1733; x_wconf 80' lang='grc' dir='ltr'>ἀλλὰ</span> <span class='ocrx_word' id='word_1_577' title='bbox 1637 1705 1706 1740; x_wconf 80' lang='grc' dir='ltr'><strong>πρὸς</strong></span> <span class='ocrx_word' id='word_1_578' title='bbox 1725 1705 1847 1739; x_wconf 73' lang='grc' dir='ltr'><strong>τὴν-τῶν</strong></span> 
     </span>
    </p>
   </div>
   <div class='ocr_carea' id='block_1_82' title="bbox 1058 1751 1848 1787">
    <p class='ocr_par' dir='ltr' id='par_1_82' title="bbox 1058 1751 1848 1787">
     <span class='ocr_line' id='line_1_82' title="bbox 1058 1751 1848 1787; baseline 0.001 -10"><span class='ocrx_word' id='word_1_579' title='bbox 1058 1751 1206 1786; x_wconf 84' lang='grc' dir='ltr'><strong>Ἀρειανῶν</strong></span> <span class='ocrx_word' id='word_1_580' title='bbox 1222 1752 1321 1787; x_wconf 86' lang='grc' dir='ltr'><strong>μανίαν</strong></span> <span class='ocrx_word' id='word_1_581' title='bbox 1336 1751 1555 1787; x_wconf 66' lang='grc' dir='ltr'><strong>ἀναφερόμενοι,</strong></span> <span class='ocrx_word' id='word_1_582' title='bbox 1573 1753 1597 1779; x_wconf 69' lang='grc' dir='ltr'><strong>οἳ</strong></span> <span class='ocrx_word' id='word_1_583' title='bbox 1623 1753 1670 1779; x_wconf 73' lang='grc' dir='ltr'><strong>καὶ</strong></span> <span class='ocrx_word' id='word_1_584' title='bbox 1689 1753 1723 1778; x_wconf 82' lang='grc' dir='ltr'><strong>τὰ</strong></span> <span class='ocrx_word' id='word_1_585' title='bbox 1737 1752 1848 1787; x_wconf 76' lang='grc' dir='ltr'><strong>ἀνθρώ-</strong></span> 
     </span>
    </p>
   </div>
   <div class='ocr_carea' id='block_1_83' title="bbox 1052 1796 1847 1833">
    <p class='ocr_par' dir='ltr' id='par_1_83' title="bbox 1052 1796 1847 1833">
     <span class='ocr_line' id='line_1_83' title="bbox 1052 1796 1847 1833; baseline 0.001 -10"><span class='ocrx_word' id='word_1_586' title='bbox 1052 1805 1119 1823; x_wconf 86' lang='grc' dir='ltr'><strong>πινα</strong></span> <span class='ocrx_word' id='word_1_587' title='bbox 1134 1796 1224 1824; x_wconf 84' lang='grc' dir='ltr'><strong>πάντα</strong></span> <span class='ocrx_word' id='word_1_588' title='bbox 1242 1798 1288 1823; x_wconf 77' lang='grc' dir='ltr'>ἐπὶ</span> <span class='ocrx_word' id='word_1_589' title='bbox 1308 1797 1357 1832; x_wconf 84' lang='grc' dir='ltr'>τὴν</span> <span class='ocrx_word' id='word_1_590' title='bbox 1375 1797 1492 1833; x_wconf 69' lang='grc' dir='ltr'><strong>θεότητα</strong></span> <span class='ocrx_word' id='word_1_591' title='bbox 1516 1798 1563 1825; x_wconf 79' lang='grc' dir='ltr'><strong>τοῦ</strong></span> <span class='ocrx_word' id='word_1_592' title='bbox 1581 1798 1753 1832; x_wconf 83' lang='grc' dir='ltr'><strong>Μονογενοῦς</strong></span> <span class='ocrx_word' id='word_1_593' title='bbox 1775 1806 1847 1833; x_wconf 84' lang='grc' dir='ltr'><strong>μετ-</strong></span> 
     </span>
    </p>
   </div>
   <div class='ocr_carea' id='block_1_84' title="bbox 1052 1843 1849 1879">
    <p class='ocr_par' dir='ltr' id='par_1_84' title="bbox 1052 1843 1849 1879">
     <span class='ocr_line' id='line_1_84' title="bbox 1052 1843 1849 1879; baseline 0.001 -10"><span class='ocrx_word' id='word_1_594' title='bbox 1052 1843 1160 1878; x_wconf 82' lang='grc' dir='ltr'><strong>έφερον,</strong></span> <span class='ocrx_word' id='word_1_595' title='bbox 1175 1843 1212 1874; x_wconf 83' lang='grc' dir='ltr'><strong>ὡς</strong></span> <span class='ocrx_word' id='word_1_596' title='bbox 1226 1843 1259 1870; x_wconf 87' lang='grc' dir='ltr'><strong>ἂν</strong></span> <span class='ocrx_word' id='word_1_597' title='bbox 1273 1844 1376 1879; x_wconf 80' lang='grc' dir='ltr'><strong>κτίσμα</strong></span> <span class='ocrx_word' id='word_1_598' title='bbox 1391 1844 1436 1870; x_wconf 81' lang='grc' dir='ltr'>τὸν</span> <span class='ocrx_word' id='word_1_599' title='bbox 1452 1845 1581 1871; x_wconf 81' lang='grc' dir='ltr'><strong>ἄκτιστον</strong></span> <span class='ocrx_word' id='word_1_600' title='bbox 1606 1845 1693 1878; x_wconf 79' lang='grc' dir='ltr'><strong>Λόγον</strong></span> <span class='ocrx_word' id='word_1_601' title='bbox 1707 1844 1756 1871; x_wconf 82' lang='grc' dir='ltr'><strong>τοῦ</strong></span> <span class='ocrx_word' id='word_1_602' title='bbox 1773 1843 1849 1871; x_wconf 78' lang='grc' dir='ltr'><strong>Θεοῦ</strong></span> 
     </span>
    </p>
   </div>
   <div class='ocr_carea' id='block_1_85' title="bbox 1052 1889 1847 1926">
    <p class='ocr_par' dir='ltr' id='par_1_85' title="bbox 1052 1889 1847 1926">
     <span class='ocr_line' id='line_1_85' title="bbox 1052 1889 1847 1926; baseline 0.003 -11"><span class='ocrx_word' id='word_1_603' title='bbox 1052 1889 1278 1924; x_wconf 75' lang='grc' dir='ltr'><strong>παραστήσωσιν,</strong></span> <span class='ocrx_word' id='word_1_604' title='bbox 1293 1889 1539 1926; x_wconf 67' lang='grc' dir='ltr'><strong>οἰκονομικώτεροι)</strong></span> <span class='ocrx_word' id='word_1_605' title='bbox 1552 1891 1718 1926; x_wconf 69' lang='grc' dir='ltr'><strong>ἐδοκίμασαν</strong></span> <span class='ocrx_word' id='word_1_606' title='bbox 1731 1891 1778 1917; x_wconf 76' lang='grc' dir='ltr'>ἐπὶ</span> <span class='ocrx_word' id='word_1_607' title='bbox 1793 1891 1847 1925; x_wconf 84' lang='grc' dir='ltr'>τῆς</span> 
     </span>
    </p>
   </div>
   <div class='ocr_carea' id='block_1_86' title="bbox 1052 1933 1847 1971">
    <p class='ocr_par' dir='ltr' id='par_1_86' title="bbox 1052 1933 1847 1971">
     <span class='ocr_line' id='line_1_86' title="bbox 1052 1933 1847 1971; baseline 0.004 -12"><span class='ocrx_word' id='word_1_608' title='bbox 1052 1933 1262 1969; x_wconf 83' lang='grc' dir='ltr'><strong>ἀνθρωπότητος</strong></span> <span class='ocrx_word' id='word_1_609' title='bbox 1279 1934 1365 1962; x_wconf 81' lang='grc' dir='ltr'><strong>ταῦτα</strong></span> <span class='ocrx_word' id='word_1_610' title='bbox 1381 1935 1474 1969; x_wconf 84' lang='grc' dir='ltr'><strong>φέρειν</strong></span> <span class='ocrx_word' id='word_1_611' title='bbox 1488 1936 1505 1971; x_wconf 86' lang='grc' dir='ltr'>ἢ</span> <span class='ocrx_word' id='word_1_612' title='bbox 1522 1937 1697 1971; x_wconf 79' lang='grc' dir='ltr'><strong>παραχωρεῖν</strong></span> <span class='ocrx_word' id='word_1_613' title='bbox 1719 1936 1847 1966; x_wconf 77' lang='grc' dir='ltr'><strong>ἐκείνους</strong></span> 
     </span>
    </p>
   </div>
   <div class='ocr_carea' id='block_1_87' title="bbox 1055 1979 1847 2016">
    <p class='ocr_par' dir='ltr' id='par_1_87' title="bbox 1055 1979 1847 2016">
     <span class='ocr_line' id='line_1_87' title="bbox 1055 1979 1847 2016; baseline 0.004 -11"><span class='ocrx_word' id='word_1_614' title='bbox 1055 1979 1196 2015; x_wconf 85' lang='grc' dir='ltr'><strong>μεθέλκειν</strong></span> <span class='ocrx_word' id='word_1_615' title='bbox 1209 1980 1296 2007; x_wconf 83' lang='grc' dir='ltr'><strong>ταῦτα</strong></span> <span class='ocrx_word' id='word_1_616' title='bbox 1306 1980 1377 2007; x_wconf 85' lang='grc' dir='ltr'><strong>κατὰ</strong></span> <span class='ocrx_word' id='word_1_617' title='bbox 1389 1981 1439 2016; x_wconf 77' lang='grc' dir='ltr'><strong>τῆς</strong></span> <span class='ocrx_word' id='word_1_618' title='bbox 1453 1981 1589 2016; x_wconf 82' lang='grc' dir='ltr'><strong>θεότητος.</strong></span> <span class='ocrx_word' id='word_1_619' title='bbox 1607 1982 1638 2009; x_wconf 83' lang='lat' dir='ltr'>Ei</span> <span class='ocrx_word' id='word_1_620' title='bbox 1652 1981 1680 2008; x_wconf 81' lang='grc' dir='ltr'>δὲ</span> <span class='ocrx_word' id='word_1_621' title='bbox 1692 1982 1763 2008; x_wconf 82' lang='grc' dir='ltr'><strong>κατὰ</strong></span> <span class='ocrx_word' id='word_1_622' title='bbox 1777 1982 1847 2008; x_wconf 83' lang='grc' dir='ltr'><strong>ἀνα-</strong></span> 
     </span>
    </p>
   </div>
   <div class='ocr_carea' id='block_1_88' title="bbox 1053 2027 1848 2064">
    <p class='ocr_par' dir='ltr' id='par_1_88' title="bbox 1053 2027 1848 2064">
     <span class='ocr_line' id='line_1_88' title="bbox 1053 2027 1848 2064; baseline 0 -11"><span class='ocrx_word' id='word_1_623' title='bbox 1053 2027 1140 2062; x_wconf 84' lang='grc' dir='ltr'><strong>φορὰν</strong></span> <span class='ocrx_word' id='word_1_624' title='bbox 1154 2028 1297 2060; x_wconf 82' lang='grc' dir='ltr'><strong>κάκείνους</strong></span> <span class='ocrx_word' id='word_1_625' title='bbox 1314 2028 1373 2064; x_wconf 82' lang='grc' dir='ltr'><strong>δοίη</strong></span> <span class='ocrx_word' id='word_1_626' title='bbox 1388 2028 1475 2055; x_wconf 80' lang='grc' dir='ltr'><strong>ταῦτά</strong></span> <span class='ocrx_word' id='word_1_627' title='bbox 1490 2036 1531 2060; x_wconf 86' lang='grc' dir='ltr'>τις</span> <span class='ocrx_word' id='word_1_628' title='bbox 1546 2029 1644 2058; x_wconf 80' lang='grc' dir='ltr'>εἰπεῖν,</span> <span class='ocrx_word' id='word_1_629' title='bbox 1665 2028 1711 2054; x_wconf 78' lang='grc' dir='ltr'>τὸν</span> <span class='ocrx_word' id='word_1_630' title='bbox 1727 2027 1848 2054; x_wconf 74' lang='grc' dir='ltr'>εὑσεὸἐο</span> 
     </span>
    </p>
   </div>
   <div class='ocr_carea' id='block_1_89' title="bbox 1053 2072 1849 2109">
    <p class='ocr_par' dir='ltr' id='par_1_89' title="bbox 1053 2072 1849 2109">
     <span class='ocr_line' id='line_1_89' title="bbox 1053 2072 1849 2109; baseline -0.001 -9"><span class='ocrx_word' id='word_1_631' title='bbox 1053 2083 1149 2109; x_wconf 86' lang='grc' dir='ltr'><strong>στερον</strong></span> <span class='ocrx_word' id='word_1_632' title='bbox 1170 2074 1249 2109; x_wconf 82' lang='grc' dir='ltr'><strong>λόγον</strong></span> <span class='ocrx_word' id='word_1_633' title='bbox 1268 2074 1441 2106; x_wconf 84' lang='grc' dir='ltr'>ἀποδέξεται.</span> <span class='ocrx_word' id='word_1_634' title='bbox 1469 2074 1490 2100; x_wconf 88' lang='grc' dir='ltr'><strong>Τ</strong></span> <span class='ocrx_word' id='word_1_635' title='bbox 1492 2073 1563 2101; x_wconf 80' lang='grc' dir='ltr'><strong>αὕτα</strong></span> <span class='ocrx_word' id='word_1_636' title='bbox 1580 2072 1692 2100; x_wconf 83' lang='grc' dir='ltr'>διελθὼν</span> <span class='ocrx_word' id='word_1_637' title='bbox 1703 2073 1725 2089; x_wconf 79' lang='grc'>⁷⁸</span> <span class='ocrx_word' id='word_1_638' title='bbox 1741 2073 1849 2109; x_wconf 75' lang='grc' dir='ltr'><strong>πέρατι.</strong></span> 
     </span>
    </p>
   </div>
   <div class='ocr_carea' id='block_1_90' title="bbox 1052 2119 1372 2156">
    <p class='ocr_par' dir='ltr' id='par_1_90' title="bbox 1052 2119 1372 2156">
     <span class='ocr_line' id='line_1_90' title="bbox 1052 2119 1372 2156; baseline 0 -10"><span class='ocrx_word' id='word_1_639' title='bbox 1052 2119 1211 2156; x_wconf 79' lang='grc' dir='ltr'><strong>περιῦάλλει</strong></span> <span class='ocrx_word' id='word_1_640' title='bbox 1224 2121 1270 2147; x_wconf 74' lang='grc' dir='ltr'><strong>τὸν</strong></span> <span class='ocrx_word' id='word_1_641' title='bbox 1284 2120 1372 2154; x_wconf 86' lang='grc' dir='ltr'><strong>λόγον.</strong></span> 
     </span>
    </p>
   </div>
   <div class='ocr_carea' id='block_1_91' title="bbox 248 2208 1000 2255">
    <p class='ocr_par' dir='ltr' id='par_1_91' title="bbox 248 2214 1000 2249">
     <span class='ocr_line' id='line_1_91' title="bbox 248 2214 1000 2249; baseline 0.008 -9"><span class='ocrx_word' id='word_1_642' title='bbox 248 2214 328 2241; x_wconf 87' lang='lat' dir='ltr'>Liber</span> <span class='ocrx_word' id='word_1_643' title='bbox 353 2219 507 2249; x_wconf 85' lang='lat' dir='ltr'>postremus</span> <span class='ocrx_word' id='word_1_644' title='bbox 531 2215 682 2242; x_wconf 86' lang='lat' dir='ltr'>orationem</span> <span class='ocrx_word' id='word_1_645' title='bbox 709 2217 840 2248; x_wconf 89' lang='lat' dir='ltr'>continet,</span> <span class='ocrx_word' id='word_1_646' title='bbox 865 2218 909 2245; x_wconf 85' lang='lat' dir='ltr'>cui</span> <span class='ocrx_word' id='word_1_647' title='bbox 937 2218 1000 2246; x_wconf 92' lang='lat' dir='ltr'>titu-</span> 
     </span>
    </p>
   </div>
   <div class='ocr_carea' id='block_1_92' title="bbox 1051 2208 1847 2255">
    <p class='ocr_par' dir='ltr' id='par_1_92' title="bbox 1089 2219 1847 2255">
     <span class='ocr_line' id='line_1_92' title="bbox 1089 2219 1847 2255; baseline -0.001 -9"><span class='ocrx_word' id='word_1_648' title='bbox 1089 2219 1250 2247; x_wconf 85' lang='grc' dir='ltr'>Τελευταίον</span> <span class='ocrx_word' id='word_1_649' title='bbox 1264 2219 1292 2246; x_wconf 79' lang='grc' dir='ltr'>δὲ</span> <span class='ocrx_word' id='word_1_650' title='bbox 1305 2221 1426 2255; x_wconf 76' lang='grc' dir='ltr'><strong>περιεῖχε</strong></span> <span class='ocrx_word' id='word_1_651' title='bbox 1449 2220 1480 2246; x_wconf 86' lang='grc' dir='ltr'><strong>τδ</strong></span> <span class='ocrx_word' id='word_1_652' title='bbox 1501 2219 1603 2255; x_wconf 79' lang='grc' dir='ltr'><strong>βιϐλίον</strong></span> <span class='ocrx_word' id='word_1_653' title='bbox 1630 2219 1709 2253; x_wconf 86' lang='grc' dir='ltr'><strong>λόγον</strong></span> <span class='ocrx_word' id='word_1_654' title='bbox 1728 2219 1847 2255; x_wconf 72' lang='grc' dir='ltr'><strong>ἐπιγρα-</strong></span> 
     </span>
    </p>
   </div>
   <div class='ocr_carea' id='block_1_93' title="bbox 211 2260 1001 2297">
    <p class='ocr_par' dir='ltr' id='par_1_93' title="bbox 211 2260 1001 2297">
     <span class='ocr_line' id='line_1_93' title="bbox 211 2260 1001 2297; baseline 0.005 -9"><span class='ocrx_word' id='word_1_655' title='bbox 211 2261 253 2288; x_wconf 84' lang='lat' dir='ltr'>lus</span> <span class='ocrx_word' id='word_1_656' title='bbox 273 2270 280 2287; x_wconf 89' lang='lat'><strong>:</strong></span> <span class='ocrx_word' id='word_1_657' title='bbox 305 2260 440 2288; x_wconf 85' lang='lat' dir='ltr'>Decretum</span> <span class='ocrx_word' id='word_1_658' title='bbox 457 2261 485 2286; x_wconf 86' lang='lat' dir='ltr'>in</span> <span class='ocrx_word' id='word_1_659' title='bbox 504 2260 686 2288; x_wconf 81' lang='lat' dir='ltr'>Samaritanth</span> <span class='ocrx_word' id='word_1_660' title='bbox 709 2262 819 2289; x_wconf 82' lang='lat' dir='ltr'>editum.</span> <span class='ocrx_word' id='word_1_661' title='bbox 846 2264 1001 2297; x_wconf 79' lang='lat' dir='ltr'>Argumen-</span> 
     </span>
    </p>
   </div>
   <div class='ocr_carea' id='block_1_94' title="bbox 211 2307 999 2342">
    <p class='ocr_par' dir='ltr' id='par_1_94' title="bbox 211 2307 999 2342">
     <span class='ocr_line' id='line_1_94' title="bbox 211 2307 999 2342; baseline 0.006 -9"><span class='ocrx_word' id='word_1_662' title='bbox 211 2311 267 2334; x_wconf 85' lang='lat' dir='ltr'>tum</span> <span class='ocrx_word' id='word_1_663' title='bbox 300 2307 431 2334; x_wconf 87' lang='lat' dir='ltr'>orationis</span> <span class='ocrx_word' id='word_1_664' title='bbox 464 2307 616 2342; x_wconf 85' lang='lat' dir='ltr'>hujnsmodi</span> <span class='ocrx_word' id='word_1_665' title='bbox 634 2317 641 2335; x_wconf 89' lang='lat'><strong>:</strong></span> <span class='ocrx_word' id='word_1_666' title='bbox 661 2307 740 2335; x_wconf 81' lang='lat' dir='ltr'>Plebs</span> <span class='ocrx_word' id='word_1_667' title='bbox 771 2308 944 2338; x_wconf 82' lang='lat' dir='ltr'>Samaritana</span> <span class='ocrx_word' id='word_1_668' title='bbox 972 2311 999 2338; x_wconf 87' lang='lat' dir='ltr'>in</span> 
     </span>
    </p>
   </div>
   <div class='ocr_carea' id='block_1_95' title="bbox 211 2353 1004 2386">
    <p class='ocr_par' dir='ltr' id='par_1_95' title="bbox 211 2353 1004 2386">
     <span class='ocr_line' id='line_1_95' title="bbox 211 2353 1004 2386; baseline 0.005 -7"><span class='ocrx_word' id='word_1_669' title='bbox 211 2353 362 2379; x_wconf 72' lang='lat' dir='ltr'>comrarias</span> <span class='ocrx_word' id='word_1_670' title='bbox 383 2353 486 2379; x_wconf 74' lang='lat' dir='ltr'>divulsa</span> <span class='ocrx_word' id='word_1_671' title='bbox 509 2353 653 2384; x_wconf 76' lang='lat' dir='ltr'>factiones.</span> <span class='ocrx_word' id='word_1_672' title='bbox 673 2354 742 2380; x_wconf 90' lang='lat' dir='ltr'>inter</span> <span class='ocrx_word' id='word_1_673' title='bbox 759 2362 788 2381; x_wconf 88' lang='lat' dir='ltr'>se</span> <span class='ocrx_word' id='word_1_674' title='bbox 803 2355 961 2386; x_wconf 82' lang='lat' dir='ltr'>dissidebat,</span> <span class='ocrx_word' id='word_1_675' title='bbox 975 2360 1004 2383; x_wconf 83' lang='lat' dir='ltr'>et</span> 
     </span>
    </p>
   </div>
   <div class='ocr_carea' id='block_1_96' title="bbox 213 2397 1001 2432">
    <p class='ocr_par' dir='ltr' id='par_1_96' title="bbox 213 2397 1001 2432">
     <span class='ocr_line' id='line_1_96' title="bbox 213 2397 1001 2432; baseline 0.003 -8"><span class='ocrx_word' id='word_1_676' title='bbox 213 2397 365 2432; x_wconf 71' lang='lat' dir='ltr'>peregrinis</span> <span class='ocrx_word' id='word_1_677' title='bbox 388 2405 418 2424; x_wconf 82' lang='lat' dir='ltr'>se</span> <span class='ocrx_word' id='word_1_678' title='bbox 441 2397 614 2431; x_wconf 85' lang='lat' dir='ltr'>opinionibus</span> <span class='ocrx_word' id='word_1_679' title='bbox 638 2398 835 2432; x_wconf 77' lang='lat' dir='ltr'>propugnabat.</span> <span class='ocrx_word' id='word_1_680' title='bbox 855 2399 906 2425; x_wconf 85' lang='lat' dir='ltr'>Alii</span> <span class='ocrx_word' id='word_1_681' title='bbox 928 2400 1001 2426; x_wconf 88' lang='lat' dir='ltr'>enim</span> 
     </span>
    </p>
   </div>
   <div class='ocr_carea' id='block_1_97' title="bbox 211 2441 1001 2481">
    <p class='ocr_par' dir='ltr' id='par_1_97' title="bbox 211 2441 1001 2481">
     <span class='ocr_line' id='line_1_97' title="bbox 211 2441 1001 2481; baseline 0.005 -11"><span class='ocrx_word' id='word_1_682' title='bbox 211 2441 301 2470; x_wconf 70' lang='lat' dir='ltr'>Iesum</span> <span class='ocrx_word' id='word_1_683' title='bbox 320 2443 392 2470; x_wconf 83' lang='lat' dir='ltr'>Nave</span> <span class='ocrx_word' id='word_1_684' title='bbox 411 2451 471 2470; x_wconf 85' lang='lat' dir='ltr'>eum</span> <span class='ocrx_word' id='word_1_685' title='bbox 491 2451 553 2470; x_wconf 75' lang='lat' dir='ltr'>esse</span> <span class='ocrx_word' id='word_1_686' title='bbox 575 2450 750 2472; x_wconf 83' lang='lat' dir='ltr'>censuerunt.</span> <span class='ocrx_word' id='word_1_687' title='bbox 775 2445 808 2471; x_wconf 87' lang='lat' dir='ltr'>de</span> <span class='ocrx_word' id='word_1_688' title='bbox 823 2452 876 2478; x_wconf 92' lang='lat' dir='ltr'>quo</span> <span class='ocrx_word' id='word_1_689' title='bbox 895 2445 1001 2481; x_wconf 82' lang='lat' dir='ltr'>Moyses</span> 
     </span>
    </p>
   </div>
   <div class='ocr_carea' id='block_1_98' title="bbox 211 2489 1001 2524">
    <p class='ocr_par' dir='ltr' id='par_1_98' title="bbox 211 2489 1001 2524">
     <span class='ocr_line' id='line_1_98' title="bbox 211 2489 1001 2524; baseline 0.003 -8"><span class='ocrx_word' id='word_1_690' title='bbox 211 2489 280 2516; x_wconf 83' lang='lat' dir='ltr'>dixit</span> <span class='ocrx_word' id='word_1_691' title='bbox 297 2498 303 2516; x_wconf 92' lang='lat'><strong>:</strong></span> <span class='ocrx_word' id='word_1_692' title='bbox 320 2489 479 2524; x_wconf 77' lang='lat' dir='ltr'>Prop/letam</span> <span class='ocrx_word' id='word_1_693' title='bbox 501 2489 572 2516; x_wconf 78' lang='lat' dir='ltr'>vobis</span> <span class='ocrx_word' id='word_1_694' title='bbox 595 2489 719 2516; x_wconf 73' lang='lat' dir='ltr'>excitabit</span> <span class='ocrx_word' id='word_1_695' title='bbox 742 2490 869 2517; x_wconf 82' lang='lat' dir='ltr'>Dominus</span> <span class='ocrx_word' id='word_1_696' title='bbox 888 2490 957 2518; x_wconf 84' lang='lat' dir='ltr'>Deus</span> <span class='ocrx_word' id='word_1_697' title='bbox 969 2499 1001 2518; x_wconf 80' lang='lat' dir='ltr'>ea;</span> 
     </span>
    </p>
   </div>
   <div class='ocr_carea' id='block_1_99' title="bbox 211 2535 1002 2570">
    <p class='ocr_par' dir='ltr' id='par_1_99' title="bbox 211 2535 1002 2570">
     <span class='ocr_line' id='line_1_99' title="bbox 211 2535 1002 2570; baseline 0.004 -9"><span class='ocrx_word' id='word_1_698' title='bbox 211 2535 340 2570; x_wconf 78' lang='lat' dir='ltr'>fratribus</span> <span class='ocrx_word' id='word_1_699' title='bbox 359 2537 461 2567; x_wconf 75' lang='lat' dir='ltr'>vestris,</span> <span class='ocrx_word' id='word_1_700' title='bbox 481 2540 508 2562; x_wconf 89' lang='lat' dir='ltr'>ut</span> <span class='ocrx_word' id='word_1_701' title='bbox 529 2544 569 2562; x_wconf 90' lang='lat' dir='ltr'>me</span> <span class='ocrx_word' id='word_1_702' title='bbox 587 2541 611 2562; x_wconf 71' lang='grc' dir='ltr'>α.</span> <span class='ocrx_word' id='word_1_703' title='bbox 627 2536 679 2563; x_wconf 82' lang='lat' dir='ltr'>Alii</span> <span class='ocrx_word' id='word_1_704' title='bbox 704 2535 804 2570; x_wconf 81' lang='lat' dir='ltr'>rejecla</span> <span class='ocrx_word' id='word_1_705' title='bbox 824 2537 873 2564; x_wconf 86' lang='lat' dir='ltr'>hac</span> <span class='ocrx_word' id='word_1_706' title='bbox 890 2544 1002 2565; x_wconf 84' lang='lat' dir='ltr'>senten-</span> 
     </span>
    </p>
   </div>
   <div class='ocr_carea' id='block_1_100' title="bbox 212 2582 999 2616">
    <p class='ocr_par' dir='ltr' id='par_1_100' title="bbox 212 2582 999 2616">
     <span class='ocr_line' id='line_1_100' title="bbox 212 2582 999 2616; baseline 0.003 -8"><span class='ocrx_word' id='word_1_707' title='bbox 212 2583 260 2614; x_wconf 89' lang='lat' dir='ltr'>tia,</span> <span class='ocrx_word' id='word_1_708' title='bbox 290 2582 407 2609; x_wconf 85' lang='lat' dir='ltr'>Dosthen</span> <span class='ocrx_word' id='word_1_709' title='bbox 431 2582 576 2616; x_wconf 85' lang='lat' dir='ltr'>quemdam</span> <span class='ocrx_word' id='word_1_710' title='bbox 610 2583 728 2613; x_wconf 91' lang='lat' dir='ltr'>nomine,</span> <span class='ocrx_word' id='word_1_711' title='bbox 756 2582 814 2608; x_wconf 86' lang='lat' dir='ltr'>sive</span> <span class='ocrx_word' id='word_1_712' title='bbox 842 2583 999 2611; x_wconf 87' lang='lat' dir='ltr'>Dosithcum</span> 
     </span>
    </p>
   </div>
   <div class='ocr_carea' id='block_1_101' title="bbox 211 2627 1001 2662">
    <p class='ocr_par' dir='ltr' id='par_1_101' title="bbox 211 2627 1001 2662">
     <span class='ocr_line' id='line_1_101' title="bbox 211 2627 1001 2662; baseline 0.001 -8"><span class='ocrx_word' id='word_1_713' title='bbox 211 2627 395 2662; x_wconf 71' lang='lat' dir='ltr'>praedicarunt.</span> <span class='ocrx_word' id='word_1_714' title='bbox 423 2627 628 2654; x_wconf 82' lang='lat' dir='ltr'>Samaritauum</span> <span class='ocrx_word' id='word_1_715' title='bbox 654 2628 736 2654; x_wconf 85' lang='lat' dir='ltr'>etiam</span> <span class='ocrx_word' id='word_1_716' title='bbox 763 2632 842 2662; x_wconf 78' lang='lat' dir='ltr'>gente</span> <span class='ocrx_word' id='word_1_717' title='bbox 867 2628 1001 2662; x_wconf 70' lang='lat' dir='ltr'>aequalem</span> 
     </span>
    </p>
   </div>
   <div class='ocr_carea' id='block_1_102' title="bbox 212 2672 1002 2709">
    <p class='ocr_par' dir='ltr' id='par_1_102' title="bbox 212 2672 1002 2709">
     <span class='ocr_line' id='line_1_102' title="bbox 212 2672 1002 2709; baseline 0.001 -9"><span class='ocrx_word' id='word_1_718' title='bbox 212 2672 316 2701; x_wconf 84' lang='lat' dir='ltr'>Simoni</span> <span class='ocrx_word' id='word_1_719' title='bbox 331 2673 427 2708; x_wconf 80' lang='lat' dir='ltr'>|Mago.</span> <span class='ocrx_word' id='word_1_720' title='bbox 449 2672 484 2701; x_wconf 78' lang='lat' dir='ltr'>Et</span> <span class='ocrx_word' id='word_1_721' title='bbox 506 2673 578 2701; x_wconf 88' lang='lat' dir='ltr'>hunc</span> <span class='ocrx_word' id='word_1_722' title='bbox 597 2673 672 2700; x_wconf 90' lang='lat' dir='ltr'>illum</span> <span class='ocrx_word' id='word_1_723' title='bbox 691 2680 752 2701; x_wconf 83' lang='lat' dir='ltr'>esse</span> <span class='ocrx_word' id='word_1_724' title='bbox 767 2681 781 2700; x_wconf 86' lang='lat' dir='ltr'>a</span> <span class='ocrx_word' id='word_1_725' title='bbox 797 2674 888 2709; x_wconf 80' lang='lat' dir='ltr'>Moyse</span> <span class='ocrx_word' id='word_1_726' title='bbox 906 2675 1002 2708; x_wconf 68' lang='grc' dir='ltr'>βιατάὶ-</span> 
     </span>
    </p>
   </div>
   <div class='ocr_carea' id='block_1_103' title="bbox 1054 2265 1844 2301">
    <p class='ocr_par' dir='ltr' id='par_1_103' title="bbox 1054 2265 1844 2301">
     <span class='ocr_line' id='line_1_103' title="bbox 1054 2265 1844 2301; baseline 0 -9"><span class='ocrx_word' id='word_1_727' title='bbox 1054 2265 1106 2300; x_wconf 85' lang='grc' dir='ltr'>φὴν</span> <span class='ocrx_word' id='word_1_728' title='bbox 1116 2265 1245 2301; x_wconf 82' lang='grc' dir='ltr'><strong>φέροντα,</strong></span> <span class='ocrx_word' id='word_1_729' title='bbox 1267 2266 1354 2300; x_wconf 83' lang='grc' dir='ltr'><strong>’Ὅρος</strong></span> <span class='ocrx_word' id='word_1_730' title='bbox 1366 2265 1551 2300; x_wconf 65' lang='grc' dir='ltr'>ἐκφωνηθείς</span> <span class='ocrx_word' id='word_1_731' title='bbox 1560 2265 1623 2298; x_wconf 82' lang='grc' dir='ltr'><strong>τοῖς</strong></span> <span class='ocrx_word' id='word_1_732' title='bbox 1638 2265 1844 2299; x_wconf 81' lang='grc' dir='ltr'><strong>Σαμαρείταις.</strong></span> 
     </span>
    </p>
   </div>
   <div class='ocr_carea' id='block_1_104' title="bbox 1059 2309 1845 2346">
    <p class='ocr_par' dir='ltr' id='par_1_104' title="bbox 1059 2309 1845 2346">
     <span class='ocr_line' id='line_1_104' title="bbox 1059 2309 1845 2346; baseline 0 -9"><span class='ocrx_word' id='word_1_733' title='bbox 1059 2309 1092 2337; x_wconf 86' lang='grc' dir='ltr'><strong>Ἦ</strong></span> <span class='ocrx_word' id='word_1_734' title='bbox 1108 2310 1136 2337; x_wconf 81' lang='grc' dir='ltr'>δὲ</span> <span class='ocrx_word' id='word_1_735' title='bbox 1152 2310 1278 2342; x_wconf 80' lang='grc' dir='ltr'>ὑπόθεσις</span> <span class='ocrx_word' id='word_1_736' title='bbox 1293 2311 1435 2346; x_wconf 85' lang='grc' dir='ltr'><strong>πρόκειται</strong></span> <span class='ocrx_word' id='word_1_737' title='bbox 1446 2310 1573 2346; x_wconf 68' lang='grc' dir='ltr'><strong>τοιαύτη⁴</strong></span> <span class='ocrx_word' id='word_1_738' title='bbox 1589 2310 1650 2337; x_wconf 84' lang='grc' dir='ltr'>Τῶν</span> <span class='ocrx_word' id='word_1_739' title='bbox 1664 2311 1845 2346; x_wconf 81' lang='grc' dir='ltr'><strong>Σαμαρειτῶν</strong></span> 
     </span>
    </p>
   </div>
   <div class='ocr_carea' id='block_1_105' title="bbox 1052 2355 1846 2392">
    <p class='ocr_par' dir='ltr' id='par_1_105' title="bbox 1052 2355 1846 2392">
     <span class='ocr_line' id='line_1_105' title="bbox 1052 2355 1846 2392; baseline 0 -10"><span class='ocrx_word' id='word_1_740' title='bbox 1052 2355 1083 2382; x_wconf 86' lang='grc' dir='ltr'><strong>τὸ</strong></span> <span class='ocrx_word' id='word_1_741' title='bbox 1106 2355 1210 2391; x_wconf 81' lang='grc' dir='ltr'>πλῆθος</span> <span class='ocrx_word' id='word_1_742' title='bbox 1233 2357 1274 2388; x_wconf 78' lang='grc' dir='ltr'>είς</span> <span class='ocrx_word' id='word_1_743' title='bbox 1300 2356 1493 2391; x_wconf 80' lang='grc' dir='ltr'><strong>ἀντικειμένας</strong></span> <span class='ocrx_word' id='word_1_744' title='bbox 1522 2356 1634 2392; x_wconf 83' lang='grc' dir='ltr'><strong>μερίδας</strong></span> <span class='ocrx_word' id='word_1_745' title='bbox 1660 2356 1846 2391; x_wconf 81' lang='grc' dir='ltr'><strong>διαιρεθέντες</strong></span> 
     </span>
    </p>
   </div>
   <div class='ocr_carea' id='block_1_106' title="bbox 1053 2401 1847 2438">
    <p class='ocr_par' dir='ltr' id='par_1_106' title="bbox 1053 2401 1847 2438">
     <span class='ocr_line' id='line_1_106' title="bbox 1053 2401 1847 2438; baseline 0.001 -10"><span class='ocrx_word' id='word_1_746' title='bbox 1053 2401 1100 2428; x_wconf 77' lang='grc' dir='ltr'>καὶ</span> <span class='ocrx_word' id='word_1_747' title='bbox 1126 2403 1324 2434; x_wconf 80' lang='grc' dir='ltr'><strong>στασιάσαντες</strong></span> <span class='ocrx_word' id='word_1_748' title='bbox 1350 2402 1419 2438; x_wconf 77' lang='grc' dir='ltr'><strong>πρὸς</strong></span> <span class='ocrx_word' id='word_1_749' title='bbox 1449 2402 1581 2437; x_wconf 78' lang='grc' dir='ltr'>ἀλλήλους</span> <span class='ocrx_word' id='word_1_750' title='bbox 1611 2402 1657 2429; x_wconf 70' lang='grc' dir='ltr'><strong>καὶ</strong></span> <span class='ocrx_word' id='word_1_751' title='bbox 1684 2403 1847 2436; x_wconf 75' lang='grc' dir='ltr'>ἀλλοφύλοις</span> 
     </span>
    </p>
   </div>
   <div class='ocr_carea' id='block_1_107' title="bbox 1054 2446 1847 2483">
    <p class='ocr_par' dir='ltr' id='par_1_107' title="bbox 1054 2446 1847 2483">
     <span class='ocr_line' id='line_1_107' title="bbox 1054 2446 1847 2483; baseline 0.001 -10"><span class='ocrx_word' id='word_1_752' title='bbox 1054 2446 1168 2478; x_wconf 73' lang='grc' dir='ltr'><strong>ἑαυτοὺς</strong></span> <span class='ocrx_word' id='word_1_753' title='bbox 1196 2446 1464 2481; x_wconf 81' lang='grc' dir='ltr'><strong>ἁποδιατειχίσαντες</strong></span> <span class='ocrx_word' id='word_1_754' title='bbox 1487 2447 1588 2480; x_wconf 80' lang='grc' dir='ltr'>δόξαις,</span> <span class='ocrx_word' id='word_1_755' title='bbox 1608 2448 1632 2473; x_wconf 75' lang='grc' dir='ltr'>οἱ</span> <span class='ocrx_word' id='word_1_756' title='bbox 1663 2447 1712 2482; x_wconf 84' lang='grc' dir='ltr'><strong>μὲν</strong></span> <span class='ocrx_word' id='word_1_757' title='bbox 1738 2447 1847 2483; x_wconf 70' lang='grc' dir='ltr'><strong>Ἰησοῦν</strong></span> 
     </span>
    </p>
   </div>
   <div class='ocr_carea' id='block_1_108' title="bbox 1053 2489 1845 2528">
    <p class='ocr_par' dir='ltr' id='par_1_108' title="bbox 1053 2489 1845 2528">
     <span class='ocr_line' id='line_1_108' title="bbox 1053 2489 1845 2528; baseline -0.001 -8"><span class='ocrx_word' id='word_1_758' title='bbox 1053 2493 1099 2520; x_wconf 80' lang='grc' dir='ltr'><strong>τὸν</strong></span> <span class='ocrx_word' id='word_1_759' title='bbox 1116 2493 1194 2528; x_wconf 84' lang='grc' dir='ltr'>Ναυῆ</span> <span class='ocrx_word' id='word_1_760' title='bbox 1223 2492 1348 2524; x_wconf 74' lang='grc' dir='ltr'><strong>ἐδόξαζον</strong></span> <span class='ocrx_word' id='word_1_761' title='bbox 1375 2490 1445 2519; x_wconf 76' lang='grc' dir='ltr'><strong>εἶναι</strong></span> <span class='ocrx_word' id='word_1_762' title='bbox 1474 2493 1539 2528; x_wconf 75' lang='grc' dir='ltr'><strong>περὶ</strong></span> <span class='ocrx_word' id='word_1_763' title='bbox 1564 2489 1595 2519; x_wconf 79' lang='grc' dir='ltr'><strong>οὗ</strong></span> <span class='ocrx_word' id='word_1_764' title='bbox 1622 2493 1744 2526; x_wconf 80' lang='grc' dir='ltr'><strong>Μωῦσῆς</strong></span> <span class='ocrx_word' id='word_1_765' title='bbox 1761 2491 1845 2520; x_wconf 75' lang='grc' dir='ltr'>εἷπε·</span> 
     </span>
    </p>
   </div>
   <div class='ocr_carea' id='block_1_109' title="bbox 1052 2538 1848 2574">
    <p class='ocr_par' dir='ltr' id='par_1_109' title="bbox 1052 2538 1848 2574">
     <span class='ocr_line' id='line_1_109' title="bbox 1052 2538 1848 2574; baseline 0 -8"><span class='ocrx_word' id='word_1_766' title='bbox 1052 2538 1215 2574; x_wconf 64' lang='grc' dir='ltr'>Προφήτην</span> <span class='ocrx_word' id='word_1_767' title='bbox 1240 2538 1313 2573; x_wconf 82' lang='grc' dir='ltr'>ὑμῖν</span> <span class='ocrx_word' id='word_1_768' title='bbox 1339 2538 1507 2571; x_wconf 75' lang='grc' dir='ltr'><strong>ἀναστήσει</strong></span> <span class='ocrx_word' id='word_1_769' title='bbox 1533 2539 1639 2573; x_wconf 77' lang='grc' dir='ltr'><strong>Κύριος</strong></span> <span class='ocrx_word' id='word_1_770' title='bbox 1665 2540 1682 2565; x_wconf 81' lang='grc' dir='ltr'><em>ὀ</em></span> <span class='ocrx_word' id='word_1_771' title='bbox 1713 2539 1788 2572; x_wconf 68' lang='grc' dir='ltr'><strong>Θεὸς</strong></span> <span class='ocrx_word' id='word_1_772' title='bbox 1813 2540 1848 2566; x_wconf 74' lang='grc' dir='ltr'>ἐκ</span> 
     </span>
    </p>
   </div>
   <div class='ocr_carea' id='block_1_110' title="bbox 1053 2584 1847 2621">
    <p class='ocr_par' dir='ltr' id='par_1_110' title="bbox 1053 2584 1847 2621">
     <span class='ocr_line' id='line_1_110' title="bbox 1053 2584 1847 2621; baseline -0.001 -9"><span class='ocrx_word' id='word_1_773' title='bbox 1053 2584 1114 2612; x_wconf 82' lang='grc' dir='ltr'>τῶν</span> <span class='ocrx_word' id='word_1_774' title='bbox 1137 2585 1278 2620; x_wconf 74' lang='grc' dir='ltr'>ἀδελφῶν</span> <span class='ocrx_word' id='word_1_775' title='bbox 1293 2584 1378 2620; x_wconf 76' lang='grc' dir='ltr'><strong>ὑμῶν</strong></span> <span class='ocrx_word' id='word_1_776' title='bbox 1391 2585 1431 2618; x_wconf 85' lang='grc' dir='ltr'>ὡς</span> <span class='ocrx_word' id='word_1_777' title='bbox 1454 2585 1517 2620; x_wconf 75' lang='grc' dir='ltr'>ἐμὲ,</span> <span class='ocrx_word' id='word_1_778' title='bbox 1535 2586 1561 2611; x_wconf 77' lang='grc' dir='ltr'>οἱ</span> <span class='ocrx_word' id='word_1_779' title='bbox 1581 2585 1609 2612; x_wconf 76' lang='grc' dir='ltr'>δὲ</span> <span class='ocrx_word' id='word_1_780' title='bbox 1628 2585 1722 2612; x_wconf 79' lang='grc' dir='ltr'><strong>τοῦτον</strong></span> <span class='ocrx_word' id='word_1_781' title='bbox 1747 2587 1769 2602; x_wconf 79' lang='grc' dir='ltr'>τι</span> <span class='ocrx_word' id='word_1_782' title='bbox 1797 2587 1847 2621; x_wconf 82' lang='grc' dir='ltr'>μὲν</span> 
     </span>
    </p>
   </div>
   <div class='ocr_carea' id='block_1_111' title="bbox 1054 2629 1848 2666">
    <p class='ocr_par' dir='ltr' id='par_1_111' title="bbox 1054 2629 1848 2666">
     <span class='ocr_line' id='line_1_111' title="bbox 1054 2629 1848 2666; baseline 0.001 -10"><span class='ocrx_word' id='word_1_783' title='bbox 1054 2630 1273 2666; x_wconf 83' lang='grc' dir='ltr'><strong>παρεγράφοντο,</strong></span> <span class='ocrx_word' id='word_1_784' title='bbox 1295 2629 1399 2664; x_wconf 81' lang='grc' dir='ltr'><strong>Δοσοην</strong></span> <span class='ocrx_word' id='word_1_785' title='bbox 1425 2629 1454 2656; x_wconf 78' lang='grc' dir='ltr'><strong>δέ</strong></span> <span class='ocrx_word' id='word_1_786' title='bbox 1468 2638 1530 2656; x_wconf 79' lang='grc' dir='ltr'><strong>τινα</strong></span> <span class='ocrx_word' id='word_1_787' title='bbox 1543 2629 1662 2665; x_wconf 79' lang='grc' dir='ltr'><strong>τοῦνομα</strong></span> <span class='ocrx_word' id='word_1_788' title='bbox 1677 2631 1694 2666; x_wconf 82' lang='grc' dir='ltr'>ἢ</span> <span class='ocrx_word' id='word_1_789' title='bbox 1720 2630 1848 2657; x_wconf 82' lang='grc' dir='ltr'><strong>Δοσίθεον</strong></span> 
     </span>
    </p>
   </div>
   <div class='ocr_carea' id='block_1_112' title="bbox 1055 2675 1846 2711">
    <p class='ocr_par' dir='ltr' id='par_1_112' title="bbox 1055 2675 1846 2711">
     <span class='ocr_line' id='line_1_112' title="bbox 1055 2675 1846 2711; baseline 0 -9"><span class='ocrx_word' id='word_1_790' title='bbox 1055 2675 1250 2711; x_wconf 77' lang='grc' dir='ltr'><strong>ἀνεκήρυττον,</strong></span> <span class='ocrx_word' id='word_1_791' title='bbox 1274 2675 1446 2711; x_wconf 83' lang='grc' dir='ltr'><strong>Σαμαρείτην</strong></span> <span class='ocrx_word' id='word_1_792' title='bbox 1472 2675 1522 2710; x_wconf 86' lang='grc' dir='ltr'><strong>μὲν</strong></span> <span class='ocrx_word' id='word_1_793' title='bbox 1538 2677 1585 2702; x_wconf 68' lang='grc' dir='ltr'>καὶ</span> <span class='ocrx_word' id='word_1_794' title='bbox 1602 2677 1681 2703; x_wconf 70' lang='grc' dir='ltr'><strong>αὐτὸν</strong></span> <span class='ocrx_word' id='word_1_795' title='bbox 1703 2676 1734 2703; x_wconf 84' lang='grc' dir='ltr'><strong>τὸ</strong></span> <span class='ocrx_word' id='word_1_796' title='bbox 1755 2676 1846 2710; x_wconf 81' lang='grc' dir='ltr'><strong>γένος,</strong></span> 
     </span>
    </p>
   </div>
   <div class='ocr_carea' id='block_1_113' title="bbox 248 2739 1000 2776">
    <p class='ocr_par' dir='ltr' id='par_1_113' title="bbox 248 2739 991 2774">
     <span class='ocr_line' id='line_1_113' title="bbox 248 2739 991 2774; baseline 0.003 -6"><span class='ocrx_word' id='word_1_797' title='bbox 248 2747 261 2762; x_wconf 71' lang='grc'>³</span> <span class='ocrx_word' id='word_1_798' title='bbox 275 2740 341 2768; x_wconf 86' lang='lat' dir='ltr'>Luc.</span> <span class='ocrx_word' id='word_1_799' title='bbox 355 2748 383 2774; x_wconf 71' lang='grc' dir='ltr'>κ,</span> <span class='ocrx_word' id='word_1_800' title='bbox 399 2740 443 2768; x_wconf 80' lang='grc'>19.</span> <span class='ocrx_word' id='word_1_801' title='bbox 482 2745 496 2765; x_wconf 66' lang='lat'>3&#39;</span> <span class='ocrx_word' id='word_1_802' title='bbox 511 2739 583 2768; x_wconf 85' lang='lat' dir='ltr'>Psal.</span> <span class='ocrx_word' id='word_1_803' title='bbox 598 2747 694 2774; x_wconf 75' lang='lat' dir='ltr'>Ltmu,</span> <span class='ocrx_word' id='word_1_804' title='bbox 712 2741 739 2768; x_wconf 85' lang='lat'>6.</span> <span class='ocrx_word' id='word_1_805' title='bbox 780 2745 791 2759; x_wconf 70' lang='grc' dir='ltr'><em>ι</em></span> <span class='ocrx_word' id='word_1_806' title='bbox 808 2741 877 2769; x_wconf 86' lang='lat' dir='ltr'>Psal.</span> <span class='ocrx_word' id='word_1_807' title='bbox 897 2750 954 2774; x_wconf 78' lang='lat' dir='ltr'>nt,</span> <span class='ocrx_word' id='word_1_808' title='bbox 973 2742 991 2770; x_wconf 77' lang='lat'>‘2</span> 
     </span>
    </p>
   </div>
   <div class='ocr_carea' id='block_1_114' title="bbox 1051 2739 1580 2776">
    <p class='ocr_par' dir='ltr' id='par_1_114' title="bbox 1053 2742 1580 2776">
     <span class='ocr_line' id='line_1_114' title="bbox 1053 2742 1580 2776; baseline 0.002 -7"><span class='ocrx_word' id='word_1_809' title='bbox 1053 2743 1122 2771; x_wconf 85' lang='lat' dir='ltr'>atth.</span> <span class='ocrx_word' id='word_1_810' title='bbox 1140 2750 1215 2776; x_wconf 82' lang='lat' dir='ltr'>xxvt,</span> <span class='ocrx_word' id='word_1_811' title='bbox 1232 2742 1277 2771; x_wconf 70' lang='grc'>46.</span> <span class='ocrx_word' id='word_1_812' title='bbox 1316 2749 1328 2763; x_wconf 68' lang='grc' dir='ltr'><strong>ε</strong></span> <span class='ocrx_word' id='word_1_813' title='bbox 1347 2743 1424 2770; x_wconf 89' lang='lat' dir='ltr'>Deut.</span> <span class='ocrx_word' id='word_1_814' title='bbox 1442 2750 1520 2776; x_wconf 74' lang='lat' dir='ltr'>XVIII,</span> <span class='ocrx_word' id='word_1_815' title='bbox 1536 2742 1580 2770; x_wconf 79' lang='grc'>15.</span> 
     </span>
    </p>
   </div>
   <div class='ocr_carea' id='block_1_115' title="bbox 859 2798 1192 2828">
    <p class='ocr_par' dir='ltr' id='par_1_115' title="bbox 859 2798 1192 2828">
     <span class='ocr_line' id='line_1_115' title="bbox 859 2798 1192 2828; baseline 0.003 -2"><span class='ocrx_word' id='word_1_816' title='bbox 859 2798 974 2826; x_wconf 71' lang='grc' dir='ltr'>νΛΡιΙΑΞ</span> <span class='ocrx_word' id='word_1_817' title='bbox 995 2799 1192 2828; x_wconf 78' lang='lat' dir='ltr'>LECTIONES.</span> 
     </span>
    </p>
   </div>
   <div class='ocr_carea' id='block_1_116' title="bbox 252 2842 1087 2879">
    <p class='ocr_par' dir='ltr' id='par_1_116' title="bbox 252 2842 1087 2879">
     <span class='ocr_line' id='line_1_116' title="bbox 252 2842 1087 2879; baseline 0.004 -10"><span class='ocrx_word' id='word_1_818' title='bbox 252 2843 274 2859; x_wconf 84' lang='lat'>“</span> <span class='ocrx_word' id='word_1_819' title='bbox 295 2843 347 2870; x_wconf 73' lang='grc' dir='ltr'><strong>ἰδία</strong></span> <span class='ocrx_word' id='word_1_820' title='bbox 365 2842 397 2870; x_wconf 89' lang='lat' dir='ltr'>A.</span> <span class='ocrx_word' id='word_1_821' title='bbox 435 2843 458 2860; x_wconf 83' lang='lat'><strong>&quot;</strong></span> <span class='ocrx_word' id='word_1_822' title='bbox 475 2842 586 2871; x_wconf 79' lang='grc' dir='ltr'>διελθὼν</span> <span class='ocrx_word' id='word_1_823' title='bbox 598 2843 620 2869; x_wconf 81' lang='grc' dir='ltr'>Α</span> <span class='ocrx_word' id='word_1_824' title='bbox 635 2842 688 2879; x_wconf 42' lang='grc' dir='ltr'><strong>εθδὴ</strong></span> <span class='ocrx_word' id='word_1_825' title='bbox 700 2843 850 2878; x_wconf 73' lang='grc' dir='ltr'><strong>περιελθών</strong></span> <span class='ocrx_word' id='word_1_826' title='bbox 863 2852 892 2876; x_wconf 79' lang='grc' dir='ltr'><strong>ς.</strong></span> <span class='ocrx_word' id='word_1_827' title='bbox 933 2844 1038 2872; x_wconf 69' lang='grc' dir='ltr'><strong>τιτοῦτο</strong></span> <span class='ocrx_word' id='word_1_828' title='bbox 1058 2854 1087 2877; x_wconf 85' lang='grc' dir='ltr'><strong>ς.</strong></span> 
     </span>
    </p>
   </div>
  </div>
