1920 3092
225 135 293 168 1087

786 136 917 167 ΡΗΟΤΙΙ
931 137 1183 168 ΡΑΤΒΙΑΒΟΙΙ.Έ
1202 138 1255 168 CP.

1782 138 1853 169 1088

220 193 353 221 exsecrati
384 192 513 223 Dos-illisi,
534 191 632 219 ‘nnllus
658 198 772 226 usquam
797 199 857 219 esse
889 197 977 227 potest
1001 192 1012 218 ?

1070 193 1159 225 iit-rw;
1183 193 1243 224 ηὼς
1271 193 1362 220 δὲκαὶ
1381 193 1525 220 κατέϐαινε
1550 193 1596 220 καὶ
1622 193 1690 228 πρὸς
1722 194 1766 220 τὸν
1798 195 1857 221 υἱὸν

222 239 338 266 Rursum
364 237 448 265 Jacolo
468 237 577 272 quando
591 237 730 271 :bencdicil
763 237 835 269 ﬁliis,
858 238 895 264 ait
925 247 932 265 :
957 237 1012 272 Ego

221 291 363 319 congregat
379 285 413 308 ad
440 283 568 316 pntu'um
589 291 675 309 meum
694 288 716 308 ε.
740 281 767 308 Si
800 287 913 310 noverat
937 290 1012 309 suatu

221 337 345 358 naturam
373 328 440 364 [seu
454 328 620 368 essentiam]
644 336 696 355 una
723 336 784 356 cum
810 329 936 363 przcsenti
960 329 1012 356 vita

224 377 329 404 ﬁnitum
356 376 408 408 iri,
430 376 565 409 quomodo
588 375 655 402 dixit
671 374 716 408 qui
732 379 864 407 mortuus,
878 382 1012 407 nusquam

221 421 334 456 amplius
359 421 420 454 fuit,
450 428 478 448 se
503 421 535 448 ad
563 420 688 455 populum
714 428 792 446 suum
809 421 854 454 qui
880 428 1013 455 nusquam

221 472 292 498 erat,
307 467 464 502 congregari
482 467 493 493 ?
511 466 677 498 Advertesis,
693 466 756 500 quid
773 467 830 500 ipse
848 466 976 492 Dominus
988 470 1014 493 et

222 513 292 540 Deus
305 514 492 540 universorum
511 512 582 539 dicat
592 512 624 539 ad
639 511 758 547 Moysen,
771 513 880 546 quando
896 511 969 538 illum
986 511 1013 538 in

220 564 372 586 extremum
404 557 478 585 Ncbo
496 558 617 590 deduxit,
651 562 678 584 et
701 558 820 584 ostendit
847 557 884 584 illi
915 562 1014 584 terram

222 613 303 640 quam
336 605 447 632 daturus
476 609 535 632 erat
558 604 585 630 in
613 603 796 630 htBretlllalelll
821 601 914 631 Israel.
933 603 1015 630 Addit

220 651 291 678 enim
307 659 314 677 :
328 650 361 677 Et
381 651 480 677 uidebis
503 658 583 676 eam:
606 649 704 677 deinde
728 658 735 676 :
758 649 791 676 Et
815 650 954 682 apportari:
979 649 1014 675 ad

220 696 344 730 populum
354 701 427 722 tuum
443 701 514 729 etlu,
531 698 599 722 sicut
614 696 749 729 appositus
764 701 802 722 est
818 700 841 722 et
853 695 942 721 Aaron
957 695 1014 729 fra-

220 746 260 768 ter
283 746 343 768 tuus
360 740 381 768 ί.
402 741 464 767 Illud
486 746 575 768 autem
590 749 658 776 qttos
675 749 727 768 non
748 746 866 773 moveat,
885 740 940 768 Deo
954 741 1012 775 ipso

221 787 354 814 clamante
369 786 575 821 aliirmanthue
595 794 602 813 :
619 787 674 822 Ego
693 795 751 814 sunt
776 787 845 814 Deus
870 787 1014 820 Abraham,

219 839 243 859 et
260 832 329 860 Deus
342 831 432 866 Isaac,
445 838 468 860 et
485 833 554 859 Deus
570 833 669 861 Iacob?
684 833 859 867 Ecqnomodo
874 833 1014 865 erltDeus,

1066 238 1111 264 τὸν
1130 238 1242 273 μηδαμῆ
1268 239 1400 274 μηδαμῶς
1429 238 1501 265 κατὰ
1526 239 1571 265 τὸν
1601 239 1725 265 Δοσιθέου
1750 238 1859 274 δύσφη-

1069 291 1117 318 μον
1139 283 1222 318 λῆρον
1252 283 1401 318 δυνάμενον
1432 282 1523 318 εἶναις
1550 284 1633 311 Πάλιν
1656 284 1684 311 δὲ
1700 284 1764 316 τοὺς
1780 286 1859 317 υἱοὺς

1067 329 1215 364 εὐλογήσας
1232 330 1245 355 δ
1266 329 1362 356 Ἰακώϐ
1385 339 1470 365 φησιν
1487 338 1494 345 ·
1518 330 1594 365 Ἐγὼ
1616 330 1651 356 δὲ
1662 331 1860 366 προστίθεμαι

1067 374 1143 408 πρὸς
1170 375 1224 401 τὸν
1246 376 1324 402 λαόν
1345 383 1416 409 μου.
1446 376 1478 402 El
1505 375 1560 411 γὰρ
1578 377 1782 412 περατουμένην
1797 377 1860 412 ᾔδει

1065 420 1116 455 τὴν
1133 419 1248 456 ὕπαρξιν
1271 421 1354 447 αὑτοῦ
1378 421 1417 456 τῷ
1444 421 1543 456 πέρατι
1566 421 1612 448 τοῦ
1634 423 1765 457 παρόντος
1784 423 1857 457 βίου,

1067 465 1126 497 πῶς
1151 465 1226 500 ἔλεγε
1254 466 1450 502 προστίθεσθαι
1478 466 1516 502 μὴ
1535 466 1573 493 ὢν
1589 467 1670 499 αὐτὸς
1687 467 1727 503 τῷ
1743 469 1858 504 μηδαμῆ

1037 512 1041 519 ’
1068 509 1200 544 μηδαμῶς
1228 510 1285 537 δντι
1313 511 1395 538 αὑτοῦ
1410 511 1467 546 λαῷ
1480 519 1487 543 ;
1502 511 1584 547 ς”υρα
1605 511 1645 544 δὲ,
1664 512 1712 539 καὶ
1736 513 1817 544 αὐτὸς
1841 514 1859 539 ὁ

1067 556 1204 591 Δεσπότης
1220 555 1243 572 ’⁸⁸
1260 557 1306 584 καὶ
1324 557 1390 589 Θεὸς
1412 557 1466 583 τῶν
1482 557 1550 584 ὅλων
1564 558 1591 583 τι
1616 558 1690 592 λέγει
1706 558 1744 593 τῷ
1768 558 1854 585 Μωῦ-

1068 602 1120 632 uel,
1142 602 1186 627 ὅτε
1215 602 1295 629 αὑτὸν
1321 603 1361 634 είς
1385 602 1415 629 τδ
1443 602 1509 638 ὅρος
1527 603 1685 635 ἀναϐιϐάζει
1709 604 1741 631 τὸ
1769 604 1859 639 πέραν

1067 646 1163 673 Ναϐαῦ
1179 647 1211 679 θ’,
1226 647 1273 673 καὶ
1286 647 1334 682 τὴν
1349 647 1402 683 γῆν
1418 647 1584 674 ἐπιδεικνύει
1603 648 1637 683 ἢν
1657 648 1754 683 ἔμελλε
1775 657 1860 674 κατα-

1068 692 1236 728 κληροδοτεϊν
1249 693 1287 728 τῷ
1321 692 1448 727 Ἰσραὴλς
1481 693 1595 728 Ἐπάγει
1620 693 1692 729 γὰρ,
1714 694 1767 721 Καὶ
1791 694 1859 728 ὄψει

1068 739 1185 773 αὐτήν·
1203 736 1272 770 εἶτα,
1301 738 1355 766 Καὶ
1381 738 1577 773 προστεθήσῃ
1602 739 1678 774 πρὸς
1701 739 1756 766 τὸν
1781 740 1859 766 λαόν

1068 791 1126 811 σου
1138 784 1188 811 καὶ
1204 784 1255 816 σὺ,
1271 784 1347 811 καθὰ
1362 785 1527 819 προσετέθη
1544 784 1593 812 καὶ
1609 784 1721 819 Ἀαρὼν
1738 786 1755 812 d
1771 785 1862 813 ἀδελ-

1069 830 1125 863 φός
1139 837 1207 856 σου.
1232 828 1296 865 [888
1311 829 1357 866 IL]
1387 830 1490 857 Ἐκεῖνο
1512 830 1541 856 δὲ
1562 830 1643 862 τίνας
1665 831 1716 857 οὐκ
1739 830 1773 857 ἂν
1798 831 1860 857 δυσ-

223 877 292 904 Deus
307 885 387 904 verus
409 885 503 904 eorum
521 878 565 912 qui
584 885 717 912 nusquam
737 878 818 906 futuri
835 883 908 910 sunt,
926 878 972 905 sed
987 878 1012 904 in

1070 876 1212 910 ωπήσειεν,
1228 876 1311 902 αὑτοῦ
1328 875 1396 902 Θεοῦ
1413 875 1477 912 [468
1495 875 1542 911 ιι]
1569 876 1785 912 διακεκραγότος
1811 877 1860 903 καὶ

221 923 337 950 niltilnm
366 924 469 951 redacti
493 923 505 950 ?
529 923 614 950 Eccur
647 924 802 958 paradisum
827 924 861 951 ad
884 923 1016 951 orientem

221 969 352 1004 plantavit
378 970 403 997 in
428 975 499 997 terra
523 969 616 1003 Edem,
644 970 669 997 in
692 978 745 1005 quo
768 971 916 1003 hominem,
935 978 1016 1005 quem

221 1015 363 1048 formarat,
377 1017 475 1050 posuit,
490 1016 512 1044 si
527 1016 599 1043 illum
614 1016 706 1043 statim
720 1016 827 1051 quidem
841 1022 1014 1052 peccaturum

220 1067 309 1094 norat,
325 1068 351 1089 et
365 1070 384 1098 eq
396 1063 522 1097 paradiso
539 1062 566 1090 in
583 1063 709 1090 exsilium
728 1063 844 1098 ejectum
863 1063 908 1095 iri,
926 1063 1014 1091 nemi-

220 1114 281 1133 nem
294 1114 357 1133 vero
373 1096 466 1142 postea
480 1114 511 1134 ex
525 1106 680 1134 hominibus
700 1107 726 1133 in
743 1096 792 1134 illo
804 1106 988 1134 habitaturum
1004 1106 1017 1133 ?

221 1151 329 1178 Etenim
356 1152 378 1179 si
399 1159 505 1183 omnes,
522 1153 580 1179 sive
601 1153 646 1187 qui
662 1152 733 1187 piam
752 1153 810 1180 sive
823 1152 932 1187 impiam
946 1152 1016 1179 hanc

219 1197 301 1223 vitam
328 1201 486 1231 exegerunt,
508 1197 624 1224 decurso
646 1198 707 1224 vitae
722 1198 864 1232 praesentis
887 1197 1015 1224 stadioin

222 1244 336 1271 nihilum
359 1244 491 1277 recidttnt,
512 1251 562 1271 nec
585 1244 728 1279 quisquam
749 1248 850 1276 manet,
871 1243 918 1278 qui
937 1250 1016 1278 para-

219 1291 307 1318 disum
333 1296 361 1318 ut
381 1291 468 1319 hmres
485 1296 608 1326 occupet,
627 1291 780 1326 divinisque
799 1291 907 1326 gaudiis
923 1291 950 1318 itt
969 1290 1015 1318 illo

219 1334 398 1369 perlruaunr,
427 1336 563 1370 qttontodo
587 1343 638 1362 non
662 1336 719 1363 haec
752 1336 857 1370 ingrata
884 1336 1015 1363 adversus

221 1381 314 1411 Deum.
335 1386 361 1407 et
376 1381 458 1415 impia
482 1381 583 1414 opinio,
601 1381 701 1408 l'rttstra
742 1385 864 1408 creatum
885 1381 1014 1413 ostendit,

219 1431 246 1453 et
265 1434 312 1462 per
325 1428 395 1455 Itane
421 1428 448 1454 in
475 1427 550 1454 illum
568 1427 704 1461 iniuriam,
724 1427 812 1462 ipsum
841 1434 1014 1454 communem

221 1481 310 1500 rerum
337 1472 492 1500 ellectorem
524 1473 608 1500 Detttu
635 1473 830 1500 contumeliose
845 1473 1014 1508 perstringit,

1066 921 1207 954 λέγοντος·
1223 921 1294 955 Ἐγώ
1311 922 1369 955 ειμι
1384 923 1400 948 ὀ
1425 921 1496 955 Θεὸς
1517 921 1641 956 Ἀϐραὰμ
1667 923 1716 949 καὶ
1745 924 1761 949 ό
1788 924 1861 955 eam;

1066 966 1170 995 Ἰσαὰκ
1190 967 1238 995 καί
1263 968 1280 994 ὁ
1306 967 1378 1000 Θεὸς
1402 967 1518 1000 Ἰακώϐ;
1538 967 1599 999 Πῶς
1615 968 1668 1004 γὰρ
1687 968 1720 994 ἂν
1733 968 1777 1003 εἴη
1794 968 1862 1000 Θεις

1065 1012 1080 1038 ὸ
1095 1012 1219 1047 ἀληθινὸς
1237 1012 1302 1044 Θεὸς
1319 1013 1373 1039 τῶν
1392 1013 1490 1048 μηκέτι
1515 1013 1674 1048 ὲσωμένων,
1694 1013 1764 1040 ἀλλὰ
1791 1016 1862 1041 ἀττε-

1066 1060 1222 1096 φθαρέντων
1233 1060 1273 1092 είς
1281 1059 1312 1086 τὸ
1324 1060 1361 1095 μὴ
1370 1060 1399 1086 ὃν
1411 1069 1418 1094 ;
1438 1059 1470 1086 Τί
1481 1059 1510 1086 δὲ
1524 1060 1569 1086 καὶ
1580 1060 1626 1086 τὸν
1643 1060 1714 1087 κατά.
1727 1060 1862 1092 ἀνατολὰς

1066 1106 1230 1141 παράδεισον
1254 1106 1398 1140 ἐφύτευσε,
1423 1106 1469 1132 τδν
1486 1107 1515 1133 ὲν
1545 1105 1635 1140 Ἐδὲμ,
1657 1107 1685 1133 ὲν
1705 1102 1728 1140 ᾧ
1751 1107 1798 1132 τὶν
1816 1107 1863 1133 ἆν-

1067 1151 1177 1188 θρωπον
1205 1152 1236 1178 δν
1261 1151 1378 1179 ἔπλασεν
1405 1152 1491 1185 ἔθετο,
1517 1152 1542 1179 εἰ
1568 1153 1674 1179 ἐκεῖνον
1701 1152 1751 1187 μὲν
1779 1153 1863 1184 εὐθὺς

1067 1197 1277 1233 παραϐήσεσθαι
1303 1198 1361 1233 ᾔδει
1390 1199 1437 1224 καὶ
1468 1198 1515 1224 τοῦ
1544 1199 1646 1234 χωρίου
1677 1199 1862 1233 γενησόμενον

1067 1243 1223 1278 ὑπερόριον,
1241 1243 1344 1278 μηδένα
1363 1243 1392 1271 δὲ
1419 1244 1473 1270 τῶν
1501 1244 1570 1279 μετὰ.
1594 1244 1682 1271 ταῦτα
1707 1243 1863 1280 ἀνθρώπων

1067 1287 1199 1323 μέλλοντα
1225 1288 1307 1314 πάλιν
1325 1288 1448 1323 οἰκήσειν
1473 1288 1575 1322 αὒτὸν;
1603 1289 1635 1315 El
1663 1289 1718 1325 γὰρ
1744 1289 1863 1320 ἕκαστος

1065 1331 1181 1359 καὶτῶν
1196 1331 1317 1364 εὐσεϐῶς
1331 1332 1354 1349 ⁸³
1380 1333 1552 1368 βεϐιωκότων
1574 1334 1622 1361 καὶ
1648 1333 1703 1360 τῶν
1721 1333 1863 1365 δυσσεϐῶς

1066 1377 1303 1413 πολιτευσαμένων
1329 1379 1399 1412 μετὰ
1415 1379 1445 1405 τὸ
1462 1379 1568 1406 στάδιον
1587 1378 1635 1406 τοῦ
1651 1380 1785 1415 παρόντος
1801 1379 1864 1413 βίου

1067 1423 1134 1458 πρὸς
1157 1423 1188 1450 τὸ
1212 1423 1250 1459 μὴ
1279 1423 1308 1450 ὃν
1336 1424 1482 1451 ἀναλύεται
1513 1425 1548 1458 ⁸⁸,
1575 1425 1623 1452 καὶ
1649 1425 1737 1457 οὐδεὶς
1768 1424 1864 1451 οὐκέτι

1066 1470 1186 1504 διαμένει
1202 1470 1271 1496 ὥστε
1289 1471 1337 1497 καὶ
1355 1470 1519 1504 παράδεισον
1539 1472 1717 1506 κληρονομεῖν
1742 1471 1790 1498 καὶ
1812 1471 1865 1505 τῆς

219 1517 331 1552 quando
344 1518 419 1545 illum
441 1525 473 1545 ea
489 1517 588 1545 fecisse
601 1517 750 1552 insimulat,
767 1525 827 1553 quae
845 1526 893 1546 nec
911 1519 1012 1546 medio-

1070 1517 1094 1543 ὲν
1122 1516 1197 1552 αὐτῷ
1223 1516 1332 1552 τρυφῆς
1356 1516 1504 1544 ἀπολαύειν
1532 1518 1620 1553 ἱερᾶς,
1647 1518 1706 1549 πῶς
1724 1517 1754 1543 οὗ
1772 1517 1866 1552 μάτην

221 1563 306 1591 (-riter
322 1564 442 1599 prudens
459 1572 577 1599 unquam
591 1563 717 1591 laceret?

1068 1563 1150 1589 αὐτὸν
1176 1562 1341 1598 γεγενῆσθαι
1367 1564 1384 1597 ἡ
1412 1563 1525 1599 τοιαύτη
1557 1563 1692 1599 ἀγνώμων
1722 1564 1770 1590 καὶ
1797 1563 1867 1590 δυσ.

223 1610 305 1645 σεϐὴς
327 1610 464 1645 ὑπόληψις
493 1611 630 1645 ἀποφανεῖ
639 1609 675 1641 ⁸³,
691 1610 738 1636 καὶ
753 1610 797 1636 διὰ
822 1609 872 1644 τῆς
887 1609 927 1641 εἰς
948 1610 1053 1636 ἐκεῖνον
1085 1608 1191 1644 ὕϐρεως
1211 1608 1256 1635 τὸν
1288 1609 1377 1636 κοινὸν
1404 1609 1543 1645 ὲξυϐρίσει
1566 1610 1747 1645 Δημιουργὺν,
1767 1609 1868 1637 ἐκεῖνα

219 1658 352 1693 πράττειν
377 1657 549 1692 κατηγορῶν,
573 1657 591 1684 ἃ
617 1657 684 1693 μηδὲ
706 1657 817 1692 μέτριος
832 1657 865 1684 ἄν
882 1666 924 1689 τις
943 1656 1123 1692 διαπράξαιτο
1139 1657 1229 1691 ἀνήρς

255 1702 301 1730 Sic
319 1703 429 1737 impiam
464 1702 583 1729 Dosithei
613 1703 646 1729 de
679 1708 878 1729 resurrecltone
904 1708 1015 1729 senten-

220 1748 284 1775 tiam
302 1754 334 1774 ex
348 1755 424 1775 sacra
439 1747 581 1781 Scriptura
597 1745 729 1779 refutans,
749 1747 869 1773 ostendit
886 1747 1014 1773 mttndum

219 1792 370 1826 corrumpi,
392 1799 472 1826 quem
495 1791 541 1818 ille
557 1791 801 1825 inconuptibilem,
821 1792 940 1818 anitnatn
952 1799 1017 1819 vero

219 1838 427 1873 t-orruptibilem
450 1842 602 1865 monstrose
626 1836 768 1871 tingebat:
787 1837 944 1872 angelorum
967 1845 1016 1865 na-

220 1889 307 1910 turam
334 1891 348 1910 a
373 1882 428 1910 Deo
452 1882 550 1910 factum
569 1903 576 1915 ,
602 1890 683 1918 quam
705 1883 815 1910 insanus
831 1883 875 1910 ille
897 1883 967 1910 inter
979 1891 1011 1911 ea

217 1936 278 1963 qua:
294 1937 426 1963 nusquam
454 1929 600 1961 exsistunt,
617 1928 733 1963 ponebat
747 1937 754 1962 ;
767 1929 921 1956 dmmonutn
940 1937 1010 1964 quo-

217 1983 271 2009 que
294 1982 378 2010 genus
395 1974 493 2002 factum
509 1981 579 2005 esse,
597 1979 624 2001 et
643 1982 774 2007 manere;
801 1975 926 2002 Dostheni
947 1982 1011 2002 vero

218 2020 288 2047 ilolu
316 2027 364 2046 seu
393 2020 560 2052 simulacra,
583 2020 722 2046 daemonas
749 2027 809 2047 esse
840 2020 1009 2053 dictitabant,

221 2065 293 2092 aliud
322 2072 406 2099 genus
421 2064 617 2092 daanmniorum
639 2064 743 2091 nttllum
761 2065 965 2099 agnoscebant;
980 2073 1012 2093 eo

219 2110 329 2145 insaniae
343 2110 422 2137 illum.
435 2117 496 2137 esse
510 2117 684 2144 progressum
699 2110 832 2138 ostendit.

253 2156 350 2191 2860
376 2155 406 2182 ln
425 2156 475 2182 hoc
497 2154 600 2191 [porro]
617 2155 686 2182 libro
717 2157 893 2191 quaestionem
920 2156 1012 2191 addit,

217 2207 287 2232 cur,
312 2209 373 2228 cum
394 2201 480 2228 multa
503 2205 596 2227 essent
614 2201 741 2228 animalia
767 2203 838 2229 inter
855 2204 953 2229 ntttnda
968 2210 1014 2229 nuo

1101 1700 1180 1727 Οὕτω
1208 1701 1239 1726 τὸ
1267 1700 1398 1732 δυσσεϐὲς
1430 1701 1496 1737 περὶ
1529 1701 1705 1734 ἀναστάσεως
1735 1701 1780 1729 διὰ
1807 1703 1867 1729 τῶν

1066 1745 1222 1782 ἱερολογιῶν
1247 1746 1376 1773 Δοσιθέου
1400 1748 1534 1783 κήρυγμα
1561 1748 1730 1781 καταϐαλὼν,
1750 1749 1798 1775 καὶ
1820 1749 1867 1776 ὅτι

1065 1792 1184 1827 φθαρτὸς
1209 1792 1224 1818 6
1250 1792 1352 1828 κόσμος
1378 1793 1493 1829 (ἐκεῖνος
1517 1793 1571 1829 γὰρ
1600 1794 1722 1829 φθαρτὴν
1754 1795 1804 1829 μὲν
1837 1795 1866 1811 ⁸⁸

1066 1837 1116 1874 τὴν
1137 1837 1238 1874 ψυχὴν,
1254 1839 1394 1874 ἄφθαρτον
1411 1839 1440 1867 δὲ
1463 1840 1557 1867 τοῦτον
1578 1840 1791 1876 ἑτερατολόγει),
1813 1842 1867 1869 καὶ

1066 1883 1107 1910 ὅτι
1124 1883 1180 1910 τῶν
1197 1884 1323 1919 ἀγγέλων
1335 1886 1352 1920 ἡ
1378 1885 1460 1920 φύσις
1475 1885 1552 1920 παρὰ
1567 1885 1636 1912 Θεοῦ
1666 1886 1771 1922 ὑπέστη
1796 1887 1867 1922 (τῶν

1064 1930 1119 1966 γὰρ
1132 1930 1169 1965 μὴ
1179 1930 1263 1958 ὄντων
1277 1931 1436 1958 καὶτούτων
1445 1931 1495 1967 τὴν
1502 1931 1584 1966 φύσιν
1593 1933 1615 1950 ⁸⁷
1626 1932 1730 1963 ἐκεῖνος
1742 1932 1757 1958 ὁ
1769 1931 1865 1966 ληρώ-

1064 1976 1112 2011 δης
1121 1977 1253 2012 ἐνόμιζε),
1267 1978 1311 2004 ναὶ
1322 1978 1354 2013 δὴ
1365 1978 1412 2004 καὶ
1422 1978 1464 2005 ὅτι
1478 1978 1508 2004 τὸ
1519 1979 1658 2014 δαιμόνιον
1670 1978 1766 2013 γέγονέ
1775 1987 1804 2005 τε
1815 1979 1866 2006 καὶ

1063 2023 1184 2059 διαμένει
1197 2024 1280 2059 φῦλον
1293 2025 1329 2056 (οἱ
1345 2026 1400 2061 γὰρ
1413 2025 1544 2061 Δοσθηνοὶ
1552 2027 1586 2053 τὰ
1598 2026 1647 2062 μὲν
1658 2026 1756 2054 εἴδωλα
1763 2026 1863 2061 δαίμο-

1068 2078 1116 2102 νας
1128 2070 1301 2105 ἕλεγον,ἇ>.λο
1308 2071 1337 2098 δέ
1346 2081 1373 2099 τι
1383 2072 1523 2108 δαιμόνιον
1532 2072 1616 2108 φῦλον
1624 2074 1674 2100 οὐκ
1686 2073 1862 2108 ἐγίνωσκον),

1072 2116 1114 2148 εις
1141 2116 1242 2152 πολλὴν
1259 2117 1341 2144 αὑτὸν
1365 2117 1459 2145 ἐλάσαι
1478 2118 1692 2154 φρενοϐλάϐειαν
1707 2119 1862 2154 διήλεγξεν.

1107 2161 1152 2188 Ἐν
1175 2161 1263 2198 τούτῳ
1285 2163 1325 2199 τῷ
1355 2163 1451 2200 βιϐλίῳ
1473 2164 1593 2200 ἀπορίαν
1618 2165 1731 2199 προθεὶς
1760 2165 1796 2197 ⁸⁸,
1819 2166 1861 2192 ὅτι

1066 2206 1172 2234 πολλῶν
1199 2207 1285 2234 ὄντων
1311 2207 1389 2240 ζώων
1411 2208 1430 2236 ἃ
1455 2209 1506 2245 τῆς
1524 2209 1580 2236 τῶν
1607 2209 1736 2246 καθαρῶν
1758 2211 1863 2246 ὲτάχθη

217 2251 335 2280 merata,
357 2247 477 2281 quinque
502 2251 605 2274 tantum
629 2247 781 2275 saerillcata
808 2248 917 2281 iuerint,
936 2253 964 2276 et
979 2249 1012 2276 al)

1070 2252 1187 2287 μερίδος,
1210 2252 1254 2280 διὰ
1279 2252 1306 2279 τί
1331 2254 1412 2280 πέντε
1439 2255 1507 2290 μόνα
1531 2254 1707 2287 ἑθυσιάζοντο
1723 2256 1782 2287 τοῖς
1807 2265 1862 2282 πα-

218 2292 339 2326 antiquis
355 2292 479 2329 [ludatis]
501 2293 534 2320 ad
551 2300 606 2320 retu
624 2293 745 2321 divinam
762 2295 893 2327 adhibita,
921 2295 1011 2322 ltirtzus

218 2345 324 2372 nempe.
338 2343 365 2365 et
375 2339 457 2371 aries,
470 2345 497 2367 et
514 2341 571 2372 bos,
586 2345 676 2367 turtur
687 2344 715 2367 et
725 2340 847 2368 columba
861 2340 873 2367 ?
887 2340 1012 2375 Respon-

217 2383 272 2417 det,
291 2384 401 2418 antiqua
417 2385 530 2421 figuram
546 2395 618 2420 esse,
636 2392 664 2414 et
685 2387 815 2422 pleraque
837 2387 870 2414 ad
886 2387 1013 2422 atuigma-

219 2432 273 2454 tutn
285 2430 468 2463 cognitionem
485 2431 593 2460 referri.
612 2433 738 2466 Quinque
748 2436 838 2459 autem
853 2440 887 2459 ex
903 2432 1011 2460 mundis

219 2474 366 2503 sacriﬁcari
382 2477 429 2510 ait,
446 2478 518 2512 quod
536 2486 584 2514 per
601 2479 648 2506 illa
661 2479 780 2514 quinque
793 2486 888 2506 sensus
901 2483 1012 2507 nostros

217 2520 275 2552 pari
289 2528 402 2549 numero
422 2523 539 2551 voluerit
556 2524 694 2552 insinuare
715 2534 722 2552 :
741 2524 784 2551 his
794 2525 866 2552 enim
879 2523 1008 2559 puriﬁca-

217 2570 261 2594 tos
279 2574 328 2594 seu
343 2569 458 2596 mundos
475 2577 523 2598 nos
537 2570 684 2605 adjungere
697 2569 788 2598 Verbo
799 2571 855 2597 vult
871 2570 1009 2604 Iegislator

217 2615 246 2638 et
269 2612 402 2640 decernit.
432 2613 522 2650 Atque
544 2614 601 2643 hate
627 2616 734 2651 quidem
761 2615 817 2652 [ex
838 2615 1009 2645 orationibus

216 2657 335 2695 Eulogii]
348 2665 476 2696 excerpta
494 2666 569 2689 sunt.

253 2711 268 2726 ο
285 2705 354 2734 Gen.
371 2715 444 2742 xm,
459 2708 504 2736 29.
549 2709 559 2728 ί
578 2709 657 2737 Deut.
668 2717 756 2744 χχιιι,
771 2710 816 2743 49,
834 2710 880 2738 50.

1063 2298 1149 2330 λαιοῖς
1161 2299 1208 2325 καὶ
1229 2299 1429 2334 ἱερουργοῦντο,
1451 2301 1554 2335 τράγος
1569 2302 1617 2328 καί
1630 2301 1708 2337 κριὸς
1723 2302 1772 2329 καὶ
1785 2301 1860 2337 βοῦς,

1062 2343 1172 2379 τρυγὼν
1189 2344 1237 2371 καὶ
1253 2346 1406 2381 περιστερά.
1421 2354 1429 2378 ;
1452 2347 1507 2373 Καὶ
1534 2347 1686 2380 ὲπιλὺεται,
1709 2347 1798 2374 τύπον
1809 2347 1861 2383 μὲν

1063 2388 1135 2416 εἶναι
1150 2390 1238 2425 λέγων
1257 2391 1293 2417 τά
1305 2391 1419 2425 παλαιὰ,
1439 2393 1486 2419 καὶ
1507 2392 1543 2419 τὰ
1557 2392 1644 2420 πλείω
1669 2394 1710 2425 είς
1730 2394 1861 2429 αἰνιγμά-

1061 2444 1115 2462 των
1138 2436 1325 2473 ἀναφέρεσθαι
1345 2438 1473 2474 θεωρίαν,
1505 2438 1588 2466 πέντε
1613 2440 1643 2467 δὲ
1669 2440 1703 2466 ἐκ
1728 2440 1786 2467 τῶν
1812 2449 1862 2468 κα-

1063 2481 1157 2518 θαρῶν
1194 2484 1415 2519 ῑερουργείσθαι,
1432 2485 1480 2512 ἅτε
1505 2485 1538 2521 δὴ
1567 2485 1615 2513 καὶ
1644 2485 1694 2518 τὰς
1719 2485 1862 2522 ἡμετέρας

1061 2527 1204 2564 αἰσθήσεις
1220 2529 1267 2556 τὸν
1281 2530 1338 2556 ἴσον
1357 2530 1474 2566 ἀριθμὸν
1491 2531 1711 2567 ὕποϐαλλὸμενος
1729 2532 1754 2548 ⁸⁹
1768 2540 1775 2547 ·
1792 2532 1862 2559 ταύ-

1061 2582 1112 2606 τας
1141 2575 1195 2611 γὰρ
1220 2576 1295 2612 ἡμᾶς
1318 2577 1527 2613 κεκαθαρμένας
1550 2578 1700 2613 προσάγειν
1714 2577 1766 2613 ,τῷ
1780 2577 1861 2614 Λόγῳ

1063 2620 1205 2656 νομοθετεῖ
1228 2631 1258 2649 τε
1273 2623 1320 2650 καὶ
1343 2623 1470 2658 βούλεται
1495 2625 1510 2652 ὁ
1532 2624 1693 2661 νομοθέτης.
1718 2624 1801 2652 Ἀλλὰ
1826 2625 1860 2651 τὰ

1065 2666 1115 2701 μὲν
1128 2668 1178 2703 τῆς
1194 2668 1311 2705 ἐκλογῆς
1325 2670 1354 2696 ὲν
1367 2669 1485 2702 τούτοις.

851 2756 984 2787 tVABhE
1005 2757 1212 2786 LEC'I‘IONES.

252 2798 274 2815 ⁸¹
286 2797 420 2835 δεσπότης
439 2808 493 2828 om.
510 2800 540 2828 Β.
579 2801 601 2818 ⁸³
619 2802 713 2830 Ναϐἁτ
727 2804 757 2831 Β.
814 2803 838 2819 ⁸²
849 2803 969 2835 εὐσεϐῶς
983 2805 1016 2831 Δ.

218 2833 242 2879 ς’
258 2833 360 2879 τεύξειν
374 2833 424 2879 τὴν
440 2835 523 2870 φύσιν
537 2837 567 2870 Β,
589 2836 683 2866 τοῦτον
700 2838 782 2873 φῦσιν
803 2839 824 2867 C
840 2845 867 2867 et
882 2847 923 2874 pr.
937 2833 980 2879 Λλ-
1007 2840 1030 2856 ⁶³
1049 2839 1182 2876 προσθείς
1199 2849 1228 2873 ς.

219 2867 235 2895 ὐ
240 2867 426 2906 ποῦαλλομένα
431 2867 454 2903 ςξ

1074 2805 1097 2820 ³⁸
1111 2805 1259 2842 διαλύεται.
1281 2841 1287 2842 7
1310 2806 1333 2842 ν
1347 2806 1493 2842 ἀποφαίνει
1507 2808 1539 2835 Δ.
1582 2808 1606 2824 ³⁸
1624 2807 1674 2842 μέν
1687 2807 1710 2835 Δ
1729 2815 1737 2833 :
1759 2808 1810 2834 ἐπι
1826 2815 1858 2840 ς.

1279 2841 1301 2857 ¹⁹
1319 2841 1550 2880 ὑποϐαλλόμενος]
1570 2841 1686 2872 fortasse
1712 2843 1857 2878 legendum
