1920 3092
542 172 806 204 BIBLIOTHECA.
821 183 855 190 ’-
865 170 947 201 COD.
967 170 1118 201 CCXXXI.

402 227 487 254 ZAA'.
852 230 876 258 Δ

58 273 238 309 Σωςρονίου
255 272 473 307 Ἰεροσολύμων
481 271 628 304 συνοδικὴ
649 271 820 305 Ἐπιστολή.

948 269 1090 304 prhronii
1107 268 1318 304 Hieracolymita
1338 269 1465 304 synodica
1482 269 1616 305 Epistula.

78 318 260 354 Ἀνεγνώσθη
276 317 432 354 Σωφρονίου
456 317 653 353 Ἰεροσολύμων
669 317 839 352 πατριάρχου

926 314 989 350 Legi
1008 314 1156 349 Epistolam
1177 315 1334 349 synodica»:
1347 315 1495 350 Sophronii
1518 317 1682 350 patriarchas

46 365 224 399 Συνοὸιχὴ,
251 365 268 400 ἢ
297 364 440 398 ἀπεστάλη
468 365 497 390 ὲν
529 362 624 399 Ῥώμῃ
655 363 775 398 Ὀνωρίῳ
801 363 839 398 τῷ

892 361 1138 396 llierosolymitani,
1160 360 1279 388 Honorio
1296 360 1419 388 Romano
1435 361 1590 396 imperatori
1612 363 1678 389 mis-

43 411 149 446 ταύτης
178 412 338 446 ἑπάρχοντι.
362 409 438 444 Αὕτη
462 411 479 445 ἡ
500 409 628 444 ἐπιστολὴ
656 409 763 444 πλήρης
790 409 839 444 μέν

892 416 958 436 sam.
982 407 1046 436 H350
1065 408 1177 442 epistola
1193 409 1270 443 plena
1290 414 1331 436 est
1348 409 1458 443 pietate,
1482 410 1558 436 novis
1580 410 1680 444 passim

46 459 120 484 ἐστιν
144 457 305 489 εὐσεϐείας,
333 455 518 491 ἔννεωτερίζει
540 456 568 483 δὲ
591 455 723 490 πολλαχοῦ
743 455 767 472 ⁹⁹
784 457 839 486 τοῖς

892 453 990 486 verbis,
1016 458 1045 480 ut
1064 453 1125 488 equi
1147 453 1236 488 pullus
1259 453 1371 481 saltibus
1391 453 1520 488 gaudens,
1538 454 1591 481 nisi
1607 446 1681 489 quoii

48 504 165 538 ῥήμασι,
189 503 317 539 καθάπερ
346 511 389 534 τις
413 503 503 534 πῶλος
520 501 756 537 ἑπιγαυρούμενος
784 503 839 532 τοίς

892 504 992 527 rectam
1008 499 1161 534 opinionem
1174 499 1319 534 diligenter
1334 500 1479 531 examinet,
1497 505 1524 526 et
1539 507 1679 528 sacrorum

43 175 116 208 1089
132 167 139 173 ’
542 172 806 204 BIBLIOTHECA.
821 183 855 190 ——
865 170 947 201 con.
967 170 1118 201 ccxxxr.
1611 171 1682 206 ιοθο

1203 222 1351 258 gccxxxt.

50 549 233 583 σκιρτήμασι.
260 549 334 583 Πλὴν
362 549 413 582 τήν
437 556 466 574 τε
495 547 635 583 ὀρθόδοξον
655 547 693 579 ώς
723 547 839 581 μάλιστα

892 547 1045 580 dogmatum
1061 552 1113 572 non
1125 544 1264 572 fortuitam
1278 551 1338 572 esse
1352 545 1534 579 cognitionem
1546 546 1680 575 ostendat.

49 593 162 628 γνώμην
190 593 341 627 ὲξακριϐοἰ,
372 594 419 621 καὶ
447 593 502 620 τῶν
528 593 609 629 ιερῶν
636 593 779 629 δογμάτων
808 593 839 620 οὗ

892 591 920 618 ln
937 591 987 618 hac
1004 589 1118 624 epistola
1140 590 1262 617 invenias
1276 589 1401 624 Magnum
1428 597 1489 617 cum
1512 590 1681 624 Apollinario

49 639 96 673 τὴν
110 638 250 673 τυχοῦσαν
274 639 393 674 μάθησιν
414 639 608 666 ἐπιδείκνυται.
635 639 680 665 Ἐν
697 639 784 676 ταύτῃ
805 639 839 675 τῇ

892 636 1154 664 excommunicatum
1177 641 1203 662 et
1229 635 1426 663 Theodoretutn
1444 635 1478 662 ab
1495 635 1615 663 Ecclesia
1627 645 1681 664 non

49 684 180 719 ἐπιστολῇ
207 684 334 718 εὑρήσεις
362 685 410 712 καὶ
437 685 548 718 Μάγνον
578 685 627 711 σὺν
658 685 839 720 ’Δπολιναρίῳ

50 728 327 764 ἁναθεματιζόμενον,
352 729 400 756 καὶ
413 729 588 766 Θεοδώρητον
601 730 652 765 τῆς
673 729 838 764 Ἐκκλησίας

53 775 103 801 οὐκ
118 775 390 811 ἀποκηρυττόμενον,
409 776 434 803 εἰ
453 776 499 802 καὶ
515 777 545 803 ὲν
560 772 602 808 οἷς
618 775 756 811 Κυρίλλου
771 785 839 803 κατ-

51 821 201 856 εψηφίσατο
230 822 261 848 τὸ
281 822 411 858 ἀδόκιμον
436 822 484 850 καὶ
511 822 635 858 μεμπτὸν
653 823 839 857 ἀπηνέγκατο.

57 865 138 893 Ἀλλὰ
162 867 210 892 καὶ
227 866 266 898 ώς
292 858 373 899 ἄλλος
399 867 448 902 μέν
477 868 552 894 ἐστιν
579 867 720 902 Ὤριγένης
743 867 758 893 6
785 875 839 894 πα-

892 682 1051 714 abmissutn,
1070 681 1121 708 etsi
1143 680 1188 708 ttbi
1210 680 1338 716 Cyrillum
1358 681 1507 713 damnavit,
1528 688 1640 716 pravum
1654 686 1683 709 ct

891 728 990 755 malutn
1020 728 1181 756 asseruerit.
1209 727 1261 754 Sed
1277 732 1304 754 et
1321 727 1391 761 quod
1411 727 1480 754 alius
1497 727 1531 754 sit
1552 727 1683 763 Origenes

892 776 1032 810 antiquus,
1050 774 1119 801 alitts
1135 774 1180 808 qni
1198 778 1256 807 post
1272 773 1348 800 illum
1362 778 1474 801 vocatus
1490 773 1681 806 Adamantius,

891 820 1016 855 quodque
1037 827 1098 847 cum
1124 819 1183 846 aliis
1197 819 1331 846 haereticis
1346 819 1541 846 condemnetur
1562 819 1682 847 Jacobus

893 866 990 902 Syrus,
1008 873 1022 893 a
1043 873 1095 899 quo
1111 866 1299 893 hmreticorum
1321 866 1518 900 Acephalorum
1538 871 1612 894 secta
1634 874 1683 894 no-

51 911 134 943 λαιὺς,
160 912 255 947 ἕτερος
277 912 305 939 δὲ
330 914 344 938 6
372 913 432 947 μετ’
456 913 571 944 ἐκεῖνον,
600 913 614 939 ὁ
637 912 659 929 ⁹¹
682 911 839 948 ἐπικληθεὶς

892 921 951 939 men
976 912 1068 939 traxit.
1083 911 1167 946 Rogat
1182 917 1271 938 autern
1285 912 1342 939 haec
1354 912 1478 946 epistola,
1495 912 1517 939 si
1537 912 1599 946 quid
1614 919 1684 947 pra:-

62 958 241 992 ’Δδαμάντιος
259 967 265 973 ·
288 959 334 985 καὶ
359 958 397 990 ὡς
418 960 473 991 τοίς
501 958 593 990 ἄλλοις
615 959 763 993 αίρετικοῖς
778 967 842 985 συν-

51 1003 279 1038 αναθεματίζεται
302 1005 317 1030 6
337 1003 422 1040 Σύρος
449 1003 587 1036 Ἰάκωϐος,
610 1003 674 1040 [469
692 1004 739 1039 Η.]
757 1004 787 1037 ἐξ
810 999 841 1029 οὗ

51 1049 100 1084 τὴν
127 1049 287 1083 ἐπωνυμίαν
315 1050 346 1076 τὸ
369 1049 423 1077 τῶν
447 1050 603 1083 ’Δκεφάλων
625 1050 772 1085 αἱρετιχῶν
786 1049 842 1076 εἴλ-

52 1102 118 1120 κυσε
138 1094 279 1130 σύστημα.
306 1095 428 1122 Δίτεῖται
444 1095 473 1122 δὲ
491 1095 508 1130 ἡ
526 1095 666 1130 ἐπιστολὴ,
692 1095 740 1122 καὶ
760 1095 786 1122 εί
814 1103 842 1121 τι

52 1139 189 1174 παρώφθη
219 1140 272 1166 τῶν
300 1140 462 1173 ὀφειλόντων
489 1139 622 1176 ῥηθῆναι,
651 1140 697 1167 τὸν
732 1140 842 1176 Ῥώμης

57 1184 186 1220 ὀνώριον
214 1185 278 1222 [889
299 1185 346 1222 8.]
365 1184 413 1212 οἶα.
438 1184 472 1222 δὴ
495 1186 544 1213 καλ⁵
568 1186 718 1222 δυνάμενον
739 1186 843 1222 ταύτης

893 958 1047 985 termissum
1061 957 1097 984 sit
1109 959 1270 992 eormthth
1284 958 1337 985 dici
1350 958 1510 990 debuerant,
1531 958 1679 986 Honorium

892 1002 1044 1030 Romanum
1054 1003 1255 1037 imperatorem,
1269 1007 1297 1029 ut
1316 1003 1361 1037 qui
1371 1008 1471 1037 posset,
1481 1011 1511 1030 ea
1521 1008 1548 1030 et
1559 1003 1683 1038 impleret

897 1052 926 1075 et
939 1047 1264 1083 corrigeretJlabiturum
1275 1052 1364 1075 autent
1379 1056 1409 1075 se
1419 1056 1542 1083 tnagnam
1554 1049 1680 1082 gratiam,

893 1093 917 1121 si
930 1098 993 1121 voto
1014 1100 1066 1120 non
1089 1092 1240 1120 frustratus
1256 1091 1349 1125 fuerit,
1363 1097 1390 1119 et
1401 1101 1536 1128 nunquam
1557 1094 1679 1121 beneficii

893 1141 1077 1168 immemorem
1089 1140 1155 1168 fore.
1172 1140 1234 1168 Haec
1248 1146 1339 1168 autem
1357 1141 1381 1167 in
1395 1141 1444 1167 hac
1458 1141 1588 1169 Oratione
1599 1149 1682 1177 syno-

896 1187 955 1215 dica
969 1187 1055 1215 sancti
1073 1187 1218 1220 Sophronii
1249 1187 1362 1221 epistola
1378 1188 1469 1214 tradit.

52 1233 218 1270 ποιήσασθαι
228 1234 278 1261 καὶ
288 1234 337 1270 τὴν
350 1234 492 1270 διόρθωσιν
509 1234 557 1262 καὶ
573 1234 622 1270 τὴν
631 1235 842 1271 ἀναπλήρωσιν
863 1235 986 1271 μεγάλην
1020 1235 1044 1262 δ’
1069 1235 1103 1262 ἂν
1124 1234 1303 1270 ὁμολογήσειν
1326 1235 1376 1270 τήν
1393 1235 1483 1270 χάριν,
1510 1236 1534 1261 εί
1566 1234 1604 1270 μὴ
1624 1235 1682 1261 δια-

52 1279 151 1314 μάρτοι
172 1279 223 1314 τῆς
248 1280 394 1314 αἰτήσεως,
416 1280 463 1307 καὶ
490 1279 625 1315 μηδέποτε
663 1280 781 1315 φανῆναι
805 1280 857 1316 τῆς
893 1281 1052 1318 εὐεργεσίας
1081 1279 1239 1316 ἀγνώμονα.

1281 1280 1361 1308 Ἀλλά
1386 1280 1473 1308 ταῦτα
1505 1281 1555 1316 μὲν
1586 1281 1615 1307 ὲν
1642 1280 1682 1316 τῷ

53 1326 147 1361 βιϐλίῳ
167 1326 260 1360 ἔλεγεν
274 1326 291 1361 ἡ
313 1325 437 1361 συνοδικὴ
453 1326 609 1362 Σωφρονίου
620 1326 667 1354 τοῦ
684 1327 838 1361 ἁγιωτάτου
858 1328 998 1363 ὶπιστολή.

86 1373 131 1399 Ἐν
149 1372 179 1399 δὲ
194 1372 234 1408 τῷ
248 1373 323 1409 αὐτῷ
337 1373 508 1409 περιείχοντο
521 1374 612 1410 τεύχει
626 1375 740 1410 χρήσεις
754 1376 839 1410 ἁγίων

53 1419 100 1444 καὶ
115 1417 253 1453 διαφόρων
269 1418 410 1454 Πατέρων,
429 1418 483 1445 τῶν
501 1427 532 1445 τε
549 1421 772 1456 προγενεστέρων
790 1422 840 1457 τῆς
858 1436 869 1443 ι

51 1463 185 1499 τετάρτης
201 1464 310 1491 συνόδου
326 1465 374 1491 καὶ
394 1465 448 1491 τῶν
471 1466 530 1492 κατ’
552 1465 637 1502 αὐτὴν
656 1467 840 1502 ἀκμασάντων

52 1510 98 1536 καὶ
125 1510 180 1536 τῶν
203 1510 243 1537 ἔτι
272 1511 522 1546 μεταγενεστέρων,
542 1512 576 1538 Δί
599 1512 628 1539 δὲ
655 1513 767 1548 χρήσεις
790 1513 841 1548 τὴν

52 1556 150 1592 διπλῆν
184 1557 326 1592 ἐνέργειαν
363 1559 409 1584 ἐπὶ
438 1558 557 1594 Χριστοῦ
588 1558 637 1586 τοῦ
663 1559 732 1586 Θεοῦ
759 1560 839 1595 ἡμῶν

925 1376 953 1403 ln
967 1376 1018 1404 hoc
1034 1375 1171 1404 volumine
1182 1375 1389 1404 continebantur
1405 1376 1559 1404 testimonia
1572 1382 1682 1405 sancto-

894 1429 953 1449 rum
963 1422 1098 1449 variorum
1112 1421 1234 1453 Patrum,
1260 1421 1306 1457 qui
1322 1426 1385 1449 ante
1412 1427 1536 1457 quartam
1549 1424 1680 1459 synodum

889 1467 1009 1499 fuerunt,
1037 1473 1064 1495 et
1080 1467 1125 1502 qui
1141 1472 1202 1502 post
1225 1467 1296 1494 illam
1322 1466 1483 1500 ﬂoruerunt,
1509 1473 1606 1503 etpost
1624 1469 1680 1496 nati

889 1517 961 1541 sunt.
970 1512 1034 1546 Quae
1048 1513 1203 1540 testimonia
1216 1513 1349 1548 duplicem
1367 1513 1393 1540 in
1406 1513 1513 1541 Christo
1524 1514 1579 1541 Deo
1589 1519 1682 1542 nostro

891 1559 1074 1594 operationem
1088 1559 1279 1591 praedicarunt,
1293 1567 1408 1594 quarum
1424 1560 1559 1595 principes
1571 1566 1601 1587 et
1612 1569 1680 1594 pra:-

52 1603 256 1637 ἁνεκήρυττον,
287 1600 325 1630 ὧν
355 1604 473 1640 πατέρες
501 1605 550 1631 καὶ
576 1605 739 1640 γεννήτορες
767 1604 838 1641 ἦσαν

893 1605 963 1639 cipui
973 1609 1061 1637 erant,
1070 1603 1125 1631 Leo
1133 1605 1234 1631 Veteris
1243 1604 1334 1631 Romae
1345 1605 1478 1638 pontifex,
1488 1611 1516 1633 et
1526 1610 1622 1641 quarta
1637 1607 1681 1633 illa

51 1648 129 1674 Λέων
152 1656 182 1674 τε
209 1648 223 1674 6
247 1649 296 1684 τῆς
327 1649 516 1685 πρεσϐυτέρας
544 1650 652 1686 Ῥώμης
675 1651 840 1686 ἀρχιερεὺς,

52 1694 102 1720 καὶ
109 1693 179 1728 αὑτὴ
186 1695 203 1728 ὴ
214 1695 330 1730 τετάρτη
340 1695 386 1722 καὶ
394 1695 571 1731 οἰκουμενικὴ
584 1696 650 1730 ἁγία
662 1696 778 1729 σύνοδος.
788 1697 841 1724 Πέ-

51 1748 65 1766 τ
70 1749 116 1775 ρος
130 1749 160 1767 τε
171 1741 186 1766 6
196 1741 297 1776 Μύρων
307 1741 452 1774 ὁσιώτατος
468 1742 626 1775 ἐπίσκοπος,
640 1743 688 1770 καὶ
702 1744 842 1776 Γεννάδιος

51 1787 65 1812 ὁ
76 1786 401 1821 Κωνσταντινουπόλεως,
415 1788 463 1815 καὶ
473 1789 487 1815 6
501 1788 550 1823 τῆς
559 1789 682 1824 Φωτικῆς
693 1790 841 1822 ἐπίσκοπος

50 1832 137 1866 ὄνομα
153 1832 290 1867 Διάδοχος,
308 1833 357 1860 καὶ
373 1833 562 1869 Ἐφραίμιος”
583 1835 598 1861 6
611 1834 660 1869 τῆς
677 1834 840 1870 ’Δντιοχείας

50 1877 209 1913 ἀρχιερεὺς,
226 1878 256 1910 6;
278 1879 326 1905 καὶ
348 1880 418 1906 κατὰ
434 1879 488 1906 τῶν
504 1879 659 1915 ’Δκεφάλων
682 1879 712 1906 ὲν
733 1880 840 1912 πολλοῖς

52 1923 226 1958 συντάγμασι
242 1925 374 1958 γενναίως
387 1925 540 1961 ήνδρίσατο,
557 1925 604 1952 καὶ
614 1925 750 1958 Διονύσιος
762 1927 776 1953 6
790 1934 840 1952 πο-

50 1967 97 1998 λὺς
119 1968 171 2002 μὲν
193 1968 242 2003 τὴν
265 1968 400 2003 γλῶσσαν,
419 1969 519 1997 πλείων
533 1970 561 1997 δὲ
576 1970 599 1986 ⁸³
613 1971 663 2005 τὴν
687 1969 813 2007 θεωρίαν,
826 1971 840 1997 6

49 2012 178 2048 μαθητὴς
197 2013 304 2040 Παύλου
327 2015 374 2041 καὶ
395 2014 441 2042 τοῦ
457 2015 576 2050 Χριστοῦ
591 2016 695 2051 μάρτυς
716 2017 764 2043 καὶ
785 2015 840 2042 τῶν

54 2058 178 2093 Ἀθηνῶν
186 2058 210 2075 ’⁵
221 2059 380 2093 ἐπίσκοπος,
396 2060 442 2088 καὶ
457 2059 596 2094 Ὶουστῖνος
621 2062 636 2088 6
662 2063 840 2097 μαρτυρικοῖς

48 2105 147 2139 αἵμασι
173 2104 326 2138 βεϐαιώσας
347 2107 379 2133 τὸ
399 2106 560 2142 φιλόσοφον,
583 2107 631 2134 καὶ
653 2107 668 2133 6
691 2106 841 2139 πολύαθλος

54 2150 260 2186 Ἀλεξανδρείας
276 2151 445 2186 Ἀθανάσιος,
460 2153 608 2189 Γρηγόριός
621 2162 651 2180 τε
663 2154 678 2180 6
687 2153 737 2189 τῆς
748 2153 839 2180 θεολο-

48 2195 112 2227 γίας
133 2195 323 2230 μυσταγωγὸς,
341 2197 388 2223 καὶ
404 2199 453 2233 τῆς
468 2198 633 2233 Ἕκκλησίας
648 2199 662 2225 ὁ
674 2198 776 2233 κόσμος
787 2197 840 2225 Βα-

48 2240 149 2272 σίλειος
159 2260 166 2272 ,
183 2241 229 2267 καὶ
241 2241 256 2267 6
272 2242 393 2278 ποταμὸς
409 2243 462 2269 τῶν
478 2243 564 2277 λόγων
576 2244 591 2270 6
605 2243 717 2278 Νύσσης
735 2243 840 2279 Γρηγό·

892 1651 992 1686 287a
1001 1650 1168 1677 cecumenica
1180 1650 1309 1685 synodus,
1322 1649 1419 1677 Petrus
1427 1651 1681 1687 sanctissimusMy-

897 1703 987 1723 torum
1016 1695 1172 1730 episcopus,
1204 1693 1358 1722 Gennadius
1376 1695 1633 1731 Constantinopolis,
1653 1702 1682 1725 et

892 1741 1159 1777 Photicatepiscopus
1169 1741 1277 1769 nomine
1286 1740 1448 1774 Diadochus,
1459 1746 1486 1768 et
1494 1741 1681 1776 Euphraamius

892 1788 1044 1818 Antiochiae
1069 1786 1178 1822 praesul,
1201 1786 1247 1821 qui
1272 1788 1352 1814 etiam
1372 1792 1467 1815 contra
1487 1787 1637 1822 Acephalos
1652 1788 1679 1816 in

893 1832 982 1861 multis
997 1832 1081 1867 ,libris
1096 1837 1206 1860 strenue
1228 1833 1350 1860 certarit.
1379 1832 1412 1860 Et
1434 1832 1576 1868 Dionysius
1587 1835 1682 1870 copio-

892 1886 939 1906 sus
959 1879 1068 1913 quidem
1092 1877 1193 1909 verbis.
1216 1878 1352 1912 copiosior
1374 1883 1463 1905 tamen
1485 1880 1680 1914 speculatione,

893 1922 1042 1958 discipulus
1069 1922 1154 1949 sancti
1173 1921 1262 1955 Pauli,
1277 1922 1378 1950 Christi
1395 1929 1510 1958 martyr,
1528 1923 1679 1952 Athenien-

891 1969 960 1997 sium
979 1968 1140 2003 cpiscopus;
1156 1972 1183 1995 et
1197 1967 1321 1995 Justinus
1336 1968 1458 2004 martyrii
1471 1970 1602 2004 sanguine
1618 1972 1679 2006 phi-

891 2014 1043 2050 losophiam
1078 2013 1244 2041 confirmans
1270 2022 1278 2046 ;
1303 2018 1330 2040 et
1356 2018 1483 2042 strenuus
1512 2015 1680 2044 Athanasius

890 2059 1059 2089 Alexandriae
1077 2059 1192 2095 praesul;
1219 2064 1247 2086 et
1267 2058 1424 2094 Gregorius,
1437 2060 1575 2096 theologia:
1601 2069 1679 2090 arca-

891 2115 955 2135 num
964 2115 1012 2134 vas
1024 2115 1032 2139 ;
1045 2112 1070 2135 et
1088 2107 1170 2134 decus
1190 2106 1327 2138 Ecclesiae,
1343 2106 1458 2134 Basilius
1473 2116 1482 2141 ;
1497 2113 1524 2134 et
1535 2108 1677 2136 verborum

890 2152 990 2180 ﬂumen
1016 2151 1154 2188 Nyssenus
1170 2160 1178 2185 ;
1192 2156 1220 2179 et
1235 2152 1312 2179 fortis
1326 2152 1425 2180 athleta
1449 2152 1586 2189 Cyrillus;
1604 2158 1632 2181 et
1651 2155 1678 2181 iu

891 2197 941 2225 Dei
953 2196 1086 2225 sententia
1098 2196 1184 2224 libere
1195 2197 1348 2225 conﬁtenda
1365 2198 1495 2226 infractus
1506 2200 1678 2233 Ambrosius,

893 2242 1034 2271 Mediolani
1051 2242 1164 2270 antistes
1180 2251 1188 2276 ;
1204 2247 1231 2270 et
1244 2250 1341 2271 aureus
1352 2251 1400 2271 ore
1414 2249 1441 2271 et
1455 2244 1544 2280 lingua
1558 2245 1678 2274 Joannes

48 2295 117 2320 p:o;,
135 2287 183 2313 καὶ
202 2288 217 2314 6
241 2288 388 2325 νικηφόρος
404 2288 547 2324 Κύριλλος,
565 2290 613 2316 καὶ
636 2291 651 2316 6
674 2290 724 2325 τῆς
745 2289 838 2316 ἐνθέου

892 2287 1161 2322 Constantinopoleos
1185 2287 1328 2323 episcopus
1343 2297 1351 2323 ;
1367 2293 1395 2316 et
1407 2288 1569 2317 Severianus
1583 2289 1676 2318 Gaba-

47 2332 207 2367 παρρησίας
234 2322 352 2369 γνώμων
376 2322 501 2370 ἀκίνητος
513 2335 560 2362 καὶ
583 2336 633 2370 τῆς
656 2322 807 2367 εὐσεϐείας.
821 2335 837 2362 6

47 2378 221 2405 Μεδιολάνων
242 2379 414 2416 Ἀμϐρόσιος,
431 2382 477 2407 καὶ¹
491 2381 506 2407 6
520 2381 638 2416 χρυσοῦς
653 2380 702 2417 τὴν
713 2381 836 2416 γλῶτταν

47 2425 92 2450 καὶ
107 2424 141 2450 τὸ
157 2424 246 2460 στόμα
264 2425 391 2461 Ἰωάννης
415 2427 430 2452 6
453 2426 762 2458 Κωνσταντινουπόλεως
777 2425 837 2452 ὲπί-

48 2477 160 2501 σκοπος,
176 2470 223 2495 καὶ
238 2469 401 2506 Σεϐηριανὸς
425 2472 439 2497 6
461 2471 600 2502 Γαϐἀλων,
616 2471 663 2498 καὶ
677 2471 692 2497 6
707 2472 736 2498 ὲν
750 2471 838 2504 ἁγίοις

47 2514 173 2546 Θεόδοτος
189 2515 343 2550 (Ἀγκύρας
358 2513 434 2548 οὗτος
448 2517 638 2552 ὲπεστάτησε),
652 2516 700 2543 καὶ
711 2516 838 2551 Ἰωάννης

47 2559 60 2583 ὁ
72 2559 387 2591 Κωνσταντινουπόλεως
396 2581 404 2592 ,
417 2561 432 2586 6
451 2561 483 2586 ἑκ
497 2561 694 2592 Καππαδοκίας
709 2561 794 2588 ἕλκων
806 2561 836 2587 τὸ

48 2605 125 2636 γένος
135 2605 183 2630 καὶ
197 2604 228 2631 τὺ
244 2605 398 2640 ἐπώνυμον,
413 2605 483 2642 ἀνὴρ
498 2606 599 2642 ἀρετῆς
610 2607 778 2642 οἰκητήριον,
788 2607 835 2633 καὶ
861 2637 866 2644 ,

48 2649 61 2674 6
84 2650 115 2675 ἐν
141 2650 231 2683 ἁγίοις
246 2649 385 2685 Εὺλόγιος,
402 2651 416 2677 6
429 2651 478 2686 τῆς
496 2651 696 2687 Ἀλεξανδρείας
709 2651 835 2687 ὰρχιεπί·

49 2705 159 2730 σκοπος,
174 2699 190 2724 6
206 2699 313 2730 πολλοῖς
337 2700 426 2734 λόγοις
441 2699 601 2727 καταϐαλὼν
619 2700 668 2735 τὴν
689 2699 743 2726 τῶν
760 2700 836 2726 Ἀχε-

50 2743 140 2776 φάλων
153 2743 325 2778 δυσσέϐειαν,
342 2745 388 2772 καὶ
404 2745 530 2780 Ἰωάννης
543 2745 557 2772 ὁ
570 2746 600 2772 ἐν
617 2745 705 2779 ἁγίοις
725 2744 837 2771 ἐπίσκο-

888 2335 975 2362 lorum
996 2343 1004 2368 ;
1024 2339 1051 2362 et
1062 2338 1170 2362 sanctus
1180 2334 1345 2368 Theodotus,
1359 2335 1404 2369 qni
1420 2335 1532 2371 Ancyrae
1553 2337 1671 2371 praefuit;

888 2384 917 2407 et
938 2378 1068 2411 Joannes.
1093 2378 1391 2413 Canstantinopolitano
1411 2387 1511 2414 genere
1533 2385 1561 2408 et
1577 2389 1679 2417 cogno-

889 2424 962 2451 mine
974 2423 1128 2458 Cappadox,
1142 2423 1223 2450 homo
1237 2431 1300 2450 vere
1315 2424 1423 2452 virtutis
1442 2425 1608 2453 domicilium
1623 2435 1631 2459 ;
1650 2431 1679 2454 et

890 2470 987 2498 beatus
1002 2468 1141 2504 Eulogius,
1161 2469 1303 2503 episcopus
1317 2470 1498 2503 Alexandria,
1519 2468 1678 2505 qui'multis

890 2515 981 2543 verbis
994 2514 1192 2548 Acephalorum
1206 2515 1368 2542 sententiam
1386 2516 1483 2543 refellit
1498 2526 1506 2550 ;
1521 2522 1549 2544 et
1558 2516 1677 2544 Joannes

890 2559 1004 2587 antistes
1022 2558 1272 2593 Scytbopolitanus,
1290 2559 1334 2594 qui
1356 2559 1433 2587 docte
1449 2566 1474 2588 et
1486 2561 1528 2596 pie
1539 2561 1572 2588 de
1593 2568 1677 2597 syno-

888 2606 923 2633 do
936 2604 1148 2634 Chalcedonensi
1158 2606 1265 2640 scripsit
1279 2613 1288 2638 ;
1305 2612 1332 2633 et
1347 2605 1522 2635 lleracliantts
1533 2608 1676 2642 episcopus

887 2651 1124 2684 Chalcedonensis,
1140 2651 1261 2686 quicum
1277 2652 1432 2680 Maniclucis
1455 2653 1601 2680 maximum
1615 2661 1676 2680 cer-

890 2703 980 2726 tamen
1009 2697 1091 2730 iniit;
1107 2702 1134 2725 et
1146 2696 1276 2725 Leontius
1294 2698 1444 2726 solitariam
1457 2704 1484 2725 et
1497 2700 1673 2726 monasticam

892 2744 974 2771 vitam
990 2743 1112 2776 ducens;
1127 2748 1155 2771 et
1169 2742 1264 2771 beatus
1276 2743 1437 2772 Anastasius
1450 2743 1673 2779 Thcopolitanus,

679 2803 793 2832 VARUE
815 2801 1017 2832 LECTIONES.

82 2848 105 2887 τ’
121 2847 258 2885 πολλαχοῦ
283 2853 306 2879 Δ
322 2861 328 2880 :
346 2852 483 2887 πανταχοῦ
505 2861 535 2884 ς.
572 2853 593 2868 ⁹¹
609 2853 700 2884 6m
717 2851 875 2887 ἱπικληθείς
890 2859 946 2880 om.
962 2852 996 2877 A.
1035 2850 1058 2865 “
1074 2847 1241 2884 Εὗφραίμιος
1256 2857 1286 2880 ς.
1325 2849 1349 2864 ’³
1364 2848 1455 2876 πλεῖον
1471 2856 1501 2880 ς.

53 2883 131 2909 ναίων
149 2892 180 2916 ς.

1548 2847 1572 2865 οι
1590 2847 1672 2883 Ἀθη-
