1920 3092
227 159 294 191 ιοοι

764 159 878 190 ΡΙΙΟΤΙ
883 158 895 189 Ι
915 159 1171 190 PATRIARCH/E
1185 159 1240 190 (ΖΡ.

1795 159 1868 193 1092

223 222 250 241 (ιι
269 215 432 250 Symcouins
446 215 594 243 monachus
608 221 636 243 et
648 215 800 251 presbyter.
817 217 1013 244 Testimonium

1088 225 1116 249 ος
1128 216 1330 249 Σκυθοπόλεως,
1345 215 1375 248 ὃς
1385 216 1432 243 καὶ
1446 216 1517 252 ὑπὲρ
1527 216 1576 252 τῆς
1591 216 1620 244 ἐν
1635 216 1790 253 Καλχηδόνι
1802 226 1868 244 συν-

222 268 287 288 vero
311 261 384 296 quod
413 267 537 289 sanctum
564 263 689 297 agnoscit
705 270 738 290 ex
760 264 875 297 epistola
897 264 955 298 ejus
980 264 1014 291 atl

221 307 405 334 Justiniauum
420 307 625 342 imperatorem,
638 315 698 343 quae
712 308 793 335 etiam
803 314 898 336 contra
915 308 1014 336 Nesto-

224 355 315 380 rianos
332 359 359 379 et
373 353 555 388 Eutychiauos
568 354 742 390 digladiatur,
759 355 948 390 depromptum
960 359 1013 382 est.

223 399 280 430 Ipse
298 406 361 425 vero
385 397 556 427 Justinianus
574 400 634 434 pius
657 399 805 435 imperator
820 400 847 427 in
864 401 897 428 iis
910 408 970 435 quae
980 401 1014 428 ad

223 444 326 470 Zoilum
353 445 537 479 patriarcham
559 445 774 473 Alexandrinum
793 447 915 481 scripsit,
946 447 1016 473 hanc.

222 491 363 524 epistulam
394 490 557 519 Thesaurum
582 492 753 524 nominavit.
782 493 864 520 etiam
892 492 1015 528 profecto

222 536 417 563 Constantinus
431 537 540 572 quidam
555 537 687 573 dignitate
706 539 852 573 qumstoria
865 538 938 574 (nam
957 541 1015 574 ipse

222 590 331 616 quoque
349 589 445 610 contra
467 585 579 618 impium
594 585 776 612 Theodosium
797 587 929 622 scripsit),
944 587 1015 614 unde

223 629 377 656 testimonia
396 629 429 657 de
453 630 558 658 duabus
577 631 603 658 itt
620 630 730 659 Christo
748 633 952 666 operationibus
965 633 1014 660 de-

222 674 390 701 scribuntur.
415 675 455 702 Ad
473 676 523 703 hos
535 684 630 704 omnes
642 677 746 704 accedit
763 678 927 713 Theophilus
947 686 1015 706 unus

221 729 236 746 ο
265 721 316 755 piis
338 726 365 748 et
388 722 486 754 doctis,
509 724 554 758 qui
590 724 616 751 iu
631 725 740 759 scriptis
759 726 818 753 suis
835 733 895 752 cum
913 725 1015 753 Severo

222 766 369 799 plurimum
398 773 511 802 pugnat,
533 775 616 802 quem
642 769 755 796 odiosus
780 774 809 797 et
829 772 1015 798 contentiosus

221 813 356 839 sectarius
387 812 526 840 lihrarimn
557 813 616 848 ipse
651 816 785 850 pessimus
819 817 938 852 scriptor
967 824 1016 851 per

221 857 412 884 contumeliam
429 858 528 894 2871i
558 860 691 888 nominat.
723 861 786 889 Haec
803 863 911 897 quidem
939 863 1015 890 testi-

222 907 312 934 monia
328 915 387 942 qua:
405 907 474 936 liber
487 909 531 936 hic
546 909 704 937 continebat
716 917 731 936 e
745 910 848 936 sanctis
868 908 922 936 illis
939 908 1014 944 prius

223 954 369 981 nominatis
379 953 506 983 Patribus
516 956 673 990 deprompta
682 960 754 984 sunt.
764 955 844 984 Utilia
852 963 916 982 vero
924 958 1015 983 essent

221 999 255 1026 ad
272 999 522 1034 reprehendendum
532 1008 579 1028 eos
591 1001 635 1036 qui
649 1009 731 1028 uuam
746 1005 850 1027 tantum
865 1001 890 1027 iu
905 999 1015 1028 Christo

221 1046 405 1079 operationem
433 1052 568 1074 asserunt.
588 1047 783 1075 (lontinebatur
799 1048 879 1074 etiam
892 1047 1015 1074 testimo-

222 1091 295 1117 nimn
323 1091 350 1118 iu
370 1093 533 1127 supradictis
549 1093 684 1127 quoddam
699 1102 714 1121 e
737 1093 804 1120 libro
820 1094 937 1128 quodam
954 1093 1014 1120 sine

222 1136 399 1170 inscriptione
415 1139 542 1173 positum.
568 1138 647 1166 Liber
662 1147 727 1166 vero
742 1140 813 1166 unde
828 1139 1012 1166 testimonium

219 1187 277 1209 erat
295 1183 407 1216 petitum
429 1183 557 1210 Severum
578 1183 622 1210 Itis
636 1183 805 1210 orationibus
817 1183 1012 1218 reprehensnm

220 1228 292 1255 clare
308 1229 620 1257 detnonstrahal.........

1064 263 1126 290 ὁδου
1142 262 1232 296 σοφῶς
1248 271 1278 289 τε
1294 263 1342 289 καὶ
1357 262 1512 298 θεοφρόνως
1529 262 1691 296 ἐσπούδασε,
1712 263 1760 290 καὶ
1776 263 1868 298 Ἦρα-

1064 307 1219 340 κλειανδς⁹⁵
1234 308 1248 334 6
1265 307 1438 342 Καλχηδόνος
1466 307 1627 340 ἐπίσκοπος,
1642 309 1657 334 6
1682 307 1766 334 πολῦν
1792 309 1869 335 κατὰ

1064 355 1119 381 τῶν
1144 354 1285 389 θεομάχων
1309 353 1469 389 Μανιχαίων
1490 354 1584 389 ἀγῶνα
1608 354 1757 389 βαλόμενος
1766 355 1802 385 ’⁸,
1817 356 1868 382 καὶ

1064 400 1187 432 Λεόντιος
1211 402 1225 427 6
1247 400 1297 436 τὴν
1319 401 1455 436 ἐρημικὴν
1478 400 1618 428 πολιτείαν
1632 402 1741 428 καὶτὸν
1760 402 1866 436 μονάδα

1066 447 1123 483 βίον
1135 447 1272 482 ἐλόμενος,
1281 447 1456 480 ’Λναστάσιός
1469 456 1499 474 τε
1514 449 1529 474 ό
1542 449 1570 475 ἐν
1585 449 1674 482 ἁγίοις
1687 448 1866 479 Θεουπὸλεως

1065 494 1223 525 ἐπίσκοπος,
1241 494 1289 521 καὶ
1311 494 1467 529 Συμεώνιος
1486 495 1601 530 μοναχὺς
1615 495 1661 521 καὶ
1677 495 1867 530 πρεσῦὑτερος

1065 540 1094 575 (ἡ
1108 540 1136 567 δὲ
1154 539 1253 575 χρῆσις
1265 540 1282 575 ή
1297 539 1342 566 τὸν
1353 540 1425 566 ὅσιον
1438 539 1659 573 ὲπιγινώσκουσα
1671 539 1699 572 ἐξ
1716 540 1867 574 ἐπιστολῆς

1065 586 1141 612 ἐστιν
1153 586 1187 621 ἣν
1203 585 1271 620 πρὸς
1289 585 1335 611 τὸν
1353 585 1538 611 Ἰουστινιανὸν
1554 584 1665 619 βασιλέα
1678 585 1863 619 διεπέμψατο,

1064 632 1082 668 ἢ
1104 632 1150 659 καὶ
1173 631 1244 658 κατὰ
1259 630 1450 666 Νεστοριανῶν
1467 639 1498 657 τε
1515 630 1564 658 καὶ
1583 630 1804 666 Εὑτυχιανιστῶν
1818 630 1866 657 τὸν

1064 678 1158 713 ἀγῶνα
1186 678 1259 713 ἔχει·
1276 678 1358 710 αὐτός
1371 686 1402 704 τε
1419 677 1638 709 Ἰουστινιανὸς⁹⁷
1651 678 1665 703 6
1680 677 1795 712 εὐσεϐὴς
1812 676 1864 713 βα-

1066 724 1166 757 σιλεὺς,
1180 725 1209 751 ἐν
1220 721 1262 756 οἷς
1278 723 1346 760 πρὸς
1365 723 1463 750 Ζώῖλον
1479 723 1582 759 ἔγραψε
1597 737 1632 743 -
1645 724 1820 759 πατριάρχης
1837 724 1866 750 δ’

1071 770 1277 806 Ἀλεξανδρείας
1293 768 1371 802 οὗτος
1386 768 1421 806 ἦν
1430 786 1465 791 -
1473 770 1522 796 καὶ¹
1534 771 1584 805 τὴν
1592 770 1737 806 ἐπιστολὴν
1751 771 1866 804 θησαυ-

1062 816 1119 851 ρὸν
1132 815 1317 850 ἐπωνόμασε),
1335 815 1379 843 ναὶ
1392 815 1424 850 δὴ
1437 815 1486 842 καὶ
1502 815 1707 846 Κωνσταντϊνδς
1731 824 1773 846 τις
1783 836 1790 848 ,
1806 816 1864 842 τῶν

1066 862 1244 897 κυαιστώρων
1258 861 1348 897 φέρων
1365 861 1396 888 τὸ
1412 861 1539 895 ἀξίωμα⁸
1554 861 1602 888 καὶ
1619 861 1672 895 γὰρ
1689 858 1766 892 οὗτος
1783 861 1864 895 λόγον

1068 907 1138 935 κατὰ
1163 907 1304 934 Θεοδοσίου
1327 906 1375 934 τοῦ
1400 906 1547 939 δυσσεϐοῦς
1570 907 1748 940 ἐσπούδασεν,
1776 908 1808 940 ἐξ
1832 905 1864 935 οὗ

1067 954 1179 989 χρήσεις
1189 954 1252 989 περὶ
1265 953 1319 980 τῶν
1333 953 1379 980 δύο
1392 953 1537 989 ἐνεργειῶν
1552 953 1616 990 [470
1630 953 1676 990 IL]
1692 955 1867 990 συναναγρὰο

1068 1007 1173 1033 φονται.
1183 999 1244 1025 Ἑπὶ
1259 1000 1327 1025 πᾶσι
1343 999 1391 1025 καὶ
1407 998 1535 1033 Θεόφιλός
1550 1008 1592 1031 τις
1604 999 1658 1025 τῶν
1673 999 1806 1034 θεοφιλῶν
1817 999 1868 1026 καὶ

1066 1044 1176 1078 λογίων,
1191 1044 1221 1076 ὃς
1234 1044 1305 1071 κατὰ
1321 1044 1442 1080 Σεϐήρου
1466 1045 1551 1071 πολὺν
1567 1046 1596 1072 ἐν
1606 1045 1699 1080 λόγοις
1716 1046 1811 1079 ἀγῶνι
1826 1046 1868 1072 δι-

1066 1091 1198 1126 ήνεγκεν·
1215 1090 1245 1117 ὃν
1261 1091 1308 1117 καὶ
1321 1091 1505 1126 δυσχεραίνων
1528 1092 1574 1118 καὶ
1599 1092 1867 1127 διαπληκτιζόμενος

1065 1136 1080 1162 6
1103 1135 1236 1171 δυσσεϐὴς
1258 1135 1473 1171 καλλιγράφον⁹⁸
1501 1137 1516 1164 6
1544 1137 1737 1173 κακογράφος,
1762 1134 1807 1165 οἷα
1831 1138 1867 1173 δὴ

1066 1181 1226 1216 ἐνυϐρίζων,
1242 1181 1393 1216 ὠνόμασεν.
1413 1182 1447 1209 Δί
1463 1183 1513 1218 μέν
1531 1182 1577 1210 οὖν
1594 1185 1725 1220 χρήσεις,
1737 1184 1772 1216 ἃς
1787 1185 1805 1218 ἡ
1823 1183 1868 1219 βί-

1068 1227 1130 1259 ϐλος
1144 1229 1276 1263 περιεῖχε,
1294 1229 1357 1260 τοὺς
1373 1229 1535 1264 εἰρημένους
1552 1230 1640 1266 ἱεροὺς
1656 1230 1756 1266 ἄνδρας
1778 1231 1867 1257 πατέ-

222 1286 271 1313 ρας
289 1278 485 1312 ἐπεγράφοντο,
504 1279 634 1313 χρήσιμοι
655 1277 676 1304 δ’
691 1279 724 1304 ἃν
746 1276 801 1304 εἷεν
821 1277 889 1312 πρὸς
905 1276 1015 1310 ἔλεγχον
1031 1275 1086 1302 τῶν
1103 1275 1274 1311 φρονούντων
1301 1277 1348 1302 ἐπὶ
1371 1276 1490 1312 Χριστοῦ
1515 1277 1654 1310 δυσσεϐῶς
1688 1278 1755 1314 μίαν
1788 1277 1869 1313 ἐνέρ-

220 1333 308 1358 τειαν.
325 1324 479 1358 Ιιεριείχετο
496 1324 588 1358 μέντοι
602 1325 660 1356 ταῖς
674 1325 833 1359 εἰρημέναις
847 1324 894 1349 καὶ
917 1322 946 1355 ἐξ
961 1321 1151 1358 ἁνεπιγράφου
1163 1322 1261 1357 χρῆσις
1271 1323 1310 1340 "-
1322 1322 1353 1349 τὸ
1363 1323 1392 1349 δέ
1403 1323 1558 1360 σύνταγμα,
1587 1324 1618 1357 ἐξ
1646 1321 1677 1352 οὗ
1705 1324 1722 1359 ἡ
1753 1325 1868 1361 χρῆσις,

222 1369 340 1403 Σεϐἦρσν
351 1368 495 1394 ὑπεδείκνυ
511 1369 642 1402 γενναίως
653 1371 710 1400 τοῖς
725 1369 814 1403 λόγοις
826 1367 1072 1402 καταϐαλλόμενον.

539 1426 694 1454 CCXXXII.

373 1474 499 1510 Stephani
518 1473 616 1502 Gobari
634 1473 767 1501 Tritheitw
790 1474 864 1501 liber.

255 1552 319 1588 Legi
333 1553 430 1580 librum
441 1553 571 1588 Stephani
581 1552 722 1580 Tritheiue
733 1552 894 1586 cognomine
902 1552 1014 1580 Gobari.

220 1599 293 1631 Opus
323 1599 413 1634 magni
442 1599 584 1625 videbatur
606 1598 718 1630 laboris,
741 1599 858 1625 fructum
883 1606 946 1626 vero
961 1606 1014 1625 non

221 1641 352 1676 aequalem
375 1650 464 1677 operat
485 1642 556 1669 tulit.
577 1642 676 1670 Laudis
691 1643 762 1670 cuitu
784 1643 902 1670 studium
929 1644 1014 1678 magis

223 1696 304 1723 quam
334 1696 457 1723 tuaguam
480 1689 624 1716 utilitatem
647 1697 701 1723 pro:
717 1697 747 1716 se
768 1689 829 1717 fert.
850 1689 908 1724 Ipsa
925 1691 1016 1724 capita

221 1743 282 1770 qme
297 1740 406 1767 tractat,
423 1743 538 1770 qumque
558 1736 584 1762 in
603 1742 763 1763 communes
773 1740 800 1762 et
813 1735 1016 1763 ecclesiasticas

223 1783 391 1817 quaestiones
427 1781 535 1813 retulit,
563 1781 705 1808 minimum
734 1782 930 1816 quinquaginta
963 1782 1016 1810 duo

225 1833 313 1858 erant,
340 1826 433 1862 paucis
455 1827 496 1854 his
523 1826 637 1860 adjectis
651 1827 871 1861 particularibus.
885 1826 948 1854 Haec
965 1829 1015 1855 du-

224 1873 308 1906 plices
327 1872 477 1900 sententias
498 1872 647 1904 includunt,
663 1876 756 1900 etnon
772 1872 858 1900 solum
882 1872 1014 1906 duplices,

222 1920 269 1946 scd
309 1919 391 1946 etiam
433 1923 623 1953 repugnantes.
666 1918 823 1946 Sententias
863 1926 928 1946 vero
967 1919 1015 1946 has

224 1973 277 1992 non
306 1964 483 1999 argumentis.
502 1971 551 1991 nec
569 1964 661 1991 verbis
684 1971 769 1991 sacra:
786 1964 934 2000 Scriptura:
947 1973 1014 1992 cou-

226 2012 354 2043 llrmavit,
371 2010 418 2038 sed
435 2010 595 2037 testimoniis
608 2014 712 2037 tantum
728 2029 736 2042 ,
756 2015 784 2038 ut
798 2011 917 2047 scriptor
933 2016 1014 2047 puta-

225 2057 276 2089 vit,
305 2057 444 2084 variorum
472 2055 605 2089 Patrum,
633 2063 750 2091 quormn
780 2057 831 2084 alia
853 2058 1014 2085 sententiam

223 2102 362 2134 Ecclesiae,
384 2101 442 2135 alia;
457 2102 622 2129 contrariam
641 2101 827 2129 continebant.
844 2102 1014 2130 Contrariatn

224 2148 342 2182 quidem,
366 2149 476 2182 antiqua
505 2147 670 2181 testimonia,
693 2153 720 2176 et
735 2149 908 2183 antiquarunt
928 2149 1016 2176 homi-

226 2200 291 2220 num
318 2199 370 2220 non
392 2193 505 2220 multum
529 2194 562 2221 de
578 2197 652 2221 certa
676 2194 808 2221 sententia
833 2194 1014 2222 laborantium

223 2241 410 2270 asserueruut,
432 2245 548 2272 quarum
564 2237 652 2272 aliqua
679 2245 732 2265 non
746 2237 862 2272 amplexi
883 2243 956 2271 sunt.
967 2238 1016 2267 sed

226 2289 316 2310 tamen
331 2283 355 2310 ei
371 2284 416 2318 qui
430 2283 488 2311 haec
499 2283 607 2318 collegit
619 2283 744 2318 amplecti
763 2285 812 2311 visi
828 2289 892 2311 sunt
906 2293 913 2312 :
928 2285 1015 2313 eccle-

224 2329 365 2356 siasticam
398 2336 462 2356 vero
484 2329 639 2364 opinionem
664 2328 829 2356 c0ulirmant.
856 2329 1012 2357 testimonia

223 2375 343 2402 virorum
357 2375 402 2410 qui
419 2382 482 2403 vere
491 2380 647 2402 senserunt.
659 2374 722 2402 Haec
733 2380 822 2402 autent
836 2381 899 2403 suut
912 2377 1012 2411 capita,

223 2422 258 2449 de
273 2422 372 2457 quibus
388 2429 437 2457 per
460 2422 614 2449 testimonia
626 2421 735 2457 duplex,
752 2427 780 2450 et
800 2423 938 2450 contraria
954 2431 1015 2451 sen-

223 2469 307 2496 tentia
320 2469 499 2504 proponitur:

259 2557 428 2594 Proprietas,
443 2562 470 2585 et
486 2558 583 2592 ﬁgura,
599 2562 627 2585 et
638 2557 723 2585 l'orma
739 2557 892 2592 hypostasis
904 2562 955 2591 est,
966 2558 1015 2586 sed

225 2613 280 2633 non
294 2604 452 2639 coniunctio
469 2604 638 2636 substantiae,
656 2608 683 2632 et
697 2603 881 2639 proprietatis,
903 2611 952 2632 nec
967 2611 1015 2639 per

222 2659 252 2679 se
269 2651 432 2679 subsistens.
448 2666 483 2672 -—
499 2650 554 2677 Hoc
571 2650 688 2685 primum
708 2650 835 2677 nonnulla
861 2650 1014 2678 testimonia

222 2697 419 2725 conﬁrmarunt
443 2696 568 2729 ;deindc
592 2703 700 2723 rursum
723 2700 814 2730 postea
841 2697 1010 2724 contrarium

221 2743 285 2776 alia,
299 2743 351 2771 hoc
364 2748 418 2776 est.
432 2743 545 2770 formam
565 2747 592 2770 et
604 2741 807 2777 proprietatem,
821 2747 850 2770 et
868 2742 1012 2770 characte-

1424 1427 1506 1454 EAB’.

1085 1473 1241 1508 Στεφάνου
1260 1473 1474 1537 Τριθεΐτου
1490 1474 1622 1509 ἐπίκλην
1633 1474 1770 1510 Γοϐἀρου
1792 1475 1849 1508 ,βι-

1462 1518 1507 1537 ον.

1462 1518 1507 1539 ον.

1103 1553 1168 1590 [892
1182 1553 1229 1591 IL]
1248 1554 1421 1590 ’Δνεγνώσθη
1440 1556 1542 1590 βιϐλίον
1556 1556 1693 1591 Στεφάνου
1714 1557 1788 1590 τινος
1803 1567 1871 1595 τρι-

1069 1603 1175 1635 Οεῖτου,
1189 1600 1212 1636 ᾧ
1227 1603 1342 1639 ἐπίκλην
1365 1604 1380 1630 6
1402 1604 1530 1638 Γόϐαρςς.
1546 1604 1584 1630 Τὸ
1603 1604 1632 1631 δέ
1656 1604 1758 1640 βιϐλίον
1773 1604 1871 1633 πόνων

1071 1650 1120 1684 μὲν
1141 1649 1228 1676 ἐδόκει
1245 1649 1370 1685 μακρῶν,
1391 1649 1486 1684 κέρδος
1502 1649 1524 1675 δ’
1537 1649 1620 1685 ἔφερε
1632 1650 1682 1684 τῆς
1697 1651 1800 1686 πολλῆς
1814 1651 1870 1686 οὐχ

1067 1695 1158 1730 ὅμοιον
1180 1695 1316 1730 σπουδῆς·
1343 1695 1498 1730 φιλοτιμίαν
1523 1696 1577 1730 γὰρ
1604 1696 1702 1731 μᾶλλον
1727 1697 1743 1732 ἢ
1768 1697 1872 1732 χρείαν

1066 1742 1240 1768 ἐπεδείκνυτο
1266 1741 1515 1777 περιττήν¹,“Αλλὰ
1535 1742 1591 1778 γὰρ
1607 1743 1640 1769 τὰ
1663 1734 1713 1778 μέν
1728 1742 1872 1777 κεφάλαια

1066 1788 1131 1823 περὶ
1144 1784 1181 1814 ὦν
1197 1789 1213 1822 ἡ
1228 1787 1341 1823 σπουδὴ,
1359 1788 1407 1814 καὶ
1422 1788 1473 1815 ὅσα
1487 1789 1528 1820 είς
1547 1789 1640 1819 κοινὰς
1655 1789 1701 1814 καὶ
1714 1789 1872 1823 ἐκκλησια-

1066 1833 1163 1865 anxi;
1177 1833 1324 1868 ἀνεφέρετο
1337 1833 1476 1868 ζητήσεις,
1493 1833 1591 1868 μικροῦ
1606 1833 1628 1868 β’
1643 1833 1690 1859 καὶ
1705 1836 1724 1860 ν*
1737 1830 1772 1868 ἦν
1782 1853 1790 1865 ,
1816 1841 1873 1868 με·

1068 1879 1224 1914 ρικωτέρων
1237 1879 1318 1905 τινῶν
1342 1879 1372 1905 οὐ
1391 1879 1496 1906 πολλῶν
1509 1873 1615 1910 τούτοις
1628 1878 1872 1914 παρεμϐεϐλημέ-

1067 1933 1130 1952 νων.
1148 1925 1242 1952 Ταῦτα
1261 1925 1289 1951 δὲ
1305 1925 1393 1952 διτταὶ
1414 1925 1490 1958 δόξαι
1507 1925 1730 1960 κατεμερίξοντο,
1756 1925 1806 1952 καὶ
1833 1925 1872 1953 οὗ

1065 1969 1153 1996 διτταὶ
1169 1969 1259 2005 μόνον,
1276 1969 1345 1996 ἀλλὰ
1358 1970 1405 1996 καὶ
1418 1970 1616 2005 ἁντικείμεναι.
1630 1970 1685 2001 Τὰς
1698 1969 1727 1996 δὲ
1741 1969 1822 2003 δόξας
1834 1970 1872 1998 οὐ

1065 2015 1189 2050 λογισμοί
1202 2024 1274 2048 τινες
1290 2016 1349 2043 οὒδέ
1366 2016 1444 2050 λόγια
1461 2017 1639 2052 συνεκρότουν
1652 2017 1713 2053 ἱερὰ
1726 2036 1733 2048 ,
1751 2017 1872 2053 χρήσεις

1064 2061 1094 2088 δέ
1107 2062 1197 2096 μόνον,
1212 2061 1251 2093 ὡς
1266 2063 1279 2089 6
1290 2062 1406 2097 γράφων
1422 2062 1543 2098 ἐνόμιζε,
1566 2063 1704 2098 διαφόρων
1718 2063 1870 2098 Πατὲρων,

1065 2103 1103 2133 ὦν
1118 2107 1146 2133 al
1164 2107 1212 2141 μὲν
1223 2107 1253 2133 τὸ
1265 2107 1492 2142 ἐκκλησιαστικὸν
1505 2108 1642 2143 φρόνημα,
1658 2108 1686 2135 αἰ
1699 2107 1728 2134 δέ
1739 2109 1870 2143 συνεκρό“

1065 2160 1128 2179 τουν
1142 2152 1173 2179 τὸ
1189 2152 1353 2188 ἀπόϐλητον.
1363 2153 1444 2180 Ἀλλὰ
1467 2154 1497 2180 τὺ
1522 2154 1571 2189 μὲν
1584 2154 1738 2189 ἀπόϐλητον
1750 2153 1869 2180 παλαιαί

1066 2205 1096 2223 τε
1111 2197 1223 2232 χρήσεις
1235 2198 1283 2224 καὶ
1299 2197 1424 2224 παλαιῶν
1436 2198 1590 2233 ἀνδρῶν,οὐ
1603 2198 1693 2224 πάντα
1706 2198 1776 2233 πρὸς
1787 2199 1868 2233 ἀκρί-

1066 2242 1142 2269 ϐειαν
1158 2242 1354 2275 ἐξετασάντων,
1372 2243 1555 2278 περιέθαλπον
1565 2262 1572 2276 ,
1590 2239 1627 2270 ὧν
1640 2243 1720 2270 ἐνίων
1740 2244 1793 2278 μέν
1806 2243 1869 2271 οὐδ’

1027 2300 1053 2330 D
1066 2288 1197 2321 ἐθαλπον,
1223 2288 1334 2316 ἐδόκουν
1353 2289 1382 2316 δὲ
1406 2289 1519 2316 θάλπειν
1543 2290 1619 2324 ὅμως
1633 2290 1685 2325 ,τῷ
1710 2290 1866 2325 συλλέγοντε

1066 2334 1186 2366 ταύτας’
1206 2335 1238 2361 τὸ
1261 2335 1289 2362 δέ
1312 2336 1440 2372 φρόνημα
1456 2336 1487 2362 τὸ
1507 2336 1736 2371 ἐκκλησιαστικὸν
1761 2338 1790 2364 αι
1812 2338 1868 2364 τῶν

1070 2381 1188 2417 μάλιστα
1200 2381 1249 2416 τὴν
1264 2381 1395 2417 ἀλήθειαν
1404 2381 1652 2417 ἐξακριϐωσάντων
1668 2383 1750 2417 ιερῶν
1761 2383 1868 2418 ἀνδρῶν

1068 2426 1210 2454 ἐϐεϐαίουν
1228 2428 1472 2462 μαρτυρίαι-Ἔστι
1486 2428 1516 2455 δέ
1530 2428 1564 2455 τὰ
1579 2428 1728 2463 κεφάλαια,
1744 2429 1811 2464 περὶ
1830 2426 1868 2454 ᾧ»)

1067 2474 1084 2509 ἡ
1100 2473 1144 2500 διὰ
1156 2473 1211 2501 τῶν
1225 2475 1350 2509 χρήσεων
1364 2474 1444 2510 διπλῆ
1462 2475 1510 2502 καὶ
1529 2475 1706 2511 ἀντικειμένη
1720 2475 1868 2508 σπουδάζει

1067 2518 1238 2554 κατασκευὴ,
1252 2519 1341 2546 ταῦτα
1353 2527 1361 2534 ·
1879 2547 1880 2550 η

1105 2564 1167 2591 ὀτι
1181 2565 1212 2592 τὸ
1227 2565 1325 2600 ἰδίωμα
1339 2565 1386 2592 καὶ
1400 2566 1414 2592 6
1429 2566 1573 2602 χαρακτὴρ
1587 2567 1634 2593 καὶ
1651 2567 1668 2602 ή
1681 2566 1775 2602 μορφὴ
1797 2566 1867 2592 ὑπό-

1067 2611 1161 2643 στασίς
1176 2611 1261 2644 ἐστιν,
1277 2611 1335 2638 ἀλλ’
1348 2612 1409 2648 οὐχὶ
1423 2612 1568 2649 συμπλοκὴ
1579 2612 1630 2648 τῆς
1646 2613 1741 2644 οὐσίας
1757 2612 1806 2640 καὶ
1820 2612 1868 2639 τοῖν

1068 2656 1224 2692 ἰδιώματος,
1247 2657 1308 2684 οὐδὲ
1331 2658 1362 2684 τὸ
1384 2658 1746 2686 αὐθυπόστατον.-Τοῦτο
1771 2659 1822 2693 μὲν
1838 2658 1868 2684 αι

1066 2702 1180 2738 χρήσεις
1191 2703 1429 2736 κατασκευάζουσι
1440 2704 1583 2740 πρότερον,
1592 2700 1652 2730 εἶτα
1661 2703 1742 2730 πάλιν
1753 2702 1867 2738 ὕστερον

1065 2748 1096 2774 τὸ
1119 2748 1239 2775 ἐναντίον
1258 2748 1363 2785 ἕτεραι,
1377 2750 1517 2778 τουτέστιν
1539 2750 1581 2778 ὅτι
1604 2750 1635 2777 τὸ
1660 2749 1760 2786 ἰδίωμα
1781 2751 1829 2776 καὶ
1853 2751 1868 2782 ἡ

899 2800 1020 2829 ἿΑΒΙΕ
1042 2803 1251 2832 LECTIONES.

258 2848 282 2865 "
298 2846 489 2890 ¹Ἦριικλιιιινός
510 2846 541 2873 Λ.
580 2845 603 2862 ’⁸
619 2845 766 2881 βαλόμενος
785 2843 804 2870 Β
820 2853 826 2872 :
844 2845 1007 2883 βαλλόμενος
1023 2858 1052 2882 ς.
1092 2850 1114 2866 ’⁷
1132 2859 1161 2877 τε
1175 2851 1190 2877 6
1211 2851 1305 2880 Ὶουστ.
1320 2861 1350 2885 ς’.
1390 2853 1412 2870 ⁸⁸
1433 2854 1625 2890 καλλιγράφων
1645 2860 1677 2885 ς.
1715 2853 1738 2870 ⁸⁸
1750 2855 1863 2890 χρήσιες

224 2884 258 2913 Δ.
298 2884 305 2898 ¹
326 2882 459 2918 περισσὴν
475 2890 504 2916 ς.
