1920 3092
63 155 123 188 1093

543 154 810 186 BIBLIOTHECA.
826 166 860 172 —
876 154 960 186 COD.
974 155 1125 186 CCXXXI.

1608 155 1678 190 1094

60 212 139 248 μορφὴ
152 211 198 238 καὶ
209 211 224 239 ὁ
240 211 382 248 χαρακτὴρ
391 213 441 239 οὐκ
452 211 525 239 ἐστιν
537 212 695 245 ὑπόστασις,
709 213 776 239 ἀλλᾶ
786 212 834 247 τῆς

887 219 944 239 rem
960 212 1117 248 hypostasin
1142 219 1195 240 non
1210 219 1280 246 esse,
1299 213 1347 240 sed
1362 212 1537 249 hypostaseos
1553 214 1677 249 ﬁguram.

58 257 220 289 ὑποστάσεως
228 257 381 294 χαρακτήρ.
389 258 443 284 Καὶ
452 258 498 284 ἐπὶ
507 258 560 284 τῶν
569 258 656 285 ἄλλων
667 259 833 293 κεφαλαίων,

58 305 93 330 ἵνα
108 303 142 338 μὴ
153 303 187 331 τὰ
198 303 269 330 αὐτὰ
280 303 340 332 καθ’
351 304 467 332 ἕκαστον
479 304 569 339 λέγειν
584 306 834 341 συναναγκασθείη-

59 359 109 384 μεν,
121 350 168 384 τήν
178 349 315 376 ἀντίθεσιν
326 351 352 376 αί
363 349 487 386 διάφοροι
499 351 612 386 χρήσεις
627 351 834 387 ἀπολαμὸάνου-

58 403 94 420 σαι
107 394 227 421 δοκοῦσιν
241 394 412 429 ἑκατέρωθεν
430 397 558 432 συνιστᾷν
572 396 602 423 τὸ
614 397 833 432 προτεινόμενον.

58 441 130 471 -Ὠς
151 441 165 467 ὁ
187 440 344 476 Βατιτιστὴς
361 441 488 477 Ἰωάννης
504 441 661 478 Ὀκτωϐρίῳ
684 444 749 478 μηνὶ
771 451 834 469 συν-

59 485 163 520 ελήφθη·
181 483 211 513 οὗ
225 486 257 512 τὸ
268 487 512 522 ἀντικείμενον,1ὼς
526 488 576 514 οὐκ
591 488 620 514 ὲν
633 488 729 523 τούτῳ,
738 489 794 516 ἀλλ’
806 490 834 517 ἐν

59 532 88 566 τῷ
100 531 342 567 Νοεμ6ρίῳ.-”Ως
354 534 370 568 η
387 533 517 565 Θεοτόκος
527 533 576 569 τὴν
593 534 757 570 δεσποτικὴν
770 535 835 562 σύλ-

59 577 125 612 ληψιν
135 577 163 603 ἐν
174 577 214 612 τῷ
227 577 294 612 μηνὶ
306 577 362 604 τῶν
372 578 440 606 νέων
453 579 646 615 εὐηγγελίσθη,
656 577 711 606 οἷον
726 580 836 616 Ἀπριλ-

59 623 107 659 λίῳ,
118 623 290 659 ὂν¹Ε6ραίοι¹
305 625 411 651 Νισὰν³
427 625 556 652 καλοῦσι’
573 627 667 653 τέτοκε
682 627 710 654 δὲ
724 628 770 654 τὸν
782 628 835 654 Κύ-

61 677 107 704 ριον
118 670 192 704 ήμῶν
200 670 306 706 Ἰησοῦν
314 671 430 707 Χριστὸν
439 672 532 707 μηνῶν
544 674 789 702 συντελεσθέντωνδ
801 675 833 709 θ’,

60 715 346 752 τουτέστινἸανουαρίῳ
368 721 399 750 ε’,
424 718 494 744 κατὰ
514 719 545 745 τὸ
561 719 644 754 μέσον
667 721 716 756 τῆς
740 722 836 754 νυκτὸς

60 760 108 795 ἣτις
126 761 182 787 ἐστὶ
206 762 262 797 πρὸ
286 763 358 789 ὀκτὼ
373 763 642 800 εἰδῶνἾανουαρίων’
660 766 726 793 τὸδὲ
740 767 835 793 τούτου

60 806 243 841 ἀντικείμενον,
257 807 317 844 [471
337 808 382 844 IL]
401 809 438 841 ὡς
452 810 502 837 οὐκ
517 812 546 837 ἐν
558 811 741 848 τῴ¹είρημένῳ
758 813 834 848 μηνὶ,

60 852 106 879 ἀλλ’
118 853 143 878 ἐν
155 853 272 890 πέμπτῃ
289 855 335 881 καὶ
350 856 437 883 είκάδι
449 856 496 883 τοῦ
507 857 632 894 Μαρτίου
642 858 833 894 εὐηγγελίσθη,

887 257 919 283 Et
942 257 968 284 in
983 258 1042 285 aliis
1054 259 1197 293 capitibus,
1215 266 1247 286 ne
1260 258 1286 286 in
1301 259 1414 291 singulis
1429 260 1524 286 eadem
1552 266 1682 295 repetere.

885 311 1023 339 cogantur,
1046 305 1199 332 testimonia
1217 305 1324 332 diversa
1350 305 1517 332 contrarium
1531 324 1534 326 ›
1550 297 1680 333 θεερτειιέ

887 350 940 380 tia,
973 350 1099 377 ridentur
1122 355 1265 385 utrumque
1289 350 1421 385 prolatum
1445 350 1620 378 confirmare.
1642 366 1678 372 —

887 393 1006 422 Joannes
1023 394 1143 429 Baptista
1159 395 1267 423 Octobri
1284 402 1376 422 mense
1391 400 1536 429 conceptus
1558 400 1611 428 est,
1629 403 1678 422 cn-

883 441 927 475 jus
942 441 1121 474 contrarium,
1142 449 1194 469 non
1210 442 1236 468 in
1253 441 1313 473 hoc,
1329 441 1376 468 sed
1397 440 1553 468 Novembri.
1567 456 1603 461 -—
1615 441 1677 468 Dci-

886 494 950 521 para
986 487 1131 514 Dominica:
1159 487 1345 521 conccptionis
1368 487 1393 513 in
1422 494 1514 514 mense
1541 487 1676 514 Novormn

886 533 1123 560 annuntiationem
1148 533 1262 567 accepit,
1279 533 1405 560 nimirum
1419 532 1512 567 Aprili,
1529 540 1608 567 quem
1621 533 1676 561 He—

886 578 949 605 braei
972 578 1062 605 Nisam
1095 579 1195 614 288:1
1216 579 1318 612 dicunt,
1335 580 1438 613 peperit
1452 586 1514 606 vero
1532 579 1675 606 Dominum

886 629 1008 651 nostrum
1023 623 1115 651 Jesum
1130 625 1266 651 Christum
1285 625 1423 651 mensibus
1437 631 1532 651 novem
1544 624 1672 657 evolutis,

887 670 938 698 hoc
964 676 1005 698 est
1020 671 1114 704 quinto
1136 670 1283 704 Januario,
1313 671 1402 698 media
1425 675 1511 701 nocte,
1550 678 1610 706 quae
1634 676 1677 698 est

887 723 982 745 octavo
997 718 1057 746 ldus
1075 717 1220 745 Januarias
1238 727 1245 751 ;
1268 718 1331 746 huic
1348 718 1442 752 opinio
1456 719 1605 751 contraria,
1621 726 1675 746 non

888 764 914 791 in
943 765 987 791 illo
1015 773 1117 797 mense,
1146 772 1226 799 quem
1257 764 1387 798 diximus,
1416 765 1465 791 sed
1485 765 1529 792 die
1546 764 1676 791 vicesimo

887 810 981 844 quinto
991 809 1078 837 Martii
1091 810 1326 837 annuutiatinnem
1336 811 1483 845 accepisse,
1498 815 1525 838 et
1537 810 1676 846 peperisse

888 855 1054 882 Salvatorem
1076 864 1129 882 non
1146 856 1243 891 quinto
1258 855 1391 890 Januarii,
1407 857 1453 883 sed
1463 861 1559 884 octavo
1574 857 1675 884 Kalen-

61 898 141 933 ἐτέχθη
151 898 178 924 δὲ
189 901 203 925 ὁ
211 900 310 935 Σωτὴρ
321 901 399 935 ἡμῶν
411 902 461 929 οὐκ
470 902 625 939 Ἰανουαρίῳ
637 905 761 942 πέμπτῃ,
769 905 834 932 ἀλλὰ

888 901 982 928 darnm
1007 900 1138 928 Januarii.
1163 917 1196 922 —
1212 902 1239 928 ln
1257 903 1454 929 resurrectione
1473 902 1543 930 idem
1563 903 1675 930 omnino

61 943 103 978 πρὸ
112 943 179 970 ὀκτὼ
188 945 330 974 καλανδῶν
337 947 621 984 Ἰανουαρίων,-Ὂτι
633 951 662 977 ὲν
674 953 706 986 τῇ
718 952 836 979 ἀναστά-

61 997 94 1014 σει
110 989 137 1015 τδ
151 990 234 1016 αὐτὸ⁸
251 990 333 1026 σῶμα
349 993 422 1020 κατὰ
434 993 534 1028 πάντα,
550 995 563 1021 δ
579 996 627 1022 καὶ
647 996 694 1023 νῦν
715 997 837 1034 περικεί-

62 1034 341 1072 μεθα,ἀποληψόμεθα,
351 1038 487 1074 μηδεμίαν
496 1041 628 1077 διαφορὰν
638 1043 684 1069 ἐπὶ
691 1043 721 1069 τὸ
730 1043 836 1080 ἄφθαρ-

61 1088 97 1106 τον
115 1082 326 1118 προσειληφότες
337 1090 344 1098 ⁸
360 1085 408 1111 καὶ
431 1085 461 1112 τδ
485 1086 680 1123 ἀντικείμενον,
691 1088 730 1121 ὥς
754 1090 785 1116 οὐ
805 1090 836 1117 τὸ

61 1126 115 1152 αὐτὸ
129 1127 205 1162 σῶμα
219 1128 260 1164 τῷ
277 1128 324 1156 νῦν
338 1130 532 1167 ἀναληψόμεθα
543 1133 724 1170 φθειρομένῳ.
737 1136 834 1163 -Ὅτι

60 1172 83 1197 ἐν
94 1172 129 1208 τῷ
141 1173 213 1209 αὐτῷ
228 1176 350 1210 σχήματι
366 1177 589 1213 ἀναστησόμεθα·
605 1181 653 1207 καλ¹
677 1182 717 1208 ὅτι
741 1185 790 1209 οὐκ
805 1184 834 1211 ὲν

61 1217 92 1252 τῷ
104 1218 180 1254 αὐτῷ,
196 1220 254 1247 ἀλλ’
266 1222 296 1247 ὲν
312 1222 509 1258 ἐτέρῳ.-Ὅτι
522 1225 582 1252 καθ’
596 1225 630 1261 ἣν
645 1226 752 1262 ἠλικίαν
770 1227 835 1254 ἕκα-

62 1270 111 1294 στος
125 1264 166 1291 τὸν
179 1264 236 1299 βίον
251 1266 427 1303 μετήλλαξεν,
443 1269 514 1295 κατὰ
529 1270 630 1306 ταύτην
647 1271 692 1298 καὶ
714 1272 833 1309 ἀναστή-

62 1315 137 1335 σεται·
151 1310 180 1336 τὸ
191 1310 219 1337 δε
234 1311 432 1347 ἀντικείμενον,
442 1314 483 1340 ὅτι
496 1315 545 1350 οὐχ
559 1315 654 1348 οὕτως,
664 1317 731 1344 ἀλλὰ
744 1319 789 1345 καὶ
800 1318 834 1345 τὰ

62 1355 141 1382 παιδία
159 1356 188 1383 ἐν
211 1357 309 1393 τελείῳ
333 1359 453 1394 σχήματι
481 1361 690 1396 ἀναστήσονται,
718 1363 765 1390 καὶ
784 1365 834 1391 οὐκ

63 1400 144 1435 ἀθρόον
163 1403 275 1435 πάντες,
294 1404 362 1431 ἀλλὰ
376 1406 452 1441 παρὰ
467 1407 660 1442 μέρος-’Ὁτι
676 1408 772 1435 λεπτὸν
788 1411 834 1437 καὶ

63 1446 163 1481 ἀερῶδες
176 1449 223 1475 καὶ
236 1450 360 1485 αἰθέριον
373 1451 421 1478 καὶ
434 1453 619 1488 πνευματικὸν
635 1455 663 1480 ὲν
686 1455 725 1490 τῷ
747 1455 834 1491 καιρῷ

63 1494 102 1528 τῆς
113 1496 281 1528 ἀναστάσεως
296 1498 493 1534 ἀποληψόμεθα
512 1500 542 1527 τὸ
556 1501 636 1536 σῶμα.
647 1509 653 1517 ·
673 1502 720 1529 καὶ
739 1503 779 1530 ὅτι
802 1504 833 1530 οὐ

63 1541 174 1574 τοιοῦτον,
185 1543 254 1570 ἀλλὰ
277 1544 370 1579 γήϊνον
393 1545 442 1571 καὶ
466 1547 540 1581 παχὺ
562 1548 609 1574 καὶ
633 1548 834 1576 ἀντίτυπον.--

64 1585 115 1621 [893
129 1588 148 1615 Β
162 1588 171 1624 ]
186 1590 246 1616 Ὀτι
267 1590 297 1616 τὸ
309 1590 381 1618 θεῖον
397 1591 629 1628 ἀνθρωπόμορφον
642 1595 687 1620 καὶ
700 1594 832 1630 ἔμψυχον,

64 1633 101 1658 καὶ
109 1634 144 1660 ὅτι
154 1635 183 1661 τὸ
194 1635 254 1662 κατ’
262 1637 355 1662 εἰκόνα
366 1637 396 1663 τὸ
408 1638 561 1673 σωματικὸν
571 1641 664 1674 σχῆμα.
673 1640 756 1675 δηλοῖ,
768 1641 820 1668 καθ
828 1642 835 1652 ’

63 1678 125 1706 aut
135 1680 148 1706 ὁ
162 1682 305 1718 ἄνθρωπος
321 1683 390 1718 πρὸς
410 1686 527 1720 μίμησιν
542 1685 588 1712 τοῦ
606 1686 761 1721 ἀρχετύπου
776 1689 835 1714 δια-

64 1726 208 1760 πέπλασται,
226 1729 275 1755 καὶ
297 1729 334 1760 ὡς
356 1730 380 1756 οί
406 1730 518 1764 ἄγγελοι
541 1731 655 1767 σώματά
677 1741 707 1759 τε
729 1733 835 1768 ἔχουσιν

63 1772 214 1808 ὁμοιόσχημα
229 1775 286 1802 τῶν
298 1775 476 1811 ἀνθρωπίνων
489 1777 632 1812 σωμάτων,
641 1778 688 1805 καὶ
697 1779 736 1810 ὡς
744 1779 776 1806 ὲκ
784 1779 835 1814 τῆς

64 1817 126 1850 θείας
137 1820 226 1852 οὐσίας
242 1821 260 1856 ἡ
275 1821 432 1856 ἀνθρωπίνη
455 1823 621 1858 προελήλυθε
634 1823 707 1860 ψυχή
716 1832 722 1839 ·
742 1825 788 1852 καὶ
801 1825 835 1852 τὰ

63 1865 220 1901 ἀντικείμενα
237 1868 353 1900 τούτοις.
369 1868 406 1900 ὡς
421 1868 482 1895 οὔτε
505 1869 535 1895 τὸ
550 1870 619 1897 θεῖον
637 1871 834 1907 ἀνθρωπόμορ-

63 1918 118 1943 φον,
132 1911 189 1938 οὐτε
214 1914 283 1944 ὅλως
299 1914 550 1949 ἐσχηματισμένον,
567 1915 625 1942 ἀλλ’
637 1915 699 1942 οὔτε
723 1916 788 1943 ἀλλο
808 1926 834 1943 τι

64 1957 167 1990 πέφυκεν
181 1956 251 1985 εἶναι
273 1959 328 1986 τῶν
350 1959 556 1995 προειρημένων
567 1968 573 1975 '
588 1960 719 1993 ὡσαύτως
732 1961 761 1988 δὲ
775 1962 835 1989 οὐδ’

63 2001 84 2026 οἱ
93 2002 192 2036 ἄγγελοι
207 2003 333 2038 σώματα,
344 2004 401 2031 ἀλλ’
413 2005 565 2039 ἀσώματοι,
579 2005 626 2032 καὶ
641 2005 678 2038 ὡς
691 2006 707 2042 ή
721 2006 774 2033 τῶν
786 2007 834 2033 ἀν-

63 2045 161 2080 θρώπων
176 2050 250 2085 ψυχὴ
269 2051 319 2077 οὐκ
340 2052 372 2077 ὲκ
386 2050 436 2085 τῆς
452 2051 649 2084 θείας,οὐσίας.
659 2052 756 2079 -Ὅτι
771 2053 834 2080 ἄλλο

62 2089 89 2127 ἦν
105 2095 132 2121 τὸ
150 2096 207 2132 ,πρὸ
228 2097 279 2130 τῆς
302 2097 487 2132 παραϐάσεως
510 2097 557 2124 τοῦ
582 2098 726 2133 ἀνθρώπου
742 2098 832 2134 σῶμα,

61 2138 118 2174 ὅπερ
138 2143 184 2168 καὶ
206 2142 348 2176 αὐγοειδὲς
363 2143 486 2175 καλοῦσι,
499 2143 547 2170 καὶ
561 2143 625 2170 ἄλλο
646 2144 677 2170 τὺ
700 2144 769 2179 μετὰ
784 2145 834 2180 τὴν

64 2187 210 2220 παράϐασιν,
224 2189 245 2221 ὃ,
261 2189 321 2215 νυνὶ
341 2189 523 2224 περικείμεθα
540 2191 677 2226 σάρκινον,
693 2191 740 2217 καὶ
755 2190 834 2217 τοῦτό

887 953 983 980 corpus
1008 955 1060 982 quo
1087 954 1158 974 nunc
1182 947 1337 979 induimur,
1365 955 1550 980 assumemus.
1572 949 1674 976 nullam

887 993 1063 1021 mutationem
1078 994 1104 1021 in
1119 994 1323 1028 incorruptibile
1334 1001 1522 1028 assumentes;
1536 999 1562 1023 el
1577 1003 1592 1023 e
1606 1003 1674 1023 con-

888 1039 982 1072 trario,
1000 1047 1052 1067 non
1074 1039 1251 1075 corruptibile
1265 1040 1316 1068 hoc
1339 1040 1408 1067 idem
1424 1049 1472 1068 nos
1486 1048 1586 1076 corpus
1597 1049 1674 1068 assu-

886 1093 1001 1113 memus.
1013 1100 1049 1105 —
1059 1085 1157 1114 Eadem
1171 1086 1258 1113 forma
1273 1093 1456 1122 resurgemus,
1467 1090 1554 1114 etnon
1567 1086 1673 1118 eadem,

886 1131 933 1158 sed
958 1131 1069 1158 alia.—
1084 1130 1142 1164 Qua
1167 1135 1247 1158 aetate
1271 1131 1334 1166 quis
1362 1135 1485 1158 mortuus
1501 1135 1552 1162 est,
1578 1132 1672 1158 eadem

885 1181 1026 1211 resurget;
1041 1176 1219 1209 contrarium,
1234 1184 1285 1203 non
1300 1177 1347 1210 ita,
1364 1177 1410 1204 sed
1427 1177 1503 1211 pueri
1516 1177 1541 1204 in
1554 1177 1672 1212 perlecta

885 1227 990 1250 statura
1009 1227 1161 1258 resurgant,
1189 1227 1216 1250 et
1238 1223 1391 1250 non~simul
1415 1230 1519 1256 omnes,
1541 1224 1587 1250 sed
1602 1224 1673 1250 diri-

884 1267 945 1294 sim.
963 1282 998 1287 —
1012 1268 1113 1300 Tenue,
1136 1268 1259 1302 acrium,
1290 1268 1429 1296 wtherium
1445 1290 1453 1302 ,
1481 1274 1507 1296 et
1533 1270 1674 1304 spirituale

885 1317 1007 1347 tempore
1041 1314 1250 1341 resurrectionis
1290 1321 1389 1348 corpus
1423 1322 1612 1349 assumemus;
1646 1321 1674 1343 et

885 1367 936 1386 non
966 1359 1040 1392 hoc,
1073 1359 1118 1387 sed
1151 1364 1290 1392 terrcum,
1325 1360 1458 1393 densum,
1483 1364 1510 1387 et
1542 1360 1672 1388 solidum.

884 1404 1017 1432 Deitatem
1045 1405 1163 1432 humana
1193 1412 1254 1432 esse
1279 1404 1377 1438 forma,
1406 1409 1433 1432 et
1459 1405 1628 1436 animatum;
1645 1411 1672 1432 et

884 1451 950 1479 illud
975 1451 1008 1478 ad
1033 1451 1177 1486 imaginem
1208 1458 1366 1484 corpoream
1385 1451 1499 1486 ﬁguram
1518 1452 1672 1483 ostendere,

884 1505 937 1532 qua
951 1502 978 1524 et
998 1497 1079 1524 homo
1094 1496 1126 1523 ad
1140 1496 1316 1523 imitationem
1334 1496 1475 1531 archetypi
1485 1497 1608 1524 conditus
1621 1504 1671 1524 est.

886 1543 1004 1578 Angelos
1021 1543 1122 1569 habere
1142 1549 1258 1576 corpora
1278 1542 1398 1576 ejusdem
1418 1542 1521 1577 ﬁgurae,
1537 1552 1589 1578 qua
1611 1538 1673 1570 snul.

848 1577 869 1606 (ἶ
886 1577 1036 1621 hominum,
1054 1593 1081 1614 et
1096 1595 1111 1614 e
1125 1587 1216 1614 divina
1224 1588 1374 1614 substantia
1393 1588 1509 1615 animam
1526 1588 1671 1615 lmmanam

885 1634 1029 1670 prodiisse.
1045 1634 1078 1660 Et
1105 1633 1147 1660 his
1177 1633 1337 1661 contraria:
1368 1634 1501 1661 Deitatem
1532 1642 1583 1661 non
1612 1643 1673 1662 esse

886 1681 1003 1708 humana
1019 1679 1116 1711 I'orma,
1134 1687 1184 1707 nec
1210 1679 1323 1706 omnino
1356 1679 1511 1714 ﬁguratam,
1524 1681 1570 1707 sed
1584 1679 1673 1715 neque

885 1726 1033 1762 quidquam
1047 1725 1119 1752 aliud
1136 1724 1327 1759 praedictorum
1342 1730 1438 1751 natura
1450 1732 1519 1751 esse.
1541 1725 1673 1754 Similiter

885 1781 936 1801 nec
952 1773 1063 1808 angelos
1075 1779 1234 1808 corporeus,
1247 1772 1293 1799 sed
1307 1772 1480 1806 incorporeas
1493 1780 1562 1803 esse,
1577 1772 1671 1799 lnnna-

886 1827 1003 1854 namque
1021 1819 1140 1846 animam
1165 1825 1217 1846 non
1241 1825 1302 1846 esse
1316 1825 1331 1845 e
1344 1818 1434 1845 divina
1464 1819 1624 1846 substantia.
1637 1833 1673 1838 --

884 1866 963 1893 Aliud
975 1865 1059 1892 fuisse
1081 1864 1199 1892 hominis
1211 1871 1310 1899 corpus
1329 1868 1392 1892 ante
1411 1864 1672 1899 praevaricationem,

884 1911 955 1947 quod
990 1910 1159 1946 splendidum
1192 1914 1300 1942 vocant,
1323 1914 1351 1937 et
1380 1910 1454 1937 aliud
1483 1915 1544 1945 post
1582 1915 1671 1938 trans-

885 1957 1067 1993 gressionem,
1101 1963 1231 1983 carneum
1246 1955 1360 1988 scilicet.
1376 1960 1404 1983 ut
1417 1963 1488 1983 nunc
1502 1961 1543 1983 est
1565 1956 1604 1991 (et
1623 1959 1673 1983 hoc

884 2009 947 2031 sunt
961 2002 1081 2038 pellicem
1095 2000 1217 2036 tunicae),
1230 2001 1302 2036 quod
1323 2001 1349 2028 in
1366 2002 1565 2029 resurrectione
1590 2002 1672 2036 depo-

884 2058 991 2078 nemus.
1020 2049 1055 2076 Et
1080 2057 1095 2076 e
1119 2049 1273 2081 contrario,
1300 2048 1405 2083 pellitas
1436 2048 1568 2084 (pellit-eas
1596 2053 1673 2077 vetns

885 2096 1030 2132 interpres)
1049 2096 1154 2123 tunicas
1171 2103 1225 2122 non
1251 2102 1312 2122 esse
1326 2102 1447 2122 carnem.
1463 2110 1498 2115 —
1510 2094 1600 2122 Primo
1628 2103 1672 2122 re-

884 2146 996 2177 surgant
1011 2141 1090 2176 justi,
1109 2145 1136 2168 et
1148 2148 1210 2167 cum
1229 2140 1261 2168 iis
1276 2140 1367 2167 omnia
1385 2139 1525 2173 animalia,
1545 2139 1585 2176 [et
1601 2138 1671 2176 post]

885 2189 958 2217 mille
981 2195 1067 2215 annos
1098 2187 1201 2220 vivent,
1230 2186 1301 2213 lame
1326 2186 1509 2217 comedentes,
1538 2185 1672 2218 bibentes,

62 2228 123 2256 iam
137 2233 159 2258 at
173 2232 329 2268 δερμάτινοι
346 2233 468 2268 χιτῶνες,
488 2234 556 2270 ὅπερ
580 2235 627 2262 καὶ
649 2235 834 2270 ἀπτιθέμεθα

885 2239 1056 2272 generantes,
1069 2238 1097 2260 et
1109 2238 1171 2267 post
1184 2233 1241 2260 haec
1260 2231 1422 2259 universalis
1437 2231 1482 2258 ﬁet
1492 2232 1672 2263 resurrectio;

63 2275 84 2300 ἑν
93 2278 121 2312 τῇ
135 2278 283 2306 ἀναστάσει
294 2288 301 2294 ·
317 2280 364 2306 καὶ
377 2280 409 2306 ὲκ
421 2279 468 2306 τοῦ
479 2280 613 2313 ἐναντίου,
626 2281 667 2307 ὅτι
681 2281 753 2316 οὺχή
767 2282 835 2317 σὰρξ

63 2321 126 2355 ἡμῶν
147 2324 187 2350 oi“
212 2325 370 2359 δερμάτινοι
393 2325 516 2360 χιτῶνες.
529 2326 637 2352 --Ὄτι
653 2326 785 2362 πρότερον
808 2327 834 2353 ol.

62 2365 143 2394 Gizztm
159 2370 368 2405 ἀναστήσονται,
384 2371 432 2398 καὶ
445 2372 493 2398 σὺν
508 2372 600 2402 αὐτοῖς
615 2373 706 2399 πάντα
717 2372 750 2399 τὰ
764 2371 833 2406 ζῶα,

62 2414 100 2438 καὶ
111 2415 154 2441 ἐπὶ
168 2416 242 2450 χίλια
256 2416 303 2451 ἐτη
316 2417 501 2452 τρυφήσουσιν
515 2418 667 2449 ὲσθίοντεςτ
685 2419 731 2445 καὶ
741 2418 833 2445 πίνον-

62 2465 97 2488 τες
114 2461 156 2487 καὶ
166 2461 333 2494 τεκνοῦντες,
351 2463 398 2489 καὶ
417 2464 488 2497 μετὰ
501 2463 579 2490 τοῦτο
593 2465 610 2499 ἡ
626 2464 756 2500 καθολικὴ
771 2466 833 2492 ἐπι-

63 2505 172 2538 στήσεται
187 2508 346 2540 ἀνάστασις
366 2509 413 2535 καὶ
437 2509 469 2535 ὲκ
490 2510 536 2536 τοῦ
551 2510 684 2544 ὲναντίου,
701 2510 762 2538 ὃτι⁸
777 2511 833 2538 τῶν

63 2545 156 2575 δικαίων
171 2552 372 2586 προανάστασις
384 2553 434 2579 οὐκ
447 2553 529 2587 ἔστιν,
546 2555 605 2581 οὐδὲ
620 2556 636 2590 ἡ
650 2556 833 2592 χιλιονταετὴς

63 2594 146 2629 τρυφὴ.
161 2596 219 2623 οὐδὲ
233 2598 266 2624 6'
280 2599 478 2633 γάμος.-Ὅτι
495 2601 564 2635 μετὰ
576 2601 625 2637 τὴν
641 2602 789 2629 ἀνάστασιν
804 2604 834 2630 ὲν

64 2641 202 2678 παραδείσῳ
208 2644 264 2671 τῶν
273 2644 386 2672 δικαίων
399 2646 476 2673 ἔσται
489 2647 506 2682 ἡ
517 2647 652 2683 διατριεὴ,
670 2648 717 2675 καὶ
729 2649 771 2676 ὅτι
783 2649 833 2676 οὐκ

65 2683 89 2710 έν
100 2688 257 2726 παραδείσῳ,
271 2690 330 2718 ἀλλ’
345 2693 375 2719 ἐν
387 2694 444 2725 τοῖς
455 2693 590 2729 οὐρανοῖς,
604 2694 650 2722 καὶ
660 2694 699 2727 ὡς
715 2695 729 2722 6
745 2696 851 2731 παράμ,

887 2287 915 2309 et
928 2289 943 2308 e
957 2281 1107 2312 contrario,
1131 2285 1219 2313 neque
1236 2277 1374 2312 juslorum
1397 2277 1531 2312 praecedet
1549 2284 1673 2305 resurre‘

887 2328 952 2361 ctio,
961 2334 1048 2363 neque
1060 2331 1121 2361 post
1131 2325 1203 2352 mille
1215 2331 1301 2352 annos
1308 2324 1421 2357 delicite,
1432 2331 1519 2359 neque
1534 2326 1674 2358 generatio

886 2375 947 2402 erit.
967 2387 1002 2393 --
1031 2372 1095 2399 Post
1117 2371 1344 2399 resurrectionem
1370 2370 1396 2397 in
1425 2370 1551 2405 paradiso
1573 2371 1673 2406 28812

884 2421 1020 2457 justorum
1046 2421 1100 2447 erit
1128 2418 1318 2450 commoratio;
1350 2421 1378 2444 et
1408 2424 1459 2443 non
1492 2417 1518 2443 in
1546 2417 1674 2452 paradiso

885 2466 933 2493 sed
945 2465 969 2492 in
987 2464 1076 2496 caelis,
1086 2469 1114 2491 et
1126 2462 1267 2498 paradisus
1281 2470 1335 2489 non
1353 2461 1379 2489 in
1397 2462 1534 2494 caalo,ncc
1546 2462 1572 2489 in
1590 2468 1673 2494 terra,

885 2512 932 2540 sed
948 2511 974 2537 in
991 2510 1024 2537 iis
1039 2516 1099 2544 quae
1116 2507 1256 2542 interjecta
1272 2507 1510 2542 sunt.-—-Snperna
1520 2507 1672 2535 Jerusalem

885 2561 928 2585 est
941 2555 1096 2592 paradisus,
1112 2559 1138 2581 et
1152 2554 1177 2581 in
1193 2553 1273 2580 tertio
1289 2552 1369 2585 coelo,
1394 2557 1422 2580 et
1449 2553 1562 2581 arbores
1587 2554 1613 2580 in
1629 2561 1672 2586 eo,

886 2611 966 2632 sensu
985 2601 1105 2637 praedita:
1120 2605 1196 2632 sunt,
1215 2605 1243 2627 et
1270 2599 1438 2627 intellectum
1456 2599 1557 2627 habent
1583 2605 1610 2627 et
1629 2607 1673 2627 ινι-

887 2649 999 2679 tionem.
1015 2652 1043 2675 et
1055 2647 1137 2674 homo
1150 2650 1211 2681 post
1225 2645 1476 2679 praevaricationem
1493 2645 1554 2671 inde
1568 2644 1594 2671 in
1617 2649 1672 2671 ter-

886 2703 944 2724 ram
961 2694 1068 2722 delatus
1089 2697 1142 2720 est.
1166 2691 1267 2718 Deinde
1278 2695 1305 2718 et
1320 2691 1498 2718 contrarium.
1512 2689 1671 2718 Paradisuln

683 2748 802 2792 vanus
824 2763 1030 2793 LECTIONES.

95 2811 138 2840 ιδν
149 2815 173 2855 οἱ
253 2826 283 2850 ς·
322 2818 333 2834 ⁸
346 2819 440 2854 Νησᾶν
456 2819 488 2848 Α.
527 2820 538 2836 ⁸
553 2820 658 2848 τελεσο.
673 2829 704 2853 ς.
743 2822 754 2837 ⁵
770 2821 837 2848 αὐτὸ
847 2821 909 2850 add.
927 2821 960 2848 A.
996 2820 1007 2836 ⁸
1024 2819 1101 2855 ἡμῶν
1112 2818 1185 2846 ἐστιν
1197 2818 1220 2844 ot
1240 2817 1269 2844 Β.

67 2844 135 2876 δτι-ιε
148 2852 178 2878 A.
213 2854 223 2869 '
239 2844 353 2882 (omni:

1306 2817 1316 2833 ⁷
1331 2815 1532 2852 τρυφ.κα“ιέσθ.
1548 2823 1579 2849 ς.
1593 2815 1604 2832 ⁸
1617 2812 1672 2850 ὅτι)
