1920 3092
221 173 290 207 1095

752 167 882 197 PHOTIl
904 166 1160 197 PATRIARCILE
1186 166 1240 198 CP.

1778 160 1851 194 1096

221 241 275 260 non
292 233 318 257 in
330 229 411 257 tertio
423 235 484 255 esse
498 226 578 259 caslo,
593 224 640 253 sed
660 224 686 252 in
702 228 786 252 terra.
804 239 839 244 —
858 224 931 251 ltona
945 231 1010 258 qua:

1067 227 1148 258 istae;
1164 225 1225 253 οὒτε
1243 225 1273 251 ἐν
1283 223 1323 258 τῷ
1342 221 1449 257 οὐρανῷ
1462 220 1524 247 οὔτε
1542 219 1590 246 ἐπὶ
1605 218 1655 253 τῆς
1664 218 1687 234 ¹⁵
1702 217 1766 253 τῆς,
1780 217 1853 244 ἀλλά

219 281 369 313 praeparata
384 278 447 304 sunt
458 274 549 308 justis,
566 273 661 299 oculus
689 280 742 299 non
765 272 849 304 vidit,
867 278 917 298 nec
936 271 1011 298 auris

220 323 332 354 audivit,
345 328 395 348 nec
414 320 439 346 in
452 327 499 346 cor
510 318 628 345 hominis
642 318 831 345 ascenderunt.
847 317 1007 351 Quanquam

220 367 388 402 liegesippns
403 365 444 391 vir
458 364 585 398 antiquus
596 367 623 390 et
644 363 818 398 apostolicus,
836 362 906 390 libro
918 363 1013 397 quinto

221 411 485 440 Conunnntariorutn
498 411 567 437 haud
581 410 637 437 scio
650 417 683 436 au
694 409 813 437 oﬂ'ensus
830 409 896 436 dicit
910 408 1011 435 frustra

222 457 278 484 haec
294 457 362 489 dici,
381 461 407 483 et
417 463 465 482 eos
478 455 522 489 qui
537 455 594 481 lucc
613 455 705 481 dicunt
730 455 756 481 in
771 461 876 481 sacram
891 452 1014 487 Scriptu-

223 510 290 533 ram,
309 507 337 529 et
345 506 438 528 contra
448 501 583 528 Christum
594 498 726 526 dicentem
747 499 919 526 :Beatiocuti
937 497 1014 525 ventri

220 546 349 578 uidentes,
357 550 382 573 et
392 553 469 572 aures
482 549 574 572 vestrae
585 545 641 572 lucc
649 545 782 572 audientes
793 546 887 576 εἵκω..
896 543 1013 571 mentiri.

220 607 258 614 υ-
278 592 402 620 Damnati
420 596 577 626 peccatores
594 591 621 618 in
639 590 780 626 punitione
801 590 977 618 absolvuntur
999 596 1014 616 a

223 640 335 672 malitia,
344 643 372 666 et
379 639 643 674 postabsolutionem
651 638 800 666 liberantur
807 645 821 665 a
830 645 917 672 poena.
929 636 1016 670 Quan-

223 693 304 721 quam
320 693 371 712 uon
383 692 477 712 oumes
498 684 641 711 damnandi
652 683 811 717 liberantur,
823 687 850 711 et
869 683 1016 710 absolvun-

225 737 279 763 tur,
294 731 340 758 sed
351 731 557 765 aliquidautum,
569 734 595 757 et
607 731 675 757 hanc
686 737 746 757 esse
763 729 888 757 Ecclesia:
903 734 1012 756 senten-

226 779 302 809 tiam,
315 776 449 804 neminetn
465 784 480 804 e
499 784 578 810 poena
595 775 760 811 eripi.—Uri
772 780 800 803 et
813 783 866 802 non
881 774 1013 807 comburi,

224 826 267 850 est
283 821 525 857 incorruptibiliter
538 821 687 855 corrumpi.
705 821 783 848 Titus
794 826 895 853 autem,
910 821 1016 855 episco-

225 875 275 904 pus
284 867 451 900 Bostrorunt,
465 873 556 895 contra
566 867 728 894 Manichzeos
737 866 869 898 scribens,
879 866 966 901 primo
981 865 1014 892 li-

226 914 274 942 bro
283 915 321 941 ait
331 923 339 941 :
348 914 484 945 Quomodo
497 914 628 947 corruptio
643 913 736 940 suimet
747 913 900 946 corruptio?
911 911 1017 946 Semper

225 964 295 990 enim
311 962 385 989 aliud
397 961 459 996 quid
474 961 628 994 corrumpit,
641 969 693 987 non
711 961 834 995 seipsum.
850 958 878 986 Si
901 959 1015 993 seipaum

226 1011 415 1041 corrumperet.
428 1006 588 1040 principium
602 1014 653 1032 non
669 1006 801 1032 habuisset
816 1012 825 1032 :
838 1009 1020 1035 corrumpetur

227 1054 296 1081 enim
307 1053 419 1085 seipsum
444 1059 624 1085 corrumpens.
653 1050 727 1079 Fieri
760 1050 829 1078 enim
855 1059 906 1077 non
934 1053 1018 1084 potest

227 1098 450 1130 incorruptibilem
475 1097 668 1130 corruptionem
698 1096 830 1123 communi
855 1103 931 1122 sensu
959 1103 1018 1128 per-

227 1146 279 1180 cipi
291 1144 434 1180 aliquando
447 1152 532 1179 pone.
555 1142 589 1170 Et
608 1143 711 1171 clarum
739 1147 780 1170 est
800 1142 871 1169 hunc
893 1145 1019 1168 sanctum

227 1192 315 1219 virum
334 1191 360 1218 in
379 1191 464 1217 altero
485 1197 566 1217 sensu
596 1189 697 1216 dixisse
729 1187 923 1224 impossibilem
960 1194 1019 1214 esse

231 1237 432 1271 corruptionem
465 1243 516 1263 non
549 1241 722 1270 corruptam,
739 1239 766 1262 et
791 1239 914 1262 sanctum
933 1233 1018 1261 Joan-

229 1290 290 1309 nent
319 1282 468 1309 secundum
498 1281 612 1308 alterum
629 1288 748 1308 sensum.
775 1280 825 1307 Hic
852 1280 959 1315 quidem
979 1280 1020 1306 in-

228 1327 430 1362 corruptibilem
457 1334 518 1354 esse
552 1326 754 1361 corruptionem
779 1326 864 1357 dixit,
890 1333 938 1360 pro
954 1332 1018 1360 per-

228 1378 308 1407 petuo
322 1372 465 1404 viventem,
487 1376 514 1398 et
540 1379 649 1406 semper
673 1371 866 1409 exsistantetn;
887 1370 931 1398 ille
956 1377 1020 1398 vero

231 1418 437 1452 corruptionem
454 1417 688 1456 incorruptibiletu
713 1424 766 1443 non
792 1423 864 1447 esse,
889 1415 940 1443 hoc
965 1419 1017 1448 est,

230 1471 283 1489 non
303 1470 383 1496 posse
411 1463 613 1497 corruptionem
642 1461 887 1496 impassihilitatem
902 1467 974 1493 esse,
990 1465 1018 1488 et

231 1508 479 1543 incorruptionem,
500 1513 527 1534 et
541 1507 722 1535 accidentium
752 1507 927 1534 servatricetn
953 1506 1018 1542 [im-

1062 274 1164 300 τούτων
1182 267 1382 306 μεταξῦ.-Ὣς
1395 267 1409 294 ὁ
1421 265 1583 302 παράδεισος
1602 265 1621 301 ή
1636 264 1693 292 ἄνω
1707 264 1782 290 ἐστὶν
1799 263 1852 290 ἰε-

1064 317 1215 355 ρουσαλὴμ,
1234 316 1280 343 καὶ
1294 316 1323 342 ἐν
1341 313 1380 348 τῷ
1396 312 1479 348 τρίτῳ
1491 311 1565 338 ἐστὶν
1576 309 1695 346 οὐρανῷ,
1708 309 1757 336 καὶ
1772 308 1809 336 τὰ
1822 309 1854 335 ὲν

1063 354 1137 401 αὐτῷ
1155 364 1220 397 ξύλα
1236 362 1318 398 νοερά
1333 361 1363 387 τέ
1382 361 1433 386 είσι
1448 358 1494 385 καὶ
1508 357 1616 384 σύνεσιν
1634 356 1725 391 έχουσι
1740 354 1789 382 καὶ
1807 354 1854 381 λό-

1063 420 1122 447 γον,
1138 411 1184 438 καὶ
1197 409 1234 440 ὼς
1245 409 1259 436 ὁ
1273 407 1414 442 ἄνθρωπος
1428 404 1496 440 μετὰ
1509 404 1559 438 τὴν
1573 402 1730 438 παράϐασιν
1744 400 1855 427 ἐκεῖθεν

1063 458 1111 485 ἐπὶ
1131 457 1180 491 τὴν
1199 456 1251 490 γῆν
1274 452 1439 488 κατηνέχθη.
1457 448 1525 478 Εἶτα
1541 449 1589 476 καὶ
1605 448 1636 475 τὸ
1652 447 1853 482 ἀντικείμενον,

1063 505 1105 532 ὅτι
1117 503 1302 539 ὁπαράδεισος
1315 500 1365 526 οὐκ
1379 499 1452 525 ἔστιν
1464 498 1493 524 ὲν
1502 495 1541 532 τῷ
1555 495 1640 530 τρίτῳ
1653 492 1770 529 οὐρανῷ,
1786 492 1838 519 άλλ
1847 492 1856 503 ‘

1064 551 1111 578 ἐπὶ
1137 550 1187 585 τῆς
1199 549 1272 584 Ιγῆς.
1283 561 1319 567 -—-
1332 545 1396 581 [472
1409 543 1520 580 Η.]Ὅτι
1535 541 1570 568 τὰ
1586 539 1777 576 ήτοιμασμένα
1795 539 1855 569 τοῖς

1064 594 1275 630 δικαίοις¹ἀγαθὰ
1283 592 1343 619 οὗτε
1357 590 1492 626 ὀφθαλμὸς
1504 587 1583 622 εἶδεν,
1594 586 1656 614 οὔτε
1666 585 1712 618 οὖς
1725 586 1854 621 ἠκουσεν,

1065 642 1127 670 οὔτε
1142 642 1188 669 ἐπὶ
1201 641 1317 677 καρδίαν
1331 637 1476 674 ἀνθρώπου
1491 635 1587 670 ἀνέϐη.
1605 633 1779 667 Ἡγήσιππος
1791 631 1856 666 μέν-

1064 698 1116 721 τοι,
1128 688 1241 722 ἀρχαῖός
1253 694 1283 712 τε
1299 685 1367 720 ἀνὴρ
1380 684 1425 710 καὶ
1437 681 1626 711 ἀποστολικδς,
1638 680 1667 707 ὲν
1681 678 1720 714 τῷ
1734 678 1856 722 πέμπτῳ

1064 733 1122 761 τῶν
1135 720 1424 767 ’λίπομνημάτωιοὺκ
1435 725 1483 754 οἷδ’
1495 727 1508 753 ὅ
1523 734 1550 752 τι
1561 725 1609 752 καὶ
1617 724 1638 740 “
1648 722 1754 753 παθὼν,
1766 720 1856 756 μάτην
1894 740 1897 741 ν

1068 779 1118 815 μὲν
1141 777 1267 814 εἰρῆσθαι
1283 775 1370 802 ταῦτα
1387 774 1478 808 λέγει,
1497 772 1544 799 καὶ
1559 768 1778 804 καταψεύδεσθαι
1794 767 1858 798 τοὶς

1067 814 1153 853 ταῦτα
1166 825 1315 859 φαμένους,
1330 821 1383 848 τῶν
1397 830 1425 847 τε
1442 820 1523 847 θείων
1536 817 1653 853 Γραφῶν
1667 816 1714 842 καὶ
1735 814 1784 841 τοῦ
1800 815 1857 840 Κυ-

1071 872 1129 908 ρίου
1151 870 1292 905 λέγοντος·
1317 867 1462 900 Μακάριοι
1488 866 1514 892 al
1539 862 1684 898 ὀφθαλμοὶ
1716 860 1801 896 ὑμῶν
1829 861 1858 887 ιηί

1067 907 1250 951 βλέποντες,
1272 914 1320 941 καὶ
1340 913 1376 940 τὰ
1395 910 1456 940 ὦτα
1474 911 1557 945 ὑμῶν
1572 910 1608 936 τὰ
1626 908 1786 940 ἀκούοντα,
1810 907 1858 934 xst

1069 961 1259 996 ἑξῆς.-”Οτι
1284 960 1308 986 οε
1333 959 1361 985 ὲν
1381 959 1414 992 τῇ
1435 956 1545 983 κολάσει
1569 954 1778 988 παραδιδόμενοι
1802 953 1859 978 τᾶν

1068 1006 1238 1043 ἁμαρτωλῶν
1264 1005 1440 1039 καθαίρονται
1461 1003 1511 1038 τῆς
1536 1001 1636 1032 κακίας
1659 1000 1688 1026 ὲν
1708 999 1794 1034 αὐτῇ,
1809 998 1859 1043 κεὶ

1070 1054 1138 1090 μετὰ
1163 1052 1212 1089 τὴν
1233 1051 1366 1086 κάθαρσιν
1381 1049 1544 1077 ἀπολύονται
1557 1047 1607 1082 τῆς
1621 1045 1768 1076 κολάσεως.
1790 1042 1858 1070 Εἶτα

1069 1101 1116 1127 καὶ
1132 1099 1214 1134 ,ὅτιη
1241 1098 1271 1125 οὐ
1299 1097 1400 1128 πάντες
1422 1096 1447 1122 οἱ
1469 1093 1666 1130 παραδοθέντες
1687 1092 1720 1126 τῇ
1746 1089 1858 1117 κολάσει

1069 1145 1244 1181 καθαίρονται
1271 1143 1319 1171 καὶ
1345 1141 1520 1170 ἀπολύονται,
1534 1139 1602 1166 ἀλλά
1624 1146 1711 1168 τινες·
1731 1136 1779 1163 καὶ
1803 1136 1858 1166 ὃτι,

1068 1192 1137 1227 ὅπερ
1160 1191 1234 1218 ἐστὶν
1257 1189 1357 1224 ἀληθὲς
1372 1188 1422 1222 τῆς
1440 1186 1602 1221 Ἑκκλησίας
1618 1184 1755 1219 φρόνημα,
1769 1181 1859 1213 οὐδεὶς

1069 1236 1216 1265 ἀπολύεται
1231 1236 1280 1270 τῆς
1294 1234 1471 1265 κολάσεως.-
1478 1232 1540 1258 Ὀτι
1557 1231 1587 1258 τὸ
1604 1229 1728 1256 καίεσθαι
1747 1227 1796 1255 καὶ
1819 1227 1860 1262 μὴ

1069 1281 1265 1310 κατακαίεσθαι
1301 1279 1405 1315 φθοράν
1428 1279 1500 1304 ἐστιν
1523 1272 1858 1315 ἀφθαρτοννφθείρεσθαι.

1069 1329 1147 1360 Τίτος
1160 1328 1188 1354 δὲ
1199 1328 1213 1353 ὁ
1225 1314 1373 1356 ἐπίσκοπος
1387 1324 1522 1359 Βόστρων,
1535 1321 1606 1349 κατὰ
1616 1314 1776 1355 Μανιχαίων
1785 1321 1859 1355 γρά-

1069 1383 1137 1409 φων,
1155 1374 1184 1399 ἐν
1197 1371 1236 1407 τῷ
1252 1370 1353 1406 πρώτῳ
1367 1369 1439 1404 λόγῳ
1465 1367 1531 1402 φησι
1541 1374 1549 1382 ·
1567 1365 1631 1398 Πῶς
1651 1365 1689 1392 ἂν
1699 1364 1746 1396 εἵη
1761 1365 1828 1398 φθοι
1838 1363 1860 1389 ὰ

1068 1419 1179 1453 ἑαυτῆς
1192 1419 1212 1453 ἡ
1236 1416 1346 1453 φθορά;
1362 1416 1483 1447 Πάντως
1497 1413 1554 1448 τὰρ
1568 1412 1671 1446 ἕτερόν
1690 1419 1718 1437 τι
1731 1410 1859 1444 φθείρει,

1068 1467 1125 1500 οὐχ
1147 1464 1269 1498 ἑαυτήν.
1292 1464 1326 1490 Et
1351 1461 1386 1488 δὲ
1408 1459 1522 1494 ἑαυτὴν
1543 1459 1689 1493 ἔφθειρεν,
1705 1455 1777 1484 οὐδὲ
1797 1455 1862 1500 τὴν

1069 1499 1168 1546 ἁρέὴν
1187 1509 1225 1537 ἂν
1235 1509 1353 1541 ὑπέστη
1363 1515 1369 1522 ·
1389 1505 1574 1541 φθαρήσεται
1588 1503 1642 1538 γὰρ
1653 1501 1766 1535 ἑαυτὴν
1776 1499 1862 1535 μᾶλ-

229 1553 459 1590 passibilitatent].
484 1554 536 1581 Sed
556 1562 617 1581 cutn
636 1558 749 1588 utraque
774 1552 908 1580 sententia
926 1554 961 1580 ita
989 1559 1016 1580 se

1070 1558 1127 1584 ,λον
1147 1555 1311 1590 φθείρουσα
1331 1552 1351 1587 ἢ
1375 1549 1468 1578 οὖσαν
1485 1549 1599 1584 φθορὰν
1621 1547 1677 1582 γὰρ
1705 1546 1862 1581 ἄφθαρτον

231 1602 340 1634 habeat,
357 1601 481 1629 Gobarns
497 1607 591 1629 auctor
610 1601 701 1636 operis
725 1599 892 1627 diﬂ'ereutcut
909 1603 1018 1625 senten-

230 1650 294 1675 tiam
311 1656 363 1675 non
380 1648 544 1682 intelligens,
570 1652 720 1683 pugnantes
737 1645 935 1682 quodannnntlo
950 1645 1020 1670 inter

230 1702 260 1721 se
274 1694 385 1722 tradidit
396 1695 594 1721 conclusiones.
609 1708 645 1713 --
661 1692 794 1720 Futurum
816 1691 945 1719 saeculum
971 1697 1019 1717 oc-

231 1746 322 1767 ιιινιιιιι
341 1745 384 1767 εει
404 1749 411 1767 ἒ
433 1746 460 1767 οι
486 1744 583 1767 contra
604 1747 656 1767 non
683 1744 818 1768 octavum,
846 1737 892 1763 88d
917 1743 1018 1763 nonum

233 1789 288 1813 est.
303 1799 336 1804 —
351 1784 501 1812 Salvator-is
527 1785 613 1812 nostri
630 1783 693 1811 Jesu
713 1782 814 1810 Christi
831 1780 932 1816 289a
957 1788 1020 1808 cor-

230 1838 281 1866 pus
297 1835 378 1857 tenue
395 1835 454 1857 erat
467 1833 527 1864 post
540 1828 780 1860 resurrectionem,
795 1831 821 1853 et
835 1828 913 1861 agile,
935 1825 1017 1853 caele-

230 1881 283 1908 ste,
304 1876 372 1908 leve,
388 1882 474 1909 neque
493 1875 621 1909 langihile
640 1883 647 1900 :
669 1878 695 1900 et
717 1874 777 1901 ideo
792 1873 902 1900 intravit
919 1870 1019 1899 clausis

227 1922 318 1957 januis
335 1922 359 1949 ιι.
380 1921 412 1948 Et
427 1922 555 1956 tangibile
571 1926 598 1947 et
621 1928 742 1946 crassum
770 1927 868 1953 corpus
881 1924 921 1945 est
947 1917 1019 1944 aliud

229 1976 245 1996 tt
261 1968 335 1996 tenui
351 1977 357 1994 :
373 1973 401 1995 et
417 1975 449 1995 eo
464 1968 536 2002 quod
553 1972 595 1994 est
609 1967 722 1993 diversa:
744 1965 837 1999 ﬁgura:
851 1969 879 1991 et
907 1964 1019 1990 diversae

231 2014 403 2041 substantiae.
428 2013 513 2048 Hujus
535 2013 702 2039 contrarium
734 2017 792 2037 est:
811 2009 951 2037 Dominum
972 2017 1019 2035 tto-

230 2059 425 2093 strum,.|esum
438 2059 573 2086 Christum
584 2063 644 2093 post
657 2058 895 2087 resurrectionem,
909 2062 956 2082 net:
969 2063 1019 2089 pu-

230 2114 303 2138 rum,
315 2113 365 2132 nec
375 2105 485 2136 subtile,
499 2112 548 2132 nec
559 2104 629 2139 agile
645 2111 743 2138 corpus
756 2102 899 2129 habuisse:
915 2101 1018 2135 magica

230 2159 296 2180 vero
322 2157 391 2183 arte,
421 2160 472 2178 non
499 2151 584 2186 ipsius
630 2150 752 2184 corporis
793 2153 900 2180 natura,
927 2147 1018 2181 ianuis

230 2197 331 2225 clausis
355 2197 480 2223 intrasse.
494 2210 529 2216 —
541 2195 665 2222 Christus
685 2201 737 2221 non
756 2193 879 2228 deposuit
905 2199 1015 2219 carnem

230 2247 294 2278 post
309 2243 550 2273 resurrectionem,
569 2241 615 2267 sed
645 2248 696 2266 una
707 2248 767 2266 cum
781 2246 862 2266 carne
879 2239 906 2265 in
921 2239 1015 2265 dextra
1031 2229 1054 2257 Ῑ)

231 2289 308 2316 sedet
321 2288 410 2315 Patris
429 2295 437 2321 ;
453 2292 480 2315 et
499 2295 515 2314 e
527 2286 675 2318 contrario,
695 2286 783 2313 veniet
795 2285 918 2320 judicare
941 2285 1016 2312 vivos

231 2339 258 2362 et
273 2340 403 2365 mortuos,
415 2341 467 2360 non
481 2340 591 2361 carnem
607 2332 725 2363 indutus,
754 2331 801 2358 sed
826 2330 946 2357 diviuutn
969 2331 1017 2357 ha-

231 2380 298 2408 bens
314 2387 422 2414 corpus.
440 2393 474 2399 —
492 2378 551 2406 Non
566 2379 656 2406 veniet
687 2378 816 2404 Dominus
847 2377 873 2404 in
899 2376 1016 2403 secundo

229 2425 417 2458 adventu,sed
447 2425 519 2452 nuda
543 2424 694 2452 divinitate.
714 2423 771 2451 Hoc
799 2431 864 2451 vero
893 2423 1016 2450 Gobarus

232 2476 317 2506 caput
340 2472 527 2505 constituens,
555 2475 583 2498 et
618 2471 772 2498 testimonia
801 2470 936 2497 adducens
962 2469 1016 2496 Titi

230 2517 350 2553 episcopi
373 2517 545 2549 Bostrorum,
561 2517 688 2550 milleque
703 2516 754 2543 alia
777 2515 881 2543 habens
895 2522 954 2549 quae
964 2515 1013 2541 ad-

228 2563 327 2591 ducere
337 2568 428 2598 posset
440 2563 605 2596 testimonia,
619 2562 758 2589 Dominum
774 2560 865 2588 Jesnm
876 2559 1013 2587 Christum

229 2610 255 2637 itt
271 2610 327 2637 sola
339 2610 481 2637 divinitate
494 2614 647 2641 venturum,
658 2608 749 2635 omnia
759 2607 859 2637 omisit.
876 2612 903 2633 et
913 2606 1012 2633 nullius

226 2655 361 2688 meminit,
391 2654 709 2690 ubique'prtesultantem
734 2659 810 2679 snam
835 2652 1011 2686 impietatem,

262 2713 276 2733 ⁶
288 2712 384 2740 Matth.
397 2721 459 2745 xttt,
480 2713 522 2739 16.
562 2711 575 2730 ¹³
591 2711 667 2739 Joan.
685 2719 730 2742 xx,
742 2710 786 2737 26.

1069 1601 1220 1629 ἀδύνατον
1236 1597 1313 1626 κατά
1328 1606 1362 1632 γε
1377 1596 1431 1630 τὰς
1446 1596 1549 1627 κοινὰς
1563 1593 1681 1625 ἐννοίας
1694 1590 1863 1623 ἐπινοηθῆ-

1069 1647 1119 1674 ναι
1129 1654 1210 1673 ποτε.
1225 1645 1279 1672 Καὶ
1296 1644 1373 1679 δῆλον
1388 1643 1430 1669 ὅτι
1440 1642 1454 1669 ό
1467 1641 1516 1677 μὲν
1530 1640 1552 1667 le
1558 1639 1602 1676 ρὺς
1617 1636 1694 1669 οὗτος
1706 1637 1774 1673 ἀνὴρ
1789 1637 1844 1663 καθ
1855 1637 1864 1647 "

1069 1692 1166 1726 ἑτέραν
1199 1690 1301 1716 ἔννοιαν
1326 1686 1403 1715 εἶπεν
1425 1686 1556 1713 ἀδύνατον
1586 1682 1654 1710 εἶναι
1678 1683 1727 1717 τὴν
1752 1680 1864 1717 φθορὰν

1069 1727 1219 1772 ἄφθαρτον,
1237 1737 1251 1762 ὁ
1266 1735 1295 1762 δὲ
1309 1734 1451 1764 θεσπέσιος
1470 1732 1598 1764 Ἰωάννης
1627 1729 1687 1756 καθ’
1706 1727 1822 1763 ἑτέραν·
1844 1726 1865 1752 ὁ

1071 1782 1120 1818 μὲν
1136 1782 1190 1816 γὰρ
1212 1780 1262 1816 τὴν
1278 1779 1380 1814 φθορὰν
1406 1777 1543 1812 ἄφθαρτον
1564 1773 1642 1802 εἶπεν
1662 1774 1724 1800 ἀντὶ
1743 1773 1790 1818 eo?
1816 1773 1864 1818 6-1-

1069 1816 1249 1858 αιωνίζουσαν
1263 1825 1310 1851 καὶ
1320 1824 1365 1850 διὰ
1380 1822 1480 1853 παντὸς
1493 1820 1650 1856 γινομένην,
1665 1818 1727 1854 [896
1743 1816 1789 1853 IL]
1801 1818 1816 1842 ὁ
1829 1816 1864 1842 δὲ

1068 1873 1118 1908 τὴν
1131 1870 1235 1906 φθορὰν
1247 1870 1386 1905 ἄφθαρτον
1401 1868 1438 1903 μὴ
1453 1865 1533 1899 εἶναι,
1549 1864 1674 1892 τουτέστι
1684 1863 1706 1879 ⁸⁸
1723 1862 1761 1898 μὴ
1775 1861 1864 1888 δύνα-

1069 1918 1131 1945 σθαι
1147 1917 1197 1953 τὴν
1216 1915 1319 1952 φθορὰν
1333 1914 1468 1941 ἀπάθειαν
1482 1910 1553 1939 εἶναι
1573 1910 1620 1937 καὶ
1639 1909 1792 1944 ἀφθαρσίαν
1809 1908 1864 1934 καὶ

1070 1963 1205 1999 σωστικὴν
1230 1963 1284 1989 τῶν
1309 1959 1495 1995 ὑποκειμένων
1504 1959 1536 1986 “.
1551 1955 1717 1987 ’Δλλ“οὖτως
1740 1954 1863 1989 ἐχούσης

1069 2010 1205 2046 ἑκατέρας
1219 2007 1348 2039 διανοίας,
1362 2008 1376 2033 ὀ
1396 2005 1487 2040 πατὴρ
1509 2004 1560 2039 τῆς
1583 2002 1724 2038 παρούσης
1735 2001 1862 2036 σπουδῆς

1068 2055 1199 2090 Γὸὃαρος,
1213 2053 1262 2088 τὴν
1271 2052 1399 2087 διάφορον
1410 2050 1513 2076 ἔννοιαν
1520 2049 1549 2075 οὐ
1558 2048 1672 2078 συνιεὶς,
1684 2047 1721 2077 ὡς
1733 2046 1859 2073 ἀντικε‹-

1070 2101 1153 2137 μένας
1161 2099 1290 2134 ἀλλήλαις
1300 2097 1442 2132 παρέθηκε
1452 2096 1502 2127 τὰς
1514 2093 1713 2137 φωνάς.-”Οτι
1724 2093 1738 2119 ὁ
1750 2092 1861 2137 μέλλων

1039 2150 1043 2155 '
1069 2135 1135 2174 αίὼν
1147 2144 1239 2179 ὄγδοός
1247 2145 1317 2170 ἐστι·
1332 2142 1380 2168 καὶ
1387 2142 1418 2167 τδ
1426 2139 1623 2174 ἀντικείμενον,
1637 2137 1675 2168 ὼς
1687 2136 1738 2162 οὐκ
1748 2135 1856 2170 δγδοος,

1068 2191 1125 2219 ἀλλ’
1142 2189 1346 2221 ἔνατος.-”Οτι
1359 2187 1389 2214 τὸ
1400 2186 1446 2213 τοῦ
1457 2185 1583 2219 Σωτῆρος
1596 2182 1674 2218 ἡμῶν
1686 2181 1774 2216 Ἰησοῦ
1786 2181 1858 2216 Χρι-

1069 2237 1133 2265 στοῦ
1157 2236 1237 2271 σῶμα
1253 2233 1420 2269 λεπτομερὲς
1436 2231 1504 2267 μετὰ
1519 2232 1569 2266 τὴν
1587 2229 1735 2256 ἀνάστασιν
1757 2227 1856 2262 γέγονε

1068 2284 1116 2311 καὶ
1131 2281 1312 2317 πνευματικὸν
1326 2279 1373 2306 καὶ
1386 2278 1509 2313 οὐράνιον
1525 2275 1573 2303 καὶ
1591 2274 1691 2308 κοῦφον
1713 2273 1762 2300 καὶ
1785 2273 1856 2307 μηδὲ

1069 2329 1222 2357 ὑποπίπτον
1236 2327 1302 2361 ἀφῇ,
1314 2325 1361 2351 καὶ
1374 2323 1417 2350 διὰ
1432 2322 1511 2349 τοῦτο
1529 2321 1577 2347 καὶ
1586 2320 1608 2336 ’⁸
1621 2320 1677 2347 τῶν
1693 2318 1783 2354 θυρῶν
1796 2319 1855 2344 εἰσ-

1068 2375 1134 2411 ῆλθε
1146 2371 1347 2407 κεκλεισμένων
1356 2378 1362 2385 ·
1379 2369 1426 2396 καὶ
1440 2369 1477 2399 ὡς
1491 2367 1523 2394 τὺ
1537 2365 1685 2411 ἁπτὸν.καὶ
1695 2363 1856 2411 παχυμερὲς

1065 2408 1146 2456 σῶμα
1160 2418 1253 2454 ἕτερόν
1265 2419 1323 2444 ἐστι
1340 2414 1415 2449 παρὰ
1437 2413 1467 2440 τὸ
1490 2409 1670 2445 λεπτομερὲς,
1686 2408 1734 2456 καὶ
1749 2408 1857 2435 ἀντίτυ-

1065 2454 1126 2500 πον,
1141 2466 1190 2492 καὶ
1202 2464 1295 2495 οὐσίας
1310 2461 1448 2496 διαφόρου.
1471 2458 1526 2486 Καὶ
1538 2457 1586 2484 τοῦ
1600 2455 1747 2492 εἰρημένου
1762 2454 1793 2481 τὸ
1808 2455 1858 2481 ἀν-

1068 2510 1282 2547 τικείμενον,ὅτι
1302 2509 1317 2534 ὁ
1338 2507 1437 2541 Κύριος
1451 2504 1530 2540 ἡμῶν
1547 2501 1650 2547 Ίησοθς
1672 2501 1718 2547 ei"
1738 2500 1857 2547 Χριστρς
1873 2519 1881 2525 .

1070 2544 1203 2594 μετὰντὴν
1217 2555 1363 2582 ἀνάστασιν
1380 2551 1441 2578 οὔτε
1456 2549 1594 2582 ἀνέπαφον
1607 2545 1669 2573 οὔτε
1686 2544 1856 2594 λεπτομερὲς

1066 2589 1128 2631 οὔτε
1142 2589 1325 2638 πνευματικὸν
1336 2596 1393 2632 εἶχε
1408 2596 1498 2631 σῶμα,
1507 2593 1577 2621 κατὰ
1592 2589 1816 2638 θαυματουργίαν
1827 2589 1854 2614 δὲ

1066 2651 1114 2677 καὶ
1128 2649 1157 2676 οὐ
1177 2635 1268 2683 τῇντοῦ
1284 2645 1408 2680 σώματος
1422 2642 1502 2677 φύσει
1515 2641 1569 2668 τῶν
1583 2638 1674 2674 θυρῶν
1688 2635 1797 2672 τίσῇλθε
1811 2641 1853 2659 κε-

863 2752 982 2781 VARle
1013 2747 1213 2779 LECTIONES.

278 2803 301 2820 ¹⁰
315 2803 365 2837 τῆς
377 2810 432 2831 0111.
445 2803 477 2830 Α.
515 2803 535 2819 ¹¹
552 2803 599 2830 καὶ
619 2810 674 2830 0111.
690 2803 721 2830 Β.
763 2802 784 2818 ¹¹
797 2800 855 2828 εἶτα
873 2801 918 2837 καὶ
935 2800 975 2825 ὅτι
994 2795 1143 2837 ᾼιιςκαίτοι
1159 2803 1189 2835 ς.

228 2840 289 2901 ἑστι
299 2832 481 2900 μὴέδξὲἓσίέαι
496 2838 546 2874 τὴν
562 2838 665 2873 φθορὰν
680 2839 817 2872 ἄφθαρτον
832 2838 869 2871 μὴ
885 2833 966 2861 εἶναι.
1006 2832 1027 2848 ’⁵
1042 2832 1228 2864 ὑποκειμένων

332 2873 347 2900 ὁ
361 2873 421 2900 add.
437 2873 470 2900 Α.

1228 2791 1249 2806 ’³
1265 2793 1327 2816 ante
1344 2787 1465 2815 τουτέστι
1482 2793 1542 2813 cum
1556 2784 1576 2811 Β
1590 2783 1668 2811 omisi
1684 2784 1740 2811 haec
1757 2791 1858 2810 ετουτ-

1168 2818 1228 2853 ἔνων
1243 2824 1388 2853 ἀπάθειαν.
1409 2821 1478 2848 Ἀλλ’
1496 2829 1526 2853 ς’.
1565 2820 1586 2835 ¹¹
1601 2820 1717 2846 xalantc
1733 2818 1790 2844 τῶν
1801 2827 1856 2844 om.
