1920 3092
215 107 282 140 1099

757 144 766 148 _
783 105 916 137 ΡΠΟΤῙΙ
931 106 1184 138 PATRIARCHE
1203 108 1257 140 ΠΡ.

1777 111 1848 144 1100

214 165 346 198 anima,et
353 164 489 200 corporeis
495 171 548 192 non
556 163 696 200 subjicitur
704 164 806 200 llguris.
815 165 957 192 ——Animae
964 165 1003 192 ho

1062 165 1110 192 καὶ
1123 166 1164 193 δτι
1184 166 1255 202 οὐχι.
1265 180 1301 187 -
1315 166 1375 194 ὀτι
1397 166 1510 203 σώματά
1532 169 1586 196 εισι
1597 168 1679 205 νοερὰ
1692 169 1721 196 αι
1734 169 1791 197 τῶν
1800 171 1851 197 ἀν-

215 210 319 239 ιιιῑηιιιιι
341 215 403 238 ante
415 210 505 237 mundi
520 210 739 237 constitutionem
755 209 875 241 fuerunt,
890 215 917 237 et
933 209 1009 237 coeli:

218 257 246 284 in
257 262 371 290 c0rpora
388 256 567 289 transierunt;
578 260 607 282 ut
618 254 706 282 Moses
718 259 746 282 et
755 255 901 291 prophetae.
916 253 1010 282 Socra-

216 307 267 336 tes,
278 302 363 334 Plato.
373 302 489 330 Joannes
507 301 638 336 Baptista.
653 301 888 336 spostolorumque
900 302 1007 333 anima,

216 354 243 375 et
256 349 313 383 ipsa
326 348 407 375 etiam
416 347 526 375 Christi.
540 346 573 374 Et
583 347 810 380 econtrario,non
821 351 884 374 ante
896 353 1007 381 corpora

217 393 245 420 in
263 393 333 420 coelo
347 396 426 420 erant
450 392 588 421 hominum
604 393 711 424 animae.
723 392 770 420 sed
780 392 806 420 in
818 393 938 428 corporis
945 396 1008 420 ortu

213 439 401 466 substiterunt.
425 439 496 466 Ante
506 438 670 473 fuitcorpus.
681 438 777 466 deinde
787 437 877 465 anima
889 446 896 465 :
908 437 948 466 vel
959 445 1009 474 po-

218 484 281 516 tius,
296 491 345 510 nec
356 483 432 519 prius
460 487 533 516 sunt,
548 491 598 511 nec
612 487 673 519 post
685 486 757 516 sunt,
773 483 821 511 sed
835 483 916 511 simul
940 482 1008 511 exsi-

218 533 305 556 stunt.
329 528 435 564 Corpus
449 529 544 556 Adami
563 528 626 556 fecit
641 528 710 556 Deus
729 535 746 556 e
770 532 841 556 terra
856 536 864 556 :
878 533 906 556 et
925 536 978 556 non
991 535 1008 556 ο

215 579 297 605 terra.
311 574 358 602 sed
371 582 404 601 ex
422 581 490 609 aqua
502 578 529 601 et
544 572 840 608 vento.—Spiraeulum
851 573 922 607 quod
936 572 1007 600 Deus

217 619 359 654 inspiravit
371 620 397 646 in
415 619 511 647 faciem
521 618 617 647 Adami
635 619 826 654 temporarium
839 619 898 651 iuit,
913 625 962 646 nec
977 623 1007 647 ut

211 670 329 692 aeternus
342 664 470 698 Spiritus;
483 669 510 691 et
528 672 580 692 non
594 664 786 699 temporarium
801 663 860 696 fuit,
888 664 934 691 sed
945 664 1005 690 ani-

213 718 273 738 mus
289 710 388 746 390a
402 709 611 737 immortalis.-—
626 709 828 742 Tentporarium
842 709 1004 744 spiraculum

217 764 270 784 non
290 757 348 788 fuit.
363 763 448 791 neque
464 755 564 787 anima,
579 756 626 783 sed
641 763 730 787 mens,
746 759 774 781 nt
787 763 802 782 e
816 755 902 782 tribus
918 754 1002 789 parti-

216 802 266 829 bus
295 801 377 831 homo
394 801 583 834 constituatur,
600 805 699 833 mente,
718 800 807 827 anima
835 804 864 827 et
881 807 1002 835 corpore.

213 847 247 875 Et
259 847 325 875 nihil
344 848 476 876 dictorum
503 847 554 874 fuit
570 846 729 881 inspiratunt
743 845 807 873 illud
829 846 1004 882 spiraculum,

212 893 259 920 sed
273 892 390 929 Spiritus
406 897 525 921 sanctus.
544 891 577 919 Et
597 898 651 918 non
668 885 886 932 ipsel'uitanima
901 898 1005 926 ,neque

215 949 292 970 mens
305 941 464 976 appellatus,
474 942 522 968 sed
537 947 634 968 creans
644 937 907 970 animam—Terra,
923 945 1004 972 aqua,

213 991 241 1013 et
266 986 367 1021 reliqua
395 986 530 1014 elementa
543 990 684 1014 mutantur
708 986 734 1013 in
756 984 868 1017 fructus.
885 990 912 1012 et
928 984 1005 1019 plan-

212 1037 265 1065 tas.
288 1037 316 1060 et
350 1032 427 1060 cibus
455 1032 481 1060 in
510 1039 623 1067 corpora
657 1035 685 1059 et
715 1037 823 1063 nervos.
850 1035 878 1057 et
903 1029 1005 1064 reliqua

212 1078 333 1105 membra
364 1077 497 1112 corporis.
534 1076 567 1105 Et
595 1084 611 1105 e
647 1075 786 1104 contrario
812 1083 820 1103 ς
849 1079 921 1103 terra
951 1081 1004 1102 non

211 1123 378 1151 convertitur
397 1123 423 1151 in
450 1123 567 1159 plantas.
592 1127 620 1151 et
642 1122 757 1154 fructus,
779 1128 828 1149 nec
847 1121 1004 1149 alimentum

211 1169 238 1195 in
248 1175 347 1204 corpus
359 1167 594 1196 nostrum—Post
604 1173 717 1195 mortem
731 1167 821 1194 anima
841 1174 928 1201 neque
941 1173 1002 1194 cor-

211 1222 271 1248 pus,
287 1220 373 1248 neque
397 1213 550 1248 sepulcrum
566 1213 682 1241 excedit.
696 1213 730 1240 Et
744 1219 759 1240 e
773 1212 911 1240 contrario
922 1231 930 1244 ,
951 1219 1003 1239 non

212 1263 303 1286 manet
316 1266 378 1286 cum
403 1265 516 1293 corpore
542 1258 645 1289 anima,
662 1265 750 1293 neque
763 1257 790 1285 in
806 1257 939 1292 sepulcro.
954 1256 1004 1285 Hic

211 1303 284 1329 mille
298 1301 458 1330 testimoniis
466 1301 606 1329 abundante
617 1301 750 1334 Gobares,
763 1301 901 1329 Severiani
916 1301 1002 1329 solum

211 1348 372 1375 Gabalornm
381 1347 551 1379 antistitis,et
560 1347 652 1375 irenrei
662 1347 915 1376 adhibuit.-—0mne
922 1355 1004 1383 gene-

213 1399 303 1421 ratum
333 1392 509 1428 corruptibile
536 1398 577 1420 est
601 1399 629 1420 et
655 1392 777 1426 mortale,
806 1392 942 1420 voluntate
958 1393 1002 1420 Dei

211 1444 302 1466 manet
319 1439 461 1466 insolubile
482 1443 509 1466 et
526 1438 740 1473 incorruptibile.
754 1438 787 1466 Et
811 1445 827 1466 e
848 1439 1000 1472 contrario,

1060 211 1178 247 θρώπων
1201 212 1296 248 ψυχαὶ,
1321 213 1370 240 καὶ
1378 213 1616 251 διατετυπωμὲναι
1628 215 1700 243 κατὰ
1712 215 1744 243 τδ
1752 216 1850 250 φαινό-

1061 265 1142 292 μενον
1166 257 1267 290 ῑεωθεν
1286 257 1335 286 τοῦ
1360 258 1487 294 σώματος
1512 261 1625 296 σχῆμαο
1654 261 1704 288 καὶ
1733 261 1766 288 ὲκ
1798 262 1848 289 τοῦ

1058 301 1258 338 ἀντικειμένου,
1276 303 1317 330 ὅτι
1327 302 1473 339 ἀσώματος
1482 305 1557 332 ἔστιν
1570 305 1587 341 ἡ
1600 305 1674 341 ψυχὴ
1691 306 1739 333 καὶ
1753 314 1850 342 σωμα-

1058 347 1145 379 τικοτς
1156 347 1206 383 οὐχ
1231 348 1375 375 ὑπόκειται
1400 348 1507 381 τύποις.
1517 364 1553 370 -
1565 350 1627 377 Ὀτι
1642 351 1670 378 αἱ
1680 350 1767 386 ψυχαὶ
1791 352 1847 387 πρὸ

1057 391 1108 426 τῆς
1137 391 1184 419 τοῦ
1208 391 1312 427 κόσμου
1342 393 1500 429 ὑπέστησαν
1511 394 1678 430 καταϐολῆς,
1693 396 1740 423 καὶ
1758 397 1801 424 δτι
1815 397 1849 424 ὲκ

1057 436 1113 463 τῶν
1128 437 1251 473 οὐρανῶν
1259 439 1299 470 εις
1305 439 1340 466 τὰ
1352 439 1468 475 σώματα
1477 440 1666 475 κατέϐησανη,
1678 441 1772 477 ὥσπερ
1785 442 1849 469 Μω-

1058 482 1108 518 σῆς
1134 483 1182 510 καὶ
1192 483 1219 510 ol
1233 484 1371 520 προφῆται
1381 485 1429 512 καὶ
1442 485 1592 521 Σωκράτης
1602 486 1649 513 καὶ
1667 487 1782 514 Πλάτων
1797 487 1848 515 καὶ

1056 529 1071 556 6
1087 529 1240 565 βαπτιστὴς
1269 529 1396 566 Ἰωάννης
1410 530 1457 557 καὶ
1471 530 1526 558 τῶν
1538 531 1697 558 ἀποστόλων
1711 532 1741 559 αι
1749 532 1846 568 ψυχαὶ,

1055 574 1124 602 ἀλλὰ
1137 575 1185 602 καὶ
1198 575 1267 611 αὐτή
1275 583 1309 610 γε
1318 576 1336 611 ἠ
1350 575 1397 603 τοῦ
1410 576 1525 611 Κυρίου.
1550 577 1607 604 Kal
1618 579 1651 605 ὲκ
1665 577 1713 604 τοῦ
1727 579 1847 606 dirum-

1057 619 1150 655 μένου,
1173 620 1215 647 ὅτι
1231 620 1285 656 πρὸ
1310 620 1366 648 τῶν
1381 622 1516 656 σωμάτων
1531 622 1582 649 οὐκ
1598 620 1669 658 ἦσαν
1682 623 1712 650 αἱ
1724 623 1810 659 ψυχαὶ
1817 625 1847 651 ἑν

1054 665 1174 701 οὐρανῷ,
1189 666 1248 693 ἀλλ’
1258 666 1289 693 ἐν
1301 667 1336 702 τῇ
1346 666 1394 694 τοῦ
1417 667 1545 703 σώματος
1559 668 1666 702 γενέσει
1677 669 1846 705 ὑπέστησαν,

1055 711 1228 746 προῦπάρχει
1246 711 1339 747 μέντοι
1349 719 1382 746 γε
1397 712 1421 728 ³⁸
1435 712 1465 739 τὸ
1476 712 1567 748 σῶμα,
1581 710 1641 740 εἷτα
1659 714 1676 749 ἠ
1691 713 1780 750 ψυχή·
1793 714 1812 750 ἢ
1822 714 1845 730 ³¹

1057 756 1169 791 μᾶλλον,
1177 757 1217 784 ὅτι
1224 756 1287 784 οὔτε
1302 757 1525 794 προῦπάρχουσιν
1533 758 1596 785 οὕτε
1611 759 1844 795 μιθυπάρχουσιν.

1056 801 1123 829 ἀλλὰ
1138 803 1357 839 συνυπάρχουσιν
1384 803 1524 840 ἀλλήλαις.
1534 819 1570 825 --
1589 804 1650 832 Ὅτι
1662 804 1693 831 τὸ
1704 804 1784 840 σῶμα
1794 805 1845 833 τοῦ

1062 847 1147 883 Ἀδὰμ
1155 849 1210 876 ἀπὸ
1226 849 1278 884 γῆς
1297 849 1415 877 ἔπλασεν
1425 850 1440 876 6
1451 850 1528 881 Θεόςο
1542 850 1590 878 καὶ
1599 851 1640 877 ὄτι
1650 851 1701 878 οὐκ
1712 849 1767 877 ἀπὸ
1779 850 1845 885 γῆς,

1054 892 1113 920 ἀλλ’
1128 892 1158 926 ἐξ
1189 893 1286 926 ὕδατος
1303 894 1352 922 καὶ
1371 895 1582 930 πνιύματος.-
1592 896 1655 923 Ὅτι
1671 897 1688 931 ὴ
1702 895 1782 931 πνοὴ,
1810 896 1847 932 ἢν

1055 938 1221 974 ἐνεφύσησεν
1230 940 1244 966 6
1255 939 1323 972 Θεδς
1331 940 1370 971 εις
1383 939 1414 967 τὸ
1424 940 1572 975 πρόσωπον
1585 940 1633 968 τοῦ
1646 941 1744 977 Ἀδὰμ,
1759 941 1847 977 πρόσο

1055 992 1149 1020 καιρος
1159 982 1194 1020 ἦν
1208 984 1255 1012 καίΙ
1278 985 1328 1020 οὐχ
1338 985 1376 1017 ὡς
1386 985 1418 1012 rb
1429 984 1542 1021 Πνεῦμα
1562 985 1672 1013 αἰώνιον
1686 993 1695 1001 ⁸
1725 986 1774 1014 καὶ
1802 987 1847 1014 δτι

1054 1030 1086 1057 οὗ
1100 1030 1269 1066 πρόσκαιρος
1279 1029 1326 1067 ἦν,
1342 1031 1412 1058 ἀλλὰ
1421 1032 1495 1068 ψυχὴ
1511 1032 1655 1064 ἀθάνατος.
1668 1047 1702 1054 -
1714 1033 1777 1060 ὀτι
1799 1033 1845 1067 οὔ,

1055 1075 1223 1111 πρόσκαιρος
1232 1073 1266 1111 ἦν
1278 1075 1339 1103 οὔτε
1359 1076 1444 1112 ψυχὴ,
1474 1077 1542 1104 ἀλλὰ
1572 1076 1646 1109 νοῦς.
1658 1077 1696 1110 ὡς
1711 1077 1744 1104 ἐκ
1757 1078 1847 1114 τριῶν

1055 1120 1215 1154 συγκεῖσθαι
1239 1120 1332 1156 μερῶν
1354 1122 1400 1148 τὸν
1423 1120 1578 1156 ἄνθρωπον.
1591 1121 1639 1149 νοῦ
1647 1130 1677 1149 τι
1690 1122 1738 1149 καὶ
1752 1122 1845 1158 ψυχῆς

1056 1164 1102 1191 καὶ
1123 1163 1269 1200 σώματος·
1298 1165 1345 1192 κα)⁵
1369 1166 1410 1194 ὅτι
1439 1166 1516 1193 οὐδὲν
1530 1166 1585 1193 τῶν
1606 1166 1762 1206 εἰρημένων
1775 1162 1811 1203 ἦν
1826 1169 1847 1203 ἡ

1054 1208 1244 1246 ιμφυσηθιῑσα
1268 1209 1347 1246 πνοὴ,
1373 1209 1442 1237 ἀλλὰ
1455 1210 1487 1237 τὺ
1498 1209 1609 1245 Πνεῦμα
1627 1211 1659 1237 τὸ
1681 1210 1770 1245 ἄτιον,
1797 1212 1847 1238 καὶ

1054 1253 1105 1280 οὐκ
1125 1253 1192 1280 αὐτὸ
1220 1252 1294 1289 ψυχὴ
1318 1253 1379 1280 οὐδὲ
1398 1252 1461 1285 νοῦς
1484 1254 1668 1289 χρηματισαν,
1683 1255 1752 1281 ἀλλὰ
1765 1255 1845 1291 δεδη-

1056 1298 1226 1334 μιουργηκδς
1247 1299 1297 1334 τὴν
1325 1298 1543 1334 ψυχήν.-”Ὀτι
1556 1300 1574 1335 ἡ
1586 1301 1622 1335 τῆ
1641 1301 1690 1327 καὶ
1711 1300 1743 1328 τὸ
1771 1301 1848 1338 ὕδωρ

1054 1344 1101 1371 καὶ
1115 1344 1151 1371 τὰ
1163 1343 1246 1371 λοιπὰ
1263 1345 1384 1380 στοιχεῖα
1410 1344 1573 1380 μεταϐάλλει
1597 1345 1637 1377 ei;
1646 1346 1709 1378 τοὺς
1719 1347 1848 1382 καρποὺς

1054 1389 1102 1416 καὶ
1113 1390 1146 1416 τὰ
1158 1389 1240 1424 φυτὰ,
1255 1389 1303 1416 καὶ
1319 1390 1336 1425 ἡ
1350 1390 1439 1426 τροφὴ
1466 1391 1507 1422 εις
1522 1391 1610 1425 σάρκα
1625 1391 1673 1418 καὶ
1694 1392 1780 1428 νεῦρα
1796 1393 1849 1421 καὶ

1053 1435 1088 1461 τὰ
1097 1434 1180 1462 λοιπὰ
1198 1435 1268 1470 μέρη
1279 1434 1326 1462 τοῦ
1338 1435 1465 1471 σώματος
1477 1444 1485 1452 ·
1501 1436 1550 1463 καὶ
1566 1437 1599 1464 ὲκ
1611 1436 1660 1464 τοῦ
1686 1438 1850 1474 animas-

213 1489 309 1511 natura
323 1489 478 1518 corruptum
494 1491 548 1511 non
566 1488 654 1519 potest
665 1484 868 1518 incorruptibile
879 1491 940 1511 esse
952 1491 1000 1511 vo-

1056 1489 1110 1511 νου,
1133 1481 1175 1508 ὅτι
1189 1481 1220 1508 οὐ
1238 1481 1400 1516 μεταϐάλλει
1417 1482 1434 1517 ἠ
1452 1482 1488 1517 γῆ
1502 1483 1542 1514 εις
1555 1483 1591 1510 τὰ
1600 1483 1622 1499 ³⁸
1634 1484 1707 1518 φυτὰ
1718 1485 1766 1512 καὶ
1780 1486 1850 1518 τοὺς

213 1529 316 1556 luntate
331 1528 389 1557 Dei.
404 1529 545 1556 Contraria
561 1529 633 1556 enim
649 1529 786 1556 docetbibi
802 1529 854 1556 hoc
865 1536 1001 1562 asserens,

211 1581 238 1604 ct
251 1575 494 1610 intpossibilitetem
519 1573 640 1602 Creatori
653 1574 783 1610 assignat.
799 1574 839 1602 Ad
860 1575 931 1602 hanc
946 1576 1005 1609 opi-

212 1621 320 1648 nionem
337 1619 548 1647 conﬂrtnandam
578 1620 759 1647 testimonium
781 1620 889 1647 adducit
907 1619 1003 1648 Justiui

213 1666 349 1702 Martyris,
362 1666 429 1693 libro
444 1672 498 1701 quo
513 1666 632 1700 gentium
647 1672 754 1693 errores
769 1664 879 1697 refutat,
898 1670 926 1693 et
939 1673 1004 1693 con-

214 1717 254 1740 tra
269 1712 390 1740 Platonis
410 1715 596 1746 argumentum
616 1711 730 1738 dicentis
747 1710 833 1739 :Cum
852 1711 917 1746 facti
930 1711 1001 1744 cuia,

216 1758 376 1785 immortales
392 1765 443 1784 non
472 1756 547 1788 estis,
563 1764 645 1791 neque
669 1756 775 1783 omnino
792 1755 1002 1788 indiuolubiles;

212 1811 294 1839 neque
307 1804 389 1838 igitur
402 1802 640 1834 diuolrcmim'mec
655 1801 802 1828 moriemini
821 1808 913 1834 morte,
930 1802 1002 1829 nacti

211 1851 303 1885 legem,
317 1857 374 1884 qua
387 1857 443 1876 mea
471 1847 606 1875 voluntate
625 1847 721 1882 fortior
741 1851 791 1874 ett.
805 1847 865 1882 ipse
893 1848 1001 1882 quidem

212 1895 313 1930 llartyr
329 1893 497 1921 Platonicum
515 1900 633 1928 arguens
648 1891 785 1926 sophisma
807 1892 925 1920 ostendit
940 1892 1002 1919 Pls-

212 1945 302 1967 tonem
317 1939 474 1967 Creatorem
494 1939 638 1969 inducere,
658 1937 736 1972 quasi
754 1942 848 1965 contra
865 1945 894 1965 se
914 1938 1000 1972 ipsum

213 1986 339 2020 loquatur
349 1990 376 2012 et
394 1984 494 2011 nullam
510 1983 731 2017 consequentiam
758 1982 839 2010 dictis
852 1983 998 2010 adhibeat:

212 2032 254 2059 vel
268 2031 340 2059 enim
357 2037 468 2058 necesse
479 2034 521 2058 est
546 2037 626 2057 omne
650 2033 806 2064 generatum
825 2028 1001 2063 corruptibile

212 2082 272 2103 esse
280 2075 426 2102 secundum
435 2074 553 2109 priorem
568 2073 764 2105 deﬁnitionem,
777 2071 817 2100 vel
833 2079 894 2099 eum
909 2072 1000 2100 dicen-

212 2121 247 2148 do
262 2127 342 2148 omne
354 2124 511 2156 generatum
519 2118 694 2154 corruptibile
706 2125 767 2145 esse
778 2118 895 2145 mentiri.
911 2117 999 2145 Goba-

1054 1527 1188 1562 καρποὺς,
1202 1527 1264 1554 οῦτε
1281 1528 1298 1563 ή
1313 1528 1401 1563 τροφὴ
1417 1529 1458 1560 εἰς
1472 1528 1502 1555 τὸ
1514 1529 1650 1565 ἡμέτερον
1678 1530 1769 1565 σῶμα.
1782 1531 1850 1559 Ὀτι

1055 1573 1126 1607 μετὰ
1152 1573 1266 1600 θάνατον
1281 1573 1382 1610 ἡψυχὴ
1408 1574 1471 1601 οὔτε
1493 1574 1542 1601 τοῦ
1567 1574 1694 1611 σώματος
1719 1576 1782 1604 οὔτε
1796 1577 1851 1604 τοῦ

1053 1620 1138 1655 τάφου
1165 1620 1330 1656 χωρίζεται·
1349 1621 1396 1648 καὶ
1413 1621 1444 1648 ἐκ
1456 1621 1504 1648 τοῦ
1529 1622 1730 1658 ἀντικειμένου,
1759 1624 1801 1651 ὅτι
1812 1625 1852 1651 οὐ

1053 1666 1207 1701 παραμένει
1219 1665 1258 1701 τῷ
1276 1665 1410 1702 σώματιή
1425 1666 1498 1703 ψυχὴ
1528 1667 1591 1694 οὔτε
1609 1669 1649 1703 τῷ
1670 1669 1761 1705 τάφῳ.
1783 1670 1853 1697 Ἑν·

1052 1712 1139 1739 ταῦοα
1152 1712 1180 1738 δὲ
1194 1712 1298 1748 μυρίων
1315 1711 1440 1748 εὐπορῶν
1451 1713 1465 1739 6
1475 1713 1594 1749 Γόϐαρος
1609 1714 1745 1749 χρήσεων,
1757 1715 1855 1752 Σεϐη-

1053 1756 1146 1793 ριανοῦ
1164 1756 1245 1791 μόνον
1257 1757 1304 1784 τοῦ
1318 1757 1448 1784 Γαϐάλων
1463 1757 1510 1784 καὶ
1540 1758 1687 1794 Εἰρηναῖου
1702 1759 1853 1795 παρέθηκε

1052 1802 1222 1838 χρήσεις,-
1246 1802 1307 1829 ὀτι
1335 1803 1390 1829 πᾶν
1421 1802 1534 1837 γενητὸν
1560 1802 1680 1839 φθαρτόν
1705 1804 1765 1831 ἔστι
1795 1805 1854 1831 καὶ

1052 1847 1159 1883 θνητὸν,
1171 1842 1299 1883 βουλῆσει
1312 1847 1341 1875 δὲ
1352 1847 1419 1874 Θεοῦ
1433 1848 1557 1883 διαμένει
1570 1848 1669 1876 ἄλυτον
1680 1849 1729 1877 καὶ
1736 1849 1853 1886 ἀφθαρ-

1051 1902 1107 1920 τον.
1136 1893 1192 1921 Καὶ
1207 1893 1239 1920 ἐκ
1253 1892 1300 1920 τοῦ
1321 1893 1455 1926 ἐναντίου,
1484 1894 1525 1921 ὅτι
1539 1894 1569 1921 τὸ
1582 1893 1663 1928 φύσει
1675 1894 1796 1930 φθαρτὸν
1811 1897 1851 1924 οὐ

1050 1937 1162 1965 δύναται
1199 1937 1340 1973 ἄφθαρτον
1360 1935 1431 1965 εἶναι
1457 1938 1582 1974 βουλήσει
1607 1938 1686 1965 Θεοῦ.
1717 1939 1854 1968 Ἐναντεσ.

1050 1983 1105 2019 γὰρ
1128 1983 1192 2020 [900
1211 1983 1258 2019 IL]
1284 1984 1390 2018 δοξάζει
1416 1984 1507 2020 ἐαυτῷ
1527 1985 1543 2011 6
1565 1984 1644 2012 τοῦτο
1667 1985 1766 2019 λέγων,
1796 1987 1852 2013 καὶ

1049 2027 1169 2055 ἀδύνατα
1196 2029 1338 2063 χαρίζεται
1353 2029 1393 2064 τῷ
1412 2029 1587 2064 Δημιουργῷ.
1613 2029 1723 2065 Ταύτης
1740 2030 1769 2056 δὲ
1793 2030 1851 2066 τῆς

1049 2073 1128 2108 δόξης
1144 2073 1242 2108 χρῆσιν
1261 2073 1311 2109 μὲν
1322 2073 1479 2109 παρέθηκεν
1494 2073 1558 2109 μῖῦ
1569 2073 1615 2110 IL]
1628 2075 1660 2102 ὲκ
1673 2075 1721 2102 τοῦ
1736 2074 1848 2111 μάρτυ-

1054 2127 1099 2154 ρος
1122 2119 1265 2146 Ἰουστίνου
1282 2127 1289 2135 ·
1310 2118 1350 2154 τῷ
1381 2119 1410 2145 δὲ
1436 2120 1505 2154 πρὸς
1532 2120 1582 2156 τὴν
1605 2120 1766 2156 Ἑλληνικὴν
1795 2120 1850 2156 μὶν

213 2169 268 2202 rus_
285 2153 384 2202 gentile
393 2170 588 2200 argumentum
601 2153 732 2192 evertens
749 2164 845 2191 nititur
859 2163 892 2190 ad
908 2162 1001 2191 Eccle-

1056 2153 1132 2197 δόξαν
1149 2164 1326 2200 συνενήνεκτο
1336 2153 1427 2200 μάχη,
1443 2153 1491 2192 καὶ
1506 2153 1716 2197 τοῦ-Πλάτωνος
1732 2153 1849 2201 έλεήκ

212 2212 260 2240 site
276 2212 430 2247 opinionem
448 2211 599 2239 traducere.

1056 2209 1273 2242 κατεσκευάζετο
1305 2209 1458 2244 εἰρηκότος,
1466 2210 1616 2244 ,Ἑπείπερ
1626 2211 1648 2226 ³⁸
1678 2211 1823 2246 ἐγένεσθε
1836 2230 1846 2244 .

213 2261 354 2289 ἀθάνατοι
378 2259 438 2295 μὲν
464 2260 520 2287 οὐκ
553 2259 624 2286 ἐστε
647 2257 719 2285 οὐδὲ
735 2256 842 2285 (Mutat
868 2256 1002 2292 πάμπαν,
1022 2257 1105 2284 οὗτοι
1118 2257 1142 2273 ³⁸
1155 2264 1189 2292 τε
1195 2255 1260 2291 μὴν
1270 2255 1446 2291 λυθήσεσθε
1456 2256 1529 2284 οὐδὲ
1540 2257 1683 2289 τεύξεσθε
1713 2258 1848 2286 θανάτου

213 2308 327 2341 μοίρης,
344 2305 400 2340 τῆς
415 2305 491 2341 ἐμῆς
502 2304 684 2338 βουλήσεως
700 2304 898 2339 ισχυροτέρου
926 2303 1043 2339 δεσμοῦ
1054 2303 1076 2319 ³⁸
1093 2304 1252 2338 λαχόντες.
1266 2302 1322 2329 Καὶ
1347 2303 1362 2329 6
1395 2302 1446 2338 μὲν
1477 2302 1591 2338 μάρτυς,
1618 2303 1648 2329 τὸ
1671 2303 1848 2331 Πλατωνικὸν

213 2354 356 2389 διελέγχων
373 2352 502 2388 σόφισμα,
515 2351 681 2379 ἐπιδείκνυσι
692 2351 737 2378 τδν
757 2351 888 2378 Πλάτωνα
907 2350 952 2377 τόν
969 2359 999 2377 τε
1019 2349 1190 2387 Δημιουργδν
1214 2348 1359 2383 εἰσάγοντα
1370 2348 1502 2375 τάναντία
1534 2348 1647 2383 λέγοντα
1678 2349 1780 2385 ἐαυτῷ,
1799 2349 1849 2376 καὶ

213 2399 308 2436 εἱρμὸν
315 2398 473 2430 ἀκολουθίας
484 2397 579 2425 οὐδένα
593 2398 649 2429 τοῖς
663 2396 820 2433 εἰρημένοις
832 2395 998 2433 ἁρμόζοντα·
1017 2397 1036 2432 ἢ
1053 2397 1107 2432 γὰρ
1124 2395 1234 2430 ἀνάγκη
1256 2395 1332 2421 πᾶσα
1342 2393 1373 2421 τδ
1387 2394 1501 2430 γενητὸν
1516 2393 1636 2428 φθαρτὸν
1668 2392 1741 2421 εἶναι
1773 2395 1848 2422 κατὰ.

216 2448 258 2475 τὸν
291 2446 423 2482 πρότερον
451 2446 524 2481 ὅρον,
549 2444 731 2481 ἢψεύδεσθαι
755 2444 869 2479 λέγοντα
898 2444 954 2471 πᾶν
985 2444 1017 2471 τὸ
1054 2443 1200 2479 γενόμενον
1228 2441 1348 2478 φθαρτὸν
1368 2438 1449 2469 εἶναι.
1464 2440 1495 2468 '0
1508 2441 1537 2468 δὲ
1547 2440 1666 2476 Γόϐαρος
1691 2440 1738 2468 τὸν
1752 2441 1850 2477 Ἕλλη.

213 2495 287 2522 νικδν
297 2494 407 2529 ἔλεγχον
423 2494 463 2526 εἰς
479 2494 636 2529 ἀνατροπὴν
647 2492 806 2524 ἐκϐιάζεται
818 2491 936 2528 χρῆσθαι
950 2491 998 2519 τοῦ
1018 2493 1195 2528 φρονήματος
1205 2490 1253 2517 τοῦ
1268 2488 1507 2525 ἑκκλησιαστικοῦ.

248 2539 311 2567 Haec
337 2539 418 2575 igitur
445 2539 536 2574 priora
553 2538 643 2574 capita
676 2537 782 2565 duobus
811 2542 839 2564 et
856 2537 1002 2565 contrariis

1090 2535 1131 2562 Τὰ
1145 2534 1235 2562 τοίνυν
1259 2533 1394 2570 ειρημὲνα
1410 2533 1547 2568 κεφάλαια
1573 2532 1682 2565 διπλαῖς
1704 2533 1753 2560 καὶ
1773 2534 1851 2562 ἀντι-

214 2585 385 2617 testimoniis,
406 2588 436 2612 ut
450 2584 565 2619 putavit,
590 2584 735 2616 adornans,
753 2584 787 2611 ad
799 2590 831 2610 ea
845 2589 905 2617 quae
921 2582 1002 2610 unius

1056 2581 1196 2617 κειμέναις
1210 2580 1352 2616 χρήσεσιν,
1377 2578 1415 2611 ὼς
1426 2577 1544 2614 ἐνόμιζε,
1555 2578 1781 2612 κατασκευάζων,
1801 2580 1851 2606 ἐπὶ

214 2631 299 2667 partis
314 2635 419 2658 tantum
434 2633 497 2657 sunt
506 2628 654 2657 descendit.
663 2629 695 2656 Et
709 2628 797 2664 primo
809 2627 917 2663 quidem
927 2627 1002 2661 dicit,

1056 2628 1091 2654 τὰ
1102 2625 1244 2662 μονομερῆ
1268 2624 1350 2653 πάλιν
1378 2623 1547 2660 μεταϐαίνει.
1577 2623 1632 2651 Καὶ
1656 2623 1766 2659 ’πρῶτον
1798 2625 1852 2660 μέν

860 2707 979 2736 νΑιιιλΕ
993 2706 1195 2736 LECTIONES.

251 2769 274 2785 "
286 2769 440 2804 μετέϐησαν
452 2778 483 2802 ς.
533 2769 556 2785 ³⁰
566 2777 598 2802 γε
612 2768 727 2804 οπιηΑι.
757 2767 777 2783 ³¹
787 2766 822 2804 ᾖ]
837 2752 885 2804 καὶ
895 2767 927 2797 Β.
965 2768 1042 2804 "uel;
1052 2767 1086 2794 τὰ
1101 2767 1146 2804 Δ]
1159 2767 1201 2804 εἰς
1217 2767 1308 2804 σάρκα
1316 2767 1364 2795 καὶ
1378 2766 1462 2802 νεῦρα
1476 2766 1523 2793 καὶ
1549 2765 1583 2792 τὰ
1603 2773 1634 2797 ς.
1685 2764 1708 2780 ³³
1718 2763 1852 2801 ἐπείπερ]

218 2801 347 2839 Titnzitip.
364 2801 534 2832 nostraiedit.
552 2801 625 2836 45,6.
662 2802 684 2819 “
700 2801 773 2829 οὗτοι
787 2801 821 2834 Β,
832 2801 891 2829 olm
906 2804 928 2829 Α
946 2811 954 2829 :
971 2802 1032 2830 οὔτε
1049 2811 1078 2834 ς.
1118 2803 1140 2818 ³⁸
1156 2801 1260 2837 θεσμοῦ
1273 2810 1304 2834 ς.
