1920 3092
56 151 117 184 Ηοι

575 148 838 180 BIBLIOTHECA.
859 161 893 167 —
905 148 988 180 COD.
1007 147 1176 179 CCXHII:

1599 148 1669 181 1102

53 215 138 242 φησιν,
161 204 232 240 ὅπερ
247 204 303 231 601‘.
315 204 365 239 τῆς
376 204 441 239 ὅλης
452 202 605 236 συντάξεως
617 204 642 239 η’
655 204 703 230 καὶ
713 204 735 230 λ’
742 204 828 239 κεφά-

883 203 954 238 quod
972 203 1054 231 totius
1071 200 1194 237 opusculi
1204 204 1335 236 caputest
1349 200 1516 229 tricesimum
1532 206 1670 231 octavum-

50 250 158 283 λαιονκ.
172 250 250 282 ὃπως
274 249 381 282 ὲδόξασε
393 250 458 285 περὶ
488 250 538 285 τῆς
553 249 599 277 τοῦ
620 249 725 285 Κυρίου
752 249 831 284 ἡμῶν

51 296 275 331 ἑνανθρωπήσεως
289 295 303 321 6
318 296 348 323 ὲν
357 296 447 330 ἁγίοις
463 296 621 328 Εὑστάθιος,
632 296 647 322 6
658 295 710 331 τῆς
728 295 831 323 Ἀντιο-

51 342 121 376 χείας
143 340 350 377 ἀρχιερωσύνης
365 342 560 377 προεδρεύσας,
576 341 678 377 ἑφεξῆς
692 342 721 369 δὲ
731 342 805 373 ὅπως
816 342 832 368 6

51 386 192 421 ἁγιώτατος
210 383 355 423 Κύριῗλος,
369 388 384 413 ὁ
397 387 446 422 τῆς
453 387 657 422 Ἀλεξανδρείας
672 387 828 423 ἀρχιερεύς·

50 433 91 459 καὶ
113 432 186 463 ὅπως
200 431 317 466 ἐνόησαν
331 433 354 459 οἱ
365 433 415 468 τῆς
432 432 595 467 Ἐκκλησίας
618 433 774 460 διδάσκαλοι
788 433 829 465 16,

50 477 112 511 Περὶ
127 477 160 504 δὲ
170 477 228 511 τῆς
243 477 355 511 ἡμέρας
367 477 485 511 ἐκείνης
497 478 546 504 καί
558 477 613 512 τῆς
625 471 704 512 ὥρῖις
731 478 831 511 οὐδεὶς

50 522 131 554 οἶδεν,
144 522 217 549 οὐδὲ
227 523 255 549 οι
266 523 398 557 ἄγγελοι,
409 522 480 550 οὐδὲ
488 524 505 549 ό
516 523 594 556 Υιὸς,
603 524 629 550 ει
638 523 681 558 μὴ
693 523 828 557 όΠατὴρ,

51 568 91 595 καὶ
103 568 174 600 ὅπως
191 567 272 594 τοῦτο
289 567 409 604 Σεὸῆρος
423 567 542 604 ινόησεν.

79 614 168 641 Ταῦτα
197 614 359 650 μονομερῦκ
370 615 481 642 διελθὼν
494 615 528 643 τὰ
545 615 681 650 κεφάλαια
698 617 830 652 μεταϐαί-

51 668 84 685 νει
97 659 176 686 πάλιν
189 660 239 686 ἐπὶ
257 660 306 695 τὴν
321 659 418 695 διπλῆν
432 661 602 696 προκομιδὴν
617 662 671 689 τῶν
690 663 827 698 χρήσεων,

51 704 91 731 καὶ
112 706 229 731 ποιεῖται
246 705 394 740 κεφάλαιον
406 705 429 742 β’
438 707 486 733 καὶ
503 706 530 741 μ’
546 707 588 733 ὅτι
599 708 614 734 6
626 707 728 743 Κύριος
750 708 829 743 ἡμῶν

56 749 172 784 Ἰησοῦςό
183 750 205 766 ’⁷
231 750 351 786 Χριστὸς
371 751 629 788 ἑγαλακτοτροφήθη
648 753 680 779 ἑκ
695 752 745 788 τῆς
763 753 829 780 650-

52 794 121 820 τόκου
133 795 255 830 Μαρίας,
268 796 316 822 καὶ
324 795 364 822 δτι
378 795 428 822 οὐκ
437 796 706 832 ὲγαλακτοτροφήθη.
715 813 749 819 -—
766 798 828 825 Ὀτι

52 838 85 871 16,
100 839 130 866 '0
143 839 178 878 (Σὲ
188 841 365 875 μικρότερος
377 839 412 867 ἐν
421 840 459 875 τῇ
466 841 610 875 ,ϐασιλείᾳ
621 841 681 869 τῶν
691 842 828 877 οὐρανῶν

882 247 1018 282 quomodo
1029 247 1062 275 de
1071 246 1176 274 Domini
1194 245 1380 273 incarnatione
1395 246 1491 273 beatus
1515 246 1672 275 Eustathius

880 293 1063 320 Autiochenus
1081 291 1215 319 antistites
1229 291 1360 324 docuerit,
1376 295 1404 319 et
1417 296 1445 319 ut
1469 292 1564 320 beatus
1574 292 1672 328 2906

881 337 999 373 Cyrillus
1016 337 1228 370 Alexandrinus,
1244 341 1271 365 et
1284 344 1336 372 qua
1357 337 1460 365 ratione
1469 337 1522 366 hoc
1547 338 1672 367 doctores

883 383 1011 411 Ecclesiae
1037 382 1221 410 intellexerint
1247 381 1307 409 :De
1320 381 1431 414 dieillo,
1447 382 1486 409 vel
1507 382 1575 409 Itora
1597 390 1672 410 nemo

880 428 938 461 scit,
948 436 1027 463 neque
1035 427 1130 463 angeli,
1139 435 1220 462 neque
1232 426 1389 462 Fib’us,fnisi
1396 426 1475 454 Pater
1483 425 1507 461 i;
1519 431 1547 456 et
1557 434 1672 462 quomo-

880 473 915 501 do
929 473 980 501 hoc
996 473 1111 501 Severus
1129 472 1301 501 intellexerit.

915 616 978 644 Haec
988 616 1078 652 capita
1096 616 1177 645 unius
1197 615 1331 652 opinionis
1345 623 1510 652 prosequens
1534 616 1674 647 descendit

880 662 976 689 iterum
992 661 1025 689 ad
1038 668 1068 689 ea
1084 668 1144 696 qua:
1163 661 1284 695 duplices
1311 661 1454 695 opiniones
1481 661 1629 695 continent,
1642 665 1674 688 et

880 710 961 741 caput
970 706 1120 734 constituit.
1127 706 1256 734 Dominus
1263 705 1438 734 nosterJesus
1445 705 1568 734 Christus
1576 705 1646 735 lacte
1656 713 1673 735 e

879 750 955 778 beata
970 751 1078 786 Virgine
1089 751 1206 779 nutritus
1214 755 1264 784 est,
1276 756 1304 779 et
1314 758 1366 778 non
1376 750 1445 779 lacte
1453 751 1570 779 nutritus
1583 755 1674 779 est..—

879 795 1005 823 Minimus
1018 797 1045 822 in
1067 804 1146 832 regno
1165 796 1287 824 caelorum
1306 795 1392 831 major
1410 801 1449 824 eu
1465 796 1567 824 Joanne
1580 796 1674 831 Bapti-

879 845 921 868 ua
940 840 965 873 k,
981 841 1014 868 de
1028 848 1058 868 se
1077 841 1134 875 ipso
1150 841 1217 868 dixit
1229 840 1371 874 Salvator;
1385 844 1413 868 et
1425 848 1477 868 non
1493 841 1526 868 de
1557 848 1586 868 se
1601 840 1672 876 ipso.

53 883 144 919 μείζων
155 885 244 912 ἐστιν
258 885 398 913 Ἰωάννου
411 886 465 913 τοῦ
480 887 664 920 βαπτιστοῦ,
680 888 744 922 περὶ
762 888 826 915 ἑαυ-

881 886 923 913 sed
947 886 980 913 de
996 885 1099 914 Joanne
1122 885 1464 921 evangelium—Dominus
1483 891 1576 914 noster
1593 885 1672 915 Jesus

53 929 92 955 τοῦ
119 927 193 956 εἶπεν
206 931 221 957 6
237 930 334 965 Σωτήρ
349 938 357 946 ⁸
380 931 428 958 καὶ
454 931 495 958 ὅτι
506 931 537 958 οὗ
553 932 619 967 περὶ
643 932 753 965 ἑαυτοῦ,
765 932 832 960 ἀλλὰ

54 974 108 1009 περὶ
126 975 249 1002 Ἰωάννου
279 975 326 1003 τοῦ
350 976 556 1011 εὐαπελιστοῦ.
573 993 608 998 —
622 978 685 1005 '01t
696 978 713 1005 6
730 978 833 1013 Κύριος

54 1019 121 1054 ἡμῶν
141 1019 244 1055 Ἰησοῦς
255 1020 396 1056 ὁΧριστὸς
409 1021 432 1048 λ’
446 1022 578 1050 ἐνιαυτῶν
589 1022 719 1059 ὑπάρχων
735 1024 832 1050 ἐσταυ-

56 1064 134 1100 ρώθη⁸
153 1066 199 1092 καὶ
213 1066 255 1093 ὅτι
274 1066 306 1093 οὐ
321 1067 354 1100 λ’,
368 1067 437 1095 ἀλλὰ
464 1071 490 1103 γ’
502 1069 551 1096 καὶ
565 1063 607 1095 λ’²
627 1070 675 1096 καὶ
697 1069 739 1096 ὅτι
757 1069 788 1096 οὐ
807 1065 832 1104 γ’

56 1109 133 1143 1066',
141 1110 208 1137 ἀλλὰ
222 1114 250 1146 μ’
259 1119 268 1128 ο
284 1111 332 1138 καὶ
343 1112 456 1140 611.061:
467 1113 530 1147 ⁸⁶λ’,
546 1113 614 1141 ἑτῶν
624 1113 687 1141 οὔτε
699 1117 726 1150 μ’
739 1115 830 1150 μόνον,

56 1155 112 1182 ἀλλὰ
127 1155 172 1183 καὶ
187 1156 282 1190 πλέον,
298 1157 328 1183 οὐ
341 1158 408 1184 πολὺ
428 1159 482 1186 τῶν
499 1162 520 1186 ν’
536 1159 708 1195 ἀφεστηκώς.
724 1175 757 1182 —
769 1160 832 1188 Ὅτι

57 1197 112 1234 ἒνῷ
125 1201 210 1237 καιρῷ
236 1202 381 1236 παρέδωκε
408 1204 465 1234 τοῖς
490 1203 626 1239 μαθηταῖς
644 1205 658 1231 6
673 1204 774 1241 Κύριος
801 1205 832 1232 16

58 1246 97 1281 τῆς
108 1247 196 1282 καινῆς
217 1247 352 1282 διαθήκης
368 1249 527 1284 μυστήριον,
551 1249 581 1276 16
607 1250 719 1285 νομικὸν
744 1250 830 1285 εφαγε

59 1293 146 1325 ﬂuxa.“
157 1294 200 1320 καὶ
209 1294 252 1320 ὅτι
261 1294 312 1320 οὐκ
320 1294 406 1328 ἔφαγε
416 1293 565 1328 τηνικαῦτα
571 1294 601 1321 16
607 1296 717 1330 νομικὸν
726 1296 829 1332 πάσχα.

60 1346 86 1353 -·-
98 1335 154 1362 Ὀτι
163 1337 177 1364 6
189 1337 310 1372 χαλκοῦς
331 1338 404 1372 δφις,
417 1337 448 1365 ὃν
462 1337 569 1373 ὕψωσεν
592 1339 622 1365 6v
647 1341 680 1375 τῇ
705 1341 754 1376 ὲρή
760 1349 802 1376 μῳ
816 1342 831 1368 ό

60 1379 156 1416 Μωσῆς,
177 1381 264 1414 τύπος
278 1380 313 1418 ἦν
327 1382 373 1409 τοῦ
385 1383 531 1410 Δεσπότου·
544 1384 591 1410 καὶ
606 1385 646 1411 ὅτι
659 1385 720 1420 οὐχὶ
733 1386 828 1420 τύπος,

60 1424 116 1452 ἀλλὰ
139 1427 294 1460 ἀντίτυπος.
307 1444 342 1450 -—
358 1429 419 1456 Ὅτι
436 1430 451 1456 6
467 1428 498 1456 16
515 1429 595 1457 ὠτίον
621 1430 758 1464 ἀπικόψας
781 1433 829 1459 τοῦ

62 1469 139 1498 δούλου
159 1472 204 1500 τοῦ
226 1474 380 1509 ἀρχιερέως
392 1474 493 1509 euge;
505 1472 540 1510 ἦν
552 1482 560 1490 ⁸
578 1475 625 1502 καὶ
639 1476 680 1503 ὅτι
691 1477 752 1512 οὐχὶ
768 1477 828 1504 Θω-

63 1516 106 1549 μᾶς
117 1515 157 1554 ἦν,
171 1519 239 1547 ἀλλὰ
261 1519 375 1555 Πέτρος.
386 1535 423 1543 -υ-
438 1521 499 1548 Ὀτι
507 1521 578 1549 κατὰ
602 1522 648 1549 τὸν
671 1523 765 1558 καιρὸν
780 1523 826 1550 τοῦ

62 1560 168 1598 πάθουςὴ
176 1564 274 1600 θιότης
289 1565 426 1601 ἐχωρίσθη
439 1565 486 1593 τοῦ
498 1566 624 1602 σώματος
636 1567 684 1595 τοῦ
697 1569 718 1595 Χ
723 1569 827 1604 ριστοῦ’

63 1605 114 1640 [6'16
124 1608 166 1644 [1.]
181 1610 228 1636 καὶ
241 1611 285 1637 ὃτι
298 1610 360 1637 οὒτε
375 1611 425 1646 τῆς
439 1610 529 1646 ψυχῆς
546 1610 608 1639 οὕτε
621 1612 668 1639 τοῦ
702 1612 829 1648 σώματος

63 1651 76 1684 ἠ
96 1651 178 1687 θεότης
196 1654 346 1690 ἐχωρίσθη.
358 1669 394 1675 -
410 1654 473 1681 ’Ὅτι
495 1654 593 1690 λύτρον
618 1655 679 1683 ἀντὶ
697 1655 745 1683 τοῦ
761 1664 828 1683 κατ-

64 1697 172 1730 εχομένου
194 1699 341 1735 ἀνθρώπου
372 1699 412 1735 τῷ
435 1699 526 1736 ἰχθρῷ
541 1700 571 1726 16
585 1701 685 1728 οίκείον
702 1701 717 1728 6
733 1701 829 1737 Σωτὴρ

64 1739 145 1770 ιδωκεν
159 1741 236 1779 αἷμα,
250 1744 302 1772 τοῦ
311 1745 409 1781 ιχθροῠ
422 1745 501 1773 τοῦτο
514 1746 703 1782 αίρησαμένου
715 1756 722 1763 ·
737 1747 784 1774 καὶ
798 1747 829 1774 16

65 1785 237 1824 ἀντιηίμινον,
257 1789 298 1822 ὥς
321 1790 382 1825 οὐχὶ
407 1789 447 1826 τῷ
460 1790 562 1826 ἐχθρῷ,
576 1791 644 1818 ἀλλὰ
656 1791 695 1826 τῷ
705 1791 766 1827 Θιῷ
781 1792 830 1819 καὶ

66 1830 136 1867 Πατρὶ
157 1836 329 1871 προσήνεγκε
355 1836 444 1863 τοῦτο.
467 1850 502 1856 --
526 1836 588 1863 Ὀτι
622 1837 749 1872 κρεῖσσον
783 1837 831 1864 καὶ

841 1549 864 1580 C

882 929 1006 958 Christus
1021 930 1157 958 tricesimo
1175 931 1262 958 aetatis
1274 938 1343 958 anno
1358 931 1502 959 crucifixus
1512 935 1564 964 est,
1578 935 1606 958 et
1617 937 1672 958 non

882 973 1029 1007 tricesimo,
1037 975 1083 1002 sed
1091 975 1228 1003 tricesimo
1239 975 1328 1002 tertio.
1346 976 1378 1003 Et
1395 983 1449 1008 non
1465 975 1601 1003 tricesimo
1622 980 1673 1003 ter.

883 1019 930 1054 tio,
946 1021 994 1049 sed
1006 1020 1227 1056 quadragesimo;
1247 1025 1274 1048 et
1291 1028 1341 1048 nec
1355 1021 1492 1049 tricesimo
1506 1021 1585 1049 tertio
1596 1040 1605 1054 ,
1621 1027 1672 1048 nec
1727 1015 1730 1017 λ

881 1069 961 1096 etiam
979 1067 1066 1096 solum
1081 1067 1297 1102 quadragesimo,
1312 1067 1359 1094 sed
1374 1066 1500 1102 amplius,
1520 1074 1573 1094 non
1600 1066 1672 1094 ntul-

882 1119 937 1141 tum
949 1121 964 1140 a
972 1113 1195 1148 quinquagesimo
1203 1112 1393 1140 distans.—Eo
1401 1117 1522 1147 tempore
1529 1120 1583 1147 quo
1592 1112 1672 1140 Jesus

880 1159 1005 1186 Christus
1021 1158 1131 1186 tradidit
1152 1158 1289 1192 discipulis
1308 1158 1369 1186 novi
1389 1157 1553 1186 Testamenti
1569 1162 1671 1193 myste-

881 1205 962 1238 rium,
976 1204 1074 1240 pascha
1084 1204 1231 1231 secundum
1247 1203 1333 1238 legem
1348 1203 1475 1236 comedit.
1485 1207 1512 1231 et
1524 1203 1595 1238 quod
1607 1208 1672 1230 tunc

880 1257 934 1276 non
949 1249 1096 1277 comederit
1109 1248 1210 1284 pascha
1224 1247 1458 1283 legale—[Enen
1468 1255 1580 1282 serpens
1591 1255 1673 1282 quem

880 1294 970 1322 Moses
991 1294 1017 1321 in
1032 1301 1124 1321 eremo
1135 1294 1231 1325 erexit.
1246 1298 1324 1328 typus
1339 1292 1508 1326 iuitCht-isti,
1523 1298 1551 1320 et
1566 1301 1618 1321 non
1630 1296 1674 1328 ty-

879 1347 939 1374 pus,
954 1339 1001 1367 sed
1011 1338 1257 1374 antitypus.—Fnit
1273 1338 1401 1371 Thomas,
1412 1339 1457 1373 qui
1474 1345 1554 1366 servo
1575 1337 1674 1366 summi

879 1383 1181 1412 sacerdotisauriculam
1193 1383 1356 1419 amputavit;
1369 1389 1457 1410 etnon
1477 1383 1528 1411 fult
1541 1383 1673 1416 Thomas.

879 1430 925 1456 sed
933 1428 1210 1464 Petrus.—Tempore
1218 1428 1350 1463 passionis
1359 1428 1446 1456 deitas
1454 1436 1469 1456 e
1477 1436 1589 1463 corpore
1598 1429 1674 1457 Chri-

879 1474 912 1501 sti
921 1474 1054 1506 discessit,
1062 1478 1149 1501 etnon
1159 1473 1282 1502 discessit
1290 1474 1325 1501 ab
1333 1474 1421 1501 anima
1432 1481 1504 1502 neca
1515 1481 1676 1509 corpore.—

879 1518 1003 1546 Salvator
1022 1518 1121 1553 lytrum
1138 1525 1188 1553 pro
1203 1518 1321 1545 humano
1348 1525 1448 1553 genere
1467 1519 1673 1554 comprehenso,

880 1565 1016 1600 proprium
1033 1564 1142 1591 inimico
1150 1563 1308 1599 sanguinem
1318 1563 1402 1597 dedit,
1414 1563 1525 1592 inimico
1539 1565 1610 1591 hunc
1624 1564 1675 1592 eli-

880 1614 970 1645 gente.
981 1608 1190 1640 Etecontrario,
1200 1616 1253 1636 non
1270 1608 1389 1642 inimico,
1398 1608 1445 1637 sed
1457 1609 1511 1636 Deo
1521 1609 1594 1636 Patri
1603 1610 1676 1637 hunc

881 1656 987 1684 obtulit.
998 1652 1190 1683 —Gloriosius
1197 1659 1224 1683 et
1232 1653 1418 1682 admirabilius
1437 1654 1561 1682 Christus
1584 1661 1677 1682 resur—

881 1702 952 1730 rexit
969 1709 1051 1737 quam
1065 1701 1092 1729 in
1106 1706 1197 1729 monte
1215 1700 1421 1735 transﬁguratus
1431 1704 1481 1727 est.
1490 1699 1523 1727 Et
1533 1707 1676 1734 resurgens

881 1755 935 1776 non
953 1748 1067 1775 mutavit
1086 1755 1186 1782 corpus
1200 1749 1227 1774 in
1237 1746 1348 1781 gloriam
1360 1745 1410 1773 sibi
1424 1744 1550 1778 debitam,
1563 1745 1610 1773 sed
1623 1744 1678 1772 tale

882 1792 1124 1827 monstravitquale
1129 1797 1188 1820 erat
1194 1797 1257 1819 ante
1262 1795 1388 1818 mortem.
1400 1790 1433 1818 Et
1441 1790 1604 1825 hoc‘quidem
1611 1790 1678 1818 dicit

885 1837 1016 1873 Cyrillus,
1033 1837 1080 1864 sed
1095 1836 1261 1865 contrarium
1273 1835 1415 1871 Dionysius
1441 1834 1648 1862 Alexandrinus.

67 1876 266 1916 θαυμασιώτερον
289 1881 338 1916 τῆς
349 1882 378 1908 6v
388 1880 428 1916 τῷ
439 1881 497 1918 δρει
526 1889 561 1916 με
582 1881 788 1917 ταμορφώσεως
812 1883 1076 1919 ἀνέστηὸΧριστός·
1096 1883 1143 1910 καὶ
1174 1883 1215 1909 ὅτι
1248 1882 1278 1908 οὺ
1300 1880 1539 1916 μετεποιχείωσεν
1555 1879 1678 1907 ἀναστὰς

67 1923 169 1961 ’τὺ-σῶμα.
191 1928 260 1963 πρὸς
289 1927 369 1960 δόξαν
389 1928 440 1964 τὴν
464 1928 539 1964 αὐτῷ
565 1929 824 1964 κεχρεωστημένην.
842 1930 912 1957 ἀλλὰ
936 1930 1057 1957 τοιοῦτον
1074 1929 1174 1962 ἔδειξεν
1194 1925 1249 1955 οἷον
1263 1926 1299 1963 ἦν
1313 1928 1361 1955 καὶ
1385 1927 1439 1963 πρδ
1471 1926 1519 1954 106
1549 1927 1676 1956 θανάτου.

68 1968 111 1996 Καὶ
127 1965 198 2000 τοῦτο
221 1973 273 2009 μιν
299 1973 373 2009 λέγει
397 1974 543 2010 Κύριλλος,
559 1975 590 2001 16
615 1975 644 2001 66
670 1975 833 2002 ἀντίθετονὸ
859 1964 1061 2012 Ἀλεξανδρείίις
1070 1976 1217 2007 Διονύσιος.

93 2014 201 2054 [9013.]
216 2020 279 2046 Ὀτι
297 2019 326 2045 6v
339 2021 372 2054 τῇ
389 2019 528 2057 δωδεκάτῃ
555 2019 603 2047 τοῦ
626 2020 736 2054 πρώτου
751 2020 829 2055 μηνὸς

921 2021 1085 2048 Duodecimo
1096 2019 1175 2055 primi
1188 2018 1288 2047 mensis
1300 2017 1438 2045 Christum
1450 2016 1532 2045 Maria
1548 2017 1574 2045 in
1596 2017 1678 2045 domo

70 2060 144 2097 ἠλειψι
152 2063 195 2090 16v
209 2065 312 2101 Κύριον
321 2064 439 2100 ἡΜαρία
447 2064 469 2081 ³⁹
486 2064 565 2100 μύρῳ
578 2065 607 2092 ὲν
623 2065 698 2099 οἰκίᾳ
712 2065 829 2099 Σίμωνος

887 2066 1006 2094 Simonis
1030 2065 1128 2100 leprosi
1153 2069 1291 2100 unguento
1311 2063 1406 2095 unxit,
1429 2067 1456 2092 et.
1473 2062 1578 2090 decimo
1595 2062 1678 2090 tertio

70 2105 106 2132 τοῦ
128 2107 232 2144 λεπροῦ,
258 2110 290 2136 6v
318 2109 346 2136 δὲ
373 2109 406 2145 τῇ
437 2111 471 2143 ιγ’
493 2109 524 2136 16
551 2109 683 2144 μυστικὸν
701 2109 829 2136 δεῖπνονέ

887 2111 1017 2139 Christus
1044 2118 1149 2138 sacram
1168 2117 1273 2138 caenam
1294 2107 1432 2143 discipulis
1456 2107 1539 2135 dedit.
1566 2107 1678 2134 Decimo

70 2150 152 2186 Κύριος
177 2155 345 2190 παραδίδωσι
372 2155 429 2186 τοῖς
452 2154 599 2190 μαθηταῖς,
613 2155 643 2181 ὲν
671 2154 699 2181 66
719 2156 752 2190 τῇ
765 2154 794 2181 ιδ’
807 2154 829 2181 τί

887 2161 984 2193 quarto
998 2157 1144 2185 salutarem
1165 2155 1317 2190 passionem
1338 2153 1431 2181 subiit.
1451 2153 1561 2180 Decimo
1575 2152 1673 2186 quinto

72 2198 181 2233 σωτήριον
210 2200 317 2235 ὑπέστη
334 2200 431 2232 πάθος,
456 2200 485 2226 6v
501 2199 530 2226 66
555 2200 588 2234 τῇ
616 2198 647 2226 ts'
673 2199 706 2226 ὲκ
731 2199 829 2234 νεκρῶη

889 2203 1038 2231 resurrexit
1062 2209 1078 2229 a
1097 2201 1221 2233 mortuis,
1246 2205 1273 2228 et
1296 2200 1401 2227 decimo
1428 2203 1505 2226 sexto
1524 2201 1678 2232 assumptus

71 2240 151 2278 ἀνίστη
160 2245 215 2276 ,καὶ
226 2247 260 2282 τῇ
272 2248 315 2282 ιςί
321 2245 345 2261 ⁸⁸
358 2243 508 2280 ἁνιλήφθψ
520 2243 537 2280 ἢ
553 2245 602 2280 οὺχ
614 2244 711 2277 οὕτως,
725 2244 794 2272 ἀλλὰ
808 2246 829 2279 11

895 2252 946 2276 est.
959 2247 1007 2274 Vel
1023 2254 1075 2274 non
1096 2245 1196 2281 ποια
1212 2246 1246 2272 ita
1261 2253 1268 2272 :
1283 2245 1330 2272 sed
1347 2243 1453 2272 decimo
1463 2246 1560 2277 quarto
1572 2248 1678 2269 sacram

73 2286 110 2319 μιν
122 2288 148 2315 ιδ’
162 2290 191 2316 16
203 2277 334 2325 μυοπιοῶν
356 2277 629 2325 ἔφαγέ-δείπνονξτῇ
646 2290 675 2316 66
689 2292 719 2316 ιε’
734 2277 829 2316 ἐσταυέ

887 2301 992 2322 coenam
1010 2277 1198 2322 mandavit,
1222 2290 1327 2317 decimo
1344 2289 1439 2324 quinto
1460 2287 1607 2315 cruciﬁxus
1621 2291 1677 2318 est.

74 2331 140 2368 μίνθη.
166 2335 260 2371 ἀνέστη
275 2335 303 2362 66
313 2337 348 2371 τῇ
364 2338 401 2369 ις’
411 2335 450 2352 δ’·
468 2335 485 2370 ἢ
511 2335 553 2362 δτι
580 2335 642 2362 οὐδὲ
665 2334 754 2367 τοῦτο,
775 2334 829 2361 ἁλλ¹

889 2339 996 2367 decimo
1020 2342 1097 2365 sexto
1117 2336 1275 2364 resurrexit.
1290 2335 1338 2362 Vel
1352 2340 1438 2366 neque
1464 2333 1527 2364 hoc,
1543 2332 1591 2360 sed
1617 2337 1680 2368 post

73 2375 102 2402 ὅτι
122 2381 262 2417 τριήμερος
294 2382 344 2416 μὲν
367 2381 414 2407 καὶ
427 2381 457 2408 ἐν
478 2382 511 2416 τῇ
541 2381 668 2416 κυριακῇ
693 2379 829 2415 γέγονενή

883 2385 1021 2415 triduum.
1038 2387 1066 2410 et
1081 2383 1107 2409 in
1130 2382 1269 2409 Dominica
1289 2380 1360 2408 facta
1381 2383 1422 2407 est
1446 2377 1622 2410 resurrectio,
1651 2381 1680 2405 et

74 2421 109 2448 τοῦ
130 2424 222 2461 Κυρίου
249 2427 407 2459 ἀνάστασις,
433 2426 480 2453 καὶ.
508 2426 578 2461 μετὰ
601 2429 628 2460 μ’
656 2425 765 2461 ἡμέρας
788 2426 829 2452 ἀν-

885 2435 947 2466 post
964 2429 1143 2465 quadraginta
1156 2427 1215 2455 dies
1227 2431 1381 2461 assumptus
1392 2430 1447 2453 est.

75 2467 168 2506 ελὴφθη-

103 2515 154 2543 Ὀτι
170 2517 222 2545 ἀπὸ
249 2519 301 2554 τῆς
327 2519 446 2554 ἑσπέρας
467 2518 519 2553 τῆς
543 2517 575 2550 ι’,
591 2517 635 2544 ὅτε
660 2517 691 2543 16
706 2517 829 2552 μυστικδη

926 2519 949 2546 Α
961 2523 1074 2552 vespera
1087 2516 1182 2551 quinta
1194 2521 1255 2542 cum
1273 2513 1404 2541 Dominus
1418 2519 1525 2540 cmnam
1539 2510 1679 2547 discipulis

76 2558 161 2590 δεῖπνον
171 2564 184 2590 6
197 2564 300 2599 Κύριος
315 2564 461 2600 παρεδίδου
487 2564 545 2595 τοῖς
564 2563 709 2598 μαθηταῖς,
726 2562 788 2590 τότε
806 2562 829 2589 τί

890 2562 975 2595 dedit,
990 2566 1055 2589 tunc
1074 2566 1174 2594 corpus
1183 2565 1262 2587 suum
1273 2557 1447 2586 sacriﬁcavit.

78 2604 139 2640 σῶμα
153 2608 228 2637 αὑτοῦ
244 2610 366 2638 ὶτίθυτο.

103 2689 109 2709 1
124 2684 195 2715 llarc.
209 2696 268 2722 xm,
287 2689 333 2717 32.
374 2688 388 2708 ι
401 2686 468 2715 Luc.
482 2694 531 2720 vn,
543 2685 588 2714 28.

696 2749 813 2777 VARle
832 2746 1036 2777 LECTIONES.

117 2799 135 2814 ³⁴
145 2802 268 2837 insedimus
280 2813 310 2837 ς.
363 2803 384 2819 ³⁷
404 2802 419 2829 6
432 2805 460 2829 et
483 2800 514 2837 τὲ
530 2804 564 2837 et
589 2799 704 2837 alterum
718 2798 733 2823 6
741 2797 816 2837 jdd.
831 2796 862 2823 A.
917 2795 939 2812 "
957 2793 1020 2821 οὔτε
1037 2795 1057 2821 Β
1073 2793 1125 2824 :06
1139 2801 1170 2825 ς.
1217 2793 1240 2810 ⁸³
1250 2791 1287 2822 cf.
1297 2790 1403 2820 Suicer.
1418 2790 1514 2819 Thesl.
1530 2796 1551 2823 t,
1567 2795 1593 2824 ιδ.
1606 2787 1669 2816 386.

117 2811 173 2827 "1E
193 2811 268 2830 αΑαια
280 2813 310 2837 ς.
363 2811 382 2819 ·”
404 2811 419 2829 ο
432 2811 460 2829 et
483 2811 514 2827 το
537 2811 564 2827 et
589 2811 704 2826 alterum
718 2811 733 2823 υ
753 2811 771 2824 ιιι

83 2829 100 2846 “
112 2834 151 2870 ιε’]
161 2811 350 2874 εὲακαιδεκάτῃ
359 2837 389 2866 Β.
427 2837 448 2853 ⁸¹
466 2834 516 2871 ις’]
527 2834 724 2868 ἐξακαιδεκάτῃ
740 2832 771 2859 Β.
