1920 3092
219 169 289 202 1103

806 167 935 200 ΡΗΟΤῙΙ
945 167 1210 200 ΡΑΤΒΙΑΒΟΗᾸΞ
1225 168 1279 202 CP.

1778 169 1847 203 1104

253 226 392 254 Hactenus
414 224 522 261 quidem
542 224 575 252 de
594 223 785 253 communibus
801 224 933 253 doctrinis
954 225 1006 252 Ec-

1094 225 1183 260 Μέχρι
1201 225 1252 261 μὲν
1263 222 1311 252 οὖν
1330 224 1432 252 τούτων
1461 225 1526 260 περὶ
1539 224 1593 252 τῶν
1603 225 1702 253 κοινῶν
1714 226 1765 262 τῆς
1786 228 1847 255 Ἐκ-

217 272 310 300 clesia
335 274 363 299 et
378 270 572 305 quaestionibus
585 277 634 305 per
658 270 749 298 omnia
768 269 825 298 iere
843 271 932 305 capita
952 270 1008 299 dis-

219 317 317 350 seruit.
332 317 490 351 plerumque
505 323 553 351 per
568 315 705 343 contraria
720 315 876 344 testimonia
892 316 1007 344 alterum

219 362 443 391 eontradictionis
454 366 556 397 partem
567 362 743 394 conﬁrmans,
755 369 840 397 pauca
851 369 916 390 vero
929 361 1008 389 unius

219 410 354 444 opinionis
370 409 533 437 testimoniis
547 408 720 437 conﬁrmans.
742 408 811 436 llinc
824 413 914 436 autem
931 416 1006 443 qua:-

221 455 282 482 dam
307 455 394 489 capita
410 454 582 488 particularia
600 461 713 482 numero
731 454 880 482 octodecim
896 457 1006 485 tractat,

219 504 268 527 ut:
285 499 384 532 Quales
401 500 541 534 opiniones
563 499 688 526 habuerit
712 498 829 526 Severus
849 498 884 526 de
906 499 1008 526 sanctis

219 547 348 575 Ecclesiae
366 546 573 574 sacerdotibus?
601 550 627 574 et
646 546 780 581 quomodo
798 544 899 573 sentiat
921 543 956 571 de
973 543 1007 571 iis

220 600 280 627 quae
299 592 369 620 dicta
387 595 449 619 sunt
465 599 479 618 a
497 590 596 626 Cyrillo
612 595 639 618 et
668 590 772 618 Joanne
790 590 818 618 in
840 588 953 624 epistola
971 588 1005 615 ad

220 635 351 663 Thomam
364 634 549 662 Germanicea:
571 634 745 670 episcopum?
759 638 786 662 et
805 633 877 669 quod
899 640 930 661 ea
946 639 1008 668 qua

219 680 291 708 dicta
307 683 371 709 sunt
386 679 419 707 de
435 679 632 708 restauratioue
655 687 747 707 rerum
762 686 777 706 a
793 678 922 714 Gregorio
937 677 1007 714 Nys-

220 733 287 754 seno
300 734 352 753 non
369 726 474 760 probet,
490 732 577 760 neque
589 724 699 760 Papiam
711 726 866 759 episcopum
882 723 1008 758 llieropo-

220 771 345 803 litanum,
360 774 388 798 et
402 775 561 806 martyrem,
581 778 633 798 nec
650 775 772 798 sanctum
790 769 920 797 [renteum
954 767 1008 795 Lu-

221 817 399 852 gdunensem.
417 815 462 843 ubi
480 816 573 843 dicunt
585 823 698 851 regnum
718 814 848 843 calorum
862 821 923 842 esse
937 812 1007 841 frui-

220 862 321 889 tionem
335 861 480 897 quamdam
492 861 616 889 ciborum
629 860 811 889 sensibilium.

1057 271 1173 306 κλησίας
1194 271 1339 306 δογμάτων
1364 279 1394 298 τε
1415 271 1462 298 καὶ
1485 271 1651 307 ζητημάτων
1673 271 1774 306 μικροῦ
1802 272 1849 299 διὰ

1058 316 1168 343 πάντων
1181 316 1237 343 τῶν
1249 317 1405 350 κεφαλαίων
1425 317 1544 344 ἐποιεῖτο
1556 316 1602 344 τὸν
1613 316 1704 351 λόγον,
1719 317 1754 344 τά
1769 317 1848 344 πλεῖ-

1058 370 1110 388 στα
1124 361 1174 397 μὲν
1197 361 1231 388 δι’
1256 361 1454 401 ἀντικειμένων
1473 363 1600 398 χρήσεων
1614 363 1747 398 ἑκάτερον
1762 363 1847 398 μέρος

1058 407 1109 443 τῆς
1122 407 1285 439 ἀντιθέσεως
1302 408 1467 444 ἐπικουρῶν,
1483 408 1561 442 ὀλίγα
1583 408 1612 435 δὲ
1624 409 1671 435 καὶ
1682 408 1847 444 μονομερέσι

1059 453 1426 488 μαρτυρίαιςιὲπιὸεσαιῶν.
1457 453 1599 480 Ἐντεῦθεν
1623 454 1653 480 δὲ
1673 454 1738 489 περί
1765 463 1846 481 τινων

1059 498 1151 525 ίδικῶν
1162 499 1317 533 κεφαλαίων
1330 499 1377 526 τὸν
1398 499 1514 534 ἀριθμὸν
1528 499 1716 526 ὀκτωκαίδεκα
1729 499 1846 534 διαλαμ-

1058 542 1146 573 ϐάνει.
1160 538 1216 569 οἷον
1234 543 1311 575 τίνας
1323 541 1397 578 εἶχεν
1410 543 1559 578 ὑπολήψεις
1574 544 1694 580 Σεὸῆρος
1709 545 1776 580 περὶ
1791 545 1846 572 τῶν

1056 589 1106 623 τῆς
1123 589 1289 624 Ἐκκλησίας
1315 590 1398 617 ὁσίων
1422 591 1627 625 μυσταγωγῶν;
1649 590 1696 617 καὶ
1709 591 1785 623 ὅπως
1798 591 1840 617 δι-

1058 633 1138 668 ετέθη
1151 633 1220 668 πρὸς
1231 633 1265 661 τὰ
1279 634 1413 669 εἰρημένα
1424 633 1499 669 παρὰ
1511 634 1646 669 Κυρίλλου
1657 635 1705 661 καὶ
1721 635 1845 662 Ἰωάννου

1057 678 1087 704 ὲν
1100 679 1133 714 τῇ
1148 679 1217 713 πρὸς
1235 679 1336 714 Θωμᾶν
1347 679 1393 706 τὸν
1402 680 1551 707 ἐπίσκοπον
1563 680 1764 716 Γιρμανικείας
1775 689 1783 713 ;
1799 681 1846 707 καὶ

1058 724 1099 751 ὅτι
1113 724 1153 760 τῷ
1175 725 1204 752 ὲν
1218 725 1308 760 άγίοις
1337 726 1495 762 Γρηγορίῳ,
1511 726 1549 762 τῷ
1563 727 1707 763 ὲπισκόπῳ
1722 728 1845 762 Νύσσης,

1057 768 1092 795 τά
1104 769 1238 805 εἰρημένα
1248 770 1314 805 περὶ
1326 769 1578 802 ἀποκαταστάσεως
1597 770 1647 798 οὐκ
1667 771 1845 806 ἀποδέχεται,

1057 812 1088 841 οὐ
1106 814 1159 850 μὴν
1173 814 1230 842 ἀλλ’
1243 815 1305 842 οὐδὲ
1320 815 1429 843 Παπίαν
1443 816 1489 843 τὸν
1505 816 1683 852 Ὶεραπόλεως
1696 817 1846 843 ἐπίσκοπον

1058 860 1106 887 καὶ
1122 859 1260 896 μάρτυρα,
1287 861 1348 888 οὐδὲ
1370 862 1515 897 Είρηναῖον
1538 862 1584 889 τὸν
1608 862 1681 889 ὅσιον
1696 862 1847 889 ἐπίσκοπον

219 908 412 943 Δουγδούνων,
448 909 478 936 ὲν
516 905 558 940 οἷς
592 907 718 943 λέγουσιν
756 906 894 942 αἰσθητῶν
923 913 1006 933 τινων
1025 904 1179 941 βρωμάτων
1200 907 1352 935 ἀπόλαυσιν
1377 906 1508 944 εἶναιτὴν
1522 908 1577 936 τῶν
1610 909 1733 944 οὐρανῶν
1767 908 1847 944 βασι-

219 955 304 984 λείαν.

255 981 338 1030 iiivus
350 1003 466 1030 Basilius
479 1005 605 1030 sanctum
622 981 778 1037 Dionysium
795 999 1006 1028 Alexandrinum

1095 998 1156 1024 Ὀτι
1170 997 1311 1029 Βασίλειος
1323 999 1338 1025 ὁ
1350 998 1379 1024 ἐν
1393 998 1481 1032 ἁγίοις
1492 998 1538 1025 τὸν
1552 999 1582 1025 ὲν
1600 999 1690 1033 ἁγίοις
1706 1000 1848 1027 Διονύσιον

222 1050 248 1076 in
264 1048 331 1076 locis
343 1048 435 1075 multis
446 1055 499 1074 non
514 1047 643 1079 admittit,
658 1047 776 1074 maxime
787 1045 832 1074 ubi
844 1044 1008 1073 Arianorum

221 1094 345 1122 haeresim
359 1092 510 1120 continuat.
524 1091 648 1119 Defendit
659 1091 733 1118 illum
752 1098 805 1118 non
816 1094 845 1118 ut
856 1089 937 1124 impia
948 1096 1009 1116 sen-

221 1140 343 1172 tientem,
361 1138 408 1166 sed
422 1137 493 1173 quod
512 1138 595 1166 nimio
609 1136 757 1165 Sabellium
769 1135 939 1172 oppugnandi
951 1139 1009 1162 stu-

220 1185 265 1212 dio
279 1185 362 1211 verbo
375 1188 455 1211 tenus
468 1183 494 1210 in
507 1183 676 1210 contrariam
692 1181 832 1210 deﬂexerit
842 1181 1007 1216 opinionem.

221 1229 291 1263 Quin
312 1235 340 1256 et
355 1229 387 1255 de
412 1228 514 1263 Spiritu
539 1232 633 1256 sancto
652 1227 734 1261 impia
757 1227 830 1254 illum
848 1226 929 1252 verba
949 1225 1010 1251 fun-

219 1275 297 1303 dere.
319 1273 478 1308 —Maguus
501 1273 664 1300 Athanasius
688 1272 759 1299 hunc
782 1271 940 1306 Dionysium
960 1271 1008 1297 de-

221 1319 307 1347 fendit
324 1327 332 1346 :
350 1318 511 1353 Dionysius,
545 1318 648 1352 inquit,
683 1324 814 1352 nunquam
842 1315 919 1343 sensit
949 1323 1008 1342 cum

221 1365 341 1398 Arianis,
362 1372 407 1391 nec
429 1364 564 1391 veritatem
579 1363 720 1398 ignoravit,
737 1369 783 1389 nec
806 1362 838 1388 ab
865 1361 926 1388 aliis
955 1361 1009 1394 epi-

221 1411 308 1445 scopis
320 1409 464 1444 impietatis
474 1408 618 1435 damnatus
629 1412 677 1440 est,
692 1415 738 1433 nec
751 1407 865 1434 Arianas
881 1413 953 1433 voces
967 1406 1008 1432 Io-

222 1461 296 1483 catus
311 1460 366 1487 ut,
383 1459 510 1488 tanquam
528 1454 656 1480 docenda.
684 1452 754 1486 Quill
776 1456 804 1479 et
815 1451 1009 1479 -Theodoretus

220 1500 314 1526 eadem
338 1499 371 1525 de
388 1499 439 1526 hoc
459 1497 589 1532 Dionysio
615 1497 706 1523 habet.
722 1510 758 1516 —
771 1496 887 1531 Apponit
899 1495 933 1523 ad
951 1495 1009 1522 haec

222 1544 390 1576 testimonia.
412 1548 439 1570 et
452 1542 587 1578 quomodo
605 1541 771 1575 Theophilus
785 1545 887 1569 etcum
906 1547 938 1567 eo
953 1544 1007 1568 tota

221 1589 338 1626 synodus
345 1596 408 1623 erga
418 1589 526 1615 beatum
537 1586 669 1614 Joannem
681 1586 903 1622 Chrysostomum
912 1584 1006 1612 alfecta

221 1634 354 1662 fuerit.--
366 1633 479 1667 Qualem
509 1632 652 1660 habuerint
685 1631 838 1665 opinionem
865 1630 900 1658 de
929 1631 1007 1658 beato

1065 1042 1270 1078 Ἀλεξανδρείας
1293 1042 1344 1069 οὐκ
1369 1043 1399 1069 ἐν
1413 1043 1519 1075 πολλοῖς
1535 1043 1714 1079 ἀποδέχεται,
1727 1045 1849 1080 μάλιστα

1058 1086 1086 1114 δὲ
1102 1087 1131 1113 ὲν
1145 1084 1186 1118 οἷς
1206 1087 1237 1114 τὸ
1268 1087 1416 1123 Ἀρειανῶν
1437 1087 1512 1120 ἔθνος
1535 1088 1714 1122 ἐπερείδεται.
1736 1089 1850 1116 Ἀπολο-

1058 1133 1147 1167 γεϊται
1162 1133 1190 1160 δὲ
1204 1133 1276 1168 ὑπὲρ
1291 1132 1375 1160 αὐτοῦ
1390 1134 1428 1166 ὡς
1440 1134 1490 1160 οὐκ
1503 1133 1595 1160 ἀσεϐεῖ
1606 1134 1715 1170 γνώμῃ,
1735 1135 1850 1171 μάχῃδδ

1058 1180 1092 1214 τῇ
1107 1179 1176 1213 πρὸς
1190 1179 1334 1206 Σαὸέλλιον
1357 1179 1398 1211 είς
1422 1178 1472 1214 τὴν
1488 1179 1628 1206 ἀντίθετον
1642 1180 1715 1206 κατὰ
1727 1180 1792 1211 τοὺς
1804 1180 1850 1207 λόρ

1057 1233 1124 1259 γους
1137 1224 1340 1260 περιτραπῆναι
1368 1225 1537 1260 δυσφημίαν.
1566 1225 1604 1252 Οὐ
1634 1225 1689 1260 μὴν
1713 1225 1784 1252 ἀλλὰ
1800 1227 1851 1252 καὶ

1059 1271 1125 1306 περὶ
1138 1269 1186 1297 τοῦ
1206 1271 1275 1297 Πνεύ
1282 1279 1365 1306 ματος
1377 1271 1429 1297 οὐκ
1440 1270 1548 1305 εὐαγεῖς
1569 1271 1650 1298 αὐτὸν
1664 1272 1773 1306 ἀφεῖναι
1789 1281 1851 1307 φως

1059 1315 1158 1347 νάς.-
1168 1316 1246 1343 Ἀλλὰ
1258 1317 1305 1344 καὶ
1315 1317 1329 1343 ὁ
1341 1317 1426 1351 μέγας
1434 1317 1591 1349 ’Δθανάσιος
1600 1317 1646 1344 τοῦ
1654 1318 1738 1345 αὑτοῦ
1750 1319 1851 1354 ἀνδρὸς

1058 1361 1197 1387 Διονυσίου
1213 1361 1461 1396 ὑπεραπολογείται
1472 1369 1479 1377 ·
1502 1361 1543 1389 Τὰ
1555 1362 1610 1397 τὰρ
1627 1363 1751 1396 'Apexbv,
1768 1364 1849 1398 φησὶ,

1058 1407 1213 1440 Διονύσιος
1234 1408 1304 1435 οὔτε
1327 1407 1479 1442 ἐφρόνησέ
1505 1415 1590 1440 ποτε,
1616 1408 1685 1435 οὔτε
1711 1409 1852 1443 ἠγνόησε

1060 1451 1123 1488 [477
1143 1453 1188 1488 H.]
1203 1452 1261 1487 τὴν
1274 1452 1420 1486 ἀλήθειαν
1429 1460 1436 1468 '
1451 1453 1521 1480 οὔτε
1530 1454 1585 1487 γὰρ
1599 1453 1649 1488 ὑφ’
1662 1453 1772 1488 ἐτέρων
1782 1454 1852 1480 ἐπι-

1057 1498 1181 1524 σκόπων
1194 1498 1240 1524 ἐπ’
1249 1498 1369 1532 ἀσεϐείᾳ
1385 1499 1587 1534 κατεγνώσθη,
1599 1499 1669 1526 οὔτε
1676 1499 1852 1534 τὰςἈρεια-

1057 1542 1145 1576 νικὰς
1155 1543 1257 1578 φωνὰς
1268 1542 1428 1578 ἐφθέγγετο
1442 1545 1483 1577 ὼς
1494 1544 1686 1579 δογματίζων.
1701 1544 1782 1572 Ἀλλὰ
1799 1546 1851 1572 καὶ

1057 1589 1230 1625 Θεοδώρητος
1244 1590 1308 1621 τοὺς
1321 1590 1421 1621 αὐτοὺς
1435 1589 1505 1625 ὑπὲρ
1518 1588 1564 1616 τοῦ
1581 1590 1728 1625 εἰρημένου
1753 1592 1851 1617 Διονυ-

1059 1635 1116 1662 σίου
1131 1635 1277 1670 λογισμοὺς
1295 1635 1468 1662 ἀποδίδωσιν.
1480 1649 1516 1655 -—
1531 1635 1592 1662 Ἔτι
1607 1635 1660 1671 μὴν
1678 1635 1853 1671 παρατίθησι

221 1679 326 1708 Joanne
346 1679 540 1715 Chlysostomo
557 1678 683 1712 episeopo
704 1675 1006 1710 Constantinopolitano

1061 1669 1225 1716 μαρτυρίας,
1243 1681 1289 1707 καὶ
1302 1681 1377 1712 ὅπως
1389 1681 1439 1716 μὲν
1448 1680 1552 1716 διετέθη
1561 1669 1688 1715 Θεόφιλος
1705 1669 1752 1708 καὶ
1767 1682 1784 1717 ἡ
1799 1669 1853 1708 σὺν

221 1725 338 1761 Cyrillus
353 1729 380 1752 et
393 1723 511 1752 Atticus.
524 1738 559 1743 —
575 1722 645 1756 Quid
660 1722 778 1750 Senserit
793 1726 904 1750 sanctus
924 1721 1009 1748 lsido-

221 1779 269 1799 rus
290 1771 425 1798 Pelusiota
448 1769 481 1798 de
502 1769 653 1804 Theophilo
673 1773 700 1795 et
720 1768 821 1803 Cyrillo
838 1767 1009 1794 Alexandria:

221 1817 366 1853 episcopis,
384 1819 469 1851 deque
484 1815 588 1842 Joanne
607 1815 817 1849 Chrysostomo;
838 1813 896 1841 illos
909 1813 1006 1848 2916

220 1863 275 1891 odii
290 1870 354 1898 erga
370 1861 501 1889 Joannem
528 1860 752 1896 Chrysostomum
769 1860 919 1892 accusavit,
937 1860 1008 1886 hunc

220 1915 285 1935 vero
310 1906 431 1934 laudavit
457 1911 484 1933 et
507 1905 600 1933 coluit.
614 1904 798 1937 -Severus,
825 1903 955 1938 impulsus
978 1907 1008 1931 ut

222 1954 329 1980 beatum
346 1952 478 1979 lsidorum
497 1950 720 1985 reprehenderet,
733 1957 785 1977 non
800 1950 907 1977 inventa
925 1957 1006 1978 causa

222 1999 322 2034 aliqua,
337 1997 437 2032 aliiugit
455 1996 493 2023 illi
509 1997 580 2031 quod
594 2003 657 2023 cum
672 1996 788 2031 Origene
810 1996 937 2028 senserit,
953 1995 1006 2023 etsi

220 2045 291 2072 idem
308 2043 403 2070 iterum
419 2049 466 2078 per
480 2049 551 2075 sese,
565 2049 579 2068 a
595 2041 710 2068 veritate
726 2045 870 2076 superatus
885 2041 911 2068 id
926 2048 1004 2068 revo-

220 2095 310 2117 cet.—
319 2089 359 2115 Ad
375 2089 432 2115 haec
446 2087 554 2122 qualem
570 2087 725 2121 opinionem
737 2086 862 2114 habuerit
876 2086 1006 2122 Hippoly-

164 2163 165 2166 η
220 2142 263 2163 tus
274 2139 301 2162 et
312 2133 478 2168 Epiphanius
489 2132 521 2160 de
530 2132 641 2160 Nicolao
654 2140 669 2159 e
682 2136 784 2166 septem
796 2132 917 2160 diaconis
929 2140 1001 2160 uno:

219 2187 247 2208 et
262 2180 334 2216 quod
350 2179 439 2206 valide
453 2178 528 2206 illum
543 2179 734 2206 condemnent.
749 2193 783 2198 ——
797 2178 911 2206 Divinus
927 2177 1005 2214 lgna-

220 2227 273 2254 tins
301 2231 328 2252 et
351 2223 477 2252 Clemens
499 2223 677 2256 Stromateus,
702 2223 832 2251 Eusebius
859 2223 1004 2260 Pamphili,

220 2271 409 2299 Theodoretus
426 2269 488 2304 Cyri
508 2269 650 2304 episcopus
665 2268 860 2297 Nicolaitarum
876 2270 1005 2297 damnant

1059 1726 1134 1761 αὑτῷ
1150 1725 1259 1758 σύνοδος
1273 1726 1340 1761 πρὸς
1356 1726 1404 1753 τὸν
1418 1727 1447 1753 ὲν
1458 1726 1547 1760 ἁγίοις
1571 1726 1697 1760 Ἰωάννην
1712 1727 1757 1752 τὴν
1772 1727 1852 1761 Χρυ-

1059 1771 1207 1807 σόστομον²
1229 1772 1278 1798 καὶ
1293 1771 1375 1803 ποίας
1400 1772 1466 1807 ἔσχε
1489 1771 1568 1803 δόξας
1594 1771 1715 1803 Ἀττικὸς
1726 1771 1773 1798 καὶ
1790 1772 1852 1799 Κύ-

1058 1817 1148 1852 ριλλος
1178 1817 1242 1853 περὶ
1271 1816 1318 1844 τοῦ
1344 1816 1429 1844 αὐτοῦ
1444 1816 1598 1851 ἁγιωτάτου
1629 1816 1752 1843 Ἰωάννου
1769 1817 1854 1843 Κων-

1058 1863 1322 1895 σταντινουπόλεως·
1337 1863 1386 1890 καὶ
1399 1863 1458 1895 οἵας
1474 1863 1553 1898 ἔσχεν
1573 1862 1722 1898 ὑπολήψεις
1736 1862 1751 1888 ὁ
1766 1862 1851 1889 εὐλα-

1058 1907 1187 1940 ϐέστατος
1213 1907 1348 1943 Ἰσίδωρος
1373 1908 1387 1934 ὁ
1402 1907 1450 1934 τοῦ
1469 1904 1620 1942 Πηλουσίου
1632 1906 1698 1942 περὶ
1714 1906 1850 1940 Θεοφίλου

1057 1952 1103 1978 καὶ
1115 1952 1252 1988 Κυρίλλου
1266 1952 1320 1978 τῶν
1340 1950 1544 1987 Ἀλεξανδρείας
1563 1951 1696 1986 ίεραρχῶν
1713 1950 1761 1978 καὶ
1782 1952 1850 1987 περὶ¹

1056 1997 1103 2024 τοῦ
1120 1999 1149 2024 ἐν
1160 1997 1250 2031 ἁγίοις
1269 1997 1392 2024 Ἰωάννου
1422 1997 1470 2023 τοῦ
1498 1997 1705 2032 Χρυσοκόμου.
1731 1995 1770 2027 ὡς
1783 1997 1850 2027 τοὺς

1059 2043 1108 2078 μὲν
1133 2043 1215 2070 ἕνεκα
1236 2044 1286 2079 τῆς
1307 2043 1376 2078 πρὸς
1400 2041 1448 2069 τὸν
1474 2042 1668 2078 Χρυσόπομον
1690 2040 1846 2076 ἀπεχθείας

1055 2089 1178 2121 ἐκάκιζε,
1203 2089 1250 2116 τὸν
1273 2088 1303 2115 δὲ
1327 2087 1424 2124 ἐπῄνει
1443 2096 1473 2115 τε
1488 2088 1534 2114 καὶ
1551 2087 1717 2122 ἐθαύμαζεν.
1731 2100 1766 2107 -
1784 2086 1848 2114 Ὀτι

1056 2135 1176 2170 Σεσῆρος
1199 2134 1245 2161 τὸν
1275 2135 1304 2161 ἑν
1335 2134 1425 2168 ἁγίοις
1453 2132 1589 2168 Ἰσίδωρον
1619 2131 1779 2167 μέμψασθαι
1797 2131 1848 2166 μὲν

1057 2180 1204 2216 ὁρμηθεὶς,
1216 2180 1266 2207 οὐκ
1280 2179 1350 2215 ἔχων
1359 2179 1388 2206 δὲ
1398 2179 1471 2212 ὃθεν,
1491 2179 1586 2214 φήμην
1605 2177 1679 2213 αὑτῷ
1692 2177 1847 2212 περιπλάτ-

1054 2235 1096 2254 τει
1116 2224 1336 2262 Ὠριγενιασμοῦ,
1352 2225 1378 2252 εί
1399 2225 1448 2252 καὶ
1469 2224 1574 2259 ταύτην
1586 2223 1666 2255 αὐτὸς
1676 2223 1759 2249 πάλιν
1778 2223 1845 2250 dmo-

1057 2272 1223 2304 σκευάζεται
1237 2272 1271 2299 δι’
1284 2267 1395 2304 ἑαυτοῦ,
1409 2270 1464 2298 ὑπὸ
1479 2270 1530 2306 τῆς
1540 2269 1668 2306 ἀληθείας
1679 2269 1843 2304 νικώμενος.

219 2318 358 2350 heresim.
370 2315 417 2343 sed
437 2317 523 2350 ipsum
540 2315 680 2343 Nicolaum
697 2315 778 2343 talem
795 2316 879 2343 fuisse
894 2321 1001 2350 negant.

1057 2331 1090 2337 —
1105 2317 1165 2343 Ἔτι
1188 2317 1216 2343 δὲ
1239 2317 1319 2348 ποίας
1340 2315 1488 2351 ὑπολήψεις
1510 2315 1588 2350 ἔσχεν
1615 2313 1772 2346 Ἱππόλυτος
1798 2314 1844 2340 καὶ

218 2379 254 2384 -
269 2361 429 2398 Hippolytus
455 2367 482 2388 et
502 2362 617 2388 lrenmus
636 2361 779 2395 epistolam
797 2360 873 2388 Pauli
899 2362 932 2388 ad
949 2361 1002 2389 He-

217 2413 305 2440 braeos
325 2412 417 2439 dicunt
440 2419 492 2438 non
515 2417 576 2437 esse
597 2409 678 2437 illius.
700 2409 826 2437 Clemens
839 2408 958 2442 quidem,
975 2411 1004 2434 et

217 2458 358 2488 Eusebius.
371 2457 540 2491 aliorumque
555 2455 664 2483 Patrum
680 2462 823 2483 consessus
837 2454 907 2481 hanc
919 2453 1002 2480 etiam

217 2503 278 2530 aliis
299 2503 497 2534 adnumerant,
520 2507 548 2530 et
568 2502 643 2528 aiunt
663 2502 733 2528 hunc
747 2499 915 2528 Clementem
933 2499 1003 2526 hanc

217 2557 249 2576 ex
262 2548 374 2576 Hebraeo
386 2547 746 2582 transtulisse.—0rigenem
761 2551 788 2574 et
799 2545 1000 2580 Theognostum

219 2602 331 2629 magnus
342 2594 386 2621 ille
398 2595 560 2621 Athanasius
575 2592 771 2621 Alexandrinus
783 2591 914 2619 inmultis
924 2589 1001 2616 libris

216 2640 345 2666 admittit.
362 2638 393 2666 Et
407 2639 484 2666 Titus
495 2638 662 2669 Bostrorum,
677 2641 704 2664 et
720 2636 868 2670 Gregorius
881 2634 998 2662 Theolo-

216 2691 266 2718 gus
282 2683 309 2710 in
329 2683 451 2718 epistolis
474 2683 598 2710 eumdem
623 2681 791 2713 Philocalum
815 2680 947 2707 nominat.
967 2679 1000 2706 Et

213 2729 353 2768 iVyssenus
381 2728 554 2756 laudabiliter
582 2727 641 2761 ejus
671 2727 836 2754 mentionem
861 2726 944 2757 facit,
971 2731 999 2754 et

1060 2363 1218 2398 Ἐπιφὰνιος
1236 2363 1258 2379 ⁸³
1282 2364 1348 2398 περὶ
1359 2363 1494 2390 Νικολάου
1511 2361 1558 2388 τοῦ
1572 2361 1630 2393 ἐνὸς
1642 2360 1697 2387 τῶν
1708 2359 1730 2392 ς
1749 2360 1842 2386 διακό-

1051 2417 1115 2442 νων,
1134 2409 1182 2435 καλ⁵
1197 2409 1239 2436 ὅτι
1253 2409 1370 2443 ἰσχυρῶς
1381 2408 1464 2435 αὑτοῦ
1482 2406 1745 2441 καταγινώσκουσιν,
1757 2404 1842 2438 Ἰγνά-

1051 2462 1108 2485 τιος
1130 2453 1243 2489 μέντοιό
1265 2453 1405 2488 θεοφόρος,
1421 2453 1469 2480 καὶ
1489 2453 1605 2487 Κλήμης
1618 2452 1632 2478 ὁ
1650 2450 1842 2486 στρωματεὺς,

1052 2500 1100 2527 καὶ
1114 2499 1244 2531 Εὐσέϐιος
1260 2500 1274 2525 ὁ
1302 2499 1460 2534 Παμφίλου,
1481 2498 1528 2526 καὶ
1536 2496 1708 2532 Θεοδὼρητος
1723 2495 1842 2532 [9041ι.]

1054 2547 1069 2573 ὁ
1079 2546 1171 2581 Κύρου
1184 2545 1232 2581 τὴν
1247 2546 1296 2581 μὲν
1314 2545 1483 2572 Νικολαϊτῶν
1503 2543 1758 2578 καταγινώσκουσιν
1769 2542 1844 2577 αἴρε-

1055 2601 1107 2625 σιν,
1122 2592 1167 2619 τὸν
1179 2592 1207 2619 δὲ
1224 2592 1356 2619 Νικόλαον
1370 2591 1408 2626 μὴ
1422 2590 1540 2617 τοιοῦτον
1554 2590 1577 2606 ⁸³
1592 2585 1663 2615 εἶναι
1677 2588 1842 2622 ἀποφαίνον-

1053 2647 1155 2665 ται.-
1180 2639 1240 2664 ’Ότι
1254 2637 1412 2669 Ἱππόλυτος
1439 2636 1488 2663 καὶ
1522 2636 1667 2670 Εἰρηναῖος
1698 2634 1750 2669 τὴν
1776 2634 1842 2669 7:91.;

1058 2684 1199 2718 Ἐϐραίους
1213 2682 1357 2718 ἐπιστολὴν
1371 2682 1478 2709 Παύλου
1491 2681 1541 2708 οὐκ
1560 2680 1665 2707 ἐκείνου
1677 2677 1750 2707 εἷναί
1763 2687 1841 2714 φασι,

1053 2729 1170 2765 Κλήμης
1185 2729 1277 2764 μέντοι
1302 2729 1349 2755 καί⁸
1369 2727 1499 2760 Εὐσέϐιος
1518 2727 1566 2754 καὶ
1587 2726 1670 2757 πολὺς
1683 2725 1766 2757 ἄλλος
1786 2724 1840 2750 τῶν

850 2792 965 2820 VARl/E
982 2793 1184 2823 LECTIONES.

250 2852 271 2866 δ’
294 2851 387 2885 Ἐπιφ.
399 2856 462 2878 ante
482 2850 602 2877 lacunam
617 2850 651 2876 A.
687 2851 710 2866 ⁸³
725 2850 762 2886 μὴ
774 2851 818 2877 τὸν
832 2850 952 2877 τοιοῦτον
967 2859 997 2881 ς.
