1920 3092
88 147 149 178 ll05

586 155 846 190 BIBLIOTHECA.
862 172 897 178 -
915 161 996 193 COD.
1010 163 1193 197 CCXXXIII.

1629 174 1699 209 1106

87 205 215 240 θεοφόρων
228 205 355 241 Πατέρων
370 207 463 242 ὅμιλος
483 210 542 242 ταῖς
553 211 647 244 ἄλλαις
663 215 855 250 συναριθμοῠσι

912 217 1055 254 Dionysius
1078 222 1280 252 Alexandrinus
1297 225 1329 252 ad
1353 225 1423 255 hunc
1434 229 1563 258 eumdem
1580 232 1697 262 scribit:

85 251 178 286 ταύτην
188 252 351 285 ἐπιστολαῖς,
362 255 408 280 καί
421 263 503 289 φασιν
516 257 601 293 αὐτὴν
616 260 646 285 ὲκ
657 259 708 294 τῆς
722 260 863 296 Ἐϐραῖδος

86 297 250 332 μεταφράσαι
269 298 314 324 τὸν
332 300 477 335 εἰρημένον
501 302 704 337 Κλήμεντα.--
715 306 776 333 Ὀτι
791 307 862 341 Ὠρι-

85 342 159 377 γένην
178 343 424 378 καὶθεόγνωστον
454 346 468 373 ὃ
497 355 528 373 τε
553 349 641 383 μέγας
664 350 824 383 Ἀθανάσιος
846 353 861 379 ὁ

90 386 284 423 Ἀλεξανδρείας
293 390 323 416 ἐν
332 390 440 423 πολλοῖς
459 392 606 428 ἀπεδέχετο
617 394 705 429 λόγοις
721 396 767 422 καὶ
781 397 859 429 Τίτος

84 432 96 458 ὁ
109 433 240 467 Βόστρων,
257 436 304 462 καὶ
318 436 332 462 ὁ
343 436 468 471 θεολόγος
493 439 643 476 Γρηγόριος
660 441 689 468 ἐν
705 442 859 475 ἐπιστολαῖς

83 477 217 511 φιλόκαλον
228 481 405 516 αὺτδνλέγει,
416 483 465 510 καὶ
483 484 498 509 ὀ
512 483 621 521 Νύσσης
634 485 662 513 δὲ
675 487 806 522 εὐφήμως
819 488 860 520 είς

84 524 186 558 μνήμην
198 524 270 559 ἄγει.
291 526 374 553 Ἀλλὰ
402 528 449 555 καὶ
463 529 601 563 Διονύσιος
622 533 636 558 ὁ
658 532 867 568 Ἀλεξανδρείας

82 570 143 605 πρὸς
157 571 237 598 αὑτὸν
245 573 348 601 ἐκεῖνον
364 575 488 609 γράφων,
502 577 542 604 ἐτι
562 578 590 604 δὲ
601 579 649 606 καὶ
660 580 729 614 μετὰ
740 580 854 608 θάνατον
873 570 980 610 ἐκείνου
989 585 1057 621 πρὸς
1074 570 1218 616 Θεότεκνον
1236 590 1282 618 τὸν
1293 593 1343 626 τῆς

911 270 937 290 et
948 270 1008 298 post
1020 271 1133 294 mortem
1149 268 1220 296 illius
1232 270 1355 298 scribens
1366 272 1399 299 ad
1411 272 1594 303 Theotecnum
1607 277 1697 306 Cresa-

911 309 1027 354 riensem
1039 311 1194 348 episcopum
1206 313 1298 342 laudat
1310 315 1464 352 Origenem,
1481 324 1563 354 atque
1575 321 1695 351 Alexan-

909 353 957 380 der
979 353 1195 390 llierapolitanns
1218 360 1251 387 ad
1274 360 1418 395 Origenetn
1446 353 1590 399 scribens,
1606 368 1698 396 verbis

908 404 968 446 eum
983 399 1126 434 plurimum
1144 403 1467 442 delinil.—Theopbilus
1489 414 1516 437 et
1528 410 1696 446 Epiphanius

911 444 1053 481 Origenem
1082 448 1226 484 plurimutn
1251 459 1422 483 aversantur.
1437 444 1559 490 —Quid_
1579 444 1697 486 senserit

912 491 1006 539 beatus
1016 492 1174 539 Hippolytus
1187 497 1220 524 de
1234 497 1330 527 haeresi
1345 500 1582 536 Montanistarum,
1594 504 1696 539 etquid

912 535 1058 571 Gregorius
1077 539 1223 576 Nyssenus.

1380 593 1549 629 Καισαρείας
1577 594 1689 622 ἐπίσκο-

82 620 125 642 πον
145 617 268 651 γράφων,
287 619 321 646 δι’
349 620 468 648 ἐπαίνων
487 622 533 648 τὸν
553 622 692 660 Ὧριγὲνην
712 626 784 659 ἄγει.
798 627 855 654 Καὶ
881 617 1054 665 Ἀλέξανδρος
1070 632 1084 658 ὁ
1099 617 1275 668 Ἰεραπόλεως
1300 617 1547 669 εἶιξισδξᾶξεέζῖἐιῗ

83 663 143 700 πρὸς
153 664 197 689 τὴν
209 663 292 691 αὑτὸν
314 665 455 702 Ὤριγένην
480 668 604 703 γράφων,
631 669 691 697 λίαν
711 671 858 700 οἰκειοῦται
876 672 922 699 τδν
941 663 1027 710 ἄνδρα
1061 677 1117 709 τοῖς
1134 663 1240 714 λόγοις.
1255 663 1291 701 —--
1321 681 1382 708 Ὅτι
1556 663 1689 719 μιένΓ

87 709 236 744 Ἐπιφόινιος
249 709 309 736 λίαν
319 711 500 746 ἐκτρέπονται
510 713 555 740 τὸν
573 714 858 750 Ὠριγένην,-Τίνας
894 709 1042 755 ὑπολήψεις
1072 721 1146 758 εἶχεν

82 755 128 782 τῶν
149 756 342 784 Μοντανιστῶν
373 758 515 794 αἱρέσεως,
539 760 588 787 καὶ
603 762 678 794 τίνας
697 763 711 788 ὀ
726 763 754 789 ἐν
767 763 854 797 ἁγίοις
872 765 921 800 τῆς
935 766 1045 804 Νύσσης
1058 755 1219 806 Γρηγόριος.

111 801 148 828 Τὰ
165 801 213 836 μὲν
227 799 276 828 οὖν
288 802 462 839 μερικώτερα
472 805 526 831 τῶν
535 805 689 839 κεφαλαίων
700 807 729 834 ἐν
742 807 856 840 τούτοις·

82 846 152 872 πάλιν
161 846 189 872 δέ
203 846 251 873 ἐπί
267 856 295 874 τι
312 849 467 884 κοινότερον
489 851 660 885 μεταϐαίνει,
678 853 723 880 καὶ
738 854 856 889 παρατί-

1171 725 1186 751 ὀ
1210 725 1362 760 ἁγιώτατος
1380 727 1535 762 Ἱππόλυτος
1555 731 1619 766 περὶ
1643 732 1694 768 τῆς

946 811 1008 840 Haec
1029 814 1138 848 quidem
1157 817 1332 851 particularia
1354 819 1439 854 magis
1455 827 1537 855 quam
1558 821 1646 856 capita
1666 822 1693 850 in

910 857 961 884 his.
979 858 1078 887 Iterum
1098 868 1163 889 vcro
1185 863 1211 890 in
1229 864 1294 898 quid
1308 866 1480 893 communius
1496 867 1644 900 delabitur,
1664 873 1692 896 et

83 890 136 926 θησι
150 893 262 927 χρήσεις
273 893 315 920 ὅτι
330 895 430 926 παντὸς
455 895 603 929 τεθνεῶτος
621 897 694 933 ψυχὴ
710 899 855 934 ὠφελεῖται

910 901 988 929 οίΐετι
1010 905 1175 935 testimonia.
1187 921 1222 927 —
1235 890 1332 936 .Anima
1352 911 1442 938 onmis
1465 912 1564 940 mortui
1581 912 1692 946 juvatur

83 936 187 971 μέγιστα
200 937 246 965 διὰ
259 937 314 965 τῶν
329 939 399 975 ὑπὲρ
409 940 491 968 αὑτοῦ
503 940 565 976 [475
577 942 624 979 H.]
639 944 854 980 ἐπιτελουμένων

82 981 157 1016 εὐχῶν
172 983 219 1009 καὶ
235 985 399 1020 προσφορῶν
413 986 459 1013 καὶ
477 986 678 1022 ἐλεημοσυνῶν,
694 990 740 1015 καὶ
751 991 783 1016 ἐκ
806 989 854 1016 τοῦ

81 1027 272 1063 ἀντικειμένου,
286 1030 329 1057 δτι
345 1031 395 1066 οὐχ
407 1031 504 1064 οὕτως.

111 1072 156 1100 Τὸν
176 1075 225 1108 μὲν
236 1075 285 1102 οὖν
295 1076 414 1112 Γόϐαρον
426 1080 507 1115 μέχρι
517 1080 619 1107 τούτων
630 1080 685 1108 τῶν
700 1081 855 1117 κεφαλαίων

82 1118 119 1145 τὸν
135 1119 213 1147 πόνον
230 1120 350 1157 εὕρομεν
366 1123 575 1160 ἀναδεξάμενον.

418 1170 500 1196 ΣΛΓν.

94 1211 240 1245 Γερμανοῦ
275 1216 473 1282 πατριαρέοὲλ
491 1218 837 1254 Κωνσταντινουπόλεως

425 1259 433 1276 ι
475 1260 520 1282 ος.

425 1259 520 1284 ιολος.

113 1291 279 1330 ’Ᾱνεγνώσθη
295 1293 398 1329 βιϐλίον
413 1295 459 1322 τὸν
467 1296 496 1323 ἐν
511 1297 601 1332 ἁγίοις
616 1298 757 1334 Γερμανδν
772 1299 855 1335 φέρον

82 1338 236 1372 συγγραφέα,
262 1339 291 1371 ὃς
310 1340 381 1375 μετὰ
412 1341 443 1367 τὺ
483 1342 604 1374 Κυζίκου
632 1345 853 1381 χειροτονηθῆναι

82 1382 380 1418 Κωνσταντινουπόλεως
399 1387 584 1423 ἐχρημάτισεν
603 1389 767 1425 ἀρχιερεύς·
783 1391 854 1419 ἀντ-

81 1428 243 1463 αποὸοτυιὸς
251 1430 280 1457 δὲ
286 1431 305 1465 ἢ
313 1431 692 1472 ἀνόθευτοςτὴνέπιγραφὴν
701 1436 766 1472 ἔχει,
777 1437 791 1464 ὃ
797 1438 855 1465 ἴσον

82 1472 108 1498 ἂν
115 1473 152 1508 εῖη
163 1476 225 1510 περὶ
236 1474 261 1491 ⁸⁸
274 1476 323 1511 τῆς
335 1477 480 1505 ὰνοθεὺτου
491 1478 545 1506 τῶν
559 1479 734 1516 βεϐιωμένων
750 1482 855 1518 ἀνθρώ-

83 1526 133 1550 ποις
143 1519 357 1553 ἀνταποδόσεως.
369 1523 425 1560 Τῆς
435 1523 484 1558 μὲν
503 1524 549 1551 οὖν
561 1525 717 1562 ἐπιγραφῆς
732 1529 749 1563 ἡ
768 1529 856 1563 ἐπαγ-

83 1563 147 1595 γελία
157 1566 279 1601 τοιαύτη,
307 1568 474 1602 ἀγωνίζεται
487 1569 516 1596 δὲ
541 1571 555 1597 ὁ
566 1570 645 1605 λόγος
656 1572 704 1599 τὸν
720 1573 750 1600 ἐν
766 1573 853 1608 ἁγίοις
867 1585 890 1616 C

83 1608 234 1647 τῆςΝύσσης
244 1613 396 1649 Γρηγόριον
419 1616 467 1642 καὶ
486 1616 520 1643 τὰ
538 1616 633 1643 τούτου
647 1618 854 1654 συγγράμματα

83 1653 121 1699 τῇς
139 1655 299 1691 Ὦριγενείου
311 1661 467 1695 παρασχεῖν
478 1661 607 1697 ἐλεύθερα
621 1662 721 1698 λώϐης.
734 1663 789 1691 Καὶ
800 1663 854 1699 γὰρ

83 1696 115 1731 οἷς
129 1702 171 1728 τοῦ
185 1703 326 1738 δαιμονίου
338 1705 421 1738 φύλου
436 1706 483 1733 καὶ
498 1707 551 1733 τῶν
566 1696 607 1739 είς
621 1696 732 1735 κόλασιν
745 1696 855 1737 ἀτελειέ-

84 1753 151 1780 τητον
163 1750 424 1785 παραπεμπομένων
446 1751 598 1784 ἀνθρώπων
614 1754 630 1788 ὴ
652 1753 734 1789 λῆρος
748 1755 855 1781 ἀποκα-

84 1791 197 1824 τάστασις
209 1795 299 1828 φίλον.
323 1792 396 1823 οὗτοι
421 1796 464 1831 δὴ,
481 1797 528 1824 ἆτε
541 1798 588 1824 τὸν
601 1798 686 1833 ἄνδρα
710 1799 812 1834 ὑψηλόν
824 1808 854 1826 τε

56 1840 60 1843 ·
83 1837 129 1868 τοῖς
138 1837 251 1874 δόγμασι
279 1841 327 1867 καὶ
355 1841 440 1868 πολὺν
456 1844 513 1874 τοῖς
539 1843 594 1869 τῶν
614 1843 702 1878 λόγων
721 1845 855 1880 ῥεύμασιν

84 1881 178 1915 εἰδότες,
202 1885 252 1912 καὶ
279 1885 411 1921 λαμπρὰν
424 1887 474 1923 τῆς
498 1888 639 1920 εὐσεϐείας
653 1889 703 1924 τὴν
720 1890 854 1926 ὑπόληψιν

85 1927 117 1958 εἰς
126 1928 221 1961 πάντας
232 1930 396 1966 ἀνθρώπους
422 1933 639 1969 περιηχηθεῖσαν
663 1935 790 1970 ὁρῶντες,
806 1936 856 1963 ἐπ·-

84 1973 196 2002 εδάλοντο
208 1975 230 1992 ’⁵³
258 1978 417 2012 παρενεῖραι
435 1980 491 2010 τοῖς
501 1980 607 2006 ἐκείνου
620 1982 795 2015 φωτιστικοῖς
807 1982 855 2009 καὶ

85 2018 214 2052 σωτηρίοις
232 2019 323 2054 λόγοις
341 2020 376 2047 τὰ
398 2021 505 2058 ζοφώδη
520 2023 567 2050 καὶ¹
585 2023 695 2059 ὀλέθρια
713 2026 763 2060 τῆς
783 2027 856 2063 Ὠρι-

84 2061 166 2094 γίνονς
189 2064 358 2100 ὀνειρώξεως
390 2067 596 2103 ἀμϐλωθρίδια⁷
622 2071 655 2105 τῇ
681 2070 729 2097 τοῦ
756 2061 854 2108 ἀνδρὸς

83 2108 234 2145 ¹περιωνύμῳ
251 2110 274 2126 ⁸⁸
299 2111 383 2148 ἀρετῇ
408 2121 438 2139 τε
459 2114 506 2140 καὶ
527 2114 627 2148 γνώσει
649 2116 700 2151 τὴν
713 2116 855 2152 αίρετικὴν

83 2150 214 2182 ὑποϐαλεῖν
236 2155 373 2192 λαθραίως
400 2158 588 2194 διανοηθέντες
614 2150 756 2189 ἀπόνοιαν.
780 2150 853 2190 Διότι

82 2197 149 2224 τοῦτο
163 2200 210 2234 μὲν
221 2202 391 2237 προσθήκαις
398 2202 496 2236 νόθοις.
507 2203 585 2231 τοῦτο
600 2204 631 2231 δὲ
646 2206 692 2232 καὶ
706 2205 853 2243 διαστροφῇ

909 948 1025 975 maxime
1042 955 1089 983 per
1102 958 1205 986 preces,
1222 952 1382 988 oblationes,
1397 959 1425 983 et
1440 956 1628 993 eleemosynas
1644 965 1692 993 pro

907 999 937 1020 se
955 993 1050 1023 iactas.
1064 995 1098 1023 Et
1111 1003 1126 1024 e
1137 998 1274 1026 contrario
1288 1007 1342 1028 non
1355 1001 1405 1029 sic.

942 1082 1079 1112 Hactenus
1102 1085 1211 1120 quidem
1239 1088 1388 1120 reperimus
1411 1089 1548 1118 Gobarum
1569 1091 1690 1126 capitum

909 1135 1018 1155 suorum
1035 1129 1154 1157 libellum
1170 1131 1331 1160 confecisse.

1206 1176 1371 1206 CCXXXIII.

908 1216 1031 1246 Germani
1060 1219 1219 1260 patriotth
1246 1222 1401 1260 (μζ-κου’
1433 1225 1610 1260 apologatictu
1642 1235 1690 1260 pro

1149 1255 1275 1291 Gregorio
1296 1257 1426 1293 Nysmto.

943 1297 1006 1332 Legi
1021 1298 1116 1326 librum
1128 1306 1239 1329 auctore
1251 1302 1398 1336 Germano,
1411 1305 1456 1339 qui
1471 1305 1586 1339 primum
1598 1306 1690 1343 Cyzici

907 1342 1068 1378 ordinatus,
1107 1350 1168 1380 post
1196 1347 1509 1384 Constantinopolitanus
1537 1352 1691 1385 patriarcha

908 1387 968 1422 fuit,
983 1390 1028 1423 qui
1053 1390 1122 1419 liber
1139 1392 1306 1426 inscribitur,
1323 1394 1479 1422 Retribuat:
1496 1401 1520 1423 et
1535 1396 1668 1431 legitimus
1680 1405 1690 1424 :

908 1437 978 1470 quod
994 1437 1105 1471 perinde
1120 1443 1161 1466 est
1178 1446 1209 1467 ac
1223 1439 1321 1475 292a
1338 1441 1360 1469 si
1390 1442 1491 1471 dixeris
1506 1451 1513 1470 :
1532 1443 1568 1471 De
1584 1451 1645 1471 vera
1664 1448 1692 1470 et

909 1480 1025 1516 legitima
1045 1483 1240 1518 retributione,
1258 1487 1329 1520 quod
1352 1487 1515 1521 rependatur
1536 1488 1692 1516 hominibus

908 1531 986 1560 prout
1019 1528 1148 1556 vixerint.
1169 1528 1202 1556 Et
1223 1530 1281 1558 hate
1312 1532 1419 1566 quidctn
1444 1533 1513 1560 tituli
1538 1533 1690 1568 inscriptio.

908 1572 1051 1600 Contendit
1060 1581 1125 1601 vero
1135 1573 1294 1609 Gregorium
1307 1575 1400 1611 Nyssa:
1412 1578 1568 1612 episcopum
1580 1577 1691 1612 ejusque

906 1617 1005 1652 scripta
1030 1618 1063 1646 ab
1085 1619 1209 1654 Origenis
1225 1628 1319 1648 errore
1339 1630 1399 1649 esse
1421 1623 1562 1650 immunia.
1584 1623 1691 1651 Etenim

905 1663 1004 1697 quibus
1021 1664 1144 1693 delirium
1162 1665 1227 1693 illud
1250 1667 1355 1700 placet,
1384 1668 1550 1695 daemonibus
1563 1673 1590 1696 et
1604 1669 1691 1696 homi~

906 1708 985 1735 nibus
1010 1708 1036 1735 itt
1059 1714 1189 1736 aeternam
1215 1717 1322 1745 pomum
1343 1711 1475 1747 conjectis
1504 1712 1691 1740 liberationem

906 1753 968 1781 inde
981 1755 1206 1790 exspectandam:
1223 1756 1260 1783 illi
1272 1756 1355 1791 (quod
1370 1757 1457 1784 virum
1469 1757 1590 1785 doctrina
1602 1757 1692 1791 singu-

907 1798 1008 1832 larem,
1032 1805 1061 1827 et
1083 1799 1238 1836 eloquentia
1261 1802 1393 1837 insignem
1416 1809 1476 1830 cum
1501 1807 1690 1838 agnoscerent,

905 1845 1061 1879 claramque
1077 1846 1229 1875 sanctitatis
1251 1848 1480 1876 existimationem
1500 1855 1548 1883 per
1570 1848 1691 1876 omnium

905 1897 952 1916 ora
966 1891 1137 1918 decantatam
1150 1892 1285 1927 viderent)
1296 1893 1417 1927 aggressi
1435 1897 1500 1921 sunt
1513 1893 1596 1921 claris
1607 1898 1634 1921 et
1646 1900 1692 1921 sa-

905 1935 1036 1964 lutaribus
1051 1936 1110 1971 ejus
1132 1937 1241 1970 scriptis
1263 1937 1381 1965 obscura
1406 1945 1439 1966 ac
1459 1938 1611 1974 perniciosa
1628 1938 1692 1966 Ori-

905 1979 1010 2014 geniani
1029 1981 1116 2007 somni
1134 1986 1239 2007 venena
1257 1981 1422 2015 admiscere,
1435 1982 1585 2017 virtutique
1601 1982 1691 2010 homi-

906 2025 994 2057 nis,et
1007 2025 1135 2053 doctrina:
1145 2026 1243 2054 celebri
1256 2027 1410 2055 haereticam
1425 2027 1531 2055 occulte
1545 2028 1692 2055 amentiam

905 2071 1048 2105 subjicere.
1060 2070 1150 2104 Quare
1165 2072 1263 2106 partim
1278 2072 1468 2101 additamentis
1494 2072 1570 2101 falsis
1591 2073 1692 2108 partim

905 2116 987 2143 rectis
1005 2118 1173 2151 argumentis
1187 2117 1318 2145 violenter
1332 2117 1457 2150 detortis,
1474 2118 1556 2146 multa
1571 2126 1604 2146 ex
1620 2118 1690 2146 irre-

906 2161 1131 2196 prehensibilibus
1145 2162 1205 2198 ejus
1221 2163 1404 2196 monumentis
1424 2163 1586 2191 calumniari
1600 2163 1692 2192 conati

905 2213 978 2234 sunt.
991 2207 1092 2234 Contra
1113 2216 1179 2242 quos
1193 2208 1344 2236 Germanus
1358 2209 1468 2244 pietatis
1482 2215 1612 2244 patronus
1627 2217 1692 2236 acu-

83 2241 127 2268 τῶν
142 2245 226 2280 ὀρθῶν
253 2246 391 2283 λογισμῶν
409 2248 586 2286 βεϐιασμένη,
607 2250 692 2278 πολλὰ
709 2241 854 2287 τῶν

910 2253 963 2276 tum
991 2241 1249 2286 veritatisrgladium
1274 2241 1425 2288 stringens,
1444 2258 1471 2280 et
1494 2253 1606 2280 vulnere
1630 2261 1692 2288 pro-

84 2288 164 2322 μήτων
171 2291 275 2318 ἐκείνου
283 2294 478 2328 συνταγμάτων
490 2295 731 2332 κατακιϐδηλεύειν
740 2298 854 2334 ἐπειρά-

84 2333 167 2379 θησαν.
180 2338 249 2365 Καθ’
262 2336 299 2366 ὧν
307 2340 447 2375 Γερμανὸς
465 2341 536 2377 ὁτῆς
549 2342 693 2374 εὐσεϐείας
706 2333 855 2379 συνήγορος

83 2377 122 2410 (ﬁt
135 2380 181 2415 τῆς
194 2383 323 2418 ἀληθείας
336 2385 452 2420 ἐπαφεὶς
468 2386 500 2413 τδ
528 2386 616 2420 ξίφος,
633 2387 681 2414 καὶ
695 2377 853 2425 νεκροίιςντῇ

84 2423 163 2461 πληγῇ
178 2426 265 2456 λιπὼν
279 2430 342 2461 τοὺς
355 2430 512 2466 πολεμίους,
545 2432 693 2468 νικηφόρον
704 2423 751 2459 καῖ
764 2423 856 2468 Inpia-ri

84 2474 223 2515 αγωνιστὴν
245 2474 293 2501 τὸν
307 2475 370 2503 καθ’
390 2473 422 2503 οὗ
446 2477 495 2508 τὰς
520 2477 668 2510 ἐπιϐουλὰς
687 2479 704 2514 ἡ
728 2479 854 2515 αῑρετικὴ

85 2514 176 2560 ξξάλαγξ
188 2520 376 2557 ἐρρᾳδιούργει
393 2523 441 2549 καὶ
453 2523 640 2556 κατεσκεύαζε
652 2514 853 2560 παρεστήσατοι

85 2558 140 2594 [905
154 2562 198 2601 IL]
210 2565 296 2593 *Εστι
314 2566 365 2601 μέν
381 2564 428 2593 οὖν
449 2569 464 2594 ὀ
477 2569 546 2603 ἀνὴρ
562 2569 591 2595 ἐν
602 2569 641 2604 τῷ
655 2558 774 2605 παρόντι-
783 2570 855 2606 λόγῳ

86 2606 190 2644 καθαρός
204 2620 234 2638 τε
248 2612 296 2638 καὶ
321 2612 433 2648 διειδὴς,
449 2614 496 2640 καὶ
516 2615 566 2646 τὰς
581 2616 609 2641 ἐν
622 2615 736 2650 ὀνόμασι
750 2617 855 2652 τροπὰς

86 2651 204 2690 εὖστὸχως
217 2657 446 2693 ὑποϐαλλόμενος,
466 2660 514 2686 κα)⁵
535 2661 585 2696 τὴν
612 2661 661 2696 μὲν
677 2661 777 2696 φράσιν
790 2662 854 2697 ἡδύ-

87 2704 140 2743 νφν.
152 2702 198 2738 οὐχ
211 2703 394 2740 ὑφελκόμενος
409 2706 438 2732 δέ
459 2707 528 2742 πρὸς
543 2708 713 2742 ψυχρότητα,
730 2710 856 2743 γενναῖος

90 2742 130 2775 μὲν
153 2747 194 2774 τοῦ
217 2749 356 2778 ἐπιϐαλεῖν
370 2752 403 2786 τῇ
434 2752 574 2787 προθέσει,
590 2753 683 2788 ὅμοιος
697 2754 725 2781 δὲ
739 2754 855 2783 διελθεῖν

908 2301 1009 2323 stratos
1027 2296 1117 2323 hostes
1136 2296 1300 2332 relinquens,
1321 2299 1451 2325 victorem
1468 2298 1690 2332 superioremque

906 2347 968 2367 eum
986 2341 1125 2368 constituit
1140 2342 1166 2368 in
1188 2349 1268 2377 quem
1284 2343 1410 2371 haeretica
1428 2343 1559 2371 colluvies
1579 2343 1692 2371 insidias

907 2391 1044 2413 struxerat
1058 2393 1085 2414 et
1098 2393 1236 2422 posuerat.
1253 2387 1339 2424 Hujus
1351 2389 1437 2425 slylus
1451 2389 1478 2417 in
1495 2390 1545 2417 hoc
1558 2389 1691 2425 opusculo

907 2439 990 2467 purus
1009 2440 1041 2460 ac
1058 2433 1157 2467 clarus,
1173 2434 1371 2469 verborumque
1387 2440 1478 2469 tropos
1496 2433 1610 2462 feliciter
1622 2435 1692 2462 arri-

908 2479 995 2513 piens,
1013 2479 1104 2512 phrasi
1120 2484 1231 2507 venusta
1247 2484 1274 2507 et
1291 2480 1420 2516 eleganti,
1435 2487 1488 2508 non
1511 2480 1544 2507 ad
1560 2480 1692 2516 {rigidita-

907 2528 960 2550 tcttt
973 2531 1098 2558 vergens,
1114 2525 1250 2559 proposito
1265 2525 1352 2552 valide
1373 2525 1520 2558 insistens,
1543 2533 1591 2560 par
1610 2526 1692 2552 etiam

907 2568 933 2595 in
951 2568 1167 2595 contentionibus
1177 2568 1364 2603 suscipiendis.
1378 2569 1498 2604 nihilque
1512 2569 1579 2596 citra
1596 2576 1692 2596 neces-

906 2615 1013 2642 sitatem
1030 2614 1196 2646 immiscens,
1210 2615 1276 2642 nihil
1287 2616 1359 2650 quod
1371 2616 1444 2643 dictu
1457 2616 1492 2643 sit
1509 2614 1690 2643 necessarium

910 2661 1130 2696 praetermittens,
1149 2665 1205 2688 tum
1222 2661 1426 2689 constructione
1445 2667 1473 2689 et
1485 2659 1692 2696 epichercmali-

910 2707 969 2740 bus,
989 2712 1042 2734 tum
1065 2706 1322 2742 enthyntematibus,
1340 2711 1367 2734 et
1379 2711 1421 2734 est
1434 2705 1517 2734 veluti
1531 2705 1604 2732 clara
1618 2712 1692 2732 sarta:

909 2754 1038 2783 doctrinae
1049 2761 1156 2782 norma.
1174 2753 1214 2782 Ite
1228 2758 1256 2781 et
1272 2753 1379 2781 illorum
1395 2752 1416 2780 si
1429 2752 1490 2789 quis
1505 2752 1690 2782 vehementes,

704 2800 818 2828 νΔΙιΙίΕ
841 2800 1044 2831 LECTIONES.

117 2837 166 2855 ιδ..

151 2841 206 2876 περὶ
220 2850 272 2869 om.
291 2843 321 2871 Β.
363 2845 385 2860 ⁴⁵
395 2845 574 2873 ἐπεϐᾶιλλοντο
589 2856 619 2880 ς.
658 2847 680 2863 ⁸⁸
693 2847 862 2882 πολωνύμῳ
876 2849 929 2881 [ις.
