1920 3092
225 179 293 211 1101
805 179 935 209 ΡΗΟΤΙΙ
956 179 1009 208 ΡΑἿ

1062 177 1208 208 [ARCH/E
1227 178 1281 208 ΟΡ.
1775 172 1846 206 1108

223 231 321 263 claras,
342 235 369 258 et
386 235 486 269 gratas,
501 235 527 258 et
545 230 711 264 spiritualem
730 231 879 258 doctrinam
891 235 1009 258 ostenta-

1062 230 1096 258 τὰ
1105 230 1293 265 ἀγωνίσματα.
1304 229 1351 256 καὶ
1365 227 1413 255 τοῦ
1430 226 1642 274 μὲν-ἀναγκαίου
1654 225 1847 274 μηδὲν-ἔξωθεν

224 276 288 303 tioni
299 267 472 310 praeferentes
484 276 605 303 scribere
615 276 754 304 arationes
779 277 862 311 cupit,
875 275 1009 311 egregium

1065 273 1260 309 παραπλέκων,
1291 272 1367 299 οὐδὲν
1393 271 1423 298 δὲ
1457 270 1513 297 τῶν
1539 269 1701 305 ὀφειλόντων
1729 267 1847 304 ῥηθῆναι

224 324 266 347 est
277 320 440 355 exemplum,
457 326 483 348 et
499 321 653 349 imitatione
665 322 785 357 dignum.

1066 319 1205 355 παρορῶν,
1221 318 1283 345 οὔτε
1296 318 1357 348 ταῖς
1368 317 1549 347 κατασκευαῖς
1560 314 1622 342 οὗτε
1639 315 1693 346 τοῖς
1703 313 1847 348 ἐπιχειρῆ-

225 374 306 400 μασιν
332 365 393 392 οὔτε
420 367 476 397 τοῖς
493 366 692 401 ἐνθυμήμασιν.
722 366 792 393 Ἀλλ’
819 366 893 393 ἐστιν
907 365 1001 400 ὥσπερ
1012 365 1068 391 τῶν
1097 364 1217 391 εὐσεϐῶν
1234 363 1378 398 δογμάτων
1405 361 1494 388 κανὼν
1506 360 1705 396 ἀπαρέγκλιτος
1720 359 1756 391 ⁸⁷,
1768 357 1842 385 οὕτω

224 411 273 437 καὶ
287 410 353 442 τῶν,
368 410 394 437 εί
416 419 459 442 τις
490 411 576 437 ἐθέλει
598 411 620 426 ⁵⁸
635 411 868 447 λόγους¹γράφειν
881 411 1010 441 δυνατοὺς
1029 410 1075 436 καὶ
1087 410 1184 444 σαφεῖς
1195 409 1242 436 καὶ
1256 409 1403 444 χαρίεντας
1429 406 1478 433 καὶ
1504 407 1694 441 πνευματικὴν
1718 404 1847 431 διδασκα-

225 456 285 482 λίαν
300 456 493 491 προτιμῶντας
503 457 552 491 τῆς
564 457 728 490 ἐπιδείξεως,
739 457 820 484 καλὸν
833 456 1011 491 παράδειγμα
1030 456 1077 482 καὶ
1093 453 1285 490 ἀξιοζήλωτον.

258 499 338 528 Notat
352 501 424 527 enim
439 501 525 535 primo
554 502 713 529 haereticum
730 502 838 536 dogma,
859 500 932 536 quod
950 501 1006 527 daa-

223 552 317 572 mones
336 545 363 572 in
383 536 523 580 antiquum
557 551 670 580 statum,
699 549 725 574 et
735 553 782 574 eos
801 546 886 581 quiin
900 545 1009 580 ﬂagitiis

224 589 279 617 suis
296 589 455 622 moriuntur,
474 595 535 625 post
561 598 655 625 pmuas
680 591 805 619 deiinitas
817 591 844 618 in
867 591 1008 618 beatorum

225 641 367 662 numerum
383 635 570 670 aggregantios
582 641 707 671 nugatur.
719 634 828 663 [ieiellit
838 642 901 662 vero
912 634 1009 662 fabulis

224 679 328 711 plenam
344 679 520 713 impietatem,
532 680 648 715 primum
662 687 678 707 e
693 681 799 708 Domini
819 679 916 714 292D
946 687 1007 707 ver-

225 723 277 755 bis,
289 724 352 751 hinc
368 732 402 752 ex
418 725 573 760 apostolicis
591 726 717 759 decretis,
732 726 833 760 quibus
850 731 877 752 et
894 726 1009 760 prophe-

226 772 313 795 tarum
341 769 493 797 testimonia
519 770 621 804 adjicit,
659 771 732 799 clare
762 772 947 804 ostendentia.
981 777 1009 800 ut

224 816 324 840 aeterna
332 814 668 849 estjustorumineﬂ‘abilis
679 815 783 849 l‘ruitio,
803 816 842 843 sic
859 821 1009 851 etpeccan-

227 858 293 885 tium
303 859 494 893 sempiternam
505 864 585 896 atque
600 861 734 888 inilnitam
748 868 854 896 ptenam
866 861 983 889 futuram
998 871 1006 890 :

1104 496 1297 533 Ἐπιρῤαπίζει
1336 497 1385 532 μὲν
1413 496 1460 523 οὖν
1492 494 1624 530 πρότερον
1650 493 1681 519 τδ
1709 492 1849 529 αἱρετικὸν

1059 544 1157 578 δόγμα,
1168 543 1182 569 ὃ
1196 543 1246 577 τῆς
1273 542 1522 571 ἀποκαταστάσεως
1539 539 1594 566 τῶν
1609 538 1745 574 δαιμόνων
1760 538 1802 570 είς
1814 538 1846 564 τδ

1060 589 1174 624 ἀρχαῖον
1200 587 1249 614 καὶ
1275 587 1329 614 τῶν
1354 587 1383 613 ἐν
1406 585 1554 622 ἁμαρτίαις
1582 583 1792 611 καταλυσάντων
1802 583 1848 610 τὸν

1061 633 1128 669 βίον,
1143 633 1213 669 μετὰ
1222 633 1246 648 ⁸⁵
1263 641 1339 664 τινας
1370 632 1465 663 ποινάς
1488 629 1644 665 ὡρισμένας
1659 629 1697 660 είς
1710 629 1757 655 τὸν
1768 629 1849 664 χορὸν

1060 678 1115 705 τῶν
1130 677 1238 705 δικαίων
1256 677 1393 713 μετελθεῖν
1420 675 1608 711 τερατεύεται.
1633 673 1757 708 Ἐλέγχει
1775 673 1804 700 δὲ
1819 673 1849 699 τὸ

1066 723 1190 759 μυθῶδες
1201 721 1281 749 τοῦτο
1297 721 1457 756 δυσσέϐημα
1467 720 1575 756 πρῶτον
1592 719 1641 754 μὲν
1653 718 1683 751 ἐξ
1694 718 1785 745 αὐτῶν
1794 718 1849 744 τῶν

1063 767 1237 794 Δεσποτικῶν
1264 766 1360 801 φωνῶν
1372 785 1380 798 ,
1394 765 1520 800 δεύτερον
1535 765 1564 791 δὲ
1577 764 1601 780 ⁸⁸
1617 764 1648 790 ὲκ
1659 763 1714 790 τῶν
1729 763 1850 790 ἀποστο-

1059 813 1142 840 λικῶν
1153 812 1348 847 κηρυγμάτων,
1363 808 1403 842 οἷς
1418 809 1481 846 [479
1488 808 1534 843 ιι]
1546 809 1594 836 καὶ
1605 808 1776 844 προφητικὰς
1790 809 1850 834 επι-

1061 858 1189 885 συνάπτει
1208 856 1372 892 μαρτυρίας,
1394 854 1605 891 τρανολογούσας
1626 853 1720 888 ῶσπερ
1739 853 1851 880 αἰώνιον

226 910 278 930 non
306 904 385 931 modo
414 909 504 932 autem
533 906 695 934 testimoniis
720 906 809 934 allatis
844 907 1000 935 hatreticum

1062 903 1105 940 τὴν
1118 903 1172 930 τῶν
1183 902 1294 929 δικαίων
1304 901 1482 936 ἀνεκλάλητον
1491 900 1648 930 ἀπόλαυσιν,
1656 898 1727 926 οὕτω
1738 898 1788 925 καὶ
1801 898 1851 932 τὴν

226 952 306 982 atque
322 948 463 982 profanum
477 950 638 978 condemnat
656 958 798 984 venenum,
816 959 909 979 verum
926 953 1006 980 etiam

224 1000 242 1020 ο
257 994 358 1022 sanctis
367 993 502 1022 Patribus.
519 995 670 1028 Quinetiam
692 996 816 1029 validius,
837 1005 871 1025 ex
888 998 1006 1032 ejusdem

226 1038 344 1073 propriis
364 1040 472 1074 scriptis
491 1047 605 1075 quorum
622 1041 723 1076 perilde
743 1041 853 1069 haeresis
866 1047 1008 1077 patronum

226 1083 349 1115 accipere
366 1092 494 1120 aggressa
519 1089 578 1113 est:
593 1093 627 1113 ex
652 1087 694 1114 his
713 1087 840 1115 otunibus
866 1088 919 1123 piis
951 1096 1010 1116 sen-

227 1127 320 1155 tentiis
331 1132 359 1155 et
370 1128 462 1156 verbis
477 1128 664 1156 calamitosam
688 1129 761 1157 illam
776 1130 928 1165 animaeque
944 1137 1006 1165 per-

227 1171 356 1201 niciosam
375 1173 494 1201 fabulam
519 1181 534 1201 a
549 1179 608 1202 toto
624 1174 696 1202 clero
719 1175 906 1203 ecclesiastico
934 1176 1008 1203 illum

225 1224 360 1250 amovere,
375 1218 446 1253 pium
465 1226 529 1246 vero
545 1219 652 1254 dogma,
670 1221 800 1248 malitiam
817 1228 927 1248 exosum
946 1229 1010 1248 con-

226 1262 335 1290 ﬁrmare
349 1268 375 1290 et
390 1263 496 1298 erigere
509 1269 632 1300 apparet,
646 1265 679 1292 ad
700 1266 828 1294 eumdem
835 1273 940 1302 quoque
954 1273 1010 1294 mo-

226 1307 289 1335 dum
306 1308 440 1338 instruere
462 1317 494 1339 ac
518 1311 625 1339 munire
649 1312 772 1340 veritatis
800 1312 910 1344 vallant,
939 1313 1010 1340 umle

226 1354 330 1382 hostem
341 1362 434 1383 arcere
448 1357 475 1384 iu
491 1362 614 1392 promptu
629 1357 675 1385 sit.
693 1357 769 1385 Dicta
791 1358 894 1394 reliqua
914 1358 1010 1385 deinde

224 1399 311 1426 sancti
330 1399 418 1428 Patris
441 1401 530 1434 all'crt,
556 1403 655 1437 quibus
676 1402 792 1437 improbi
819 1410 851 1429 ac
892 1409 1009 1436 nequam

226 1449 372 1478 sectarum,
386 1453 532 1481 caupones,
560 1448 651 1475 vinum
666 1455 744 1483 aquae
769 1448 915 1477 miscentes
932 1448 1010 1475 adul-

227 1494 316 1518 terare
343 1491 399 1524 illa,
425 1493 489 1526 quin
518 1492 607 1527 potius
636 1493 839 1521 ecclesiasticas
874 1493 1010 1521 doctrinas

227 1535 317 1562 conati
334 1540 408 1563 sunt.
423 1537 477 1564 llas
491 1545 572 1572 porro
585 1545 676 1565 sacras
698 1539 851 1566 sententias
875 1538 1010 1565 adducens

227 1579 261 1606 de
274 1580 436 1616 Origenistis
456 1582 481 1609 iu
501 1583 616 1617 propriis
636 1584 778 1612 sententiis
802 1584 933 1612 convictis
951 1585 1010 1618 qui-

228 1625 278 1652 bus
293 1626 330 1652 illi
348 1627 416 1653 male
436 1628 590 1660 utebantur,
620 1628 786 1663 triumphqu
810 1631 875 1664 egit.
906 1630 1010 1664 Repre-

227 1670 347 1698 hemlens
372 1677 426 1698 tum
449 1674 520 1707 quod
546 1673 664 1708 legitima
690 1674 799 1709 quidem
820 1674 967 1701 audacibus
984 1678 1012 1701 et

228 1716 430 1750 impudentibus
461 1719 653 1746 additamentis
680 1719 818 1754 illegitima
851 1719 1007 1753 redderent,

227 1763 284 1787 tum
300 1768 363 1788 vero
376 1762 558 1790 additamenta
588 1763 790 1795 continuantes,
819 1764 887 1791 nova
914 1772 1011 1799 magna

228 1806 378 1839 arrogantia
396 1810 422 1833 et
442 1807 600 1840 stupiditale
624 1807 657 1834 ad
681 1807 836 1836 htereticam
860 1816 935 1836 suam
951 1809 1010 1844 opi-

227 1850 335 1878 nionem
347 1858 378 1878 ea
401 1853 530 1879 audacter
546 1853 746 1888 detorquerent.
769 1853 812 1886 Et,
838 1859 867 1882 ut
891 1854 1012 1883 breviter

228 1894 314 1922 diram
334 1897 436 1930 omnia,
450 1897 536 1925 sancti
553 1897 632 1933 hujus
657 1898 744 1926 Patris
762 1899 862 1935 scripta
886 1899 919 1927 ab
935 1901 1011 1928 omni

228 1941 352 1968 haeretica
377 1943 519 1976 pravitate,
531 1949 558 1971 et
576 1952 591 1971 a
620 1944 766 1978 calumnia,
780 1953 840 1980 qua:
857 1946 884 1972 in
914 1946 1011 1981 impie.

229 1990 311 2014 latent
332 1988 429 2022 vergit,
445 1989 575 2015 immunia
603 1996 663 2017 esse
683 1990 814 2017 declarat.
836 1990 898 2018 llaec
931 1999 1012 2026 porro

229 2031 385 2060 humanitas
400 2039 427 2061 et
450 2035 632 2074 improbitatis
651 2035 777 2063 refutatio
799 2040 827 2063 et
851 2044 884 2063 ex
901 2041 1010 2065 antece-

1057 948 1112 975 τῶν
1120 946 1288 982 ἁμαρτωλῶν
1296 945 1374 973 ἀτελε
1378 945 1474 980 ύτητόν
1483 953 1512 971 τε
1522 945 1568 971 καὶ
1575 943 1757 971 ἀνυπόστατον
1771 941 1852 969 κόλα-

1060 1001 1113 1020 σιν.
1131 993 1188 1019 Οὐκ
1204 992 1237 1018 ἐκ
1255 991 1309 1018 τῶν
1325 990 1480 1026 εἰρημένων
1492 989 1520 1016 δὲ
1537 989 1618 1023 μόνον
1631 988 1755 1024 χρήσεων
1763 987 1795 1013 τδ
1809 988 1852 1014 αἱ-

1061 1038 1165 1073 ρετικὸν
1179 1037 1226 1064 καὶ
1233 1036 1381 1070 ἀλλόφυλον
1390 1034 1552 1062 καταϐάλλει
1567 1034 1709 1069 φρύαγμα,
1720 1033 1790 1060 ἀλλά
1804 1034 1853 1059 καὶ

1060 1083 1089 1116 ἐξ
1102 1083 1190 1109 ἀλλων
1207 1082 1288 1117 ιερῶν
1301 1081 1417 1116 ἀνδρῶν,
1428 1081 1472 1107 ναὶ
1483 1080 1514 1115 δὴ
1527 1079 1567 1115 (τὸ
1582 1078 1787 1114 κραταιότερον)
1803 1078 1853 1105 καὶ

1059 1129 1092 1155 ὲκ
1103 1129 1202 1163 λογίων
1216 1128 1301 1156 αὐτοῦ
1315 1127 1431 1160 ἐκείνου,
1446 1127 1476 1153 ὃν
1492 1126 1514 1142 ¹¹
1529 1125 1728 1160 κακομηχάνως
1743 1125 1760 1159 ὴ
1773 1124 1852 1159 αἴρε-

1062 1183 1104 1206 σις
1128 1174 1279 1209 συνήγορον
1309 1173 1402 1200 λασείν
1431 1172 1590 1206 ἠγωνίζετο.
1619 1171 1668 1197 Διά
1696 1170 1728 1205 δὴ
1746 1169 1852 1196 τούτων

1061 1218 1176 1246 ἀπασῶν
1189 1219 1243 1245 τῶν
1263 1216 1421 1252 ίερολογιῶν
1434 1216 1464 1243 τὸ
1479 1216 1528 1252 μὲν
1543 1215 1692 1242 παθοποιδν
1705 1214 1754 1240 καὶ
1765 1213 1853 1248 ψυχο-

1061 1265 1162 1300 φθὸρον
1176 1264 1268 1298 πάσης
1288 1262 1518 1298 ὲκκλησιαστικῆς
1529 1260 1709 1297 χοροστασίας
1729 1259 1854 1286 ἀπελαύ-

1060 1320 1114 1338 νων
1137 1310 1278 1345 ἀνεδείχθη
1307 1309 1495 1344 μυθολόγημα,
1525 1307 1556 1333 τὸ
1579 1307 1607 1333 δὲ
1624 1307 1673 1340 τῆς
1705 1305 1852 1335 εὐσεϐεάς

1063 1356 1247 1392 μισοπόνηρον
1279 1354 1420 1390 κρατύνων
1453 1362 1483 1379 τε
1512 1353 1559 1380 καὶ
1583 1351 1692 1386 ἀνυψῶν
1711 1351 1853 1385 φρόνημα.

1061 1402 1139 1429 Οὕτω
1153 1402 1182 1428 δὲ
1196 1401 1434 1437 προδιασκευάσας
1445 1399 1493 1426 καὶ
1505 1398 1744 1434 κραταιωσάμενος
1756 1397 1787 1423 τὸ
1801 1397 1854 1431 τῆς

1063 1448 1194 1484 ἀληθείας
1219 1447 1364 1482 ὀχύρωμα,
1381 1446 1411 1478 ἐξ
1433 1442 1464 1472 οὗ
1479 1444 1643 1472 καταϐαλεῖν
1672 1443 1737 1478 ῥᾷον
1753 1442 1855 1477 ἔμελλε

1061 1493 1106 1520 τδν
1123 1494 1146 1509 ⁵³
1171 1492 1312 1527 πολέμιον,
1340 1491 1376 1518 τὰ
1405 1491 1476 1527 ρητά
1502 1489 1594 1517 λοιπὺν
1619 1488 1687 1524 μετὰ
1698 1487 1787 1514 ταῦτα
1801 1487 1853 1514 τοῦ

1063 1538 1137 1574 ίεροῦ
1154 1539 1270 1573 προάγει
1286 1537 1403 1573 Πατρδς,
1418 1534 1459 1568 οἷς
1476 1537 1501 1563 οἱ
1514 1535 1595 1563 κακοὶ
1609 1534 1657 1561 καὶ
1671 1533 1786 1567 πονηροὶ
1796 1533 1855 1560 τῶν

1060 1584 1203 1618 δογμάτων
1217 1583 1336 1617 κάπηλοι
1347 1582 1393 1609 τὸν
1405 1579 1476 1609 οῐνον
1497 1581 1574 1608 ὕδατι
1597 1579 1741 1615 μιγνύντες
1756 1578 1855 1613 κιὸδη-

1060 1630 1149 1656 λεύειν
1164 1629 1243 1661 αὐτὰ,
1263 1629 1363 1664 μᾶλλον
1379 1629 1407 1655 δὲ
1421 1629 1456 1655 τὰ
1470 1629 1519 1663 τῆς
1540 1627 1703 1662 Ἐκκλησίας
1718 1625 1857 1661 ἐμελέτη-

1063 1684 1112 1702 σαν
1124 1675 1286 1710 διδάγματα.
1304 1673 1398 1701 Ταῦτα
1411 1674 1443 1709 δὴ
1456 1673 1491 1700 τὰ
1509 1673 1570 1708 ἱερά
1598 1672 1667 1708 ρητά
1686 1672 1709 1688 ⁸³
1726 1671 1856 1706 προθεὶς,

1062 1720 1218 1752 ἑαλωκότας
1248 1721 1292 1746 ἐπ’
1317 1719 1469 1754 αὐτοφώρῳ
1497 1720 1560 1751 τοὺς
1579 1717 1787 1753 Ὠριγενιαστὰς
1811 1715 1856 1748 οἷς

1061 1766 1246 1801 ἐκακούργουν
1264 1765 1458 1801 ἐθριάμϐευσε,
1471 1765 1551 1791 τοῦτο
1560 1763 1610 1800 μὲν
1623 1763 1857 1799 ἀπηρυθριασμὲ-

1063 1820 1123 1844 ναις
1147 1811 1196 1838 καὶ
1221 1810 1413 1846 ἀναισχύντοις
1451 1810 1621 1845 προσθήκαις
1642 1807 1857 1839 ἑπινοθεύοντας

1061 1857 1208 1891 διελέγχων
1235 1856 1270 1884 τά
1296 1856 1438 1888 ἀνόθευτα,
1460 1855 1538 1882 τοῦτο
1566 1855 1595 1881 δὲ
1615 1854 1663 1881 καὶ
1686 1854 1718 1880 τὸ
1737 1854 1855 1888 συνεχὲς

1063 1902 1255 1938 ὑφορωμένους
1271 1903 1321 1937 τῆς
1331 1900 1505 1938 προσθήκης,
1518 1902 1550 1928 ἐκ
1563 1900 1662 1935 πολλῆς
1674 1900 1758 1934 ἀλλης
1771 1899 1856 1926 αὐθα-

1062 1948 1135 1979 δείας
1148 1956 1178 1974 τε
1207 1948 1255 1974 καὶ
1270 1947 1409 1981 ἀπονοίας,
1429 1946 1498 1981 πρὸς
1526 1947 1576 1982 τὴν
1600 1946 1743 1981 αίρετικὴν
1759 1945 1854 1972 αύτῶν

1062 1994 1183 2021 ἐπίνοιαν
1198 1993 1455 2028 ἀποθρασυνθέντας
1463 1992 1648 2024 ἐκϐιάζεσθαι.
1659 1992 1725 2024 Καὶ,
1738 1991 1776 2022 ὡς
1784 1991 1855 2022 ἔπος

1063 2042 1160 2073 εἰπεῖν,
1173 2041 1262 2076 πάσης
1274 2040 1336 2072 τοὺς
1349 2040 1395 2067 τοῦ
1403 2039 1499 2075 ἀνδρὸς
1511 2038 1737 2074 ἀπηλλαγμένους
1752 2037 1855 2068 πόνους

227 2078 353 2106 dentibus
371 2079 420 2106 loci
437 2080 588 2114 depravati,
604 2085 632 2108 et
645 2089 678 2110 ex
693 2083 923 2117 consequentibus
943 2090 1010 2110 con-

1063 2087 1208 2122 ἀποφαίνει
1242 2087 1383 2123 αἱρετικῆς
1408 2094 1438 2112 τε
1451 2085 1597 2120 ἐπιϐουλῆς
1609 2085 1657 2112 καὶ
1670 2083 1855 2118 συκοφαντίας

228 2122 318 2150 ﬁcitur
327 2129 354 2151 et
367 2124 570 2152 demonstratur
585 2135 592 2158 ;
623 2131 650 2154 et
662 2134 697 2153 ex
712 2127 772 2155 aliis
789 2129 926 2156 sexcentis
940 2129 1012 2156 beati

1063 2133 1209 2168 ἀφορώσης
1239 2135 1280 2164 εἰς
1310 2132 1447 2159 άσέὃειαν.
1470 2131 1503 2158 Ἦ
1532 2131 1560 2158 δὲ
1575 2129 1719 2165 ἀπαλλαγὴ
1738 2130 1786 2156 καὶ
1802 2129 1854 2164 τῆς

227 2169 350 2203 Gregorii
374 2169 488 2205 Nysseni
506 2171 593 2203 libris,
613 2171 659 2206 qui
687 2173 839 2200 orthodoxe
852 2178 878 2200 et
894 2173 1009 2209 legitime

1063 2177 1233 2213 κακουργίας
1243 2179 1256 2204 ὸ
1274 2177 1384 2212 ἐλεγχος
1407 2177 1439 2203 ἐκ
1460 2184 1490 2202 τε
1505 2175 1559 2202 τῶν
1575 2175 1789 2211 προηγουμένων
1802 2173 1853 2200 τοῦ

226 2215 358 2247 sentiunt,
375 2220 448 2244 recte
462 2217 613 2251 excutiens,
630 2222 660 2244 ut
680 2225 758 2246 nemo
778 2219 875 2247 melius
899 2221 925 2247 in
939 2220 1009 2247 salu-

1065 2221 1324 2257 κεκακουργημένου
1342 2222 1365 2237 ⁵⁸
1377 2220 1477 2256 χωρίου
1489 2221 1536 2247 καὶ
1550 2219 1603 2246 τῶν
1613 2219 1753 2254 ἑπομένων
1769 2227 1855 2244 κατα-

228 2264 301 2288 tares
318 2269 413 2296 preces
438 2269 469 2289 ac
493 2262 587 2290 laudes
613 2263 658 2290 Dei
679 2263 802 2291 laborem
825 2265 905 2292 ﬁniit.
937 2264 1009 2293 Libri

1063 2266 1224 2300 σκευάζεται
1238 2275 1267 2293 τε
1287 2267 1334 2293 καὶ
1349 2266 1581 2297 ἀνακαλύπτεται,
1597 2265 1644 2291 καὶ
1663 2264 1693 2296 ἐξ
1713 2263 1803 2290 ἀλλων
1823 2263 1855 2289 δὲ

227 2309 317 2334 autem
331 2313 399 2340 quos
423 2307 529 2336 insidiis
540 2309 667 2343 excipere
681 2310 803 2337 haeretici
835 2310 920 2338 moliti
935 2316 1009 2344 sunt,

1062 2312 1110 2339 τοῦ
1140 2313 1284 2339 θεσπεσίου
1307 2311 1459 2348 Γρηγορίυυ
1482 2312 1586 2347 μυρίων
1604 2311 1700 2345 λόγων,
1727 2309 1758 2336 τὸ
1773 2308 1854 2344 ὀρθὸν

226 2354 254 2377 et
267 2358 336 2385 quos
353 2351 505 2382 Germanus
523 2355 645 2384 veritatis
665 2360 848 2391 propugnator
867 2356 1009 2391 primarius

1062 2357 1248 2390 διασωζόντων
1261 2358 1310 2384 καὶ
1325 2357 1479 2385 ἀνόθευτον.
1495 2358 1549 2385 Καὶ
1561 2357 1646 2384 ταῦτα
1663 2355 1754 2388 καλῶς
1777 2357 1854 2389 ἀγω-

226 2396 262 2423 ab
275 2396 410 2426 latronum
425 2399 523 2427 insultu
546 2401 605 2428 sine
620 2409 690 2430 noxa
710 2402 841 2434 servavit,
871 2407 935 2429 sunt
948 2402 1009 2429 Diu-

1063 2402 1218 2439 νισάμένος.
1249 2402 1297 2429 καὶ
1322 2403 1360 2435 ὡς
1384 2402 1433 2429 οὐκ
1465 2402 1497 2429 ἀν
1519 2411 1561 2433 τις
1577 2401 1656 2432 ἀλλος
1672 2401 1798 2435 ἄμεινον,
1813 2400 1855 2430 είς

227 2444 303 2476 lugu:
329 2444 364 2469 ad
382 2443 532 2473 Macrinam
554 2455 671 2474 sororem
697 2449 729 2474 de
757 2448 846 2475 animo
864 2456 873 2480 ;
891 2453 918 2475 et
934 2447 1009 2474 Liber

1067 2448 1217 2483 σωτηρίους
1232 2447 1313 2482 εὺχάς
1331 2448 1379 2474 καὶ
1391 2447 1495 2482 δοξολο·ι
1504 2448 1545 2479 ίας
1557 2446 1625 2473 Θεοῦ
1638 2446 1810 2480 ἀποπερατοῖ
1823 2444 1855 2471 τὺ

227 2487 412 2521 catae/retinui,
427 2494 454 2517 et
467 2490 510 2518 ille
526 2491 571 2526 qui
586 2491 624 2519 De
636 2493 752 2527 perfecta
765 2494 818 2519 vita
831 2493 1009 2521 narrationem

1067 2492 1250 2528 φιλοπόνημα.
1270 2493 1302 2519 Ol
1316 2492 1344 2519 δὲ
1371 2492 1457 2527 λόγοι,
1481 2492 1527 2524 οὓς
1542 2491 1668 2519 ὑπελθεῖν
1685 2491 1808 2526 ἐνέδραις
1823 2489 1854 2515 τὸ

227 2532 360 2559 εοηιῖηθῑ-
1066 2537 1213 2573 ἀλλόφυλον
1245 2538 1408 2573 ὲτεχνάσατο
1425 2539 1448 2555 ⁸³
1465 2540 1513 2565 καὶ
1533 2539 1547 2565 ὁ
1567 2539 1642 2573 παρά
1658 2538 1707 2572 τῆς
1719 2535 1855 2570 ἀληθείας

226 2577 338 2613 ταχθεὶς
370 2580 522 2617 στρατηγὸς
550 2580 601 2618 τῆς
627 2582 777 2619 λῃστρικῆς
798 2581 893 2616 ἐφόδου
916 2582 1009 2610 κακῶν
1023 2582 1139 2615 ἀπαθεῖς
1167 2582 1324 2614 διεσώσατο,
1357 2583 1372 2609 ὅ
1398 2592 1428 2609 τε
1455 2583 1524 2617 Περὶ
1554 2583 1658 2618 ψυχῆς
1684 2583 1743 2608 ἐστι
1777 2581 1854 2614 πρὸς

228 2622 286 2656 τὴν
296 2623 434 2661 ἀδελφὴν
453 2626 609 2660 Μακρῖναν
630 2628 784 2664 Διάλογος,
813 2629 858 2656 καὶ
887 2627 981 2664 δήκαὶ
996 2630 1010 2655 ὁ
1030 2628 1234 2663 Κατηχητικὸς
1261 2629 1307 2656 καὶ
1323 2630 1338 2655 ὁ
1364 2630 1434 2664 Περὶ
1452 2630 1568 2657 τελείου
1586 2629 1690 2662 "ﬁlov
1719 2629 1768 2665 τὴν
1795 2630 1854 2655 εἰς·

229 2670 327 2708 ἡγησιν
343 2671 549 2707 ἀναδεξάμενος,
887 2670 889 2672 ⁷

876 2730 992 2758 VARUE
1014 2729 1220 2758 LECTIONES.

264 2770 287 2787 "
298 2771 497 2812 ἀξαρέγὲλιτος
511 2776 646 2812 Scaliger:
661 2776 720 2803 libri
737 2777 971 2812 ἀτπαρεγκ).ητος.
1010 2776 1033 2792 ⁵⁸
1046 2776 1130 2803 ἐθέλοι
1142 2777 1174 2802 Β.
1211 2775 1233 2793 δ’
1247 2775 1315 2812 μετά
1339 2777 1358 2812 ᾼ
1377 2784 1383 2802 :
1397 2775 1467 2812 κατά
1482 2784 1512 2807 ς.
1531 2811 1534 2812 ν
1549 2775 1572 2791 ⁸⁸
1588 2775 1615 2802 δὲ
1630 2775 1728 2812 musa.
1781 2775 1808 2812 7"
1823 2776 1853 2812 ὃν

230 2806 341 2869 23303
399 2805 436 2836 ὦν
447 2819 475 2841 ς.
488 2805 494 2807 “
514 2811 536 2826 “
548 2805 603 2838 τδηῖι
617 2812 646 2838 τὸ
659 2812 691 2839 Α.
728 2813 752 2828 ⁵⁸
772 2805 854 2848 ρητὰῙ
868 2805 977 2847 ῥήματα
996 2813 1025 2840 Β.
1043 2812 1066 2828 ’ν
1080 2805 1318 2848 κακουργουμένου
1339 2811 1369 2837 Β.
1407 2811 1431 2827 ⁸⁸
1445 2805 1606 2846 ἐτεχνήσατο
1623 2819 1652 2841 ς.
1690 2810 1714 2827 ⁸⁶
1727 2811 1793 2846 περὶ
1805 2810 1850 2836 τοῦ
