1920 3092
78 159 139 193 1113

557 157 820 188 BlBLIOTHECA.
839 169 872 175 -·
886 157 968 188 COD.
978 157 1159 188 .CCXXXlV.

1623 158 1693 192 ιιιι

78 218 132 246 ἐπεὶ
147 216 193 244 καὶ
209 215 254 243 διὰ
269 214 346 242 τοῦτο
361 214 475 247 θάνατος
490 214 569 250 ἐδόθη
582 215 657 251 παρὰ
676 215 744 242 Θεοῦ
763 213 802 249 τῷ
815 214 858 246 ὲξ-

914 218 1071 251 potestatem
1089 215 1186 243 mortis
1200 215 1342 243 naturalis.
1355 215 1502 250 Propterea
1514 215 1589 243 enim
1607 224 1623 243 a
1639 217 1694 244 Deo

80 262 252 300 ημαρτηκότι,
270 260 311 288 ίνα
327 259 365 296 μὴ
378 259 512 287 ἀθάνατον
528 260 606 295 μείνῃ
619 260 649 286 τὸ
664 259 759 287 κακόν.
778 258 858 284 Ἀλλὰ

77 310 129 340 πῶς
138 308 216 334 τοῦτο
235 307 364 341 είρηταις
381 305 548 340 σημειωτέον
563 305 604 331 ὅτι
615 305 662 331 καὶ
676 304 766 336 ἄλλοις
779 303 858 339 ἡμῶν

77 353 207 389 Πατράσιν
226 352 345 388 εῐρηται,
360 351 441 386 είπερ
454 351 468 377 ό
483 350 597 382 θάνατος
610 351 666 382 τοῖς
685 349 779 376 τοῦτον
793 358 858 384 μετ-

77 398 226 434 ερχομένοις
242 397 313 424 κατὰ
332 397 377 423 τὸν
393 396 490 431 καιρὸν
510 397 613 422 ἐκεῖνον
629 395 692 422 οὔτε
714 395 856 431 προσθήκη

77 445 131 471 οὔτε
152 443 248 478 ὕφεσις
263 443 285 458 “
303 442 512 478 ἁμαρτημάτων
528 442 645 476 γίνεται.

80 489 128 517 Τοῦ
151 489 245 516 αὐτοῦ
273 489 307 514 ἐκ
335 487 390 514 τοῦ
413 487 507 514 αὐτοῦ
530 488 624 523 λόγου
644 486 858 515 ἀποστολικῶν

206 522 310 557 ῥητῶν
325 523 466 557 ἑρμηνεία
478 522 552 549 κατὰ
569 523 713 556 σύνοψιν.

111 568 282 604 ’Ᾱνεγνώσθη
300 567 347 594 τοῦ
367 567 449 594 αὑτοῦ
462 567 493 594 ὲκ
514 567 560 594 τοῦ
582 566 666 594 αὑτοῦ
688 567 768 602 λόγου
790 567 858 594 ἀπο-

79 613 199 640 πολικῶν
213 613 305 648 ῥητῶν
319 613 452 648 ἑρμηνεία
469 612 542 639 κατὰ
556 612 677 648 σύνοψιν.

108 659 218 694 ἰδωμεν
232 659 263 686 δὲ
279 659 306 685 τί
323 656 358 694 ἦν
371 659 438 694 ὅπερ
453 658 562 694 πρῶτον
581 660 622 690 εἰς
633 659 679 685 τὸν
696 659 857 687 Ἀπόστολον

78 705 247 740 προήχθημεν
260 705 358 731 εἰπεῖν.
371 705 408 730 τὸ
418 705 482 739 γὰρ,
503 704 577 739 Ἐγὼ
589 704 623 731 δὲ
631 705 654 720 "
667 704 749 737 ἔζων,
762 705 857 740 λεχθὲν

78 750 160 785 αὐτῷ’,
188 749 281 784 χωρίς
295 750 390 784 νόμον
409 749 493 781 ποτὲ,
506 749 562 776 ἄνω
578 749 629 784 τὴν
646 750 676 776 ὲν
702 749 741 783 τῷ
765 757 857 784 παρα-

77 796 158 831 δείσῳ,
174 795 305 831 καθάπερ
323 794 353 827 ἐξ
369 794 458 829 ἀρχῆς
474 794 642 830 ὑπεθέμεθα,
659 795 712 830 πρὸ
723 795 772 829 τῆς
787 795 858 821 ὲντο-

77 842 127 876 λῆς,
140 841 188 867 οὐκ
201 841 283 872 ὲκτῦς
298 840 434 876 σώματος,
453 841 521 868 ἀλλὰ
546 840 615 876 μετὰ
633 839 760 875 σώματος
778 840 858 876 ἡμῶν

909 261 1044 294 peccatori
1063 268 1137 289 mors
1155 261 1280 296 infertur,
1295 269 1330 290 ne
1343 262 1443 289 malum
1462 266 1535 290 esset
1550 267 1693 290 aeternum.

909 304 963 332 Sed
977 313 1030 340 qua
1045 306 1150 333 ratione
1174 306 1225 334 hoc
1248 307 1454 342 intelligendum
1469 307 1531 335 est?
1547 307 1693 335 Sciendum

908 350 959 378 hoc
975 351 1057 378 etiam
1076 352 1110 379 ab
1124 352 1185 380 aliis
1205 353 1304 380 nostris
1320 353 1447 386 Patribus
1466 361 1527 381 esse
1547 354 1692 381 traditum:
1727 351 1731 355 ”

908 397 1086 425 morientibus
1108 405 1156 433 per
1177 403 1290 426 mortem
1311 405 1424 434 peccata
1447 407 1498 428 nec
1517 400 1613 436 augeri
1644 407 1694 428 nec

908 449 1005 469 minui.

906 486 1097 524 Compendiosa
1127 489 1254 523 expositio
1277 489 1408 516 dictorum
1434 490 1608 524 quorumdam
1627 497 1692 524 apo-

977 523 1133 549 stolicorum
1145 531 1177 550 ex
1188 524 1277 550 eodem
1287 525 1373 550 sancti
1391 523 1520 551 Methodii
1533 525 1612 552 libro.

942 566 1006 601 Legi
1029 575 1063 595 ex
1085 567 1180 595 eodem
1207 569 1282 596 illius
1311 568 1381 596 libro
1405 569 1625 604 compendiosum
1638 569 1695 596 dic-

906 616 1012 640 ctorum
1030 612 1208 646 quorumdam
1237 613 1445 648 apostolicorum
1465 614 1693 648 explanationem.

945 657 1089 684 Videamus
1109 657 1173 692 quid
1200 658 1232 685 ad
1251 658 1411 694 Apostolum
1434 658 1581 687 habeamus
1594 659 1694 687 dicere.

907 702 974 730 Illud
1001 703 1087 735 enim,
1118 703 1189 738 quod
1220 703 1253 731 ab
1278 711 1311 731 eo
1333 703 1436 731 dictum
1453 708 1515 731 est:
1545 703 1602 739 Ego
1627 705 1697 731 viue-

908 748 967 776 bam
995 749 1051 776 sine
1077 748 1132 783 lege
1144 753 1170 781 ιι,
1190 748 1338 784 aliquando
1370 748 1512 786 [nempe]
1544 757 1652 778 sursum
1669 750 1696 778 in

907 794 1044 830 paradiso,
1078 799 1107 822 ut
1141 794 1175 822 ab
1199 795 1278 823 initio
1298 796 1461 830 posuimus,
1495 800 1559 823 ante
1589 796 1695 831 legem,

908 848 960 867 non
976 845 1053 867 extra
1068 847 1184 875 corpus,
1201 841 1247 868 sed
1271 848 1332 868 cum
1354 848 1469 876 corpore
1489 846 1594 874 nostro,
1612 841 1696 869 vitam

78 888 102 913 ἐν
114 888 167 918 τοῖς
190 886 418 921 πρωτοπλάστοις
436 886 574 921 διαγωγὴν
591 887 746 922 παρεγγυᾷ.
765 886 859 918 Ἐκτδς

914 886 938 914 in
951 886 1126 920 protoplastis
1135 891 1222 914 actam
1241 887 1345 919 indicit,
1359 893 1436 915 extra
1449 887 1696 923 concupiscentiam

78 932 96 958 δ’
107 931 252 966 meum“
267 931 408 966 διήγομεν,
426 931 456 957 οὐ
482 930 664 965 γινώσκοντες
679 931 748 962 ὅλως
764 931 860 957 ὲπιθυ-

80 978 137 1011 μίας
154 976 320 1012 προσϐολάς.
343 975 408 1012 [912
423 975 469 1012 R.)
496 977 533 1003 Τὸ
548 977 603 1011 γὰρ
627 976 665 1012 μὴ
684 976 756 1012 ἔχειν
774 976 859 1012 διορι-

81 1021 139 1056 σμὸν
153 1021 214 1048 καθ’
225 1021 256 1047 δν
277 1020 318 1047 δεῖ
330 1020 532 1053 πολιτεύεσθαι,
546 1021 614 1056 μηδὲ
638 1021 762 1054 ἐξουσίαν
778 1022 860 1049 αὑτο-

79 1068 203 1094 δέσποτον
227 1067 321 1102 λογίου
345 1067 414 1102 ποίῳ
432 1066 496 1103 [482
517 1067 564 1103 IL]
589 1068 631 1094 δεῖ
645 1068 763 1103 χρῆσθαι
783 1067 860 1094 πολι-

80 1112 196 1148 τεύματι,
218 1113 263 1140 ῐνα
273 1113 386 1144 δικαίως
397 1113 413 1148 ἢ
425 1112 526 1148 τιμηθῇ
539 1113 555 1148 ἢ
566 1113 662 1148 ψεχθῇ,
675 1113 860 1140 ἀνυπεύθυνον

81 1159 170 1190 παντὸς
184 1158 314 1186 λέλεκται
334 1159 469 1194 ὑπάρχειν
483 1158 561 1185 τοῦτο
571 1158 654 1194 ὲγκλή
659 1167 753 1194 ματος,
767 1158 808 1185 ὃτι
822 1159 860 1195 μὴ

81 1204 181 1230 δύναται
201 1204 307 1231 τούτων
320 1213 363 1236 τις
375 1203 556 1238 ἐπιθυμῆσαι,
574 1200 612 1230 ὧν
633 1204 671 1238 μὴ
687 1203 840 1231 κεκώλυται
850 1212 859 1220 ·

81 1250 126 1278 κᾶν
146 1249 308 1286 ἐπιθυμήσῃ
320 1250 358 1282 δὲ,
381 1250 432 1277 οὐκ
448 1249 647 1285 αἰτιαθήσεται.
674 1249 711 1275 Τὸ
724 1250 779 1284 γὰρ
798 1251 859 1276 ἐπι-

82 1295 191 1330 ουμῆσαι
207 1296 260 1322 οὒκ
275 1296 322 1322 ἐπὶ
335 1296 389 1322 τῶν
405 1295 547 1329 παρόντων
561 1295 608 1322 καὶ
625 1295 812 1330 ὑποκειμένων
831 1296 861 1322 ὲν

82 1341 179 1377 ἐξουσίᾳ
190 1342 297 1374 πίπτει,
312 1341 370 1368 ἀλλ’
382 1341 429 1368 ἐπὶ
437 1341 491 1368 τῶν
503 1341 644 1376 παρόντων
654 1340 714 1376 μὲν,
728 1341 766 1377 μὴ
777 1341 860 1368 ΰντων

81 1387 100 1414 δ’
115 1389 140 1414 ἓν
151 1387 279 1423 ἐξουσία·
296 1387 355 1419 πῶς
371 1387 437 1422 γὰρ,
451 1384 482 1413 οὗ
508 1387 545 1422 μὴ
569 1387 721 1414 κεκώλυται
739 1395 781 1418 τις
798 1387 860 1422 μηδ’

83 1432 162 1467 ἐνδεής
174 1434 241 1465 ἔστι,
259 1431 355 1459 τούτου
374 1433 443 1468 ἐρᾷς
468 1432 530 1459 ὅθεν
560 1432 605 1458 διὰ
622 1432 701 1458 τοῦτο
719 1432 780 1465 Τὴν
798 1432 860 1458 ἐπι-

83 1476 181 1510 θυμΙαν
190 1478 247 1504 οὐκ
263 1477 358 1511 ᾔδειν,
367 1478 393 1503 εὶ
405 1477 448 1512 μὴ
462 1478 479 1503 ό
490 1477 583 1511 νόμος
592 1476 707 1509 ἔλεγεν,
721 1478 781 1504 οὐκ
796 1477 861 1503 ἐπι-

83 1520 225 1555 θυμήσεις.
249 1521 431 1553 Ἀκούσαντες
453 1521 523 1557 γάρ·
545 1521 618 1549 Ἂπὸ
636 1521 670 1548 δὲ
690 1521 744 1548 τοῦ
764 1521 859 1553 ξύλου

83 1567 128 1593 τοῦ
141 1568 300 1602 γινώσκειν
324 1568 420 1595 καλὸν
435 1568 484 1594 καὶ
509 1567 645 1601 πονηρὸν
668 1569 705 1595 οὐ
726 1568 859 1602 φάτεσθε

83 1613 224 1642 ἀπἀὐτοῦ
234 1623 242 1631 ·
259 1612 280 1651 ᾗ
292 1615 318 1641 δ’
335 1614 374 1642 ἃν
385 1615 481 1650 ἡμέρᾳ
497 1615 612 1650 φάγητε
628 1615 679 1643 ἀπ’
691 1615 795 1647 αὐτοῦ,
811 1617 861 1642 θαι

84 1659 151 1693 νότῳ
170 1661 382 1694 ἀποθανεῖσθε,
398 1661 459 1687 τότε
475 1661 504 1688 τὺ
523 1661 693 1696 ἐπιθυμῆσαι
715 1660 861 1687 συνέλαϐον

85 1706 123 1732 καὶ
139 1707 298 1742 ὲκίσσησαν.
321 1708 367 1734 Διὸ
385 1708 417 1743 δὴ
442 1708 499 1742 τὴν
516 1708 678 1742 ἐπιθυμίαν
698 1707 789 1739 καλῶς
805 1708 861 1734 οὐκ

85 1751 160 1785 ﬁdem
174 1753 284 1788 ἐλέχθη.
301 1755 326 1780 εί
330 1753 373 1788 μὴ
382 1755 399 1780 ὀ
406 1753 498 1787 νόμος
507 1753 612 1787 ἔλεγεν
620 1761 629 1769 ⁸
645 1753 706 1779 Οὐκ
717 1753 862 1787 ἐπιθυμήο

85 1803 150 1829 σεις,
165 1798 223 1824 οὐδὲ
247 1797 360 1830 ἐσθίειν,
377 1799 401 1824 ει
424 1797 461 1833 μὴ
483 1798 588 1833 είρητο·
605 1798 646 1824 Οὐ
661 1796 793 1832 φάγεσθε
809 1795 861 1823 ἀπ’

85 1841 176 1868 αὑτοῦ.
199 1842 342 1869 Ἐντεῦθεν
373 1842 427 1878 γὰρ
449 1842 585 1876 ἐκτήσατο
613 1841 742 1876 ἀφορμὴν
763 1841 804 1872 εἰς
831 1840 863 1867 τὸ

85 1885 210 1919 διαπαῖξαί
226 1896 261 1923 με
272 1888 289 1922 ὴ
300 1888 324 1904 ⁸¹
336 1888 473 1924 ἁμαρτία·
487 1887 611 1922 δοθείσης
625 1888 678 1922 γὰρ
691 1887 740 1922 τῆς
753 1887 862 1922 ἐντολῆς

86 1931 138 1966 ἔσχε
155 1934 238 1970 λαϐὴν
258 1935 271 1961 ὀ
287 1935 411 1967 διάϐολος
441 1934 664 1970 κατεργάσασθαι
683 1935 712 1961 ἐν
734 1934 797 1969 ἐμοὶ
813 1934 864 1969 τὴν

87 1978 239 2014 ἐπιθυμίαν·
266 1981 360 2015 Χωρὶς
372 1981 427 2016 γὰρ
449 1981 544 2015 νόμου
569 1981 588 2015 ἠ
613 1981 741 2016 ἁμαρτία
760 1980 862 2014 νεκρὰ,

86 2021 134 2051 οίον
150 2027 179 2052 οὐ
195 2026 323 2062 δοθείσης
345 2027 400 2063 γὰρ
415 2027 465 2061 τῆς
487 2027 599 2062 ἐντολῆς
620 2027 760 2062 ἄπρακτος
784 2024 819 2062 ἦν
847 2027 864 2061 ἡ

87 2070 205 2105 ἁμαρτία.
218 2072 295 2107 Ἐγὼ
304 2072 337 2099 δὲ
347 2071 419 2102 ἔζων
431 2073 483 2107 πρδ
493 2072 542 2107 τῆς
552 2072 661 2107 ἐντολῆς
672 2072 823 2107 ἀμέμπτως
829 2071 862 2100 ⁸⁸.

87 2116 129 2143 οὐκ
143 2117 211 2152 ἔχων
229 2118 366 2153 ἐπιταγὴν
379 2118 441 2145 καθ’
458 2119 491 2154 ἥν
510 2118 564 2145 ἔδει
580 2118 780 2145 πολιτεύεσθαι.
799 2119 864 2146 Ἐλ-

88 2163 191 2197 fictione
202 2164 236 2191 δὲ
254 2163 309 2198 τῆς
325 2163 452 2199 ἐντολῆς
463 2165 483 2198 ἡ
499 2164 627 2199 ἁμαρτία
640 2163 797 2198 ἀνέζησεν.
810 2164 866 2200 ἐγὼ

873 1547 896 1578 C

911 937 1001 959 tamen
1030 932 1160 964 viximus,
1187 932 1272 967 ignari
1299 933 1406 967 penitus
1427 941 1487 968 qua:
1511 933 1550 961 vis
1568 932 1627 969 [aut
1643 934 1695 960 im-

911 976 1007 1013 petus]
1032 982 1105 1004 esset
1121 978 1358 1012 concupiscentiae.
1384 977 1490 1005 Etenim
1515 986 1568 1005 non
1595 977 1697 1005 habere

911 1024 944 1049 ad
959 1022 1034 1055 cuius
1047 1023 1233 1057 prwscriplum
1249 1023 1334 1055 vivas,
1356 1030 1445 1057 neque
1460 1023 1612 1057 explicandi
1626 1022 1694 1056 iussi

911 1068 992 1095 divini
1011 1068 1075 1101 (quo
1091 1073 1168 1103 pacto
1181 1068 1325 1095 vivendum
1346 1068 1403 1100 sit,
1425 1073 1454 1094 ut
1468 1068 1509 1094 vel
1524 1068 1615 1094 debito
1630 1075 1698 1102 pra:-

911 1113 965 1141 mio
980 1113 1115 1146 aﬂlciaris,
1142 1114 1182 1141 vel
1208 1113 1357 1148 damneris)
1378 1113 1493 1141 liberam
1519 1117 1698 1151 potestatem,

910 1159 962 1187 hoc
980 1160 1014 1186 ab
1030 1160 1103 1186 omni
1132 1167 1225 1186 rerum
1251 1159 1368 1186 crimine
1385 1157 1516 1190 absolvit,
1531 1159 1595 1192 quia
1617 1164 1698 1184 nemo

911 1206 1014 1240 appetit
1028 1213 1057 1233 ea
1073 1213 1132 1240 quae
1160 1213 1211 1232 non
1229 1205 1419 1240 prohibentur.
1443 1204 1475 1232 Et
1488 1203 1614 1238 quamvis
1631 1210 1698 1230 con-

910 1250 1035 1284 cupierit,
1062 1259 1113 1277 non
1140 1255 1226 1277 tamen
1252 1249 1433 1277 accusabitur.
1460 1248 1596 1283 Appetere
1624 1247 1695 1275 enim

911 1304 964 1324 non
976 1296 1048 1323 cadit
1062 1296 1088 1322 in
1108 1296 1263 1331 praesentia,
1279 1299 1307 1322 et
1323 1302 1354 1322 ea
1369 1302 1429 1330 qua:
1440 1294 1468 1321 iu
1488 1297 1621 1328 potestate
1637 1296 1700 1320 sum

910 1342 996 1377 posita
1025 1340 1090 1378 [sed
1120 1342 1146 1368 in
1175 1341 1317 1376 praesentia
1338 1339 1465 1374 quidem,
1493 1346 1546 1365 non
1565 1343 1654 1364 tamen
1671 1337 1698 1364 in

910 1392 1047 1423 potestate
1065 1392 1157 1414 nostra
1178 1385 1296 1422 posita].
1320 1385 1461 1418 Quomodo
1476 1384 1547 1411 enim
1562 1384 1612 1410 hoc
1624 1383 1700 1417 quis-

911 1435 983 1469 piam
996 1438 1077 1466 amet,
1091 1441 1105 1460 a
1117 1441 1171 1468 quo
1184 1440 1236 1459 non
1249 1437 1367 1464 arcetur,
1379 1437 1407 1458 et
1422 1438 1475 1466 quo
1492 1438 1544 1457 non
1568 1429 1670 1464 indiget
1689 1428 1702 1455 τ

911 1479 980 1507 Hinc
1006 1479 1243 1513 concupiscentiam
1268 1477 1444 1508 nesciuissem,
1471 1476 1522 1503 nisi
1548 1476 1590 1503 (ea:
1617 1475 1702 1502 dixis-

912 1530 949 1553 set
963 1533 973 1552 :
989 1524 1052 1552 Non
1066 1524 1230 1556 concupisces
1246 1527 1270 1548 tt.
1292 1521 1440 1549 Audientes
1463 1521 1534 1549 enim
1549 1529 1556 1549 :
1571 1519 1608 1547 De
1633 1519 1702 1554 ligno

911 1571 1026 1597 scientiae
1043 1569 1102 1596 boni
1114 1573 1138 1596 et
1161 1568 1226 1595 mali
1240 1575 1291 1594 non
1309 1566 1406 1603 294i:
1425 1566 1575 1593 comedetis.
1590 1564 1623 1592 In
1635 1572 1702 1600 qua-

910 1623 1018 1650 cumque
1040 1614 1109 1641 em'm
1134 1613 1177 1640 die
1203 1612 1368 1640 comederitis
1397 1619 1429 1638 ea:
1466 1620 1508 1643 eo,
1533 1615 1616 1637 morte
1645 1617 1704 1636 mo-

911 1662 1016 1690 riemini
1037 1666 1059 1693 τ,
1101 1665 1164 1687 tunc
1193 1658 1440 1694 concupiscentiam
1474 1657 1646 1692 arripuerunt
1677 1660 1705 1683 (ι

911 1710 1101 1741 conceperant.
1111 1705 1173 1732 Ideo
1182 1705 1250 1732 bene
1261 1704 1363 1731 dictum
1372 1708 1431 1730 est:
1458 1701 1705 1735 Concupiscentiam

912 1752 1070 1784 nesciebam,
1086 1750 1137 1778 nisi
1153 1749 1195 1776 (ex
1214 1749 1342 1776 dixisset:
1358 1746 1420 1774 Non
1434 1747 1599 1780 concupisces
1610 1751 1634 1771 ³.
1650 1744 1706 1772 Nec

912 1797 1054 1825 comedere
1067 1793 1298 1832 [appetivissem]
1320 1793 1371 1820 nisi
1395 1793 1498 1820 dictum
1510 1790 1603 1818 inisset
1618 1799 1626 1817 :
1643 1789 1705 1816 Non

913 1836 1106 1869 comedetis“:
1123 1840 1180 1866 illo.
1202 1839 1269 1866 lliuc
1289 1839 1362 1866 enim
1398 1841 1539 1871 peccatum
1565 1835 1630 1862 mihi
1643 1835 1705 1862 illu-

914 1889 993 1916 dendi
1021 1887 1194 1915 occasiOnem
1226 1885 1341 1919 accepit.
1370 1883 1439 1910 Dato
1465 1882 1537 1910 enim
1567 1881 1704 1913 mandato,

913 1933 1036 1961 diabolus
1051 1932 1222 1960 occasionem
1239 1931 1333 1958 halmit
1348 1929 1486 1957 excitandi
1500 1928 1527 1966 in
1543 1935 1586 1955 me
1601 1934 1702 1953 concu-

914 1979 1085 2014 piscentiam.
1099 1977 1166 2004 Nam
1181 1977 1240 2003 sine
1257 1975 1317 2010 lege
1332 1979 1473 2009 peccatum
1486 1978 1547 2002 erat
1559 1977 1705 2000 mortuum.

914 2026 976 2061 Non
1002 2025 1064 2053 data
1099 2024 1173 2051 enim
1209 2022 1284 2058 lege,
1312 2026 1454 2057 peccatum
1484 2020 1561 2054 quasi
1586 2017 1708 2046 ineﬂicax

915 2077 983 2101 erat.
1003 2071 1058 2106 Ego
1077 2075 1167 2098 autent
1188 2069 1311 2097 vivebam
1328 2073 1391 2096 ante
1405 2067 1492 2102 legem
1518 2066 1663 2100 inculpate,
1678 2069 1709 2092 ut

916 2119 961 2154 qtti
980 2124 1103 2145 normam
1130 2124 1182 2144 non
1207 2115 1335 2143 haberem
1367 2113 1516 2141 secundum
1536 2119 1617 2147 quam
1634 2110 1709 2138 vive-

916 2172 984 2192 rem.
1002 2163 1055 2190 Sed
1072 2170 1131 2190 cum
1144 2162 1255 2189 venisset
1274 2160 1441 2191 mandatum,
1455 2162 1592 2193 peccatum
1604 2156 1709 2183 revixit.

88 2208 117 2234 δὲ
127 2210 284 2243 ἀπέθανον.
298 2210 348 2238 καὶ
370 2212 477 2246 εὑρέθη
501 2221 552 2247 μοι
567 2212 590 2228 ⁸⁸
616 2212 635 2246 ἡ
651 2212 761 2246 ἐντολὴ
784 2213 803 2247 ἡ
824 2213 861 2245 εις

919 2209 975 2244 Ego
986 2213 1074 2235 autent
1090 2212 1206 2234 mortuus
1218 2213 1288 2237 sum,
1305 2205 1340 2239 et!
1349 2205 1484 2231 inventum
1497 2207 1542 2247 es‘
1556 2201 1620 2228 mihi
1638 2209 1711 2227 man-

90 2253 165 2289 ζὶυὴν,
180 2257 256 2290 αὕτη
271 2257 294 2273 ⁸⁸
309 2258 354 2290 εἷς
372 2257 514 2290 θάνατον,
538 2257 580 2285 ὅτι
604 2257 674 2292 μετὰ
697 2257 728 2284 τὺ
752 2258 866 2292 νομοθε-

89 2300 161 2334 τῆσαι
174 2303 220 2330 τὸν
241 2303 327 2335 Θεὸν,
347 2303 397 2330 καὶ
418 2303 621 2331 διαστείλασθαι
639 2312 683 2339 μοι
702 2303 720 2330 ἃ
741 2303 868 2339 ποιητέον

91 2347 131 2372 καὶ
145 2347 179 2383 μὴ
196 2349 322 2383 ποιητέον
332 2369 340 2381 ,
358 2350 562 2384 κατειργάσατο
581 2351 611 2376 ἐν
625 2350 687 2385 ἐμοὶ
708 2350 758 2385 τὴν
773 2350 868 2376 ἐπιθυ-

93 2391 149 2424 μίαν
160 2393 174 2419 ὁ
189 2394 322 2426 διάϐολος.
343 2395 374 2421 Ἣ
401 2395 454 2430 γὰρ
473 2395 627 2429 ἐπαγγελία
641 2395 688 2422 τοῦ
701 2394 768 2422 Θεοῦ
785 2396 802 2431 ἡ
825 2395 869 2422 Go-

92 2434 160 2462 θεῖσα
174 2446 218 2472 μοι
234 2437 304 2474 αὕτη
321 2439 360 2470 εἰς
375 2438 448 2474 ζωὴν
468 2439 514 2465 καὶ
534 2438 700 2474 ἀφθαρσίαν,
716 2439 760 2465 ἴνα
778 2438 870 2465 πειθό-

92 2489 163 2515 μενος
175 2484 243 2520 αὐτῇ
266 2484 310 2510 ἀεὶ
330 2484 463 2512 θάλλοντα
482 2485 550 2520 πρὸς
572 2485 721 2511 ἀθανασίαν
738 2485 793 2520 βίον
817 2484 870 2520 ἔχω

92 2527 133 2553 καὶ
153 2529 249 2564 χαρὰν,
265 2529 429 2565 ἁθετήσαντι
454 2530 540 2564 αὐτὴν
564 2531 604 2562 εἰς
627 2530 743 2557 θάνατον
768 2529 870 2564 ἀπέϐη,

93 2572 203 2609 ἒπειδὴό
223 2574 357 2614 διάϐολος,
377 2575 406 2602 ὃν
431 2575 570 2614 ἁμαρτίαν
589 2575 637 2602 νῦν
663 2571 740 2607 οὗτος
757 2574 870 2601 ἐκάλεσε

93 2615 132 2644 διὰ
142 2619 170 2645 τὸ
179 2611 345 2656 δημιουργὸν
360 2620 442 2647 αὑτὸν
453 2611 591 2657 ἇμαρτίας
605 2620 750 2656 ὑπάρχειν,
761 2620 806 2647 διὰ
819 2619 870 2648 τῆς

95 2663 192 2701 ἐντολῆς
213 2666 342 2702 ἀφορμὴν
362 2665 453 2693 λαϐὼν
469 2667 538 2702 πρὸς
563 2668 708 2702 παρακοήν
729 2666 871 2701 ἀπατῆσαί

125 2737 139 2757 ι)
150 2732 283 2767 Rom.vn,
296 2733 325 2762 9.
362 2739 377 2760 tt
392 2734 479 2762 Exod.
496 2743 543 2769 xx,
559 2735 601 2763 Π.
641 2740 652 2754 ι’
668 2735 735 2763 Gen.
749 2743 780 2767 ιι,
791 2735 833 2762 l7.

919 2255 1008 2281 datum
1024 2252 1094 2288 quod
1102 2256 1158 2278 erat
1168 2250 1201 2277 ad
1217 2251 1306 2283 vitam,
1318 2249 1365 2276 hoc
1375 2256 1430 2276 esse
1445 2247 1479 2274 ad
1495 2245 1631 2274 mortem“.
1641 2245 1709 2272 Nam

924 2305 986 2335 post
1002 2300 1086 2333 legem
1108 2305 1123 2324 a
1138 2298 1194 2324 Deo
1211 2296 1304 2327 latam,
1321 2299 1349 2322 et
1362 2294 1520 2321 mandatum
1539 2292 1604 2319 tnihi
1619 2292 1711 2318 datum

920 2345 984 2381 quid
1008 2344 1161 2371 faciendum
1175 2346 1260 2374 esset,
1287 2345 1415 2375 operatus
1436 2343 1477 2367 est
1498 2338 1524 2365 in
1548 2345 1591 2365 me
1610 2345 1711 2365 conen-

924 2390 1086 2427 piscentiam
1098 2387 1233 2416 diabolus.
1259 2385 1328 2413 Nam
1349 2384 1493 2420 promissio
1509 2382 1715 2420 [przeceptunﬂ

922 2435 969 2462 Dei
996 2434 1062 2462 mihi
1091 2433 1153 2460 data
1185 2431 1218 2458 ad
1244 2430 1328 2457 vitam
1358 2434 1385 2457 et
1416 2429 1659 2460 immortalitatem,
1683 2433 1712 2454 nt

921 2481 1052 2509 obediens
1084 2479 1138 2513 illi,
1165 2479 1247 2505 vitam
1279 2476 1313 2504 ad
1343 2475 1577 2503 immortalitatem
1605 2481 1713 2507 semper

921 2527 1135 2557 elllorescentem
1155 2525 1282 2557 habeam,
1304 2528 1332 2551 et
1357 2523 1502 2558 gaudeam,
1529 2520 1712 2549 contemnenti

922 2575 994 2601 illam
1014 2573 1043 2601 in
1068 2577 1182 2600 mortem
1205 2570 1305 2598 vertit:
1336 2576 1398 2596 cum
1415 2567 1550 2599 diabolus,
1572 2573 1652 2600 quem
1669 2566 1714 2592 hic

922 2623 1064 2655 peccatum
1080 2617 1240 2648 nominavit,
1256 2623 1289 2643 eo
1311 2615 1384 2650 quod
1410 2614 1468 2649 ipse
1486 2613 1652 2652 architectus
1664 2618 1712 2637 seu

929 2668 1024 2691 auctor
1040 2662 1075 2691 sit
1098 2661 1213 2697 peccati,
1233 2660 1279 2695 qui
1305 2663 1429 2694 accepta,
1459 2665 1507 2693 per
1538 2660 1713 2692 praeceptum,

873 2741 884 2754 ι
897 2734 977 2762 Rom.
988 2741 1037 2767 vn,
1051 2732 1078 2759 'I.
1120 2732 1131 2750 ί
1146 2731 1212 2760 ibid.
1223 2730 1251 2764 9,
1263 2729 1308 2759 l0.

735 2782 853 2810 VARIA'.
874 2780 1076 2809 LECTIONES.

98 2858 118 2876 ..
127 2825 279 2876 ῗῖξῖεξιςιλ
298 2836 306 2855 =
319 2827 464 2876 inter:
477 2836 508 2860 ς·

129 2868 170 2896 μοι
180 2861 241 2892 add:
253 2863 287 2891 Δ.
323 2861 349 2880 ⁸⁸
361 2861 430 2898 αὑτὴ
446 2870 476 2895 ς.

560 2828 583 2845 ⁸⁸
599 2828 656 2864 ἐγὼ
677 2828 717 2865 δὲ]
740 2829 819 2857 Rom.
841 2837 890 2863 vtt,
903 2830 932 2862 9.
979 2827 1003 2844 ⁸³
1019 2827 1037 2863 ἡ
1049 2825 1110 2854 add.
1127 2825 1160 2853 Α.

1217 2823 1241 2841 ⁸⁵
1254 2818 1419 2858 ἀμέμπτως]
1435 2818 1492 2855 βίον
1508 2817 1652 2854 ἄμεμπτον
1682 2816 1712 2843 Β.
