1920 3092
224 138 291 173 1119

798 139 930 171 ΡΗΟΤΠ
948 138 1200 169 ΡΑΤΒΙΛΠΟΗΕ
1220 138 1272 168 CP.

223 194 296 221 exuti
321 201 424 225 sumus,
449 198 477 221 et
501 193 600 229 296a
623 192 757 228 corporali
783 194 1012 228 concupiscientia

1078 192 1197 224 ιωθέντες
1216 192 1245 218 δὲ
1272 191 1419 227 ἐπιθυμίας
1450 192 1545 228 ὑλικῆς
1557 193 1620 228 ,νιῆν
1649 193 1664 219 6
1687 191 1865 228 πολύτροπος

225 238 338 273 impleti.
354 245 435 272 quam
455 238 570 265 callidus
584 238 662 266 nobis
675 246 788 272 scrpens
807 239 929 265 immisit.
944 238 1011 265 llEnc

227 284 297 310 Deus
318 287 442 315 mortem,
459 291 513 317 qua
535 283 638 310 deleret
661 284 686 309 in
706 284 782 311 nobis
795 289 946 317 peccatum,
961 291 1012 312 ex-

225 328 365 362 cogitavit.
379 332 408 354 ut
429 335 462 355 ne
480 328 504 354 in
521 328 608 360 nobis,
629 328 651 355 si
674 328 842 356 immortales
866 329 1013 356 mansisse-

227 380 296 404 mus,
311 372 392 399 etiam
413 372 633 406 concupiscentia
656 380 762 407 semper
784 373 947 407 repullulaus
963 374 1013 399 im-

227 416 349 444 mortalis
365 421 447 444 esset.
475 416 549 444 Unde
570 417 713 452 Apostolus
733 426 739 443 :
768 416 828 444 Scio
850 418 919 444 enim
942 417 1012 452 quod

226 470 278 488 non
302 462 400 488 habitet
416 462 443 489 in
463 470 515 494 me,
539 462 586 489 hoc
610 467 659 495 est,
678 462 705 489 in
720 470 799 489 carne
816 471 885 494 mea,
902 463 1013 495 bonum;

227 505 298 539 quod
314 514 374 532 cum
388 506 465 539 dicit,
488 505 544 532 vult
563 505 702 533 declarare
722 511 861 540 peccatum
880 507 906 533 in
924 507 1012 539 nobis,

227 557 290 585 post
307 551 569 586 pravaricationem,
587 559 635 585 per
654 552 903 586 concupiscentiam
925 553 1015 579 nidill-

229 605 315 630 casse,
331 598 407 631 cujus
424 597 498 637 velut.
520 605 588 625 nova
606 598 741 633 germina,
757 598 939 632 cogitationes
954 606 1016 624 car-

229 651 291 671 nem
319 644 457 671 titillantes
483 643 510 671 in
536 644 614 671 nobis
634 651 741 678 semper
771 644 935 671 excitantur.
959 643 1017 670 Duo

229 688 302 713 enim
318 688 511 722 cogitationum
522 695 620 723 genera
630 687 776 720 exsistunt,
790 687 904 715 alterum
918 695 932 714 a
950 695 1017 715 con-

230 733 417 767 cupiscieutia,
433 741 463 761 se
487 734 512 760 in
529 731 627 768 corpus
643 738 767 761 nostrum
790 734 955 765 insinuante.
970 742 1019 761 na-

233 783 298 810 tum,
316 779 385 812 quod
407 786 439 806 ex
464 787 555 809 sensu.
569 779 679 812 ut’dixi,
695 787 741 806 seu
764 780 938 814 cogitatione,
955 787 1017 806 cor-

232 823 331 857 poralis
348 824 459 859 spiritus
471 830 587 857 constat;
602 825 716 852 alterum
729 830 820 852 autem
832 834 846 852 a
863 825 922 860 lege
935 825 1018 852 diviui

231 870 357 904 puecepti
386 870 574 907 [profectum],
596 879 675 905 quam
701 872 738 898 uti
763 871 912 898 naturalem
934 871 1019 906 legem

233 923 247 940 a
267 914 320 942 Deo
334 916 441 943 insitam
462 917 628 950 accepimus,
649 911 974 950 quaementem'nostram
987 917 1021 944 ad

231 961 357 987 virtutem
395 960 506 988 excitat.
535 961 612 988 Unde
643 962 863 989 condelectamur
892 963 964 997 legi,
995 962 1021 990 in

233 1007 335 1040 animo,
350 1006 400 1034 hoc
416 1007 487 1035 enim
503 1009 616 1036 interior
634 1008 716 1036 homo
734 1014 785 1036 est.
801 1008 863 1043 Legi
882 1017 947 1037 vero
963 1010 1022 1036 dia-

233 1051 287 1079 boli
317 1052 559 1089 [condelcctanntr]
589 1056 736 1082 secundum
766 1055 960 1082 iuhabitantem
995 1055 1022 1082 in

234 1106 319 1126 carne
342 1100 603 1139 concupiscentiam.
629 1100 757 1128 Diabolus
778 1103 862 1133 enim,
880 1102 926 1137 qui
943 1110 1024 1137 repu-

234 1150 309 1177 gnat,
332 1150 359 1173 et
379 1149 516 1180 oppugnat.
529 1145 613 1181 legem
635 1147 681 1174 Dei
696 1147 772 1182 quasi
786 1148 915 1183 impetum
933 1156 1025 1183 quem-

235 1190 295 1216 dam
312 1190 410 1218 mentis
426 1191 459 1217 ad
474 1191 593 1224 bonum;
613 1191 657 1218 hic
681 1197 722 1219 est
742 1192 787 1227 qui
805 1200 902 1220 sensus
916 1198 1024 1221 nostros

235 1236 392 1269 corporales
409 1241 435 1263 et
453 1237 567 1263 vitiosos
581 1244 688 1272 semper
709 1237 824 1272 impellit
840 1238 873 1265 ad
898 1239 1024 1273 impieta-

234 1285 300 1308 tem.
323 1280 391 1308 Tres
409 1282 480 1308 enim
498 1281 599 1308 Paulus
620 1281 664 1308 hic
692 1281 836 1310 manifeste
860 1282 926 1309 mihi
952 1282 1025 1318 luges

236 1325 374 1360 explicare
393 1325 520 1352 videtur:
537 1333 617 1352 unam
635 1326 782 1353 secundum
802 1327 913 1354 insitum
933 1327 959 1354 in
976 1335 1026 1354 no-

236 1370 278 1397 bis
302 1371 413 1401 bonum.
429 1378 509 1405 quam
539 1377 632 1405 aperte
658 1371 764 1398 vocavit
789 1371 874 1407 legem
901 1372 1024 1400 mentis:

237 1415 360 1448 alteram,
380 1423 440 1450 quae
459 1416 489 1443 fit
509 1423 543 1443 ex
558 1415 655 1443 diaboli
679 1416 779 1450 impetu
801 1424 847 1443 seu
865 1418 1025 1450 tentatione,

237 1469 297 1488 cum
311 1469 382 1497 sa'pe
405 1462 437 1488 ad
455 1461 593 1496 imprubas
613 1461 731 1488 animam
745 1461 879 1496 pertrahi!
895 1461 1027 1498 imagina-

238 1508 336 1540 tiones,
351 1516 432 1543 quam
459 1509 497 1534 ait
520 1515 670 1542 repugnare
695 1508 745 1543 legi
770 1509 878 1537 mentis.
907 1508 1026 1536 Tertiam

237 1555 383 1580 secundum
398 1559 537 1588 peccatum
549 1561 582 1581 ex
594 1553 814 1588 concupiscentia
829 1554 1025 1582 inveterascen-

240 1604 291 1625 tem
310 1599 338 1625 in
360 1606 453 1630 cat-ue,
477 1607 557 1635 quam
576 1599 662 1634 legem
685 1600 789 1634 peccati
812 1599 979 1627 habitantem
999 1599 1027 1627 in

241 1645 371 1672 membris
383 1645 539 1680 appellavit,
562 1653 616 1680 qua
639 1647 765 1673 inductus
785 1644 890 1682 [homo]
907 1654 978 1681 saepe
994 1646 1028 1673 ad

237 1693 379 1724 peccatum
402 1694 430 1716 et
448 1689 585 1725 improbas
602 1691 722 1717 actiones
743 1690 888 1725 pellicitur.
917 1690 1029 1718 Videtur

238 1735 310 1762 enim
324 1735 400 1769 quasi
416 1735 494 1762 nobis
510 1735 576 1770 ipsis
591 1744 662 1762 nunc
678 1736 730 1762 hoc
751 1736 859 1767 melius,
877 1743 948 1763 nunc
964 1735 1028 1762 illud

238 1781 375 1815 (lt-terius;
404 1786 432 1809 et
462 1790 524 1809 cum
557 1781 594 1813 id.
613 1783 684 1816 quod
703 1782 780 1809 nobis
802 1782 908 1809 videtur
933 1787 1028 1809 natura

241 1827 348 1859 melius,
368 1827 505 1854 deteriore
521 1827 566 1855 illo
585 1827 722 1862 potentius
742 1827 837 1860 fuerit,
850 1827 956 1855 animus
973 1832 1030 1855 toto

240 1873 341 1907 impetu
361 1873 446 1900 fertur
461 1873 487 1900 in
501 1874 600 1900 bonum
610 1882 617 1906 ;
629 1873 737 1908 quando
756 1881 818 1900 vero
831 1873 856 1901 id
869 1873 939 1907 quod
955 1874 1031 1900 dete-

239 1919 297 1946 rius
311 1923 363 1951 est,
381 1927 493 1955 regnum
510 1919 658 1947 insolenter
669 1919 813 1953 alfectarit,
829 1920 910 1947 homo
924 1927 1029 1947 rnrsutn

240 1964 376 1991 contraria
402 1965 445 1991 via
468 1964 494 1991 in
519 1964 669 1992 deteriores
691 1965 871 2000 cogitationes
894 1969 923 1992 et.
941 1965 1031 1992 consi-

240 2011 275 2038 lia
292 2019 413 2046 praeceps
434 2011 532 2047 agitur.
549 2011 699 2047 Eapropter
715 2011 857 2047 Apostolus
871 2013 904 2039 ab
916 2019 949 2039 eo
959 2012 1032 2039 velut

242 2061 328 2083 morte
347 2061 375 2083 et
389 2057 473 2084 exitio
492 2057 566 2092 cupit
592 2057 702 2084 liberari
719 2056 743 2089 i,
761 2057 988 2091 quemadmodum
1003 2061 1032 2084 et

241 2104 401 2140 Ptopbeta:
427 2106 466 2132 Ab
484 2105 593 2132 occultis
612 2105 676 2132 meis
705 2106 803 2132 munda
826 2113 876 2137 me,
909 2105 1030 2140 inquit“.

243 2151 301 2184 Ipsa
326 2158 392 2185 ergo
411 2150 493 2178 verba
521 2150 574 2178 hoc
597 2150 737 2178 declarant
756 2150 880 2185 Apostoli
901 2150 1030 2177 dicentis:

1063 237 1227 272 ὲνεφιτσησεν
1257 238 1297 268 είς
1325 237 1398 272 ἡμᾶς
1429 237 1503 272 ὄφις.
1522 237 1568 264 Διὸ
1584 238 1635 264 καὶ·
1647 238 1692 264 τὸν
1715 237 1835 264 θάνατον
1850 237 1865 263 ὁ

1062 284 1128 315 Θεὸς
1138 283 1206 318 πρὸς
1221 283 1359 318 ἀναίρεσιν
1371 282 1422 318 τῆς
1439 283 1577 317 ἁμαρτίας
1590 283 1660 317 ὑπὲρ
1676 282 1757 318 ἡμῶν
1778 282 1866 308 ἀνεύ-

1064 338 1140 365 ρατο,
1155 329 1198 356 ἵνα
1210 330 1248 364 μὴ
1262 329 1290 355 ὲν
1296 329 1441 360 ἀθανάταις
1454 330 1521 364 ἡμῖν
1532 329 1707 360 ἀνατείλασα,
1723 328 1761 360 ὡς
1777 327 1862 362 ἔφην.

1063 374 1197 405 ἀθάνατος
1209 372 1239 410 ᾖ.
1251 373 1333 400 Ὅθεν
1346 374 1360 400 6
1381 373 1554 405 ’Δπόστολος,
1572 372 1645 400 οἶδα
1659 373 1714 407 τὰρ
1741 373 1786 399 ὅτι
1802 373 1864 399 οὐκ

1064 419 1143 446 οίκεῖ
1163 419 1199 446 ἐν
1217 418 1292 453 ἐμοὶ,
1321 418 1480 445 τουτέστιν
1505 418 1540 445 ἐν
1557 418 1595 452 τῇ
1620 418 1710 452 σαρκί
1731 427 1802 452 μου,
1827 417 1863 443 τὸ

1064 464 1187 498 ἀγαθὸν,
1205 465 1294 498 λέγων
1316 463 1365 499 τὴν
1394 463 1448 490 ἀπὸ
1471 463 1521 498 τῆς
1535 463 1718 498 παραϐάσεως
1739 462 1783 488 διὰ
1807 462 1863 496 τῆς

1064 509 1209 544 ἐπιθυμίας
1235 507 1445 535 είσοικισθεῖσαν
1477 509 1517 540 είς
1532 508 1605 541 ἡμᾶς
1635 506 1773 542 ἁμαρτίαν
1789 505 1856 539 βού-

1066 555 1141 581 λεται
1165 554 1287 589 μηνύειν,
1300 551 1334 589 ἧς
1354 552 1386 588 δὴ
1399 552 1526 587 καθάπερ
1540 552 1721 586 βλαστήματα
1733 552 1754 567 "
1765 553 1813 578 νέα
1834 553 1862 578 οι

1067 598 1203 634 φιλήδονοι
1221 598 1285 633 περὶ
1298 598 1372 633 ἡμᾶς
1387 597 1432 624 ἀεὶ
1448 597 1576 632 λογισμοὶ
1589 596 1773 623 συνίστανται.
1796 597 1864 622 Δισ-

1068 645 1102 672 σὰ
1122 645 1177 680 γὰρ
1198 644 1228 670 ἐν
1246 644 1313 678 ἡμῖν
1325 642 1463 678 λογισμῶν
1474 643 1552 678 γένη,
1567 642 1598 669 τὸ
1611 642 1660 677 μὲν
1672 642 1726 668 ἀπὸ
1737 642 1787 675 τῆς
1801 642 1864 668 ἑπι-

1068 691 1169 726 θυμίας
1181 691 1231 726 τῆς
1241 688 1455 724 ὲμφωλευούσης
1472 689 1502 715 ὲν
1510 687 1551 723 τῷ
1566 687 1673 723 σώματι
1693 687 1863 721 συνιστάμε-

1069 745 1124 767 νον,
1133 736 1195 770 ἥτις
1205 735 1235 769 ἐξ
1247 734 1368 766 ἐπινοίας
1378 735 1400 750 ’⁸
1418 733 1466 768 (ὡς
1482 733 1561 769 ἔφην)
1571 733 1687 768 συνέστη
1700 732 1748 759 τοῦ
1767 732 1864 758 ὑλικοῦ

1070 780 1237 815 πνεύματος,
1253 780 1284 807 τδ
1302 779 1330 807 δὲ
1343 779 1398 806 ἀπὸ
1424 778 1471 805 τοῦ
1486 778 1570 814 νόμου
1580 778 1628 805 τοῦ
1638 778 1711 805 κατὰ
1724 777 1774 812 τὴν
1788 778 1866 803 ἐντο-

1069 826 1132 862 λὴν,
1148 825 1177 852 ὃν
1189 825 1308 861 ἔμφυτον
1333 824 1468 859 ἐλάϐομεν
1484 824 1557 859 ἔχειν
1576 823 1624 850 καὶ
1637 823 1754 858 φυσικὸν
1768 822 1866 856 νόμον,

1073 872 1140 908 πρὸς
1151 872 1182 899 τὸ
1198 871 1278 899 καλὸν
1294 871 1373 906 ἡμῶν
1386 871 1560 906 ὲξεγείροντα
1571 869 1617 896 τὸν
1627 869 1767 903 λογισμόν.
1781 868 1868 895 ’Ὅθεν

1072 920 1105 954 τῇ
1120 918 1169 954 μὲν
1181 917 1328 953 νομοθεσίᾳ
1342 916 1390 943 τοῦ
1402 915 1470 942 Θεοῦ
1484 915 1555 942 κατὰ
1570 915 1615 942 τὸν
1632 914 1694 941 νοῦν
1713 913 1868 949 συνηδόμε-

1073 964 1106 991 θα
1122 963 1212 1001 (τοῦτο
1237 963 1292 999 γὰρ
1307 963 1321 989 6
1335 962 1388 988 ἔσω
1414 961 1585 996 ἄνθρωπος),
1614 962 1647 995 τῇ
1668 959 1697 986 δὲ
1716 959 1869 994 νομοθεσίᾳ.

1073 1011 1119 1038 τοῦ
1143 1009 1267 1037 διαϐόλου
1296 1008 1366 1035 κατὰ
1379 1007 1428 1041 τὴν
1444 1006 1604 1034 ἐνοικοῦσαν
1619 1005 1768 1040 ἐπιθυμίαν
1788 1005 1818 1030 ὲν
1834 1005 1869 1038 τῇ

1074 1056 1167 1093 σαρκί.
1194 1055 1225 1082 '0
1237 1054 1291 1089 γὰρ
1307 1053 1584 1087 ἀντιστρατευόμενος
1604 1052 1652 1079 καὶ
1671 1051 1870 1085 ἀντιπράσσων

1073 1102 1112 1137 τῷ
1122 1101 1198 1137 νόμῳ
1213 1099 1259 1126 τοῦ
1281 1099 1359 1130 Θεοῦ,
1374 1095 1430 1125 οἷον
1443 1099 1476 1133 τῇ
1488 1097 1556 1133 πρὸς
1570 1097 1602 1124 τὸ
1616 1095 1719 1131 ἀγαθὸν
1729 1096 1804 1131 ὁρμῇ
1819 1094 1869 1121 τοῦ

1073 1147 1143 1178 νοδς,
1158 1146 1239 1178 αὐτός
1255 1146 1328 1172 ἐστιν
1342 1145 1356 1171 6
1372 1146 1437 1176 τοὺς
1450 1143 1586 1179 ἐμπαθεῖς
1601 1141 1731 1176 ἁναφὺων
1753 1141 1799 1168 ἀεὶ
1820 1141 1870 1167 καὶ

1075 1192 1185 1223 ὑλικοὺς
1202 1190 1268 1227 πρὸς
1290 1190 1405 1225 ἀνομίαν
1426 1188 1647 1224 περισπασμούς.
1663 1188 1750 1222 Τρεῖς
1763 1187 1820 1222 γὰρ
1831 1186 1871 1212 v6-
1903 1198 1908 1207 Α

1077 1245 1144 1273 μους
1170 1235 1366 1270 ὑποτιθέμενος
1390 1234 1404 1260 ὁ
1429 1233 1536 1265 Παῦλος
1562 1232 1714 1267 ἀναφανδὸν
1749 1231 1871 1258 ἐνταῦθα

1077 1292 1121 1318 μοι
1133 1280 1338 1315 καταφαίνεται,
1354 1280 1403 1306 ἕνα
1415 1279 1465 1314 μὲν
1484 1279 1530 1306 τδν
1538 1279 1558 1295 ¹¹
1587 1277 1695 1305 κατὰτὸ
1705 1278 1829 1312 ἔμφυτον
1843 1278 1871 1303 ὲν

1075 1328 1140 1363 ἡμῖν
1157 1325 1269 1360 ἀγαθὸν,
1285 1325 1315 1351 ὃν
1330 1324 1378 1351 καὶ
1399 1323 1482 1358 νόμον
1499 1323 1594 1358 σαφῶς
1607 1323 1720 1350 ὲχάλεσε
1732 1321 1804 1355 νοδς,
1823 1322 1873 1348 ἕνα

1075 1373 1104 1399 δὲ
1110 1372 1155 1399 τὸν
1166 1373 1198 1398 ὲκ
1213 1370 1365 1406 προσϐολῆς
1379 1370 1574 1406 συνιστάμενον
1588 1370 1670 1405 νόμον
1686 1369 1735 1396 τοῦ
1748 1369 1872 1404 πονηροῦ

1077 1418 1125 1445 καὶ
1140 1418 1180 1450 είς
1198 1416 1248 1449 τὰς
1270 1416 1405 1452 ἐμπαθεῖς
1424 1416 1490 1452 [485
1504 1415 1551 1452 Η.]
1569 1416 1713 1448 ὲξὲλκοντα
1738 1415 1874 1445 πολλάκις

1078 1465 1229 1500 φαντασίας
1241 1465 1291 1500 τὴν
1309 1463 1409 1499 ψυχὴν,
1423 1463 1453 1490 6v
1463 1461 1724 1498 ἀντιστρατεύεοθαι
1739 1461 1779 1497 τῷ
1797 1461 1874 1496 νόμῳ

1041 1528 1063 1558 c
1078 1511 1125 1538 τοῦ
1135 1512 1195 1543 νοὸς
1216 1511 1279 1546 ἔφη.
1298 1511 1346 1537 καὶ
1361 1509 1454 1545 τρίτον
1473 1509 1519 1536 τὸν
1541 1508 1611 1536 κατὰ
1624 1509 1673 1543 τὴν
1688 1508 1832 1558 ἁμαρτίαν
1843 1508 1875 1533 ἐκ

1078 1558 1128 1593 τῆς
1142 1556 1288 1592 ἐπιθυμίας
1301 1557 1324 1573 ¹¹
1339 1555 1518 1591 σκιρώσαντα
1539 1555 1567 1581 ὲν
1582 1555 1615 1589 τῇ
1629 1554 1721 1589 σαρκὶ,
1735 1553 1765 1580 6v
1783 1554 1876 1588 ἁμαρ-

1078 1603 1139 1634 τίας
1162 1603 1243 1638 νόμον
1267 1601 1394 1628 οἰκοῦντα
1424 1602 1453 1628 ὲν
1478 1602 1536 1632 τοῖς
1561 1600 1671 1635 μέλεσιν
1691 1599 1837 1632 ἐκάλεσεν,

1079 1648 1263 1683 ἐποχούμενος
1278 1647 1410 1679 πολλάκις
1428 1646 1491 1674 καθ’
1507 1646 1587 1682 ἡμῶν
1603 1645 1792 1680 ὲγκελεύεται,
1807 1646 1878 1681 πρδς

1079 1694 1187 1721 ἀδικίαν
1196 1694 1243 1720 καὶ
1254 1693 1368 1729 πράξεις
1381 1692 1550 1720 συνελαύνων
1560 1692 1660 1725 κακάς.
1676 1692 1805 1719 Φαίνεται
1822 1693 1877 1727 γὰρ

1079 1740 1117 1772 ὡς
1130 1740 1236 1771 ἑαυτοῖς
1246 1740 1313 1775 ἡμῖν
1320 1739 1350 1766 τὸ
1363 1740 1412 1775 μὲν
1421 1740 1444 1755 ⁸³
1458 1739 1574 1774 βέλτιον,
1587 1739 1617 1766 τὸ
1628 1739 1656 1766 δὲ
1668 1740 1761 1775 χεῖρον
1771 1738 1815 1770 ὂν,
1831 1739 1878 1765 καὶ

1080 1786 1143 1813 ὅταν
1161 1785 1246 1821 μέλλῃ
1256 1785 1287 1812 τὸ
1312 1785 1418 1820 βέλτιον
1451 1785 1532 1820 φύσει
1555 1785 1603 1812 τοῦ
1628 1785 1751 1820 χείρονος
1776 1785 1877 1819 ἐγκρα-

1081 1832 1210 1866 τέστερον
1234 1831 1392 1866 γενηθῆναι,
1410 1830 1523 1865 φέρεται
1535 1830 1595 1863 ἕλος
1611 1830 1680 1865 πρὸς
1692 1831 1723 1856 τὺ
1743 1830 1851 1863 ἀγαθὸν
1865 1830 1878 1855 6

1081 1877 1155 1910 νοῦς,
1169 1877 1235 1904 ὅταν
1248 1876 1275 1903 δὲ
1291 1877 1322 1903 τὺ
1336 1877 1427 1912 χεῖρον
1440 1876 1572 1912 ἐπιϐρίσῃ
1598 1876 1763 1908 πλεονάσαν,
1779 1875 1876 1909 ἄγεται

1082 1924 1162 1950 πάλιν
1193 1922 1380 1959 ἀντιστρόφως
1391 1922 1460 1958 πρὸς
1479 1922 1627 1956 λογισμοὺς
1640 1922 1749 1957 χείρους
1761 1921 1787 1936 ’⁵
1805 1923 1820 1948 ὸ
1832 1922 1877 1948 ἄν-

1082 1969 1200 2004 θρωπος·
1230 1965 1262 1996 οὗ
1277 1969 1310 2004 δὴ
1323 1968 1371 1995 καὶ
1393 1968 1473 2004 χάριν
1485 1969 1499 1994 6
1516 1967 1678 1999 Ἀπήστολος
1701 1967 1816 2001 εὔχεται
1832 1968 1877 2001 ῥυ-

1083 2014 1192 2050 σθῆναι,
1212 2014 1328 2041 θάνατον
1339 2014 1466 2047 αὐτὸ-καὶ
1481 2012 1591 2048 ὀλεθρον
1604 2012 1770 2048 ἡγούμενος,
1783 2011 1878 2046 ὥσπερ

1081 2060 1114 2096 δὴ
1125 2060 1172 2087 καὶ
1186 2061 1200 2087 ὁ
1216 2060 1374 2095 Προφήτης·
1392 2059 1464 2086 Ἀπὸ
1475 2058 1536 2086 τῶν
1548 2058 1684 2093 κρυφίων
1690 2066 1751 2092 μου
1762 2058 1878 2092 καθάρισ

1085 2107 1144 2133 σόν
1151 2105 1305 2140 με,λέγων.
1313 2105 1387 2132 Δῦτὰ
1395 2104 1441 2131 οὖν
1456 2104 1491 2131 τὰ
1503 2105 1615 2140 ῥήματα
1627 2103 1707 2130 τοῦτο
1719 2103 1876 2134 συνιστῶσι,

1084 2150 1145 2187 [917
1162 2150 1206 2187 8.]
1223 2150 1394 2185 Συνήδομαι
1413 2148 1469 2186 γάρ
1482 2149 1523 2183 τῷ
1534 2149 1616 2184 νόμῳ
1629 2148 1682 2176 τοῦ
1710 2148 1788 2175 Θεοῦ
1805 2148 1877 2174 κατὰ

241 2195 415 2223 Coudelector
438 2195 506 2222 enim
523 2194 573 2230 legi
593 2195 736 2222 secundum
762 2194 860 2230 29Gb
878 2195 1024 2222 interiorem

1086 2197 1139 2224 τὸν
1155 2196 1225 2229 ἔσω¹
1237 2197 1373 2231 λέγοντος,
1400 2195 1571 2230 ἄνθρωπον,
1591 2194 1699 2227 ,βλέπω
1720 2194 1747 2221 δ’
1775 2194 1877 2227 ἕτερον

241 2241 386 2274 hominem;
403 2241 477 2268 video
494 2245 582 2268 autem
602 2241 684 2276 legem
702 2241 730 2268 in
753 2242 875 2268 membris
892 2241 956 2268 meis
970 2249 1034 2268 con-

220 2278 223 2282 v
242 2287 413 2313 [radicentem
436 2286 486 2321 legi
504 2287 597 2313 mentis
617 2294 693 2318 metu,
710 2290 734 2313 et
751 2286 926 2320 captivantem
946 2294 986 2313 me
1005 2286 1034 2313 in

216 2364 220 2365 ν
243 2332 298 2366 lege
312 2332 497 2377 ρετεαιὶηςιιίε
518 2336 556 2358 est
582 2331 609 2358 iu
635 2332 756 2368 membris
774 2331 850 2358 meis.
871 2330 974 2366 Infelix
984 2338 1031 2366 ego

242 2377 331 2410 homo,
349 2378 407 2412 quis
430 2385 469 2404 me
493 2377 612 2404 liberabit
629 2377 660 2403 de
678 2385 786 2412 corpore
805 2377 897 2404 mortis
911 2377 991 2412 hujus
1006 2376 1032 2403 1?

242 2421 302 2450 Non
318 2431 416 2458 corpus
439 2428 552 2451 mortem
579 2422 733 2458 appellans,
751 2423 797 2450 sed
816 2422 904 2457 legem
930 2422 1033 2457 peccati

244 2468 271 2494 in
293 2468 424 2496 membris
439 2476 487 2503 per
500 2468 750 2502 pra-varicationem
777 2469 804 2495 in
830 2468 909 2495 nobis
925 2467 1034 2494 latitan-

245 2521 309 2548 tem,
326 2521 352 2543 et
367 2523 476 2550 semper
492 2515 524 2542 ad
541 2521 654 2542 mortem
671 2515 774 2550 peccati
790 2516 907 2542 animant
924 2515 1035 2541 trahen-

245 2565 311 2588 lem.
329 2560 427 2588 Statim
452 2568 517 2596 ergo
535 2561 616 2588 infert
637 2561 742 2596 (utique
764 2561 905 2593 liberatus,
922 2569 937 2587 a
960 2560 1033 2595 quali

245 2610 332 2634 morte
348 2607 456 2634 liberari
472 2608 598 2643 cupiebat.
624 2616 631 2634 :
651 2608 711 2642 quis
732 2612 822 2634 autem
843 2606 918 2634 illum
934 2607 1034 2635 libera-

246 2653 311 2686 vit?)
329 2662 336 2680 :
353 2653 447 2681 Gratia
460 2652 505 2680 Dei
526 2661 572 2688 per
585 2653 677 2680 Iesum
699 2651 834 2680 Christum
849 2658 880 2679 ιιι.
899 2653 1003 2687 Itaque,
1020 2660 1036 2680 0

1083 2242 1178 2277 νόμον
1186 2242 1494 2277 ἀντιστρατευόμενον
1501 2241 1562 2274 τοῖς
1569 2241 1680 2276 μέλεσί
1683 2249 1744 2275 μου
1753 2240 1794 2272 τῷ
1801 2242 1878 2274 νόμῳ

1083 2288 1137 2315 τοῦ
1151 2288 1294 2323 νοόςμου,
1303 2287 1615 2322 καὶαὶχμωῑωτίζοντά
1626 2295 1665 2322 με
1676 2287 1717 2319 τῷ
1730 2286 1815 2320 νόμῳ
1827 2284 1877 2317 τῆς

1085 2333 1232 2368 ἁμαρτίας
1243 2332 1283 2366 τῷ
1292 2332 1355 2360 ὄντι
1366 2333 1401 2360 ἐν
1410 2332 1472 2365 τοῖς
1483 2332 1592 2367 μέλεσί
1602 2340 1672 2366 μου.
1686 2331 1878 2363 Ταλαίπωρος

1084 2378 1142 2414 ἐγὼ
1160 2374 1327 2413 ἅνθρωπος,
1355 2378 1402 2411 τίς
1415 2386 1454 2412 με
1480 2378 1609 2412 ῥύσεται
1624 2376 1659 2403 ἐκ
1673 2376 1728 2402 τοῦ
1742 2376 1876 2410 σώματος

1086 2424 1141 2451 τοῦ
1157 2423 1288 2452 θανάτου
1297 2424 1424 2455 τούτου;
1445 2423 1476 2449 οὐ
1492 2422 1523 2450 τὸ
1538 2423 1621 2457 σῶμα
1635 2421 1752 2448 θάνατον
1764 2422 1877 2454 ἀποφαι-

1087 2468 1211 2504 νόμενος,
1240 2468 1308 2495 ἀλλὰ
1334 2469 1381 2494 τὸν
1400 2467 1483 2503 νόμον
1497 2467 1546 2502 τῆς
1572 2466 1709 2502 ἁμαρτίας
1721 2467 1769 2492 τὸν
1784 2467 1813 2492 ὲν
1827 2466 1878 2495 τοῖς

1089 2513 1183 2548 μέλεσι
1203 2513 1247 2540 διὰ
1256 2514 1303 2548 τῆς
1317 2513 1501 2548 παραϐάσεως
1512 2514 1540 2539 ἐν
1548 2514 1614 2548 ἡμῖν
1623 2511 1822 2547 ὲμφωλεύοντα
1836 2510 1879 2537 καὶ

1087 2560 1156 2595 πρὸς
1167 2560 1281 2587 θάνατον
1296 2560 1340 2586 ἀεὶ
1352 2559 1396 2586 τὸν
1404 2560 1427 2576 ’⁵
1439 2561 1488 2594 τῆς
1501 2559 1608 2590 ἀδικίας
1616 2559 1665 2594 τὴν
1672 2558 1763 2593 ψυχὴν
1781 2558 1880 2593 ἐμφαν-

1088 2606 1215 2638 τάξοντα.
1232 2605 1373 2641 Ἐπιφέρει
1385 2605 1450 2639 γοῦν
1460 2605 1562 2636 εὐθέως
1577 2604 1685 2639 ἀμέλει,
1706 2603 1880 2637 διαλυόμενος

1088 2651 1181 2678 ὁποίου
1190 2651 1305 2678 θανάτου
1315 2651 1437 2686 ἐγλίχετο
1449 2650 1582 2686 ρυσθῆναι
1591 2650 1638 2677 καὶ
1645 2649 1687 2681 τίς
1702 2649 1785 2676 αὐτὸν
1793 2649 1808 2675 ὁ
1824 2647 1881 2684 ῥυό-

296 2714 304 2734 t
325 2709 455 2743 Bonum,
472 2710 518 2738 3‘.
557 2711 571 2731 ι
587 2709 659 2738 Psal.
676 2718 753 2742 xvut,
773 2711 818 2738 13.
859 2709 963 2738 lRom.
974 2701 1025 2744 vn,
1036 2710 1135 2738 22—24.
1176 2714 1195 2725 ⁵³
1210 2710 1288 2743 ibid.,
1303 2710 1349 2737 25.

872 2757 990 2785 νΑιιιΑι
1005 2756 1209 2785 LECTIONES.

291 2802 312 2817 "
324 2801 482 2839 ,βλάστημα
504 2811 535 2835 ς.
597 2802 620 2820 ⁸ο
636 2803 778 2835 ἐπιπνοίας
797 2803 929 2839 Scaliger.

249 2836 306 2865 τόδε
322 2837 353 2865 Β.
392 2836 415 2853 ³⁵
427 2836 552 2873 χείρονας
566 2846 597 2870 ς.
636 2839 658 2855 ’³
678 2840 724 2866 τὸν
736 2840 798 2867 add.
809 2839 841 2866 Α.

980 2804 1002 2821 ²¹
1016 2803 1062 2831 τὸν
1089 2803 1152 2832 add.
1168 2803 1201 2831 A.
1255 2803 1277 2818 "
1293 2800 1452 2838 ἐπιθυμίας]
1470 2800 1606 2837 ἁμαρτίας
1620 2800 1675 2828 ΑΒ.
1724 2799 1746 2815 ’³
1767 2799 1799 2826 τὸ
1824 2785 1879 2834 μὲνῘ

1787 137 1865 169 1120
1907 128 1908 133 ‘
