1920 3092
68 118 124 150 1121

553 112 821 143 BiBLIOTHECA.
839 123 874 129 --
893 111 974 142 COD.
994 111 1169 144 CCXXXIV.

1614 112 1682 145 112?.

60 181 130 207 μενος
142 158 176 206 ἦν
190 170 225 202 ’⁸.
238 169 334 204 Χάρις
348 169 382 196 δὲ
392 168 432 202 τῷ
450 169 511 202 Θεῷ
519 169 568 196 διὰ
588 169 689 202 Ἰησοῦ
701 167 840 203 Χριστοῦ.

894 167 1061 203 Aglaophon,
1082 167 1361 200 animadvertendum,
1385 167 1406 195 si
1437 167 1488 195 hoc
1514 175 1624 203 corpus,
1653 173 1681 196 ut

58 216 216 252 Προσεκτέον
242 215 285 248 δὲ,
311 215 371 241 sl."
394 215 425 241 τὸ
454 215 534 249 σῶμα
563 213 680 241 θάνατον
703 213 792 245 τοῦτο,
818 210 841 240 ὦ

63 261 219 296 ’Δγλαοφῶν,
245 261 285 293 ὡς
313 259 505 295 ὑπειλήφατε,
527 260 632 294 ἔλεγεν,
657 260 708 287 οὐκ
738 259 771 287 ἂν
795 260 841 286 τὸν

58 308 162 343 Χριστὸν
174 306 212 338 ὡς
227 307 365 342 ῥυόμενον
380 306 461 333 αὐτὸν
472 305 586 341 ὕστερον
605 307 638 333 ἐκ
649 305 696 332 τοῦ
718 305 840 332 τοιούτου

58 351 131 378 κακοῦ
154 351 382 386 παρελάμϐανεν,
406 351 469 378 ἐπεὶ
486 350 514 377 τί
535 351 688 386 παράδοξον
710 351 764 377 ἀπὸ
791 350 838 377 τοῦ

57 396 162 433 Χριστοῦ
191 397 348 431 παρουσίας
372 397 548 432 ἐσχήκαμεν;
579 396 612 424 Τί
626 397 654 424 δέ
668 397 716 423 καὶ
729 398 743 423 ὁ
759 397 839 424 Ἀπό-

59 444 139 474 στολος
164 442 245 474 ὅλως,
266 443 306 474 ὼς
330 443 374 469 διὰ
397 443 446 477 ’τῆς
466 443 619 478 παρουσίας
645 443 693 470 τοῦ
720 443 838 478 Χριστοῦ

58 488 248 523 δυναμούμενος
281 489 330 515 τοῦ
357 489 473 516 θανάτου
499 488 552 515 ὑπὸ
584 489 632 516 τοῦ
659 489 728 516 Θεοῦ
761 489 839 515 ἐλευ-

59 534 195 568 θερωθῆναι
212 555 222 567 ,
267 534 348 562 τοῦτο
384 535 533 570 ἐφθέγγετο
550 556 557 566 .
592 536 673 562 ὁπότε
702 536 770 562 πᾶσι
793 535 840 563 καὶ

58 580 100 614 πρὸ
117 579 162 606 τοῦ
180 580 227 607 τὸν
253 580 375 615 Χριστὸν
399 580 488 607 ἐλθεῖν
521 582 562 612 είς
588 581 635 607 τὸν
661 581 763 616 κόσμον
778 590 840 607 συν-

58 625 134 651 έῡαινε
151 624 301 660 θνήσκειν;
317 625 388 652 ὥστε
400 625 431 652 οὐ
442 625 473 652 τὸ
485 625 565 661 σῶμα
583 625 674 658 τοῦτο,
686 623 708 653 ὦ
721 626 832 660 ’Δγλαο-

59 667 143 700 crint",
164 669 294 700 θάνατον.
307 669 375 697 ἀλλὰ
392 669 442 705 τὴν
454 670 592 705 ἁμαρτίαν
606 670 656 706 τὴν
669 671 835 706 κατοικήσα-

895 211 1070 244 existimatis,
1087 218 1202 240 mortem
1214 213 1368 247 appellavit,
1385 219 1437 239 non
1451 212 1591 240 Christum
1601 214 1681 248 quasi

893 256 1069 285 liberatorem
1090 265 1167 284 suum
1191 266 1205 284 a
1222 258 1267 284 tali
1291 262 1383 292 postea
1410 257 1480 285 malo
1500 259 1680 286 nominasset.

893 304 963 338 Quid
976 305 1073 332 deinde
1087 303 1186 332 Christi
1206 305 1336 332 adventus
1357 305 1495 339 singulare
1515 305 1592 332 nobis
1610 310 1682 332 attu-

892 349 980 382 lisset;
998 349 1062 383 quid
1085 349 1195 376 omnino
1221 349 1377 383 Apostolus,
1404 348 1485 375 veluti
1509 355 1557 383 per
1579 349 1680 376 Christi

892 395 1038 422 adventum
1054 395 1241 428 conﬁrmatus,
1263 399 1290 422 ut
1315 402 1330 421 a
1354 394 1440 421 morté
1454 401 1501 428 per
1515 394 1597 421 Deum
1612 394 1681 422 libe-

893 447 1009 473 raretur,
1038 441 1088 468 hoc
1106 441 1288 475 prazdicaret?
1309 441 1419 476 quando
1439 441 1576 474 omnibus,
1598 441 1680 468 etiam

893 492 1037 522 antequam
1050 487 1175 514 Christus
1191 487 1216 513 in
1231 487 1360 514 mundum
1373 486 1487 519 veniret,
1502 487 1569 513 mori
1587 487 1679 514 datum

892 537 944 564 est,
964 538 993 559 ιιι
1010 540 1062 559 non
1079 532 1130 559 hoc
1147 540 1256 567 c0rpus,
1274 540 1290 559 ο
1307 532 1475 567 Aglaophon,
1503 537 1616 559 mortem
1633 540 1681 566 ap-

894 578 986 612 pellet,
1001 578 1046 605 sed
1060 582 1198 613 peccatum
1215 578 1287 612 quod
1306 585 1354 612 per
1372 577 1618 611 concupiscentiam
1630 578 1680 604 ha-

888 625 958 652 bitat
983 624 1010 651 in
1032 631 1156 658 corpore,
1175 631 1190 650 a
1214 631 1266 658 qua
1283 624 1371 658 ipsum
1388 624 1458 651 Deus
1473 631 1521 659 per
1535 623 1685 651 adventum

887 669 989 698 Christi
1006 670 1141 697 liberavit.

59 720 99 738 trav
111 712 154 739 διὰ
173 712 225 747 τῆς
243 713 396 748 ἐπιθυμίας
415 714 444 741 ἐν
464 714 504 748 τῷ
526 714 632 750 σώματι
657 715 776 750 λέγειη,
802 712 837 752 ἧς
857 715 871 741 ὁ
883 714 949 746 Θεὸς
963 715 1044 742 αὑτὸν
1055 715 1099 742 διὰ
1115 715 1166 749 τῆς
1196 714 1347 751 παρουσίας
1375 715 1424 742 τοῦ
1445 714 1565 751 Χριστοῦ
1600 715 1681 751 ιρῤῡ-

60 765 123 784 ϐᾶτ’).

96 803 114 827 ο
125 802 177 835 τὰρ
186 803 283 836 νόμος
296 802 352 837 τῆς
373 803 448 838 ζωῆς
460 803 514 831 τοῦ
538 806 708 840 πνεύματος
727 806 762 832 ἐν
775 806 840 839 Χρι-

928 802 982 830 ιεω
997 802 1066 829 enim
1085 802 1145 829 vitm
1164 802 1271 836 spiritus
1289 803 1316 829 in
1344 802 1446 829 Christo
1471 802 1534 829 Iesu
1559 802 1681 830 liberavit

60 846 110 879 στῷ
127 846 224 880 Ἰησοῦ
233 848 441 882 ἐλευθέρωσεν
452 849 531 884 ἡμᾶς
538 850 598 878 ἀπὸ
612 851 666 878 τοῦ
675 852 770 886 νόμου
784 850 840 884 τῆς

60 891 188 926 ἁμαρτίας
200 893 258 919 τοῦ
280 894 422 922 θανάτου.
438 895 532 927 Ὅπως
544 897 558 922 ὁ
569 896 679 932 ἐγείρας
686 896 789 931 Ἰησοῦν
804 897 837 923 ἐκ

61 938 150 971 νεκρῶν
159 938 182 954 ³⁸
197 938 243 965 διὰ
255 939 287 966 τὸ
304 939 427 967 ἐνοικοῦν
440 941 522 967 αὑτοῦ
533 941 642 977 πνεῦμα
655 943 683 968 ἐν
693 943 758 977 ἡμῖν
773 942 841 974 ζωο-

62 984 148 1019 ποιήσῃ
167 984 217 1010 καὶ
231 984 268 1011 τὰ
280 985 367 1020 θνητὰ
395 986 509 1021 σώματα
521 987 601 1022 ἡμῶν
627 987 678 1022 τῆς
703 988 840 1023 ἁμαρτίας

62 1029 100 1064 τῆς
113 1030 140 1055 ἐν
159 1029 198 1064 τῷ
212 1029 324 1065 σώματι.
354 1030 566 1066 κατακριθείσης
589 1032 657 1067 πρὸς
690 1032 839 1068 ἀναίρεσιν,

63 1074 98 1100 ἵνα
108 1075 135 1101 τὸ
150 1075 290 1110 δικαίωμα
302 1076 348 1102 τοῦ
362 1076 432 1103 κατὰ
446 1076 496 1112 τὴν
510 1077 621 1112 ἐντολὴν
643 1077 711 1113 πρὸς
727 1076 757 1103 τὸ
771 1078 841 1111 ἀγα-

63 1119 100 1145 θὸν
121 1121 192 1154 ἡμᾶς
227 1121 412 1156 ἐφελκομένου
437 1121 558 1156 φυσικοῦ·
585 1122 668 1157 νόμου
694 1122 840 1159 φανερωθῇ

64 1165 173 1199 ἐξιφθέν.
190 1165 227 1192 Th
244 1167 302 1201 γὰρ
316 1167 446 1193 ἀδύνατον
460 1167 508 1194 τοῦ
521 1168 550 1194 ἐν
567 1169 632 1203 ἡμῖν
644 1169 758 1202 φυσικοῦ
773 1169 841 1203 ἀγα-

64 1208 152 1241 θοῦ,ὲν
168 1206 189 1244 ᾧ
210 1211 324 1245 ἠσθένει
353 1211 406 1237 ὑπὸ
434 1212 484 1246 τῆς
509 1211 658 1246 ἐπιθυμίας
688 1212 841 1247 ἡττώμενον

64 1254 103 1289 τῆς
125 1256 287 1291 ἐγκειμένης
300 1257 329 1282 ἐν
351 1255 390 1292 τῷ
408 1256 526 1291 σώματι,
542 1257 556 1283 ὁ
568 1256 634 1288 Θεὸς
654 1257 840 1294 άνερῤώσατο,

65 1299 158 1334 πέμψας
187 1300 232 1326 τὸν
247 1301 314 1327 Υίὺν
326 1300 409 1327 αὑτοῦ
437 1301 487 1335 τὴν
499 1300 595 1335 ὁμοίαν
610 1301 660 1336 τῆς
681 1301 781 1337 σαρκὸς
793 1303 841 1337 τῆς

66 1344 184 1380 ἁμαρτίας
214 1347 306 1381 σάρκα
332 1346 499 1381 ἀνειληφότα
514 1366 522 1378 .
551 1346 596 1373 ἴνα
624 1346 674 1381 τῆς
705 1348 842 1382 ἀμαρτῐας

66 1391 291 1426 κατακεκριμένης
318 1390 388 1425 πρὸς
426 1391 566 1425 ἀναίρεσιν
583 1410 590 1422 ,
616 1392 656 1423 είς
678 1391 708 1418 τὸ
743 1393 842 1427 μηκέτι

67 1435 262 1470 καρποφορῆσαι
274 1435 303 1462 ἐν
318 1434 382 1471 [486
408 1434 454 1471 Κ]
464 1437 497 1470 τῇ
511 1436 603 1470 σαρκὶ,
616 1435 647 1462 τὺ
673 1436 771 1472 ίδίωμα
795 1437 842 1463 τοῦ

892 856 938 874 nos
954 856 970 873 α
982 847 1036 880 lege
1048 846 1148 881 perculi
1169 851 1192 872 et
1218 846 1308 872 mortis
1327 850 1341 864 ιι
1359 855 1366 873 :
1387 851 1415 872 ιιι
1436 846 1459 874 is
1476 846 1522 881 qui
1542 846 1631 873 Iesum
1646 854 1679 873 ex

891 893 1006 920 mortuis
1021 891 1163 922 excitavit,
1183 897 1292 926 propter
1311 890 1435 925 spiritum
1452 891 1512 926 ejus
1527 892 1681 928 inhabitari:

892 943 944 966 tem
959 939 984 964 in
1002 938 1090 969 nobis,
1108 937 1225 964 vivificct
1240 937 1362 963 mortalia
1377 944 1490 971 corpora
1504 942 1608 970 nastra,
1620 944 1681 971 pec-

891 989 951 1011 cato
964 985 989 1010 in
1007 991 1121 1018 corpore
1138 983 1171 1010 ad
1190 982 1363 1010 abolitionem
1379 982 1517 1014 damnato,
1535 987 1564 1009 ut
1580 982 1681 1017 justiti-

891 1030 962 1057 catio
984 1028 1114 1056 naturalis
1135 1029 1203 1063 legis
1222 1029 1368 1055 secundum
1392 1033 1555 1063 praeceptum
1580 1036 1629 1055 nos
1646 1029 1685 1056 ad‘

891 1074 990 1100 bonurn
1018 1072 1150 1099 trahentis
1174 1079 1288 1099 accensa
1304 1076 1444 1106 appareat.
1463 1071 1528 1098 Nam
1544 1071 1678 1098 inﬁrmam

891 1125 996 1154 partem
1017 1117 1149 1145 naturalis
1170 1117 1243 1148 boni,
1264 1125 1323 1151 quae
1340 1117 1409 1144 victa
1426 1124 1440 1143 a
1462 1117 1678 1152 concupiscentia

893 1163 918 1190 itt
946 1170 1058 1197 corpore
1075 1162 1189 1196 degente
1206 1162 1368 1196 aegrotabat,
1387 1163 1493 1189 sanavlt
1514 1162 1594 1194 Deus,
1618 1163 1682 1188 tuit-

893 1215 952 1237 teus
966 1209 1063 1236 Filium
1079 1217 1170 1241 suum.
1183 1210 1229 1244 qui
1241 1209 1355 1236 similem
1368 1216 1476 1236 carnem
1489 1209 1563 1236 carui
1576 1209 1678 1242 peccati

892 1256 1048 1290 assumpsit,
1069 1258 1099 1282 ut
1117 1260 1231 1289 peccato
1250 1255 1282 1282 ad
1301 1255 1510 1282 internecionem
1528 1254 1680 1289 proﬂigato,

891 1308 926 1328 ne
948 1301 1124 1333 repullularet
1146 1301 1172 1328 itt
1198 1308 1292 1334 carne,
1320 1306 1347 1328 et
1376 1301 1527 1336 proprietas
1551 1300 1682 1328 naturalis

893 1348 961 1383 legis
978 1348 1134 1383 impleretur
1152 1348 1178 1375 in
1197 1348 1230 1375 iis
1247 1348 1292 1383 qui
1310 1355 1362 1375 non
1379 1347 1526 1376 secundum
1542 1347 1683 1381 concupis-

893 1394 1009 1421 centiam
1035 1387 1136 1425 carnis.
1154 1394 1201 1421 sed
1225 1396 1373 1421 secundum
1395 1394 1560 1421 desiderium
1580 1398 1607 1421 ct
1630 1394 1681 1420 du-

894 1444 967 1466 ctum
992 1439 1104 1474 spiritus
1127 1439 1275 1467 ambulant.
1300 1439 1355 1467 Lex
1379 1440 1451 1468 cnim
1473 1439 1584 1474 spiritus
1609 1440 1683 1472 vitae,

68 1479 166 1512 φυσικοῦ
179 1481 265 1515 νόμου
280 1481 422 1516 πληρωθῇ,
442 1480 592 1507 πλεονάσαν
607 1482 640 1516 τῇ
657 1482 762 1518 ὑπακοῇ
783 1484 839 1515 τοῖς

893 1484 961 1520 quod
975 1490 1017 1512 est
1033 1485 1205 1520 Evangeliutn
1219 1486 1228 1521 (
1240 1493 1300 1520 quae
1314 1487 1366 1512 alia
1397 1491 1439 1513 est
1454 1486 1488 1513 ab
1506 1485 1604 1520 297a
1621 1489 1685 1513 ante

69 1523 99 1557 μὴ
111 1525 175 1552 κατὰ
188 1526 238 1561 τὴν
269 1525 417 1560 ἐπιθυμίαν
444 1525 494 1560 τῆς
514 1526 614 1561 σαρκὸς
631 1526 839 1561 περιπατοῦσιν,

69 1568 123 1595 ἀλλά
145 1570 213 1597 κατὰ
234 1570 287 1605 τὴν
312 1570 461 1605 ἐπιθυμίαν
490 1571 538 1598 τοῦ
555 1571 710 1607 πνεύματος
734 1573 781 1599 καὶ
791 1573 840 1607 τὴν

70 1613 196 1650 ὑφήγησιν,
204 1616 234 1643 '0
250 1616 307 1653 γὰρ
316 1616 398 1652 νόμος
413 1616 460 1643 τοῦ
473 1617 628 1652 πνεύματος
644 1618 693 1653 τῆς
716 1619 788 1654 ζωῆς
805 1620 838 1652 ³³,

70 1657 116 1693 Hi)
130 1660 182 1687 ἐστι
194 1662 226 1688 τὸ
238 1662 411 1696 εὐαγγέλιον,
423 1662 516 1697 ἕτερος
540 1662 579 1688 ὢν
594 1662 649 1689 τῶν
674 1665 841 1699 προειρημέ-

895 1530 973 1556 dictis
993 1529 1107 1564 legibus.
1130 1539 1177 1565 per
1201 1531 1418 1565 praedicationem
1444 1531 1476 1557 ad
1502 1531 1682 1558 obedientiam

894 1580 920 1602 et
939 1575 1122 1602 remissionem
1155 1581 1327 1610 peccatorum
1354 1576 1457 1612 posita)
1480 1577 1603 1604 liberavit
1635 1584 1684 1603 nos

894 1628 910 1648 a
928 1620 985 1656 lege
1010 1622 1112 1655 peccati
1135 1627 1162 1649 et
1189 1624 1294 1654 ruortis,
1317 1623 1422 1650 devicto
1443 1623 1550 1657 penitus
1572 1627 1685 1658 peccato

895 1667 965 1702 quod
980 1667 1054 1694 carni
1067 1668 1265 1695 dominabatur.

70 1713 111 1752 tow
132 1708 228 1743 νόμων,
245 1709 291 1736 διὰ
319 1708 366 1736 τοῦ
380 1708 558 1744 κηρύγματος
574 1710 641 1744 πρὸς
661 1711 784 1746 ὑπακοὴν
816 1712 904 1744 τεθεὶς
927 1713 974 1740 καὶ
1011 1715 1108 1749 ἄφεσιν
1137 1715 1353 1752 ἁμαρτημάτων,
1383 1716 1571 1751 ἠλευθέρωσεν
1610 1716 1685 1750 ἡμᾶς

70 1750 112 1778 ἀπὸ
136 1754 179 1781 τοῦ
206 1755 291 1791 νόμου
317 1754 369 1790 τῆς
398 1754 534 1790 ἁμαρτίας
562 1755 607 1781 καὶ
637 1754 684 1781 τοῦ
710 1757 835 1790 θανάτου,
854 1759 966 1794 νικήσας
976 1760 1007 1786 ἐκ
1021 1761 1121 1793 παντὸς
1138 1750 1187 1796 την
1199 1750 1338 1796 άμαρτίαν
1368 1750 1564 1797 βασιλεύουσαν
1602 1762 1650 1796 τῆς
1661 1762 1683 1795 ’ξ

72 1799 162 1832 σαρκός.

99 1844 151 1872 Ὀτι
176 1848 244 1882 φησὶ
274 1847 312 1882 μὴ
339 1847 488 1883 τρέφεσθαι
513 1849 530 1884 ἢ
557 1848 682 1882 αὐξάνειν
712 1848 766 1875 ὰπδ
791 1849 841 1884 τῆς

71 1890 112 1924 γῆς
134 1893 165 1919 τὰ
188 1895 269 1930 φυτά.
295 1895 378 1929 Λέγει
401 1895 466 1931 γὰρ,
498 1885 667 1932 Διαπορῼαι
693 1895 716 1923 δ’
741 1895 773 1922 ἄν
798 1904 840 1927 τις

72 1936 118 1968 πῶς
143 1939 179 1971 εἰς
204 1940 252 1967 τὸν
280 1941 361 1975 Ιἇγκον
388 1941 627 1977 ἀναλαμὸάνεσθαι
649 1941 758 1968 δύναται
785 1941 840 1968 τῶν

72 1979 169 2017 δένδρων
193 1986 209 2021 ή
237 1987 274 2022 γῆ
304 1987 555 2023 μεταλλοιουμένη·
588 1988 671 2024 ἐχρῆν
700 1989 765 2023 γὰρ,
792 1987 840 2014 ἅτε

73 2026 111 2060 τῆς
130 2028 309 2067 ὑποκειμένης
332 2033 384 2067 γῆς
413 2033 641 2069 ἀναρπαζομὲνης
659 2033 702 2060 ἀεὶ
719 2034 763 2060 διὰ
786 2033 840 2060 τῶν

74 2071 141 2104 ῥιζῶν
156 2076 192 2106 εἰς
207 2076 272 2112 ὃλην
287 2077 336 2112 τὴν
359 2077 415 2109 ἕξιν
434 2077 482 2104 τοῦ
506 2078 598 2112 ξύλου,
615 2079 661 2105 τὸν
672 2080 764 2111 τόπον,
780 2079 841 2106 καθ’

73 2114 96 2141 ὃν
109 2118 136 2145 τὸ
149 2120 255 2158 δένδρον
270 2122 455 2158 βεϐλάστηκε,
477 2123 657 2150 κοιλαίνεσθαι
673 2132 680 2139 ·
696 2124 766 2151 ὥστε
788 2125 841 2160 μά-

76 2168 135 2195 ταιος
150 2167 235 2195 αὐτῶν
247 2168 261 2194 ὁ
275 2168 394 2200 τοιοῦτος
413 2168 462 2203 τῆς
478 2169 543 2204 περὶ
559 2169 593 2196 τὰ
609 2169 722 2204 σώματα
738 2169 842 2205 ῥύσεως

925 1849 1035 1876 Plantas
1052 1851 1089 1877 ait
1115 1850 1291 1887 [Methodius]
1316 1859 1365 1879 nec
1385 1859 1398 1878 a
1421 1856 1492 1879 terra
1511 1852 1545 1878 ali
1566 1860 1615 1880 nec
1636 1860 1685 1879 att-

889 1895 956 1929 geri.
983 1895 1112 1927 Dubitet,
1149 1894 1255 1930 inquit,
1287 1897 1421 1931 quispiam
1449 1899 1584 1932 quomodo
1613 1904 1685 1935 terra

889 1944 1032 1971 immutata
1067 1943 1093 1968 itt
1122 1947 1225 1969 tantam
1250 1943 1376 1970 arborum
1399 1944 1604 1979 amplitudinem
1638 1954 1684 1974 as-

889 1990 957 2017 sumi
973 1990 1031 2024 (scu
1060 1988 1196 2023 crescere)
1215 1988 1313 2022 possit.
1327 1987 1475 2023 Oportebat
1502 1991 1573 2018 enim
1596 1990 1683 2018 locum

889 2036 915 2063 itt
931 2043 985 2070 quo
1009 2036 1091 2062 arhor
1106 2035 1238 2066 excrevit,
1253 2040 1280 2062 et
1302 2034 1512 2069 circttmjacente
1533 2041 1604 2064 terra
1619 2038 1685 2064 sub-

890 2082 970 2108 ducta
988 2081 1014 2107 in
1039 2081 1102 2114 ligni
1126 2086 1249 2107 naturam
1266 2081 1402 2108 excavari.
1428 2081 1519 2108 Inanis
1538 2090 1603 2117 ergo
1626 2083 1684 2110 illo-

892 2133 951 2153 rum
969 2126 1030 2153 talis
1044 2126 1077 2153 de
1088 2133 1231 2161 corporum
1248 2126 1318 2152 llttxu
1331 2127 1523 2154 consideratio.
1542 2127 1683 2160 Quomodo

893 2170 966 2196 enim
984 2169 1037 2196 ulla
1054 2170 1158 2197 ratione
1177 2175 1249 2204 terra
1272 2178 1319 2205 per
1337 2171 1442 2198 radices
1468 2172 1493 2198 iu
1512 2177 1620 2210 truncos
1642 2173 1684 2200 in-

75 2207 247 2248 ἀναλογισμός.
262 2213 324 2246 Πῶς
344 2215 398 2249 γὰρ
419 2214 487 2246 ὅλως
509 2215 526 2250 ὴ
551 2215 586 2250 γῆ
612 2215 656 2241 διὰ
681 2214 736 2242 τῶν
760 2215 840 2251 ῥιζῶν

895 2223 999 2251 gressa,
1016 2221 1040 2243 et
1053 2224 1101 2251 per
1115 2223 1197 2244 venas
1216 2216 1242 2244 in
1256 2224 1349 2244 ontnes
1365 2225 1458 2245 earum
1472 2225 1562 2245 ramos
1574 2218 1680 2250 diﬂ'usa.

75 2254 107 2284 εὶς
121 2256 177 2289 τοὺς
198 2260 319 2295 κορμοὺς
342 2260 397 2287 τῶν
423 2260 514 2294 φυτῶν
539 2259 710 2295 είσόυομένη,
733 2261 780 2287 καὶ
799 2260 843 2287 διὰ

75 2298 119 2324 τῶν
134 2303 219 2338 πόρων
246 2306 286 2336 είς
302 2304 406 2337 πάντας
432 2305 523 2332 αὐτῶν
549 2304 842 2341 κατακερματιζομένη

75 2345 125 2388 ῖοὺς
139 2347 257 2382 κλάδους,
274 2351 315 2382 είς
328 2351 416 2385 φύλλα
436 2352 483 2378 καὶ
500 2352 606 2388 καρπὸν
623 2352 840 2387 μεταϐάλλεται;

76 2387 173 2428 Εὐμήκη
186 2396 234 2429 μὲν
248 2394 295 2422 οὖν
306 2396 415 2432 δένδρα,
426 2398 518 2433 κέδροι
532 2398 554 2413 ³³
570 2397 586 2432 ἢ
599 2398 693 2429 πίτυες
705 2397 722 2432 ἢ
737 2397 840 2429 ἐλάται,

77 2435 114 2460 καὶ
137 2439 230 2476 πολλὴν
254 2441 370 2476 φέροντα
400 2444 461 2469 κατ’
494 2443 555 2475 ἔτος
582 2443 670 2478 κόμην
701 2443 749 2469 καὶ
777 2451 843 2478 καρ-

79 2479 126 2513 πδν,
142 2483 201 2519 [920
214 2487 262 2524 IL]
287 2489 352 2515 ἰδεῖν
374 2489 448 2515 ἐστιν
462 2489 484 2505 ³⁸
504 2490 540 2521 ὼς
558 2490 633 2516 οὐδὲν
655 2490 704 2525 τῆς
733 2490 844 2516 ὑποκει-

79 2525 147 2562 μένης
159 2533 207 2568 γῆς
221 2534 262 2566 εἰς
280 2533 325 2561 τὸν
340 2534 426 2570 αὐτῆς
441 2535 463 2551 ³⁵
483 2534 565 2569 ὄγκον
577 2535 625 2570 τῆς
638 2535 752 2571 δρυάδος
776 2543 843 2562 κατ-

107 2596 117 2610 ¹¹
129 2593 197 2625 Rom.
212 2607 271 2633 vui,
292 2601 316 2627 9.

895 2261 921 2288 in
941 2261 1003 2288 folia
1027 2267 1054 2288 et
1079 2261 1183 2289 fructus
1204 2263 1408 2289 commutatur?
1426 2263 1546 2290 Procerze
1571 2263 1680 2298 quidem

895 2306 1006 2333 arbores
1029 2306 1137 2338 cedrus,
1162 2307 1204 2334 vel
1223 2308 1312 2341 pinus,
1328 2309 1370 2335 vel
1396 2309 1517 2341 abietes,
1535 2313 1562 2336 et
1583 2309 1682 2337 multas

894 2351 1003 2379 frondes
1018 2356 1045 2378 et
1061 2351 1165 2379 fructus
1179 2344 1322 2386 quotannis
1339 2353 1439 2382 ferunt.
1465 2354 1540 2381 Licet
1559 2354 1630 2381 enim
1643 2355 1682 2380 vi-

894 2397 969 2428 dere,
985 2401 1015 2423 ut
1029 2396 1098 2424 nihil
1117 2397 1244 2432 subjecta:
1259 2403 1338 2426 terra:
1356 2399 1382 2426 in
1401 2399 1550 2427 vastitatem
1566 2407 1682 2434 quercus

896 2446 1046 2470 assumant.
1071 2441 1220 2478 Oportebat
1247 2443 1329 2475 enim,
1351 2444 1372 2471 si
1402 2451 1495 2471 verum
1520 2445 1566 2476 sit,
1581 2449 1680 2471 terram

896 2495 946 2524 per
963 2488 1067 2516 radices
1082 2489 1270 2517 ascendentem
1282 2489 1308 2516 in
1324 2489 1424 2525 lignum
1439 2491 1547 2523 mutari,
1560 2498 1683 2518 omnem-

897 2541 950 2569 que
980 2534 1156 2562 circumcirca
1177 2534 1264 2561 locum
1292 2538 1371 2562 terra:
1394 2536 1508 2564 cavari:
1531 2536 1594 2571 quia
1611 2536 1689 2571 quod

690 2667 806 2694 ΫΑΠΙΑΞ
826 2667 1028 2697 LECTIONES.

81 2716 225 2773 κοῖίνῆἅὶῖιῖ
234 2721 747 2773 ὝἪΞᾺΪεέ].ίῗὶἶἾ⁵ΞΞ.¹.⁸ἕῗ21¹ὶ¹.ἱ“
755 2722 912 2773 ἓξὲηῗίιηῖιῗ
928 2725 1104 2773 ’λεῖλξίέφρωῖ
1120 2736 1151 2768 εἰ·
1187 2727 1460 2773 ³’λὲζίειηθίλέγεξῖ
1557 2727 1580 2773 ’ἶ
1593 2727 1625 2773 ἐξ
1639 2736 1684 2754 νε⁹

96 2756 246 2799 ρωνέίηςὸξκῖ
260 2756 290 2790 ξ,
310 2759 332 2799 ξι
346 2759 394 2799 τῇε
407 2756 481 2799 ξριῇξ
495 2761 555 2797 post
568 2756 620 2799 τὴν
630 2758 830 2799 ριφςοιιιιρριιίι
844 2759 923 2786 liolh.
950 2756 972 2776 ³ί
987 2756 1109 2796 βαὰίκαὶ
1116 2756 1166 2798 τῆς
1180 2771 1209 2795 ς.
1241 2756 1263 2778 ’ί
1271 2764 1364 2799 κέδρος
1375 2756 1411 2794 ς.”
1435 2763 1456 2778 ³⁸
1474 2756 1536 2793 [δεῖν
1551 2762 1604 2798 γὰρ
1613 2763 1684 2799 ἐστιν

82 2789 105 2812 ’ἴε
137 2789 155 2804 ³³
171 2789 249 2828 αὐτῆς
263 2789 296 2816 ξ-
307 2789 431 2829 δρυάδος]
446 2789 544 2827 ἑαυτῆς
557 2789 720 2827 -Ὁρυάὸος
736 2789 789 2819 ΑΒ.
