1920 3092
227 155 292 188 113i

822 151 952 181 ΡΗΟΤΙΙ
974 150 1225 181 ΡΛΤῐίΙΑΒΟΗΛΞ
1247 151 1302 180 Cl’.

1787 143 1857 176 113?.

223 214 260 239 ita
279 217 302 239 et
319 219 364 238 nos
382 215 546 245 resurgemus
561 215 570 234 :
585 206 690 242 Moyses
711 211 799 234 autetn
817 213 844 234 et
865 207 938 234 Elias
949 212 1012 234 ante

1065 207 1172 239 ἔξοδον
1203 206 1348 241 ὤφθησαν
1364 207 1420 240 οὐχ
1435 205 1537 239 ἕτερον
1558 205 1623 238 παρ’
1637 204 1651 231 ὖ
1665 203 1750 239 εἶχον
1773 203 1857 237 εἶδος

224 258 325 286 Christi
338 257 491 292 passionem
506 259 532 282 et
546 253 789 287 resurrectionem,
803 253 918 280 formam
930 253 1010 285 hanc,

223 312 303 339 quam
320 305 371 334 ais,
397 302 527 329 habentes
550 303 758 327 resurrexeruttt
772 303 799 326 et
815 302 1010 333 apparuerunt.

223 350 362 383 Quomodo
377 355 441 383 ergo
452 347 577 375 Christus
599 345 628 381 {o
653 344 794 380 Origenes]
819 344 1013 378 primogenitus

224 402 391 423 mortuorum
409 402 424 420 a
441 392 579 428 prophetis
599 397 626 420 et
649 391 776 426 apostolis
792 390 963 417 celebratur?
983 389 1012 416 Si

222 443 294 470 eoitn
312 441 507 476 primogenitus
525 444 693 467 mortuorum
708 437 833 466 Christus
848 443 907 464 esse
921 435 1014 463 credi-

225 495 268 516 tus
281 495 332 519 est,
349 487 543 522 primogenitus
554 494 618 513 vero
633 485 655 512 is
670 489 722 517 est,
734 484 780 519 qui
796 487 859 510 attte
869 489 965 510 omnes
979 488 1012 508 ex

224 535 338 564 mortuis
354 534 513 561 resurrexit:
525 533 630 568 Moyses
648 536 737 559 autem
754 531 808 566 iam
833 534 896 556 ante
909 527 1012 555 Christi

224 581 376 616 passionem
411 579 480 605 ltanc
504 577 607 604 habens
631 576 747 603 l'ormatn
781 573 912 610 apostolis
930 579 1013 607 appa-

224 627 289 658 ruit,
309 624 455 652 secundum
477 631 557 658 quam
580 622 686 657 impleri
706 621 747 648 ais
764 618 1011 649 resurrectionem;

224 672 298 707 atqui
324 679 375 698 tton
402 670 495 697 formae
521 669 580 697 sine
602 676 684 695 carne
705 672 747 694 est
770 665 949 697 resurrectio,
967 668 1014 691 aut

225 719 297 745 enim
321 717 405 745 solius
431 716 524 743 forma:
547 719 590 742 est
614 714 789 745 resurrectio,
808 717 838 739 ttt
862 711 958 743 doces;
985 714 1014 737 et

225 764 287 800 [hac
303 763 407 790 ratione
420 760 558 797 Christus]
578 768 630 787 non
646 764 734 795 potest
747 766 807 786 esse
823 757 940 792 amplius
957 757 1013 792 pri-

224 809 374 844 mogenitus
392 813 570 839 mortuorum,
585 814 617 833 eo
626 806 696 841 quod
706 805 803 832 animae
821 808 881 839 post
897 808 1011 831 mortem

224 854 373 883 secundum
390 854 505 882 formam
521 858 583 880 ante
598 852 736 880 Christum
755 851 806 878 ltoc
822 849 966 878 habuerint
982 853 1011 876 ut

225 906 388 937 apparerent
405 910 411 928 :
427 909 460 928 an
478 907 583 931 revera,
595 898 791 933 primogenitus
806 901 858 930 est,
873 900 902 923 ut
914 900 969 928 est;
986 899 1014 922 et
1029 892 1050 919 Β

224 948 390 984 impossibile
404 953 445 975 est
463 954 575 982 prorsus
591 951 621 973 ut
635 945 717 979 aliqui
729 948 793 972 ante
809 943 885 971 illum
909 942 1012 978 dignati

224 995 325 1023 fuerint
345 1001 376 1022 ea
395 994 594 1022 resurrectione
613 996 642 1019 ut
664 999 717 1019 non
742 990 858 1025 amplius
874 996 1013 1016 moreren-

226 1047 279 1069 tur.
293 1041 321 1068 Si
339 1045 429 1068 autetn
446 1047 526 1067 nemo
542 1043 606 1066 ante
621 1037 696 1065 illum
712 1036 865 1064 surrexerit
883 1045 890 1063 :
907 1035 1013 1071 Moyses

225 1092 313 1115 autem
326 1092 354 1114 et
369 1086 441 1113 Elias
456 1093 509 1113 non
524 1085 550 1112 itt
569 1091 694 1118 corpore,
714 1083 761 1111 sed
777 1087 881 1109 tantum
895 1089 943 1117 per
959 1082 1013 1108 for-

225 1141 296 1160 mam
320 1132 449 1167 apostolis
471 1134 674 1166 apparuerunt;
701 1128 826 1164 profecto
849 1128 1014 1156 resurrectio

226 1179 367 1207 maml‘este
387 1179 412 1206 itt
428 1185 510 1205 carne
525 1176 628 1213 [futura
643 1175 714 1212 esse]
732 1175 896 1203 declaratur.
912 1174 1014 1201 Absur-

225 1227 364 1254 dissitnum
380 1225 451 1252 ettim
470 1228 512 1251 est
529 1223 756 1251 resurrectiouem
771 1221 828 1249 sola
847 1220 934 1247 forma
949 1220 1014 1246 deii-

227 1272 296 1303 nire,
311 1270 419 1305 quando
434 1269 531 1296 anima:
543 1273 604 1302 post
620 1267 722 1296 exitum
737 1275 752 1294 a
767 1266 927 1302 corporibus
945 1273 1014 1292 nuu-

226 1325 305 1352 quatn
321 1321 454 1352 apparent
469 1315 617 1342 secundum
642 1314 769 1345 fortnam,
787 1313 858 1348 quod
871 1312 905 1339 ad
922 1319 1013 1338 resur-

226 1365 371 1392 rectionem
397 1363 450 1389 sittt
473 1362 606 1397 repositae.
632 1360 660 1387 Si
684 1365 775 1388 autetn
792 1359 879 1386 aderit
895 1359 949 1386 illis
965 1359 1015 1385 hoc

225 1410 297 1445 quod
320 1411 353 1437 ab
375 1409 427 1436 illis
447 1415 584 1442 nunquam
612 1405 760 1439 auferetur,
785 1405 1014 1440 quemadmodum

227 1457 253 1483 itt
270 1454 355 1491 Moysi
369 1460 396 1482 et
410 1453 472 1481 Elia:
488 1454 579 1480 anima
596 1452 683 1479 adfuit
697 1460 705 1484 ;
722 1459 809 1486 neque
831 1451 1015 1484 corrumpitur

227 1501 373 1529 secundum
398 1505 434 1533 te,
464 1507 550 1534 neque
574 1498 654 1534 perit,
678 1505 785 1531 semper
806 1504 926 1531 praesens
952 1503 1014 1523 eum

227 1547 292 1578 illis,
306 1554 359 1574 non
383 1546 471 1573 forma
496 1545 618 1580 profecto
642 1544 769 1578 resurgit,
794 1549 854 1577 quae
877 1549 1014 1577 nunquam

227 1593 336 1621 cecidit.
363 1593 440 1625 Quod
459 1593 481 1620 si
507 1593 568 1626 quis
592 1591 748 1626 indignatus
771 1590 868 1618 dicat:
885 1588 913 1615 Si
935 1595 1015 1615 nemo

227 1639 377 1666 resurrexit
396 1643 540 1673 antequam
569 1637 694 1665 Christus
715 1636 894 1664 descenderet
918 1635 1016 1670 300a

228 1687 261 1712 ad
288 1684 410 1717 inferos,
440 1684 575 1719 quomodo
603 1687 789 1710 ntentorantur
817 1681 927 1716 quidam
953 1687 1016 1708 ante

229 1732 303 1758 illutn
331 1731 500 1764 surrexisse,
527 1729 599 1756 inter
629 1736 696 1762 qttos
731 1728 818 1755 viduae
860 1727 1016 1762 Sareptame

228 1778 307 1808 lilitts.
340 1781 367 1804 et
397 1774 578 1804 Suttatttitidis
610 1774 698 1805 iilius,
733 1773 851 1806 itemque
880 1771 1017 1799 Lazarus?

230 1821 444 1856 respondendum
474 1821 522 1847 hos
555 1819 737 1846 resurrexisse
761 1823 789 1844 ut
810 1819 907 1845 iterum
931 1826 1016 1844 more—

228 1873 334 1896 rentur.
359 1866 414 1894 Nos
431 1873 521 1894 atttem
543 1866 578 1893 de
601 1865 635 1892 iis
659 1864 876 1899 pronuntiamus,
892 1864 937 1898 qui
957 1867 1017 1898 post

229 1915 456 1944 resurrectionem
483 1921 618 1947 nunquam
651 1912 768 1948 amplius
794 1917 857 1939 sunt
880 1911 1015 1939 morituri.

228 1962 305 1996 Quod
317 1962 339 1990 si
353 1962 386 1988 de
401 1961 469 1989 Eliae
486 1960 578 1987 anima
595 1958 694 1986 dubius
709 1958 827 1990 dixerit,
841 1957 918 1992 quasi
943 1956 1017 1984 Scri-

229 2008 316 2042 pturis
328 2007 524 2034 alﬁrmantibus
538 2005 613 2033 illum
623 2005 650 2032 in
664 2011 746 2032 carne
758 2009 926 2038 assumptum
943 2010 1016 2035 esse.

229 2063 279 2082 nos
295 2056 441 2082 doceamus
464 2053 540 2080 illunt
555 2051 684 2087 apostolis
708 2052 811 2086 absque
829 2057 912 2077 carne
933 2057 1017 2084 appa-

230 2101 336 2129 ruisse?
360 2099 575 2134 respondendum
591 2098 675 2132 quod,
699 2098 751 2125 etsi
769 2097 922 2125 diceremus
942 2096 1017 2124 illunt

228 2145 357 2182 apostolis
374 2146 399 2172 in
412 2152 494 2172 carne
511 2144 679 2179 apparuisse,
690 2143 756 2170 illud
772 2147 861 2169 tamen
878 2149 927 2177 pro
941 2142 1018 2169 nobis

229 2195 314 2229 magis
331 2194 442 2221 laceret.
463 2191 657 2219 Ostenderetur
683 2186 754 2218 enint
784 2194 928 2225 propterea
947 2197 1015 2223 quo-

1063 252 1097 284 ἐξ
1110 251 1207 286 ἀρχῆς
1218 250 1423 283 διασώζοντες,
1438 251 1512 277 κατὰ
1529 249 1565 276 τὰ
1580 249 1656 276 αὐτὰ
1674 249 1724 276 καί
1742 249 1761 282 ἠ
1778 249 1858 276 πάν-

1062 306 1122 324 των
1139 297 1256 324 ἐσταιθθ
1271 297 1450 329 ἀνάστασις.
1459 297 1473 322 ὁ
1481 296 1600 331 Μωῦσῆς
1612 295 1640 322 δὲ
1652 296 1698 322 καὶ
1709 295 1753 322 6⁸³
1763 295 1860 326 Ἠλίας

1063 343 1117 379 πρὸ
1124 343 1170 371 τοῦ
1179 344 1224 370 τὸν
1236 344 1354 379 Χριστὸν
1368 342 1464 370 παθεῖν
1474 342 1521 369 καὶ
1527 342 1675 377 ἀναστῆναι
1685 342 1736 377 ἤδη
1746 342 1778 368 τὸ
1786 339 1859 373 εἶδος

1063 390 1141 417 τοῦτο
1147 390 1161 416 ὃ
1170 391 1222 425 φῂς
1231 389 1336 426 ἔχοντες
1346 389 1498 423 ἀνέστησαν
1506 388 1552 414 καὶ
1560 387 1765 423 ὥφθησαν,πῶς
1774 387 1808 422 δὴ
1816 387 1858 414 ἔτι

1063 436 1201 471 ὁΧριστὸς
1210 435 1381 470 πρωτότοκος
1395 431 1529 461 εἶναιτῶν
1544 433 1648 469 νεκρῶν
1661 433 1713 460 ὑπὸ
1721 433 1776 460 τῶν
1789 441 1859 468 προ-

1063 481 1157 516 φητῶν
1183 482 1231 508 καὶ
1259 481 1417 508 ἀποστόλων
1440 479 1552 515 ᾁδεταις
1569 480 1600 506 Εἰ
1614 479 1667 516 γὰρ
1683 479 1859 514 πρωτότοκος

1063 528 1118 555 τῶν
1133 529 1239 564 νεκρῶν
1254 529 1371 564 Χριστὸς
1384 526 1454 555 εἶναι
1470 528 1659 558 πεπίστευται,
1681 526 1857 562 πρωτότοκος

1063 575 1092 602 δέ
1106 575 1166 602 ἐστι
1180 575 1235 602 τῶν
1260 575 1365 611 νεκρῶν
1389 577 1404 603 ό
1427 576 1479 608 πρὸ
1505 576 1616 603 πάντων
1643 574 1776 605 ἀναστάς.
1796 573 1810 599 ό
1827 573 1856 599 δὲ

1064 621 1184 656 Μωῡσῆς
1211 622 1261 657 ήδη
1282 623 1330 649 καὶ
1355 622 1408 658 πρὸ
1418 621 1466 648 τοῦ
1481 622 1527 648 τὸν
1543 621 1660 656 Χριστὸν
1674 619 1771 646 παθεῖν
1784 619 1856 654 ἔχων

1063 669 1094 695 τὺ
1108 667 1178 700 εἶδος
1202 669 1282 695 τοῦτο
1307 670 1394 704 ἐφάνη
1412 669 1469 699 τοῖς
1490 668 1660 698 ἀποστόλοις,
1672 666 1737 702 περῖ¹
1756 666 1770 692 ὃ
1783 666 1855 700 πλη-

1065 715 1176 751 ροῦσθαι
1186 715 1238 750 φῂς
1253 716 1333 747 αὐτὸς
1344 715 1394 750 τὴν
1407 716 1566 747 ἀνάστασιν,
1584 715 1634 741 οὐκ
1641 715 1696 749 ἀρα
1709 713 1757 740 τοῦ
1767 713 1857 742 εἴδους

1064 763 1148 798 χωρὶς
1163 762 1213 797 τῆς
1229 763 1330 798 σαρκός
1346 763 1420 789 ἐστιν
1435 763 1452 798 ἡ
1469 763 1628 791 ἀνάστασις.
1648 761 1727 787 Ἤτοι
1743 759 1799 795 γὰρ
1808 759 1857 786 τοῦ

1063 808 1150 840 είδους
1182 809 1266 842 ἐστὶν,
1293 808 1389 843 ῶσπερ
1415 809 1541 844 ὲγγυᾷ⁸¹,
1556 809 1638 843 μόνου
1655 809 1672 843 ὴ
1685 807 1851 838 ἀνάστασις,

1064 854 1112 882 καὶ
1123 855 1152 881 οὐ
1165 854 1277 882 δύναται
1301 854 1342 881 ἔτι
1358 855 1529 890 πρωτότοκος
1544 851 1639 880 εἷναιό
1656 853 1772 889 Χριστὸς
1799 853 1858 879 τῶν

1065 900 1168 937 νεκρῶν
1195 900 1234 936 τῷ
1269 901 1322 936 πρὸ
1344 901 1427 928 αὑτοῦ
1453 900 1569 936 ἐχούσας
1597 899 1677 926 τοῦτο
1705 899 1775 934 μετά
1804 900 1858 934 τὴν

1064 947 1192 982 τελευτὴν
1203 947 1234 973 τὸ
1246 944 1317 979 εἶδος
1348 947 1499 982 πεφηνέναι
1522 947 1610 982 ψυχάς
1624 955 1632 964 ο
1644 947 1661 982 ἢ
1680 946 1857 982 πρωτότοκος

1063 992 1173 1027 ἀληθῶς
1202 989 1297 1028 ὥσπερ
1326 992 1395 1026 ἐστι,
1425 993 1473 1020 καὶ
1491 992 1622 1019 ἀδύνατον
1635 993 1705 1024 ὅλως
1719 991 1858 1027 ἠξιῶσθαι

1063 1040 1117 1075 πρὸ
1132 1039 1215 1066 αὑτοῦ
1227 1048 1301 1071 τινας
1312 1039 1362 1074 τῆς
1374 1040 1413 1071 είς
1423 1039 1454 1065 τὺ
1474 1040 1511 1075 μὴ
1529 1037 1608 1071 αὖθις
1622 1039 1767 1066 ἀποθανεῖν
1786 1039 1858 1066 ἀνα-

1065 1085 1196 1116 στάσεως.
1213 1085 1246 1112 El
1261 1085 1289 1112 δὲ
1301 1085 1401 1121 ἀνέστη
1425 1085 1513 1118 οὐδεὶς
1525 1086 1578 1121 πρὸ
1587 1085 1682 1118 αὐτοῦ,
1696 1085 1722 1112 οἱ
1737 1084 1767 1111 δὲ
1782 1085 1859 1120 ἀμφὶ

1063 1131 1109 1157 τὸν
1119 1131 1238 1158 Μωῡσέα
1253 1131 1300 1158 καὶ
1311 1131 1356 1158 τὸν
1377 1131 1471 1158 Ἠλίαν
1489 1131 1595 1166 σάρκας
1610 1131 1660 1167 μὲν
1675 1131 1784 1166 ἔχοντες
1797 1132 1859 1161 τοῖς

1064 1175 1225 1208 ἀποστόλοις
1247 1176 1297 1202 οὐκ
1322 1175 1464 1212 ὤφθησαν,
1483 1176 1562 1211 μόνον
1576 1177 1605 1203 δὲ
1617 1177 1648 1203 τὸ
1665 1175 1746 1209 εἶδος,
1766 1177 1784 1209 ἡ
1798 1177 1858 1211 ἄρα

1064 1222 1213 1253 ἀνάστασις
1241 1221 1288 1248 ἐπὶ
1310 1222 1358 1257 τῆς
1382 1223 1483 1258 σαρκὸς
1494 1222 1632 1258 δηλοῦται.
1647 1223 1703 1250 Καὶ
1716 1222 1770 1258 γὰρ
1789 1224 1857 1250 ἀτο-

1065 1267 1189 1294 πώτατον
1215 1268 1261 1294 ἐπὶ
1276 1267 1358 1303 μόνου
1375 1267 1421 1295 τοῦ
1437 1267 1523 1300 εἴδους
1539 1268 1588 1304 τὴν
1602 1269 1749 1296 ἀνάστασιν
1769 1269 1858 1304 διορί-

1066 1314 1172 1347 ζεσθαι,
1194 1314 1275 1341 ὁπότε
1290 1315 1317 1340 αἱ
1330 1314 1415 1349 ψυχαὶ
1437 1314 1485 1341 καὶ
1509 1315 1578 1350 μετά
1593 1315 1642 1350 τὴν
1660 1315 1709 1350 τῆς
1725 1315 1860 1351 σαρκὸςυ

1065 1360 1155 1393 ἔξοδον
1183 1360 1312 1387 οὐδέποτε
1331 1361 1473 1394 φαίνονται
1484 1360 1513 1387 τὸ
1527 1359 1606 1393 εἶδος,
1619 1361 1633 1388 ὃ
1647 1370 1730 1396 φησιν
1745 1362 1862 1388 ἀνίστα-

1067 1406 1140 1439 σθαι,
1176 1401 1384 1441 άποτιθέμεναι.
1424 1407 1455 1433 Et
1484 1406 1513 1433 δὲ
1543 1407 1734 1442 συμπαρέσται
1761 1409 1862 1440 αὑταῖς

1065 1452 1144 1479 τοῦτο
1158 1452 1351 1488 ἀναφαίρετον,
1364 1453 1491 1488 καθάπερ
1506 1453 1553 1480 καὶ
1566 1454 1613 1479 ἐπὶ
1620 1455 1671 1489 τῆς
1679 1453 1703 1469 ⁸⁸
1717 1454 1863 1487 Μωῦσέως

1065 1499 1114 1525 καὶ
1133 1498 1225 1525 Ἠλίου
1249 1498 1349 1534 ψυχῆς,
1381 1498 1428 1525 καὶ
1444 1498 1475 1524 οὐ
1492 1492 1632 1534 φθείρεται
1654 1499 1724 1526 κατά
1749 1500 1779 1526 σὲ
1797 1500 1864 1526 οὔτε

1066 1546 1224 1579 ἀπόλλυται,
1251 1548 1300 1574 σὺν
1329 1547 1424 1579 αὑταῖς
1455 1547 1594 1582 πανταχοῦ
1614 1547 1777 1582 συμπαρδν,
1809 1549 1864 1574 οὐκ

1067 1593 1121 1629 ἄρα
1132 1593 1163 1620 τὸ
1175 1591 1246 1624 εἶδος
1260 1593 1414 1625 ἀνίσταται,
1430 1593 1444 1619 ὃ
1460 1593 1595 1628 μηδέποτε
1618 1593 1772 1620 πέπτωκεν.
1796 1594 1865 1621 Ἐὰν

1066 1639 1095 1665 δέ
1104 1639 1126 1655 ³⁵
1137 1648 1179 1669 τις
1193 1639 1372 1675 δυσχεράνας,
1388 1640 1443 1666 Καὶ
1457 1639 1515 1672 πῶς
1523 1639 1565 1675 δὴ,
1576 1639 1722 1675 ἀποκριθῇ,
1731 1641 1755 1666 εἰ
1765 1641 1865 1674 μηδεὶς

1067 1685 1166 1721 ἀνέστη
1186 1686 1240 1721 πρὸ
1251 1686 1298 1712 τοῦ
1310 1686 1451 1713 κατελθεῖν
1467 1686 1507 1717 είς
1525 1686 1571 1713 τὸν
1591 1685 1656 1722 ᾅδην
1668 1687 1713 1713 τὸν
1728 1686 1864 1721 Χριστὸν,

1067 1731 1233 1762 ἀναστάντες
1248 1732 1298 1767 ἥδη
1312 1732 1384 1764 τινὲς
1399 1732 1584 1768 ίστορήθησαν
1601 1732 1655 1767 πρὸ
1670 1732 1763 1764 αὐτοῦ,
1776 1733 1807 1759 ὲν
1819 1731 1866 1765 οἷς

1067 1777 1117 1813 τῆς
1128 1778 1302 1814 Σαραφθίνης
1315 1779 1404 1815 χήρας
1423 1780 1437 1806 ὁ
1454 1779 1511 1811 υίὸς
1524 1779 1572 1806 καὶ
1602 1779 1653 1814 τῆς
1675 1779 1868 1814 Σωμανίτιδος

1069 1824 1114 1850 καὶ
1127 1824 1141 1850 ὁ
1153 1823 1295 1860 Λάζαροςς
1313 1823 1383 1860 [928
1398 1823 1445 1859 Β.]
1469 1823 1590 1857 λεκτέον,
1599 1823 1668 1850 ’Δλλ’
1688 1821 1762 1850 οὗτοι
1778 1824 1821 1855 είς
1833 1825 1867 1850 τὸ

1067 1870 1115 1896 καὶ
1140 1869 1217 1902 αὖθις
1243 1870 1389 1896 ἀποθανεῖν
1422 1869 1596 1905 ἀνέστησαν,
1628 1870 1708 1905 ἡμεῖς
1734 1869 1762 1896 δὲ
1794 1870 1867 1904 περὶ

1069 1915 1129 1951 [491
1144 1914 1191 1951 Η.]
1207 1916 1262 1942 τῶν
1291 1916 1390 1952 μηκέτι
1416 1915 1486 1950 μετά
1501 1914 1552 1950 τὴν
1564 1914 1673 1950 ἔγερσιν
1684 1915 1866 1950 διοριζόμεθα

1066 1961 1282 1996 τεθνηξομένων.
1303 1961 1366 1988 Ἐὰν
1378 1961 1407 1988 δὲ
1424 1961 1471 1988 καὶ
1502 1961 1567 1996 περὶ
1592 1961 1642 1996 τῆς
1662 1960 1752 1996 ψυχῆς
1765 1961 1866 1988 διαπο-

1069 2007 1155 2042 ρήσας
1169 2007 1262 2043 φράσῃ
1273 2007 1322 2034 τοῦ
1339 2007 1442 2039 Ἠλίου,
1462 2007 1500 2039 ὡς
1517 2007 1573 2034 τῶν
1589 2006 1639 2042 μὲν
1653 2006 1772 2041 Γραφῶν
1783 2008 1865 2033 ἀνει-

1069 2053 1169 2086 Λῆφθαι
1182 2053 1265 2080 αὑτὸν
1279 2053 1418 2088 λεγουσῶν
1436 2054 1465 2080 ὲν
1477 2053 1572 2089 σαρκὶ.
1586 2053 1663 2088 ἡμῶν
1674 2053 1702 2080 δὲ
1716 2053 1865 2088 ἀσύμπλο-

1068 2107 1116 2125 κον
1145 2099 1247 2134 σαρκὸς
1275 2100 1332 2131 τοῖς
1359 2099 1521 2132 ἀποστόλοις
1557 2096 1649 2134 ὦφθαι
1688 2100 1862 2134 φασκόντων·

1068 2145 1186 2175 λεκτέον,
1203 2146 1243 2172 ὃτι
1257 2146 1304 2172 καὶ
1324 2145 1378 2181 μὴν
1396 2146 1496 2181 μᾶλλον
1509 2145 1540 2172 τὸ
1558 2146 1649 2179 λέγειν
1668 2145 1751 2173 αὑτὸν
1767 2142 1864 2180 ὦφθαι

1068 2191 1124 2223 τοῖς
1139 2191 1300 2223 ἀποστόλοις
1313 2191 1342 2217 ἐν
1354 2191 1437 2226 σαρκὶ
1451 2191 1520 2227 πρὸς
1532 2191 1612 2226 ἡμῶν
1629 2192 1699 2219 ἐστι.
1714 2192 1863 2219 Δείκνυται

228 2249 281 2276 qtte
310 2246 409 2273 corpus
438 2243 560 2266 nostrum
586 2237 798 2265 immortalitatis
830 2243 892 2264 esse
919 2243 1014 2270 capax,

1068 2235 1123 2271 γάρ
1150 2237 1196 2262 καὶ
1220 2235 1266 2262 διά
1293 2235 1372 2263 τοῦτο
1382 2236 1405 2252 ⁸⁸
1416 2236 1573 2272 ἀφθαρσίας
1604 2236 1683 2272 ήμῶν
1696 2236 1820 2271 ὑπάρχον
1831 2237 1864 2262 τὸ

229 2285 453 2321 quemadmodum
467 2289 605 2310 ostensum
622 2287 663 2310 est
679 2283 704 2310 in
719 2282 812 2310 Enoch
832 2282 974 2309 translato.
988 2282 1017 2309 Si

229 2331 301 2358 enitn
314 2330 524 2364 incorruptionis
535 2336 621 2364 capax
633 2336 686 2356 non
701 2332 784 2360 esset,
799 2328 869 2355 haud
883 2328 1016 2362 potuisset

231 2382 305 2403 tanto
330 2382 449 2410 tempore
472 2375 531 2403 sine
552 2375 611 2401 labe
638 2374 823 2409 corruptionis
848 2381 1016 2409 permanere.

229 2423 301 2457 Ergo
315 2430 376 2449 cttm
393 2429 507 2455 corpore
521 2421 659 2456 apparuit,
675 2425 735 2447 erat
752 2420 797 2447 ille
813 2420 920 2454 quidem
935 2421 1018 2446 mori-

230 2475 317 2500 turus,
340 2469 387 2496 sed
411 2467 529 2495 ttondtttn
553 2468 641 2494 adhuc
667 2472 835 2495 surrexerat.
853 2466 885 2494 Et
907 2467 965 2493 haec
990 2470 1019 2493 ttt

229 2515 324 2541 demus
339 2512 460 2547 Origetti,
477 2513 524 2547 qui
536 2512 651 2540 l'ormatn
667 2512 814 2540 secundum
825 2513 920 2539 eadem
935 2512 1019 2538 linea-

230 2564 320 2586 menta
343 2563 404 2593 post
424 2563 537 2585 mortent
557 2565 572 2584 a
593 2565 708 2592 corpore
733 2556 900 2592 sejunctam,
922 2557 1019 2583 animae

230 2604 307 2630 reddi
319 2603 394 2636 dicit,
411 2602 481 2636 quod
500 2602 572 2629 ttulla
587 2609 698 2636 prorsus
723 2601 828 2629 ratione
844 2601 900 2627 ﬁeri
917 2606 1014 2635 potest,

230 2657 262 2676 eo
276 2649 346 2683 quod
363 2649 448 2675 forma
473 2647 565 2676 carnis
586 2649 661 2682 prius
682 2648 710 2675 in
727 2647 934 2675 alterationibus
954 2655 1015 2674 cor-

230 2699 381 2730 rumpatur,
408 2695 635 2728 quemadmodum
659 2697 686 2720 et
715 2693 800 2727 ﬁgura
826 2692 892 2719 lusa:
919 2697 1016 2719 statua:

1070 2281 1150 2315 σῶμα
1173 2281 1308 2313 δεκτικὸν,
1327 2281 1454 2316 καθάπερ
1466 2282 1573 2318 ἐδείχθη
1589 2282 1636 2309 καὶ
1649 2283 1696 2309 ἐπὶ
1707 2282 1755 2309 τοῦ
1775 2281 1863 2317 Ἑνὼχ

1070 2326 1291 2362 μετατιθεμένου.
1320 2327 1350 2354 El
1372 2327 1410 2362 μὴ
1431 2327 1486 2362 γὰρ
1512 2327 1668 2363 ἀφθαρσίαν
1692 2328 1805 2355 ἐδύνατο
1820 2328 1864 2355 δέ-

1069 2372 1177 2405 ξασθαι,
1200 2373 1295 2400 οὐκᾶν
1312 2373 1373 2400 οὐδὲ
1394 2373 1530 2409 διέμεινεν
1544 2375 1574 2401 ὲν
1600 2374 1720 2410 ἀπαθείᾳ
1741 2375 1864 2410 τοσούτῳ

1069 2420 1168 2454 χρόνῳ.
1181 2420 1212 2445 El
1227 2420 1318 2446 τοίνυν
1342 2418 1421 2454 ὤφθη
1454 2420 1524 2454 μετά
1544 2418 1591 2446 τοῦ
1609 2419 1748 2454 σώματος,
1765 2421 1816 2447 καὶ
1829 2418 1865 2456 ἦν

1068 2465 1233 2499 τελευτήσας
1245 2465 1304 2499 μὲν,
1317 2465 1436 2496 ἀναστὰς
1451 2465 1507 2492 δὲ⁸τ
1521 2465 1571 2500 ἤδη
1584 2465 1616 2492 ὲκ
1627 2465 1732 2500 νεκρῶν
1743 2466 1864 2493 οὐδέπω.

1069 2511 1125 2538 Καὶ
1134 2510 1219 2538 ταῦτα
1236 2511 1280 2537 ἵνα
1293 2511 1324 2546 δὴ
1341 2511 1568 2546 συγχωρήσωμεν
1583 2510 1622 2545 τῷ
1640 2510 1787 2545 Ὧριγένει,
1801 2511 1864 2538 καθ’

1069 2557 1149 2584 ἑαυτὸ
1165 2557 1193 2583 τὸ
1207 2555 1277 2588 εἶδος
1291 2557 1399 2591 λέγοντι
1413 2557 1482 2592 μετά
1494 2556 1544 2591 τὴν
1552 2555 1683 2592 τελευτὴν
1692 2556 1866 2590 ἀποζευγνὺ-

1071 2611 1150 2637 μενον
1175 2604 1229 2629 ἀπὸ
1254 2603 1301 2629 τοῦ
1329 2602 1455 2637 σώματος
1470 2603 1503 2637 τῇ
1524 2602 1597 2637 ψυχῇ
1615 2601 1757 2634 -δίδοσθαι,
1793 2603 1865 2638 ὅπερ

1069 2649 1142 2675 ἐστὶν
1171 2649 1299 2675 ἁπάντων
1333 2648 1464 2675 ἀδύνατον
1473 2648 1497 2663 ⁸⁸
1520 2647 1560 2682 τῷ
1584 2648 1811 2683 προαπόλλυσθαι
1834 2650 1866 2676 τὸ

1070 2692 1139 2725 εἶδος
1149 2694 1204 2720 τῶν
1219 2694 1328 2729 σαρκῶν
1343 2694 1373 2721 ὲν
1389 2696 1449 2726 ταῖς
1464 2693 1636 2726 ἀλλοιώσεσι,
1665 2693 1795 2729 καθάπερ
1815 2695 1867 2722 καὶ

872 2762 915 2789 VA
921 2761 990 2789 RIJE
1015 2761 1217 2790 LECTIONES.

268 2812 292 2827 ⁸⁸
307 2811 395 2847 ἔσται]
409 2819 450 2837 σοι
464 2811 494 2838 Β.
531 2810 552 2825 ⁸¹
569 2809 658 2847 6_adt_l.
673 2809 721 2847 A.”
743 2809 766 2824 ⁸¹
780 2808 975 2847 ῶσπεριὲγῖυᾷ
990 2807 1239 2847 Αμὼειπταρεχγυᾷ
1249 2807 1270 2835 Β
1284 2808 1400 2847 ίῶσπερ
1413 2809 1515 2847 ὲγγιξας
1528 2819 1564 2843 ς,
1576 2809 1623 2847 Af"
1638 2810 1688 2844 τῆς
1703 2809 1806 2847 σαρκός
1821 2808 1842 2835 Β
1856 2818 1862 2835 :

233 2837 395 2882 σαρκῶῡξςῖ
428 2837 986 2882 "riu-49mm:sti—'tlwkité-
1020 2837 1235 2878 "a’énéaét'q:

232 2880 434 2909 ἁδὺνατῶτατον
444 2882 456 2908 ‘2
468 2881 519 2917 τῷ]
537 2882 566 2907 τό
587 2880 616 2908 Β.

1287 2844 1310 2859 ⁸⁸
1325 2844 1416 2872 ntalim
1430 2844 1536 2872 τούτου.
1574 2845 1596 2861 ⁸⁷
1609 2844 1701 2873 δὲοῐιι.
1717 2847 1750 2871 A.
1790 2844 1813 2860 ⁸⁸
1827 2854 1862 2871 an
