1920 3092
58 177 110 210 1133

540 179 804 210 BIBLIOTHECA.
825 190 860 196 -
874 178 957 210 COD.
978 179 1155 210 CCXXXlV.

1590 180 1658 214 1134

55 234 78 259 τὸ
92 231 171 266 σχῆμα
194 229 237 258 τοῦ
270 232 505 267 συγχωνευομένου
516 233 675 271 ἀνδριάντος
693 234 746 270 πρὸ
757 235 808 269 τῆς

869 238 921 261 tute
936 233 1017 261 totius
1032 233 1122 269 operis
1136 233 1316 261 solutionem:
1332 233 1450 270 qualitas
1460 235 1531 262 enim
1547 243 1562 263 a
1574 242 1660 265 ηιειιυε

54 278 174 309 διαλύσεως
189 277 234 304 τοῦ
247 278 318 311 ὅλου,
333 279 374 305 ὃτι
393 279 431 315 μὴ
444 279 556 307 δύναται
570 281 738 317 χωρίζεσθαι
752 281 816 307 καθ’

54 325 177 351 ὑπόστασιν
189 325 239 351 ἀπὸ
258 325 306 359 τῆς
325 324 392 361 ὕλης
409 325 560 362 ὴποιότης.
586 327 741 362 Χωρίζεται
766 326 816 361 μὲν

53 369 93 405 γὰρ
115 370 162 396 ἀπὸ
189 369 232 396 τοῦ
258 370 416 405 ἀνδριάντος
450 372 634 407 χωνευθέντος
652 373 669 407 ἠ
693 372 757 408 περὶ
777 371 815 406 τῷ

53 415 126 450 χι).χῷ
149 416 233 451 μορφὴ
259 417 458 453 ἀφανιζομένη,
478 418 508 445 οὐ
524 418 578 454 μὴν
603 418 749 453 ὑφεστῶσα
774 419 814 445 ἔτι

54 463 98 488 κατ’
112 462 206 489 οὐσίαν.
224 462 296 489 Ἐπεὶ
312 463 340 489 δὲ
355 463 463 498 λέγεται
481 465 510 491 ὲν
522 465 561 500 τῷ
584 465 692 500 θανάτῳ
702 465 732 492 τὸ
746 462 815 496 εἶδος

54 508 189 543 χωρίζεσθαι
207 509 260 535 ἀπὸ
282 510 333 544 τῆς
353 510 464 545 σαρκδς,
494 511 559 546 φέρε
575 511 606 537 τὸ
627 511 812 546 χωριζόμενον

54 553 153 588 ποσαχῶς
162 553 266 588 λέγεται
277 555 441 590 χωρίζεσθαι
459 557 684 592 ἐπισκεψώμεθα.
697 557 814 591 Λέγεται

54 598 121 625 τοίνυν
142 599 299 634 χωρίζεσθαὶ
313 609 339 626 τι
359 601 413 628 ἀπό
425 610 496 634 τινος
519 602 534 638 ἢ
547 603 674 639 ἐνεργείᾳ
687 604 733 630 καὶ
746 604 814 630 ὐπο-

54 646 134 677 στὰσει,
146 645 160 680 ἢ
173 646 286 681 ἐπινοίᾳ,
303 646 319 681 ἢ
335 648 460 683 ἐνεργείᾳ
485 648 546 683 μὲν,
560 649 589 675 οὐ
607 649 661 684 μὴν
686 649 734 675 καὶ
749 649 814 675 ὑπο-

54 692 134 718 στὰσει.
154 691 194 723 Ὣς
210 693 233 718 εί
245 692 267 707 ⁸⁸
284 693 386 727 πυρούς
412 703 453 726 τις
468 695 515 721 καὶ
531 694 629 730 κριθὰς
655 695 814 730 μεμιγμένα

54 737 168 772 χωρίσειεν
192 738 238 764 ἀπ’
256 738 396 774 ἀλλήλων*
447 741 497 775 μὲν
523 741 577 777 γὰρ
605 741 676 768 κατὰ
706 742 813 776 κίνησιν

54 782 181 818 χωρίζεται,
205 784 330 820 ἐνεργείᾳ
360 785 476 820 λέγεται,
529 787 557 813 δὲ
577 787 748 822 χωρισθέντα
761 789 813 822 ὑφ-

55 828 143 861 έστηκεν
167 828 311 856 ὑποστάσει
343 830 453 864 λέγεται
491 832 670 867 κεχωρίσθαι.
692 833 814 869 Ἐπινοίᾳ

54 873 80 904 δὲ,
92 873 145 899 ὃταν
162 873 207 909 τὴν
227 873 296 908 ὓλην
323 875 377 901 ἀπὸ
401 876 461 913 τῶν
479 877 631 912 ποιοτήτων
651 878 812 913 χωρίζωμεν

54 919 87 944 καὶ
109 919 153 951 τὰς
168 921 310 956 ποιότητας
329 921 385 948 ἀπὸ
398 912 456 957 ’τῆς
469 922 546 959 ὕλης.
566 912 707 960 Ὲνεργείᾲ
720 912 768 957 at,
781 924 811 952 οὐ
830 919 851 946 Β

55 965 92 999 μὴν
117 966 158 992 καὶ
183 966 340 999 ὑποστάσει,
372 968 436 995 ὅταν
465 969 599 1004 χωρισθὲν
615 979 642 996 τι
657 971 711 997 ἀπό
741 979 814 1002 τινος

56 1011 130 1046 μηκέτι
145 1012 267 1048 ὑπάρχοι,
286 1014 438 1041 ὑπόστασιν
457 1015 552 1047 οὐσίας
571 1016 622 1042 οὐκ
634 1016 705 1051 ἕχον.
732 1017 812 1052 Γνοίη

54 1059 69 1085 δ’
79 1060 103 1086 ἄν
112 1069 147 1091 τις
154 1061 197 1087 καὶ
207 1062 234 1088 ἐν
243 1063 298 1094 τοῖς
307 1064 465 1098 χειροτεχνή
471 1072 552 1098 μασιν
560 1064 598 1096 ὡς
608 1064 675 1100 ἔχει,
689 1065 811 1101 ἀνδριάν-

54 1113 76 1130 τι
89 1105 140 1133 ἰδὼν
154 1107 169 1141 ἢ
181 1107 261 1134 ἵππον
297 1108 425 1143 χαλκοῦν.
451 1110 543 1136 Ταῦτα
562 1110 617 1146 γὰρ
640 1110 814 1147 λογιζόμενος

54 1151 123 1183 idem
144 1153 188 1188 τὴν
209 1153 331 1188 ἔμφυτον
356 1155 462 1191 μορφὴν
488 1156 689 1189 διαλλάττοντα,
723 1160 764 1189 είς
786 1158 814 1185 δὲ

54 1196 126 1231 ἑτέραν
151 1198 209 1233 {vim
241 1200 429 1236 μεθιστάμενα
452 1202 497 1236 ὑφ’
514 1200 548 1238 ἦς
568 1203 598 1230 τὺ
615 1203 814 1238 ξυγγενόμενον

55 1240 103 1273 εἶδος
120 1243 285 1277 ἀφανίζεται.
316 1247 346 1273 Εἰ
361 1246 416 1283 γὰρ
437 1256 478 1280 τις
496 1249 530 1275 τὰ
544 1248 612 1285 ἔργα
628 1250 663 1275 τὰ
679 1258 814 1285 σχηματι-

55 1289 132 1323 ζόμενα
143 1292 178 1323 εἰς
191 1290 258 1324 εἶδος
266 1292 412 1328 ἀνθρώπου
423 1293 439 1328 ἢ
452 1294 536 1321 ἵππου
547 1296 686 1330 συντήκοι,
701 1296 814 1331 εὑρήσει

54 1335 75 1360 τὴ
86 1335 126 1370 μὲν
140 1337 182 1363 τοῦ
196 1339 337 1373 σχήματος
362 1337 431 1370 εἶδος
453 1340 666 1375 ἀφανιζόμενον,
686 1342 772 1376 αὐτὴν
786 1342 815 1369 δὲ

54 1380 88 1414 τὴν
108 1382 166 1417 ὕλην
189 1385 334 1418 μένουσαν.
355 1385 436 1412 Ὥστε
464 1386 616 1413 ἀσύστατον
631 1387 661 1414 τὺ
684 1387 774 1421 λέγειν
784 1389 816 1414 τὸ

56 1427 90 1460 μὲν
102 1427 159 1461 εἶδος
173 1430 335 1457 ἀνίστασθαι
353 1432 555 1468 ἠμαυρωμένον
572 1433 666 1468 μηδὲν,
678 1433 707 1461 τὸ
719 1434 747 1461 δὲ
762 1435 816 1461 σῶ-

55 1482 90 1506 μα,
105 1476 128 1501 ἐν
138 1472 158 1510 ᾧ
170 1474 201 1511 ἦν
213 1477 242 1503 τὸ
256 1475 328 1509 εἶδος
348 1479 579 1513 ἐντετυπωμένον,
598 1479 815 1516 διαφθείρεσθαι.

59 1519 119 1548 ’ἀλλὰ
129 1523 177 1554 ναὶ,
191 1526 273 1561 φησίν
284 1534 292 1541 ·
302 1526 331 1552 ἐν
343 1526 520 1561 πνευματικῷ
528 1526 582 1561 γὰρ
600 1527 815 1562 μετατεθήσεται

56 1566 146 1602 σώματι.
159 1571 259 1598 Οὐκοῦν
274 1571 383 1607 ἀνάγκη
392 1572 422 1598 τὸ
437 1572 488 1606 μὲν
505 1571 576 1604 είδος
589 1572 661 1604 ίδίως
669 1573 811 1608 ὁμολογεῖν

55 1611 103 1638 αὐτὸ
116 1614 141 1641 τὸ
168 1617 274 1652 πρῶτον
290 1619 328 1652 μὴ
345 1618 517 1651 ἀνίστασθαι,
536 1618 575 1654 τῷ
601 1619 814 1654 σννηλλοιῶσθαι

56 1657 103 1684 uta
118 1662 256 1696 συμφθῖγον
270 1664 305 1698 τῇ
323 1664 414 1699 σαρκί.
444 1664 504 1691 Κᾶν
524 1664 577 1700 γὰρ
591 1665 620 1692 ὲν
635 1666 814 1701 πνευματικῷ

57 1707 202 1743 μεταπλασθῇ
220 1709 340 1745 σώματι,
356 1710 422 1738 αὐτὸ
438 1711 487 1746 μὲν
499 1711 571 1742 ίόίως
581 1711 612 1738 τὸ
625 1712 733 1747 πρῶτον
747 1713 814 1739 ὑπο-

56 1749 154 1785 κείμενον
165 1754 250 1781 ἐκεῖνο
268 1756 319 1782 οὐκ
342 1755 461 1789 Errat",
473 1757 601 1792 ὁμοιότης
613 1757 643 1785 δέ
653 1767 694 1789 τις
708 1759 814 1786 ἐκείνου

55 1794 230 1840 ἒνλεπτομερεῑ
243 1802 495 1838 μεταπεπλασμένη
514 1802 632 1837 σώματι.
651 1803 685 1830 Εἰ
699 1804 728 1830 δὲ
745 1806 814 1840 μήτε

54 1839 137 1875 risus;
151 1845 178 1871 τὸ
188 1847 254 1873 αὐτὸ
271 1848 340 1882 μήτε
350 1848 380 1874 τὸ
393 1848 473 1883 σῶμα
485 1849 639 1880 ἀνίσταται,
651 1849 709 1876 ἀλλ’
721 1839 814 1886 ἕτερον

54 1886 145 1933 ᾴντὶτοῦ
156 1893 285 1927 προτέρου
300 1893 340 1928 (τὸ
352 1894 407 1930 γὰρ
417 1894 510 1928 ὅμοιον
525 1895 619 1931 ἕτερον
630 1896 678 1923 τοῦ
693 1896 812 1933 [49211]

54 1931 128 1979 ila-.0;
136 1937 224 1971 ὁμοίου
240 1938 301 1972 ὃν),
332 1940 397 1966 αὐτὸ
413 1941 502 1967 ὲκεϊνο
523 1941 553 1968 τὸ
576 1931 701 1977 πρῶτον,
721 1931 815 1979 πρὸςᾶ

53 1977 147 2014 ἐγένετο,
165 1980 232 2010 εἶναι
244 1985 277 2010 οὺ
293 1985 414 2014 δύναται.

52 2068 58 2075 κ
68 2025 130 2075 -Ὂτι
155 2028 222 2062 εἶδός
237 2039 322 2066 φησιν
334 2029 403 2058 εἷναι
419 2033 450 2059 τὺ
463 2033 512 2068 τὴν
528 2035 681 2070 ταυτότης-α
694 2035 749 2062 τῶν
765 2045 814 2071 με-

53 2070 129 2100 λίτλνέν
139 2075 174 2111 τῷ
185 2078 340 2113 χαρακτῆρι
359 2079 409 2113 τῆς
437 2081 545 2117 μορφῆς
572 2081 687 2109 ἑκάστου
713 2083 813 2118 ἐμφαῖ-

53 2124 91 2143 νον.

78 2162 130 2211 [ΜΘ
143 2166 186 2205 ἢ]
210 2170 272 2197 Ὅτι
293 2171 323 2197 τὸ
344 2172 420 2207 παρὰ
448 2173 496 2200 τοῦ
522 2175 662 2210 προῳήτου
683 2175 814 2211 ’Ῑεζεκιὴλ

53 2210 101 2257 τῖεξὶ
122 2213 165 2248 τῆς
178 2215 351 2248 ἀναστάσεως
366 2218 420 2244 τῶν
445 2219 550 2254 νεκρῶν
574 2220 656 2255 ῥητὸν
669 2210 813 2257 εἰρημένον

53 2254 246 2306 ἶοῦΔᾯριγὲνους
263 2263 489 2298 ἀλληγοροῦντος,
509 2265 556 2292 καὶ
575 2254 614 2297 εἰσ
628 2266 677 2302 τὴν
774 2268 813 2299 εἰς
830 2279 852 2306 ι)

54 2300 174 2348 βαὸυλῶνα
189 2309 466 2344 αἰχμαλωτισθέντων
486 2300 660 2348 Ἰσραηλιτῶν
684 2312 813 2341 ὲπάνοδοῦ

50 2346 220 2396 *ἐκϐιαζομένου
243 2355 370 2390 εἰρῆσθαι
386 2376 394 2387 ,
420 2346 575 2393 ἐξελέγχων
603 2359 672 2393 μετά
697 2360 781 2387 πολλὰ
801 2361 815 2386 ὁ

53 2399 110 2440 ξτιος
131 2398 174 2424 καὶ
187 2400 266 2426 τοῦτό
282 2409 363 2436 φησιν
374 2410 382 2417 ’
399 2403 468 2429 Οὐδὲ
489 2403 553 2438 γὰρι
567 2404 625 2431 οὐδὲ
649 2406 726 2432 αὐτοὶ
747 2405 815 2440 πρὸς

53 2437 182 2476 ἐλευθερίαν
208 2445 364 2481 ἀνέσιρηλαν
390 2437 617 2483 καθαρὰνίούδὲ
641 2450 695 2477 τῶν
710 2437 815 2487 ἐχθρῶν

53 2490 286 2534 χξτακρατήσαντες
308 2492 585 2531 ὲξουσιαστικώτερον
612 2496 776 2532 κατῴκησαν
792 2498 814 2514 ⁹¹

53 2531 270 2573 τῩΙνΊερουσιιιλήμ..
287 2538 418 2574 Εῖργοντο
427 2540 489 2574 γοῦν
502 2541 554 2568 ὑπὸ
565 2542 627 2568 τῶν
635 2543 784 2570 ἀλλοεθνῶν
793 2545 816 2560 θ’

53 2576 157 2625 ῖῖολλάκις
163 2582 336 2618 οἰκοδομῆσαι
351 2584 513 2621 Θελήσαντες
524 2587 569 2613 τὸν
579 2589 642 2615 ναόν
650 2589 681 2604 ³³·
693 2589 754 2616 ὅθεν
769 2590 817 2616 καὶ

53 2627 74 2671 5‘:
84 2627 105 2657 μ’
121 2627 196 2655 αὐτὺν
211 2631 257 2656 καὶ
270 2630 294 2662 ς’
313 2630 387 2657 ἔτεσι
416 2632 494 2666 μόλις
523 2633 695 2669 ἠδυνήθησαν
720 2636 816 2671 δειμα-

53 2666 115 2703 ὕθαι,
126 2673 169 2700 τοῦ
181 2675 352 2711 Σολομῶντος
360 2677 383 2693 ’⁸
403 2679 431 2704 ὲν
448 2679 576 2705 ἑπταετεῖ
588 2681 676 2716 χρόνῳ
689 2682 721 2708 ὲκ
735 2666 816 2716 θεμε-

79 2737 191 2770 θΕιεείι.
214 2751 316 2777 uult.
342 2745 355 2772 1
375 2752 453 2781 seqq.

871 279 911 306 ria
926 279 1074 306 secundum
1090 278 1248 314 hypostasin
1266 284 1410 314 separatur
1433 279 1541 314 quidem
1563 289 1578 308 a
1599 281 1658 309 fusa

870 329 972 358 statua,
987 324 1074 352 forma
1095 325 1121 352 in
1141 332 1195 353 mre
1218 325 1317 358 deleta,
1337 326 1384 353 sed
1399 333 1459 360 quae
1476 333 1529 354 non
1543 328 1659 362 amplius

870 371 1017 400 secundum
1034 371 1212 398 substantiam
1226 372 1364 399 subsistat.
1379 372 1446 405 Quia
1463 380 1529 400 vero
1543 373 1628 401 forma
1643 383 1658 402 a

870 423 952 443 carne
975 416 1001 443 in
1023 420 1110 444 morte
1125 416 1252 443 recedere
1268 416 1379 449 dicitur,
1397 424 1446 452 age
1461 419 1598 451 quomodo
1615 426 1659 446 re-

869 463 947 489 cedat
962 462 1111 490 videamus.
1130 462 1256 496 Separari
1275 462 1376 497 aliquid
1395 463 1429 490 ab
1450 463 1540 498 aliquo
1559 465 1659 492 dicitur

869 514 915 536 aut
932 509 1003 537 facto
1019 514 1047 536 et
1061 510 1248 543 subsistentia,
1264 515 1310 536 aut
1325 510 1508 544 cogitatione,
1524 515 1571 538 aut
1586 511 1658 539 facto

868 554 976 590 quid'em
1004 562 1052 582 seu
1073 555 1241 588 operatione,
1268 555 1314 582 sed
1333 563 1386 582 non
1405 555 1564 591 hypostasi:
1591 557 1656 583 utsi

868 601 930 636 quis
943 602 1062 631 triticum
1083 605 1110 629 et
1133 602 1263 629 hordeum
1282 602 1361 629 mista
1388 602 1459 629 inter
1477 610 1506 630 se
1520 609 1655 630 secernat.

869 649 1006 681 Quatenus
1031 648 1103 676 enim
1125 649 1271 676 seeundttm
1293 653 1397 676 motum
1413 649 1575 681 secernitur,
1593 657 1657 683 ope-

869 695 938 721 ratio
957 693 1074 726 dicitur;
1095 698 1230 728 quatenus
1242 701 1307 721 vero
1322 699 1427 722 secreta
1448 702 1497 729 per
1520 702 1550 722 Se
1569 695 1658 722 subsi—

868 745 953 772 stttut,
977 733 1113 775 hypostasi
1132 740 1219 767 divisa
1242 740 1378 767 dicuntur.
1401 739 1571 775 Cogitatiune
1594 748 1658 768 vero

868 794 914 813 seu
927 787 1043 819 ratione,
1061 787 1169 821 quando
1185 786 1327 815 materiam
1344 794 1358 813 a
1376 787 1554 821 qualitatibus
1564 787 1658 814 distin-

867 834 984 867 guimus,
1000 838 1027 860 et
1041 833 1186 867 qualitates
1200 840 1214 859 a
1232 832 1357 860 materia.
1375 833 1537 868 Operatione
1552 837 1656 860 tantum

868 883 894 906 et
910 886 962 906 non
983 879 1134 914 liypOstasi,
1153 886 1215 906 cum
1233 884 1386 914 separatum
1400 879 1502 914 aliquid
1518 879 1552 906 ab
1565 879 1656 913 aliquo

867 933 919 953 non
942 925 1057 960 amplius
1072 925 1167 958 fuerit,
1186 926 1345 954 substantia:
1362 925 1518 960 hypostasin
1538 934 1589 952 non
1612 926 1658 953 ha-

867 972 943 999 bens.
959 971 1093 1005 lntelligat
1111 977 1201 998 autem
1217 971 1353 1006 quispiam
1369 971 1419 998 hoc
1435 971 1516 1003 etiam
1533 970 1560 998 in
1576 970 1657 998 rebus

867 1017 1023 1050 mecanicis,
1041 1017 1176 1052 quomodo
1207 1025 1237 1045 se
1254 1017 1362 1050 habeat,
1376 1017 1398 1044 si
1419 1022 1536 1044 statuam
1554 1017 1654 1049 videat,

866 1067 911 1089 attt
923 1070 1021 1096 equum
1037 1070 1069 1089 ex
1086 1070 1139 1090 aere
1154 1063 1254 1090 fusum.
1273 1061 1337 1090 Haec
1358 1063 1430 1090 enint
1456 1063 1655 1098 contemplatus

866 1108 966 1136 videbit
977 1109 1126 1136 naturalem
1140 1108 1255 1135 formam
1268 1109 1294 1136 in
1308 1109 1350 1136 his
1365 1109 1475 1141 mutari,
1489 1113 1517 1136 et
1532 1109 1558 1136 in
1574 1109 1655 1137 aliam

865 1154 977 1188 ﬁguram
1002 1159 1104 1180 mutata
1128 1153 1326 1187 transformari,
1354 1162 1369 1180 a
1397 1161 1448 1188 qua
1476 1155 1550 1189 prlor
1567 1154 1654 1182 forma

867 1199 999 1226 naturalis
1012 1198 1128 1227 deletur.
1155 1199 1262 1227 Etenim
1275 1199 1298 1226 si
1317 1199 1378 1234 quis
1394 1201 1469 1234 signa
1491 1202 1517 1227 in
1535 1201 1655 1229 hominis

866 1251 912 1273 aut
933 1246 1029 1281 3001:
1055 1247 1116 1282 equi
1138 1247 1251 1283 ﬁguram
1273 1246 1387 1282 efﬁgiata
1411 1247 1528 1281 collique
1556 1247 1655 1280 faciat;

867 1293 958 1328 figura:
983 1293 1096 1320 formam
1113 1293 1214 1320 videbit
1238 1293 1412 1324 exstinctam.
1436 1294 1578 1320 materiam
1597 1302 1657 1321 ma-

866 1346 941 1366 nere.
957 1338 1049 1373 Itaque
1062 1338 1208 1366 absurdum
1221 1343 1263 1366 est
1275 1338 1408 1366 allirmare
1421 1337 1535 1365 formam
1546 1339 1656 1374 quidem

867 1393 1037 1420 nequaquam
1051 1390 1206 1419 corruptam
1227 1391 1380 1421 resurgere,
1393 1393 1492 1420 corpus
1511 1390 1611 1418 autem,
1628 1386 1657 1413 in

866 1439 920 1467 quo
935 1431 1019 1459 forma
1039 1431 1173 1466 descripta
1191 1436 1234 1459 est
1255 1432 1402 1466 corrumpi.
1422 1431 1504 1466 Atqui
1520 1439 1594 1466 sane,
1614 1431 1657 1459 in-

866 1478 935 1512 quit.
952 1478 978 1504 in
1005 1477 1145 1512 spirituale
1164 1477 1343 1504 transferetur
1355 1485 1464 1513 corpus.
1486 1479 1557 1512 Ergo
1576 1479 1656 1506 fateri

868 1530 980 1551 necesse
1002 1527 1044 1550 est
1064 1523 1187 1550 eamdem
1210 1523 1318 1558 proprie
1341 1522 1456 1551 formam
1471 1525 1585 1558 primam
1602 1532 1656 1552 non

869 1576 1021 1603 resurgere.
1044 1577 1076 1596 en
1099 1569 1168 1603 quod
1191 1569 1270 1595 simul
1294 1573 1394 1596 mutata
1416 1574 1444 1596 et
1463 1577 1593 1604 corporea
1621 1571 1657 1597 sit

868 1623 930 1643 cum
944 1622 1066 1649 corpore.
1086 1614 1142 1641 Etsi
1155 1615 1226 1641 enim
1244 1614 1269 1640 in
1288 1614 1429 1648 spirituale
1450 1622 1549 1649 corpus
1566 1620 1656 1642 trans-

869 1663 921 1689 lata
935 1661 970 1689 sit
987 1670 993 1688 :
1019 1661 1075 1695 ipsa
1095 1664 1184 1686 tamen
1200 1660 1294 1686 eadem
1311 1666 1362 1686 non
1383 1660 1435 1686 erit
1448 1659 1565 1693 primum
1593 1668 1657 1695 pro-

868 1709 926 1744 prie
943 1708 1093 1742 subjectum
1107 1705 1188 1742 [quod
1208 1710 1272 1733 ante
1286 1705 1359 1741 fuit],
1378 1706 1425 1733 sed
1443 1707 1565 1740 quaedam
1583 1706 1657 1733 illius

869 1755 894 1782 in
910 1754 1003 1782 subtili
1018 1761 1132 1787 corpore
1141 1752 1335 1779 transformata
1348 1751 1508 1779 similitudo.
1522 1751 1549 1779 Si
1564 1756 1655 1780 autem

868 1809 921 1828 uou
935 1801 1027 1828 eadem
1046 1799 1146 1831 forma,
1160 1805 1248 1832 neque
1262 1799 1331 1825 idem
1351 1805 1450 1832 corpus
1466 1797 1593 1833 resurgit,
1609 1800 1655 1824 sed

868 1847 938 1874 aliud
955 1854 1003 1881 pro
1015 1845 1086 1873 alio:
1102 1845 1190 1872 simile
1207 1845 1279 1871 enim
1295 1843 1410 1871 alterum
1431 1843 1520 1871 simile
1536 1843 1586 1870 sibi
1603 1849 1655 1870 est:

869 1893 932 1920 illud
948 1892 1047 1927 ipsutu,
1068 1892 1101 1918 ad
1123 1890 1198 1924 cujus
1220 1888 1375 1923 exemplum
1400 1888 1499 1915 factum
1523 1892 1577 1920 est,
1597 1887 1657 1915 ﬁeri

868 1947 920 1966 non
935 1942 1032 1974 potest.

903 2028 1031 2055 Formam
1046 2027 1084 2054 ait
1097 2033 1157 2054 esse
1173 2026 1210 2060 id,
1225 2026 1297 2061 quod
1312 2026 1338 2053 in
1356 2025 1440 2061 figura
1456 2025 1549 2053 l'ormze
1562 2024 1657 2052 unius-

868 2075 1009 2110 cujusque,
1021 2073 1205 2102 membrorum
1221 2073 1387 2100 identitatem
1400 2072 1520 2100 exhibet.

905 2177 1023 2205 Verbum
1049 2175 1122 2210 quod
1149 2175 1218 2202 dixit
1241 2175 1371 2210 propheta
1392 2173 1517 2201 Ezechiel
1533 2173 1567 2200 de
1582 2180 1654 2200 mor-

869 2228 974 2251 tuorum
1001 2221 1202 2250 resurrectione
1216 2226 1228 2240 °
1250 2221 1381 2255 Origenes
1405 2219 1548 2254 allegorice
1572 2217 1659 2245 inter-

868 2273 991 2303 pretatus
1021 2272 1072 2300 est,
1102 2272 1129 2294 et
1156 2269 1189 2293 ad
1224 2265 1408 2293 lsraelitarum
1436 2272 1470 2291 ex
1499 2263 1658 2298 captivitate

868 2315 1030 2351 Babylonica
1058 2313 1175 2341 reditum
1198 2312 1276 2347 quasi
1299 2318 1348 2346 per
1361 2311 1415 2337 vim
1431 2309 1557 2341 detorsit,
1575 2316 1658 2342 qucnt

866 2365 927 2395 post
942 2360 1027 2388 multa
1046 2364 1160 2386 sanctus
1176 2357 1330 2384 Methodius
1345 2362 1495 2390 coarguens
1508 2354 1560 2381 ltoc
1574 2353 1656 2381 dicit:

867 2407 960 2440 Neque
979 2405 1066 2432 Judaei
1086 2405 1194 2440 plenam
1222 2404 1414 2436 sinceramque
1437 2400 1592 2428 libertatem
1614 2406 1660 2425 as-

868 2453 952 2481 secuti
977 2457 1052 2483 sunt,
1078 2458 1166 2484 neqtte
1186 2449 1310 2477 hostibus
1328 2447 1442 2475 devictis
1468 2445 1565 2480 majori
1596 2452 1659 2472 cum

870 2504 1005 2534 potestate
1039 2497 1255 2531 Hierosolymam
1290 2494 1473 2521 incoluerunt.
1502 2492 1560 2519 lmo
1587 2497 1660 2525 saepe

870 2554 931 2573 cum
946 2545 1100 2572 instaurare
1115 2544 1210 2570 urbem
1230 2544 1408 2572 conarentur,
1427 2539 1460 2566 ab
1478 2538 1539 2565 aliis
1554 2535 1660 2572 pupulis

869 2596 934 2619 sunt
959 2589 1092 2624 impediti.
1111 2587 1187 2616 Unde
1206 2592 1234 2614 et
1255 2586 1326 2613 intra
1355 2584 1531 2619 quadraginta
1546 2590 1593 2610 sex
1609 2589 1658 2607 an-

870 2644 919 2664 nos
938 2635 983 2662 vix
1002 2633 1132 2668 templum
1154 2631 1340 2661 absolverunt,
1362 2637 1423 2657 cttm
1440 2629 1507 2656 illud
1526 2627 1659 2655 Salomon

867 2687 972 2718 septem
993 2681 1072 2708 annis
1092 2680 1126 2707 ab
1144 2679 1211 2714 ipsis
1230 2676 1414 2705 fundamentis
1432 2675 1581 2703 excitatum
1596 2680 1659 2708 per-

663 2801 781 2829 νΑιιιΑ]
811 2802 1014 2830 LECTIONES.

54 2839 97 2888 ""’
112 2841 145 2874 ὼς
170 2845 194 2870 εί
219 2854 273 2874 om.
290 2854 334 2882 pr.
362 2848 396 2880 A,
416 2847 440 2874 εἰ
458 2854 513 2874 om.
532 2846 564 2873 Β.

82 2874 118 2900 τὸν
134 2879 203 2900 ναόν]
224 2881 280 2900 tu":
297 2882 396 2900 ..ιτῑιηυ
447 2882 470 2897 u
481 2882 586 2900 mm:

82 2879 118 2903 τὸν
134 2879 204 2914 ναόν]
223 2881 280 2909 libri
292 2879 406 2916 μᾶλλον.
447 2882 470 2897 ⁸⁵
481 2882 637 2918 Σολομῶνος
650 2882 704 2909 AB.

610 2846 633 2863 νο
646 2847 697 2884 οὐκ
724 2846 812 2884 ἔσται]
846 2848 895 2883 οὐχ
909 2847 962 2876 AB.
1002 2848 1023 2864 ⁹¹
1047 2846 1203 2882 κατῴκισαν
1217 2855 1248 2879 ς.
1287 2848 1310 2864 ⁹²
1326 2847 1383 2874 τῶν
1402 2846 1489 2874 ἄλλων
1503 2842 1588 2872 ἐθνῶν
1601 2842 1659 2870 ΑΒ.
