1920 3092
239 149 307 183 1139

780 151 912 183 ΡΗΟΤΗ
930 148 1183 182 ΡΑΤΙΠΑΒΟΗΕ
1203 149 1259 179 CP.

1794 143 1868 176 ιιιο

241 215 300 234 ctus
320 205 470 234 Melltoditls
493 207 540 239 ait,
558 207 579 234 si
596 214 645 242 per
666 208 826 242 margaritas
841 207 1017 242 intelligenth

1072 204 1309 240 κατισχημένους),
1325 205 1338 231 ὸ
1354 204 1441 240 μέγας
1455 202 1589 234 Μεοόδιός
1599 209 1695 237 φησιν,
1707 201 1732 227 εἰ
1752 209 1865 236 μαργα-

238 257 299 280 Βιιιιῑ
322 252 481 278 veneranda:
504 259 641 287 sacraeque
665 251 784 285 Litterae,
808 261 855 288 per
867 262 963 288 porcos
977 261 1024 280 au-

238 302 290 320 tent
314 293 437 321 homines
458 293 588 328 impietati
604 298 632 321 et
653 295 838 329 voluptatibus
854 296 949 327 dediti,
965 296 1024 330 qui-

237 339 287 366 bus
302 339 451 373 apostolica
474 339 574 374 302a
591 339 664 366 dicta
694 341 727 368 ad
755 341 883 376 pietatem
899 347 927 369 et
942 341 1023 369 Chri-

237 385 271 412 sti
295 385 375 413 ﬁdem
403 385 527 414 ducentia
567 394 620 414 non
646 387 700 414 sint
734 387 952 420 accommodata,
977 388 1023 415 sed

237 425 334 464 celata,
351 432 413 460 vide
426 440 460 459 ne
470 433 546 461 dicas
561 433 644 460 ullum
657 434 876 460 Christianorum
892 434 1023 468 apostoli.

236 478 277 505 cis
292 479 438 512 prteconiis
459 486 491 506 ex
509 479 608 513 prioris
629 480 690 506 vita:
703 479 842 513 impietate
863 487 1023 507 conversum

236 531 308 551 esse.
335 523 428 558 Neque
451 525 523 552 enim
546 525 598 551 ulla
617 526 722 552 ratione
737 525 828 552 divina
845 525 947 552 Christi
964 533 1024 560 my-

237 570 320 598 steria
342 571 507 606 projeceriut
524 572 566 603 iis,
590 572 635 606 qui
661 578 772 607 propter
788 571 973 599 inﬁdelitatem
987 572 1024 599 si-

237 616 315 644 miles
338 622 401 645 sunt
431 619 533 652 porcis.
561 619 615 645 Aut
635 625 699 652 ergo
718 618 844 645 omnibus
869 617 980 651 Graecis,
998 623 1025 645 et

237 663 297 690 aliis
322 663 476 690 inﬁdelibus
501 664 557 691 hinc
581 665 707 699 mysteria
723 672 738 691 a
758 663 859 691 Christi
883 664 1023 698 discipulis

237 714 302 736 sunt
327 710 462 744 proposita
478 715 504 736 et
516 710 671 744 praedicata,
691 710 805 745 illosque
827 710 860 737 ab
885 710 1023 745 impietate

236 755 270 781 ad
297 754 435 782 Christum
463 761 658 782 converterunt
687 756 736 791 (uti
760 760 787 783 et
814 763 863 782 nos
882 756 1023 783 credentes

236 800 419 834 conﬁtemur),
443 805 469 827 et
485 800 549 828 illud
569 801 672 828 dictum
689 810 696 827 :
715 800 888 836 Neprojicite
915 809 1023 835 marga-

235 848 301 872 ritas
327 851 428 874 vestras
451 853 511 873 ante
528 855 632 880 porcos,
657 855 709 873 non
732 851 821 881 potest
844 847 959 881 amplius
985 847 1021 873 ita

1075 252 1151 288 ρίτας
1168 250 1404 290 τὰ-σεμνοπρεπῆ
1432 249 1480 276 καὶ
1504 249 1563 275 θεία
1592 248 1741 284 μαθήματα
1755 247 1796 273 δεῖ
1821 247 1866 279 ἐξ·

1073 296 1195 329 ακούειν,
1205 296 1313 332 χοίρους
1322 296 1417 327 δὲτοὺς
1424 295 1536 329 ἀσεϐείᾳ
1543 294 1590 321 καὶ
1598 294 1703 329 ἡδοναῖς
1712 293 1867 325 συζῶντας,

1074 341 1113 374 οἷς
1131 343 1177 369 καὶ
1201 341 1383 378 ἀπαράϐλητα
1407 341 1454 367 καὶ
1468 341 1617 375 ἀπόκρυφα
1641 340 1676 366 τὰ
1700 339 1768 374 πρὸς
1785 339 1868 365 εὐσέ-

1077 388 1153 415 ϐειαν
1168 389 1214 415 καὶ
1226 389 1274 423 τὴν
1286 389 1327 419 είς
1337 388 1455 422 Χριστὸν
1472 386 1563 412 πίστιν
1577 385 1745 413 ἁποστολικὰ
1764 385 1868 419 διεγεί-

1075 443 1155 470 ροντα
1167 434 1333 471 κηρύγματα
1347 433 1387 459 δεῖ
1397 430 1479 465 εἶναι,
1494 433 1545 467 ὅρα
1554 432 1591 463 ὡς
1600 432 1694 458 οὐδένα
1705 432 1797 464 λέγεις
1807 430 1866 456 τῶν

1073 481 1245 516 Χριστιανῶν
1258 481 1317 512 τοῖς
1333 480 1388 506 τῶν
1403 479 1562 507 ἀποστόλων
1574 478 1751 514 κηρύγμασιν
1761 476 1791 509 ἐξ
1804 477 1867 504 ἀσε-

1075 527 1150 558 ϐείας
1161 526 1250 553 αὐτῶν
1266 526 1315 561 τῆς
1332 525 1469 561 προτέρας
1489 523 1670 558 ἐπιστρέψαι·
1685 522 1746 549 οὐδὲ
1761 522 1816 557 γὰρ
1832 521 1866 548 ἂν

1074 573 1182 604 πάντως
1211 571 1365 607 παρέϐαλον
1373 571 1396 587 ’⁸
1411 571 1445 597 τὰ
1467 570 1537 597 κατὰ
1560 569 1676 605 Χριστὸν
1686 569 1709 584 ³³
1727 568 1865 604 μυστήρια

1074 620 1130 650 τοῖς
1146 618 1179 645 δι’
1196 618 1326 645 ἀπιστίαν
1344 617 1445 652 χοίροις
1468 615 1595 643 ὲοικόσιν.
1615 614 1678 651 [955
1693 613 1741 649 3.]
1757 613 1794 640 Ἣ
1817 611 1864 640 οὖν

1077 666 1143 692 πᾶσι
1155 665 1210 696 τοῖς
1230 664 1342 699 Ἕλλησι
1362 665 1409 690 καὶ
1434 664 1490 694 τοῖς
1506 662 1596 693 ἄλλοις
1623 661 1748 692 ἀπίστοις
1776 660 1865 686 ταῦτα

1074 711 1236 747 παρεϐλήθη
1251 711 1327 746 παρὰ
1340 709 1394 736 τῶν
1407 709 1455 736 τοῦ
1471 708 1590 744 Χριστοῦ
1601 707 1729 743 μαθητῶν
1741 706 1789 733 καὶ
1800 707 1865 740 ἑκη-

1077 756 1173 792 ρύχῦη,
1187 756 1232 783 καὶ
1246 755 1300 782 ἀπὸ
1311 755 1360 790 τῆς
1374 753 1502 785 ἀσεϐείας
1532 752 1680 788 μετέϐαλεν
1705 751 1803 781 αὐτοὺς
1824 751 1865 781 εἰς

1073 802 1122 838 τὴν
1137 803 1176 834 είς
1191 801 1309 836 Χριστὸν
1317 802 1418 834 πίστιν,
1432 799 1525 835 ὥσπερ
1543 798 1589 826 οὖν
1605 799 1652 824 καὶ
1685 796 1863 828 πιστεύοντες

1073 848 1269 883 ὁμολογοῦμεν,
1292 847 1340 874 καὶ
1355 846 1447 873 οὐκέτι
1471 846 1584 872 δύναται
1604 844 1723 870 νοεῖσθαι
1741 844 1788 876 τὸ,
1814 843 1864 876 Μὴ

229 893 332 926 .accipi,
351 893 389 918 uti
403 893 503 919 dictum
521 898 564 920 est
580 901 586 920 :
611 897 657 919 aut
674 893 725 920 hoc
747 893 792 924 ita,
807 897 836 918 ut
851 892 952 919 dictum
969 897 1017 923 est.

1071 894 1188 928 ,ϐάλητε
1200 893 1221 909 ³⁸
1231 893 1303 926 τοὺς
1335 892 1518 928 μαργαρίτας
1542 890 1625 925 ὑμῶν
1655 890 1828 924 ἔμπροσθεν
1842 889 1864 904 ³*

234 943 346 972 accepto
372 945 419 965 seu
444 939 591 969 intellecto,
615 938 759 965 dicendum
777 939 828 965 erit
845 938 932 970 nobis,
954 938 1019 964 nulli

233 985 381 1012 infidelium
402 992 470 1018 quos
486 984 575 1018 porcis
589 991 792 1017 comparamus,
808 990 855 1016 per
869 983 1019 1016 apostolica

232 1032 394 1058 documenta
417 1037 477 1065 qua:
501 1031 606 1057 animas
631 1030 717 1056 instar
738 1030 946 1064 margaritarum
964 1029 1020 1056 illit-

232 1074 346 1106 tniuaut,
361 1073 440 1100 ﬁdem
467 1074 494 1101 in
518 1074 657 1102 Christum
679 1073 754 1101 etab
770 1074 908 1109 impietate
935 1073 1019 1101 liber-

232 1125 314 1148 tatem
340 1125 445 1155 partam
465 1127 536 1148 esse.
553 1121 606 1148 Sed
629 1121 680 1148 hoc
705 1121 894 1155 blasphemum
910 1125 951 1148 est
977 1121 1018 1147 di-

230 1175 302 1194 cere.
317 1167 387 1202 Ergo
397 1168 551 1202 margarita-
571 1167 623 1194 hoc
638 1167 695 1194 loco
710 1175 762 1194 non
777 1173 840 1194 sunt
854 1167 1018 1202 accipiendae

229 1221 279 1248 pro
304 1213 490 1240 sanctioribus
516 1212 697 1249 [Ecclesiat]
732 1213 893 1247 disciplinis,
932 1221 1018 1248 nequc

230 1260 303 1294 porci
321 1267 369 1294 pro
384 1259 486 1293 impiis.
506 1258 598 1294 Neque
614 1259 678 1286 illttd
712 1260 825 1292 dictum,
851 1259 941 1286 Nolite
955 1268 1017 1294 pro-

229 1307 309 1338 iicere
333 1306 494 1339 margaritas
515 1310 612 1332 uestras
636 1310 696 1332 ante
717 1314 820 1340 porcos,
834 1306 869 1333 ita
883 1307 1019 1341 explicati-

229 1354 291 1379 dum
308 1357 348 1378 est
365 1361 372 1379 :
388 1351 426 1378 Ne
442 1351 566 1386 projicitc
594 1352 687 1386 impiis
704 1357 730 1379 et
755 1352 908 1379 inﬁdelibus
926 1353 1015 1380 divina

228 1403 255 1425 et
273 1398 350 1425 ﬁdem
375 1398 401 1425 in
423 1397 561 1425 Christum
594 1398 760 1432 perﬁcientia
789 1404 943 1433 praecepta;
969 1399 1016 1426 sed

229 1444 383 1479 margaritae
400 1451 449 1479 pro
474 1443 621 1470 virtutibus
643 1445 809 1479 accipiendae
824 1450 898 1477 sunt,
919 1445 1016 1480 quibus

228 1490 311 1517 veluti
328 1489 454 1523 pretiosis
478 1489 592 1523 gemmis
611 1490 701 1516 anima
718 1495 876 1517 exornatur.
894 1489 950 1518 Non
966 1491 1016 1518 ab-

227 1537 361 1571 jiciemlas
374 1541 465 1564 autem
484 1544 530 1564 eas
545 1536 646 1571 porcis,
666 1536 717 1563 hoc
733 1541 786 1567 est,
804 1544 856 1564 non
869 1536 1016 1571 projicien-

227 1584 277 1610 das
291 1583 415 1615 virtutes,
437 1583 592 1611 castitatem
612 1591 718 1617 nempe,
745 1583 1016 1618 temperantiam,ju-

227 1631 329 1660 stitiam
353 1635 379 1658 et
401 1631 559 1658 veritatem:
586 1630 646 1663 has,
671 1631 792 1664 inquam,
820 1637 873 1657 non
888 1629 1017 1664 objicien-

227 1678 276 1704 tlas
285 1685 346 1704 esse
360 1677 474 1712 impttris
490 1677 682 1711 voluptatibus:
700 1677 739 1702 lia:
753 1677 825 1702 enim
838 1675 928 1709 porcis
943 1683 1017 1702 com-

227 1728 379 1758 parantur:
401 1731 434 1750 ne
450 1724 499 1750 has
529 1725 717 1757 tlepascentes,
745 1722 806 1749 illos
829 1722 911 1748 vitam
927 1722 1016 1756 porcis

227 1767 343 1797 similem
368 1769 461 1795 vivere
490 1773 598 1803 cogant,
610 1773 638 1794 et
651 1768 770 1794 animam
787 1766 860 1793 oumi
889 1766 1015 1793 vitiorum

227 1822 325 1848 genere
339 1814 502 1848 compleant.

261 1894 404 1928 Origenes,
427 1900 507 1927 quem
533 1896 693 1919 centaurum
712 1891 769 1926 (85)
785 1891 914 1926 appellat,
939 1899 1014 1919 asse-

226 1941 304 1967 rebat
328 1940 484 1965 universum
507 1938 559 1965 hoc
575 1937 657 1974 [quod
679 1943 800 1965 creatum
819 1937 870 1974 est]
894 1938 943 1965 soli
971 1945 1016 1965 sa-

225 1985 310 2020 pienti
331 1990 360 2012 et
375 1985 474 2011 nullius
491 1985 581 2019 indigo
598 1984 651 2011 Deo
665 1989 763 2011 coaeter
771 1992 836 2011 num
850 1991 922 2012 esse.
942 1984 1015 2012 Dice-

225 2032 270 2058 bat
283 2031 367 2064 enim,
386 2030 461 2057 Sicut
477 2038 530 2057 non
551 2036 593 2057 est
614 2030 704 2065 opifex
719 2030 779 2058 sine
795 2030 913 2064 opiﬁcio,
934 2036 1013 2065 poeta

224 2078 284 2105 sine
307 2078 450 2113 poematis,
477 2077 625 2113 imperator
653 2077 712 2104 sine
735 2077 877 2111 subjectis,
903 2085 1014 2105 necesse

224 2129 265 2152 est
290 2124 361 2152 enim
381 2128 410 2150 ut
433 2123 525 2158 opifex
551 2123 585 2150 ab
605 2123 726 2158 opiﬁcio,
741 2127 819 2158 poeta
836 2131 850 2150 a
867 2124 1012 2157 poematis,

223 2174 252 2196 et
279 2169 427 2203 imperator
442 2177 456 2195 a
476 2168 605 2203 subjectis
634 2169 799 2201 nominetur,
816 2167 877 2204 [ita]
902 2176 1012 2196 necesse

221 2221 265 2242 ost
291 2220 383 2243 creata
407 2223 422 2242 a
438 2215 571 2250 principio
591 2223 607 2242 a
623 2215 679 2243 Deo
703 2215 773 2242 facta
793 2223 865 2247 esse,
884 2223 933 2243 nec
948 2221 1011 2243 tem-

223 2269 274 2296 pus
289 2262 373 2288 ullum
394 2269 466 2294 esse,
481 2269 534 2296 quo
553 2262 610 2289 ltzec
632 2270 684 2289 non
700 2262 810 2289 fuerint.
829 2262 859 2289 Si
874 2263 945 2289 enim
963 2263 1014 2290 fuit

221 2311 328 2341 tempus
338 2315 392 2342 quo
411 2315 465 2335 non
486 2307 597 2335 fuerunt
608 2308 727 2343 opiﬁcia,
743 2316 808 2342 ergo
823 2309 940 2343 opiﬁciis
956 2310 1013 2336 nul-

220 2353 254 2380 lis
282 2353 486 2385 exsistentibus,
512 2362 599 2388 neque
620 2354 710 2389 opifex
724 2360 776 2382 est.
797 2354 865 2382 Vide
887 2363 947 2390 quae
968 2363 1011 2383 se-

221 2404 322 2434 quatur
336 2399 380 2435 [ex
397 2400 489 2435 dictis]
505 2401 633 2435 impietas
648 2409 654 2428 :
671 2401 735 2435 quin
752 2401 862 2428 alterari
881 2403 961 2428 etiam
983 2407 1010 2429 et

219 2444 320 2471 mutari
341 2450 471 2479 sequetur
490 2446 684 2473 immutabilem
713 2446 811 2482 302b
833 2453 861 2474 et
890 2448 1008 2475 invaria-

218 2488 300 2516 bilem
315 2489 411 2518 Deum.
429 2491 457 2518 Si
471 2491 543 2518 enim
559 2499 611 2518 non
626 2492 660 2518 ab
676 2496 777 2519 aeterno
789 2494 878 2520 omnia
892 2495 1006 2527 creavit,

218 2535 393 2564 manifestum
420 2542 462 2564 est
488 2537 562 2564 illum
584 2546 598 2564 a
622 2545 674 2564 non
699 2538 824 2565 faciendo
845 2539 878 2566 ad
904 2539 1003 2567 facien-

1074 939 1134 966 τῶν
1146 939 1266 974 χοίρων,
1286 939 1324 970 ὡς
1336 937 1441 974 ἐρρήθη
1456 944 1463 951 ·
1479 937 1496 972 ἢ
1512 936 1606 963 τούτου
1626 935 1664 967 ὡς
1679 935 1777 970 ἐλέχθη
1790 943 1865 961 νοου-

1075 986 1166 1021 μένου,
1178 986 1287 1019 ἀνάγκη
1303 985 1377 1019 ἡμᾶς
1387 983 1477 1017 λέγειν
1492 983 1529 1012 ὼς
1547 982 1634 1008 οὐδενὶ
1654 981 1709 1008 τῶν
1726 981 1863 1012 ἀπίστων,

1077 1032 1124 1064 οὒς
1138 1032 1238 1067 χοίροις
1247 1029 1443 1065 ἀπεικάζομεν,
1458 1030 1490 1055 ἐκ
1504 1028 1558 1054 τῶν
1568 1027 1754 1054 ἀποστολικῶν
1769 1026 1863 1060 διδαγ-

1076 1078 1180 1114 μάτων,
1189 1076 1366 1113 μαργαριτῶν
1377 1075 1455 1110 δίκην
1463 1074 1512 1106 τὰς
1520 1073 1609 1109 ψυχὰς
1620 1072 1862 1107 καταυγαζόντων,

1071 1127 1088 1161 ἡ
1105 1125 1146 1156 είς
1166 1124 1283 1160 Χριστὸν
1295 1123 1386 1154 πίστις
1401 1122 1423 1138 ³¹
1439 1121 1512 1155 κλαὶή
1531 1120 1581 1154 τῆς
1600 1119 1727 1150 ἀσεϐείας
1754 1118 1863 1144 ἐλευθε-

1073 1171 1119 1207 ρία
1134 1171 1290 1204 γεγένηται.
1309 1167 1476 1202 Βλάσφημον
1492 1166 1520 1192 δὲ
1546 1165 1636 1192 τοῦτο.
1659 1164 1716 1190 υὺκ
1746 1164 1803 1198 ἄρα
1824 1163 1863 1188 δεῖ

1074 1215 1245 1251 μαργαρίτας
1260 1214 1309 1249 μὲν
1336 1212 1370 1239 τὰ
1397 1210 1588 1247 μυστικώτερα
1607 1209 1663 1236 τῶν
1689 1207 1863 1243 μαθημάτων

1071 1261 1253 1296 ἐκλαμϐάνειν
1264 1258 1391 1289 ἐνταῦθα.
1406 1257 1514 1292 χοίρους
1533 1256 1562 1283 δὲ
1576 1256 1639 1287 τοὺς
1664 1253 1784 1284 ἀσεϐεῖς,
1800 1252 1862 1278 οὐδὲ

1070 1307 1111 1339 τὸ,
1131 1306 1178 1340 Μὴ
1196 1305 1314 1339 ,βάλητε
1322 1305 1344 1321 ³⁸
1365 1303 1436 1336 τοὺς
1452 1302 1633 1338 μαργαρίτας
1650 1299 1735 1335 ὑμῶν
1748 1299 1862 1333 ἐμπρο-

1070 1353 1146 1379 σθεν
1164 1351 1223 1378 τῶν
1246 1351 1367 1386 χοίρων,
1383 1350 1423 1381 είς
1442 1349 1484 1382 τὺ,
1505 1348 1552 1383 Μὴ
1571 1346 1747 1382 παραϐἁλητε
1757 1344 1781 1361 ³³
1804 1345 1863 1375 τοῖς

1070 1397 1244 1426 ἁσεϐέσικαὶ
1276 1397 1402 1428 ἀπίστοις
1417 1396 1453 1423 τὰ
1485 1393 1604 1430 μυστικὰ
1633 1393 1679 1419 καὶ
1705 1390 1864 1418 τελειοποιὰ

1069 1445 1120 1480 τῆς
1135 1446 1176 1476 εἰς
1197 1443 1316 1480 Χριστὸν
1326 1444 1348 1459 ³³
1363 1443 1480 1474 πίστεως
1499 1441 1662 1475 διδάγματα,
1677 1437 1864 1473 παραλαμϐα-

1071 1499 1138 1518 νειν.
1157 1490 1238 1517 Ἀλλὰ
1257 1489 1429 1525 μαργαρίτας
1452 1488 1500 1521 μὲν
1517 1487 1566 1518 τὰς
1583 1485 1684 1521 ἀρετὰς
1701 1483 1864 1518 ἐκδέχεσθαι

1072 1537 1137 1572 χρὴ,
1155 1533 1199 1568 αἷς
1229 1535 1324 1570 ὥσπερ
1353 1534 1512 1569 πολυτίμοις
1542 1532 1723 1568 μαργαρίταις
1748 1531 1766 1565 ἡ
1787 1528 1864 1564 ψυχὴ

1073 1581 1284 1617 καθωραῖζεται,
1296 1581 1333 1616 μὴ
1347 1579 1514 1615 παραϐαλεῖν
1525 1578 1553 1604 δὲ
1570 1578 1668 1608 αὐτοὺς
1675 1576 1730 1608 τοῖς
1746 1574 1864 1610 χοίροις,

1072 1627 1196 1654 τουτέστι
1214 1627 1252 1662 μὴ
1268 1626 1437 1661 παραϐαλεῖν
1446 1624 1530 1656 αὐτὰς
1544 1624 1566 1639 ³⁸
1587 1622 1637 1654 τὰς
1661 1621 1774 1657 ἀρετὰς,
1806 1617 1865 1646 οἷον

1072 1673 1184 1708 ἁγνείαν
1203 1673 1251 1699 καὶ
1267 1672 1446 1707 σωφροσύνην
1467 1671 1515 1698 καὶ¹
1538 1668 1710 1704 δικαιοσύνην
1725 1669 1773 1694 καὶ
1794 1668 1865 1702 ἁλή-

1071 1719 1158 1750 θειαν,
1175 1718 1278 1750 ταύτας
1300 1717 1332 1753 δὴ
1361 1717 1398 1753 μὴ
1422 1716 1591 1752 παραϐαλεῖν
1618 1716 1679 1746 ταῖς
1702 1713 1866 1748 μαχλώσαις

1070 1764 1176 1799 ἡδοναῖς
1199 1763 1321 1799 (χοίροις
1341 1763 1395 1798 γὰρ
1417 1763 1537 1789 ἐοίκασιν
1557 1758 1669 1796 αὗται),
1686 1761 1728 1786 ἶνα
1747 1759 1785 1794 μὴ
1813 1759 1865 1788 τὰς

1069 1809 1170 1844 ἀρετὰς
1179 1807 1259 1836 αὗται
1271 1807 1481 1843 καταφαγοῦσαι
1496 1806 1613 1842 χοιρώδη
1630 1806 1686 1841 βίον
1713 1805 1761 1831 καὶ
1776 1804 1864 1830 πολυ-

1070 1855 1144 1890 παθῆ
1161 1855 1211 1891 τὴν
1227 1855 1317 1890 ψυχὴν
1333 1853 1465 1889 βιοτεύειν
1484 1852 1732 1888 παρασκευάσωσιν
1742 1850 1771 1877 ’⁷.

1106 1900 1193 1927 Ὅτιὸ
1215 1899 1356 1935 Ὤριγένης
1365 1899 1399 1932 ³⁸,
1421 1899 1451 1925 ὃν
1474 1898 1631 1933 Κένταυρον
1657 1896 1747 1928 καλεῖ,
1780 1895 1862 1929 ἔλεγε

1070 1947 1206 1974 συναῖδιον
1215 1945 1285 1973 εἶναι
1298 1947 1337 1982 τῷ
1357 1947 1431 1982 μόνῳ
1448 1945 1523 1981 σοφῷ
1550 1945 1597 1972 καὶ
1627 1943 1777 1979 ἀπροσδεεῖ
1801 1943 1863 1978 Θεῷ

1068 1993 1098 2020 τδ
1116 1994 1179 2020 πᾶν.
1194 1993 1317 2028 Ἔφασκε
1334 1994 1399 2028 γὰρ,
1415 1991 1446 2018 Εἰ
1462 1992 1512 2018 οὐκ
1528 1991 1587 2017 ἔστι
1612 1989 1779 2025 δημιουργὸς
1794 1989 1862 2016 ἄνευ

1067 2039 1329 2076 δημιουργημάτων,
1345 2040 1361 2074 ἢ
1380 2039 1497 2074 ποιητὴς
1521 2037 1586 2064 ἄνευ
1611 2036 1786 2071 ποιημάτων.
1801 2034 1863 2060 οὐδὲ

1068 2086 1267 2121 παντοκράτωρ
1284 2085 1348 2113 ἄνευ
1363 2085 1418 2111 τῶν
1432 2083 1626 2120 κρατουμένων
1651 2083 1707 2117 (τὸν
1733 2081 1790 2116 γὰρ
1813 2080 1862 2115 δη-

1071 2133 1201 2168 μιουργὸν
1220 2132 1265 2158 διὰ
1279 2131 1313 2158 τὰ
1335 2131 1567 2168 ᾷημιουργήματα
1595 2128 1702 2162 ἀνάγκη
1733 2127 1783 2153 xui.
1813 2127 1860 2152 τὸν

1067 2178 1184 2214 ποιητὴν
1200 2177 1244 2204 διὰ
1262 2178 1296 2204 τὰ
1309 2178 1449 2212 ποιήματα
1465 2176 1513 2203 καὶ
1527 2175 1572 2202 τὸν
1586 2173 1798 2209 παντοκράτορα
1814 2172 1861 2198 διὰ

1067 2225 1101 2251 τὰ
1111 2224 1287 2259 κρατούμενα
1295 2223 1446 2258 λέγεσθαι),
1464 2222 1570 2256 ἀνάγκη
1585 2221 1614 2253 ἐξ
1625 2221 1712 2256 ἀρχῆς
1726 2220 1799 2246 αὐτὰ
1807 2219 1860 2245 ὑπὸ

1066 2270 1113 2297 τοῦ
1125 2269 1193 2296 Θεοῦ
1205 2269 1383 2304 γεγενῆσθαι,
1399 2270 1449 2295 καὶ
1467 2268 1504 2304 μὴ
1526 2266 1596 2294 εἶναι
1611 2267 1706 2302 χρόνον
1734 2266 1780 2292 ὅτε
1807 2266 1858 2291 οὐκ

1063 2314 1098 2351 ἦν
1107 2315 1203 2343 ταῦτα.
1216 2315 1248 2341 Εἰ
1264 2315 1318 2350 γὰρ
1332 2313 1470 2349 ἦνχρόνος
1487 2314 1531 2341 ὅτε
1546 2313 1596 2340 οὑκ
1607 2311 1640 2348 ἦν
1654 2312 1689 2339 τὰ
1704 2313 1856 2347 ποιήματα,

1063 2361 1126 2387 ἐπεὶ
1140 2359 1195 2386 τῶν
1210 2360 1372 2395 ποιημάτων
1386 2360 1423 2395 μὴ
1447 2359 1533 2385 ὀντων
1547 2357 1607 2385 οὐδὲ
1634 2357 1753 2392 ποιητής
1771 2357 1856 2387 ἐστιν,

1062 2407 1113 2441 δρα
1126 2403 1182 2433 οἷον
1193 2405 1291 2438 ἀσεϐὲς
1310 2405 1463 2432 ἀκολουθεῖ,
1495 2405 1577 2432 Ἀλλὰ
1605 2404 1654 2431 καὶ
1680 2403 1856 2430 ἀλλοιοῦσθαι

1063 2452 1111 2478 καὶ
1125 2451 1306 2486 μεταϐάλλειν
1316 2451 1362 2477 τὸν
1374 2450 1508 2485 ἄτρεπτον
1523 2450 1570 2477 καὶ
1582 2448 1765 2476 ἀναλλοίωτον
1780 2457 1853 2482 συμ-

1063 2497 1175 2531 ϐήσεται
1191 2497 1267 2524 Θεόν.
1282 2496 1375 2531 Είγάρ
1388 2496 1501 2532 ὕστερον
1518 2496 1654 2530 πεποίηκε
1670 2495 1702 2522 τὸ
1717 2495 1785 2526 πᾶν,
1801 2495 1850 2529 δῆ-

1057 2543 1101 2569 λον
1117 2542 1221 2569 ὃτιάπὸ
1229 2543 1251 2558 "
1263 2542 1310 2569 τοῦ
1323 2542 1360 2578 μὴ
1378 2543 1464 2569 ποιεῖν
1477 2543 1517 2574 εἰς
1535 2542 1566 2568 τὸ
1584 2543 1672 2568 ποιεῖν
1696 2539 1854 2575 μετέϐαλε.-

869 2606 988 2634 VARl/E
1007 2607 1215 2636 LECTIONES.

252 2663 276 2679 ¹⁸
295 2663 450 2697 παρέλαϐον
462 2672 492 2696 ς.
531 2664 554 2680 ’³
573 2664 644 2690 κατὰ
658 2665 704 2691 τὸν
718 2665 767 2700 Χρ.
789 2674 819 2697 ς.
859 2666 882 2681 ³⁰
903 2667 1038 2701 βάλετεΑ.
1076 2669 1098 2684 ³⁸
1115 2669 1270 2704 ἔμπροσθεν
1293 2673 1353 2703 post
1369 2667 1468 2703 χοιρῶν
1483 2667 1557 2701 ponit
1573 2666 1603 2694 Β.

252 2698 279 2719 δν
296 2699 389 2719 τίκ-τιτι,-
411 2699 452 2719 AR
473 2708 480 2714 -
501 2699 518 2719 Vh
532 2699 573 2719 cir
588 2699 678 2719 aria-iu
692 2708 711 2719 ρ
771 2699 793 2716 ³³
809 2700 917 2719 Arhia-pc
932 2711 951 2719 ρ-
1019 2704 1041 2719 at
1061 2703 1250 2719 --n-t<.'.‘.‘..-.-
1269 2712 1287 2719 ι-
1352 2703 1374 2719 Il
1387 2705 1423 2719 μιν
1436 2703 1481 2719 ρλι.
1497 2703 1603 2719 γωρμλν

409 2704 452 2725 ΑΒ
473 2708 480 2726 :
501 2704 518 2734 ἡ
532 2704 573 2730 εις
588 2704 678 2726 πίστιν
692 2708 722 2732 ς.
771 2704 793 2716 ³³
809 2704 917 2735 βάλλετε
932 2711 962 2733 ς.
1019 2704 1041 2719 ³⁸
1061 2704 1250 2738 παραϐάλλετε
1268 2712 1298 2736 ς.
1352 2704 1374 2719 ³⁵
1386 2705 1424 2734 είς
1436 2704 1481 2729 τὸν
1497 2704 1615 2737 Χριστόν
1634 2704 1666 2728 Λ.
1714 2704 1737 2717 ³·
1750 2704 1851 2736 αὐτας]

405 2735 426 2750 ³⁷
440 2733 581 2768 βιωτεύειν
603 2735 862 2769 παρασκευάσουσιν
887 2737 919 2763 Α.
958 2738 980 2754 ³⁸
992 2739 1006 2764 ὁ
1022 2739 1176 2774 Ὠριγένηςῖ
1195 2740 1225 2765 οὐ
1252 2739 1299 2766 τὸν
1319 2739 1461 2773 Ὠριγένην
1488 2738 1573 2772 λέγει,
1601 2737 1660 2764 ἀλλ’
1676 2737 1691 2762 ὁ
1706 2736 1853 2771 Ὠριγέντς

405 2778 443 2796 ινα
456 2770 568 2800 ὀνόματι
580 2769 795 2800 ἐπιλαμϐάνεται
806 2772 907 2800 ταύτης
920 2772 1049 2800 ὲνόμενον
1064 2775 1112 2800 τῆς
1124 2774 1205 2800 δόξης
1216 2774 1266 2800 τῆς
1280 2774 1397 2800 ἀσεϐοῦς
1415 2782 1469 2800 mc.
1486 2781 1525 2800 rc.
1541 2773 1571 2800 Β.
1610 2772 1631 2789 ³⁸
1646 2772 1699 2799 ἀπὸ
1718 2776 1775 2800 om.
1793 2756 1851 2800 Ali.

216 2698 389 2741 στὸν-πίστις
473 2708 480 2726 :
501 2699 518 2734 ἡ
531 2699 573 2741 είς
588 2699 678 2726 πίστιν
692 2708 722 2732 ς.
745 2698 793 2741 ’.³³
809 2698 917 2741 βάλλετε
932 2711 962 2741 ς,-ἶ

215 2734 307 2764 αὺτοῖς
321 2733 351 2760 Β.

1652 2667 1674 2683 ²¹
1690 2667 1706 2701 ἡ
1723 2666 1764 2697 εἰς
1787 2665 1853 2701 Χρις

1352 2700 1424 2734 ³⁵ἐίς
1436 2700 1487 2729 τὸν
1497 2703 1615 2737 Χριστόν
1634 2703 1666 2728 Λ.
1701 2700 1737 2717 ⁷³⁸
1750 2700 1851 2737 αὐτας]

214 2768 372 2805 Κένταυρον
383 2777 443 2796 τινα
456 2770 568 2804 ὀνόματι
580 2768 795 2804 ἐπιλαμϐάνεται
806 2772 907 2807 ταύτης
920 2768 1112 2809 ἐχόμενον’τῆς
1124 2768 1205 2810 δδξῖης
1216 2774 1266 2810 τῆς
1280 2768 1397 2806 ἀσεϐοῦς
1415 2768 1469 2809 mg.
1486 2768 1531 2801 rc:
1541 2768 1572 2800 Βξ
1610 2772 1631 2789 ³⁸
1646 2772 1699 2799 ἀπὸ
1718 2768 1775 2800 oili.

991 2831 1108 2858 NOT/E.

250 2872 306 2910 (85)
322 2872 461 2902 Metodius
476 2873 622 2910 Origenem
643 2878 801 2902 centaurum
819 2877 971 2911 appellarit.
994 2877 1074 2906 Bene.
