1920 3092
88 127 152 162 1141

607 138 866 169 BIBLIOTHECA.
888 152 924 158 —
941 142 1023 172 COD.
1039 143 1200 174 CCXXXV.

1645 142 1713 175 1142

86 183 148 220 μθδ
162 185 210 222 ΙΙ.]
227 186 312 214 Τοῦτο
327 189 356 216 δὲ
373 189 473 217 ἄτοπον
487 191 558 227 μετὰ
570 192 627 219 τῶν
649 195 870 230 προειρημένων.

927 196 988 224 dum
1005 199 1156 226 transiisse.
1173 198 1226 225 Sed
1247 198 1298 226 hoc
1312 206 1365 225 una
1378 207 1439 226 cum
1454 199 1597 227 antedictis
1616 199 1712 227 absur-

85 231 140 258 υύκ
153 231 210 267 ἄρα
223 233 335 261 δυνατὸν
349 234 438 270 λέγειν
450 237 488 272 μὴ
502 234 574 264 εἶναι
583 237 701 274 ἄναρχον
715 240 762 266 καὶ
777 241 871 267 συνατ-

83 277 138 304 διον
149 278 189 313 τῷ
209 279 272 314 Θεῴ
285 283 316 306 τὺ
327 282 392 308 πᾶν.

114 324 189 359 Πρὸς
205 326 237 352 ὃν
249 335 316 362 φησι
333 327 367 354 δι’
380 328 475 364 ἑτέρου
500 329 647 365 προσώπου
661 331 676 358 ὁ
700 332 777 366 ἅγιος
802 333 871 368 ἐρω-

82 370 144 397 τῶν·
157 368 235 407 Ἀρά
249 381 280 406 γε
294 373 391 408 σοφίας
404 375 451 402 καὶ
460 375 540 411 δόξης
552 377 600 404 καὶ
614 378 764 414 συλλήῶην
780 379 871 414 πάσης

81 417 179 452 ἀρετῆς
193 418 284 453 ἀρχὴν
305 420 354 446 καὶ
371 421 463 456 πηγὴν
488 423 637 456 οὺσιιικδῶς,
654 424 724 451 ἀλλά
743 424 782 461 μὴ
810 425 871 452 ἑπι-

82 462 188 498 κτήτως
199 464 256 500 ἡγῇ
271 465 317 491 τὸν
331 465 411 499 Θεόν;
424 468 439 494 ὁ
454 467 493 500 δὲ,
507 468 572 497 Ναί.
581 469 614 495 Τί
628 469 656 496 δὲ
669 470 738 506 πρὸς
749 470 870 504 τούτοις

80 508 138 544 οὐχὶ
151 509 259 542 τέλειος
273 511 362 547 πάντη
375 512 410 539 δι’
422 513 519 542 ἑαυτὸν
535 515 583 541 καὶ
600 515 770 552 ἀπροσδεής;
791 516 870 552 Ἀλη-

81 554 123 589 θῆ.
145 555 304 591 Ἀμήχανον
317 557 372 593 γὰρ
388 558 418 585 τὸ
433 559 582 594 ἀπροσδεὲς
596 560 630 587 δι’
644 560 740 596 ἕτερον
763 559 832 589 εἷναί
843 571 871 589 τι

82 601 248 636 ἀπροσδεές
271 604 432 640 Ἀμήχανον.
443 606 501 633 Πᾶν
514 606 567 642 γὰρ
579 607 610 633 τὸ
619 606 653 634 δι’
663 607 757 642 ἕτερον
768 608 872 644 πλῆρες

81 646 108 672 ὂν
121 646 168 673 καὶ
178 648 278 680 ἀτελὲς
305 649 431 683 λεκτέον;
455 650 589 686 Ἀνάγκη.
606 651 643 678 Τὸ
669 651 724 688 γὰρ
740 652 808 679 αὐτὸ
836 652 870 679 δι’

81 692 160 719 ἑαυτὸ
175 693 278 720 ἑαυτοῦ
291 694 429 730 πλήρωμα
442 695 483 728 ὃν,
507 696 554 723 καὶ
581 697 648 723 αὐτὸ
672 697 701 723 ὲν
717 696 808 733 ἑαυτῷ
824 697 872 733 μέο

81 747 132 771 νον,
141 739 247 767 τέλειον
256 738 327 768 εἶναι
338 741 507 777 τοῦτοξμόνον
520 742 663 775 δοξαστέον
672 752 679 776 ;
687 744 872 780 ’Δληθὲστατα

81 784 178 818 λέγεις.
190 785 231 812 Τὺ
243 785 274 812 δὲ
289 787 359 822 μήτε
369 787 437 814 αὐτὸ
448 787 482 814 δι’
499 788 578 815 ἑαυτὸ
595 789 666 825 μήτε
687 789 753 816 αὐτὸ
773 789 871 817 ἑαυτοῦ

81 830 219 866 πλήρωμα
241 831 273 858 δν
288 832 372 868 φαίης
397 832 431 860 ἂν
454 833 621 869 ἀπροσδεές;
645 834 790 869 οὐδαμῶς.
813 835 871 862 Οὐκ

81 876 132 911 ἄρα
144 878 160 903 ὁ
175 876 246 909 Θεὸς
257 866 359 909 τέλειοξ
373 877 417 905 διά
432 886 459 905 τι
473 866 677 914 νομισθήσεται.
696 866 729 907 ’ὁ
757 879 811 915 γὰρ
827 879 872 907 διά
888 866 910 894 Β

81 930 105 948 τι
122 922 230 950 τέλειόν
250 924 336 956 ἔστιν,
352 923 419 950 αὐτὸ
444 923 506 951 καθ’
536 925 618 952 ἑαυτὸ
643 925 739 957 ἀτελὲς
764 926 870 961 ἀνάγκη

81 970 250 1005 τυγχάνεινς
270 970 400 1006 Ἀνάγκη.
429 969 535 999 οὐκοῦν
561 972 609 998 καὶ
622 972 636 999 ό
662 972 728 1004 Θεὸς
743 972 825 1004 αὐτὸς
838 972 872 999 δι’

83 1015 177 1042 ἑαυτὸν
189 1015 307 1049 τέλειος,
319 1016 377 1043 ἀλλ’
389 1016 419 1043 οὐ
431 1016 465 1043 δι’
476 1017 569 1052 ἕτερον
584 1016 792 1053 λογισθήσεται;
812 1018 874 1053 ὀρ-

84 1060 194 1090 θότατα.
215 1060 281 1098 [956
294 1061 341 1098 R.]
361 1062 474 1098 Ἕτερον
493 1061 560 1094 Θεὸς
575 1062 690 1097 κόσμου,
705 1063 753 1089 καὶ
780 1062 874 1099 ἕτερον

84 1108 181 1143 κόσμος
197 1108 285 1141 Θεοῦς
302 1109 455 1141 Παντελῶς.
472 1109 531 1136 Οὐκ
549 1108 604 1144 ἀρα
619 1109 723 1135 τέλειον
739 1109 837 1144 φατέον
851 1110 873 1125 ⁸³

86 1156 130 1181 καὶ
143 1155 316 1190 δημιουργὸν
340 1157 387 1183 καὶ
403 1156 613 1193 παντοκράτορα
638 1157 683 1184 διὰ
706 1157 808 1192 κόσμον
829 1158 874 1185 τὸν

87 1201 166 1233 Θεόν;
180 1200 233 1228 Οὐ.
246 1201 340 1233 Ὅπως
354 1201 416 1238 [μὴ]
436 1202 470 1228 δι’
497 1204 603 1237 ἑαυτὸν,
619 1203 688 1231 ἀλλὰ
705 1203 743 1239 μὴ
762 1203 806 1230 διὰ
827 1204 875 1230 κό-

87 1255 162 1281 σμον,
178 1248 230 1274 καὶ
245 1248 332 1275 ταῦτα
346 1249 474 1284 τρεπτδν,
489 1250 571 1282 αὐτὸς
586 1249 647 1277 καθ’
661 1250 757 1277 ἑαυτὸν
773 1250 876 1282 τέλειος

86 1293 259 1329 εὑρίσκοιτο;
276 1295 484 1330 Προσηκόντως,
506 1295 539 1321 Τί
549 1295 595 1328 δέ;
616 1296 662 1322 τὸν
679 1296 807 1323 πλούσιον
832 1296 877 1323 διὰ

86 1339 129 1366 τὸν
143 1340 263 1367 πλοῦτον
279 1341 391 1368 λεκτέον
406 1340 549 1374 πλούσιον;
572 1341 685 1376 Ὀρθῶς.
707 1342 762 1368 Καὶ
775 1341 820 1368 τὸν
832 1350 877 1368 σο-

86 1387 133 1420 φὸν
151 1387 226 1415 κατά
241 1387 356 1423 μετοχὴν
369 1388 420 1424 τῆς
433 1387 580 1420 οΰσιώδους
599 1388 705 1420 σοφίας,
722 1389 772 1415 οὐκ
796 1389 877 1415 αὑτὸν

88 1433 180 1468 σοφίαν
191 1434 270 1465 ὄντα,
297 1434 378 1469 σοφὸν
405 1433 661 1469 προσαγορευτέον;
691 1434 756 1461 Ναί.
781 1434 814 1461 τι
828 1434 875 1468 δέ;

87 1479 192 1505 καὶτὸν
215 1478 292 1510 Θεὸν,
310 1478 405 1514 ἕτερον
432 1478 498 1506 ὄντα
520 1479 625 1514 κόσμου
638 1479 672 1512 ⁸⁸,
702 1479 746 1506 διὰ
773 1479 877 1514 κόσμον

923 243 988 269 dum
1014 248 1066 276 est,
1085 252 1149 279 ergo
1173 245 1225 272 dici
1243 252 1296 272 non
1322 250 1410 279 potest
1437 253 1491 272 non
1512 253 1572 273 esse
1587 247 1711 281 principii

923 296 1021 323 expers
1036 294 1064 317 et
1080 289 1135 318 Deo
1155 295 1320 317 eoatternum
1335 291 1385 318 hoc
1401 291 1570 319 universum.

960 334 1029 363 Huic
1056 328 1202 370 respondet
1224 336 1277 363 alia
1296 337 1374 371 quasi
1401 345 1516 372 persona
1533 345 1582 373 per
1599 338 1714 366 interro.

922 381 1060 415 sationem
1094 381 1342 417 [sermocinationis
1375 383 1432 410 sive
1457 383 1569 419 dialogi]
1593 395 1598 412 :
1619 384 1714 413 Nonne

925 426 1008 454 Deum
1029 427 1172 454 existimas
1200 427 1368 463 principium
1389 433 1415 456 et
1438 428 1539 456 fontem
1563 430 1713 464 sapientiae,

922 472 1026 507 gloriae,
1051 477 1078 500 et
1101 473 1181 500 simul
1202 474 1291 501 omnis
1309 475 1419 502 virtutis
1443 475 1660 504 substantialitcr
1685 482 1714 504 et

923 526 977 546 non
1002 519 1138 547 ascititie?
1164 519 1246 553 Sane,
1258 520 1358 555 inquit,
1374 521 1420 548 sed
1436 521 1499 556 quid
1516 522 1566 548 hoc
1585 522 1618 549 ad
1637 523 1715 550 rem?

922 564 1018 593 Nanne
1043 566 1165 594 absolute
1189 574 1238 601 per
1258 568 1378 601 seipsum
1403 567 1537 602 perlectus
1550 572 1593 595 est
1611 573 1639 595 et
1653 569 1714 595 rmi-

923 610 976 638 lius
990 611 1131 645 indigens?
1155 612 1194 639 Ita
1215 616 1268 640 est.
1296 612 1466 648 lmpossibile
1481 613 1552 641 enim
1572 618 1624 647 est,
1639 619 1670 641 ut
1686 615 1714 641 id

923 659 996 692 quod
1024 658 1123 686 nullius
1146 659 1260 695 indiget,
1281 659 1317 687 sit
1340 664 1451 694 propter
1467 659 1584 688 alterum
1599 660 1713 696 aliquid,

924 703 1018 740 [quam
1043 704 1138 742 etiam]
1175 705 1274 734 nullius
1299 705 1433 741 indigens.
1462 706 1632 742 lmpossibile
1659 706 1717 743 [in-

924 751 1029 788 quam].
1048 751 1186 787 Quidquid
1208 752 1283 780 enim
1300 758 1411 788 propter
1426 752 1542 780 alterum
1563 753 1717 788 perfectum

923 804 976 833 est,
998 807 1111 827 necesse
1135 803 1178 827 est
1208 799 1315 827 dicatur
1339 799 1543 835 imperfectum.
1569 799 1627 827 Hoc
1643 799 1716 826 enim

924 845 1011 873 solum
1024 845 1095 880 quod
1110 849 1223 880 propter
1234 845 1357 880 seipsum
1372 845 1414 873 sui
1428 845 1514 880 ipsius
1528 844 1661 880 perfectio
1674 849 1719 872 est

923 897 951 918 et
965 891 991 918 in
1006 891 1096 925 seipse
1113 895 1216 924 manet,
1237 890 1389 926 perfectum
1404 898 1465 919 esse
1476 891 1641 919 censendum
1656 891 1717 918 est?

926 937 1073 965 Verissime
1097 944 1204 966 censes.
1220 937 1297 971 Quod
1314 942 1406 965 autem
1431 944 1520 972 neque
1543 938 1642 972 ipsum,
1657 944 1719 971 pro.

924 988 984 1019 pter
997 982 1131 1018 seipsum,
1164 983 1347 1018 nequeipstmt
1365 983 1408 1011 sui
1426 983 1511 1018 ipsius
1523 988 1564 1010 est
1578 981 1717 1017 perfection

923 1029 999 1057 dices
1018 1028 1100 1056 alieni
1126 1036 1180 1056 non
1196 1028 1342 1063 egentem?
1355 1028 1542 1063 Nequaquam.
1568 1028 1640 1056 Deus
1654 1035 1720 1062 ergo

924 1081 976 1101 non
1006 1072 1146 1108 perfectus
1169 1077 1282 1108 propter
1307 1073 1382 1100 aliud
1407 1073 1624 1101 existimabitur.
1642 1073 1719 1107 Quod

924 1120 996 1148 enim
1009 1124 1121 1154 propter
1135 1119 1209 1146 aliud
1223 1119 1371 1154 perfectum
1388 1124 1441 1152 est,
1451 1127 1540 1146 nonne
1553 1123 1597 1146 est
1607 1126 1718 1147 necesse

925 1170 955 1192 ut
988 1165 1015 1193 id
1041 1165 1068 1192 in
1100 1165 1191 1199 seipso
1205 1165 1242 1192 sit
1257 1164 1466 1199 imperfectum?
1482 1165 1607 1192 Necesse.
1624 1164 1719 1192 Nonne

924 1219 989 1247 ergo
1011 1211 1082 1239 Deus
1110 1211 1168 1246 ipse
1191 1215 1304 1246 propter
1328 1212 1447 1245 seipsum
1475 1216 1503 1239 et
1526 1219 1579 1239 non
1608 1217 1720 1247 propter

925 1258 998 1285 aliud
1022 1258 1160 1293 perlectus
1191 1257 1378 1293 iudicabitur?
1413 1258 1593 1287 Rectissime.
1622 1258 1720 1286 Nonne

926 1304 998 1331 aliud
1023 1308 1066 1330 est
1086 1303 1156 1331 Deus
1172 1303 1277 1336 mundi,
1297 1308 1326 1330 et
1339 1303 1412 1331 aliud
1427 1305 1546 1332 mundus
1567 1305 1638 1332 Dei?
1653 1304 1719 1332 0m-

927 1351 1001 1378 nino.
1024 1349 1083 1377 Non
1106 1350 1192 1386 igitur
1217 1349 1287 1378 Deus
1312 1355 1341 1378 et
1359 1356 1468 1378 creator
1489 1356 1516 1378 et
1536 1351 1719 1386 omnipotens,

926 1395 1064 1431 perfectus
1089 1401 1132 1423 est
1155 1395 1288 1424 dicendus
1312 1401 1425 1432 propter
1440 1397 1590 1424 mundum?
1613 1395 1721 1432 Nequa-

927 1449 1020 1476 quam,
1035 1449 1071 1470 ne
1093 1447 1204 1477 propter
1220 1442 1362 1475 mundum,
1379 1443 1530 1478 praesertim
1548 1442 1718 1476 mutabilem,

927 1496 960 1516 ac
975 1496 1028 1516 non
1050 1493 1161 1524 propter
1181 1489 1300 1524 seipsum
1320 1489 1435 1526 {potius}
1451 1489 1558 1517 dicatur
1572 1489 1719 1517 secundum

87 1525 168 1560 ταύτῃ
181 1524 311 1552 πλούσιον
321 1525 369 1551 καὶ
386 1525 535 1561 εὐεργέτην
549 1526 596 1552 καὶ
619 1525 786 1560 δημιουργὸν
812 1525 873 1560 κλη-

929 1541 959 1562 se
975 1534 1122 1569 perfectus,
1133 1535 1240 1562 merito
1260 1524 1464 1563 convenienter.
1484 1534 1667 1569 Quamobrem
1681 1535 1722 1563 di-

87 1573 157 1607 τέον;
173 1572 320 1607 Οὐδαμῶς,
334 1571 424 1606 ἄπαγε
436 1571 469 1598 ⁸³.
479 1571 584 1598 Οὐκοῦν
594 1571 675 1604 αὐτὸς
684 1571 781 1598 ἑαυτοῦ
790 1571 873 1599 πλοῦ-

87 1627 138 1651 τος,
155 1619 207 1646 καὶ
224 1619 258 1645 δι’
283 1618 365 1645 αὑτὸν
380 1618 507 1650 πλούσιος
525 1618 573 1645 καὶ
599 1618 712 1650 δυνατὸς
729 1618 872 1653 τυγχάνεις

89 1665 205 1692 Ἔοικεν.
226 1663 280 1692 Ἦν
295 1664 350 1700 ἄρα
364 1664 413 1691 καὶ
432 1663 485 1700 πρὸ
494 1664 598 1699 κόσμου
613 1664 702 1698 πάντη
718 1663 874 1699 ἀπροσδεὴς

89 1711 122 1738 ὢν
136 1712 183 1739 καὶ
203 1710 300 1746 Πατὴρ
323 1711 372 1738 καὶ
405 1711 604 1746 παντοκράτωρ
629 1710 677 1737 καὶ
692 1709 871 1745 δημιουργὸς,

88 1758 191 1790 ὃπωςδ³
213 1759 248 1785 δι’
263 1757 369 1790 ἑαυτὸν,
398 1755 467 1783 ἀλλὰ
496 1757 533 1791 μὴ
559 1756 593 1782 δι’
611 1756 705 1791 ἓτερον
733 1755 820 1782 ταῦτα
839 1753 872 1792 ᾖ;

94 1805 221 1840 Ἀνάγκη.
238 1804 270 1830 El
281 1803 335 1838 γὰρ
345 1802 388 1830 διὰ
404 1802 506 1837 κόσμον
514 1802 561 1829 καὶ
574 1802 635 1837 οὐχὶ
648 1801 683 1828 δι’
698 1801 805 1834 ἑαυτὸν,
814 1801 874 1828 ἓτε-

90 1852 179 1886 ροςῶν
206 1851 309 1885 κόσμου
324 1849 358 1883 ⁵⁸,
375 1848 575 1883 παντοκράτωρ
605 1848 765 1883 γνωρίζοιτο
795 1847 875 1883 (συγ-

89 1897 198 1932 γνώμην
206 1898 220 1923 ὁ
230 1897 306 1929 Θεὸς,
319 1895 509 1930 ἀναγκάζομαι
523 1894 665 1930 γάρτοῦτο
673 1893 781 1929 εἰπεῖν),
793 1894 874 1925 αὐτὸς

90 1943 144 1970 καθ’
160 1944 260 1970 ἑαυτόν
276 1941 376 1977 ἀτελὴς
385 1942 408 1958 ⁵⁵
424 1941 501 1968 ἔσται
512 1940 536 1956 ⁸⁸
549 1941 598 1968 καὶ
615 1940 752 1976 προσδεὴς
771 1939 875 1967 τούτων

88 1989 119 2016 δι’
136 1990 154 2017 ἃ.
168 1989 368 2025 παντοκράτωρ
398 1988 446 2014 καὶ
475 1986 640 2022 δημιουργός
660 1987 755 2020 tactv;
773 1985 875 2021 Ὑπερ-

89 2036 171 2069 emite.
179 2035 238 2063 Οὔκ
246 2036 300 2071 ἄρα
307 2034 470 2061 ἀποδεκτέον
479 2033 581 2068 ταύτην
593 2033 643 2069 τὴν
650 2033 773 2068 ὀλέθριον
785 2033 876 2068 ἁμαρ-

87 2081 144 2107 τίαν
157 2082 225 2116 περὶ
243 2079 312 2107 Θεοῦ
339 2079 393 2106 τῶν
416 2078 551 2113 λεγόντων
573 2078 781 2113 παντοκράτορα
795 2078 843 2104 καὶ
851 2077 875 2093 ⁸⁷

88 2127 252 2163 δημιουργὸν
261 2126 306 2153 διὰ
320 2126 356 2153 τὰ
373 2125 546 2161 κρατούμενα
561 2125 610 2152 καὶ
633 2124 875 2160 δημιουργούμενα

87 2174 202 2210 τρεπτὰ,
217 2173 276 2201 ἀλλ’
289 2174 320 2200 οὐ
331 2173 365 2200 δι’
381 2172 476 2199 ἑαυτὸν
484 2170 555 2199 εἶναι
568 2172 616 2198 τὸν
637 2171 713 2199 Θεόν.

928 1585 987 1610 ves,
1006 1585 1096 1606 nonne
1117 1584 1230 1613 propter
1243 1579 1355 1606 divitias
1376 1580 1452 1606 dives
1467 1579 1646 1614 appellandus
1662 1579 1722 1607 est?

928 1621 1020 1649 Recte.
1035 1621 1068 1648 Et
1090 1622 1198 1656 sapiens
1211 1622 1360 1649 secundmn
1379 1622 1614 1657 participationem
1629 1630 1722 1650 essen-

928 1666 1000 1694 tialis
1011 1666 1162 1702 sapientiae,
1180 1667 1226 1701 qui
1241 1675 1294 1694 non
1309 1671 1351 1694 est
1367 1667 1425 1702 ipsa
1443 1667 1592 1702 sapientia,
1610 1668 1722 1702 sapiens

928 1717 1019 1740 tamen
1045 1711 1176 1739 dicendus
1191 1711 1256 1739 est?
1280 1711 1363 1740 Sane.
1396 1712 1437 1739 An
1453 1719 1519 1747 ergo
1533 1718 1561 1740 et
1577 1714 1658 1745 Deus,
1673 1714 1721 1747 qui

928 1765 982 1786 non
1000 1762 1043 1786 est
1060 1758 1189 1789 mundus,
1206 1762 1317 1793 propter
1329 1757 1460 1785 mundum
1476 1763 1565 1785 tamen
1580 1758 1620 1785 sic
1634 1758 1721 1792 dives,

927 1805 1085 1834 benefactor
1109 1810 1137 1833 et
1147 1810 1255 1833 creator
1268 1805 1450 1832 nominandus
1462 1805 1522 1832 est?
1534 1804 1720 1840 Nequaquam,

928 1859 1023 1887 apage.
1051 1850 1146 1878 Nonne
1172 1851 1229 1886 ipse
1256 1850 1283 1878 in
1306 1851 1399 1885 seipso
1424 1854 1451 1878 et
1475 1855 1586 1885 propter
1601 1852 1721 1885 seipsum

929 1901 1004 1928 dives
1023 1907 1055 1927 ac
1079 1904 1176 1934 potens
1199 1898 1256 1926 est?
1278 1897 1399 1925 Videtur.
1428 1897 1530 1925 Eratne
1553 1897 1635 1924 etiam
1655 1903 1721 1924 ante

929 1945 1021 1972 mundi
1042 1943 1222 1974 molitionem,
1248 1943 1360 1970 omnino
1383 1942 1466 1970 nullis
1494 1941 1630 1977 indigens,
1645 1946 1722 1977 pater

929 1998 1025 2026 nempe
1042 1995 1070 2018 et
1090 1990 1274 2025 omnipotens,
1297 1993 1326 2016 et
1340 1992 1458 2020 creator,
1478 1988 1546 2016 adeo
1566 1992 1597 2015 ut
1611 1992 1721 2023 propter

927 2038 1047 2073 seipsum
1071 2041 1101 2064 et
1112 2044 1165 2064 non
1192 2040 1303 2071 propter
1322 2034 1397 2062 aliud
1422 2034 1458 2061 sit
1472 2034 1530 2062 [nec
1542 2033 1633 2062 omnia
1643 2033 1656 2060 'l
1668 2033 1721 2060 Ne-

927 2081 1080 2110 cessarium
1105 2085 1157 2108 est.
1185 2080 1214 2108 Si
1238 2081 1310 2108 enim
1330 2085 1440 2114 propter
1463 2078 1604 2112 mundum,
1626 2082 1652 2105 et
1667 2084 1721 2104 non

927 2132 1037 2164 propter
1057 2127 1177 2162 seipsum
1201 2126 1270 2154 alius
1293 2133 1307 2153 a
1323 2126 1423 2154 mundo
1439 2125 1586 2157 exsistens,
1601 2123 1720 2157 omnipo-

927 2180 989 2201 tens
1005 2180 1067 2201 esse
1081 2172 1281 2207 intelligeretur
1291 2171 1370 2208 (pace
1386 2175 1430 2199 tua
1438 2171 1519 2203 Deus,
1536 2178 1618 2205 cogor
1633 2169 1670 2197 ita
1683 2169 1722 2195 lo-

89 2222 153 2256 quii;
176 2223 235 2258 ipse
255 2222 405 2249 secundum
419 2221 540 2256 seipsum
561 2219 737 2256 imperlectus
751 2225 836 2253 esset.
851 2226 880 2249 et
897 2221 1023 2257 indigens
1038 2221 1092 2254 his,
1110 2228 1228 2255 quorum
1251 2226 1333 2247 causa
1355 2219 1530 2253 omnipotens
1558 2222 1586 2245 et
1615 2223 1723 2245 creator

89 2268 358 2304 estsupernaturalis.
372 2267 546 2302 “ejiciendus
555 2274 621 2301 ergo
631 2266 800 2302 perniciosus
808 2275 887 2295 error
898 2275 1006 2302 eorum,
1020 2267 1066 2303 qui
1079 2267 1174 2295 dicunt
1186 2267 1218 2293 de
1228 2266 1293 2299 Deo,
1310 2265 1394 2292 Deum
1403 2272 1456 2292 non
1469 2268 1580 2300 propter
1588 2264 1720 2298 seipsum,

90 2317 132 2344 sed
155 2321 265 2350 propter
291 2314 390 2350 303a
411 2312 547 2347 subiectas
573 2320 615 2340 res
639 2316 667 2340 et
687 2317 805 2347 creatas,
830 2321 892 2349 quae
917 2315 1062 2343 mutabiles
1082 2320 1158 2347 sunt,
1173 2321 1235 2341 esse
1253 2314 1466 2348 omnipotentem
1483 2317 1510 2340 et
1524 2317 1686 2340 creatorem.

122 2363 195 2398 Ὅρα
207 2363 235 2389 δὲ
251 2362 299 2388 καὶ
313 2358 374 2388 ὧδε·
393 2360 424 2387 Et
440 2359 565 2393 ὓστερον,
585 2358 665 2394 ἔφης,
691 2359 840 2395 πεποίηται
859 2360 873 2386 ὁ

959 2360 1045 2388 Etiam
1066 2360 1102 2387 ita
1121 2359 1285 2387 ratiocinare
1299 2367 1305 2385 :
1319 2358 1347 2385 Si
1366 2365 1418 2385 non
1434 2357 1469 2385 ab
1487 2363 1608 2389 aeterno,
1620 2358 1722 2393 inquis,

90 2409 187 2444 κόσμος
202 2407 240 2444 μὴ
254 2406 387 2442 πρότερον
395 2405 418 2421 ⁸⁸
430 2405 479 2438 ὢν,
489 2404 668 2440 μεταϐάλλειν
688 2405 794 2440 ἀνάγκη
827 2405 873 2432 τὸν

89 2454 179 2490 άπαθῆ
196 2454 242 2480 καὶ
249 2452 428 2481 ἀναλλοίωτον
438 2451 504 2478 Θεὸν
518 2459 525 2465 '
540 2451 587 2477 τὸν
599 2451 653 2486 γὰρ
664 2451 793 2478 ποιοῦντα
808 2452 875 2487 πρό-

89 2509 165 2536 τερον
182 2500 275 2537 μηδὲν,
293 2498 407 2534 ὕστερον
422 2499 462 2530 δὲ,
476 2498 531 2525 ἀπὸ
548 2497 595 2524 τοῦ
623 2497 660 2533 μὴ
678 2499 764 2524 ποιεῖν
790 2498 830 2529 εἰς
846 2498 877 2524 τὸ

91 2548 173 2573 ποιεῖν
190 2545 369 2582 μεταϐάλλειν
378 2544 427 2571 καὶ
441 2542 615 2570 ἀλλοιοῦσθαι
625 2543 744 2577 ἀνάγκη.
763 2543 877 2578 Ἔλεγον

91 2593 151 2627 γάρ’
162 2592 304 2620 Πέπαυται
319 2591 348 2618 δὲ
357 2589 406 2617 τοῦ
421 2590 509 2617 ποιεῖν
519 2597 585 2616 ποτε
595 2589 641 2616 τὸν
653 2589 756 2624 κόσμον
772 2590 787 2616 ό
800 2589 876 2621 Θεὸς,

91 2637 108 2672 ἢ
121 2638 169 2671 ob;
189 2638 342 2665 Πέπαυται.
373 2635 458 2662 Οῡπω
477 2634 532 2670 γὰρ
553 2633 589 2670 ἦν
606 2634 817 2670 τετελειωμένος
831 2635 874 2662 ἄν.

98 2685 216 2721 Ἀληθές.
232 2686 263 2712 El
279 2682 326 2711 οὖν
340 2684 371 2710 τὺ
382 2684 470 2710 ποιεῖν
477 2683 510 2709 ὲκ
518 2681 565 2709 τοῦ
582 2681 620 2717 μὴ
632 2682 720 2708 ποιεῖν
731 2681 875 2708 ἀλλοίωσιν

930 2399 1046 2433 mundus
1059 2410 1101 2433 est
1120 2404 1256 2437 conditus,
1279 2409 1306 2431 et
1325 2403 1390 2431 olim
1408 2411 1463 2431 non
1477 2403 1540 2437 fuit,
1556 2410 1668 2431 necesse
1681 2409 1724 2431 est

930 2452 1013 2479 Deum
1029 2450 1206 2486 impatibilem
1219 2455 1246 2477 et
1263 2449 1460 2477 inalterabilem
1476 2449 1586 2476 mutari.
1615 2448 1723 2476 Etenim

930 2504 1044 2525 necesse
1066 2500 1108 2524 est
1131 2496 1205 2523 illum
1227 2496 1303 2530 prius
1331 2494 1396 2522 nihil
1416 2494 1563 2522 facientem
1577 2501 1593 2522 a
1611 2502 1664 2522 non
1683 2495 1724 2522 fa-

930 2542 1029 2571 ciendo
1052 2544 1085 2569 ad
1104 2541 1259 2568 faciendum
1287 2541 1404 2567 transire
1415 2545 1443 2567 et
1460 2539 1557 2567 mutari
1571 2547 1580 2572 ;
1596 2539 1725 2566 dicebant

931 2589 1038 2616 enim:
1079 2587 1256 2622 Requievitne
1298 2586 1368 2613 Deus
1400 2593 1414 2612 a
1460 2586 1562 2614 mundo
1600 2587 1723 2614 faciendo

931 2634 1032 2662 necne?
1049 2633 1218 2668 Requievit;
1234 2632 1334 2667 alioqui
1353 2631 1425 2659 enim
1438 2633 1557 2659 nondum
1572 2636 1646 2659 esset
1660 2640 1723 2667 per-

931 2681 1028 2708 fectus.
1046 2680 1084 2706 Ita
1108 2684 1159 2707 est.
1175 2679 1202 2706 Si
1216 2686 1282 2714 ergo
1297 2679 1398 2709 facere,
1417 2686 1431 2704 a
1447 2685 1500 2705 non
1517 2677 1652 2708 faciendo.
1669 2678 1724 2706 Deo

742 2749 783 2776 VA
789 2748 859 2776 ΜΔΕ
881 2745 1086 2776 LECTIONES.

127 2797 149 2813 δ’
166 2796 277 2834 φατέον]
293 2797 361 2834 φατέ
371 2796 426 2824 AC.
465 2796 486 2811 “
503 2794 816 2834 xogttoullibrixdspov.
856 2791 996 2834 f'ndtzags]
1013 2790 1186 2834 οὐδαμλῶςνΛ-
1225 2790 1247 2805 ⁸³
1260 2794 1318 2834 Ρυξῑ
1329 2790 1411 2834 afui,
1423 2795 1485 2834 cui?
1496 2787 1723 2834 {gjjfl‘j's'ii’ﬂif

95 2833 147 2863 τός.

99 2851 122 2858 η
140 2851 147 2859 .
217 2851 254 2860 ν..
268 2851 314 2859 ρ.-.
327 2851 373 2858 ην..
399 2851 429 2858 ν..
449 2851 473 2864 ,οη

97 2851 201 2897 χαῖΛΒ.
254 2868 277 2884 “
295 2851 427 2903 ﬁpdts‘po;
443 2869 473 2894 Δ.

183 2823 314 2860 “dividi.
326 2823 429 2866 κόσμου
448 2840 478 2864 ς.
526 2823 668 2866 δι’άτὲλὴς
682 2831 723 2859 ως
735 2823 836 2866 Ρὺηυηι
852 2829 907 2858 ΑΒ.
945 2823 967 2845 ⁸⁸³
986 2823 1214 2862 ἐσταιί’άν,ἒστοιι
1233 2834 1273 2853 rc.
1291 2826 1323 2858 Λ,
1341 2825 1374 2851 ἄν
1392 2824 1422 2851 Β,
1460 2823 1481 2839 ⁵⁷
1503 2831 1636 2859 παντοκρ.
1652 2823 1726 2852 εἶναι
