1920 3092
175 94 242 128 1143

753 94 885 125 ΡΗΟΤΙῘ
905 92 1157 128 ΡᾹΤΒΙΑΗΟΗΕ
1176 95 1233 124 CP.

1729 90 1813 122 1144

174 149 363 178 attentionem
382 149 470 182 aﬂ’ert,
489 156 577 176 nonne
605 149 685 177 etiam
701 156 752 176 non
771 150 870 180 facere.
888 156 901 175 a
918 150 960 175 fa-

1029 149 1058 175 oC-
1074 147 1378 184 Θεοῦκαταιιιηφὶζεται,
1399 147 1460 183 οὐχὶ
1471 147 1517 177 καὶ
1538 146 1569 173 τὸ
1592 145 1630 181 μὴ
1653 145 1742 172 ποιεῖν
1767 145 1815 173 ἐκ

174 195 292 224 ciendo?
308 187 347 223 ita
371 203 492 230 prorsus.
511 195 643 222 Mutatum
665 202 754 223 autem
774 196 880 223 diceres
899 203 960 222 eum

175 242 255 269 hodie
269 246 437 276 operantem,
453 243 486 268 ab
502 249 534 268 eo
550 242 620 277 quod
640 247 700 269 erat
713 250 774 269 eum
795 250 848 269 non
870 249 961 277 opera-

177 288 273 315 retur?
287 288 471 323 Nequaquam.
486 287 580 322 Nequc
602 296 667 324 ergo
688 288 748 315 ideo
773 287 847 315 illum
863 288 961 314 mutari

176 340 287 359 necesse
314 333 377 364 erit,
404 333 475 367 quod
499 332 579 359 faciat
605 332 746 365 mundum,
775 332 808 359 ab
830 339 862 359 eo
891 331 960 366 quod

175 382 244 410 erat,
258 379 366 412 quando
382 385 435 405 non
457 378 584 405 faciebat.
605 378 694 413 Atque
711 376 772 413 [ita]
806 384 857 404 non
871 384 963 404 neces-

132 444 138 454 ,
175 423 248 450 sario
272 423 414 450 dicendum
437 424 489 451 erit
511 424 562 452 hoc
578 424 733 451 universum
749 423 884 451 exsistere
899 431 961 450 cum

176 468 221 496 illo
247 474 356 504 propter
378 470 430 496 hoc
454 470 542 504 ipsum
562 469 599 496 illi
622 474 796 501 comternuni,
828 476 862 495 ne
881 476 962 504 coga-

176 523 237 542 mur
251 516 340 543 dicere
356 515 429 543 illum
442 523 502 543 esse
520 521 663 543 mutatum.

210 561 291 596 Atqui
309 563 349 589 sic
366 568 472 588 mecum
490 561 628 596 disputant
643 571 649 589 :
669 561 812 589 Diceresne
829 562 961 597 genitum,

174 608 245 642 quod
261 608 445 642 generationis
462 607 625 642 principium
639 615 690 634 non
704 608 803 635 habet?
814 606 873 634 Non
886 608 964 642 equi-

176 654 246 680 dem.
271 653 347 687 Quod
369 654 441 681 enim
467 658 543 681 caret
556 654 740 688 generationis
755 654 900 690 principio,
915 661 963 681 ne-

175 699 293 726 cessario
304 703 346 727 est
360 699 522 734 ingenitum.
541 699 569 726 Si
585 704 674 726 autem
696 700 816 734 genitum
834 704 887 733 est,
899 707 964 726 con-

175 744 249 772 cedis
266 745 300 772 ab
322 745 411 780 aliqua
434 753 516 773 causa
534 752 595 773 esse
609 745 730 780 genitum
746 753 878 780 :prorsus
890 745 962 772 enim

175 790 344 825 impossibile
366 795 408 818 est
426 790 484 818 sine
499 798 581 818 causa
594 791 798 826 generationem
813 791 893 818 esae?
908 791 963 818 itit-

175 836 313 871 possibile.
339 835 433 864 Nonne
457 843 522 872 ergo
545 841 572 864 et
599 837 739 868 mundum,
755 840 782 863 et
796 844 962 871 quiscunque

176 888 240 910 sunt
258 883 285 910 in
303 882 369 910 illo?
384 883 478 910 Nonne
493 883 534 910 vei
549 883 583 909 ab
599 883 701 916 aliquo,
714 882 755 909 vel
772 882 827 910 Deo
838 888 962 912 creatore

178 935 269 963 postea
291 930 390 956 factum
415 929 536 956 dicemus
554 937 614 956 cum
631 929 705 961 prius
721 937 773 956 non
794 929 963 957 essetiPer-

177 974 302 1009 spicunm
319 979 360 1002 est
377 982 392 1002 a
409 975 472 1002 Deo.
492 974 660 1009 lmpossibile
681 975 753 1001 enim
775 979 827 1008 est,
847 980 877 1002 ut
892 977 963 1010 quod

176 1021 359 1055 generationis
381 1021 512 1055 principio
539 1020 784 1055 circumscribitur,
806 1022 832 1049 id
857 1022 963 1050 inilnito

177 1073 237 1093 csse
251 1065 437 1093 coinlinitum?
452 1065 630 1101 impossibile.

214 1111 283 1147 Ergo
305 1111 416 1144 iterum.
443 1118 582 1146 centaure,
598 1115 631 1140 ad
659 1114 821 1150 principium
846 1115 967 1150 disputar

179 1156 261 1184 tionis
285 1163 466 1185 revertamur.
487 1159 670 1188 Affirmatisnc
701 1168 731 1187 ea
744 1169 803 1196 quae,
819 1161 965 1194 exsistunt,

182 1204 271 1230 divina
290 1204 402 1231 scientia
432 1203 501 1232 facta
526 1213 587 1232 esse
604 1207 709 1234 necne?
732 1207 831 1234 lterum
852 1207 961 1235 dicent:

180 1249 288 1277 Minime
298 1249 366 1285 (84),
375 1250 420 1277 sed
429 1250 462 1278 ab
472 1251 624 1283 elementis.
635 1252 674 1279 vel
685 1253 808 1286 materia,
822 1258 867 1280 aut
877 1253 969 1280 firma-

179 1296 289 1327 mentis,
315 1300 362 1322 aut
386 1296 485 1330 quibus
511 1296 569 1324 haec
592 1297 682 1325 verbis
714 1298 851 1334 appellare
876 1299 968 1333 vultis,

179 1341 248 1368 nihil
274 1341 346 1368 enim
371 1341 496 1369 interest.
528 1341 577 1369 His
604 1343 677 1370 enim
703 1343 805 1378 absque
831 1345 970 1372 creatione

179 1385 439 1421 prmexsistentibus,
450 1393 605 1422 temer-eque
613 1388 811 1422 oberrantibus,
820 1388 890 1416 Deus
900 1389 968 1426 [illa]

179 1438 335 1464 secernens,
363 1432 455 1459 omnia
479 1432 625 1460 fabricatus
650 1439 703 1466 est,
734 1434 808 1461 velut
834 1440 970 1470 praestans

179 1478 267 1511 pictor
289 1485 322 1506 ex
346 1478 439 1507 multis
458 1480 595 1508 coloribus
621 1487 702 1507 unam
730 1481 858 1515 exprimit
880 1482 968 1509 ideam
982 1497 1003 1526 ο

181 1531 228 1552 seu
243 1524 400 1560 imaginem.
413 1524 469 1553 Nec
490 1525 541 1553 hoc
559 1525 687 1562 [dicent].
704 1525 822 1554 Omnino
837 1528 908 1555 enim
925 1536 969 1555 re-

180 1569 286 1605 fugient
301 1574 394 1598 contra
426 1571 532 1607 seipsos
555 1572 606 1599 hoc
626 1572 733 1604 testari,
763 1580 796 1600 uc
811 1573 874 1600 dato
898 1573 971 1608 quod

181 1617 295 1644 materia
312 1617 437 1645 habuerit
458 1618 620 1653 principium
648 1619 812 1647 secretionis
831 1625 858 1647 et
881 1624 970 1648 trans-

182 1663 364 1697 formationis,
387 1670 519 1700 cogantur
535 1665 616 1692 fateri
639 1666 722 1692 Deum
741 1666 858 1701 coepisse
882 1671 968 1694 matc-

182 1710 249 1737 riam
274 1710 349 1744 prius
378 1710 541 1745 indigestam
569 1718 617 1738 seu
642 1711 786 1739 informem
804 1711 889 1743 verbo
907 1719 970 1746 per-

183 1755 255 1783 fecte
269 1755 366 1790 30312
381 1756 504 1790 digerere
518 1761 545 1783 et
560 1756 690 1792 expolire.

217 1802 273 1837 Age
288 1809 352 1829 vero
369 1801 494 1836 quoniam
515 1801 570 1829 Deo
580 1802 694 1838 jnvante
710 1803 824 1830 dicendo
847 1804 880 1831 ad
899 1804 972 1832 hunc

184 1847 272 1876 locum
289 1848 470 1883 pervenimus,
483 1849 507 1877 si
521 1849 564 1876 cui
578 1853 667 1877 statua
686 1849 745 1876 basi
763 1857 810 1876 sua
829 1850 971 1885 collocata,

185 1894 348 1930 elegansque
372 1896 427 1927 sit,
452 1895 528 1930 cujus
559 1895 720 1922 concinnam
745 1896 971 1931 pulchritudinem

184 1945 353 1976 spectatores
370 1941 513 1975 mirentur,
526 1941 572 1968 sed
587 1941 779 1968 dissentientes
795 1942 865 1969 inter
881 1949 910 1969 se
924 1950 973 1970 co-

183 1990 282 2013 nentur
295 1986 420 2014 evincere
430 1987 528 2022 partim
541 1994 601 2015 esse
615 1987 733 2022 genitam
747 1987 883 2024 [factam],
909 1997 973 2024 par-

183 2033 231 2060 tim
252 2040 317 2061 vero
335 2033 481 2068 ingenitam
507 2033 573 2070 [non
590 2034 718 2071 iactant];
740 2036 899 2069 quaesierint
924 2043 975 2071 ego

185 2087 220 2106 ex
233 2079 310 2107 vobis
321 2087 373 2115 qua
390 2080 423 2107 de
438 2087 521 2108 causa
534 2080 682 2115 ingenitam
695 2081 804 2115 dicatis,
817 2090 850 2112 an
863 2088 976 2117 propter

185 2126 317 2154 artiﬁcem
338 2130 367 2152 ut
383 2133 416 2153 ne
430 2134 546 2160 unquam
564 2126 599 2154 ab
614 2134 695 2161 opere
713 2135 816 2155 vacuus
831 2135 891 2156 esse
906 2136 972 2155 cen-

1013 195 1059 222 τοῦ
1070 194 1134 231 [μὴΙ
1155 196 1258 228 ποιεῖν;
1283 195 1414 230 1Δνάγκίη.
1440 193 1617 223 Ἠλλοιῶσθαι
1639 192 1668 219 δὲ
1683 191 1814 219 deos!"

1013 243 1096 278 φαίης
1110 243 1147 277 μὴ
1161 242 1291 269 ποιοῦντα.
1303 242 1423 276 σήμερον
1439 239 1528 276 παρ“ὃ
1541 237 1575 274 ἦν
1592 239 1638 265 ὅτε
1659 236 1747 264 ἐποίει
1758 237 1781 252 '°
1796 244 1810 268 ;

1013 289 1157 324 Οὐδαμῶς.
1169 289 1231 315 Οὐδ’
1246 288 1299 324 ἄρα
1315 287 1353 315 ὅτ’
1368 286 1455 318 ἐποίει
1470 286 1518 317 τὸν
1545 285 1659 320 κόσμον,
1684 282 1809 318 ἠλλοιῶ-

1014 336 1075 363 σθαι
1090 336 1170 363 αὐτὴν
1187 336 1294 371 ἀνάγκη
1310 334 1376 370 παρ’
1394 335 1409 361 ὃ
1432 332 1467 370 ἦν
1484 334 1532 361 ὅτε
1548 333 1599 363 οὐκ
1616 331 1707 360 ἐποίει
1721 339 1730 347 ·
1752 330 1811 357 καὶ

1013 382 1074 409 οὔτε
1093 382 1199 417 ἀνάγκη
1225 382 1406 417 συνυπάρχειν
1426 380 1500 417 αὐτῷ
1513 379 1544 407 τὺ
1568 380 1623 408 πᾶν
1639 379 1680 405 διῖ
1698 378 1807 412 λέγειν,

1012 430 1057 456 διὰ
1069 429 1099 456 τὺ
1113 429 1150 464 μὴ
1157 429 1362 463 ἀναγκάζεσθαι
1375 428 1466 462 λέγειν
1484 427 1548 464 [496
1562 426 1610 462 ιι]
1621 424 1800 461 ἠλλοιῶσθαι.

1013 475 1074 503 οὔτε
1086 475 1109 491 υ
1123 475 1256 502 ωναῖδιον
1267 475 1300 502 δι’
1315 474 1380 501 αὐτὸ
1390 473 1479 504 τοῦτο.

1049 564 1104 593 Καί
1118 573 1166 602 μοι
1176 563 1241 598 φάθι
1250 563 1273 580 ⁵³
1284 562 1332 592 καὶ
1349 558 1400 589 ὧδε
1413 569 1420 577 ⁸
1438 560 1555 596 Γενητδν
1568 559 1598 587 τδ
1611 559 1648 595 μὴ
1667 558 1806 593 γενέσεως

1013 610 1074 647 ἔχον
1090 610 1179 647 ἀρχὴν
1196 609 1279 645 φαίης
1292 608 1341 641 άν;
1359 608 1396 634 οὐ
1418 607 1506 641 δῆτα·
1524 607 1549 633 εἰ
1574 605 1628 640 γὰρ
1646 605 1684 640 μὴ
1702 604 1808 635 ὑποπί-

1014 663 1076 684 πτει
1091 655 1225 690 γενέσεως
1239 654 1322 689 ἀρχῇ,
1336 652 1367 687 ἐξ
1375 652 1500 687 ἀνάγκης
1517 650 1648 685 ἀγένητόν
1663 650 1750 676 ἐστιν.
1772 648 1807 674 Ei.

1013 701 1042 731 δὲ
1060 701 1183 738 γέγονεν,
1194 699 1246 726 ὑπὸ
1255 699 1343 729 αίτίου
1360 699 1433 732 τινὸς
1455 697 1535 729 δίδως
1548 695 1617 724 αὐτὸ
1641 694 1784 729 γεγονέναι
1796 701 1803 708 ·

1014 748 1103 783 πάντη
1130 747 1185 782 γὰρ
1209 745 1340 773 ἀδύνατον
1367 745 1453 780 χωρὶς
1471 744 1559 773 αἰτίου
1588 743 1695 777 γένεσιν
1710 741 1804 776 ἑχειν;

1022 795 1175 822 Ἀδύνατον.
1192 793 1303 828 Κόσμον
1311 792 1344 828 δὴ
1358 791 1416 825 οὖν,
1429 791 1476 822 καὶ
1490 791 1540 818 ὅσα
1552 790 1580 816 ὲν
1592 788 1678 824 αὐτῷ,
1689 787 1772 815 ἄλλου
1782 786 1807 801 ⁵³

1015 841 1087 872 τινδς
1104 841 1121 876 ἢ
1154 839 1221 866 Θεοῦ
1246 837 1479 874 δημιουργοῦντος
1502 836 1625 871 φήσομεν
1659 833 1805 868 γεγονέναι

1017 887 1140 922 ὕστερον,
1165 885 1300 922 πρότερον
1310 885 1333 901 ⁵⁵
1355 884 1407 916 οὐκ
1437 883 1518 916 lives;
1542 881 1626 917 Δῆλον
1654 881 1695 910 ὃτι
1723 878 1804 906 Θεοῦ.

1024 934 1166 961 Ἀδύνατον
1179 932 1235 968 γὰρ
1252 932 1282 959 τὸ
1299 930 1436 965 γενέσεως
1454 930 1527 966 ἀρχῇ
1546 926 1721 964 ⁴περιορισθὲν
1740 934 1806 952 atav—

1018 981 1171 1016 απέραντον
1181 979 1204 998 ⁸¹
1216 978 1286 1009 εἶναι
1297 978 1336 1013 τῷ
1347 977 1508 1013 ἁπεράντῳ;
1525 975 1678 1006 Ἀδύνατον.

1053 1115 1138 1143 Πάλιν
1147 1114 1179 1150 δὴ
1190 1111 1246 1146 οὖν,
1263 1110 1285 1139 ὧ
1305 1111 1457 1147 Κένταυρε,
1475 1111 1505 1143 ἐξ
1526 1108 1613 1145 ἀρχῆς
1635 1106 1809 1141 διαλεγώμε-

1019 1162 1052 1189 θα
1061 1163 1093 1188 ⁵⁸.
1108 1160 1174 1196 Θείᾳ
1192 1160 1333 1195 ἐπιστήμῃ
1344 1158 1380 1184 τὰ
1397 1157 1463 1184 ὄντα
1475 1155 1543 1190 φατὲ
1555 1153 1707 1189 γεγονέναι,
1724 1151 1740 1186 ἦ
1760 1151 1810 1184 οὓς

1018 1207 1053 1236 ’Ὦ
1062 1209 1131 1245 βάλῃ
1138 1208 1172 1240 ⁸⁷,
1180 1206 1313 1239 λέξουσιν,
1324 1204 1460 1238 οὐδαμῶς,
1471 1202 1538 1230 ἀλλὰ
1547 1202 1600 1229 ἀπὸ
1608 1201 1662 1228 τῶν
1669 1199 1812 1235 στοιχείων

1019 1255 1035 1291 ἢ
1054 1254 1147 1290 ὒληςῆ
1163 1252 1370 1288 στηριγμάτων,
1390 1250 1407 1285 ἢ
1424 1251 1499 1280 ὅπως
1524 1248 1601 1276 αὐτοὶ
1630 1246 1717 1274 ταῦτα
1744 1245 1811 1281 βού-

1019 1302 1097 1328 λεσθε
1112 1300 1256 1335 ὀνομάζειν
1268 1306 1275 1314 ο
1291 1298 1368 1324 οὐδὲν
1385 1297 1440 1331 γάρ
1454 1295 1588 1330 διαφέρει.
1611 1293 1721 1321 Τούτων
1746 1293 1814 1325 ἀγε-

1019 1349 1106 1383 νήτως
1122 1344 1369 1382 προῦφεστηκότων
1384 1344 1431 1370 καὶ⁹
1453 1340 1620 1377 πλημμελῶς
1638 1337 1813 1376 φερομένων,

1021 1395 1035 1421 ὁ
1048 1393 1114 1425 Θεὸς
1128 1392 1270 1426 διακρίνας
1303 1391 1466 1426 ἔτεχνάσατο
1484 1388 1507 1404 ⁸⁸
1535 1387 1570 1414 τὰ
1589 1386 1690 1417 πάντα,
1711 1383 1811 1418 ὥσπερ

1021 1439 1122 1474 ἀγαθὸς
1155 1437 1302 1473 ζωγράφος
1333 1435 1388 1463 άπὸ
1417 1433 1522 1462 πολλῶν
1557 1430 1710 1467 χρωμάτων
1747 1429 1817 1465 μίαν

1021 1486 1221 1521 τεχνησάμενος
1240 1483 1327 1515 ίδέαν;
1342 1482 1404 1518 [957
1418 1479 1465 1516 Ιί.]
1492 1479 1559 1507 Οὐδὲ
1575 1477 1654 1505 τοῦτο
1668 1485 1676 1493 ’
1704 1476 1818 1506 πάντως

1022 1532 1076 1567 γὰρ
1093 1531 1293 1566 ἀποφεύξονται
1306 1528 1473 1564 ὁμολογῆσαι
1495 1525 1555 1553 καθ’
1576 1523 1691 1556 ἑαυτῶν,
1717 1521 1763 1550 ἵνα
1778 1521 1818 1556 μὴ

1021 1579 1070 1614 τῆς
1094 1576 1285 1612 κατακρίσεως
1298 1575 1322 1591 ⁵⁵
1349 1574 1398 1601 καὶ
1416 1573 1466 1609 τῆς
1495 1568 1735 1608 μεταμορφώσεως

1025 1613 1091 1659 ὓλην
1105 1622 1312 1658 συγχωροῦντες
1326 1620 1414 1656 ἀρχὴν
1435 1618 1594 1655 ἐσχηκυῖαν,
1621 1613 1821 1648 ἀναγκασθῶσι

1024 1669 1062 1704 τῷ
1081 1669 1153 1704 λόγῳ
1172 1668 1243 1696 κατὰ
1259 1669 1349 1696 πάντα
1360 1667 1406 1693 τὸν
1423 1665 1490 1692 Θεὸν
1503 1663 1604 1700 ἦρχθαι
1627 1660 1675 1689 τοῦ
1705 1661 1821 1688 διοικεῖν

1025 1716 1113 1750 λέγειν
1143 1715 1192 1741 καὶ
1220 1714 1407 1748 κατακοσμεῖν
1447 1711 1497 1746 τὴν
1528 1710 1662 1745 πρότερον
1693 1707 1822 1742 ἄμορφον

1025 1761 1108 1789 οὖσαν
1126 1760 1204 1794 ὃλην,

1058 1807 1127 1843 Φέρε
1140 1807 1204 1842 γὰρ,
1221 1805 1328 1841 ἐπειδὴ,
1347 1805 1396 1834 σὺν
1428 1804 1467 1839 τῷ
1493 1804 1553 1839 Θεῷ
1575 1804 1670 1838 φάναι,
1699 1802 1822 1830 ἐνταῦθα

1025 1853 1163 1886 τοῦλόγου
1179 1852 1342 1888 γεγόναμεν,
1368 1851 1426 1886 ἤτω
1442 1859 1484 1884 τις
1514 1850 1637 1885 ἀνδριὰς,
1664 1848 1752 1880 ἑστὼς
1773 1848 1823 1874 ἐπὶ

1027 1899 1144 1934 βάσεως,
1169 1897 1267 1930 καλός·
1287 1895 1319 1923 οὗ
1349 1896 1537 1931 θαυμάζοντες
1552 1896 1577 1922 οἱ
1606 1894 1742 1929 θεώμενοι
1769 1893 1822 1928 τὴν

1027 1944 1164 1980 εὒρυθμον
1179 1944 1201 1960 ⁶⁰
1214 1943 1346 1979 καλλονὴν
1360 1943 1438 1978 ὃιιιφε
1444 1942 1582 1977 ρέσθωσαν
1596 1940 1664 1976 πρὸς
1675 1939 1822 1975 ἀλλήλους,

1027 1992 1066 2026 πῆ
1086 1991 1134 2026 μὲν
1146 1990 1272 2025 γενητὸν,
1290 1987 1368 2024 emat
1381 1988 1429 2015 καὶ
1441 1988 1573 2024 ἀγένητον
1590 1986 1759 2022 πειρώμενοι
1773 1985 1820 2012 λέ-

1028 2045 1085 2071 γειν
1096 2036 1129 2062 θ’.
1147 2035 1277 2071 Ἐροίμην
1287 2034 1341 2070 γὰρ
1369 2033 1449 2068 σφᾶς,
1467 2033 1501 2061 δι’
1517 2032 1550 2067 ἢν
1575 2032 1664 2071 αἰτίαν
1687 2031 1822 2066 ἀγένητον

1029 2082 1109 2109 αὐτόν
1126 2088 1212 2116 pars;
1230 2080 1343 2115 πότερον
1353 2078 1398 2106 διὰ
1412 2079 1458 2105 τὸν
1480 2079 1605 2115 τεχνίτην
1617 2097 1626 2110 ,
1650 2078 1723 2108 ὅπως
1753 2076 1823 2112 μηδ-

1031 2127 1109 2162 αμῶς
1121 2125 1246 2161 ἀρτήσας
1257 2125 1306 2159 τῆς
1319 2124 1501 2163 δημιουργίας
1514 2123 1661 2159 νομίζοιτο,
1675 2123 1692 2161 η
1719 2123 1753 2151 δι’
1767 2124 1821 2149 αὐ-

185 2177 277 2199 seatur
295 2171 363 2207 (85),
386 2179 420 2198 an
439 2177 550 2206 propter
571 2173 707 2207 seipsam?
730 2174 809 2208 Atqui
824 2174 847 2200 si
868 2178 967 2209 proptei

1029 2172 1073 2199 τόν
1081 2172 1103 2187 θ’
1116 2179 1123 2204 ;
1138 2171 1187 2197 “Av
1200 2170 1249 2204 μὲν
1263 2169 1317 2204 γὰρ
1328 2169 1371 2196 διὰ
1385 2169 1431 2196 τὸν
1441 2169 1578 2204 τεχνίτην,
1603 2169 1664 2200 πῶς
1687 2168 1823 2202 ἀγένητος

185 2217 337 2250 nrtilicem,
364 2218 501 2252 quomodo
527 2217 647 2253 ingenita
667 2218 719 2246 erit
741 2227 802 2246 cum
818 2220 852 2246 ab
871 2219 976 2247 artiﬁce

185 2262 364 2290 elIorrnetur?
376 2263 444 2291 Nam
467 2265 489 2292 si
514 2271 612 2299 expers
635 2266 723 2293 omnis
747 2266 855 2300 pcuitus
868 2267 936 2293 artis
949 2272 978 2294 et

185 2307 272 2340 rudis,
289 2307 433 2343 emngatur
452 2309 485 2336 ad
504 2317 695 2344 quamcunque
717 2310 780 2336 vclit
805 2311 903 2337 artifex
918 2310 976 2338 for—

185 2360 257 2380 niam
272 2361 319 2380 seu
337 2353 462 2388 figuram,
477 2355 611 2389 quomodo
627 2357 680 2382 erit
696 2356 827 2391 ingenita,
839 2355 975 2393 [manum]

185 2407 264 2434 passa
277 2404 305 2427 et
321 2400 458 2428 tractata?
472 2400 500 2428 Si
513 2409 620 2430 rursum
637 2408 747 2437 propter
760 2403 875 2436 scipsam
889 2401 976 2436 perfe-

1029 2217 1066 2245 ὣν
1079 2217 1147 2252 προς
1159 2215 1205 2242 τοῦ
1216 2215 1341 2251 τεχνίτου
1361 2214 1589 2251 δημιουργεῖται;
1615 2214 1647 2240 El
1672 2214 1728 2249 γὰρ
1752 2213 1823 2245 ὅλως

1030 2265 1059 2290 ἐν
1070 2263 1158 2299 ἐνδείᾳ
1189 2262 1239 2296 τῆς
1266 2261 1364 2296 τέχνης
1387 2261 1541 2295 καθέστηκε
1564 2259 1823 2296 χαλκουργούμενος

1031 2309 1099 2344 πρὸς
1113 2309 1144 2334 τὸ
1156 2308 1230 2343 σχεῖν
1238 2308 1330 2333 ὁποῖον
1343 2307 1357 2333 ὁ
1367 2307 1534 2342 δημιουργὸς
1544 2306 1632 2333 ἐθέλοι
1645 2306 1820 2341 χαρακτῆρα,

1030 2355 1099 2390 ποίῳ
1114 2354 1206 2389 τρόπῳ
1223 2353 1357 2387 ἀγένητος
1376 2351 1452 2379 ἔσται
1465 2352 1487 2367 ⁸³
1500 2352 1613 2386 πάσχων
1628 2360 1658 2377 τε
1674 2352 1722 2378 καὶ
1749 2350 1822 2386 δρώ-

1032 2409 1127 2435 μενος;
1143 2399 1215 2426 Εἰδὲ
1230 2396 1264 2425 αὖ
1291 2398 1325 2424 δι’
1353 2397 1448 2424 ἑαυτὸν
1476 2398 1578 2429 τέλειος
1606 2398 1654 2424 καὶ
1687 2396 1822 2431 ἀγένητος

836 2468 954 2496 VARle
978 2467 1177 2498 LEC'I'IUNES.

239 2514 262 2530 "
275 2514 304 2542 δὲ
322 2515 369 2542 τὸν
385 2515 467 2541 αὐτόν
494 2514 524 2541 Β.
575 2515 603 2551 f'
621 2515 660 2541 ὅτ’
680 2516 781 2551 ἐποίειι

185 2548 266 2585 ἄλλου
293 2558 355 2577 cum
381 2550 425 2577 AB
441 2551 521 2578 omisi
548 2550 616 2584 μῶν.
670 2550 693 2566 ⁸λ
710 2548 842 2585 πρότερον
872 2552 892 2577 Β
919 2561 926 2579 :

185 2618 232 2655 λεη
263 2619 286 2636 ⁵⁵
301 2620 466 2654 ὲτεχνάςατο
493 2618 735 2655 ΑΒῖὲτεχνήσατο
751 2630 780 2652 ς.

187 2654 291 2689 ρυθμον
302 2655 347 2682 ΑΒ
364 2663 370 2681 :
389 2655 538 2692 ὲρῥύθμιον
553 2664 583 2688 ς.
622 2656 643 2672 ⁶ι
659 2655 749 2689 λέγειν
764 2656 930 2691 πειρώμενοι
945 2654 976 2689 gf.

815 2516 874 2543 libri
906 2517 950 2543 ihs
975 2517 1057 2543 ποιεῖ.

957 2552 1065 2587 πρῶτον
1101 2559 1148 2587 gf.”
1178 2551 1208 2587 _"

186 2583 216 2609 τὸ
231 2585 375 2618 γενέσεως.
413 2585 436 2601 ⁵⁸
446 2583 634 2619 διαλεγώμεθα
651 2593 722 2612 corr.
734 2583 758 2611 ’Β
774 2594 781 2612 :
796 2583 967 2622 διαλεγόμεθι

186 2618 225 2644 λε.
263 2619 286 2636 ⁵⁵
301 2620 466 2648 ὲτεγνάςατο
493 2620 554 2647 AB:
572 2621 735 2648 ἐτεχνήσατο
751 2630 780 2648 ς.
830 2623 852 2637 ⁵⁵
870 2630 967 2648 κατακι

1069 2587 1090 2602 ⁵⁷
1108 2585 1188 2621 βάλῃ]
1201 2583 1281 2613 πάλιν
1299 2586 1318 2611 Β
1331 2590 1358 2612 et.
1372 2583 1444 2612 curr.
1462 2587 1482 2612 A
1500 2592 1507 2610 :
1522 2584 1566 2610 alii
1582 2583 1647 2617 βάλε
1666 2583 1683 2608 i.
1701 2589 1726 2609 e.
1747 2583 1820 2606 ἁδα-

1026 2620 1070 2648 ωςΙ
1086 2622 1249 2648 διακρίσεως
1265 2619 1398 2648 Scaliger.
1422 2618 1610 2648 μετακρίσεως
1645 2618 1701 2645 alii.
1740 2614 1820 2642 “’50-

880 2620 1070 2657 ιατακρίσεως]
1086 2620 1249 2656 διακρίσεως
1265 2620 1398 2654 Scaliger,
1422 2620 1610 2654 μετακρίσεως
1645 2620 1701 2645 alii.

880 2665 930 2683 ενοι
945 2666 976 2689 ς.
1015 2657 1036 2672 θ’
1057 2657 1153 2683 ἑαυτόν
1169 2656 1201 2682 A.
1240 2656 1262 2673 "
1277 2654 1366 2690 ἔσται]
1382 2655 1414 2682 ἄν
1428 2654 1481 2681 ΑΒ.

1107 2515 1129 2531 ⁵³
1143 2514 1205 2542 οὔτε
1229 2514 1297 2542 AB:
1317 2515 1359 2541 ὅτι
1391 2523 1422 2552 ς·ἲ
1474 2515 1497 2530 ⁸²
1514 2513 1581 2547 φασί
1707 2510 1731 2551 ’ξ
1746 2515 1823 2552 ante

1234 2555 1292 2584 post
1319 2549 1523 2584 συναπέραντον
1537 2556 1598 2584 enim
1608 2547 1758 2584 VABroniisi
1768 2547 1823 2584 γάρ

1069 2587 1090 2602 ⁵⁷
1107 2580 1188 2621 βάλῃ]
1201 2580 1281 2621 πάλιν
1299 2586 1318 2611 Β
1331 2590 1358 2612 et
1372 2580 1444 2612 curr.
1462 2587 1482 2612 A
1500 2592 1507 2610 :
1522 2584 1566 2621 alii
1582 2583 1647 2617 βάλε
1701 2589 1726 2609 e.
1741 2580 1820 2621 36a}-

941 2711 1047 2741 NOTAE
1054 2733 1060 2739 .

222 2771 278 2806 (84)
297 2767 320 2799 ὦ
332 2771 412 2807 βάλη.
422 2771 451 2798 '0
464 2779 548 2807 apage
565 2772 697 2806 inquient.
716 2772 743 2798 In
765 2773 887 2808 margine
899 2773 979 2800 πάλιν

187 2806 297 2836 iterum.
328 2806 485 2842 ἀγεννήτως
508 2806 617 2842 proprie
640 2808 699 2835 sine
720 2806 904 2843 generatione.
921 2809 978 2836 Κα-

1034 2772 1188 2806 τακρίσεως
1203 2770 1295 2797 malim
1307 2770 1481 2806 διακρίσεως,
1491 2770 1543 2797 nisi
1560 2768 1630 2796 idem
1647 2769 1766 2796 valeant.

1070 2807 1127 2843 (85)
1147 2806 1263 2835 Causam
1280 2806 1350 2834 hanc
1366 2814 1419 2833 non
1436 2806 1504 2833 bene
1520 2812 1657 2839 assequor.
