1920 3092
187 120 256 153 1147

185 178 270 208 enim,
285 183 299 203 a
315 184 369 211 quo
381 177 544 212 germinavit
556 177 728 217 verissimum
743 177 872 211 Verbum,
887 179 974 206 faten-
988 182 1010 209 Α

185 223 249 248 dum
272 226 312 248 est
334 229 394 249 csse
412 221 519 248 Patrem
533 222 702 249 conditorem
724 222 912 250 universorum
926 231 933 250 :
947 223 973 249 in

184 274 240 302 quo
257 272 316 294 erat
331 266 483 302 [Verbum].
505 266 571 294 Illud
590 272 680 295 autem
694 288 702 300 ,
720 267 778 294 Hoc
791 273 848 294 erat
863 268 891 294 in
902 268 974 302 prin-

185 313 254 346 cipio
272 314 341 346 apud
360 312 455 345 Deum,
481 313 628 348 [mtelitiam
651 313 750 346 Verbi,
776 321 857 348 quam
881 313 975 341 habuit

186 359 256 392 apud
276 358 394 392 Patrem,
417 364 564 394 antequam
588 361 705 387 mundus
729 365 888 391 crearetur,
909 360 975 387 insi-

187 412 271 430 nuare
290 404 405 436 videtur,
426 412 488 432 cum
508 405 655 440 potentiam
671 406 831 440 principium
849 406 974 440 appellat.

185 449 258 484 Ergo
281 454 340 484 post
362 450 500 484 proprium
515 456 701 486 aeternumque
725 451 887 486 principium
904 452 976 484 quod

186 496 268 523 Pater
282 501 335 528 est,
358 495 475 523 Verbum
495 504 603 531 quoque
621 501 664 524 est
675 497 790 524 aliorum
814 497 975 532 principium

187 549 236 577 per
249 542 321 576 quod
336 542 426 568 omnia
442 547 581 570 creantur.

221 588 352 622 Origenes
361 592 503 622 postquam
513 588 596 614 multa
609 588 745 616 fabulatus
755 593 798 616 est
809 588 844 616 de
856 588 975 615 universi

187 633 350 665 aeternitate,
365 634 447 660 etiam
463 634 514 660 hoc
529 632 610 660 infert
623 642 630 661 :
648 633 740 668 Neque
753 636 818 668 ergo
833 633 868 660 ab
879 634 976 665 Adam,

187 683 218 705 ut
237 679 344 713 quidam
365 679 499 706 afﬁrmant
512 700 518 710 ,
541 687 602 706 cum
626 681 702 714 prius
719 688 771 708 non
791 683 864 707 esset
884 679 976 712 homo,

191 729 254 751 tunc
270 724 392 752 omnium
409 725 513 760 primus
534 724 667 753 formatus
687 725 713 752 in
744 725 873 752 tnundum
892 726 976 752 venit.

188 769 281 804 Neque
294 771 409 798 mundus
432 778 552 802 rursum.
564 777 626 798 ante
635 779 683 799 sex
693 773 760 804 dies,
770 779 852 806 qualn
867 779 978 799 creare—

189 821 234 842 tur
253 816 356 848 Adam.
379 817 463 850 cepit
484 817 554 844 fieri.
575 817 652 850 Quod
679 817 701 845 si
722 818 784 852 quis
809 818 867 844 hac
887 817 979 852 cupiat

188 862 332 896 dispicere,
343 863 418 896 prius
432 863 590 897 perpendat,
613 870 703 890 annon
717 863 864 891 secundum
876 863 978 899 30gb
995 852 1016 880 Β

190 907 280 935 Mosen
304 908 341 936 sit
363 907 452 936 facilis
472 914 616 936 ttntneratu
636 916 706 937 unus
729 909 805 942 dies,
831 910 864 936 iis
878 910 924 944 qui
942 910 979 936 ita

190 954 280 982 Mosen
297 957 454 990 exponunt?
468 955 626 991 prophetica
647 963 714 983 vace
732 956 776 984 hic
790 957 872 984 etiam
890 956 978 984 accla-

190 1006 281 1027 mante
294 1009 301 1028 :
316 1001 338 1027 Α
349 1001 445 1028 swculo
457 1006 482 1028 et
496 1009 577 1037 usque
587 1002 615 1029 in
628 1003 755 1029 saeuiunt
768 1008 796 1028 tu
807 1011 843 1035 es,
856 1003 980 1037 quoniam

189 1046 263 1073 mille
278 1048 342 1074 anni
364 1052 426 1075 ante
448 1048 536 1075 oculos
553 1053 621 1080 tuos.
642 1054 767 1084 tanquam
788 1049 844 1076 dies
860 1048 981 1076 hesterna

188 1100 248 1126 qua:
264 1094 400 1128 prmteriit,
414 1098 440 1121 et
454 1094 574 1120 custodia
591 1095 618 1121 in
631 1099 706 1121 nocte
718 1099 725 1119 ι
735 1115 742 1121 .
767 1094 840 1122 Mille
854 1095 932 1122 annis
954 1094 981 1120 in

190 1145 273 1165 unum
310 1138 382 1165 diem
409 1140 555 1172 conclusis,
583 1140 610 1166 in
637 1140 722 1167 oculis
749 1140 807 1173 Dei,
833 1148 847 1167 a
874 1140 982 1168 condito

191 1185 292 1212 mundo
305 1193 390 1220 usque
406 1187 439 1212 ad
450 1179 577 1220 requiem
594 1190 714 1213 nostram
733 1186 801 1221 (86),
815 1187 909 1217 optimi
926 1186 982 1213 cal-

190 1232 299 1258 culandi
332 1232 454 1267 magistri
484 1231 619 1259 alIirmant
647 1240 693 1259 sex
719 1233 777 1260 dies
806 1232 979 1267 praeteriisse.

191 1277 298 1304 Annum
316 1284 380 1304 vero
399 1277 488 1305 sexies
506 1277 692 1309 millesimum,
709 1279 743 1304 ab
760 1278 864 1304 Adamo
879 1278 912 1304 ad
932 1285 983 1305 nos

191 1329 278 1357 usque
289 1322 364 1350 aiunt
377 1323 495 1350 extendi.
514 1323 585 1358 Ergo
598 1332 612 1350 a
628 1324 706 1351 nobis
720 1331 806 1359 usque
824 1324 857 1350 ad
880 1324 983 1358 princi-

191 1369 265 1402 pium
283 1369 309 1395 in
320 1377 373 1404 quo
385 1368 455 1397 Deus
466 1371 569 1397 creavit
581 1369 680 1397 coelum
693 1375 720 1397 et
737 1375 836 1396 terram
850 1369 981 1397 tredecim

191 1415 250 1442 dies
268 1420 446 1443 numerantur
459 1415 533 1451 (nam
550 1416 575 1443 iu
589 1416 703 1451 septimo
718 1416 811 1442 mundi
830 1415 985 1443 nnillenario

189 1460 322 1494 iudicium
338 1461 415 1489 aiunt
430 1461 573 1496 futurum),
590 1462 689 1496 quibus
705 1461 776 1489 Deus
790 1462 937 1497 antiquior,
963 1466 985 1489 tt

192 1515 241 1535 vos
254 1507 305 1543 ipsi
322 1508 470 1535 secundum
495 1513 613 1535 vestram
630 1509 765 1535 insaniam
785 1508 875 1535 dicitis
886 1529 894 1540 ,
915 1508 983 1535 nihil
997 1528 1018 1556 α

192 1554 338 1589 quidquam
363 1552 444 1590 [ante
469 1553 494 1580 id
515 1552 640 1589 tempus]
666 1553 722 1588 egit
745 1558 792 1580 aut
815 1554 928 1586 creavit,
957 1559 984 1580 et

191 1602 283 1629 Patris
301 1601 410 1630 nomine
430 1609 462 1628 ac
483 1601 622 1629 Creatoris
642 1601 763 1635 privatus
783 1606 834 1628 est.
853 1601 881 1628 Si
896 1606 985 1628 autem

194 1647 323 1675 tredecim
337 1648 395 1675 dies
413 1653 477 1675 sunt.
497 1648 524 1674 in
548 1647 634 1675 oculis
650 1648 695 1675 Dei
718 1656 732 1674 a
748 1647 849 1674 nmndo
866 1648 986 1680 condito,

194 1695 328 1728 quomodo
349 1694 488 1729 Sapientia
506 1694 531 1720 in
559 1693 623 1721 Jesu
648 1694 747 1721 birach
766 1693 854 1720 dicit;
873 1693 988 1719 Arenum

197 1741 290 1773 maris,
306 1746 329 1767 et
346 1740 442 1774 pluuia:
458 1745 559 1775 guttas,
578 1744 603 1766 et
618 1739 673 1767 dies
688 1739 778 1766 saeculi
796 1739 854 1773 quis
868 1739 988 1765 dinume-

200 1787 269 1813 ταυίι
288 1785 316 1813 ιτ
339 1787 401 1814 lla-c
421 1787 493 1814 serio
518 1787 659 1822 disputans
681 1785 813 1821 Origenes
837 1785 897 1813 vide
920 1792 988 1820 quo-

198 1835 278 1860 modo
293 1838 418 1867 nugetur.

516 1963 683 1993 CCXXXVI.

379 2012 517 2048 Ejusdem,
533 2011 573 2039 De
588 2012 671 2040 libero
686 2012 808 2040 arbitrio.

235 2060 299 2096 Legi
310 2059 430 2095 ejusdem
444 2060 566 2095 quaedam
584 2067 618 2087 ex
630 2060 699 2087 lihro
716 2059 850 2088 Delibero
867 2060 991 2094 arbitrio,

202 2109 360 2142 pariterque
371 2107 478 2143 (nactus
492 2107 549 2142 ipse
561 2106 905 2143 ejusmodicompendium)
921 2107 992 2135 unde

199 2153 256 2180 sint
272 2153 354 2185 mala,
370 2156 398 2180 et
409 2152 471 2186 qnis
487 2159 582 2179 eorum
601 2157 707 2180 auctor.
724 2151 797 2180 Deus
811 2152 884 2180 enim
902 2153 924 2181 is
940 2160 992 2180 non

772 122 902 153 ΡΗΟΤΙΙ
921 121 1173 152 PATBIARCH/E
1188 120 1244 150 ΟΡ.

1740 112 1808 145 1148

1028 177 1134 209 τούτοις
1145 176 1302 212 ὀμαρτεῐτθ.
1320 176 1376 211 Τὴν
1390 177 1439 210 μὲν
1461 173 1517 208 γὰρ
1534 171 1637 208 ἀρχὴν,
1651 170 1698 205 ἀφ’
1712 168 1744 207 ἧς
1761 170 1809 196 ἀν·

1024 222 1190 257 εόλάστησεν
1205 223 1218 248 6
1232 221 1376 255 ὀρθότατος
1386 220 1481 254 Λόγος,
1489 219 1536 246 τὸν
1550 218 1661 252 Πατέρα
1672 217 1720 243 καὶ
1736 225 1813 250 ποιη-

1024 268 1074 303 τὴν
1084 267 1138 295 τῶν
1152 268 1220 295 ὅλων
1237 268 1334 302 φατέον
1342 267 1376 300 ⁷⁷,
1401 268 1429 293 ἐν
1445 263 1468 300 ᾧ
1491 263 1525 300 ἦν
1538 273 1544 279 ’
1574 264 1637 291 τὸτ’
1654 263 1695 295 δὲ,
1716 260 1814 293 Οὗτος

1024 313 1108 350 ἧνέν
1124 314 1204 348 ἀρχῇ
1217 314 1292 349 πρὸς
1319 313 1372 340 τὸν
1387 311 1471 343 Θεὸν,
1498 311 1529 338 τὸ
1547 309 1751 342 ὲξουσιαστικδν
1766 307 1814 334 τοῦ

1026 360 1125 394 Λόγου,
1144 359 1158 386 ὅ
1171 357 1227 394 εἶχε
1245 359 1321 394 παρὰ
1334 358 1373 393 τῷ
1387 357 1474 392 Πατρὶ
1499 355 1547 383 καὶ
1563 354 1616 390 πρὸ
1631 353 1677 381 τοῦ
1703 353 1750 380 τὸν
1766 353 1806 378 κό-

1027 413 1095 439 σμον
1110 406 1150 437 είς
1164 405 1271 439 γένεσιν
1298 403 1456 439 παρελθεῖν,
1485 402 1558 430 ἔοικε
1585 400 1740 436 σημαίνειν,
1764 398 1813 434 τὴν

1027 450 1152 484 ἐξουσίαν
1171 450 1258 486 ἀρχὴν
1270 448 1364 476 εἰπών.
1380 447 1485 475 Οὐκοῦν
1500 447 1583 482 ἀρχὴ,
1600 444 1669 480 μετὰ
1683 444 1733 479 τὴν
1746 443 1813 470 [δίαν

1025 499 1144 534 ἄναρχον
1159 498 1246 533 ἀρχὴν
1260 497 1305 523 τὸν
1317 496 1434 530 Πατέρα,
1457 494 1537 526 αὐτὸς
1553 493 1607 520 τῶν
1628 492 1718 520 ἄλλων
1739 491 1813 525 γίνε-

1027 553 1083 577 ται,
1095 545 1130 572 δι’
1147 542 1181 580 ἦς
1195 544 1303 571 ἅπαντα
1310 541 1528 578 δημιουργεῖται.

1063 591 1124 617 Ὅτι
1148 589 1289 624 Ὠριγένης
1307 587 1376 622 μετὰ
1396 587 1427 614 τὺ
1446 585 1532 612 πολλὰ
1550 583 1722 619 μυθήσασθαι
1750 581 1817 618 περὶ

1026 638 1076 672 τῆς
1090 635 1137 662 τοῦ
1156 635 1256 666 παντὸς
1267 633 1418 667 ἀῖδιότητος
1436 631 1536 665 ἐπάγει
1552 631 1599 657 καὶ
1626 629 1716 656 τοῦτο·
1747 627 1817 654 Οὔτε

1028 680 1075 709 οὖν
1091 681 1145 708 ἀπὸ
1162 681 1258 715 Ἀδὰμ,
1282 679 1319 711 ὧς
1333 679 1399 713 φασί
1416 686 1498 710 τινες,
1526 676 1658 711 πρότερον
1686 675 1737 701 οὒκ
1752 673 1792 700 ὢν
1805 674 1820 700 ὀ

1028 727 1172 762 ἄνθρωπος
1185 726 1245 753 τότε
1261 724 1376 759 πρώτως
1389 724 1412 739 ⁷⁹
1429 721 1561 753 πλασθεὶς
1575 721 1614 752 εἰς
1629 720 1733 755 κόσμον
1747 727 1819 754 παρ-

1027 773 1120 808 ῆλθεν,
1139 772 1201 799 οὒτε
1226 770 1261 798 αὖ
1277 770 1380 805 κόσμος
1402 769 1456 805 πρὸ
1487 767 1516 802 ἓξ
1546 766 1659 803 ἡμερῶν
1690 766 1743 800 τῆς
1771 763 1822 791 τοῦ

1036 818 1122 853 Ἀδὰμ
1140 818 1273 852 γενέσεως
1288 815 1390 852 ἤρξατο
1402 813 1640 851 δημιουργείσθαι.
1657 813 1689 839 Εἰ
1703 812 1733 838 δὲ
1744 810 1824 845 φιλο-

1030 867 1154 901 φρονοῐτο
1181 863 1358 899 διαφέρεσθαι
1392 862 1460 898 πρὸς
1489 860 1577 888 ταῦτά
1604 868 1656 892 τις,
1686 858 1824 894 πρότερον

1030 911 1162 946 φρασάτω
1177 911 1201 937 ει
1216 910 1255 945 μὴ
1276 909 1460 943 εὐαρίθμητος
1487 907 1542 934 ἀπὸ
1557 906 1608 941 τῆς
1635 905 1683 932 τοῦ
1713 904 1826 938 κόσμου

1029 957 1162 991 γενέσεως
1179 955 1249 982 κατὰ
1265 955 1314 990 τὴν
1325 953 1448 985 Μωσέως
1464 952 1555 988 βίϐλον
1584 952 1639 982 τοῖς
1659 949 1748 980 οὕτως
1772 949 1827 975 αὺ-

1029 1003 1079 1038 τὴν
1099 1001 1349 1038 ὲκλαμὸανομένοις
1364 1002 1378 1027 ὁ
1392 1000 1488 1035 χρόνος
1503 999 1580 1025 ἔσται
1594 997 1628 1029 ⁸⁸,
1640 997 1689 1032 τῆς
1715 1003 1829 1030 προφη-

1030 1048 1109 1083 τικῆς
1125 1048 1172 1075 καὶ
1184 1047 1279 1074 ἐνθάδε
1295 1045 1400 1081 βοώσης
1416 1045 1518 1079 φωνῆς,
1537 1042 1608 1069 Ἀπὸ
1617 1042 1638 1058 ⁸¹
1651 1040 1705 1068 τοῦ
1715 1041 1829 1072 αἰῶνος

1031 1095 1080 1122 καὶ
1091 1094 1146 1127 ἕως
1160 1093 1214 1121 τοῦ
1225 1092 1333 1125 αἰῶνος
1344 1091 1385 1119 σὺ
1399 1089 1435 1118 εἴ·
1448 1091 1493 1117 ὅτι
1513 1090 1595 1125 χίλια
1604 1089 1655 1122 ἐτη
1667 1088 1828 1122 enlycan-

1029 1140 1097 1175 μοῖς
1109 1148 1168 1166 σου
1183 1139 1224 1172 ὡς
1235 1138 1302 1175 [498
1314 1136 1359 1174 Η
1373 1137 1470 1171 ἡμέρα
1493 1136 1512 1170 ἡ
1529 1135 1611 1170 χθὲς,
1626 1134 1692 1168 ἥτις
1706 1132 1828 1167 διῆλθε,

1032 1187 1080 1214 καὶ
1092 1185 1214 1221 φυλακὴ
1224 1186 1259 1212 ἐν
1271 1185 1369 1212 νυκτί.
1383 1183 1484 1210 Χιλίων
1498 1183 1553 1217 γὰρ
1572 1180 1640 1208 ὲτῶν
1663 1178 1824 1215 περιοριζο-

1035 1233 1122 1268 μὲνων
1138 1232 1179 1263 είς
1196 1231 1261 1266 μίαν
1278 1230 1386 1266 ἡμέραν
1399 1230 1429 1256 ὲν
1443 1228 1594 1263 ὀφθαλμοῖς
1607 1226 1687 1258 Θεοῦ,
1709 1225 1764 1253 ἀπὸ
1777 1226 1830 1260 τῆς

1032 1278 1080 1306 τοῦ
1095 1279 1198 1313 κόσμου
1213 1277 1347 1312 γενέσεως
1360 1276 1383 1292 ⁸¹
1400 1276 1499 1311 μέχρις
1513 1274 1603 1309 ἡμῶν,
1615 1273 1652 1305 ὡς
1666 1272 1765 1307 οἱπερὶ
1777 1271 1831 1305 τὴν

1033 1325 1219 1361 ἀριθμητικὴν
1227 1325 1361 1358 φάσκουσι
1373 1322 1465 1354 δεινοὶ,
1475 1320 1505 1354 ἓξ
1519 1321 1620 1356 ἡμέραι
1629 1317 1834 1355 συμπεραιοῦν-

1032 1380 1089 1399 ται.
1109 1369 1356 1405 Ἐξακισχιλιοστὸν
1370 1368 1414 1404 ἄρ’
1428 1368 1489 1398 ἔτος
1502 1368 1583 1401 φασὶν
1596 1366 1650 1393 ἀπὸ
1674 1365 1762 1399 Ἀδὲμ
1788 1365 1834 1395 εἰς

1035 1417 1115 1454 δεῦρο
1132 1417 1280 1444 συντείνειν
1295 1423 1303 1432 ν
1333 1416 1366 1451 τῇ
1383 1415 1437 1450 γὰρ
1457 1413 1585 1448 ἑὸδομάδι
1603 1412 1642 1447 τῷ
1666 1412 1832 1445 ἑπτακισχι-

1035 1463 1134 1499 λιοστῷ
1146 1463 1202 1489 ἔτει
1216 1462 1308 1498 κρίσιν
1322 1461 1469 1496 ἀφίξεσθαι
1491 1468 1585 1494 φασιν.
1612 1458 1717 1485 Οὐκοῦν
1729 1458 1759 1484 αἱ
1776 1457 1834 1483 πᾶ-

1038 1518 1084 1537 σαι
1097 1510 1200 1545 ἡμέραι
1211 1509 1278 1536 δέκα
1289 1509 1337 1536 καὶ
1346 1509 1422 1543 τρεῖς
1435 1507 1482 1542 ἀφ’
1498 1506 1577 1542 ἡμῶν
1596 1505 1647 1537 ἕως
1668 1505 1707 1536 εἰς
1721 1504 1771 1539 τὴν
1802 1504 1835 1529 ὲν

1037 1558 1120 1593 ἀρχῇ,
1137 1558 1166 1584 ὲν
1213 1557 1342 1592 ἐποίησεν
1355 1557 1369 1582 6
1380 1555 1447 1586 Θεὸς
1459 1555 1505 1581 τὸν
1515 1553 1628 1590 οὑρανὺν
1644 1553 1691 1579 καὶ
1705 1552 1755 1587 τὴν
1767 1552 1834 1586 γῆν,

1039 1602 1214 1639 μετροῦνται.
1239 1599 1290 1629 Ὧν
1316 1603 1330 1629 ὁ
1345 1601 1412 1633 Θεὸς
1429 1601 1565 1635 ἀνώτερον
1586 1599 1656 1626 κατὰ
1681 1599 1730 1634 τὴν
1754 1597 1836 1632 σφῶν

1038 1650 1128 1677 αὐτῶν
1138 1650 1231 1676 ἄνοιαν
1256 1648 1332 1676 οὐδὲν
1356 1648 1481 1684 οὐδαμῶς
1503 1647 1709 1682 δημιουργήσας
1734 1644 1837 1679 ἐγεγύ-

1041 1705 1131 1733 μνωτο
1151 1697 1199 1723 τοῦ
1220 1697 1316 1732 Πατὴρ
1330 1696 1378 1723 καὶ
1399 1695 1600 1730 παντοκράτωρ
1614 1691 1696 1721 εἶναι.
1710 1693 1742 1720 Ei.
1772 1692 1800 1718 δὲ
1812 1692 1836 1707 ⁸³

1039 1743 1219 1780 τρισκαίδεκα
1245 1744 1315 1770 εἰσιν
1338 1742 1442 1778 ἡμέραι
1465 1742 1494 1768 ὲν
1513 1741 1662 1775 ὀφθαλμοῖς
1680 1734 1748 1765 Θεοῦ
1780 1738 1838 1764 ἀπὸ

1041 1789 1176 1824 γενέσεως
1187 1789 1301 1825 κόσμου,
1310 1788 1369 1820 πῶς
1379 1796 1462 1823 φησιν
1479 1789 1495 1822 ἡ
1508 1787 1536 1814 ὲν
1550 1787 1588 1821 τῷ
1599 1785 1729 1821 Σειρὰχκδ
1741 1785 1836 1818 σοφία,

1042 1835 1188 1870 Ἀμμον⁸¹
1210 1833 1378 1862 θαλασσῶν
1404 1833 1453 1860 καὶ
1486 1834 1638 1869 σταγόνας
1671 1831 1763 1859 ὑετοῦ
1784 1832 1836 1857 καὶ

1041 1878 1154 1913 ’ἡμέρας
1170 1878 1279 1912 αιῶνος
1289 1879 1335 1911 τίς
1361 1878 1572 1913 ἐξαριθμήσει;
1602 1877 1695 1904 Ταῦτά
1711 1885 1795 1912 φησιν
1823 1877 1839 1903 ὁ

1048 1925 1189 1961 Ὠριγένης
1205 1924 1376 1957 σπουδάζων,
1391 1925 1439 1951 καὶ
1453 1925 1505 1959 δρα
1520 1922 1564 1950 οἷα
1577 1924 1681 1955 παίζει.

1399 1970 1480 2004 EAG"

1151 2016 1207 2044 Τυῦ
1230 2017 1324 2044 αὑτοῦ
1353 2017 1420 2051 περὶ
1440 2017 1494 2044 τοῦ
1516 2016 1730 2048 αὐτεξουσιου.

1084 2062 1257 2098 Ἀνεγνώσθη
1269 2062 1317 2089 τοῦ
1334 2062 1417 2090 αὑτοῦ
1427 2063 1459 2090 ἐκ
1476 2063 1522 2094 τοῦ
1534 2062 1605 2097 Περὶ
1622 2061 1839 2094 αὑτεξουσιόυ.

1042 2108 1094 2144 τῆς
1104 2109 1127 2126 ’⁸⁵
1142 2110 1204 2145 ῐσης
1227 2109 1275 2136 καὶ
1297 2109 1379 2140 αὐτὸς
1388 2108 1478 2144 τυχὼν
1503 2108 1662 2142 συντομίας.
1689 2107 1778 2134 Πῶεν
1805 2107 1841 2134 τὰ

1044 2155 1118 2183 κακὰ
1130 2156 1178 2182 καὶ
1196 2155 1237 2187 τίς
1254 2155 1268 2182 ὁ
1283 2156 1386 2182 τούτων
1401 2155 1540 2191 ποιητήςς
1566 2155 1596 2181 '0
1620 2154 1670 2189 μὲν
1694 2154 1750 2189 γὰρ
1772 2154 1842 2185 Θεὸς

199 2203 252 2232 est;
267 2205 354 2233 neque
371 2198 443 2225 enim
466 2197 544 2225 malis
559 2197 722 2231 delectatur,
735 2198 801 2234 quin
824 2198 905 2226 etiam
920 2198 982 2226 mal:

1044 2201 1095 2228 οὐκ
1109 2201 1195 2233 ἔστιν,
1207 2202 1248 2228 ὅτι
1262 2201 1332 2236 μηδὲ
1350 2200 1457 2233 τούτοις
1481 2201 1585 2236 ἣδεται,
1601 2200 1671 2228 ἀλλὰ
1699 2199 1749 2227 καὶ
1770 2200 1837 2230 τοὺς

202 2244 332 2272 facientes
364 2244 546 2272 abominetur.
565 2244 738 2280 Quapropter
767 2245 860 2272 censui
890 2245 991 2280 aliquid

200 2290 333 2317 exsistere
352 2297 413 2317 cum
437 2289 508 2322 Deo,
530 2290 601 2324 quod
625 2290 767 2317 materiam
791 2290 943 2323 nominant,
958 2297 993 2317 ex

202 2343 256 2370 qua
285 2336 412 2363 universa
430 2336 569 2368 condidit,
583 2343 616 2363 ex
635 2343 687 2371 qua
707 2336 777 2362 mala
793 2343 854 2363 esse
874 2336 940 2363 mihi
954 2336 993 2363 vi-

203 2383 302 2408 dentur
310 2380 429 2417 (87-88).
440 2381 508 2408 Cum
523 2382 595 2408 enim
613 2381 725 2409 materia
744 2381 867 2409 informis
880 2386 952 2409 esset
965 2384 993 2409 et

203 2427 306 2462 absque
321 2428 375 2455 ulla
389 2428 486 2462 figura,
499 2432 526 2454 et
541 2428 652 2462 insuper
669 2432 769 2455 temere
782 2427 925 2460 inerraret,
938 2435 991 2455 non

203 2480 299 2507 passus
319 2479 362 2501 est
387 2481 447 2501 eam
470 2474 581 2502 omnino
603 2474 639 2501 ita
662 2481 727 2501 casu
742 2473 929 2507 circumferri,
947 2474 994 2502 sed

259 2555 266 2580 i
283 2556 353 2584 Psal.
368 2563 481 2586 uuis.
496 2556 524 2588 2,
541 2556 569 2583 4.
609 2556 623 2577 ι
638 2555 723 2584 Eccli.
745 2562 765 2589 ι,
785 2555 812 2582 2.

1044 2247 1166 2283 δρῶντας
1183 2247 1253 2274 αὐτὰ
1266 2247 1450 2282 βδελύσσεται.
1475 2248 1577 2282 Διόπερ
1602 2246 1676 2280 ἔδοξέ
1694 2255 1752 2283 ’μοι
1779 2255 1844 2272 συν-

1045 2293 1179 2329 υπάρχειν
1190 2301 1217 2320 τι
1232 2293 1317 2328 αὐτῷ,
1335 2293 1454 2328 τοῡνομα
1467 2293 1528 2328 ὕλη,
1552 2292 1582 2324 ἐξ
1595 2290 1629 2327 ἦς
1641 2291 1676 2318 τὰ
1694 2291 1761 2318 ὄντα
1775 2290 1840 2324 ὲδη-

1046 2339 1266 2375 μιούργησεν,ὲξ
1290 2336 1326 2375 ἦς
1351 2339 1400 2366 καὶ
1423 2339 1458 2366 τὰ
1479 2338 1554 2366 κακὰ
1575 2336 1646 2365 εἷναί
1680 2346 1726 2373 μοι
1756 2337 1842 2364 δοκεῖ.

1051 2385 1160 2412 Ἀπρίου
1176 2394 1208 2412 τε
1218 2385 1271 2420 γὰρ
1285 2385 1333 2412 καὶ
1357 2385 1563 2421 ἀσχηματίστου
1591 2383 1653 2420 [941
1683 2381 1729 2418 R.]
1759 2382 1843 2417 οὔσης

1046 2430 1141 2465 αὐτῆς,
1159 2430 1228 2466 πρὸς
1242 2431 1275 2466 δὴ
1283 2431 1305 2447 ³⁷
1319 2431 1425 2463 τούτοις
1446 2432 1494 2458 καὶ
1517 2430 1646 2462 ἀτάκτως
1670 2429 1843 2465 φερομένης,

1046 2477 1077 2503 οὐ
1090 2477 1134 2503 διὰ
1151 2477 1404 2509 παντδςκατέλιπεν
1423 2477 1509 2512 αὐτὴν
1528 2477 1601 2504 οὕτω
1623 2477 1768 2512 φέρεσθαι,
1793 2476 1842 2504 ἁλ-

856 2613 973 2642 νΑΒΙᾸζ
987 2612 1193 2641 LECTIONES.

241 2662 264 2678 "
280 2661 397 2696 ἁμάρτοι
410 2660 463 2686 ΑΒ.
501 2661 524 2676 ""
540 2659 613 2696 φατέ
626 2659 680 2687 AB:
718 2659 742 2675 ⁷⁸
755 2659 798 2695 τό]
825 2660 914 2696 malim
934 2660 984 2695 τῷ.

1023 2660 1046 2676 ⁷⁸
1060 2661 1168 2696 πρῶτος
1185 2669 1216 2693 ς.

205 2704 316 2728 Luxtx,
326 2697 354 2722 ‘2.
392 2697 415 2712 δ’
430 2695 564 2730 γενέσεως
575 2695 618 2721 ΑΒ
631 2704 637 2722 :
654 2695 787 2728 γενέσεως
816 2695 913 2730 μέχρις
937 2697 1137 2727 καταπαύσεως
1152 2705 1183 2728 ς.

207 2740 269 2768 μον,
289 2738 310 2765 ι,
323 2731 351 2758 2.
386 2731 409 2747 ⁸⁸
423 2731 474 2766 τῆς
488 2732 509 2757 Δ
528 2740 535 2757 :
551 2731 682 2762 ὡσαύτως
693 2730 742 2765 τῆς
760 2739 790 2762 ς.
818 2729 821 2730 ⁷
836 2729 857 2746 ’⁸⁷
871 2729 914 2766 δήΙ
931 2733 1122 2764 exspectabam
1136 2731 1176 2758 δέ.

1254 2660 1277 2676 ⁸ο
1288 2657 1376 2693 ἔσται]
1391 2666 1425 2685 αν
1440 2657 1484 2683 AB
1497 2665 1505 2684 :
1522 2657 1562 2688 είς
1578 2665 1609 2693 ς,
1643 2655 1670 2693 λ⁸¹
1684 2654 1846 2693 611:6]7Psau.

1230 2695 1252 2712 ⁸³
1264 2695 1292 2721 δέ
1304 2696 1325 2722 Α
1341 2703 1347 2722 :
1363 2690 1392 2720 δὲ
1408 2693 1454 2720 καί
1475 2701 1505 2724 ς’.
1548 2692 1572 2708 ⁸⁸
1585 2691 1670 2727 Σιράχ
1688 2690 1719 2718 Β.
1742 2690 1780 2707 ί⁸⁸
1793 2690 1846 2726 ἄμ·

970 2777 1087 2806 NOTAE.

243 2825 302 2859 (86)
321 2825 412 2860 Usque
429 2825 461 2851 ad
477 2824 598 2858 requiem
611 2829 743 2854 nostram,
760 2824 838 2860 idest
854 2832 940 2860 usque
954 2825 987 2853 ad
1004 2826 1169 2854 creationem
1190 2823 1307 2851 hominis
1325 2825 1466 2857 postquam
1479 2820 1581 2856 quievit
1597 2820 1676 2848 Deus.

249 2860 357 2895 (δῖ-88)
375 2859 437 2889 Haec
455 2867 489 2889 ex
501 2859 589 2888 aliena
608 2860 742 2888 sententia
755 2859 828 2887 dicit.
