1920 3092
182 103 248 136 1151

770 108 904 138 PHUTII
925 108 1177 138 PATRIARCH/E
1196 109 1252 139 (ΖΡ.

1751 106 1820 140 115ἶ

220 161 290 196 Quin
300 165 327 190 et
339 162 376 190 ita
387 167 579 197 argumentare
589 173 596 191 :
608 163 747 192 Materiam
757 172 822 200 ergo
831 165 972 192 informem

1062 165 1132 199 Λέγε
1145 165 1173 191 δὲ
1186 165 1234 191 καὶ
1247 160 1297 191 ὦδε
1308 172 1314 179 ·
1327 164 1382 200 Φῂς
1395 163 1485 191 τοίνυν
1491 163 1589 191 ἄποιον
1601 162 1670 197 ὕλην
1685 166 1823 196 ausu-imp-

181 205 222 233 ais
244 206 382 233 exstitisse
398 214 460 233 cum
476 206 540 240 Deo,
551 215 584 234 ex
597 215 649 242 qua
664 209 793 236 mundum
804 209 925 236 creavit?
937 209 975 236 lla

184 253 252 280 mihi
266 254 384 281 videtur.
400 253 495 282 Nonne
504 254 596 289 igitur,
611 256 633 283 si
651 255 777 284 informis
794 262 852 284 erat
863 258 975 285 materia

181 299 255 336 [sine
271 300 471 336 qualitatibus],
490 301 620 329 formatus
637 308 679 330 est
696 303 811 331 mundus
827 310 844 330 a
862 303 932 331 Deo?
948 304 976 331 in

185 346 285 373 mundo
292 350 381 373 autem
391 351 455 374 sunt
462 347 621 381 qualitates;
630 348 789 382 qualitatum
799 349 921 377 conditor
927 350 978 377 fuit

186 391 265 419 Deus.
283 392 322 419 ita
336 396 388 420 est.
403 392 537 426 Quoniam
548 400 611 420 vero
629 394 678 421 tibi
691 395 800 422 videtur
812 395 978 430 impossibile

184 444 245 464 esse
258 443 288 464 ut
308 437 405 473 305b
429 445 463 466 ex
493 438 578 466 nihilo
598 439 644 467 ﬁat
655 439 777 475 aliquid,
798 441 932 476 responde
943 441 977 468 ad

180 484 360 519 quaestionem
378 493 385 511 :
410 483 579 513 Videnturne
597 486 644 513 tibi
661 486 809 522 qualitates
832 488 924 515 mundi
943 496 978 516 ex

183 536 238 557 non
252 529 384 564 subjectis
397 530 574 565 qualitatibus
596 531 675 559 facta
690 532 702 559 ‘i
720 532 863 560 Videntur.
882 533 916 560 Et
930 533 979 560 has

186 581 246 602 esse
258 576 359 610 aliquid
370 576 444 604 aliud
461 585 475 604 a
492 578 643 605 substantia
654 578 819 606 existimas?
830 579 880 612 lta,
893 579 977 607 aliud.

186 617 281 646 Nonne
302 627 383 655 ergo,
405 621 428 647 si
452 620 525 648 Deus
549 621 695 655 qualitates
716 631 750 650 ex
775 631 828 650 non
849 624 980 659 subjectis

185 664 363 698 qualitatibus
378 666 516 698 condidit,
536 675 596 702 quae
613 676 644 695 ex
660 668 823 696 substantiis
844 678 896 697 non
914 675 980 698 sunt

189 708 276 741 taetre,
290 717 351 737 cum
371 711 528 740 substantia:
542 721 594 741 non
610 714 666 741 sint
684 715 840 749 qualitates,
860 717 914 744 erit
932 725 979 745 ne-

187 761 265 782 cesse
279 755 368 784 dicere
389 757 447 785 illas
463 766 496 786 ex
519 759 604 786 nihilo
617 767 632 786 a
649 761 702 787 Deo
720 768 782 789 esse
793 767 900 790 creatas
915 771 980 791 :su-

189 808 384 835 pervacaneum
401 809 491 831 autem
505 806 559 832 erit
569 805 668 834 docere
679 806 746 834 nihil
759 815 773 834 a
786 807 840 835 Deo
851 815 884 836 ex
896 809 980 837 nihilo

1026 220 1084 247 χειν
1096 210 1135 246 τῷ
1149 210 1220 246 Θεῷ,
1233 210 1262 242 ἐξ
1271 207 1305 245 ἧς
1313 210 1363 245 τὴν
1373 209 1421 235 τοῦ
1437 209 1541 244 κόσμου
1554 209 1661 243 γένεσιν
1672 208 1823 242 ἐδημιούρ-

1025 266 1110 292 γησεν
1121 266 1129 290 ;
1141 257 1220 284 Οὕτω
1239 265 1284 292 μοι
1301 257 1384 283 δοκεῖ.
1402 255 1508 282 Οὐκοῦν
1521 255 1547 281 ει
1562 255 1657 285 ἄποιος
1671 253 1824 288 ἐτύγχανεν

1025 304 1043 339 ή
1059 303 1121 339 ὕλη,
1148 303 1244 337 γέγονε
1259 303 1288 329 δὲ
1309 302 1411 337 κόσμος
1430 301 1498 337 πρὸς
1528 300 1576 328 τοῦ
1590 300 1671 332 Θεοῦ,
1689 301 1719 326 ἑν
1736 300 1766 326 δὲ
1783 299 1824 334 τῷ

1026 350 1122 385 κόσμῳ
1133 350 1161 376 αἱ
1173 349 1326 383 ποιότητες,
1339 348 1394 374 τῶν
1408 348 1558 382 ποιοτήτων
1570 347 1665 382 γέγονε
1681 345 1800 381 ποιητὴς
1809 346 1824 372 ὁ

1026 395 1110 428 Θεός;
1129 394 1223 426 Οὐτως
1246 393 1314 429 ἔχει.
1338 393 1401 430 [946
1418 393 1465 429 IL]
1485 393 1562 420 Ἐπεὶ
1575 393 1606 419 δέ
1618 401 1659 419 σοι
1680 392 1758 418 δοκεῖ
1774 391 1824 418 καὶ

1026 442 1065 474 ὡς
1083 442 1215 469 ἀδύνατον
1231 441 1261 473 ἐξ
1275 441 1326 467 οὐκ
1350 440 1438 466 ὄντων
1466 439 1592 474 γίνεσθαί
1605 448 1643 472 τι,
1672 438 1744 475 πρὸς
1772 439 1823 473 τὴν

1026 488 1161 524 ἐρώτησιν
1179 487 1328 523 ἀπόκριναι
1338 486 1362 503 ⁸⁸
1376 494 1383 500 ·
1412 487 1494 513 Δοκεῖ
1519 494 1562 512 σοι
1588 485 1638 518 τὰς
1653 485 1701 512 τοῦ
1717 485 1822 520 κόσμου

1028 533 1202 568 ποιότητας⁹⁹
1214 533 1252 568 μὴ
1275 532 1304 566 ἐξ
1324 531 1511 566 ὑποκειμένων
1537 531 1679 566 γεγονέναι
1708 531 1821 565 ποιοτή-

1027 587 1099 612 τωνς
1124 579 1213 605 Δοκεῖ.
1226 578 1341 613 Ἕτερον
1365 577 1395 604 δέ
1411 586 1438 604 τι
1452 577 1529 612 παρὰ
1545 577 1594 609 τὰς
1621 576 1718 609 οὐσίας
1732 576 1823 611 ὑπάρ-

1028 632 1087 659 χειν
1101 623 1205 656 αὺτάς;
1221 622 1314 654 Οὒτως
1332 622 1398 657 εχει.
1431 621 1535 648 Οὐκοῦν
1547 622 1573 648 εἰ
1586 623 1655 657 μήτε
1666 622 1696 655 ἐξ
1708 622 1822 649 ὑποκει-

1030 669 1119 705 μένων
1146 670 1296 705 ποιοτήτων
1323 669 1372 700 τὰς
1405 667 1552 703 ποιότητας
1567 667 1787 703 ἐδημιούργησεν
1807 668 1822 693 ό

1029 715 1107 746 Θεὸς,
1122 716 1191 750 μήτε
1207 715 1239 741 ὲκ
1251 714 1306 740 τῶν
1316 713 1416 740 οὐσιῶν
1425 713 1579 756 ὑπάρχουσι
1593 712 1631 747 τῷ
1646 713 1714 748 μηδὲ
1728 712 1823 744 οὐσίας

1029 761 1114 793 αὑτὰς
1141 759 1221 794 εἶναι,
1239 761 1271 787 ὲκ
1291 760 1328 795 μὴ
1343 759 1430 787 όντων
1449 759 1534 790 αὐτὰς
1552 759 1605 785 ὑπὸ
1622 759 1690 785 Θεοῦ
1710 759 1825 793 γεγονέ-

1030 807 1091 834 vat’
1119 807 1226 841 ἀνάγκη
1250 807 1348 832 εἰπεῖν.
1372 805 1503 840 Περιττὺν
1530 804 1587 840 ἄρα
1602 805 1632 830 τὺ
1647 804 1774 837 δοξάζειν
1786 805 1825 836 ὡς

188 845 290 874 factum
305 856 375 876 esse.
392 849 537 878 Enimvero
553 859 597 879 res
614 851 648 880 de
674 853 724 880 hoc
739 852 925 891 [argumento]
942 855 979 882 ita

1033 853 1107 880 οὐδὲν
1123 853 1152 886 ἐξ
1174 853 1223 880 οὐκ
1236 852 1321 879 ὅντων
1350 851 1455 887 γίνεται
1481 851 1550 886 πρὸς
1568 851 1615 877 τοῦ
1630 850 1709 877 Θεοῦ.
1728 850 1799 877 Ἀλλ’
1811 851 1826 876 ό

188 892 338 921 decidatur.
350 893 416 922 Nam
429 896 510 923 etiam
520 897 590 932 apud
601 906 651 926 nos
663 898 785 926 videmus
795 900 920 935 quaedam
933 908 981 935 per

190 938 313 967 homines
331 947 364 967 ex
382 941 467 968 nihilo
482 942 555 976 ﬁeri,
575 948 604 971 ιιι
620 944 645 972 si
663 945 816 980 exemplum
837 947 871 973 ab
885 948 979 975 archi-

191 986 332 1014 tectonicis
344 987 483 1022 capiamus
499 997 506 1015 :
525 991 633 1023 quando
648 991 674 1018 hi
693 992 773 1019 urbes
790 1000 824 1020 ex
836 1001 890 1020 non
910 994 982 1022 urbi-

190 1029 241 1057 bus
257 1030 390 1065 condunt,
410 1037 438 1060 et
468 1034 567 1068 templa
585 1042 617 1062 ex
640 1043 695 1063 non
725 1037 843 1072 templis.
867 1037 980 1072 Quodsi,

190 1075 254 1110 quia
272 1076 313 1103 his
325 1077 485 1106 substantiae
501 1081 630 1115 subjectae
642 1082 709 1115 sint,
724 1083 866 1111 existimas
875 1084 910 1112 ab
927 1084 980 1112 illis

191 1121 248 1148 Inec
265 1129 297 1149 ex
322 1124 405 1151 rebus
430 1125 626 1155 exsistentibus
652 1127 723 1160 ﬁeri,
737 1128 839 1157 falleris
864 1130 978 1158 ratione.

191 1164 284 1199 Neque
297 1167 368 1193 enim
381 1169 532 1197 substantia
544 1171 637 1198 condit
648 1172 797 1206 civitatem,
810 1178 857 1199 aut
869 1174 978 1208 templa,

190 1212 237 1239 sed
251 1220 296 1240 ars
308 1221 368 1247 qua:
386 1215 459 1242 circa
475 1216 655 1244 substantiam
680 1218 737 1252 (seu
755 1218 908 1254 materiam)
922 1227 981 1246 ver-

189 1261 276 1290 satur,
297 1266 356 1293 qua:
372 1267 424 1286 non
443 1267 477 1287 ex
490 1261 610 1296 subjecta
628 1262 718 1296 aliqua
736 1268 793 1291 arte
816 1272 877 1299 qua:
897 1265 933 1292 sit
952 1265 980 1292 in

190 1304 340 1332 substantia
352 1325 359 1336 .
384 1306 555 1342 producitur,
569 1308 616 1335 sed
634 1316 667 1336 ex
688 1317 720 1337 ea
744 1317 804 1344 quae
822 1319 874 1338 non
894 1316 936 1339 est
954 1312 980 1339 in

190 1349 260 1382 illis,
286 1351 402 1379 exsistit.
423 1353 477 1381 Sed
502 1354 602 1383 videris
619 1356 687 1384 mihi
708 1357 759 1385 hac
777 1358 882 1386 ratione
901 1359 980 1387 dictis

189 1404 344 1431 occurrere,
357 1398 391 1426 ab
405 1400 511 1428 artiﬁce
528 1408 577 1436 per
588 1405 676 1430 artem
693 1403 795 1438 aliquid
811 1405 838 1432 in
857 1406 980 1433 substan-

190 1441 227 1469 tia
244 1442 302 1470 ﬁeri
317 1452 324 1470 :
339 1445 488 1479 respondeo
501 1446 534 1473 ad
548 1447 609 1479 hoc.
631 1455 683 1475 nec
698 1449 724 1475 in
743 1449 853 1477 homine
869 1451 978 1486 quidem

189 1492 275 1515 artem
293 1496 326 1516 ex
346 1490 467 1523 subjecta
487 1496 546 1519 arte
567 1492 658 1528 aliqua
679 1494 736 1522 ﬁeri
749 1515 757 1528 ,
781 1502 814 1523 eo
832 1497 905 1531 quod
924 1504 977 1524 non

189 1534 276 1569 possit
294 1535 444 1564 substantia
463 1545 496 1565 ex
517 1543 645 1566 seartem
668 1548 822 1576 procreare.
841 1542 889 1570 Est
904 1544 978 1571 enim

189 1587 237 1608 ars
259 1587 293 1608 ex
316 1581 370 1609 illis
390 1583 594 1617 accidentibus,
614 1593 676 1620 qua:
699 1591 755 1613 tum
777 1586 878 1615 habent
899 1595 978 1616 suum

189 1633 261 1657 esse.
273 1630 381 1662 quando
395 1629 422 1657 in
436 1630 585 1658 substantia
599 1632 688 1667 aliqua
702 1633 771 1660 ﬁunt
785 1641 792 1661 :
810 1634 891 1661 homo
904 1635 977 1662 enim

189 1673 270 1699 etiam
290 1673 349 1701 sine
370 1676 503 1702 tectonica
527 1677 581 1704 erit
603 1678 694 1705 homo.
724 1678 869 1707 Tectonica
888 1687 978 1708 autem

189 1718 263 1746 nulla
274 1719 338 1751 erit,
353 1720 404 1748 nisi
421 1721 497 1755 prius
509 1722 588 1750 homo
603 1724 749 1752 exstiterit.
768 1724 842 1753 Unde
859 1731 933 1754 artes
954 1728 979 1755 in

190 1763 345 1792 hominibus
366 1773 400 1793 ex
415 1774 468 1794 non
485 1771 555 1802 ante;
565 1771 702 1803 procreari
719 1773 874 1799 necessario
888 1763 982 1800 dicen—

190 1809 253 1836 dum
271 1814 324 1838 est.
349 1811 419 1848 Ergo
437 1813 459 1840 si
481 1813 533 1841 hoe
553 1815 589 1842 ita
608 1822 639 1843 se
659 1815 760 1845 habere
781 1817 807 1844 in
827 1818 982 1846 hominibus

189 1855 366 1889 ostendimus,
383 1858 519 1892 quomodo
534 1866 587 1886 non
603 1867 711 1895 :equum
728 1861 780 1889 erit
799 1862 905 1896 dicere,
928 1871 980 1891 non

188 1900 275 1928 solum
299 1902 442 1935 qualitates
462 1911 477 1931 a
500 1904 555 1932 Deo
579 1912 614 1932 ex
626 1913 681 1932 non
703 1907 907 1939 exsistentibus.
933 1910 981 1937 sed

189 1948 271 1975 etiam
293 1949 461 1978 substantias
481 1958 560 1986 posse
581 1951 657 1979 ﬁeri?
673 1952 741 1980 Dum
756 1953 828 1981 enim
848 1955 978 1988 possibile

191 1995 306 2028 videtur,
323 2000 350 2022 ut
369 1995 471 2032 aliquid
489 2005 523 2025 ex
543 1998 629 2026 nihilo
647 1999 703 2032 ﬁat,
723 2000 877 2027 ostenditur
894 2001 977 2029 etiam

188 2041 356 2069 substantias
371 2050 403 2070 ex
420 2043 504 2071 nibilo
522 2043 580 2071 ﬁeri
594 2052 685 2080 posse.

225 2086 324 2114 lterum
349 2095 413 2116 vero
436 2089 640 2123 disceptandum
664 2095 707 2118 est
733 2091 766 2118 de
794 2092 882 2120 malis.
909 2092 978 2120 Mala

189 2130 349 2161 Videnturne
362 2133 410 2160 tibi
424 2140 484 2162 esse
500 2135 670 2169 substantiae,
696 2144 731 2164 an
749 2137 896 2171 qualitates
913 2138 979 2167 sub-

190 2177 370 2205 stantiarum?
385 2178 548 2211 Qualitates.
561 2180 672 2208 Materia
682 2186 778 2210 eratne
795 2183 854 2210 sine
867 2184 980 2218 qualita-

191 2222 273 2255 tibus,
285 2228 311 2251 et
322 2223 465 2251 informis?
475 2225 550 2253 Erat.
561 2226 632 2254 Sunt
646 2227 717 2254 enim
729 2227 786 2255 hate
797 2229 888 2256 omnia
903 2237 979 2257 cont-

190 2269 278 2303 posita
290 2277 350 2297 cum
364 2270 514 2299 substantia
529 2280 563 2300 ex
580 2273 612 2300 iis
624 2281 686 2307 quae
705 2274 833 2302 accidunt
847 2276 978 2303 substan-

189 2315 244 2342 tias.
262 2315 352 2350 Neque
368 2317 439 2344 enitn
456 2318 637 2346 homicidium
654 2324 697 2347 est
713 2321 877 2354 substantia,
894 2328 981 2356 neque

189 2361 334 2396 quidquam
347 2363 462 2391 aliorum
472 2365 616 2398 malorum,
626 2366 672 2393 sed
688 2366 722 2393 ab
730 2366 885 2400 operatione
898 2367 982 2395 deuo-

190 2407 338 2435 minantur.
355 2408 446 2444 Neque
459 2411 529 2438 enim
542 2412 629 2439 caedes
637 2417 678 2439 est
695 2412 786 2444 homo,
798 2413 845 2440 sed
859 2412 981 2441 faciendo

190 2453 270 2484 hanc,
312 2452 447 2481 homicida
481 2454 544 2482 inde
577 2455 793 2490 cognominatur,
839 2455 885 2490 qui
926 2464 979 2483 non

187 2502 230 2526 est
268 2498 326 2533 ipsa
354 2499 456 2534 caedes,
481 2508 590 2536 neque,
619 2506 649 2528 ut
684 2501 845 2535 compendio
882 2500 981 2535 tlicam,

188 2544 334 2580 quidquam
345 2552 379 2573 ex
393 2545 456 2574 aliis
471 2547 550 2574 malis
564 2551 606 2574 est
624 2547 785 2578 substantia,
810 2546 856 2573 sed
870 2546 953 2582 306
964 2555 981 2574 a

187 2591 260 2618 ntala
285 2592 338 2620 dici
365 2597 452 2627 potest
472 2592 598 2620 faciendo
622 2592 725 2627 aliquid
749 2592 824 2619 mali.
850 2591 981 2619 Similiter

188 2638 351 2666 ratiocinare
365 2647 372 2666 :
388 2639 416 2666 Si
437 2639 502 2674 quid
522 2639 594 2666 aliud
614 2639 705 2665 animo
726 2639 884 2673 conceperis
907 2638 978 2672 quod

189 2684 291 2711 homini
305 2685 341 2712 sit
357 2692 439 2713 causa
460 2687 613 2713 malorum:
631 2685 704 2712 velut
724 2689 766 2712 est
784 2684 848 2711 illud
867 2683 977 2717 malum,

1033 899 1082 934 μὲν
1111 899 1176 933 περὶ
1206 897 1301 924 τούτου
1337 897 1415 931 λόγος
1430 894 1482 924 ὧδε
1502 897 1598 932 ἐχέτω.
1615 897 1670 923 Καὶ
1686 897 1741 932 γὰρ
1755 897 1823 930 παρ’

1030 945 1097 980 ἡμῖν
1127 943 1236 979 ὁρῶμεν
1268 941 1430 978 ἀνθρώπους
1444 940 1474 974 ἐξ
1486 941 1538 968 οὐκ
1563 941 1649 968 ὄντων
1679 940 1826 972 ποιοῦντάς

1030 999 1101 1024 τινα,
1125 987 1179 1016 οἷον
1204 990 1250 1016 ἐπὶ
1275 989 1328 1015 τῶν
1355 987 1583 1024 ἀρχιτεκτονικῶν
1597 988 1628 1014 τὺ
1643 987 1827 1022 παράδειγμα

1029 1035 1172 1070 λάϐωμεν
1191 1033 1208 1070 ἦ
1220 1035 1229 1049 ⁸
1242 1035 1296 1070 γὰρ
1309 1030 1382 1061 οὗτοι
1393 1033 1500 1061 ποιοῦσι
1510 1033 1602 1064 πόλεις
1614 1033 1663 1059 οὐκ
1673 1034 1705 1059 ὲκ
1717 1032 1828 1059 πόλεων

1030 1082 1079 1110 καὶ
1093 1081 1173 1114 ναοὺς
1187 1081 1238 1107 οὐκ
1252 1081 1284 1107 ἐκ
1295 1080 1378 1108 ναῶν.
1403 1080 1435 1108 El
1447 1079 1470 1107 δ’
1484 1080 1526 1107 ὅτι
1537 1079 1643 1111 τούτοις
1652 1078 1744 1105 οὐσίαι
1755 1078 1828 1104 ὑπό-

1031 1136 1147 1159 κεινται,
1163 1127 1214 1154 οῐει
1228 1125 1259 1159 ἐξ
1276 1125 1349 1163 [οὐκ]
1362 1126 1450 1154 ὄντων
1477 1126 1577 1158 αὐτοὺς
1588 1126 1597 1142 ³
1608 1125 1696 1152 ταῦτα
1724 1126 1827 1155 ποιεῖν,

1030 1173 1069 1209 τῷ
1083 1174 1155 1210 λόγῳ
1173 1173 1289 1209 σφάλλῃ.
1306 1172 1373 1200 Οὐδὲ
1392 1172 1446 1208 γὰρ
1459 1173 1475 1208 ὴ
1490 1172 1570 1199 οὐσία
1582 1172 1658 1198 ἐστὶν
1671 1173 1688 1207 ἡ
1705 1171 1827 1198 ποιοῦσα

1030 1221 1078 1256 τὴν
1091 1219 1164 1246 πόλιν
1175 1219 1191 1255 ἢ
1207 1221 1270 1252 τοὺς
1284 1219 1377 1251 ναοὺς,
1389 1219 1475 1254 ἀλλ’,ὴ
1488 1218 1553 1254 περὶ
1564 1219 1613 1253 τὴν
1625 1217 1720 1244 οὐσίαν
1729 1217 1826 1252 τέχνη.

1030 1265 1047 1300 ἢ
1060 1265 1110 1292 οὐκ
1122 1264 1152 1297 EE
1168 1263 1353 1299 ὑποκειμένης
1378 1263 1450 1295 τινὸς
1469 1263 1569 1299 τέχνης
1584 1264 1613 1290 ἐν
1629 1264 1689 1294 ταῖς
1716 1262 1828 1293 οὐσὶαις

1030 1312 1145 1346 γίνεται,
1161 1310 1219 1338 ἀλλ’
1230 1309 1260 1343 ἐξ
1274 1310 1323 1337 οὐκ
1336 1309 1421 1345 οὔσης
1442 1311 1471 1336 ὲν
1485 1310 1582 1342 αὐταῖς
1596 1308 1712 1342 γίνεται.
1722 1309 1828 1334 Ἅπαν-

1029 1359 1122 1394 τήσειν
1136 1357 1165 1384 δέ
1178 1366 1224 1392 μοι
1245 1358 1334 1389 δοκεῖς
1360 1356 1432 1383 οὕτω
1446 1356 1484 1392 τῷ
1494 1355 1577 1391 λόγῳ,
1589 1355 1631 1382 ὅτι
1653 1354 1781 1390 τεχνίτης
1790 1355 1827 1389 τῇ

1030 1404 1058 1430 ἐν
1074 1404 1107 1439 τῇ
1119 1402 1198 1438 οὐσίᾳ
1226 1402 1307 1438 τέχνῃ
1330 1402 1413 1428 ποιεῖ.
1439 1401 1513 1436 Φημὶ
1527 1400 1558 1427 δὲ
1572 1400 1642 1436 πρὸς
1673 1399 1754 1427 τοῦτο
1783 1400 1827 1425 ὅτι

1029 1449 1090 1476 οὐδὲ
1101 1449 1129 1475 ὲν
1141 1447 1181 1484 τῷ
1202 1447 1339 1483 ἀνθρώπῳ
1360 1447 1393 1474 ἔκ
1416 1455 1489 1478 τινος
1512 1446 1697 1481 ὑποκειμένης
1724 1445 1829 1481 τέχνης

1031 1494 1216 1530 προσγίνεται.
1234 1494 1304 1521 Οὐδὲ
1316 1493 1371 1528 γὰρ
1385 1492 1474 1520 ἔνεστι
1489 1492 1539 1528 τὴν
1553 1491 1596 1526 ἐφ’
1611 1491 1713 1526 ἑαυτῆς
1724 1491 1826 1517 οὐσίαν

1029 1540 1120 1568 δοῦναι
1150 1541 1202 1577 τὴν
1224 1540 1340 1576 τέχνην·
1356 1539 1411 1566 τῶν
1439 1539 1494 1574 γὰρ
1516 1537 1732 1573 συμϐεϐηκότων
1756 1537 1829 1569 ἐστὶ,

1030 1587 1076 1613 καὶ
1089 1586 1146 1613 τῶν
1159 1586 1221 1613 τότε
1232 1585 1263 1612 τὸ
1274 1583 1345 1612 εἶναι
1374 1585 1503 1620 ἑχόντων,
1515 1584 1616 1611 ὁπόταν
1631 1584 1660 1610 ὲν
1675 1583 1756 1618 οὐσίᾳ
1773 1583 1830 1609 τινὶ

1029 1632 1153 1666 γένηται.
1166 1631 1230 1668 [500
1242 1630 1290 1668 Η.]
1308 1631 1337 1658 '0
1369 1631 1418 1666 μὲν
1434 1630 1490 1665 γὰρ
1512 1630 1656 1665 ἄνθρωπος
1671 1630 1719 1656 καὶ
1741 1630 1829 1664 χωρὶς

1029 1677 1079 1712 τῆς
1087 1676 1246 1711 τεκτονικῆς
1255 1676 1343 1708 ἔσται,
1353 1676 1405 1711 ἡδὲ
1417 1675 1467 1702 οὐκ
1477 1675 1553 1701 ἔσται
1562 1675 1573 1690 ⁵
1583 1674 1631 1701 ἐὰν
1648 1674 1685 1708 μὴ
1693 1674 1829 1709 πρότερον

1031 1723 1173 1760 ἄνθρωπος
1221 1722 1303 1750 Ὅθεν
1311 1724 1360 1754 τὰς
1370 1722 1466 1758 τέχνας
1476 1721 1506 1754 ἐξ
1512 1722 1562 1748 οὐκ
1573 1721 1656 1748 όντων
1670 1721 1708 1752 εις
1719 1719 1829 1755 ἀνθρὼ-

1032 1769 1255 1804 πουςπεφυκέναι
1280 1768 1405 1803 γίνεσθαι
1419 1769 1510 1803 λέγειν
1519 1768 1677 1800 ἀναγκαῖον.
1692 1767 1724 1793 Εἰ
1736 1767 1830 1793 τοίνυν

1031 1816 1111 1843 τοῦτο
1137 1815 1225 1846 οὕτως
1251 1815 1325 1851 ἔχειν
1352 1816 1397 1842 ἐπ’
1413 1815 1567 1850 ἀνθρώπων
1589 1814 1741 1848 ἐδείξαμεν,
1768 1813 1829 1843 πῶς

1031 1862 1094 1897 οὐχ).
1105 1862 1227 1898 προσῆκε
1253 1862 1298 1888 τὸν
1319 1861 1386 1887 Θεὸν
1403 1861 1440 1897 μὴ
1456 1861 1538 1896 μόνον
1567 1859 1714 1894 ποιότητας
1731 1858 1762 1890 ἐξ
1776 1859 1829 1884 οὐκ

1031 1908 1117 1934 ὄντων
1131 1907 1215 1942 φάναι
1230 1906 1361 1934 δύνασθαι
1374 1907 1471 1938 ποιεῖν,
1489 1905 1557 1933 ἀλλὰ
1572 1905 1621 1932 καὶ
1634 1904 1748 1936 obuias;
1764 1902 1830 1936 Τῷ⁵

1032 1954 1087 1988 γὰρ
1102 1953 1214 1979 δυνατὸν
1238 1953 1358 1988 φανῆναι
1371 1951 1403 1978 τὸ
1418 1951 1542 1986 γίνεσθαί
1567 1959 1594 1977 τι
1615 1950 1646 1983 ἐξ
1663 1950 1714 1976 οὐκ
1729 1949 1829 1980 ὄντων,

1034 1999 1143 2032 καὶτὰς
1158 1999 1253 2031 οὐσίας
1267 1998 1355 2030 οὕτως
1372 1998 1444 2034 ἔχειν
1465 1997 1612 2024 δείκνυται.

1068 2087 1153 2114 Πάλιν
1171 2087 1200 2114 δὲ
1215 2086 1377 2122 διαληπτέον
1402 2085 1455 2112 τῶν
1484 2085 1579 2112 κακῶν
1601 2083 1677 2119 πέρι.
1694 2082 1735 2109 TE:
1753 2083 1830 2109 κακὰ

1032 2135 1147 2170 πότερον
1161 2133 1250 2160 οὐσίαι
1264 2141 1306 2159 σοι
1320 2131 1443 2159 δοκοῦσιν
1452 2129 1523 2158 εἶναι
1533 2130 1699 2165 ἢποιότητες
1706 2129 1809 2155 οὐσιῶν
1820 2137 1828 2160 ς

1033 2181 1191 2215 Ποιότητες.
1214 2179 1246 2206 'H
1257 2178 1286 2205 δὲ
1302 2178 1353 2212 ὕλη
1366 2178 1462 2209 ἄποιος
1476 2176 1511 2211 ἦν
1526 2177 1574 2202 καὶ
1596 2175 1827 2210 ὰσχημάτιστος;

1033 2226 1137 2257 Οὕτως.
1151 2225 1305 2252 Πέπλεκτιιι
1318 2223 1372 2259 ἄρα
1387 2223 1421 2250 τὰ
1435 2223 1559 2256 ὀνόματα
1591 2221 1680 2247 ταῦτα
1695 2221 1729 2256 τῇ
1745 2220 1828 2255 οὐσίᾳ

1035 2273 1068 2298 ὲκ
1079 2271 1134 2298 τῶν
1152 2270 1367 2306 συμϐεϐηκότων
1382 2269 1461 2304 αὐτῇ.
1479 2268 1548 2295 Οὔτε
1565 2267 1619 2301 γάρ
1632 2267 1707 2294 ἐστιν
1720 2267 1735 2293 ό
1749 2267 1830 2301 φόνος

1034 2321 1051 2356 ὴ
1065 2320 1146 2347 οὐσία.
1157 2318 1221 2346 οὔτε
1233 2327 1259 2345 τι
1273 2318 1327 2345 τῶν
1342 2317 1428 2344 ἄλλων
1442 2315 1545 2348 κακῶν,
1560 2314 1617 2342 ἀλλ’
1630 2315 1661 2341 ὲκ
1677 2313 1732 2340 τῶν
1751 2314 1829 2348 ἐνερ-

1034 2366 1117 2400 γειῶν
1130 2364 1363 2400 παρονομάξεται.
1388 2363 1458 2390 Οὕτε
1472 2363 1526 2398 γὰρ
1546 2361 1627 2400 ἧόνος
1640 2361 1654 2386 ὁ
1670 2359 1829 2394 ἄνθρωπος,

1036 2411 1105 2438 ἀλλὰ
1131 2411 1169 2446 τῷ
1194 2410 1377 2446 ἐνηργηκέναι
1402 2409 1498 2436 τοῦτον
1525 2407 1702 2444 παρωνύμως
1729 2407 1830 2440 φονεὺς

1036 2456 1266 2492 παροωμάζεται,
1281 2457 1317 2490 μὴ
1333 2455 1371 2482 ὢν
1391 2455 1473 2490 φόνος
1488 2455 1578 2485 αὑτός·
1594 2453 1656 2480 οὔτε
1676 2452 1830 2487 συλλήϐδην

1035 2503 1123 2529 εἰπεῖν
1137 2511 1164 2528 τι
1175 2501 1230 2528 τῶν
1245 2501 1332 2528 ἄλλων
1359 2500 1454 2527 κακῶν
1480 2500 1580 2534 ἐστινὴ
1594 2499 1684 2532 οὐσία,
1707 2498 1779 2525 ἀλλὰ
1793 2498 1830 2533 τῷ

1035 2547 1138 2584 πρᾶξαί
1147 2557 1172 2575 τι
1188 2548 1241 2575 τῶν
1255 2547 1348 2575 κακῶν
1361 2548 1434 2582 κακὴ
1442 2546 1569 2581 λέγεσθαι
1580 2545 1702 2573 δύναται.
1711 2545 1831 2579 Ὁμοίως

1034 2594 1189 2630 ὲπινόησον,
1203 2594 1229 2620 at
1241 2602 1268 2620 τι
1284 2593 1379 2627 ἕτερον
1390 2592 1572 2623 ἁναπλάττεις
1592 2592 1621 2617 ὲν
1633 2590 1672 2626 τῷ
1686 2589 1725 2624 νῷ
1737 2588 1830 2616 κακῶν

1032 2640 1089 2670 τοῖς
1123 2639 1278 2674 ἀνθρώποις
1304 2638 1401 2671 αἴτιον,
1416 2638 1453 2669 ὡς
1479 2637 1606 2664 κὰκεῖνο⁶
1639 2635 1726 2663 κακόν
1746 2636 1776 2662 ὲν
1793 2634 1832 2669 τῷ

1033 2685 1138 2716 τούτοις
1165 2685 1288 2720 ἐνεργεῖν
1315 2686 1362 2711 καὶ
1391 2683 1554 2711 ὑποϐάλλειν
1579 2684 1667 2710 ποιεῖν
1685 2681 1723 2708 τὰ
1745 2680 1829 2707 κακέ..

832 2761 952 2790 VARUS
975 2761 1180 2790 LECTIONES.

223 2821 246 2835 "
259 2819 390 2853 ἀπόκρινε
409 2828 439 2851 ς.
464 2820 498 2854 γη
514 2819 661 2854 ποιότητας
674 2819 720 2845 τοῦ
731 2820 834 2853 κόσμου
850 2819 882 2846 Δ.
923 2819 929 2834 ¹
945 2818 1056 2852 γέγονεν
1073 2820 1105 2846 Λ.
1144 2820 1154 2835 ²
1170 2816 1220 2853 ﬁl}
1234 2823 1260 2846 et
1268 2827 1338 2846 corr.
1354 2819 1391 2844 At
1408 2818 1431 2844 sl
1449 2826 1478 2849 ς.
1519 2818 1528 2834 ³
1542 2814 1784 2853 αὐτούςΒεαύτᾴς
1798 2823 1825 2846 ς·

189 2856 199 2872 ⁵
220 2856 296 2883 ἔσται
310 2854 351 2883 bis
365 2862 419 2883 om.
438 2853 492 2882 AB.
530 2855 586 2888 ’τῷ
598 2853 638 2883 Ᾱῖ
651 2855 681 2882 τό
693 2863 722 2886 ς.

759 2855 768 2872 θ
784 2854 906 2886 κάκεῖνος
924 2855 1005 2886 κακός
1020 2853 1038 2880 [5
1052 2861 1077 2882 ct
1090 2862 1161 2884 corr.
1178 2856 1208 2881 Α.
