1920 3092
171 111 239 145 1155

747 111 880 143 ΡΗΟΤῙΙ
899 111 1152 142 ΡΑΤΒΙΑΒΟΗᾹΞ
1169 112 1223 142 CP.

1727 110 1799 144 1156

171 171 198 198 iu
215 170 339 202 materia,
365 177 399 198 an
422 169 582 204 principium
607 169 753 198 exsistendi
773 171 924 198 habuerunt
945 170 954 196 ἓ

1008 167 1087 197 αὗται
1102 171 1131 196 ἐν
1144 171 1176 205 τῇ
1194 169 1256 206 ὕλῃ,
1280 169 1296 205 ἢ
1315 169 1402 205 ἀρχὴν
1415 168 1493 204 ἔσχον
1507 169 1552 196 τοῦ
1566 167 1654 200 εἴναι;
1673 169 1798 197 Συνεῖναί

169 216 267 244 Fuisse
289 217 338 243 has
356 217 499 250 qualitates
517 218 552 243 ab
565 221 667 243 εισι-[ιο
680 223 741 243 cum
758 216 869 243 materia
899 217 956 243 exi-

170 263 260 290 stimo.
278 261 336 290 Non
353 262 495 289 arbitraris
516 262 692 289 mutationem
711 262 827 296 aliquam
840 262 956 296 qualita-

171 312 227 334 tum
239 315 299 336 esse
311 315 325 334 a
339 307 393 334 Deo
402 308 500 334 laetam
513 307 524 334 ?
536 307 661 335 Arbitror
676 307 786 335 factam.
796 309 825 334 ln
839 308 956 335 melius?

171 354 234 380 Milli
249 354 363 380 videtur.
378 353 447 388 Ergo
471 353 494 380 si
512 353 655 387 qualitates
670 354 789 380 materiae
802 354 871 380 inter
887 353 956 380 mala

170 403 234 425 sunt
256 402 414 429 numeratae,
435 398 503 424 Deus
517 402 606 424 autem
627 397 746 423 materia:
767 396 913 430 qualitates
929 396 955 422 in

171 442 265 470 melius
281 443 382 476 aliquid
397 442 540 474 convertit,
561 442 712 468 necessario
726 434 900 476 quaerendum
913 446 956 467 est

170 489 240 516 unde
257 489 324 514 mala
339 488 402 515 siut.
420 488 473 514 Aut
487 488 557 514 enim
573 494 678 519 omnes,
695 494 755 514 cum
769 487 845 513 malae
854 492 955 518 essent,

171 533 196 562 in
220 534 316 561 melius
334 539 397 560 sunt
417 541 553 561 conversae
579 542 586 560 :
608 533 725 560 autalise
744 533 852 567 quidem
878 537 956 559 erant

170 580 257 612 malae.
273 580 332 606 alia!
352 587 416 607 vero
429 587 491 607 non.
512 580 544 607 Et
559 579 635 607 malae
652 580 760 614 quidem
776 584 885 606 mutatae
902 586 954 606 nou

170 632 233 654 sunt
259 627 284 654 in
309 626 426 654 melius:
455 626 565 660 reliquae
590 634 665 659 vero,
684 634 851 661 qurecuuque
879 629 956 652 erant

169 673 327 705 commoda),
346 678 458 700 ornatus
479 681 560 700 causa
574 680 588 699 a
608 673 662 700 Deo
684 677 793 699 mutatae
819 678 891 700 sunt.
918 672 954 700 lta

169 727 219 753 ego
241 727 349 750 Censeo,
366 719 400 746 ab
418 724 521 746 :eterno
537 719 681 752 qualitates
703 718 810 746 luerunt
825 719 956 746 constitu-

171 770 212 791 ιω.
230 764 369 797 Quomodo
389 773 452 799 ergo
469 765 552 791 malas
568 765 726 797 qualitates.
744 769 772 791 ut
791 772 805 790 τι
822 764 955 799 principio

171 811 289 842 fuerunt,
309 811 417 837 relictas
440 810 508 837 dicis
527 809 540 836 ?
556 810 596 836 Au
617 810 736 844 potuisse
763 810 822 837 illas
835 809 861 845 [τι
889 808 953 845 Deo]

1009 224 1081 250 φημι
1104 216 1243 250 ἀγενήτοις
1257 217 1290 250 τῇ
1314 215 1366 251 ὕλῃ
1385 215 1486 246 ταύτας
1498 215 1530 250 δὴ
1540 215 1564 230 ¹⁰
1577 216 1625 247 τὰς
1638 215 1797 251 ποιότητας.

1010 262 1076 296 Οὐχὶ
1090 261 1118 288 δὲ
1134 261 1180 287 τὸν
1199 261 1265 288 Θεὸν
1285 262 1338 296 φῂς
1359 262 1463 297 τροπήν
1493 269 1553 287 τ;να
1575 260 1629 287 τῶν
1644 261 1799 295 ποιοτήτων

1010 308 1206 342 πεποιηκέναις
1228 307 1312 334 Τοῦτό
1329 316 1411 342 φημι.
1436 307 1482 338 Εἰς
1496 307 1526 333 τὸ
1543 307 1686 341 κρεὶττονς
1712 307 1794 342 Ἐμοὶ

1008 354 1090 380 δοκεῖ.
1119 353 1223 380 Οὐκοῦν
1239 353 1418 388 εἰποιότητες
1440 352 1508 387 ὕλης
1531 354 1566 379 τὰ
1596 354 1679 386 κακὰ,
1707 353 1798 385 τὰςδὲ

1009 399 1152 434 ποιότητας
1177 399 1262 430 αὐτῆς
1285 399 1325 430 εἰς
1349 398 1380 424 τὺ
1401 399 1525 434 κρεῖττον
1549 398 1662 434 ἔτρεψεν
1679 399 1693 424 ὀ
1708 399 1795 430 Θεὸς,

1009 445 1090 471 πόθεν
1111 446 1146 471 τὰ
1169 445 1252 476 κακὰ,
1271 443 1363 479 ζητεῖν
1377 445 1535 479 ἀνάγκη.“Η
1549 445 1604 479 γὰρ
1614 445 1698 471 πᾶσαι
1709 445 1797 470 κακαὶ

1007 489 1085 518 οὖσαι
1105 492 1151 517 ἐπὶ
1173 491 1204 517 τὺ
1219 492 1342 526 κρεῖττον
1363 491 1521 525 ἐτράπησαν
1537 498 1544 505 ·
1568 491 1584 525 ἢ
1608 492 1636 517 αἱ
1652 491 1702 525 μὲν
1715 490 1796 518 οὖσαι

1008 537 1102 569 κακαὶ,
1117 537 1145 562 αἱ
1163 537 1190 563 δὲ
1207 536 1254 571 μὴ,
1277 537 1304 562 αἱ
1317 536 1366 571 μὲν
1380 537 1464 563 κακαὶ
1478 537 1528 562 οὐκ
1561 537 1721 572 ἐτράπησαν
1747 537 1795 562 ἐπὶ

1007 581 1037 607 τὸ
1054 583 1186 616 κρεῖττον,
1206 582 1233 607 αἱ
1247 581 1275 608 δὲ
1290 582 1391 614 λοιπαὶ,
1420 582 1481 608 ὅσαι
1494 582 1617 617 διάφοροι
1632 582 1794 617 ἐτύγχανον,

1007 626 1056 661 τῆς
1077 627 1281 662 διακοσμήσεως
1309 627 1391 654 ’ἑνεκα
1422 627 1490 661 πρὸς
1522 627 1590 653 Θεοῦ
1622 628 1794 662 ἐτράπησαν.

1008 671 1101 703 Οὕτως
1117 672 1220 699 ἄνωθεν
1233 670 1305 706 εἷχον
1319 673 1383 706 ἐγώ.
1401 672 1463 704 Πῶς
1475 672 1565 698 τοίνυν
1590 673 1639 703 τὰς
1654 673 1707 698 τῶν
1722 673 1796 705 φαύ-

1007 717 1060 744 λων
1079 717 1223 752 ποιότητας
1242 717 1279 749 ὠς
1295 715 1366 752 εἶχον
1380 718 1602 744 καταλελοιπέναι
1619 718 1726 752 λέγεις;
1740 719 1795 745 Πό-

1007 772 1084 799 τερον
1095 763 1241 798 δυνάμενον
1256 763 1305 798 μὲν
1318 763 1427 794 ἐκείνας
1442 763 1588 796 ἀνελείν²¹,
1598 764 1615 799 ἢ
1627 764 1796 799 βουληθέντα

1009 811 1068 845 μὲν,
1079 810 1116 846 μὴ
1128 809 1275 844 δυνάμενον
1287 809 1332 842 δέ;
1346 810 1376 836 Εἰ
1394 810 1443 845 μὲν
1456 810 1511 845 γὰρ
1536 810 1683 845 δυνάμενον
1703 811 1795 844 λέγεις

171 855 251 882 tolli?
277 861 323 882 aut
350 855 431 882 Deum
454 856 560 890 quidem
590 856 730 888 voluisse,
753 863 805 882 uou
833 857 952 890 potuisse

1007 856 1042 892 μὴ
1055 856 1220 892 βουληθέντα.
1232 856 1270 887 δὲ,
1287 857 1366 882 αὑτὸν
1393 857 1479 882 αἴτιον
1494 857 1596 884 τούτων
1605 858 1638 889 ¹¹,
1658 857 1698 884 ὅτι
1714 857 1795 884 δυνά-

171 906 259 928 tamen
273 908 318 928 eas
337 900 485 928 tollere?Si
502 901 621 934 potuisse
640 900 691 932 ais,
705 905 730 927 et
744 900 873 933 noluisse,
886 899 952 926 lacis

170 946 243 974 illum
273 952 410 974 auctorem
440 947 536 974 borum
556 946 686 973 malorum
708 955 714 973 :
742 946 813 980 quod
837 946 953 980 potuerit

169 993 275 1020 ellicere
309 998 338 1020 ut
365 1000 417 1020 non
448 997 539 1019 essent
569 992 651 1023 mala,
675 996 701 1019 et
721 997 808 1018 tamen
837 991 892 1021 illa.
923 995 951 1017 ut

170 1044 256 1071 erant,
281 1046 342 1066 esse
365 1039 532 1074 permiserit.
545 1038 676 1072 Quoniam
697 1046 757 1065 cum
777 1043 880 1072 partem
904 1037 953 1064 ali-

169 1093 250 1119 quam
270 1085 389 1112 materiae
405 1084 556 1119 perﬁceret,
581 1090 684 1118 partem
701 1089 790 1110 autem
814 1083 885 1110 illius
906 1091 953 1110 ne-

170 1131 291 1166 gligeret,
307 1138 368 1158 cum
382 1135 409 1157 et
424 1130 496 1157 illam
508 1131 535 1157 in
551 1130 646 1158 melius
656 1135 746 1164 posset
763 1134 876 1161 mutare,
889 1129 952 1156 mihi

169 1177 276 1203 videtur
304 1183 385 1202 causa
415 1176 569 1207 malorum,
598 1177 669 1211 quod
705 1180 809 1210 parteut
833 1175 953 1202 materia:

171 1221 309 1256 reliquerit
327 1221 434 1249 malam.
464 1221 534 1256 Ergo
549 1222 574 1248 iu
592 1223 705 1248 exitium
730 1221 814 1256 partis
838 1220 952 1257 [partem

171 1268 254 1305 Deus]
273 1269 401 1295 condidit.
427 1268 482 1296 lino
496 1268 570 1295 illius
587 1275 666 1295 causa
689 1269 745 1295 hree
762 1275 825 1302 pars
850 1273 953 1294 summa

171 1315 270 1348 injuria
287 1314 382 1341 aﬂ'ecta
398 1313 463 1340 milii
480 1314 585 1340 videtur
599 1321 606 1340 :
620 1321 700 1348 quam
716 1313 836 1340 materiae
851 1317 952 1347 partem

171 1369 185 1386 a
203 1360 280 1387 malis
297 1365 429 1387 secretam
454 1360 606 1386 exornavit.
627 1360 777 1394 Antequam
797 1359 870 1386 enim
891 1366 955 1393 per-

172 1406 300 1441 poliretur
315 1406 382 1441 (89),
398 1406 487 1432 nullus
504 1406 542 1432 illi
569 1413 665 1433 sensus
682 1404 812 1432 malorum
835 1406 928 1433 aderat
945 1417 952 1434 :

172 1458 243 1478 nunc
259 1458 324 1478 vero
341 1450 454 1486 singulae
466 1450 538 1477 illius
550 1455 639 1485 partes
653 1458 761 1478 sensum
777 1451 886 1485 capiunt
899 1459 955 1478 ma-

173 1497 271 1524 lorum.
295 1497 394 1530 Accipe
417 1497 450 1524 ab
474 1496 581 1524 homine
594 1496 747 1530 exemplum
768 1505 775 1523 :
798 1497 953 1532 priusquam

171 1543 271 1571 animal
287 1544 343 1576 iiut,
359 1543 428 1570 mala
447 1551 498 1570 non
514 1543 607 1571 sentit.
623 1543 657 1569 At.
675 1542 720 1570 tibi
743 1542 847 1578 307a
864 1551 878 1570 ο
900 1543 954 1572 Deo

172 1589 302 1616 formatus
325 1588 405 1616 homo
424 1590 463 1621 lit.
477 1594 540 1616 tunc
555 1588 634 1616 simul
647 1593 675 1615 et
697 1588 759 1615 mali
775 1589 955 1617 incumbentis

172 1642 280 1662 sensum
295 1635 402 1669 accipit.
425 1635 463 1661 ita
480 1635 541 1667 boc,
556 1635 626 1669 quod
639 1642 653 1660 a
668 1634 721 1661 Deo
738 1634 860 1662 beneﬁcii
875 1643 954 1663 causa

171 1682 292 1708 materiae
308 1681 432 1708 collatum
447 1681 526 1712 dicis,
539 1682 628 1715 potius
640 1681 665 1708 iu
680 1680 791 1707 exitium
808 1681 878 1708 illius
894 1689 956 1714 pro-

167 1732 291 1765 creatum
319 1728 536 1762 deprehenditur.
553 1727 581 1754 Si
607 1734 671 1754 vero
689 1726 765 1754 dicas
782 1735 795 1753 a
816 1727 869 1754 Deo
884 1727 954 1755 mala

168 1774 228 1814 ‘tolli
245 1781 299 1801 non
322 1774 461 1808 potuisse;
488 1774 546 1801 haec
565 1772 773 1807 impossibilitas
797 1778 843 1799 aut
870 1774 958 1808 arguit

171 1819 246 1847 illum
264 1824 358 1846 natura
373 1827 434 1847 esse
452 1819 624 1849 imbecillum.
640 1822 686 1845 aut
703 1819 800 1845 timore
815 1826 829 1844 a
847 1819 956 1846 fortiore

171 1865 261 1899 aliquo
283 1865 405 1892 victum:
427 1865 488 1891 vide
513 1869 602 1891 utrum
621 1865 716 1891 borum
739 1864 914 1898 omnipotenti
929 1869 957 1892 et

170 1910 242 1937 bono
260 1909 316 1938 Deo
331 1910 398 1937 velis
418 1910 567 1944 assignare.

968 1527 990 1556 C

1005 911 1083 937 μενος
1107 902 1220 937 ποιῆσαι
1240 903 1278 937 μὴ
1305 900 1374 929 εἶναι
1392 903 1478 935 κακὰ,
1507 903 1696 938 συνεχώρησεν
1723 903 1794 929 αὐτὰ

1005 947 1095 982 μένειν
1107 947 1144 978 ὡς
1159 945 1203 982 ἦν.
1219 948 1266 974 καὶ
1281 947 1398 982 μάλιστα
1411 948 1454 974 ὅτε
1469 949 1645 983 δημιουργεῖν
1663 947 1712 983 τὴν
1725 947 1794 982 ὕλην

1003 994 1115 1028 ἤρξατο.
1132 994 1161 1020 El
1177 994 1230 1029 γὰρ
1246 994 1313 1029 μηδὲ
1327 994 1396 1026 ὅλως
1423 994 1518 1029 ἔμελεν
1544 994 1618 1030 αὑτῷ
1644 995 1692 1029 τῆς
1713 994 1793 1030 ὕλης3

1003 1042 1052 1067 οὺκ
1067 1041 1100 1067 ἂν
1115 1041 1200 1073 αἴτιος
1214 1039 1247 1076 ἦν
1274 1038 1311 1067 ὦν
1326 1041 1499 1077 συνεχώρησε
1525 1041 1617 1076 μένειν
1629 1049 1637 1056 ⁸
1670 1041 1733 1077 [948
1744 1040 1777 1067 R.

1003 1089 1067 1121 ειτεδι
1080 1088 1108 1115 δὲ
1124 1088 1206 1124 μέρος
1236 1088 1284 1124 μέν
1296 1097 1321 1114 τι
1336 1089 1421 1123 αὐτῆς
1437 1088 1607 1124 δημιουργεῖ,
1625 1087 1708 1124 μέρος
1721 1088 1750 1114 δέ
1766 1096 1794 1114 τι

1004 1135 1089 1170 αὐτῆς
1098 1136 1139 1170 ὲᾷ,
1154 1135 1302 1170 δυνάμενος
1313 1135 1423 1162 κάκεῖνο
1435 1135 1546 1170 τρέπειν
1555 1135 1595 1166 εἰς
1611 1135 1641 1161 τὸ
1656 1136 1793 1169 κρεῖττον,

1004 1181 1089 1213 αἴτιός
1103 1190 1148 1216 μοι
1164 1182 1218 1208 τῶν
1230 1181 1324 1207 κακῶν
1346 1181 1429 1212 δοκεῖ,
1447 1179 1605 1207 καταλιπὼν
1623 1180 1705 1215 μέρος
1727 1180 1795 1215 ὖλης

1004 1228 1120 1263 πονηρδν
1158 1227 1201 1254 ἐπ’
1217 1227 1320 1263 ὀλέθρῳ
1350 1224 1380 1254 οὕ
1396 1227 1418 1243 ⁵⁵
1444 1226 1646 1263 ἐδημιούργησε
1681 1226 1794 1262 μέρους.

1010 1273 1090 1300 Ἀλλὰ
1125 1273 1178 1308 μὴν
1207 1274 1254 1299 καὶ
1273 1274 1308 1300 τὰ
1328 1273 1444 1308 μέγιστα
1457 1273 1527 1299 κατὰ
1541 1273 1620 1299 τοῦτο
1628 1272 1652 1288 ’⁸
1665 1273 1695 1299 τὸ
1711 1273 1796 1307 μέρος

1004 1320 1150 1355 ἠδικῆσθαι
1172 1329 1216 1355 μοι
1239 1320 1329 1352 δοκεῖ,
1357 1319 1425 1354 ὅπερ
1444 1318 1632 1346 κατεσκεύασε
1655 1318 1705 1353 τῆς
1727 1317 1796 1353 ὕλης

1007 1368 1088 1402 μέρος
1109 1365 1373 1401 ἀντιλαμϐανόμενον
1385 1366 1420 1392 τὰ
1433 1367 1464 1391 ἐκ
1475 1365 1527 1391 τῶν
1543 1365 1644 1391 κακῶν.
1660 1364 1728 1399 Πρὶν
1739 1365 1796 1398 γὰρ

1005 1413 1087 1447 αὐτὴν
1099 1412 1269 1446 διακριθῆναι
1280 1413 1302 1428 ¹¹
1314 1411 1344 1438 τὸ
1358 1411 1425 1446 μηδὲ
1437 1411 1578 1438 αἰσθέσθαι
1587 1411 1620 1425 ¹¹¹¹
1635 1411 1687 1436 τῶν
1701 1411 1796 1436 κακῶν

1005 1459 1097 1495 παρῆν
1110 1458 1244 1494 αὑτῇ-νῦν
1256 1458 1284 1485 δὲ
1294 1458 1409 1485 ἕκαστον
1423 1457 1478 1484 τῶν
1495 1457 1587 1492 μερῶν
1598 1456 1684 1491 αὐτῆς
1698 1456 1797 1492 αἰσθη-

1007 1513 1048 1531 σιν
1075 1505 1207 1539 λαμϐάνει
1233 1504 1287 1530 τῶν
1317 1504 1421 1530 κακῶν.
1447 1503 1501 1530 Καί
1529 1511 1574 1538 μοι
1592 1503 1635 1528 ἐπ’
1650 1502 1796 1537 ἀνθρώπου

1007 1550 1073 1577 λάϐε
1087 1550 1118 1577 τὸ
1143 1550 1326 1586 παράδειγμα.
1341 1550 1409 1585 Πρὶν
1427 1550 1481 1585 γὰρ
1502 1549 1570 1581 ζῶον
1581 1548 1704 1582 γένηται,
1717 1547 1796 1574 ἀναι-

1010 1596 1109 1631 σθητον
1123 1593 1158 1631 ἣν
1171 1595 1225 1621 τῶν
1241 1594 1344 1621 κακῶν·
1364 1595 1410 1629 ἀφ’
1425 1591 1455 1620 οὕ
1468 1593 1497 1620 δὲ
1512 1594 1662 1620 εἰκονισθὲν
1688 1593 1795 1627 ἄνθρω-

1009 1650 1058 1673 πος
1068 1641 1136 1676 πρὸς
1152 1640 1219 1667 Θεοῦ
1234 1641 1348 1675 γίνεται,
1362 1640 1423 1666 τότε
1449 1640 1495 1667 καὶ
1517 1639 1566 1675 τὴν
1596 1639 1722 1673 αἴσθησιν
1743 1639 1795 1664 ’τοῦ

1008 1686 1241 1722 προσπελάζοντος
1268 1686 1353 1713 κακοῦ
1379 1686 1594 1721 προσλαμὸάνει.
1626 1686 1681 1712 Καὶ
1702 1685 1794 1717 τοῦτο,

1008 1733 1075 1768 ὅπερ
1089 1732 1132 1758 ἐπ’
1149 1732 1293 1767 εὐεργεσίᾳ
1312 1732 1360 1766 τῆς
1379 1731 1445 1767 ὕλης
1466 1731 1534 1766 πρὸς
1561 1731 1630 1758 Θεοῦ
1652 1731 1795 1765 γεγονέναι

1006 1777 1104 1811 λέγεις,
1120 1777 1276 1812 εὑρίσκεται
1293 1777 1392 1812 μᾶλλον
1408 1778 1456 1803 ἐπὶ
1471 1777 1511 1812 τῷ
1528 1777 1630 1812 χείρονι
1646 1777 1796 1812 προσγενό-

1006 1831 1085 1857 μενον
1099 1823 1121 1838 ¹⁶
1135 1823 1215 1858 αὐτῇ.
1234 1823 1266 1849 Εἰ
1278 1822 1307 1849 δὲ
1333 1823 1370 1858 μὴ
1390 1822 1523 1849 δύνασθαι
1556 1822 1659 1849 παῦσαι
1671 1822 1706 1848 τὰ
1722 1822 1796 1848 κακὰ

1004 1867 1051 1893 τὸν
1082 1866 1149 1893 Θεὸν
1178 1866 1244 1902 [509.
1260 1865 1305 1902 IL]
1337 1866 1445 1902 φῂς,τὺ
1460 1866 1488 1893 δὲ
1515 1866 1646 1893 ἀδύνατον
1673 1866 1734 1901 ἦτοι
1761 1866 1795 1900 τῇ

1004 1913 1085 1948 φύσει
1096 1912 1195 1948 ἀσθενῆ
1211 1913 1344 1949 ὑπάρχειν
1358 1912 1432 1939 ἐστὶν
1443 1912 1460 1948 ἢ
1476 1911 1516 1947 τῷ
1528 1911 1655 1939 νικᾶσθαι
1667 1911 1706 1946 τῷ
1720 1911 1796 1946 φόὁῳ

169 1956 366 1993 δεδουλωμένον
387 1956 456 1992 πρός
475 1964 547 1988 τινος
569 1955 732 1992 κρείττονος,
746 1956 797 1992 ὅρα
818 1957 908 1983 ὁποῖον
923 1959 1025 1987 τούτων
1039 1959 1206 1995 προσάπτειν
1220 1959 1323 1991 ἐθέλοις
1333 1960 1355 1976 ¹⁷
1378 1958 1417 1995 τῷ
1426 1958 1624 1994 παντοκράτορι
1636 1957 1684 1985 καὶ
1698 1957 1797 1992 ἀγαθῷ

169 2004 237 2032 Θεῶ.

205 2013 259 2077 ἔεᾶ
278 2049 375 2077 iterum
395 2050 429 2077 de
445 2049 557 2076 materia
575 2049 718 2084 responde.
735 2049 818 2076 Estne
840 2049 953 2084 simplex

1050 2048 1129 2076 Ἀλλὰ
1157 2048 1238 2075 πάλιν
1269 2049 1333 2083 περὶ
1355 2048 1404 2083 τῆς
1427 2048 1494 2084 ὕλης
1508 2049 1664 2084 ἀπόκριναι,
1678 2051 1796 2087 πότερον

169 2098 258 2132 aliqua
277 2097 389 2123 materia
411 2103 443 2122 an
467 2095 638 2130 composita?
659 2095 688 2122 Si
710 2095 781 2122 enim
799 2094 911 2130 simplex
928 2101 954 2123 ct

1007 2097 1079 2131 ἁπλῆ
1094 2096 1135 2127 τίς
1150 2096 1223 2122 ἐστιν
1237 2096 1254 2130 ἡ
1269 2094 1319 2129 ὕλη
1334 2095 1351 2130 ἢ
1364 2095 1491 2127 σύνθετος
1498 2095 1539 2129 ¹⁸-;
1556 2096 1587 2122 Εἰ
1599 2096 1653 2131 γὰρ
1668 2097 1742 2132 ἁπλῆ
1752 2107 1796 2128 τις

171 2144 313 2171 uniformis
340 2135 451 2170 materia
469 2142 531 2175 luit,
555 2143 690 2177 quomodo
708 2149 773 2170 vero
789 2143 954 2177 compositus

1008 2143 1155 2177 ἐτύγχανεν
1163 2142 1211 2176 ὕλη
1221 2143 1243 2157 ’ν
1251 2142 1298 2168 καὶ
1309 2142 1458 2177 μονοειδὴς,
1468 2141 1594 2173 σύνθετος
1602 2143 1630 2169 δὲ
1638 2144 1652 2169 ὁ
1661 2143 1763 2178 κόσμος
1771 2144 1795 2160 ³⁵

169 2195 210 2217 est
225 2189 350 2222 mundus,
365 2194 391 2216 et
403 2197 435 2216 ex
454 2189 569 2216 diversis
582 2188 739 2216 substantiis
757 2189 883 2216 constat?
897 2189 954 2216 lieri

169 2243 223 2263 non
243 2239 330 2270 potest
351 2239 379 2262 ut
394 2235 501 2262 dicatur
513 2234 565 2261 hoc
588 2234 766 2267 compositum
783 2241 817 2262 ex
842 2235 954 2261 materia

170 2282 282 2315 factum,
303 2288 336 2308 eo
349 2281 420 2316 quod
440 2281 588 2315 composita
603 2287 656 2307 non
679 2281 785 2315 possint
802 2287 834 2307 ex
850 2287 903 2307 uuo
914 2279 955 2307 in-

170 2328 249 2355 lormi
268 2327 389 2363 componi
415 2326 616 2362 [subsistereve
628 2325 659 2362 ]:
677 2326 855 2360 compositum
881 2326 953 2354 euim

169 2373 330 2408 simplicium
350 2373 502 2408 aliquorum
528 2373 683 2399 mistionem
699 2371 810 2399 iudicat.
834 2373 910 2405 Quod
931 2372 954 2399 si

169 2420 266 2447 iterum
293 2419 432 2447 materiam
453 2419 527 2446 dicas
567 2426 628 2446 esse
653 2418 718 2452 quid
744 2412 923 2453 compositum
945 2426 953 2450 ;

169 2465 279 2492 omnino
299 2464 390 2492 debuit
417 2472 449 2492 ex
474 2464 641 2498 simplicibus
666 2463 803 2497 componi,
829 2469 856 2490 et
874 2468 954 2490 erant

169 2510 232 2538 olim
248 2514 372 2546 separata
382 2510 526 2545 simplicia,
540 2509 637 2544 quibus
652 2508 810 2542 compositis
827 2508 896 2535 facta
908 2514 951 2535 est

1006 2189 1052 2215 καὶ
1079 2189 1110 2214 ὲκ
1123 2188 1258 2223 διαφόρων
1274 2187 1372 2214 οὐσιῶν
1399 2188 1534 2219 συνεστώς
1551 2189 1635 2220 ἐστιν,
1662 2188 1795 2216 ἀδύνατον

1005 2233 1099 2260 τοῦτον
1114 2234 1135 2249 ³¹
1151 2233 1180 2265 ἐξ
1204 2233 1270 2268 ὕλης
1293 2233 1434 2266 γεγονέναι
1449 2232 1549 2267 λέγειν,
1569 2233 1608 2267 τῷ
1622 2233 1656 2260 τὰ
1677 2233 1794 2261 σύνθετα

1007 2280 1044 2316 μὴ
1057 2277 1143 2307 οἷόντε
1157 2279 1187 2312 ἐξ
1198 2280 1258 2311 ἐνὸς
1271 2280 1367 2306 ἀποίου
1380 2280 1428 2314 τὴν
1443 2279 1572 2306 σύστασιν
1589 2279 1660 2314 ἔχειν
1672 2287 1679 2296 ·
1695 2280 1726 2306 τὺ
1740 2281 1796 2316 γὰρ

1007 2325 1131 2352 σύνθετον
1143 2324 1236 2351 ἁπλῶν
1247 2333 1327 2351 τινων
1357 2321 1428 2359 μιξεῖ
1443 2325 1540 2360 μηνύει
1551 2333 1557 2339 “
1575 2325 1600 2351 εἰ
1618 2324 1640 2351 δ’
1659 2322 1693 2352 αὖ
1710 2325 1797 2352 πάλιν

1006 2370 1132 2397 σύνθετον
1152 2371 1243 2404 λέγεις
1267 2371 1316 2405 τὴν
1345 2370 1421 2405 ὓλην,
1439 2371 1549 2402 πάντως
1571 2371 1600 2402 ἐξ
1616 2370 1710 2397 ἁπλῶν
1728 2379 1794 2396 συν‹

1004 2416 1096 2452 ετέθη,
1111 2416 1159 2442 καὶ
1169 2414 1204 2451 ἦν
1219 2424 1283 2442 ποτε
1300 2416 1361 2442 καθ’
1372 2415 1456 2443 ἑαυτὰ
1468 2416 1551 2447 ἁπλᾶ,
1562 2413 1599 2443 ὧν
1608 2416 1794 2443 συντεθέντων

1004 2463 1114 2498 γέγονεν
1128 2464 1145 2498 ή
1161 2463 1212 2497 ὕλη
1227 2471 1234 2478 ³
1246 2463 1281 2489 τὰ
1295 2463 1323 2489 δὲ
1340 2463 1362 2478 ³’
1378 2463 1495 2490 σύνθετα
1522 2463 1551 2495 ἐξ
1568 2463 1664 2490 ἁπλῶν
1677 2463 1726 2497 τὴν
1742 2463 1793 2489 σύ-

1004 2517 1100 2535 στασιν
1114 2509 1180 2544 ἔχει.
1195 2507 1249 2535 Ἦν
1271 2517 1337 2535 ποτε
1367 2509 1462 2544 καιρὸς
1489 2510 1533 2535 ὅτε
1546 2510 1562 2544 ὴ
1573 2509 1596 2525 ³³
1617 2509 1666 2544 ὕλη
1681 2509 1731 2535 οὐκ
1745 2507 1791 2544 ἦν,

814 2575 930 2604 νΑιιιλΕ
943 2575 1143 2604 LECTIONES.

197 2625 227 2641 ’¹⁰
282 2625 312 2658 Β,
326 2625 378 2667 ἧΙΔ
392 2633 400 2652 :
418 2625 449 2660 δὴ
465 2625 481 2659 ἢ
500 2634 528 2667 ς.
566 2625 585 2667 ξ’
604 2631 664 2667 post
679 2623 1132 2667 ανελεῖηὶιῖθειιξιῑτμῂῃβουληθέντα
1150 2624 1187 2667 δέ,
1227 2626 1249 2664 ζ¹
1265 2624 1348 2667 ab}?
1361 2623 1448 2664 αἴτιον
1461 2622 1575 2663 τούτων]
1588 2622 1669 2667 αὐτον
1685 2621 1790 2667 ¹ξούτων

169 2661 202 2692 Α,
214 2658 292 2686 αὐτον
308 2658 407 2686 τούτων
423 2658 537 2695 ποιητὴν
553 2661 638 2686 εἰπεῖν
653 2660 759 2695 ἀνάγκη

849 2658 872 2673 ιι
883 2654 918 2675 ,π
930 2654 972 2675 ΔΊί
987 2666 993 2672 ς
1008 2658 1034 2675 Α

170 2661 202 2692 Α,
214 2657 292 2686 αὐτον
306 2657 407 2686 τούτων
423 2657 537 2695 ποιητὴν
553 2657 638 2686 εἰπεῖν
653 2660 759 2694 ἀνάγκη
779 2658 808 2684 Β.
849 2658 872 2673 ⁸³
883 2657 913 2684 οὗ
926 2657 971 2683 AB
987 2666 993 2684 ε
1008 2658 1054 2684 οὖν
1070 2668 1100 2690 ς,
1161 2660 1184 2674 ’⁸
1198 2658 1277 2685 τοῦτο
1293 2659 1337 2685 ΑΒ
1351 2667 1356 2685 :
1373 2659 1450 2686 τοῦτο

170 2695 302 2730 θῆναιΑΒ
317 2705 323 2722 ;
337 2695 553 2730 διακοσμηθῆναι
567 2703 597 2726 ς.
610 2695 644 2730 ’ξ’
657 2693 833 2730 αἰσθάνεσθαι
849 2701 878 2725 ς.
900 2693 1136 2730 ’ξᾲπρογενόμενον
1148 2703 1181 2730 ης.
1202 2694 1338 2730 ’τῗέθνέλεις
1349 2693 1379 2721 Β.
1396 2694 1419 2709 ⁸⁸
1433 2693 1450 2729 ἢ

1161 2660 1184 2674 ’⁸
1198 2658 1277 2685 τοῦτο
1293 2659 1337 2685 ΑΒ
1351 2667 1356 2685 :
1373 2659 1463 2689 τοῦτο,
1478 2658 1558 2685 τοῦτο
1567 2657 1600 2690 ς.
1645 2657 1668 2673 ’⁸
1682 2657 1791 2692 διακρι-

1466 2693 1607 2725 σύνθετος.
1632 2692 1655 2709 "
1666 2692 1716 2727 ὕλη
1731 2699 1790 2720 om.

168 2728 223 2758 ΑΒ.
255 2731 277 2746 ³⁸
294 2731 392 2766 κόσμος
404 2728 528 2758 οιιί.“ΑΒ.
553 2731 573 2746 ¹¹
587 2729 680 2756 τοῦτον
700 2730 722 2756 Λ
739 2739 745 2757 :
759 2728 837 2755 τοῦτο
851 2736 882 2760 ς.
917 2728 939 2744 δ’
953 2728 995 2764 δέ]
1014 2730 1105 2757 malim
1121 2729 1185 2764 γάρ.
1222 2729 1246 2745 ⁸³
1260 2729 1348 2763 'hztdd.
1364 2730 1395 2757 Α.

909 2784 1022 2815 ΝΟΤιΕ.

205 2821 260 2851 (89)
276 2822 365 2849 Malim
381 2821 408 2849 id
424 2822 450 2849 iu
465 2829 512 2849 ora
526 2825 723 2850 secerneretur.
