1920 3092
58 154 111 185 1157

57 209 162 236 τουτέστι
184 207 249 242 πρὶν
261 207 284 223 ⁸⁵
301 206 335 233 τὰ
351 206 425 233 ἁπλᾶ
454 204 602 232 συνελθεῖν.
621 205 652 230 Εἰ
665 203 693 230 δὲ
707 201 742 238 ἦν
763 209 830 228 ποτε
844 205 867 232 Α

54 255 136 290 καιρὸς
149 254 193 280 ὅτε
205 254 222 289 ἠ
240 253 292 288 ὕλη
306 253 356 279 οὐκ
377 249 423 287 ἦν.
436 251 487 278 οὑκ
508 248 543 286 ἦν
554 250 583 277 δέ
597 258 663 276 ποτε
679 248 772 284 καιρὸς
784 248 827 274 ὅτε

54 300 170 334 ἀγένητον
191 299 242 325 οὐκ
265 297 309 333 ἧν,
328 298 379 324 οὐκ
406 297 461 331 ἄρα.
483 295 560 323 ἔσται
581 295 742 331 ἀγένητοςὴ
759 293 827 327 ὓλη-

54 343 108 369 τὸδ’
120 342 243 369 ἐντεῦθεν
271 344 326 377 ἄρα
340 341 416 368 ἔσται
430 340 517 367 πολλὰ
541 341 576 368 τὰ
589 340 720 375 ἀγένητα.
734 339 766 365 Εἰ
777 338 829 374 γὰρ

54 387 82 424 ἧν
94 389 220 424 ἀγένητος
245 389 261 415 ὁ
285 388 362 420 Θεὸς,
377 385 412 423 ἦν
426 387 454 414 δὲ
469 387 590 421 ἀγένητα
607 387 654 413 καὶ
669 386 703 412 τὰ
715 385 790 412 ἁπλᾶ
801 383 831 416 ἐξ

54 433 109 470 iovi)
127 434 175 469 ὕλη
189 434 331 469 συνετέθη,
358 434 409 460 οὐκ
433 433 486 468 ἄρα
504 432 581 459 ἔσται
594 431 617 448 ³⁵
639 431 686 457 δύο
699 431 746 457 καὶ
763 430 831 465 μόνα

55 481 80 507 τὰ
92 480 221 515 ἀγένητα,
234 481 281 506 ἵνα
292 479 410 515 παρήσω
419 479 449 505 τὸ
460 478 628 513 ἐπιζητῆσαι
636 477 663 504 τί
678 477 742 503 ὄντα
758 477 831 503 ἐστὶν

54 525 124 557 ἁπλᾶ,
143 523 192 560 ὕλη
206 525 224 559 ἢ
235 522 309 555 εἶδος
323 531 330 538 ·
346 523 432 550 πολλὰ
441 523 495 558 γὰρ
507 523 554 549 καὶ
566 521 653 553 οὕτως
666 521 754 548 ἄτοπα
770 521 831 547 dum

54 571 211 605 AODoﬁGELGV.

567 144 827 177 BlBLIOTlIEC.\.
843 154 875 160 -
889 142 972 172 COD.
987 140 1161 171 CCXXXVL

1601 133 1671 167 1158

882 199 1004 227 materia.
1027 197 1182 233 Composita
1202 201 1292 224 autem
1309 204 1341 224 ex
1359 194 1531 231 simplicibus
1544 200 1672 222 constant

880 249 907 272 et
923 243 1085 272 subsistunt.
1104 243 1170 270 Erat
1184 241 1327 276 aliquando
1345 248 1406 268 cum
1420 239 1534 267 materia
1557 245 1610 265 non
1625 244 1672 264 es-

879 295 942 324 set,
966 292 1019 318 hoc
1042 294 1094 322 est,
1109 294 1254 324 antequam
1276 287 1409 323 simplicia
1431 289 1674 321 componerentur.

882 337 909 365 Si
922 345 986 365 vero
1000 337 1050 364 fuit
1062 335 1208 372 aliquando
1222 340 1397 369 tempus,qua
1410 332 1524 360 materia
1537 339 1589 359 non
1601 330 1671 358 fuit:

882 390 934 410 non
950 381 1002 410 fuit
1017 387 1109 409 autem
1123 388 1241 415 unquam
1259 384 1367 414 tempus
1378 386 1432 414 quo
1448 378 1596 414 ingenitum
1619 383 1672 403 nou

881 434 939 456 crat
956 437 964 456 :
982 436 1034 456 non
1057 428 1110 456 erit
1125 435 1191 463 ergo
1215 427 1332 462 ingenita
1347 425 1393 462 [ab
1409 423 1521 460 κίοι-ιιο]
1548 422 1673 451 materia.

881 475 940 503 lloc
968 480 1058 502 autem
1076 475 1139 502 hinc
1155 478 1285 508 sequetur
1301 472 1383 499 multa
1407 471 1464 499 lore
1482 470 1601 506 ingenita
1618 479 1624 496 :
1649 469 1671 495 si

884 523 956 550 enim
985 521 1056 548 Deus
1080 521 1227 555 ingenitus,
1247 524 1275 546 et
1291 522 1370 546 erant
1391 518 1526 552 simplicia
1542 515 1673 551 ingenita.

881 575 915 596 ex
934 568 1032 603 quibus
1046 567 1158 594 materia
1174 565 1322 600 composita
1335 569 1386 597 est,
1401 572 1453 591 non
1465 567 1544 590 erunt
1559 561 1675 596 amplius

54 622 96 647 duo
108 624 132 647 et
146 619 202 645 sola
219 617 352 652 ingenita,
374 621 402 644 ut
417 615 622 651 praetermittam
634 621 757 650 quaerere
767 615 831 649 quid
852 614 952 643 iuerint
990 615 1035 642 illa
1067 613 1212 650 simplicia,
1243 611 1355 639 materia
1395 617 1428 636 an
1455 608 1553 636 forma.
1590 607 1673 634 Multa

54 665 111 692 enim
125 668 150 692 et
163 664 227 690 hinc
252 664 371 690 absurda
388 666 549 696 sequentur.

81 712 152 738 Δοκεῖ
165 710 194 737 δέ
210 719 254 736 σοι
280 709 364 745 μηδὲν
378 708 432 736 τῶν
454 708 539 735 ὅντων
565 707 632 734 αὐτὸ
653 706 742 742 ἑαυτῷ
757 707 832 734 ἀντι-

55 755 162 788 κεῖσθαι;
176 756 268 782 Δοκεῖ.
289 754 453 781 Ἀντικειται
463 753 493 780 δὲ
507 752 547 788 τῷ
559 753 627 788 πυρὶ
641 753 673 779 τὸ
690 752 773 787 ὕδωρ,
787 752 834 780 καὶ

55 802 85 837 τῷ
98 802 164 835 φωτὶ
193 801 225 828 τὺ
249 801 357 831 σκότος,
373 800 421 827 καὶ
435 799 475 835 τῷ
496 799 594 835 ψυχρῷ
611 800 643 827 τὸ
655 799 768 835 θερμὸν,
786 801 834 827 καὶ

55 846 85 881 τῷ
101 845 171 881 ξηρῷ
183 846 215 872 τὸ
227 845 330 880 ὑγρόν;
344 843 438 874 Οὕτως
449 844 522 879 ἔχειν
537 853 580 880 μοι
591 844 613 861 ³⁸
627 845 713 872 δοκεῖ.
728 844 833 872 Οὐκοῦν

56 893 74 917 ει
87 892 163 927 μηδὲν
183 891 240 918 τῶν
263 891 349 917 ὄντων
370 890 437 917 αὐτὸ
459 889 548 926 ἑαυτῷ
577 890 739 921 ἀντίκειται.
752 890 834 925 ἀλλή-

56 937 136 969 λοιςδὲ
161 937 250 964 ταῦτα
273 937 426 964 ἀντίκειται
437 937 470 969 ³⁷,
497 937 548 963 οὐκ
577 936 684 963 ἔσονται
703 936 753 971 ὕλη
773 937 832 972 μία,

56 983 104 1010 οὐδὲ
116 983 167 1018 μὴν
179 982 210 1015 ἐξ
224 981 293 1018 ὕλης
308 984 384 1017 μιᾶς.

84 1034 160 1061 Πάλιν
177 1033 207 1060 δὲ
217 1032 354 1059 πυθέσθαι
381 1032 513 1068 βούλομαι
526 1041 533 1048 ·
560 1034 640 1060 Δοκεῖ
652 1041 694 1059 σοι
710 1033 744 1060 τὰ
764 1034 834 1068 μέρη

58 1077 253 1113 μὴὰναιρετικὰ
278 1077 402 1113 ἀλλήλων
426 1076 516 1110 εἷναις
545 1079 633 1106 Δοκεῖ.
650 1076 727 1105 Εἶναι
744 1079 772 1106 δὲ
784 1080 834 1114 τῆς

59 1125 112 1159 ὕλης
127 1125 207 1159 μέρος
222 1124 255 1150 τό
269 1132 299 1150 τε
314 1123 370 1159 πῦρ
387 1123 436 1150 καὶ
450 1123 480 1150 τὸ
493 1123 576 1160 ὕδωρ,
588 1123 719 1156 ὡσαύτως
737 1124 766 1151 δὲ
787 1125 834 1151 καὶ

58 1171 84 1196 τὰ
93 1169 182 1203 λοιπάς
197 1170 295 1202 Οὕτως
310 1169 374 1205 Εχω.
395 1169 429 1196 Τί
447 1169 495 1202 δές
511 1170 542 1196 οὑ
566 1170 640 1196 δοκεῖ
651 1178 692 1197 σοι
704 1171 837 1206 ἀναιρετι-

60 1217 96 1242 κὸν
109 1216 154 1250 μὲν
166 1214 236 1242 εἶναι
250 1215 299 1242 τοῦ
314 1216 400 1251 πυρὸς
410 1215 441 1242 τὸ
468 1214 552 1251 ὕδωρ,
568 1216 616 1242 τοῦ
634 1216 663 1243 δὲ
675 1216 788 1249 σκότους
806 1217 837 1243 τὸ

60 1262 116 1295 ’ἐῶς-
136 1262 183 1289 uti.
205 1260 294 1289 τᾶλλα
318 1263 368 1289 ὃσα
396 1262 503 1294 τούτοις
528 1263 727 1298 παραπλήσια;
746 1264 834 1290 Δοκεῖ.

60 1308 149 1334 Οὐκοῦν
166 1310 190 1335 εἰ
204 1309 240 1335 τὰ
256 1308 330 1345 μέρη
354 1308 404 1335 οὐκ
428 1308 502 1335 ἔστιν
528 1308 652 1344 ἀλλήλων
666 1310 836 1345 ἀναιρετικὰ,

61 1353 133 1380 ταῦτα
144 1354 170 1381 δὲ
181 1354 349 1390 ἁναιρετικὰ
366 1355 507 1389 τυγχάνει,
529 1355 580 1382 οὐκ
598 1355 653 1391 ἄρα
669 1354 746 1382 ἔσται
758 1355 781 1372 ³³
791 1355 838 1382 άλ-

61 1399 133 1434 λήλων
148 1400 236 1436 μέρη·
255 1401 280 1426 εἰ
293 1400 315 1426 δ’
340 1400 362 1416 ³⁸
383 1400 433 1426 οὐκ
446 1400 523 1427 ἔσται
540 1400 663 1435 ἀλλήλων
678 1401 769 1436 (μέρη,
788 1401 839 1427 οὐκ

61 1446 152 1474 ἔσονται
166 1447 232 1482 ὕλης
252 1447 328 1482 μιᾶς.
345 1446 426 1474 Ἀλλὰ
442 1447 496 1483 μὴν
511 1447 565 1473 οὐδ’
577 1445 610 1474 αὖ
622 1447 644 1462 ⁸⁸
658 1447 764 1473 ἔσονται
776 1446 849 1482 ὕλη,”

61 1493 92 1529 τῷ
122 1495 200 1530 μηδέν
225 1503 256 1521 τι
278 1493 333 1520 τῶν
350 1493 435 1520 ὄντων
463 1493 529 1520 αὐτὸ
553 1492 651 1520 ἑαυτοῦ
665 1493 839 1528 ἀναιρετικὸν

63 1537 129 1567 εἶναι.
141 1541 232 1572 Οὕτως
248 1537 295 1567 οὖν
308 1541 363 1566 τῶν
379 1539 575 1574 ἀντικειμένων
604 1539 732 1574 ἑχόντων,
751 1538 782 1565 τὸ
799 1539 837 1574 μὴ

63 1583 119 1612 εἶναι
132 1587 179 1622 τὴν
196 1586 268 1621 ὕλην
284 1586 433 1612 δείκνυται.

91 1631 150 1666 Περὶ
166 1631 215 1666 μὲν
229 1631 282 1666 τῆς
297 1630 364 1666 ὕλης
392 1631 538 1665 αὐτάρκως
563 1630 620 1666 ἔχει
631 1639 637 1646 ·
653 1630 716 1666 [949
732 1630 778 1666 IL]
794 1631 840 1656 ἐπὶ

64 1676 135 1711 δὲτὴν
144 1677 196 1704 τῶν
211 1676 309 1704 κακῶν
324 1676 449 1708 ἐξέτασιν
468 1673 598 1711 ἔρχεσθαι
621 1676 672 1708 δεῖ,
693 1676 742 1703 καὶ
757 1677 841 1710 ἀναγ-

65 1722 134 1754 καίως
146 1723 295 1758 ἀναζητεῖν
309 1721 345 1748 τὰ
365 1721 441 1757 παρὰ
463 1721 629 1757 ἀνθρώποις.
650 1722 692 1749 Τὰ
715 1722 780 1758 παρ’
795 1722 841 1748 ἀν-

65 1768 167 1803 Θρώποις
190 1769 267 1797 κακὰ
287 1769 402 1804 πότερον
429 1768 451 1783 δ’
485 1769 542 1803 εἴδη
568 1769 698 1803 τυγχάνει
721 1768 806 1794 κακοῦ
822 1768 839 1803 ἢ

67 1816 140 1851 uim;
152 1817 182 1843 El
192 1817 250 1852 γὰρ
266 1816 336 1850 εῐδη,
347 1816 398 1842 οὐκ
411 1815 548 1851 ᾶραὲσται
561 1815 655 1851 ἕτερον
666 1815 742 1851 παρὰ
757 1814 841 1842 ταῦτα

64 1862 89 1887 τὸ
99 1862 175 1889 κακὸν
193 1862 258 1889 καθ’
281 1862 357 1894 αὐτὸ,
379 1862 419 1896 τῷ
439 1861 474 1888 τὰ
494 1862 560 1897 γένη
572 1862 601 1888 ὲν
616 1862 671 1892 τοῖς
683 1861 780 1888 εἴδεσιν
796 1860 841 1894 ἐξ-

65 1907 193 1939 ετάζεσθαι
205 1908 255 1934 καὶ
268 1907 430 1942 ὑφεστάναι.
447 1907 478 1934 Ei
500 1907 529 1933 δὲ
548 1906 639 1940 τοῦτο,
656 1906 770 1942 γενητὸν
787 1906 842 1942 ἄρα.

66 1954 128 1981 ἔσται
140 1954 161 1970 δ’
172 1953 202 1981 τὺ
216 1955 304 1981 κακόν
313 1961 321 1969 ·
341 1954 376 1981 τὰ
398 1954 453 1989 γὰρ
475 1952 532 1988 εἴδη
559 1953 663 1987 γενητὰ
675 1952 740 1979 ὅντα
752 1952 775 1968 ⁸³
788 1952 842 1979 δει-

65 2010 156 2035 κνυται,
169 2001 226 2030 οἷον
244 2002 324 2037 φόνος
332 2002 381 2029 καὶ
397 2001 506 2037 μοιχεία
523 2001 571 2028 καὶ
584 2001 618 2028 τὰ
632 2000 737 2032 τούτοις
750 2010 842 2036 παρα-

66 2048 162 2083 πλήσια.
175 2049 206 2075 El
214 2049 244 2076 δὲ
253 2048 323 2084 μέρη
331 2048 405 2079 τινὸς
417 2047 504 2074 κακοῦ
513 2047 599 2074 ταῦτα
612 2045 683 2074 εἶναι
698 2047 799 2080 ἐθέλοις
807 2047 841 2080 ⁸⁸,

66 2094 114 2120 ἐστι
125 2095 248 2122 δὲταῦτα
259 2094 373 2130 γενητὰ,
382 2095 488 2130 ἀνάγκη
500 2095 612 2121 κάκεῖνο
620 2095 734 2130 γενητὸν
753 2095 843 2130 ὑπάρ-

65 2149 122 2174 χειν.
139 2139 188 2169 Ὧν
201 2142 258 2176 γὰρ
283 2141 318 2168 τὰ
343 2141 413 2176 μέρη
439 2141 542 2175 γενητὰ
555 2140 590 2172 ⁸³,
603 2139 690 2167 ταῦτα
705 2141 805 2175 ὁμοίως
813 2140 843 2173 ἐξ

66 2187 174 2223 ἀνάγκης
202 2187 262 2214 ἐστὶ
287 2187 404 2222 γενητά·
427 2186 458 2213 τὸ
468 2187 522 2222 γὰρ
538 2187 599 2214 ὅλον
617 2187 650 2214 ὲκ
667 2187 760 2222 μερῶν
776 2195 841 2213 συν-

66 2230 161 2266 έστηκε.
175 2232 231 2259 Καὶ
239 2231 269 2258 τὸ
277 2231 335 2283 Δμὲν
343 2231 403 2258 ὅλον
414 2231 464 2258 οὐκ
477 2231 554 2258 ἔσται
567 2231 605 2267 μὴ
622 2231 707 2258 ὄντων
716 2231 780 2267 [505
795 2231 841 2268 HJ
858 2255 880 2283 ι)

68 2278 155 2312 μερῶν,
169 2278 247 2305 ἔσται
275 2277 304 2304 δέ
328 2286 389 2304 τινα
416 2277 472 2304 τῶν
500 2277 600 2312 μερῶν,
617 2278 670 2304 κᾶν
686 2278 724 2313 μὴ
735 2277 765 2305 τὸ
781 2278 841 2305 ὃλον

66 2324 139 2359 παρῇ.
156 2324 269 2355 Οὐδενὸς
283 2323 312 2351 δὲ
329 2324 383 2350 τῶν
395 2323 481 2350 ὄντων
494 2323 578 2358 μέρος
588 2324 636 2358 μέν
646 2324 705 2350 ἐστι
716 2323 842 2360 γενητὸν,

68 2368 138 2402 μέρος
153 2370 182 2396 δὲ
199 2369 342 2405 ἀγένητον.
359 2369 391 2397 El
417 2369 447 2396 δὲ
467 2370 515 2396 καὶ
534 2369 615 2396 τοῦτο
630 2371 843 2405 συγχωρήσαιμι

67 2414 98 2448 τῷ
110 2415 187 2452 λόγῳ,
202 2414 237 2452 ἦν
249 2424 315 2443 ποτε
331 2415 362 2442 τὸ
372 2415 469 2447 κακὸν,
490 2415 536 2442 ὅτε
566 2415 716 2451 ὁλόκληρον
736 2417 786 2443 οὐκ
797 2415 842 2452 ἦν,

67 2461 177 2488 τουτέστι
191 2463 257 2498 πρὶν
271 2461 474 2497 δημιουργῆσαι
487 2461 537 2496 τὴν
551 2461 616 2497 ὕλην
627 2462 672 2489 τὸν
684 2462 766 2489 Θεόν·
782 2463 844 2489 τότε

67 2505 90 2531 δὲ
105 2507 246 2544 ὁλόκληρον
254 2508 370 2542 γίνεται,
383 2508 428 2534 ὅτε
443 2507 512 2542 πρὸς
528 2507 596 2533 Θεοῦ
612 2507 724 2541 γέγονεν
736 2508 844 2544 ἀνορω-

68 2557 109 2581 “mc
119 2559 126 2566 ·
138 2552 190 2579 τῶν
200 2554 255 2589 γὰρ
276 2553 368 2589 μερῶν
383 2552 431 2579 τοῦ
452 2552 538 2579 κακοῦ
564 2552 709 2587 ἄνθρωπος
723 2553 843 2588 ὑπάρχει

852 1586 873 1615 ο

922 706 1072 734 Videturne
1095 705 1142 734 tibi
1162 704 1229 732 nihil
1243 710 1337 731 eorum
1353 709 1412 737 qua:
1426 700 1571 732 exsistunt,
1586 699 1673 734 ipsum

887 752 937 780 sibi
966 751 1016 785 ipsi
1037 749 1233 778 contrarium?
1258 748 1378 776 Videtur.
1401 748 1438 773 At
1464 746 1516 781 igni
1539 744 1676 771 contraria

885 802 928 825 est
941 805 1010 832 aqua
1026 805 1034 829 ;
1055 802 1083 824 et
1102 797 1154 824 luci
1172 795 1291 823 tenebrae
1307 803 1314 828 ;
1333 799 1360 822 et
1374 792 1474 827 frigido
1486 791 1603 819 calidum
1624 798 1631 820 :
1649 795 1677 817 et

886 844 962 872 arido
990 843 1155 871 humidum?
1179 841 1242 869 Mihi
1263 842 1299 868 ita
1324 840 1440 868 videtur.
1464 839 1535 874 Ergo
1559 838 1581 866 si
1610 837 1678 864 nihil

885 898 980 918 eorum
993 897 1054 925 quae
1065 889 1199 917 exsistunt
1214 889 1300 923 ipsqu
1315 887 1365 915 sibi
1376 886 1542 914 contrarium
1554 889 1606 916 est,
1618 884 1676 911 haec

887 941 976 964 autem
991 936 1043 963 sibi
1061 939 1230 970 repugnant;
1242 942 1307 969 ergo
1322 941 1374 960 non
1389 937 1471 960 erunt
1482 939 1533 959 una
1548 930 1676 961 materia,

886 989 974 1016 neque
989 989 1022 1009 ex
1038 990 1090 1008 una
1105 981 1219 1009 materia
1237 980 1397 1014 composita.

921 1027 1039 1055 Rursum
1053 1027 1133 1054 velim
1152 1028 1255 1053 audire.
1274 1026 1439 1053 Videnturne
1456 1024 1502 1051 tibi
1520 1029 1610 1058 partes
1626 1022 1677 1049 sibi

886 1078 979 1101 mutuo
994 1080 1092 1100 nocere
1106 1073 1118 1100 ?
1134 1071 1277 1100 Videntur.
1291 1071 1411 1099 Materia:
1433 1076 1535 1105 partem
1551 1069 1678 1105 agnoscis

886 1127 967 1146 unam
993 1120 1093 1154 ignem,
1110 1118 1222 1146 alterum
1243 1125 1353 1152 aquam.
1368 1121 1395 1144 et
1413 1116 1448 1144 ita
1466 1115 1608 1150 reliquas,‘.i
1639 1115 1676 1142 Ita

886 1172 993 1192 censeo.
1018 1164 1090 1198 Quid
1112 1165 1195 1192 vero?
1231 1171 1283 1190 non
1309 1163 1414 1190 videtur
1429 1162 1477 1189 tibi
1496 1169 1564 1196 aqua
1579 1168 1678 1188 nocere

887 1211 940 1246 igni
953 1231 961 1243 ,
986 1210 1031 1238 lux
1050 1210 1168 1237 tenebris
1183 1207 1364 1245 [adversari]
1379 1213 1406 1235 et
1432 1207 1486 1235 alia
1508 1213 1677 1242 quuecunque

888 1261 952 1284 sunt
981 1256 1024 1283 his
1048 1255 1171 1282 similia?
1195 1255 1318 1282 Videtur.
1330 1254 1425 1281 Nonne
1448 1260 1522 1287 ergo.
1540 1253 1561 1280 si
1588 1256 1679 1286 partu-8

889 1302 958 1329 inter
971 1309 1001 1329 se
1014 1302 1066 1329 sibi
1083 1308 1178 1329 mutuo
1191 1309 1243 1328 uou
1254 1305 1362 1331 uocent.
1378 1300 1417 1326 ha:
1433 1304 1524 1326 autem
1539 1305 1569 1325 se
1584 1303 1679 1324 mutuo

888 1348 1035 1383 perimunt,
1049 1355 1100 1375 non
1112 1352 1193 1376 erunt
1203 1348 1273 1374 inter
1282 1354 1311 1374 se
1326 1351 1418 1381 partes
1429 1355 1435 1370 :
1447 1345 1470 1373 si
1480 1350 1569 1372 autem
1581 1343 1678 1379 307!»

889 1402 943 1422 non
964 1399 1044 1422 erunt
1057 1399 1157 1421 mutuae
1177 1395 1249 1420 inter
1267 1400 1298 1420 se
1316 1397 1419 1427 partes,
1437 1399 1490 1418 non
1506 1395 1585 1417 erunt
1598 1390 1679 1416 unius

889 1441 1011 1468 materiae
1028 1449 1035 1468 :
1057 1441 1112 1468 imo
1124 1448 1173 1468 nec
1183 1445 1264 1468 erunt
1278 1439 1402 1470 materia,
1414 1445 1448 1465 eo
1461 1437 1533 1472 quod
1545 1435 1613 1464 nihil
1627 1435 1678 1462 sibi

890 1488 938 1522 ipsi
963 1487 999 1515 sit
1019 1488 1187 1515 contrarium
1213 1495 1262 1514 seu
1286 1486 1408 1513 noxium.
1425 1484 1492 1512 Cum
1514 1490 1582 1518 ergo
1601 1489 1629 1509 se
1644 1482 1680 1508 ita

891 1535 1006 1562 habeant
1021 1534 1156 1569 opposita,
1172 1538 1245 1568 patet
1260 1533 1322 1560 inde
1332 1540 1363 1559 ea
1382 1540 1434 1559 non
1447 1537 1508 1558 esse
1526 1529 1678 1556 materiam.

925 1639 1013 1674 Atque
1026 1639 1060 1666 de
1071 1638 1185 1666 materia
1199 1637 1266 1665 satis
1278 1637 1389 1664 dictum.
1409 1635 1576 1664 Veniendum
1587 1639 1677 1662 autem

892 1692 934 1714 cst
949 1686 982 1713 ad
995 1685 1127 1713 malorum
1146 1684 1371 1719 disquisitionem,
1387 1687 1415 1710 et
1427 1682 1580 1710 necessario
1598 1688 1681 1708 excu-

891 1732 981 1760 tienda
992 1731 1130 1759 hominum
1140 1731 1220 1758 mala.
1232 1729 1299 1757 Mala
1312 1729 1452 1756 hominum
1463 1733 1562 1756 suntne
1575 1727 1682 1762 species

892 1776 967 1809 mali,
979 1784 1013 1803 an
1029 1775 1140 1810 partes?
1153 1775 1182 1803 Si
1198 1775 1303 1810 species
1316 1795 1323 1805 .
1350 1782 1404 1801 non
1422 1773 1473 1800 erit
1484 1773 1556 1800 aliud
1569 1772 1680 1804 malum,

892 1828 990 1857 [ιι-αξιοι-
1020 1823 1068 1849 has
1095 1822 1209 1856 species.
1234 1821 1383 1848 Secundum
1407 1820 1524 1854 seipsum
1550 1826 1582 1846 eo
1610 1819 1681 1853 quod

891 1875 990 1902 genera
1000 1868 1025 1894 in
1043 1867 1184 1902 speciebus
1195 1866 1409 1901 inquirantur,et
1420 1866 1585 1893 subsistant:
1602 1865 1624 1891 si
1634 1872 1682 1890 au-

893 1918 945 1940 tem
956 1910 1177 1947 hoc[geuusest],
1189 1911 1288 1937 malum
1297 1911 1348 1937 erit
1359 1911 1490 1944 genitum:
1505 1917 1567 1936 nam
1579 1909 1683 1944 species

892 1959 990 1993 genitae
1006 1957 1157 1991 probantur
1171 1966 1178 1985 :
1192 1961 1221 1984 ut
1235 1961 1277 1984 est
1291 1957 1388 1988 caedes,
1406 1956 1581 1988 adulterium,
1592 1960 1619 1982 et
1631 1955 1684 1983 hoc

892 2012 976 2038 genus
989 2003 1099 2031 similia.
1115 2003 1144 2031 Si
1158 2007 1248 2031 autem
1263 2008 1353 2037 partes
1373 2002 1488 2037 alicujus
1501 2001 1562 2029 mali
1579 2001 1683 2036 species

894 2052 942 2079 has
950 2058 1010 2078 esse
1019 2050 1097 2078 velis:
1112 2055 1176 2078 sunt
1185 2055 1274 2078 autem
1286 2050 1327 2077 hae
1340 2049 1437 2085 genitae
1449 2058 1457 2077 :
1472 2055 1583 2076 necesse
1593 2048 1645 2075 erit
1654 2051 1684 2074 ut

892 2101 919 2123 et
929 2101 1013 2123 totum
1024 2095 1088 2122 illud
1097 2096 1214 2131 genitum
1223 2096 1268 2123 sit.
1277 2094 1395 2128 Quorum
1404 2095 1476 2122 enim
1487 2099 1576 2128 partes
1585 2094 1684 2128 genitae

893 2146 976 2174 sunt,
1001 2142 1155 2168 necessario
1181 2145 1209 2169 et
1235 2142 1293 2168 lucc
1322 2145 1378 2168 tota
1402 2140 1526 2168 similiter
1545 2145 1608 2168 sunt
1635 2147 1683 2175 ge-

894 2188 961 2219 nita,
979 2192 1063 2215 totum
1080 2187 1151 2214 enim
1173 2195 1204 2214 ex
1224 2187 1468 2222 parlihusconstat.
1486 2187 1612 2215 Aetolum
1624 2186 1683 2224 (90)

894 2233 1002 2267 quidem
1021 2240 1074 2260 non
1086 2232 1150 2263 erit.
1162 2232 1285 2266 partibus
1299 2239 1351 2259 non
1365 2231 1559 2259 exsistentibus
1571 2239 1579 2264 ;
1592 2235 1684 2265 partes

896 2285 960 2305 vero
974 2277 1070 2313 aliquae
1081 2281 1169 2309 erunt,
1179 2277 1304 2312 quamvis
1314 2282 1398 2305 totum
1413 2285 1467 2305 non
1482 2277 1562 2305 adsit.
1578 2276 1683 2304 Nullius

895 2330 985 2353 autem
1011 2325 1049 2353 rei
1064 2325 1221 2353 exsistentis
1243 2333 1305 2359 pars
1321 2325 1405 2352 altera
1425 2330 1466 2353 est
1483 2325 1585 2361 genita,
1599 2325 1684 2353 altera

897 2371 1016 2404 ingenita
1033 2379 1040 2397 :
1061 2370 1084 2398 si
1101 2376 1191 2398 autem
1211 2375 1239 2397 et
1254 2370 1304 2398 hoc
1326 2370 1441 2397 Orationi
1453 2371 1612 2403 concedam,
1625 2369 1684 2397 Ma-

896 2415 951 2442 lum
972 2415 1022 2442 fuit
1038 2416 1114 2448 olim,
1129 2423 1190 2443 cum
1207 2420 1293 2443 totum
1313 2416 1448 2451 integrum
1467 2424 1519 2444 nou
1537 2421 1620 2450 esset,
1635 2417 1686 2444 hoc

897 2466 950 2493 est,
964 2466 1110 2496 antequam
1124 2461 1196 2489 Deus
1209 2462 1349 2488 materiam
1365 2466 1481 2490 crearet.
1503 2461 1581 2491 Tunc
1594 2468 1686 2490 autem

898 2510 983 2534 totum
996 2507 1129 2542 integrum
1142 2507 1258 2540 exstitit,
1277 2507 1386 2542 quando
1397 2515 1412 2535 a
1427 2507 1482 2535 Deo
1501 2507 1581 2535 homo
1592 2508 1686 2536 condi-

899 2558 942 2581 tus
958 2558 1009 2581 est.
1024 2553 1145 2581 Partiuut
1159 2553 1231 2582 enirn
1251 2553 1313 2581 mali
1335 2558 1430 2582 auctor
1443 2558 1487 2582 est
1506 2553 1597 2582 homo.
1616 2553 1686 2581 Hinc

705 2619 825 2648 VARIIE
842 2621 1046 2662 LEQTIONES.

102 2663 122 2700 f‘
143 2664 205 2700 πρίν
219 2665 241 2690 Λ
256 2663 353 2700 εςιτλήνν
365 2667 406 2696 ις.

102 2697 170 2736 Eneti
185 2708 239 2726 0|I|.
328 2697 356 2736 ’ξ’
368 2701 393 2736 ei
405 2699 474 2736 §'—
486 2700 556 2736 μέρη
569 2708 624 2728 mu.
640 2703 672 2727 A.
697 2701 719 2716 ‘°
737 2701 770 2728 αὖ
786 2697 808 2728 Α
824 2711 830 2729 :
848 2703 881 2730 ἄν

72 2732 90 2748 ἰ
101 2733 159 2761 ὄντα
170 2742 224 2762 οιιι.
243 2733 297 2762 AB.
331 2734 354 2750 “
365 2734 468 2766 ἐθέλεις
486 2732 528 2762 Β.’
550 2732 580 2751 ’⁸⁸
592 2736 695 2771 γενητὰ
710 2738 838 2772 expuugit
854 2740 883 2766 Α.

454 2664 476 2681 ³⁵
491 2664 568 2701 {erat
599 2673 653 2692 om.
666 2666 721 2693 AB.
761 2666 783 2682 ³⁸
795 2676 840 2701 μοι
851 2667 884 2695 A.

908 2677 915 2695 :
935 2669 972 2703 μή
992 2677 1022 2700 ς’.
1067 2669 1089 2684 ³⁷
1101 2668 1227 2704 ἀλλήλοις
1240 2668 1365 2695 δὲταῦτα
1379 2668 1529 2704 ἀντίκειται
1547 2676 1602 2696 om.
1629 2669 1683 2704 AB.

896 2712 940 2765 ςκὶ
969 2704 991 2765 ἓ
1009 2704 1123 2740 πότερον
1136 2719 1171 2724 -
1184 2704 1270 2731 κακοῦ
1285 2712 1340 2731 οιιι.
1355 2703 1409 2731 AB.
1437 2705 1460 2719 "
1469 2703 1545 2731 ἔσται
1561 2712 1616 2732 om.
1628 2703 1684 2731 AB.

897 2747 931 2765 0"
945 2759 951 2765 ι
993 2758 999 2765 .

897 2747 951 2766 0111.
971 2747 999 2766 Ι).

793 2782 816 2808 Ν
820 2779 912 2812 ΟΤΛΕ.

102 2827 150 2862 (90)
174 2827 268 2856 Τοιιιιη
295 2827 430 2863 integrum
452 2827 586 2864 intelligit.
607 2827 706 2856 Positis
729 2828 855 2856 munibus
873 2830 994 2864 partibus
1022 2831 1130 2866 ponitur
1151 2836 1235 2859 totum
1252 2839 1259 2865 ;
1279 2831 1383 2859 sublata
1406 2838 1459 2858 una
1485 2834 1562 2866 parte
1586 2829 1688 2858 tollitur

74 2866 157 2890 lotum.
