1920 3092
235 126 305 159 1163

798 127 929 158 ΡΗΟΤΙῘ
948 128 1202 160 ΡΑἸἭῙΑΒΟΗᾸΞ
1221 129 1274 160 CP.

1789 131 1863 164 1164

234 182 321 208 donec
336 181 483 216 genitalem
497 185 645 208 sementem
659 181 766 216 penitus
779 183 898 211 sterilem
914 184 1015 211 reddat.

1072 180 1119 212 ϐὲν
1133 186 1168 212 ἂν
1185 185 1265 221 ποθῇ,
1277 185 1332 212 πᾶν
1349 184 1411 212 ὅσον
1430 185 1470 217 είς
1486 184 1579 221 ὀχείας
1591 185 1687 218 άναζεῑ
1702 186 1726 202 "
1739 186 1790 214 καὶ
1801 188 1866 222 ἐρε-

234 226 467 261 Quemadmodum
485 230 513 253 et
537 225 669 254 Homerus
689 228 846 261 declaravit,
863 229 909 264 qui
923 229 1020 258 salices

235 278 375 308 propterea
388 272 557 308 frugiperdas
571 272 729 301 nominavit.

270 406 336 434 Illud
351 405 494 433 Jeremiae:
508 404 636 440 Sponsam
648 404 788 432 sollicitam
798 414 862 438 esse,
876 414 906 433 ne
914 407 1019 434 obliuis-

238 457 314 478 catur
324 451 469 477 ornamenti
486 450 538 483 sui,
554 455 577 476 et
591 451 716 484 uirginem
730 457 761 477 ne
771 451 908 484 pectoralis
925 452 965 478 sui
978 456 1019 471 ll"

235 496 351 532 309a;
365 496 444 523 docet
466 503 520 523 non
540 495 732 522 committenda
754 503 804 523 nec
825 496 939 523 laxanda
958 504 1019 524 esse

233 541 374 569 fraudibus
393 541 471 568 frena
488 548 535 568 seu
555 539 661 567 vincula
693 541 889 576 temperantiae.
901 540 954 568 Per
968 548 1016 576 pe-

232 592 309 614 ctora
325 587 396 614 enim
411 594 507 615 sensus
520 589 615 620 animi,
632 595 697 616 sane
711 588 883 616 convenienti
895 588 1016 620 ratione,

232 637 260 660 et
286 639 362 660 mens
376 637 469 660 nostra
485 634 652 669 intelligitur.
669 633 808 661 Pectorale
822 638 934 667 autem,
953 641 1016 668 pro-

232 678 349 712 positum
370 679 451 706 animi
465 679 499 706 ad
514 680 667 707 castitatem
682 679 825 715 colligens,
840 684 882 707 est
898 679 1018 708 charitas

233 724 259 750 in
275 723 423 751 Christum.

268 770 350 798 Illud:
364 771 445 798 Sume
453 771 516 798 mihi
526 771 633 798 vitulam
645 772 782 806 triennem,
793 777 817 799 et
826 772 933 800 arietem
942 773 1019 799 trien-

233 824 301 848 nem,
316 821 339 843 et
357 822 493 851 turturem,
503 822 527 844 et
538 817 706 845 columbam‘
720 819 757 845 ait
771 818 922 854 signiﬁcare
931 817 1016 855 [hoc,]

1073 231 1188 266 θισμοὺς
1207 230 1416 263 ἀποσϐέννυσιν,
1440 230 1496 257 ἐστ’
1513 231 1548 258 ἂν
1574 231 1614 263 είς
1637 231 1722 267 ἄρδην
1735 233 1866 260 ἀποστει-

1073 277 1148 314 ρώσῃ
1162 277 1211 313 τὴν
1224 278 1272 304 ἐπὶ
1297 277 1470 304 παιδοποιίαν
1494 278 1591 313 φορὰν,
1618 278 1713 314 ὥσπερ
1739 279 1774 315 δὴ
1786 280 1834 306 καὶ
1850 281 1865 306 ὁ

1073 323 1197 359 Ὅμηρος
1215 323 1238 340 ⁷³
1255 324 1384 359 ἐμήνυσε,
1398 323 1442 350 διὰ
1469 323 1548 352 τοῦτο
1574 324 1692 356 καλέσας
1709 324 1865 362 ὼλεσικάρ-

1072 378 1138 401 πους
1149 370 1198 402 τὰς
1210 370 1292 402 ίτέας.

1107 414 1172 451 [955
1188 416 1236 451 3.]
1250 417 1311 443 Ὅτι
1326 417 1419 451 φησὶν,
1437 415 1553 452 Ἀμέλει
1563 417 1596 444 τὸ
1606 416 1649 452 μὴ
1663 416 1863 445 ἐπιλαθέσθαι

1070 460 1193 495 νύμφην
1201 461 1256 488 τὸν
1264 462 1381 496 κόσμον
1390 462 1468 497 μηδὲ
1475 462 1625 496 παρθένον
1638 463 1696 496 τὴν
1715 463 1863 497 (727.0068-

1071 504 1167 538 σμίδα
1178 504 1302 542 [505Η.],
1313 506 1458 542 λεγόμενον
1471 508 1500 534 ὲν
1514 507 1711 543 Ἰερεμίᾳ”¹⁵,τὺ
1722 508 1760 543 μὴ
1772 508 1863 534 ἐνδοῦ-

1072 559 1116 576 ναι
1134 551 1182 578 καὶ
1196 551 1311 586 χαλάσαι
1324 552 1370 578 τδν
1380 552 1532 588 δεσμὺντῆς
1546 553 1723 588 σωφροσύνης
1740 554 1861 585 ἀπάταις

1072 593 1157 628 δηλοῖ.
1194 596 1283 632 Στήθη
1299 597 1354 632 γὰρ
1367 597 1395 624 αἱ
1408 598 1516 632 φρένεις
1532 599 1617 625 εἰκότι
1628 599 1699 634 λόγῳ
1707 599 1756 626 καὶ
1768 601 1783 626 ὁ
1798 601 1860 632 νοῦς

1071 641 1150 676 ἡμῶν
1167 639 1239 669 εἶναι
1252 643 1392 678 νομίζεται
1405 651 1412 659 ·
1423 645 1440 679 ή
1455 644 1484 671 δὲ
1497 645 1685 680 στηθοδεσμὶς,
1699 645 1716 680 ἡ
1728 646 1861 673 συνεοῦσα

1071 686 1127 722 ζωὴ
1144 687 1167 703 ⁷⁵
1181 687 1231 723 τὴν
1239 688 1367 723 πρόθεσιν
1384 689 1436 726 τῆς
1450 689 1540 726 ψυχῆς
1558 691 1600 723 εις
1618 691 1741 726 ἁγνείαν,
1755 692 1830 719 εστὶν
1842 693 1860 728 ὴ

1071 732 1138 767 πρὸς
1154 732 1271 768 Χριστὸν
1289 734 1398 770 ἀγάπη.

1106 778 1169 805 Ὀτι
1182 780 1222 812 τὸ,
1241 780 1318 808 Λάϐε
1337 782 1361 797 ⁷·
1372 790 1424 817 μοι
1447 781 1578 817 δάμαλιν
1591 782 1794 818 τριετίζουσαν
1808 784 1859 812 καὶ

1069 822 1141 860 αἶγα
1168 826 1371 861 τριετίζουσαν
1405 829 1456 856 καὶ
1490 830 1576 864 κριὸν
1604 829 1783 864 φωτίζοντα
1808 831 1860 858 καὶ

235 861 304 889 επεν
317 862 382 889 milii
395 862 452 898 jugi
469 868 606 897 expertem
629 864 757 897 animam,
775 864 859 891 instar
877 864 976 897 vitulte,
989 869 1015 891 et

1069 871 1195 907 τρυγόνα
1217 873 1267 900 καὶ
1300 876 1478 909 περιστερὰν
1501 861 1677 908 αἰνίττεσθαί,
1699 884 1792 911 φησιν.
1817 877 1860 903 ὅτι

232 907 305 934 omni
317 907 416 934 malitia
424 914 578 941 carentem;
594 910 761 944 corpusitem
771 909 936 938 etrationem
945 919 951 937 :
961 917 1019 938 cor-

233 953 393 987 pusquidem
405 953 486 980 veluti
498 961 616 989 capram,
624 956 687 989 quia
697 962 745 990 per
758 955 825 983 altas
833 960 945 990 rupeset
954 963 1018 991 pra:-

231 997 321 1031 cipitia
332 997 448 1031 incedit;
460 999 589 1027 rationem
599 1007 662 1027 vero
669 1005 697 1027 ut
704 1000 826 1034 arietem,
834 1009 868 1028 ne
876 1001 1017 1029 exsultans

231 1043 339 1070 excidat
352 1051 367 1071 a
379 1045 503 1073 veritate.
519 1045 564 1074 Sic
573 1046 643 1074 enim
655 1046 826 1081 inculpabilis
843 1048 909 1080 eris,
921 1055 1016 1084 quem-

235 1088 380 1117 admodum
406 1091 554 1124 Abraham,
583 1092 607 1119 si
629 1092 693 1120 mihi
723 1092 842 1120 animam
864 1097 892 1121 et
918 1100 1016 1121 sensus

230 1140 404 1171 mentemque
419 1137 600 1171 eonsecraris,
617 1145 677 1173 quae
688 1138 800 1174 ﬁgurate
818 1139 885 1167 dicit
900 1139 1015 1167 vitulam

231 1187 259 1208 et
277 1188 398 1216 capram,
427 1187 454 1210 et
484 1184 596 1211 arietem
626 1185 773 1218 triennem,
794 1186 869 1220 quasi
886 1186 1015 1220 optimam

228 1226 376 1255 Trinitatis
399 1229 583 1264 cognitionem
611 1229 732 1258 tollentia
750 1231 817 1267 (92).
836 1232 919 1260 Forte
933 1232 1015 1259 etiam

230 1278 258 1300 et
272 1273 388 1308 primam
407 1280 435 1302 ct
463 1276 591 1308 mediam,
613 1282 640 1304 et
670 1278 792 1305 ultimam
819 1279 881 1306 vive
906 1283 1014 1306 aetatem

227 1318 306 1355 [Deo
336 1321 564 1358 consecrandam]
589 1323 738 1357 insinuant,
768 1329 797 1352 ut
819 1325 866 1359 qui
897 1325 1015 1353 maxime

229 1366 296 1393 velit
318 1373 366 1394 nos
393 1361 421 1394 εί
449 1375 535 1395 annos
560 1369 693 1403 pueritiae.
708 1374 735 1397 et
764 1370 851 1398 virilis
874 1372 974 1404 aetatis.
988 1376 1016 1399 et

229 1412 379 1439 senectutis
401 1412 459 1447 pari
485 1413 586 1448 pietate
607 1415 743 1443 traductos
765 1416 818 1444 sibi
837 1416 945 1445 olferre.
970 1417 1012 1445 Ad

231 1465 312 1492 quem
337 1458 447 1485 modum
460 1459 543 1486 etiam
566 1460 592 1488 in
612 1460 768 1497 Evangeliis
783 1463 913 1491 Dominus
935 1464 1015 1492 nobis

229 1504 364 1538 praecipit;
380 1503 546 1540 Quapropter
558 1510 581 1533 et
599 1515 643 1534 vat
664 1507 762 1535 similes
787 1510 849 1536 estis
866 1509 1014 1538 hominibus

228 1551 274 1584 qui
288 1556 440 1585 exspectant
458 1551 599 1579 Dominum
620 1561 696 1580 suum
716 1555 823 1590 quando
841 1560 1014 1585 revertatara

229 1596 339 1629 nuptiis,
352 1601 382 1624 ut
400 1605 458 1624 cum
470 1598 578 1630 venerit,
592 1602 617 1626 et
630 1600 782 1634 pulsauerit,
795 1601 931 1636 confestim
951 1611 1016 1638 ape-

226 1641 302 1668 riant
317 1642 357 1669 ei:
374 1642 442 1670 beati
460 1645 534 1677 eatis,
557 1645 620 1680 quia
641 1645 721 1680 faciet
738 1654 781 1673 vos
804 1646 980 1680 discumbere,
991 1652 1016 1676 et

229 1687 359 1714 transiens
368 1689 527 1716 ministrabit
540 1691 619 1718 vobis.
632 1689 668 1718 Et
681 1691 703 1719 εἰ
717 1692 744 1718 in
754 1693 879 1725 secunda,
891 1698 914 1720 et
925 1694 1015 1728 tertia,

227 1731 297 1761 beati
308 1735 371 1762 estis
379 1739 404 1762 1.

1070 917 1239 953 Προσένεγκέ
1255 928 1301 954 μοι
1311 920 1399 955 ἄζυγα
1407 921 1455 948 καὶ
1464 921 1606 948 ἀκάκωτόν
1617 922 1639 938 ⁷¹
1654 930 1702 948 σου
1713 922 1859 958 τὴνψνχὴν

1067 963 1208 999 δαμάλεως
1232 965 1321 1002 δίκην,
1340 966 1387 993 καὶ
1403 966 1454 1002 τὴν
1477 968 1567 1002 σάρκα
1584 967 1632 994 καὶ
1654 967 1703 994 τὸν
1716 967 1858 1002 λογισμὸν,

1066 1009 1116 1045 τὴν
1130 1010 1178 1046 μὲν
1189 1011 1227 1043 ὡς
1242 1009 1309 1046 αἶγα
1325 1012 1359 1043 ⁷⁵.
1375 1012 1469 1050 ἐπειδὴ
1480 1013 1515 1040 τὰ
1530 1013 1656 1049 μετέωρα
1668 1013 1716 1040 καὶ
1727 1013 1860 1049 κρημνώ-

1066 1054 1097 1091 δη
1108 1056 1259 1091 περιπολεῖ,
1265 1057 1310 1084 τδν
1321 1057 1350 1085 δὲ
1365 1057 1403 1090 ὡς
1417 1059 1503 1094 κριὸν,
1516 1059 1559 1086 ἴνα
1574 1059 1707 1094 μηδαμῶς
1722 1059 1859 1096 ἀποσκιρο

1065 1103 1151 1137 τήσας
1172 1102 1345 1139 ὲξολισθήσῃ.
1359 1104 1408 1138 τῆς
1424 1105 1563 1140 ἀληθείας.
1586 1105 1664 1132 οὕτω
1688 1106 1743 1142 γὰρ
1762 1106 1858 1133 ἀνεπί-

1065 1147 1166 1183 ληπτος
1182 1148 1232 1185 ἔσῃ
1247 1149 1285 1181 ὡς
1308 1149 1434 1186 Ἀϐραὰμ
1451 1152 1486 1184 ⁷⁸,
1497 1150 1531 1179 ἂν
1553 1151 1655 1188 ἀναθῇς
1668 1152 1731 1187 ἐμοὶ
1744 1152 1792 1179 καὶ
1806 1152 1858 1188 τὴν

1066 1193 1156 1229 ψυχὴν
1167 1194 1216 1221 καὶ
1228 1194 1277 1231 τὴν
1288 1195 1416 1232 αἴσθησιν
1427 1197 1476 1224 καὶ
1489 1197 1536 1224 τὸν
1549 1197 1612 1225 νοῦν
1624 1206 1631 1214 ·
1652 1197 1670 1224 ἃ
1684 1198 1857 1233 συμϐολικῶς

1065 1239 1180 1274 δάμαλιν
1194 1240 1246 1276 ἔφη
1263 1241 1310 1268 καὶ
1337 1239 1403 1276 αῐγα
1425 1243 1473 1269 καὶ
1492 1243 1567 1279 κριὸν
1579 1243 1761 1278 τριετίζοντα,
1773 1243 1858 1270 οἱονεὶ

1065 1286 1115 1320 τὴν
1130 1286 1231 1320 γνῶσιν
1245 1287 1440 1324 ἁκακὲμφατον
1452 1290 1503 1325 τῆς
1517 1289 1626 1325 τριάδος
1645 1290 1854 1325 ὲπανῃρημένα.

1065 1330 1142 1366 Τάχα
1155 1331 1184 1358 δὲ
1202 1332 1250 1359 καὶ
1274 1333 1323 1368 τὴν
1346 1333 1459 1370 πρώτην
1486 1335 1534 1361 καὶ
1557 1334 1608 1370 τὴν
1631 1335 1719 1370 μέσην
1737 1335 1784 1362 καὶ
1806 1334 1857 1370 τὴν

1064 1376 1224 1404 τελευταίαν
1257 1378 1305 1405 τοῦ
1328 1379 1386 1414 βίου
1415 1380 1467 1415 τῆς
1491 1380 1599 1415 ἡλικίας
1609 1381 1689 1416 ἡμῶν
1701 1381 1856 1408 αἰνίσσεται

1064 1422 1169 1458 τρίϐον,
1188 1424 1352 1460 βουλόμενος
1371 1426 1409 1458 ὡς
1433 1427 1474 1454 ὃτι
1497 1428 1520 1443 ⁸ο
1540 1427 1656 1463 μάλιστα
1672 1427 1720 1454 καὶ
1737 1428 1784 1455 τὸν
1802 1427 1857 1454 τῶν

1064 1470 1168 1497 παίδων
1181 1471 1228 1498 καὶ
1241 1471 1287 1499 τὸν
1299 1472 1353 1498 τῶν
1366 1473 1473 1508 ἀνδρῶν
1496 1473 1543 1500 καὶ
1557 1473 1603 1500 τὸν
1615 1474 1671 1500 τῶν
1686 1473 1858 1509 γεραιτέρων

1066 1516 1160 1552 χρόνον
1171 1518 1333 1553 συμφρόνως
1344 1518 1494 1554 βιώσαντας
1510 1519 1587 1555 αὐτῷ
1597 1520 1833 1554 προσενέγκασθαι
1846 1527 1856 1536 ·

1068 1561 1129 1588 καθ’
1145 1561 1175 1589 ὃν
1198 1563 1300 1597 τρόπον
1319 1565 1366 1591 καὶ
1390 1565 1420 1591 ὲν
1437 1565 1610 1599 Εὐαγγελίοις
1628 1566 1642 1592 ὸ
1660 1565 1763 1602 Κύριος
1780 1574 1858 1601 νομο-

1068 1606 1151 1634 θετεῖ·
1170 1609 1224 1636 Διὰ
1244 1609 1333 1637 τοῦτο
1353 1609 1376 1626 ⁸⁸
1390 1610 1440 1637 καὶ
1454 1611 1537 1646 ὑμεῖς
1551 1611 1645 1646 ὅμοιοι
1667 1611 1790 1647 γίνεσθε
1802 1612 1858 1639 ἀν·

1068 1652 1194 1687 θρώποις
1223 1654 1481 1690 προσδεχομένοις
1512 1657 1567 1684 τὸν
1593 1657 1698 1691 κύριον
1739 1657 1855 1690 αὐτῶν,

1068 1699 1140 1725 πότε
1155 1700 1300 1728 ἁναλύσει
1326 1701 1361 1728 ἐκ
1378 1700 1437 1729 τῶν
1463 1703 1575 1738 γάμων,
1593 1704 1644 1731 ἳνα
1656 1703 1777 1731 ἐλθόντι
1807 1705 1857 1731 καὶ

1068 1745 1231 1778 κρούσαντι
1280 1747 1361 1780 αὐτῷ
1394 1749 1503 1782 εὐθέως
1532 1749 1684 1782 ἁνοίξωσι.
1711 1750 1856 1785 Μακάριοι

227 1779 317 1833 dare:
434 1783 591 1811 ἀνακλινεῖ
614 1785 638 1804 ι’
665 1785 744 1820 ὑμᾶς
777 1786 826 1814 καὶ
858 1790 1016 1823 παρελθὼν
1033 1791 1217 1826 διακονήσει.
1240 1795 1304 1824 Κάν
1346 1779 1386 1830 τῇ
1413 1779 1536 1831 δευτέρᾳ
1657 1797 1696 1831 τῇ
1721 1797 1744 1814 ⁸³
1771 1779 1857 1833 τρίτῃ

226 1826 367 1862 μακάριοι
380 1828 461 1857 ἐστε.

264 1872 440 1902 Considerate
469 1877 543 1903 enlm
570 1877 641 1912 quod
666 1881 722 1905 tres
747 1878 850 1913 vigilias
876 1882 1011 1916 ponendo,

227 1921 423 1954 vespertinam,
437 1921 563 1954 alteram,
577 1928 606 1950 et
619 1924 738 1959 tertiam,
757 1930 811 1953 tres
821 1934 930 1962 quoque
946 1933 1013 1956 teta-

229 1964 264 1991 tis
279 1965 445 1993 mutationes
477 1967 655 2002 signiﬁcarit:
673 1970 893 2005 adolescentiam,
906 1973 1012 2001 virilem

228 2013 349 2044 aetatem,
365 2017 392 2038 et
412 2018 591 2045 senectutem,
608 2015 679 2049 quod
702 2016 765 2043 velit
779 2024 838 2050 nos,
852 2025 913 2045 cum
929 2027 1012 2048 vene-
1031 2014 1035 2017 ’

228 2054 264 2081 rit
275 2056 403 2083 mundum
415 2055 425 2092 [
437 2057 462 2084 in
474 2057 596 2094 judicio]
612 2066 810 2095 assumplurus,
827 2068 936 2098 paratos
948 2072 1010 2093 esse

228 2106 260 2127 ac
275 2107 358 2134 puros
372 2102 494 2136 quamvis
517 2104 605 2131 adhuc
626 2105 653 2131 in
669 2107 782 2140 pueritia
797 2113 957 2143 versantes;
973 2110 1012 2136 si-

227 2145 329 2173 militer
355 2147 502 2174 secundam
550 2153 575 2176 et
607 2152 715 2178 tertiam
750 2153 871 2187 vigiliam
899 2154 1010 2184 indicat.

227 2189 388 2224 Vespertina
401 2193 472 2219 enim
487 2193 576 2229 vigilia
591 2199 632 2222 est
645 2195 769 2224 ﬂorentis
782 2199 871 2227 atatis
886 2200 1010 2228 humanae

227 2239 326 2269 status,
351 2244 405 2272 quo
426 2238 520 2273 incipit
537 2240 651 2268 rationis
677 2241 819 2276 imperium
840 2245 1010 2279 passionibus

227 2282 359 2316 agitatum
395 2283 515 2318 turbari;
541 2285 625 2313 altera
652 2294 728 2321 vero,
751 2290 858 2323 quando
885 2290 1011 2324 deinceps

227 2327 255 2354 i-n
273 2327 422 2362 perfectum
438 2330 525 2357 virum
538 2333 655 2361 evadens
672 2333 766 2369 incipit
785 2343 861 2363 mens
874 2338 1011 2371 perpetuis

228 2374 396 2408 negotiorum
434 2376 593 2405 tumultibus
630 2380 769 2414 occupari.
803 2380 896 2409 Tertia
934 2390 1009 2416 vero,

226 2420 334 2453 quando
349 2420 461 2448 inﬁnitae
478 2422 656 2456 cupiditatum
672 2425 805 2460 imagines
824 2434 938 2462 corpore
952 2428 1008 2462 jam

227 2468 447 2492 marcescenteet
459 2465 485 2492 in
497 2467 601 2493 senium
616 2474 744 2502 vergente
759 2471 859 2497 sensim
872 2471 1008 2500 deﬁciunt.

226 2507 398 2544 Quapropter
426 2517 526 2540 aeterna
547 2513 607 2541 ﬁdei
635 2514 732 2551 3090
761 2516 864 2551 lampas
892 2517 918 2544 in
930 2519 1011 2546 corde

263 2569 302 2585 ι’*
316 2565 414 2595 Jerem.
427 2575 457 2602 ιι,
472 2568 516 2595 52.
554 2574 568 2588 ι
583 2569 650 2598 Gen.
668 2580 711 2605 xv,
725 2571 752 2599 9.
789 2577 804 2597 1
821 2572 886 2601 Luc.
901 2581 949 2607 xu,
962 2575 1043 2603 5-27.

1109 1882 1311 1918 Ἐπισκέψασθε
1321 1883 1375 1919 γὰρ
1390 1884 1430 1911 ὄτι
1439 1884 1512 1919 τρεῖς
1524 1884 1690 1920 ὑποθέμενος
1699 1885 1723 1901 ⁸⁸
1731 1886 1856 1920 φυλακὰς

1066 1929 1173 1961 νυκτὸς,
1192 1930 1350 1965 ἐσπερινὴν,
1378 1930 1426 1956 καὶ
1447 1930 1577 1966 δευτέραν
1600 1932 1648 1958 καὶ
1676 1931 1782 1967 τρίτην,
1808 1932 1856 1959 καὶ

1065 1977 1140 2011 τρεῖς
1154 1975 1232 2011 ἡμῶν
1260 1975 1310 2007 τὰς
1328 1976 1379 2011 τῆς
1393 1975 1416 1992 ⁸⁸
1431 1976 1539 2011 ἡλικίας
1558 1976 1667 2012 ᾐνίξατο
1690 1977 1855 2012 μεταϐολὰς,

1064 2022 1114 2058 τὴν
1134 2021 1302 2058 μειρακιώδη
1312 2023 1359 2049 καὶ
1372 2022 1422 2058 τὴν
1434 2023 1572 2059 πρόσηϐον
1587 2024 1634 2049 καὶ
1647 2023 1696 2058 τὴν
1706 2023 1854 2059 πρεσϐυτι-

1065 2068 1128 2104 κὴν,
1159 2067 1319 2103 βουλόμενος
1346 2068 1390 2095 ἵνα
1419 2069 1466 2095 καὶ
1492 2070 1586 2100 παῖδας
1603 2069 1692 2101 ὄντας,
1718 2068 1767 2095 ἐὰν
1788 2069 1853 2106 ἔλθῃ

1064 2112 1292 2148 παραληψόμενος
1311 2113 1355 2140 τὸν
1371 2113 1483 2147 κόσμον,
1501 2114 1625 2148 ἑτοίμους
1644 2114 1853 2152 καταλάϐοιηκαὶ

1063 2157 1213 2192 καθαροὺς,
1230 2158 1278 2184 καὶ¹
1298 2158 1346 2193 τὴν
1360 2158 1490 2193 δευτέραν
1505 2159 1606 2194 ὁμοίως
1622 2160 1667 2186 καὶ
1680 2160 1729 2194 τὴν
1744 2160 1851 2195 τρίτην.

1069 2201 1215 2238 Ἐσπερινὴ
1226 2203 1280 2238 γὰρ
1296 2203 1403 2240 φυλακὴ
1417 2205 1431 2231 ό
1445 2205 1540 2239 καιρός
1557 2205 1615 2231 ἐστι
1629 2206 1679 2241 τῆς
1693 2205 1787 2240 ἀκμῆς
1803 2206 1852 2233 τοῦ

1063 2248 1219 2282 ἀνθρώπου,
1234 2249 1295 2276 καθ’
1307 2249 1340 2285 ἣν
1352 2250 1465 2285 ἄρχεται
1480 2250 1665 2286 ταράσσεσθαι
1676 2251 1852 2287 τὸ¹ἠγεμονμ

1065 2293 1112 2320 κὺν
1125 2293 1333 2328 ἐπιθολούμενον
1344 2297 1400 2327 τοῖς
1411 2295 1510 2323 πάθεσι
1521 2304 1528 2311 ·
1545 2296 1660 2331 δευτέρα
1675 2297 1715 2329 δὲ,
1731 2297 1852 2333 ὁπηνίκα

1063 2338 1156 2366 λοιπὸν
1171 2340 1211 2371 εἰς
1224 2340 1307 2375 ἄνδρα
1318 2340 1419 2367 τέλειον
1439 2340 1538 2373 ἐλάσας
1558 2341 1672 2377 ἄρχεται
1687 2342 1852 2378 βεϐαιότητα

1063 2384 1117 2411 τῶν
1141 2383 1263 2420 θορύϐων
1278 2386 1292 2412 ὁ
1305 2385 1366 2417 νοῦς
1384 2386 1621 2422 προσλαμϐάνειν·
1640 2387 1720 2422 τρίτη
1743 2387 1784 2419 δὲ,
1806 2388 1850 2415 ὅτε

1062 2430 1091 2457 αἱ
1118 2430 1243 2457 πλεῖσται
1267 2431 1413 2465 φαντασίαι
1437 2431 1491 2458 τῶν
1522 2432 1675 2468 ἐπιθυμιῶν
1699 2433 1848 2467 φθίνουσιν,

1063 2475 1323 2512 ἀπομαραινομένης
1356 2476 1407 2512 ἠδη
1434 2477 1483 2512 τῆς
1506 2477 1606 2512 σαρκὸς
1630 2477 1677 2504 καὶ
1699 2479 1739 2509 είς
1760 2478 1851 2513 γῆρας

1064 2521 1281 2558 προκοπτούσης.
1302 2522 1347 2548 Διὸ
1359 2522 1498 2558 προσῆκεν
1512 2522 1642 2550 ἄσϐεστον
1658 2524 1688 2550 έν
1702 2525 1736 2559 τῇ
1750 2524 1851 2560 καρδία

877 2643 947 2671 νΑιι

877 2644 996 2673 VARIA‘:
1009 2646 1015 2673 l

265 2684 287 2701 "
301 2685 386 2721 ἀναζῇ
407 2694 437 2718 ς.
475 2687 498 2702 ⁷³
512 2687 646 2724 Ὄμηρος]
662 2688 712 2716 0d.
726 2697 754 2721 κ,
767 2689 827 2717 510.
858 2690 880 2706 ⁷⁵
897 2691 971 2727 ⁷Ιερ.]
986 2692 1015 2724 9,

265 2728 311 2746 ιετ.
324 2722 386 2747 add.
402 2721 456 2747 ΑΒ.
483 2722 506 2737 ⁷⁸
520 2723 579 2747 libri
594 2723 782 2747 ἀκακώτατόυ.
828 2725 851 2742 το
863 2725 901 2747 dn-
913 2727 927 2747 ἡ
940 2726 1015 2747 'Aﬁm

1069 2646 1201 2675 lTlONES

1069 2694 1129 2747 ·ρ”
1142 2702 1185 2746 ³2.
1200 2694 1321 2747 ξέῗξηκῖ-
1338 2695 1456 2747 {Lusii
1468 2696 1652 2747 55";1‘1119'.
1665 2698 1697 2747 ,ἴζ
1721 2698 1775 2747 *5}.
1785 2696 1848 2747 “EI?

225 2728 311 2762 τριετ.
324 2722 386 2762 add.
402 2721 456 2748 AB.
472 2722 506 2762 λ’
520 2721 792 2762 ΙΕΒι-ῑάκᾴκώτᾳτόνκ
804 2759 810 2762 _
828 2725 851 2742 "
863 2725 901 2757 ὡς
913 2721 1015 2761 ὀ”Ᾰϐρὶ

1080 2738 1110 2761 ς.

1161 2730 1185 2769 ῗο
1200 2730 1253 2769 65¢]
1268 2730 1322 2766 ἄρα
1334 2731 1388 2769 ΑΛΒ.
1410 2730 1455 2769 _"
1468 2732 1512 2759 διὰ
1530 2732 1620 2769 τοῦτο]
1641 2732 1708 2761 Luc.
1738 2741 1788 2766 xu.
1803 2733 1846 2762 56.

226 2755 435 2792 ξιὰνακλινῃπς.
471 2757 495 2774 ³⁸
507 2759 541 2793 τῇ
555 2765 610 2786 om.
621 2757 655 2786 A.
697 2758 720 2774 "
733 2755 898 2792 ἐπιθέμενος
908 2770 938 2794 ς.
975 2755 999 2778 ⁸⁵
1013 2773 1015 2778 ι

1073 2755 1135 2801 τθῆς]
1143 2765 1193 2798 τὰς
1203 2755 1227 2793 Β
1334 2755 1442 2802 ’ῐίτῆς

955 2809 1070 2839 NOTAE.

262 2847 319 2883 (92)
339 2848 396 2878 Prae
408 2857 437 2878 se
454 2850 579 2886 ferentia.
595 2851 786 2887 signiﬁcantia.
