  <div class='ocr_page' id='page_1' title='image "/cluster/home/n/w/nwhite01/storage/ocr_20150623/103/njp.32101010943882/717.png"; bbox 0 0 1920 3092; ppageno 0'>
   <div class='ocr_carea' id='block_1_1' title="bbox 218 118 285 153">
    <p class='ocr_par' dir='ltr' id='par_1_1' title="bbox 218 118 285 153">
     <span class='ocr_line' id='line_1_1' title="bbox 218 118 285 153; baseline -0.015 -1"><span class='ocrx_word' id='word_1_1' title='bbox 218 118 285 153; x_wconf 78' lang='grc'><strong>1167</strong></span> 
     </span>
    </p>
   </div>
   <div class='ocr_carea' id='block_1_2' title="bbox 793 121 1269 154">
    <p class='ocr_par' dir='ltr' id='par_1_2' title="bbox 793 121 1269 154">
     <span class='ocr_line' id='line_1_2' title="bbox 793 121 1269 154; baseline 0.004 -2"><span class='ocrx_word' id='word_1_2' title='bbox 793 121 923 152; x_wconf 79' lang='grc' dir='ltr'><strong>ΡΗΟΤῘῙ</strong></span> <span class='ocrx_word' id='word_1_3' title='bbox 943 122 1197 154; x_wconf 68' lang='lat' dir='ltr'><strong>PATRIARCHIE</strong></span> <span class='ocrx_word' id='word_1_4' title='bbox 1215 123 1269 154; x_wconf 72' lang='grc' dir='ltr'><strong>(ΞΡ.</strong></span> 
     </span>
    </p>
   </div>
   <div class='ocr_carea' id='block_1_3' title="bbox 218 175 1006 215">
    <p class='ocr_par' dir='ltr' id='par_1_3' title="bbox 218 175 1005 212">
     <span class='ocr_line' id='line_1_3' title="bbox 218 175 1005 212; baseline 0.001 -8"><span class='ocrx_word' id='word_1_5' title='bbox 218 176 394 205; x_wconf 74' lang='lat' dir='ltr'><strong>tabernacula</strong></span> <span class='ocrx_word' id='word_1_6' title='bbox 407 183 520 211; x_wconf 83' lang='lat' dir='ltr'><strong>corpora</strong></span> <span class='ocrx_word' id='word_1_7' title='bbox 535 175 610 209; x_wconf 91' lang='lat' dir='ltr'><strong>dicit,</strong></span> <span class='ocrx_word' id='word_1_8' title='bbox 629 176 657 203; x_wconf 91' lang='lat' dir='ltr'><strong>in</strong></span> <span class='ocrx_word' id='word_1_9' title='bbox 673 176 772 212; x_wconf 85' lang='lat' dir='ltr'><strong>quibus</strong></span> <span class='ocrx_word' id='word_1_10' title='bbox 789 178 875 205; x_wconf 91' lang='lat' dir='ltr'><strong>voluit</strong></span> <span class='ocrx_word' id='word_1_11' title='bbox 891 178 944 205; x_wconf 85' lang='lat' dir='ltr'><strong>vim</strong></span> <span class='ocrx_word' id='word_1_12' title='bbox 957 185 1005 206; x_wconf 86' lang='lat' dir='ltr'><strong>seu</strong></span> 
     </span>
    </p>
   </div>
   <div class='ocr_carea' id='block_1_4' title="bbox 1058 175 1852 215">
    <p class='ocr_par' dir='ltr' id='par_1_4' title="bbox 1058 178 1852 215">
     <span class='ocr_line' id='line_1_4' title="bbox 1058 178 1852 215; baseline 0.003 -10"><span class='ocrx_word' id='word_1_13' title='bbox 1058 178 1183 206; x_wconf 67' lang='grc' dir='ltr'>ισούλετο</span> <span class='ocrx_word' id='word_1_14' title='bbox 1203 179 1308 214; x_wconf 86' lang='grc' dir='ltr'>ταχέως</span> <span class='ocrx_word' id='word_1_15' title='bbox 1326 178 1480 214; x_wconf 79' lang='grc' dir='ltr'><strong>ἀναφθῆναι</strong></span> <span class='ocrx_word' id='word_1_16' title='bbox 1501 179 1551 214; x_wconf 81' lang='grc' dir='ltr'><strong>τὴν</strong></span> <span class='ocrx_word' id='word_1_17' title='bbox 1565 178 1723 213; x_wconf 74' lang='grc' dir='ltr'><strong>ὀξυκίνητον</strong></span> <span class='ocrx_word' id='word_1_18' title='bbox 1746 181 1798 215; x_wconf 86' lang='grc' dir='ltr'><strong>τῆς</strong></span> <span class='ocrx_word' id='word_1_19' title='bbox 1811 181 1852 207; x_wconf 85' lang='grc' dir='ltr'><strong>δι-</strong></span> 
     </span>
    </p>
   </div>
   <div class='ocr_carea' id='block_1_5' title="bbox 215 222 1007 259">
    <p class='ocr_par' dir='ltr' id='par_1_5' title="bbox 215 222 1007 259">
     <span class='ocr_line' id='line_1_5' title="bbox 215 222 1007 259; baseline 0.001 -9"><span class='ocrx_word' id='word_1_20' title='bbox 215 225 400 259; x_wconf 85' lang='lat' dir='ltr'><strong>operationem</strong></span> <span class='ocrx_word' id='word_1_21' title='bbox 427 223 555 250; x_wconf 73' lang='lat' dir='ltr'><strong>doctrina:</strong></span> <span class='ocrx_word' id='word_1_22' title='bbox 581 230 637 250; x_wconf 61' lang='lat' dir='ltr'><strong>sua:</strong></span> <span class='ocrx_word' id='word_1_23' title='bbox 657 222 804 251; x_wconf 71' lang='lat' dir='ltr'><strong>ferventem</strong></span> <span class='ocrx_word' id='word_1_24' title='bbox 830 228 858 251; x_wconf 87' lang='lat' dir='ltr'><strong>et</strong></span> <span class='ocrx_word' id='word_1_25' title='bbox 882 223 1007 252; x_wconf 76' lang='lat' dir='ltr'><strong>celeriter</strong></span> 
     </span>
    </p>
   </div>
   <div class='ocr_carea' id='block_1_6' title="bbox 216 267 1005 304">
    <p class='ocr_par' dir='ltr' id='par_1_6' title="bbox 216 267 1005 304">
     <span class='ocr_line' id='line_1_6' title="bbox 216 267 1005 304; baseline 0 -8"><span class='ocrx_word' id='word_1_26' title='bbox 216 270 341 296; x_wconf 82' lang='lat' dir='ltr'><strong>mobilem</strong></span> <span class='ocrx_word' id='word_1_27' title='bbox 359 267 508 304; x_wconf 77' lang='lat' dir='ltr'><strong>[subtilem]</strong></span> <span class='ocrx_word' id='word_1_28' title='bbox 528 269 638 296; x_wconf 83' lang='lat' dir='ltr'><strong>accendi</strong></span> <span class='ocrx_word' id='word_1_29' title='bbox 654 269 765 301; x_wconf 90' lang='lat' dir='ltr'><strong>;oleum</strong></span> <span class='ocrx_word' id='word_1_30' title='bbox 791 274 880 297; x_wconf 89' lang='lat' dir='ltr'><strong>autem</strong></span> <span class='ocrx_word' id='word_1_31' title='bbox 892 268 1005 303; x_wconf 67' lang='lat' dir='ltr'><strong>iustitia</strong></span> 
     </span>
    </p>
   </div>
   <div class='ocr_carea' id='block_1_7' title="bbox 217 313 1008 349">
    <p class='ocr_par' dir='ltr' id='par_1_7' title="bbox 217 313 1008 349">
     <span class='ocr_line' id='line_1_7' title="bbox 217 313 1008 349; baseline 0 -7"><span class='ocrx_word' id='word_1_32' title='bbox 217 319 244 342; x_wconf 87' lang='lat' dir='ltr'><strong>et</strong></span> <span class='ocrx_word' id='word_1_33' title='bbox 261 314 399 349; x_wconf 72' lang='lat' dir='ltr'><strong>sapientia:</strong></span> <span class='ocrx_word' id='word_1_34' title='bbox 413 314 625 348; x_wconf 70' lang='lat' dir='ltr'><strong>comparandum</strong></span> <span class='ocrx_word' id='word_1_35' title='bbox 645 323 652 341; x_wconf 90' lang='lat'>:</span> <span class='ocrx_word' id='word_1_36' title='bbox 675 321 725 349; x_wconf 90' lang='lat' dir='ltr'><strong>per</strong></span> <span class='ocrx_word' id='word_1_37' title='bbox 739 321 841 341; x_wconf 81' lang='lat' dir='ltr'><strong>moram</strong></span> <span class='ocrx_word' id='word_1_38' title='bbox 857 313 922 342; x_wconf 91' lang='lat' dir='ltr'><strong>illud</strong></span> <span class='ocrx_word' id='word_1_39' title='bbox 939 319 1008 342; x_wconf 79' lang='lat' dir='ltr'><strong>tem-</strong></span> 
     </span>
    </p>
   </div>
   <div class='ocr_carea' id='block_1_8' title="bbox 219 359 1007 394">
    <p class='ocr_par' dir='ltr' id='par_1_8' title="bbox 219 359 1007 394">
     <span class='ocr_line' id='line_1_8' title="bbox 219 359 1007 394; baseline 0.001 -7"><span class='ocrx_word' id='word_1_40' title='bbox 219 361 293 394; x_wconf 87' lang='lat' dir='ltr'><strong>poris</strong></span> <span class='ocrx_word' id='word_1_41' title='bbox 323 359 494 387; x_wconf 72' lang='lat' dir='ltr'><strong>intervallum</strong></span> <span class='ocrx_word' id='word_1_42' title='bbox 526 359 605 393; x_wconf 81' lang='lat' dir='ltr'><strong>dixit,</strong></span> <span class='ocrx_word' id='word_1_43' title='bbox 635 359 707 394; x_wconf 86' lang='lat' dir='ltr'><strong>quod</strong></span> <span class='ocrx_word' id='word_1_44' title='bbox 729 366 815 394; x_wconf 86' lang='lat' dir='ltr'><strong>usque</strong></span> <span class='ocrx_word' id='word_1_45' title='bbox 846 359 882 388; x_wconf 87' lang='lat' dir='ltr'><strong>ad</strong></span> <span class='ocrx_word' id='word_1_46' title='bbox 906 359 1007 388; x_wconf 80' lang='lat' dir='ltr'><strong>Christi</strong></span> 
     </span>
    </p>
   </div>
   <div class='ocr_carea' id='block_1_9' title="bbox 215 402 1008 439">
    <p class='ocr_par' dir='ltr' id='par_1_9' title="bbox 215 402 1008 439">
     <span class='ocr_line' id='line_1_9' title="bbox 215 402 1008 439; baseline 0.003 -9"><span class='ocrx_word' id='word_1_47' title='bbox 215 404 361 431; x_wconf 84' lang='lat' dir='ltr'><strong>adventum</strong></span> <span class='ocrx_word' id='word_1_48' title='bbox 383 402 538 439; x_wconf 85' lang='lat' dir='ltr'><strong>[judicium]</strong></span> <span class='ocrx_word' id='word_1_49' title='bbox 561 403 726 438; x_wconf 71' lang='lat' dir='ltr'><strong>porrigitur;</strong></span> <span class='ocrx_word' id='word_1_50' title='bbox 741 404 930 432; x_wconf 90' lang='lat' dir='ltr'><strong>dormitionem</strong></span> <span class='ocrx_word' id='word_1_51' title='bbox 942 411 1008 432; x_wconf 87' lang='lat' dir='ltr'><strong>vero</strong></span> 
     </span>
    </p>
   </div>
   <div class='ocr_carea' id='block_1_10' title="bbox 215 449 1005 484">
    <p class='ocr_par' dir='ltr' id='par_1_10' title="bbox 215 449 1005 484">
     <span class='ocr_line' id='line_1_10' title="bbox 215 449 1005 484; baseline 0.003 -9"><span class='ocrx_word' id='word_1_52' title='bbox 215 453 243 476; x_wconf 87' lang='lat' dir='ltr'><strong>et</strong></span> <span class='ocrx_word' id='word_1_53' title='bbox 270 456 394 484; x_wconf 82' lang='lat' dir='ltr'><strong>soporem</strong></span> <span class='ocrx_word' id='word_1_54' title='bbox 414 449 536 482; x_wconf 79' lang='lat' dir='ltr'><strong>virginis,</strong></span> <span class='ocrx_word' id='word_1_55' title='bbox 552 449 654 476; x_wconf 76' lang='lat' dir='ltr'><strong>exitum</strong></span> <span class='ocrx_word' id='word_1_56' title='bbox 676 457 711 477; x_wconf 82' lang='lat' dir='ltr'><strong>ex</strong></span> <span class='ocrx_word' id='word_1_57' title='bbox 735 450 788 477; x_wconf 89' lang='lat' dir='ltr'><strong>hac</strong></span> <span class='ocrx_word' id='word_1_58' title='bbox 809 450 876 478; x_wconf 88' lang='lat' dir='ltr'><strong>vita.</strong></span> <span class='ocrx_word' id='word_1_59' title='bbox 889 449 1005 478; x_wconf 79' lang='lat' dir='ltr'><strong>Mediam</strong></span> 
     </span>
    </p>
   </div>
   <div class='ocr_carea' id='block_1_11' title="bbox 217 495 1007 531">
    <p class='ocr_par' dir='ltr' id='par_1_11' title="bbox 217 495 1007 531">
     <span class='ocr_line' id='line_1_11' title="bbox 217 495 1007 531; baseline 0.003 -9"><span class='ocrx_word' id='word_1_60' title='bbox 217 501 324 522; x_wconf 86' lang='lat' dir='ltr'><strong>noctem</strong></span> <span class='ocrx_word' id='word_1_61' title='bbox 338 503 401 522; x_wconf 88' lang='lat' dir='ltr'><strong>vero</strong></span> <span class='ocrx_word' id='word_1_62' title='bbox 415 495 577 522; x_wconf 80' lang='lat' dir='ltr'><strong>Antichristi</strong></span> <span class='ocrx_word' id='word_1_63' title='bbox 592 503 716 531; x_wconf 91' lang='lat' dir='ltr'><strong>regnum,</strong></span> <span class='ocrx_word' id='word_1_64' title='bbox 728 503 783 531; x_wconf 87' lang='lat' dir='ltr'><strong>qua</strong></span> <span class='ocrx_word' id='word_1_65' title='bbox 800 501 880 524; x_wconf 89' lang='lat' dir='ltr'><strong>nocte</strong></span> <span class='ocrx_word' id='word_1_66' title='bbox 896 496 1007 531; x_wconf 83' lang='lat' dir='ltr'><strong>angelus</strong></span> 
     </span>
    </p>
   </div>
   <div class='ocr_carea' id='block_1_12' title="bbox 217 541 1007 578">
    <p class='ocr_par' dir='ltr' id='par_1_12' title="bbox 217 541 1007 578">
     <span class='ocr_line' id='line_1_12' title="bbox 217 541 1007 578; baseline 0.001 -9"><span class='ocrx_word' id='word_1_67' title='bbox 217 542 339 575; x_wconf 84' lang='lat' dir='ltr'><strong>perditor</strong></span> <span class='ocrx_word' id='word_1_68' title='bbox 368 541 464 569; x_wconf 83' lang='lat' dir='ltr'><strong>domos</strong></span> <span class='ocrx_word' id='word_1_69' title='bbox 494 542 632 576; x_wconf 81' lang='lat' dir='ltr'><strong>pervadet.</strong></span> <span class='ocrx_word' id='word_1_70' title='bbox 658 542 813 570; x_wconf 79' lang='lat' dir='ltr'><strong>Clamorem</strong></span> <span class='ocrx_word' id='word_1_71' title='bbox 843 547 934 570; x_wconf 87' lang='lat' dir='ltr'><strong>autem</strong></span> <span class='ocrx_word' id='word_1_72' title='bbox 960 543 1007 578; x_wconf 91' lang='lat' dir='ltr'><strong>qui</strong></span> 
     </span>
    </p>
   </div>
   <div class='ocr_carea' id='block_1_13' title="bbox 216 588 1007 623">
    <p class='ocr_par' dir='ltr' id='par_1_13' title="bbox 216 588 1007 623">
     <span class='ocr_line' id='line_1_13' title="bbox 216 588 1007 623; baseline 0.003 -7"><span class='ocrx_word' id='word_1_73' title='bbox 216 588 283 616; x_wconf 84' lang='lat' dir='ltr'><strong>dicit</strong></span> <span class='ocrx_word' id='word_1_74' title='bbox 296 597 304 616; x_wconf 91' lang='lat'><strong>:</strong></span> <span class='ocrx_word' id='word_1_75' title='bbox 323 589 392 616; x_wconf 77' lang='lat' dir='ltr'><strong>Ecce</strong></span> <span class='ocrx_word' id='word_1_76' title='bbox 406 597 516 619; x_wconf 72' lang='lat' dir='ltr'><strong>sponsu</strong></span> <span class='ocrx_word' id='word_1_77' title='bbox 539 590 618 621; x_wconf 73' lang='lat' dir='ltr'><strong>venit,</strong></span> <span class='ocrx_word' id='word_1_78' title='bbox 634 590 702 616; x_wconf 68' lang='lat' dir='ltr'><strong>exite</strong></span> <span class='ocrx_word' id='word_1_79' title='bbox 715 588 819 616; x_wconf 71' lang='lat' dir='ltr'><strong>obuiam</strong></span> <span class='ocrx_word' id='word_1_80' title='bbox 832 590 856 617; x_wconf 77' lang='lat' dir='ltr'><strong>ei</strong></span> <span class='ocrx_word' id='word_1_81' title='bbox 869 589 897 623; x_wconf 70' lang='grc' dir='ltr'>ἀ,</span> <span class='ocrx_word' id='word_1_82' title='bbox 913 597 1007 618; x_wconf 86' lang='lat' dir='ltr'><strong>vocem</strong></span> 
     </span>
    </p>
   </div>
   <div class='ocr_carea' id='block_1_14' title="bbox 217 635 1007 671">
    <p class='ocr_par' dir='ltr' id='par_1_14' title="bbox 217 635 1007 671">
     <span class='ocr_line' id='line_1_14' title="bbox 217 635 1007 671; baseline 0.003 -9"><span class='ocrx_word' id='word_1_83' title='bbox 217 642 232 662; x_wconf 89' lang='lat' dir='ltr'><strong>e</strong></span> <span class='ocrx_word' id='word_1_84' title='bbox 247 635 317 663; x_wconf 82' lang='lat' dir='ltr'><strong>ccelo</strong></span> <span class='ocrx_word' id='word_1_85' title='bbox 336 640 364 662; x_wconf 88' lang='lat' dir='ltr'><strong>et</strong></span> <span class='ocrx_word' id='word_1_86' title='bbox 378 635 469 663; x_wconf 84' lang='lat' dir='ltr'><strong>tubam</strong></span> <span class='ocrx_word' id='word_1_87' title='bbox 495 635 604 668; x_wconf 84' lang='lat' dir='ltr'><strong>quando</strong></span> <span class='ocrx_word' id='word_1_88' title='bbox 619 642 714 662; x_wconf 76' lang='lat' dir='ltr'><strong>omnes</strong></span> <span class='ocrx_word' id='word_1_89' title='bbox 730 635 933 671; x_wconf 83' lang='lat' dir='ltr'><strong>resurgentibus</strong></span> <span class='ocrx_word' id='word_1_90' title='bbox 943 643 1007 671; x_wconf 76' lang='lat' dir='ltr'><strong>pro-</strong></span> 
     </span>
    </p>
   </div>
   <div class='ocr_carea' id='block_1_15' title="bbox 218 680 1009 716">
    <p class='ocr_par' dir='ltr' id='par_1_15' title="bbox 218 680 1009 716">
     <span class='ocr_line' id='line_1_15' title="bbox 218 680 1009 716; baseline 0.001 -8"><span class='ocrx_word' id='word_1_91' title='bbox 218 681 284 715; x_wconf 84' lang='lat' dir='ltr'><strong>priis</strong></span> <span class='ocrx_word' id='word_1_92' title='bbox 311 681 480 716; x_wconf 80' lang='lat' dir='ltr'><strong>carporibus,</strong></span> <span class='ocrx_word' id='word_1_93' title='bbox 505 680 620 708; x_wconf 88' lang='lat' dir='ltr'><strong>nubibus</strong></span> <span class='ocrx_word' id='word_1_94' title='bbox 644 680 713 708; x_wconf 81' lang='lat' dir='ltr'><strong>vecti</strong></span> <span class='ocrx_word' id='word_1_95' title='bbox 737 681 846 709; x_wconf 80' lang='lat' dir='ltr'><strong>obviam</strong></span> <span class='ocrx_word' id='word_1_96' title='bbox 867 682 1009 716; x_wconf 80' lang='lat' dir='ltr'><strong>rapientur</strong></span> 
     </span>
    </p>
   </div>
   <div class='ocr_carea' id='block_1_16' title="bbox 218 726 370 755">
    <p class='ocr_par' dir='ltr' id='par_1_16' title="bbox 218 726 370 755">
     <span class='ocr_line' id='line_1_16' title="bbox 218 726 370 755; baseline 0.007 -1"><span class='ocrx_word' id='word_1_97' title='bbox 218 726 332 754; x_wconf 84' lang='lat' dir='ltr'><strong>Domino</strong></span> <span class='ocrx_word' id='word_1_98' title='bbox 346 732 370 755; x_wconf 76' lang='grc' dir='ltr'>ε.</span> 
     </span>
    </p>
   </div>
   <div class='ocr_carea' id='block_1_17' title="bbox 254 771 1008 807">
    <p class='ocr_par' dir='ltr' id='par_1_17' title="bbox 254 771 1008 807">
     <span class='ocr_line' id='line_1_17' title="bbox 254 771 1008 807; baseline 0 -9"><span class='ocrx_word' id='word_1_99' title='bbox 254 773 320 799; x_wconf 75' lang='lat' dir='ltr'><strong>Cum</strong></span> <span class='ocrx_word' id='word_1_100' title='bbox 336 773 370 800; x_wconf 93' lang='lat' dir='ltr'><strong>de</strong></span> <span class='ocrx_word' id='word_1_101' title='bbox 385 772 536 807; x_wconf 71' lang='lat' dir='ltr'><strong>virginibus</strong></span> <span class='ocrx_word' id='word_1_102' title='bbox 550 777 578 800; x_wconf 87' lang='lat' dir='ltr'><strong>et</strong></span> <span class='ocrx_word' id='word_1_103' title='bbox 589 772 671 800; x_wconf 87' lang='lat' dir='ltr'><strong>castis</strong></span> <span class='ocrx_word' id='word_1_104' title='bbox 684 772 785 799; x_wconf 89' lang='lat' dir='ltr'><strong>animis</strong></span> <span class='ocrx_word' id='word_1_105' title='bbox 795 771 910 807; x_wconf 87' lang='lat' dir='ltr'><strong>plurima</strong></span> <span class='ocrx_word' id='word_1_106' title='bbox 923 771 1008 799; x_wconf 86' lang='lat' dir='ltr'><strong>dixis-</strong></span> 
     </span>
    </p>
   </div>
   <div class='ocr_carea' id='block_1_18' title="bbox 218 816 1007 853">
    <p class='ocr_par' dir='ltr' id='par_1_18' title="bbox 218 816 1007 853">
     <span class='ocr_line' id='line_1_18' title="bbox 218 816 1007 853; baseline -0.003 -7"><span class='ocrx_word' id='word_1_107' title='bbox 218 823 270 852; x_wconf 86' lang='lat' dir='ltr'><strong>set,</strong></span> <span class='ocrx_word' id='word_1_108' title='bbox 285 823 313 846; x_wconf 90' lang='lat' dir='ltr'><strong>et</strong></span> <span class='ocrx_word' id='word_1_109' title='bbox 326 818 379 846; x_wconf 84' lang='lat' dir='ltr'><strong>hoc</strong></span> <span class='ocrx_word' id='word_1_110' title='bbox 397 818 490 845; x_wconf 77' lang='lat' dir='ltr'><strong>infert.</strong></span> <span class='ocrx_word' id='word_1_111' title='bbox 505 818 559 845; x_wconf 80' lang='lat' dir='ltr'><strong>Has</strong></span> <span class='ocrx_word' id='word_1_112' title='bbox 578 818 660 853; x_wconf 79' lang='lat' dir='ltr'><strong>igitur</strong></span> <span class='ocrx_word' id='word_1_113' title='bbox 675 818 747 845; x_wconf 86' lang='lat' dir='ltr'><strong>solas</strong></span> <span class='ocrx_word' id='word_1_114' title='bbox 762 817 877 850; x_wconf 83' lang='lat' dir='ltr'><strong>animas,</strong></span> <span class='ocrx_word' id='word_1_115' title='bbox 893 816 1007 844; x_wconf 82' lang='lat' dir='ltr'><strong>electam</strong></span> 
     </span>
    </p>
   </div>
   <div class='ocr_carea' id='block_1_19' title="bbox 1057 225 1851 261">
    <p class='ocr_par' dir='ltr' id='par_1_19' title="bbox 1057 225 1851 261">
     <span class='ocr_line' id='line_1_19' title="bbox 1057 225 1851 261; baseline 0.001 -9"><span class='ocrx_word' id='word_1_116' title='bbox 1057 225 1205 257; x_wconf 83' lang='grc' dir='ltr'>δασκαλίας</span> <span class='ocrx_word' id='word_1_117' title='bbox 1217 225 1300 252; x_wconf 79' lang='grc' dir='ltr'>αὐτοῦ</span> <span class='ocrx_word' id='word_1_118' title='bbox 1320 226 1367 253; x_wconf 81' lang='grc' dir='ltr'>καὶ</span> <span class='ocrx_word' id='word_1_119' title='bbox 1383 225 1515 261; x_wconf 73' lang='grc' dir='ltr'><strong>διάπυρον</strong></span> <span class='ocrx_word' id='word_1_120' title='bbox 1528 225 1628 260; x_wconf 82' lang='grc' dir='ltr'>πρᾶξιν</span> <span class='ocrx_word' id='word_1_121' title='bbox 1639 225 1680 261; x_wconf 83' lang='grc' dir='ltr'>(τὺ</span> <span class='ocrx_word' id='word_1_122' title='bbox 1693 225 1749 261; x_wconf 87' lang='grc' dir='ltr'>γὰρ</span> <span class='ocrx_word' id='word_1_123' title='bbox 1763 227 1851 253; x_wconf 79' lang='grc' dir='ltr'>ἔλαιον</span> 
     </span>
    </p>
   </div>
   <div class='ocr_carea' id='block_1_20' title="bbox 1057 270 1851 306">
    <p class='ocr_par' dir='ltr' id='par_1_20' title="bbox 1057 270 1851 306">
     <span class='ocr_line' id='line_1_20' title="bbox 1057 270 1851 306; baseline 0.003 -10"><span class='ocrx_word' id='word_1_124' title='bbox 1057 272 1090 305; x_wconf 82' lang='grc' dir='ltr'>τῇ</span> <span class='ocrx_word' id='word_1_125' title='bbox 1102 270 1261 306; x_wconf 79' lang='grc' dir='ltr'>δικαιοσύνῃ</span> <span class='ocrx_word' id='word_1_126' title='bbox 1277 270 1324 297; x_wconf 75' lang='grc' dir='ltr'>καὶ</span> <span class='ocrx_word' id='word_1_127' title='bbox 1332 272 1365 306; x_wconf 79' lang='grc' dir='ltr'><strong>τῇ</strong></span> <span class='ocrx_word' id='word_1_128' title='bbox 1380 270 1462 305; x_wconf 77' lang='grc' dir='ltr'>σοφίᾳ.</span> <span class='ocrx_word' id='word_1_129' title='bbox 1473 270 1686 305; x_wconf 79' lang='grc' dir='ltr'>παραϐλητέον),</span> <span class='ocrx_word' id='word_1_130' title='bbox 1703 272 1851 306; x_wconf 75' lang='grc' dir='ltr'><strong>χρονισμὸν</strong></span> 
     </span>
    </p>
   </div>
   <div class='ocr_carea' id='block_1_21' title="bbox 1057 316 1850 353">
    <p class='ocr_par' dir='ltr' id='par_1_21' title="bbox 1057 316 1850 353">
     <span class='ocr_line' id='line_1_21' title="bbox 1057 316 1850 353; baseline 0.001 -10"><span class='ocrx_word' id='word_1_131' title='bbox 1057 317 1086 343; x_wconf 80' lang='grc' dir='ltr'><strong>δὲ</strong></span> <span class='ocrx_word' id='word_1_132' title='bbox 1103 317 1135 343; x_wconf 76' lang='grc' dir='ltr'>τὸ</span> <span class='ocrx_word' id='word_1_133' title='bbox 1159 317 1212 352; x_wconf 82' lang='grc' dir='ltr'><strong>πρὸ</strong></span> <span class='ocrx_word' id='word_1_134' title='bbox 1234 317 1286 352; x_wconf 83' lang='grc' dir='ltr'>τῆς</span> <span class='ocrx_word' id='word_1_135' title='bbox 1299 317 1453 353; x_wconf 80' lang='grc' dir='ltr'>παρουσίας</span> <span class='ocrx_word' id='word_1_136' title='bbox 1474 317 1612 352; x_wconf 86' lang='grc' dir='ltr'>διάστημα</span> <span class='ocrx_word' id='word_1_137' title='bbox 1637 316 1685 344; x_wconf 85' lang='grc' dir='ltr'><strong>τοῦ</strong></span> <span class='ocrx_word' id='word_1_138' title='bbox 1720 317 1850 350; x_wconf 77' lang='grc' dir='ltr'><strong>Χριστοῦ,</strong></span> 
     </span>
    </p>
   </div>
   <div class='ocr_carea' id='block_1_22' title="bbox 1058 361 1851 397">
    <p class='ocr_par' dir='ltr' id='par_1_22' title="bbox 1058 361 1851 397">
     <span class='ocr_line' id='line_1_22' title="bbox 1058 361 1851 397; baseline 0.001 -9"><span class='ocrx_word' id='word_1_139' title='bbox 1058 362 1213 397; x_wconf 77' lang='grc' dir='ltr'>νυσταγμὸν</span> <span class='ocrx_word' id='word_1_140' title='bbox 1229 361 1256 388; x_wconf 79' lang='grc' dir='ltr'><strong>δὲ</strong></span> <span class='ocrx_word' id='word_1_141' title='bbox 1275 362 1322 389; x_wconf 71' lang='grc' dir='ltr'>καὶ</span> <span class='ocrx_word' id='word_1_142' title='bbox 1339 361 1467 397; x_wconf 86' lang='grc' dir='ltr'>κοίμησιν</span> <span class='ocrx_word' id='word_1_143' title='bbox 1480 362 1529 396; x_wconf 85' lang='grc' dir='ltr'>τῆς</span> <span class='ocrx_word' id='word_1_144' title='bbox 1543 361 1680 397; x_wconf 81' lang='grc' dir='ltr'><strong>παρθένου</strong></span> <span class='ocrx_word' id='word_1_145' title='bbox 1696 362 1748 397; x_wconf 78' lang='grc' dir='ltr'><strong>τὴν</strong></span> <span class='ocrx_word' id='word_1_146' title='bbox 1761 363 1851 396; x_wconf 77' lang='grc' dir='ltr'>ἔξοδον</span> 
     </span>
    </p>
   </div>
   <div class='ocr_carea' id='block_1_23' title="bbox 1057 405 1850 442">
    <p class='ocr_par' dir='ltr' id='par_1_23' title="bbox 1057 405 1850 442">
     <span class='ocr_line' id='line_1_23' title="bbox 1057 405 1850 442; baseline 0.001 -10"><span class='ocrx_word' id='word_1_147' title='bbox 1057 406 1107 441; x_wconf 78' lang='grc' dir='ltr'>τήν</span> <span class='ocrx_word' id='word_1_148' title='bbox 1123 406 1178 433; x_wconf 82' lang='grc' dir='ltr'><strong>ἀπὸ</strong></span> <span class='ocrx_word' id='word_1_149' title='bbox 1198 407 1245 433; x_wconf 78' lang='grc' dir='ltr'><strong>τοῦ</strong></span> <span class='ocrx_word' id='word_1_150' title='bbox 1261 406 1330 442; x_wconf 85' lang='grc' dir='ltr'>βίου,</span> <span class='ocrx_word' id='word_1_151' title='bbox 1351 407 1526 442; x_wconf 80' lang='grc' dir='ltr'><strong>μεσονύκτιον</strong></span> <span class='ocrx_word' id='word_1_152' title='bbox 1541 405 1569 432; x_wconf 73' lang='grc' dir='ltr'><strong>δὲ</strong></span> <span class='ocrx_word' id='word_1_153' title='bbox 1584 405 1634 441; x_wconf 83' lang='grc' dir='ltr'><strong>τὴν</strong></span> <span class='ocrx_word' id='word_1_154' title='bbox 1650 405 1792 441; x_wconf 85' lang='grc' dir='ltr'>βασιλείαν</span> <span class='ocrx_word' id='word_1_155' title='bbox 1803 407 1850 433; x_wconf 86' lang='grc' dir='ltr'>τοῦ</span> 
     </span>
    </p>
   </div>
   <div class='ocr_carea' id='block_1_24' title="bbox 1057 451 1851 488">
    <p class='ocr_par' dir='ltr' id='par_1_24' title="bbox 1057 451 1851 488">
     <span class='ocr_line' id='line_1_24' title="bbox 1057 451 1851 488; baseline -0.001 -9"><span class='ocrx_word' id='word_1_156' title='bbox 1057 452 1242 488; x_wconf 78' lang='grc' dir='ltr'>ἀντιχρίστου,</span> <span class='ocrx_word' id='word_1_157' title='bbox 1256 452 1318 479; x_wconf 83' lang='grc' dir='ltr'>καθ’</span> <span class='ocrx_word' id='word_1_158' title='bbox 1340 453 1373 488; x_wconf 79' lang='grc' dir='ltr'>ἢν</span> <span class='ocrx_word' id='word_1_159' title='bbox 1383 451 1399 478; x_wconf 82' lang='grc' dir='ltr'><strong>ὸ</strong></span> <span class='ocrx_word' id='word_1_160' title='bbox 1422 451 1586 486; x_wconf 82' lang='grc' dir='ltr'>όλοθρευτὴς</span> <span class='ocrx_word' id='word_1_161' title='bbox 1596 471 1604 484; x_wconf 90' lang='grc'><strong>,</strong></span> <span class='ocrx_word' id='word_1_162' title='bbox 1622 451 1739 486; x_wconf 79' lang='grc' dir='ltr'>ἄγγελος</span> <span class='ocrx_word' id='word_1_163' title='bbox 1754 453 1851 479; x_wconf 68' lang='grc' dir='ltr'>ἐπιπο-</span> 
     </span>
    </p>
   </div>
   <div class='ocr_carea' id='block_1_25' title="bbox 1059 497 1851 534">
    <p class='ocr_par' dir='ltr' id='par_1_25' title="bbox 1059 497 1851 534">
     <span class='ocr_line' id='line_1_25' title="bbox 1059 497 1851 534; baseline 0.001 -10"><span class='ocrx_word' id='word_1_164' title='bbox 1059 498 1169 534; x_wconf 82' lang='grc' dir='ltr'>ρεύεται</span> <span class='ocrx_word' id='word_1_165' title='bbox 1195 498 1244 529; x_wconf 83' lang='grc' dir='ltr'>τὰς</span> <span class='ocrx_word' id='word_1_166' title='bbox 1267 497 1368 528; x_wconf 73' lang='grc' dir='ltr'>οἰκίας,</span> <span class='ocrx_word' id='word_1_167' title='bbox 1398 497 1522 533; x_wconf 75' lang='grc' dir='ltr'>κραυγὴν</span> <span class='ocrx_word' id='word_1_168' title='bbox 1531 497 1561 524; x_wconf 73' lang='grc' dir='ltr'><strong>δὲ</strong></span> <span class='ocrx_word' id='word_1_169' title='bbox 1578 497 1728 532; x_wconf 80' lang='grc' dir='ltr'>λέγουσαν·</span> <span class='ocrx_word' id='word_1_170' title='bbox 1747 498 1821 525; x_wconf 75' lang='grc' dir='ltr'><strong>Ἰδοὺ</strong></span> <span class='ocrx_word' id='word_1_171' title='bbox 1834 499 1851 525; x_wconf 85' lang='grc' dir='ltr'><em>ὁ</em></span> 
     </span>
    </p>
   </div>
   <div class='ocr_carea' id='block_1_26' title="bbox 1057 542 1850 578">
    <p class='ocr_par' dir='ltr' id='par_1_26' title="bbox 1057 542 1850 578">
     <span class='ocr_line' id='line_1_26' title="bbox 1057 542 1850 578; baseline -0.001 -7"><span class='ocrx_word' id='word_1_172' title='bbox 1057 544 1203 578; x_wconf 71' lang='grc' dir='ltr'>Νυμφίας·</span> <span class='ocrx_word' id='word_1_173' title='bbox 1219 543 1345 578; x_wconf 68' lang='grc' dir='ltr'>ἔρχεσθε</span> <span class='ocrx_word' id='word_1_174' title='bbox 1355 544 1378 560; x_wconf 85' lang='grc'><strong>⁹¹</strong></span> <span class='ocrx_word' id='word_1_175' title='bbox 1390 544 1434 575; x_wconf 80' lang='grc' dir='ltr'>εις</span> <span class='ocrx_word' id='word_1_176' title='bbox 1448 542 1633 578; x_wconf 75' lang='grc' dir='ltr'>ἀπάντησιν,</span> <span class='ocrx_word' id='word_1_177' title='bbox 1647 543 1698 577; x_wconf 79' lang='grc' dir='ltr'>τὴν</span> <span class='ocrx_word' id='word_1_178' title='bbox 1717 543 1773 570; x_wconf 72' lang='grc' dir='ltr'>ἀπὸ</span> <span class='ocrx_word' id='word_1_179' title='bbox 1796 543 1850 570; x_wconf 80' lang='grc' dir='ltr'><strong>τῶν</strong></span> 
     </span>
    </p>
   </div>
   <div class='ocr_carea' id='block_1_27' title="bbox 1057 588 1851 625">
    <p class='ocr_par' dir='ltr' id='par_1_27' title="bbox 1057 588 1851 625">
     <span class='ocr_line' id='line_1_27' title="bbox 1057 588 1851 625; baseline -0.003 -9"><span class='ocrx_word' id='word_1_180' title='bbox 1057 590 1180 625; x_wconf 83' lang='grc' dir='ltr'>οὐρανῶν</span> <span class='ocrx_word' id='word_1_181' title='bbox 1210 588 1303 625; x_wconf 79' lang='grc' dir='ltr'>φωνὴν</span> <span class='ocrx_word' id='word_1_182' title='bbox 1319 589 1367 616; x_wconf 76' lang='grc' dir='ltr'>καὶ</span> <span class='ocrx_word' id='word_1_183' title='bbox 1388 589 1547 624; x_wconf 79' lang='grc' dir='ltr'><strong>σάλπιγγα,</strong></span> <span class='ocrx_word' id='word_1_184' title='bbox 1571 589 1653 616; x_wconf 71' lang='grc' dir='ltr'>ὁπότε</span> <span class='ocrx_word' id='word_1_185' title='bbox 1683 589 1786 620; x_wconf 80' lang='grc' dir='ltr'>πάντες</span> <span class='ocrx_word' id='word_1_186' title='bbox 1808 588 1851 622; x_wconf 72' lang='grc' dir='ltr'>ιε.</span> 
     </span>
    </p>
   </div>
   <div class='ocr_carea' id='block_1_28' title="bbox 1057 633 1851 669">
    <p class='ocr_par' dir='ltr' id='par_1_28' title="bbox 1057 633 1851 669">
     <span class='ocr_line' id='line_1_28' title="bbox 1057 633 1851 669; baseline -0.003 -7"><span class='ocrx_word' id='word_1_187' title='bbox 1057 634 1232 662; x_wconf 84' lang='grc' dir='ltr'>αναστάντων</span> <span class='ocrx_word' id='word_1_188' title='bbox 1266 635 1358 667; x_wconf 73' lang='grc' dir='ltr'>αὐτοῖς</span> <span class='ocrx_word' id='word_1_189' title='bbox 1379 633 1435 660; x_wconf 83' lang='grc' dir='ltr'><strong>τῶν</strong></span> <span class='ocrx_word' id='word_1_190' title='bbox 1472 634 1606 669; x_wconf 84' lang='grc' dir='ltr'>σωμάτων</span> <span class='ocrx_word' id='word_1_191' title='bbox 1649 634 1696 660; x_wconf 64' lang='grc' dir='ltr'><strong>ἐπὶ</strong></span> <span class='ocrx_word' id='word_1_192' title='bbox 1729 634 1851 669; x_wconf 77' lang='grc' dir='ltr'><strong>νεφελῶν</strong></span> 
     </span>
    </p>
   </div>
   <div class='ocr_carea' id='block_1_29' title="bbox 1057 679 1852 716">
    <p class='ocr_par' dir='ltr' id='par_1_29' title="bbox 1057 679 1852 716">
     <span class='ocr_line' id='line_1_29' title="bbox 1057 679 1852 716; baseline -0.003 -8"><span class='ocrx_word' id='word_1_193' title='bbox 1057 682 1214 716; x_wconf 83' lang='grc' dir='ltr'>ὀχήσονται,</span> <span class='ocrx_word' id='word_1_194' title='bbox 1233 680 1275 713; x_wconf 86' lang='grc' dir='ltr'><strong>εις</strong></span> <span class='ocrx_word' id='word_1_195' title='bbox 1291 680 1341 716; x_wconf 84' lang='grc' dir='ltr'>τὴν</span> <span class='ocrx_word' id='word_1_196' title='bbox 1359 680 1512 716; x_wconf 77' lang='grc' dir='ltr'>ἀπάντησιν</span> <span class='ocrx_word' id='word_1_197' title='bbox 1526 680 1713 716; x_wconf 79' lang='grc' dir='ltr'><strong>ἁρπασθέντες</strong></span> <span class='ocrx_word' id='word_1_198' title='bbox 1727 679 1774 707; x_wconf 81' lang='grc' dir='ltr'>τοῦ</span> <span class='ocrx_word' id='word_1_199' title='bbox 1795 681 1852 706; x_wconf 82' lang='lat' dir='ltr'><strong>Ku-</strong></span> 
     </span>
    </p>
   </div>
   <div class='ocr_carea' id='block_1_30' title="bbox 1059 727 1130 763">
    <p class='ocr_par' dir='ltr' id='par_1_30' title="bbox 1059 727 1130 763">
     <span class='ocr_line' id='line_1_30' title="bbox 1059 727 1130 763; baseline 0.014 -10"><span class='ocrx_word' id='word_1_200' title='bbox 1059 727 1130 763; x_wconf 89' lang='grc' dir='ltr'>ρίου.</span> 
     </span>
    </p>
   </div>
   <div class='ocr_carea' id='block_1_31' title="bbox 1093 770 1852 808">
    <p class='ocr_par' dir='ltr' id='par_1_31' title="bbox 1093 770 1852 808">
     <span class='ocr_line' id='line_1_31' title="bbox 1093 770 1852 808; baseline -0.003 -8"><span class='ocrx_word' id='word_1_201' title='bbox 1093 773 1156 800; x_wconf 89' lang='grc' dir='ltr'>Ὅτι</span> <span class='ocrx_word' id='word_1_202' title='bbox 1166 772 1233 808; x_wconf 83' lang='grc' dir='ltr'>περὶ</span> <span class='ocrx_word' id='word_1_203' title='bbox 1244 771 1300 799; x_wconf 87' lang='grc' dir='ltr'><strong>τῶν</strong></span> <span class='ocrx_word' id='word_1_204' title='bbox 1309 771 1453 807; x_wconf 78' lang='grc' dir='ltr'>παρθένων</span> <span class='ocrx_word' id='word_1_205' title='bbox 1468 771 1517 798; x_wconf 79' lang='grc' dir='ltr'>καὶ</span> <span class='ocrx_word' id='word_1_206' title='bbox 1528 770 1619 806; x_wconf 78' lang='grc' dir='ltr'>ἁγνῶν</span> <span class='ocrx_word' id='word_1_207' title='bbox 1627 771 1724 807; x_wconf 81' lang='grc' dir='ltr'>ψυχῶν</span> <span class='ocrx_word' id='word_1_208' title='bbox 1738 771 1852 799; x_wconf 76' lang='grc' dir='ltr'>πλεῖστα</span> 
     </span>
    </p>
   </div>
   <div class='ocr_carea' id='block_1_32' title="bbox 1058 817 1852 855">
    <p class='ocr_par' dir='ltr' id='par_1_32' title="bbox 1058 817 1852 855">
     <span class='ocr_line' id='line_1_32' title="bbox 1058 817 1852 855; baseline 0 -9"><span class='ocrx_word' id='word_1_209' title='bbox 1058 819 1144 846; x_wconf 73' lang='grc' dir='ltr'>εἰπὼν</span> <span class='ocrx_word' id='word_1_210' title='bbox 1169 818 1296 855; x_wconf 73' lang='grc' dir='ltr'>ἐπιφέρει</span> <span class='ocrx_word' id='word_1_211' title='bbox 1319 818 1368 846; x_wconf 81' lang='grc' dir='ltr'><strong>καὶ</strong></span> <span class='ocrx_word' id='word_1_212' title='bbox 1393 817 1484 846; x_wconf 75' lang='grc' dir='ltr'>τοῦτο.</span> <span class='ocrx_word' id='word_1_213' title='bbox 1507 817 1620 852; x_wconf 78' lang='grc' dir='ltr'>’Δμέλει</span> <span class='ocrx_word' id='word_1_214' title='bbox 1644 818 1748 850; x_wconf 79' lang='grc' dir='ltr'>ταύτας</span> <span class='ocrx_word' id='word_1_215' title='bbox 1770 819 1852 854; x_wconf 80' lang='grc' dir='ltr'>μόνον</span> 
     </span>
    </p>
   </div>
   <div class='ocr_carea' id='block_1_33' title="bbox 217 858 1006 901">
    <p class='ocr_par' dir='ltr' id='par_1_33' title="bbox 217 863 1006 900">
     <span class='ocr_line' id='line_1_33' title="bbox 217 863 1006 900; baseline -0.003 -8"><span class='ocrx_word' id='word_1_216' title='bbox 217 872 344 900; x_wconf 78' lang='lat' dir='ltr'><strong>sponsam</strong></span> <span class='ocrx_word' id='word_1_217' title='bbox 374 872 461 897; x_wconf 79' lang='lat' dir='ltr'><strong>suam.</strong></span> <span class='ocrx_word' id='word_1_218' title='bbox 478 863 596 892; x_wconf 87' lang='lat' dir='ltr'><strong>Verbum</strong></span> <span class='ocrx_word' id='word_1_219' title='bbox 612 869 701 897; x_wconf 83' lang='lat' dir='ltr'><strong>vocat,</strong></span> <span class='ocrx_word' id='word_1_220' title='bbox 724 863 842 898; x_wconf 87' lang='lat' dir='ltr'><strong>reliquas</strong></span> <span class='ocrx_word' id='word_1_221' title='bbox 856 870 923 891; x_wconf 78' lang='lat' dir='ltr'><strong>vero</strong></span> <span class='ocrx_word' id='word_1_222' title='bbox 937 870 1006 891; x_wconf 83' lang='lat' dir='ltr'><strong>cou-</strong></span> 
     </span>
    </p>
   </div>
   <div class='ocr_carea' id='block_1_34' title="bbox 1058 858 1851 901">
    <p class='ocr_par' dir='ltr' id='par_1_34' title="bbox 1058 863 1851 901">
     <span class='ocr_line' id='line_1_34' title="bbox 1058 863 1851 901; baseline -0.001 -9"><span class='ocrx_word' id='word_1_223' title='bbox 1058 864 1188 901; x_wconf 78' lang='grc' dir='ltr'>ὲκλεκτὴν</span> <span class='ocrx_word' id='word_1_224' title='bbox 1206 865 1326 900; x_wconf 84' lang='grc' dir='ltr'><strong>Νύμφην</strong></span> <span class='ocrx_word' id='word_1_225' title='bbox 1337 863 1387 895; x_wconf 84' lang='grc' dir='ltr'><strong>τὰς</strong></span> <span class='ocrx_word' id='word_1_226' title='bbox 1397 863 1488 899; x_wconf 81' lang='grc' dir='ltr'>ψυχὰς</span> <span class='ocrx_word' id='word_1_227' title='bbox 1514 864 1528 890; x_wconf 82' lang='grc' dir='ltr'><strong>ὸ</strong></span> <span class='ocrx_word' id='word_1_228' title='bbox 1539 863 1625 897; x_wconf 82' lang='grc' dir='ltr'>Λόγος</span> <span class='ocrx_word' id='word_1_229' title='bbox 1641 863 1738 890; x_wconf 82' lang='grc' dir='ltr'>ἑαυτοῦ</span> <span class='ocrx_word' id='word_1_230' title='bbox 1763 865 1851 898; x_wconf 73' lang='grc' dir='ltr'>καλεῖ,</span> 
     </span>
    </p>
   </div>
   <div class='ocr_carea' id='block_1_35' title="bbox 217 909 1006 946">
    <p class='ocr_par' dir='ltr' id='par_1_35' title="bbox 217 909 1006 946">
     <span class='ocr_line' id='line_1_35' title="bbox 217 909 1006 946; baseline -0.001 -9"><span class='ocrx_word' id='word_1_231' title='bbox 217 911 340 943; x_wconf 81' lang='lat' dir='ltr'><strong>cubinas,</strong></span> <span class='ocrx_word' id='word_1_232' title='bbox 368 910 583 938; x_wconf 81' lang='lat' dir='ltr'><strong>adolescentulas</strong></span> <span class='ocrx_word' id='word_1_233' title='bbox 605 916 633 937; x_wconf 79' lang='lat' dir='ltr'><strong>et</strong></span> <span class='ocrx_word' id='word_1_234' title='bbox 655 910 723 938; x_wconf 74' lang='lat' dir='ltr'><strong>ﬁlias</strong></span> <span class='ocrx_word' id='word_1_235' title='bbox 738 910 878 946; x_wconf 81' lang='lat' dir='ltr'><strong>appellans</strong></span> <span class='ocrx_word' id='word_1_236' title='bbox 891 909 962 937; x_wconf 86' lang='lat' dir='ltr'><strong>hunc</strong></span> <span class='ocrx_word' id='word_1_237' title='bbox 979 910 1006 937; x_wconf 94' lang='lat' dir='ltr'><strong>in</strong></span> 
     </span>
    </p>
   </div>
   <div class='ocr_carea' id='block_1_36' title="bbox 219 956 1006 992">
    <p class='ocr_par' dir='ltr' id='par_1_36' title="bbox 219 956 1006 992">
     <span class='ocr_line' id='line_1_36' title="bbox 219 956 1006 992; baseline -0.001 -9"><span class='ocrx_word' id='word_1_238' title='bbox 219 956 326 984; x_wconf 88' lang='lat' dir='ltr'><strong>modum</strong></span> <span class='ocrx_word' id='word_1_239' title='bbox 343 965 351 984; x_wconf 88' lang='lat'><strong>:</strong></span> <span class='ocrx_word' id='word_1_240' title='bbox 368 956 513 992; x_wconf 64' lang='lat' dir='ltr'><strong>Sexaginta</strong></span> <span class='ocrx_word' id='word_1_241' title='bbox 527 961 588 984; x_wconf 80' lang='lat' dir='ltr'><strong>sunt</strong></span> <span class='ocrx_word' id='word_1_242' title='bbox 599 957 708 991; x_wconf 64' lang='lat' dir='ltr'><strong>reginae,</strong></span> <span class='ocrx_word' id='word_1_243' title='bbox 720 960 746 984; x_wconf 82' lang='lat' dir='ltr'><strong>et</strong></span> <span class='ocrx_word' id='word_1_244' title='bbox 761 956 893 991; x_wconf 80' lang='lat' dir='ltr'><strong>octoginta</strong></span> <span class='ocrx_word' id='word_1_245' title='bbox 908 963 1006 983; x_wconf 74' lang='lat' dir='ltr'><strong>concu-</strong></span> 
     </span>
    </p>
   </div>
   <div class='ocr_carea' id='block_1_37' title="bbox 217 999 1007 1034">
    <p class='ocr_par' dir='ltr' id='par_1_37' title="bbox 217 999 1007 1034">
     <span class='ocr_line' id='line_1_37' title="bbox 217 999 1007 1034; baseline -0.003 -5"><span class='ocrx_word' id='word_1_246' title='bbox 217 1002 295 1034; x_wconf 69' lang='lat' dir='ltr'><strong>binas,</strong></span> <span class='ocrx_word' id='word_1_247' title='bbox 316 1007 340 1029; x_wconf 84' lang='lat' dir='ltr'><strong>et</strong></span> <span class='ocrx_word' id='word_1_248' title='bbox 363 1003 619 1029; x_wconf 69' lang='lat' dir='ltr'><strong>adulescentulorum</strong></span> <span class='ocrx_word' id='word_1_249' title='bbox 640 1009 692 1028; x_wconf 84' lang='lat' dir='ltr'><strong>non</strong></span> <span class='ocrx_word' id='word_1_250' title='bbox 714 1006 752 1028; x_wconf 79' lang='lat' dir='ltr'><strong>est</strong></span> <span class='ocrx_word' id='word_1_251' title='bbox 777 1009 919 1029; x_wconf 78' lang='lat' dir='ltr'><strong>numerus.</strong></span> <span class='ocrx_word' id='word_1_252' title='bbox 949 999 1007 1028; x_wconf 82' lang='lat' dir='ltr'><strong>Una</strong></span> 
     </span>
    </p>
   </div>
   <div class='ocr_carea' id='block_1_38' title="bbox 215 1043 1008 1082">
    <p class='ocr_par' dir='ltr' id='par_1_38' title="bbox 215 1043 1008 1082">
     <span class='ocr_line' id='line_1_38' title="bbox 215 1043 1008 1082; baseline -0.001 -8"><span class='ocrx_word' id='word_1_253' title='bbox 215 1043 391 1074; x_wconf 58' lang='lat' dir='ltr'><strong>ut&#39;columbn</strong></span> <span class='ocrx_word' id='word_1_254' title='bbox 412 1055 482 1080; x_wconf 75' lang='lat' dir='ltr'><strong>nua,</strong></span> <span class='ocrx_word' id='word_1_255' title='bbox 500 1048 616 1082; x_wconf 78' lang='lat' dir='ltr'><strong>perfecta</strong></span> <span class='ocrx_word' id='word_1_256' title='bbox 635 1055 693 1074; x_wconf 81' lang='lat' dir='ltr'><strong>mea</strong></span> <span class='ocrx_word' id='word_1_257' title='bbox 708 1055 718 1079; x_wconf 91' lang='lat'><em>;</em></span> <span class='ocrx_word' id='word_1_258' title='bbox 732 1055 786 1073; x_wconf 81' lang='lat' dir='ltr'><strong>una</strong></span> <span class='ocrx_word' id='word_1_259' title='bbox 802 1052 840 1073; x_wconf 76' lang='lat' dir='ltr'><strong>est</strong></span> <span class='ocrx_word' id='word_1_260' title='bbox 859 1046 941 1073; x_wconf 80' lang='lat' dir='ltr'><strong>matri</strong></span> <span class='ocrx_word' id='word_1_261' title='bbox 952 1053 1008 1073; x_wconf 70' lang='lat' dir='ltr'><strong>ante</strong></span> 
     </span>
    </p>
   </div>
   <div class='ocr_carea' id='block_1_39' title="bbox 217 1093 1007 1128">
    <p class='ocr_par' dir='ltr' id='par_1_39' title="bbox 217 1093 1007 1128">
     <span class='ocr_line' id='line_1_39' title="bbox 217 1093 1007 1128; baseline -0.001 -8"><span class='ocrx_word' id='word_1_262' title='bbox 217 1093 299 1120; x_wconf 81' lang='lat' dir='ltr'><strong>electa</strong></span> <span class='ocrx_word' id='word_1_263' title='bbox 326 1093 448 1128; x_wconf 79' lang='lat' dir='ltr'><strong>genitrici</strong></span> <span class='ocrx_word' id='word_1_264' title='bbox 470 1101 536 1121; x_wconf 70' lang='lat' dir='ltr'><strong>ante.</strong></span> <span class='ocrx_word' id='word_1_265' title='bbox 564 1093 691 1121; x_wconf 78' lang='lat' dir='ltr'><strong>Viderunt</strong></span> <span class='ocrx_word' id='word_1_266' title='bbox 703 1102 761 1121; x_wconf 81' lang='lat' dir='ltr'><strong>¢am</strong></span> <span class='ocrx_word' id='word_1_267' title='bbox 778 1093 851 1128; x_wconf 55' lang='lat' dir='ltr'><strong>filim,</strong></span> <span class='ocrx_word' id='word_1_268' title='bbox 863 1097 888 1120; x_wconf 76' lang='lat' dir='ltr'><strong>et</strong></span> <span class='ocrx_word' id='word_1_269' title='bbox 904 1093 1007 1120; x_wconf 76' lang='lat' dir='ltr'><strong>beatam</strong></span> 
     </span>
    </p>
   </div>
   <div class='ocr_carea' id='block_1_40' title="bbox 217 1138 1008 1173">
    <p class='ocr_par' dir='ltr' id='par_1_40' title="bbox 217 1138 1008 1173">
     <span class='ocr_line' id='line_1_40' title="bbox 217 1138 1008 1173; baseline 0 -8"><span class='ocrx_word' id='word_1_270' title='bbox 217 1140 427 1172; x_wconf 70' lang='lat' dir='ltr'><strong>praedicauerunt</strong></span> <span class='ocrx_word' id='word_1_271' title='bbox 441 1147 501 1166; x_wconf 76' lang='lat' dir='ltr'><strong>eam</strong></span> <span class='ocrx_word' id='word_1_272' title='bbox 523 1139 632 1173; x_wconf 71' lang='lat' dir='ltr'><strong>regina,</strong></span> <span class='ocrx_word' id='word_1_273' title='bbox 647 1144 671 1166; x_wconf 82' lang='grc' dir='ltr'><strong>ιι</strong></span> <span class='ocrx_word' id='word_1_274' title='bbox 686 1139 839 1166; x_wconf 66' lang='lat' dir='ltr'><strong>concubitu:</strong></span> <span class='ocrx_word' id='word_1_275' title='bbox 860 1138 1008 1165; x_wconf 74' lang='lat' dir='ltr'><strong>laudabunt</strong></span> 
     </span>
    </p>
   </div>
   <div class='ocr_carea' id='block_1_41' title="bbox 216 1184 1007 1220">
    <p class='ocr_par' dir='ltr' id='par_1_41' title="bbox 216 1184 1007 1220">
     <span class='ocr_line' id='line_1_41' title="bbox 216 1184 1007 1220; baseline 0 -8"><span class='ocrx_word' id='word_1_276' title='bbox 216 1193 276 1212; x_wconf 78' lang='lat' dir='ltr'><strong>eam</strong></span> <span class='ocrx_word' id='word_1_277' title='bbox 294 1184 318 1213; x_wconf 73' lang='grc' dir='ltr'>ί.</span> <span class='ocrx_word' id='word_1_278' title='bbox 334 1185 401 1213; x_wconf 89' lang='lat' dir='ltr'><strong>Cum</strong></span> <span class='ocrx_word' id='word_1_279' title='bbox 415 1185 487 1213; x_wconf 89' lang='lat' dir='ltr'><strong>enim</strong></span> <span class='ocrx_word' id='word_1_280' title='bbox 504 1186 596 1212; x_wconf 65' lang='lat' dir='ltr'><strong>multa</strong></span> <span class='ocrx_word' id='word_1_281' title='bbox 611 1185 667 1212; x_wconf 85' lang='lat' dir='ltr'><strong>sint</strong></span> <span class='ocrx_word' id='word_1_282' title='bbox 680 1185 752 1219; x_wconf 64' lang='lat' dir='ltr'><strong>ﬁliae,</strong></span> <span class='ocrx_word' id='word_1_283' title='bbox 768 1189 798 1212; x_wconf 87' lang='lat' dir='ltr'><strong>ut</strong></span> <span class='ocrx_word' id='word_1_284' title='bbox 812 1190 896 1220; x_wconf 84' lang='lat' dir='ltr'><strong>patet,</strong></span> <span class='ocrx_word' id='word_1_285' title='bbox 913 1184 1007 1212; x_wconf 85' lang='lat' dir='ltr'><strong>Eccle-</strong></span> 
     </span>
    </p>
   </div>
   <div class='ocr_carea' id='block_1_42' title="bbox 217 1229 1009 1266">
    <p class='ocr_par' dir='ltr' id='par_1_42' title="bbox 217 1229 1009 1266">
     <span class='ocr_line' id='line_1_42' title="bbox 217 1229 1009 1266; baseline -0.001 -7"><span class='ocrx_word' id='word_1_286' title='bbox 217 1232 274 1265; x_wconf 59' lang='lat' dir='ltr'><strong>sia,</strong></span> <span class='ocrx_word' id='word_1_287' title='bbox 291 1239 344 1259; x_wconf 88' lang='lat' dir='ltr'><strong>una</strong></span> <span class='ocrx_word' id='word_1_288' title='bbox 359 1237 448 1259; x_wconf 89' lang='lat' dir='ltr'><strong>tamen</strong></span> <span class='ocrx_word' id='word_1_289' title='bbox 463 1236 506 1259; x_wconf 89' lang='lat' dir='ltr'><strong>est</strong></span> <span class='ocrx_word' id='word_1_290' title='bbox 520 1231 604 1259; x_wconf 84' lang='lat' dir='ltr'><strong>electa</strong></span> <span class='ocrx_word' id='word_1_291' title='bbox 626 1236 654 1259; x_wconf 84' lang='lat' dir='ltr'><strong>et</strong></span> <span class='ocrx_word' id='word_1_292' title='bbox 670 1232 787 1266; x_wconf 78' lang='lat' dir='ltr'><strong>pretiosa</strong></span> <span class='ocrx_word' id='word_1_293' title='bbox 802 1231 829 1258; x_wconf 91' lang='lat' dir='ltr'><strong>in</strong></span> <span class='ocrx_word' id='word_1_294' title='bbox 845 1230 932 1258; x_wconf 85' lang='lat' dir='ltr'><strong>oculis</strong></span> <span class='ocrx_word' id='word_1_295' title='bbox 950 1229 1009 1264; x_wconf 84' lang='lat' dir='ltr'><strong>eius</strong></span> 
     </span>
    </p>
   </div>
   <div class='ocr_carea' id='block_1_43' title="bbox 217 1275 1009 1313">
    <p class='ocr_par' dir='ltr' id='par_1_43' title="bbox 217 1275 1009 1313">
     <span class='ocr_line' id='line_1_43' title="bbox 217 1275 1009 1313; baseline -0.001 -8"><span class='ocrx_word' id='word_1_296' title='bbox 217 1286 274 1313; x_wconf 66' lang='lat' dir='ltr'><strong>pra:</strong></span> <span class='ocrx_word' id='word_1_297' title='bbox 294 1278 431 1310; x_wconf 82' lang='lat' dir='ltr'><strong>omnibus,</strong></span> <span class='ocrx_word' id='word_1_298' title='bbox 457 1283 546 1305; x_wconf 86' lang='lat' dir='ltr'><strong>status</strong></span> <span class='ocrx_word' id='word_1_299' title='bbox 568 1285 665 1312; x_wconf 86' lang='lat' dir='ltr'><strong>nempe</strong></span> <span class='ocrx_word' id='word_1_300' title='bbox 686 1277 834 1312; x_wconf 87' lang='lat' dir='ltr'><strong>virginum.</strong></span> <span class='ocrx_word' id='word_1_301' title='bbox 844 1275 880 1304; x_wconf 84' lang='lat' dir='ltr'><strong>Et</strong></span> <span class='ocrx_word' id='word_1_302' title='bbox 899 1276 1009 1311; x_wconf 76' lang='lat' dir='ltr'><strong>reginas</strong></span> 
     </span>
    </p>
   </div>
   <div class='ocr_carea' id='block_1_44' title="bbox 218 1320 1008 1358">
    <p class='ocr_par' dir='ltr' id='par_1_44' title="bbox 218 1320 1008 1358">
     <span class='ocr_line' id='line_1_44' title="bbox 218 1320 1008 1358; baseline -0.003 -8"><span class='ocrx_word' id='word_1_303' title='bbox 218 1323 324 1351; x_wconf 88' lang='lat' dir='ltr'><strong>videtur</strong></span> <span class='ocrx_word' id='word_1_304' title='bbox 350 1323 493 1358; x_wconf 86' lang='lat' dir='ltr'><strong>prophetia</strong></span> <span class='ocrx_word' id='word_1_305' title='bbox 516 1323 586 1350; x_wconf 86' lang='lat' dir='ltr'><strong>velle</strong></span> <span class='ocrx_word' id='word_1_306' title='bbox 614 1323 766 1354; x_wconf 86' lang='lat' dir='ltr'><strong>insinuare.</strong></span> <span class='ocrx_word' id='word_1_307' title='bbox 791 1321 867 1358; x_wconf 92' lang='lat' dir='ltr'><strong>[quia</strong></span> <span class='ocrx_word' id='word_1_308' title='bbox 891 1329 946 1349; x_wconf 90' lang='lat' dir='ltr'><strong>non</strong></span> <span class='ocrx_word' id='word_1_309' title='bbox 973 1320 1008 1348; x_wconf 89' lang='lat' dir='ltr'><strong>ad</strong></span> 
     </span>
    </p>
   </div>
   <div class='ocr_carea' id='block_1_45' title="bbox 218 1367 1008 1404">
    <p class='ocr_par' dir='ltr' id='par_1_45' title="bbox 218 1367 1008 1404">
     <span class='ocr_line' id='line_1_45' title="bbox 218 1367 1008 1404; baseline -0.005 -7"><span class='ocrx_word' id='word_1_310' title='bbox 218 1377 300 1397; x_wconf 89' lang='lat' dir='ltr'><strong>unum</strong></span> <span class='ocrx_word' id='word_1_311' title='bbox 314 1376 403 1404; x_wconf 84' lang='lat' dir='ltr'><strong>regem</strong></span> <span class='ocrx_word' id='word_1_312' title='bbox 416 1369 516 1404; x_wconf 71' lang='lat' dir='ltr'><strong>regina:</strong></span> <span class='ocrx_word' id='word_1_313' title='bbox 532 1369 573 1396; x_wconf 67' lang='lat' dir='ltr'><strong>b2</strong></span> <span class='ocrx_word' id='word_1_314' title='bbox 588 1368 803 1400; x_wconf 81' lang='lat' dir='ltr'><strong>adducebantur,</strong></span> <span class='ocrx_word' id='word_1_315' title='bbox 818 1367 866 1395; x_wconf 84' lang='lat' dir='ltr'><strong>sed</strong></span> <span class='ocrx_word' id='word_1_316' title='bbox 880 1373 1008 1402; x_wconf 62' lang='lat' dir='ltr'><strong>unaqua-</strong></span> 
     </span>
    </p>
   </div>
   <div class='ocr_carea' id='block_1_46' title="bbox 217 1413 1008 1451">
    <p class='ocr_par' dir='ltr' id='par_1_46' title="bbox 217 1413 1008 1451">
     <span class='ocr_line' id='line_1_46' title="bbox 217 1413 1008 1451; baseline -0.004 -8"><span class='ocrx_word' id='word_1_317' title='bbox 217 1423 271 1451; x_wconf 89' lang='lat' dir='ltr'><strong>que</strong></span> <span class='ocrx_word' id='word_1_318' title='bbox 286 1415 360 1443; x_wconf 90' lang='lat' dir='ltr'><strong>velut</strong></span> <span class='ocrx_word' id='word_1_319' title='bbox 383 1415 491 1442; x_wconf 89' lang='lat' dir='ltr'><strong>domina</strong></span> <span class='ocrx_word' id='word_1_320' title='bbox 506 1422 554 1450; x_wconf 90' lang='lat' dir='ltr'><strong>per</strong></span> <span class='ocrx_word' id='word_1_321' title='bbox 569 1422 600 1442; x_wconf 89' lang='lat' dir='ltr'><strong>se</strong></span> <span class='ocrx_word' id='word_1_322' title='bbox 612 1419 639 1442; x_wconf 94' lang='lat' dir='ltr'><strong>et</strong></span> <span class='ocrx_word' id='word_1_323' title='bbox 655 1415 746 1450; x_wconf 83' lang='lat' dir='ltr'><strong>regina</strong></span> <span class='ocrx_word' id='word_1_324' title='bbox 757 1419 826 1447; x_wconf 84' lang='lat' dir='ltr'><strong>erat,</strong></span> <span class='ocrx_word' id='word_1_325' title='bbox 841 1413 1008 1448; x_wconf 87' lang='lat' dir='ltr'><strong>aliarumque</strong></span> 
     </span>
    </p>
   </div>
   <div class='ocr_carea' id='block_1_47' title="bbox 219 1459 1009 1496">
    <p class='ocr_par' dir='ltr' id='par_1_47' title="bbox 219 1459 1009 1496">
     <span class='ocr_line' id='line_1_47' title="bbox 219 1459 1009 1496; baseline -0.003 -8"><span class='ocrx_word' id='word_1_326' title='bbox 219 1465 279 1495; x_wconf 80' lang='lat' dir='ltr'><strong>post</strong></span> <span class='ocrx_word' id='word_1_327' title='bbox 296 1461 348 1488; x_wconf 83' lang='lat' dir='ltr'><strong>hac</strong></span> <span class='ocrx_word' id='word_1_328' title='bbox 365 1461 499 1489; x_wconf 85' lang='lat' dir='ltr'><strong>auctriees</strong></span> <span class='ocrx_word' id='word_1_329' title='bbox 523 1464 552 1487; x_wconf 90' lang='lat' dir='ltr'><strong>et</strong></span> <span class='ocrx_word' id='word_1_330' title='bbox 566 1459 729 1496; x_wconf 83' lang='lat' dir='ltr'><strong>principes.]</strong></span> <span class='ocrx_word' id='word_1_331' title='bbox 743 1459 803 1486; x_wconf 85' lang='lat' dir='ltr'><strong>Illas</strong></span> <span class='ocrx_word' id='word_1_332' title='bbox 822 1459 920 1494; x_wconf 84' lang='lat' dir='ltr'><strong>regias,</strong></span> <span class='ocrx_word' id='word_1_333' title='bbox 948 1465 1009 1494; x_wconf 68' lang='lat' dir='ltr'><strong>qua:</strong></span> 
     </span>
    </p>
   </div>
   <div class='ocr_carea' id='block_1_48' title="bbox 217 1503 1008 1539">
    <p class='ocr_par' dir='ltr' id='par_1_48' title="bbox 217 1503 1008 1539">
     <span class='ocr_line' id='line_1_48' title="bbox 217 1503 1008 1539; baseline -0.004 -5"><span class='ocrx_word' id='word_1_334' title='bbox 217 1511 281 1534; x_wconf 87' lang='lat' dir='ltr'><strong>ante</strong></span> <span class='ocrx_word' id='word_1_335' title='bbox 295 1506 425 1534; x_wconf 84' lang='lat' dir='ltr'><strong>diluvium</strong></span> <span class='ocrx_word' id='word_1_336' title='bbox 440 1505 576 1537; x_wconf 77' lang='lat' dir='ltr'><strong>vixerunt,</strong></span> <span class='ocrx_word' id='word_1_337' title='bbox 589 1505 696 1532; x_wconf 84' lang='lat' dir='ltr'><strong>animas</strong></span> <span class='ocrx_word' id='word_1_338' title='bbox 721 1505 775 1532; x_wconf 86' lang='lat' dir='ltr'><strong>Deo</strong></span> <span class='ocrx_word' id='word_1_339' title='bbox 792 1503 940 1539; x_wconf 82' lang='lat' dir='ltr'><strong>placentes.</strong></span> <span class='ocrx_word' id='word_1_340' title='bbox 957 1504 1008 1531; x_wconf 89' lang='lat' dir='ltr'><strong>hoc</strong></span> 
     </span>
    </p>
   </div>
   <div class='ocr_carea' id='block_1_49' title="bbox 218 1551 1008 1585">
    <p class='ocr_par' dir='ltr' id='par_1_49' title="bbox 218 1551 1008 1585">
     <span class='ocr_line' id='line_1_49' title="bbox 218 1551 1008 1585; baseline -0.006 -4"><span class='ocrx_word' id='word_1_341' title='bbox 218 1557 272 1585; x_wconf 82' lang='lat' dir='ltr'><strong>est,</strong></span> <span class='ocrx_word' id='word_1_342' title='bbox 285 1552 387 1585; x_wconf 82' lang='lat' dir='ltr'><strong>Abelis,</strong></span> <span class='ocrx_word' id='word_1_343' title='bbox 406 1552 493 1585; x_wconf 86' lang='lat' dir='ltr'><strong>Setbi,</strong></span> <span class='ocrx_word' id='word_1_344' title='bbox 513 1551 628 1579; x_wconf 79' lang='lat' dir='ltr'><strong>Enoclti.</strong></span> <span class='ocrx_word' id='word_1_345' title='bbox 646 1551 818 1579; x_wconf 73' lang='lat' dir='ltr'><strong>(Zoncubinas</strong></span> <span class='ocrx_word' id='word_1_346' title='bbox 830 1554 933 1583; x_wconf 85' lang='lat' dir='ltr'><strong>autem,</strong></span> <span class='ocrx_word' id='word_1_347' title='bbox 947 1556 1008 1585; x_wconf 77' lang='lat' dir='ltr'><strong>qua:</strong></span> 
     </span>
    </p>
   </div>
   <div class='ocr_carea' id='block_1_50' title="bbox 219 1596 1009 1634">
    <p class='ocr_par' dir='ltr' id='par_1_50' title="bbox 219 1596 1009 1634">
     <span class='ocr_line' id='line_1_50' title="bbox 219 1596 1009 1634; baseline -0.004 -8"><span class='ocrx_word' id='word_1_348' title='bbox 219 1604 279 1634; x_wconf 87' lang='lat' dir='ltr'><strong>post</strong></span> <span class='ocrx_word' id='word_1_349' title='bbox 307 1598 436 1626; x_wconf 89' lang='lat' dir='ltr'><strong>diluvium</strong></span> <span class='ocrx_word' id='word_1_350' title='bbox 464 1597 588 1630; x_wconf 81' lang='lat' dir='ltr'><strong>fuerunt,</strong></span> <span class='ocrx_word' id='word_1_351' title='bbox 615 1597 720 1625; x_wconf 90' lang='lat' dir='ltr'><strong>animas</strong></span> <span class='ocrx_word' id='word_1_352' title='bbox 732 1596 1009 1632; x_wconf 63' lang='lat' dir='ltr'><strong>prophetarumquae</strong></span> 
     </span>
    </p>
   </div>
   <div class='ocr_carea' id='block_1_51' title="bbox 219 1641 1006 1680">
    <p class='ocr_par' dir='ltr' id='par_1_51' title="bbox 219 1641 1006 1680">
     <span class='ocr_line' id='line_1_51' title="bbox 219 1641 1006 1680; baseline -0.004 -9"><span class='ocrx_word' id='word_1_353' title='bbox 219 1644 376 1680; x_wconf 88' lang='lat' dir='ltr'><strong>priusquam</strong></span> <span class='ocrx_word' id='word_1_354' title='bbox 398 1643 522 1671; x_wconf 78' lang='lat' dir='ltr'><strong>Ecclesia</strong></span> <span class='ocrx_word' id='word_1_355' title='bbox 543 1643 598 1671; x_wconf 88' lang='lat' dir='ltr'><strong>Deo</strong></span> <span class='ocrx_word' id='word_1_356' title='bbox 621 1643 842 1677; x_wconf 85' lang='lat' dir='ltr'><strong>desponsaretur,</strong></span> <span class='ocrx_word' id='word_1_357' title='bbox 865 1641 912 1676; x_wconf 89' lang='lat' dir='ltr'><strong>qui</strong></span> <span class='ocrx_word' id='word_1_358' title='bbox 932 1641 1006 1669; x_wconf 88' lang='lat' dir='ltr'><strong>velut</strong></span> 
     </span>
    </p>
   </div>
   <div class='ocr_carea' id='block_1_52' title="bbox 218 1687 1009 1723">
    <p class='ocr_par' dir='ltr' id='par_1_52' title="bbox 218 1687 1009 1723">
     <span class='ocr_line' id='line_1_52' title="bbox 218 1687 1009 1723; baseline -0.006 -5"><span class='ocrx_word' id='word_1_359' title='bbox 218 1698 280 1719; x_wconf 85' lang='lat' dir='ltr'><strong>cum</strong></span> <span class='ocrx_word' id='word_1_360' title='bbox 304 1690 464 1718; x_wconf 85' lang='lat' dir='ltr'><strong>concubinis</strong></span> <span class='ocrx_word' id='word_1_361' title='bbox 480 1694 604 1718; x_wconf 83' lang='lat' dir='ltr'><strong>versatus</strong></span> <span class='ocrx_word' id='word_1_362' title='bbox 625 1689 651 1716; x_wconf 88' lang='lat' dir='ltr'><strong>in</strong></span> <span class='ocrx_word' id='word_1_363' title='bbox 668 1688 778 1723; x_wconf 88' lang='lat' dir='ltr'><strong>copiosa</strong></span> <span class='ocrx_word' id='word_1_364' title='bbox 795 1692 824 1715; x_wconf 93' lang='lat' dir='ltr'><strong>et</strong></span> <span class='ocrx_word' id='word_1_365' title='bbox 841 1687 947 1715; x_wconf 80' lang='lat' dir='ltr'><strong>sincera</strong></span> <span class='ocrx_word' id='word_1_366' title='bbox 963 1693 1009 1713; x_wconf 79' lang='lat' dir='ltr'><strong>sa-</strong></span> 
     </span>
    </p>
   </div>
   <div class='ocr_carea' id='block_1_53' title="bbox 218 1732 1010 1771">
    <p class='ocr_par' dir='ltr' id='par_1_53' title="bbox 218 1732 1010 1771">
     <span class='ocr_line' id='line_1_53' title="bbox 218 1732 1010 1771; baseline -0.005 -8"><span class='ocrx_word' id='word_1_367' title='bbox 218 1737 326 1771; x_wconf 65' lang='lat' dir='ltr'><strong>pientiae</strong></span> <span class='ocrx_word' id='word_1_368' title='bbox 340 1735 465 1763; x_wconf 87' lang='lat' dir='ltr'><strong>doctrina</strong></span> <span class='ocrx_word' id='word_1_369' title='bbox 476 1742 542 1763; x_wconf 87' lang='lat' dir='ltr'><strong>vero</strong></span> <span class='ocrx_word' id='word_1_370' title='bbox 556 1733 684 1762; x_wconf 81' lang='lat' dir='ltr'><strong>submisit</strong></span> <span class='ocrx_word' id='word_1_371' title='bbox 695 1732 818 1766; x_wconf 86' lang='lat' dir='ltr'><strong>oracula,</strong></span> <span class='ocrx_word' id='word_1_372' title='bbox 830 1737 862 1760; x_wconf 90' lang='lat' dir='ltr'><strong>ut</strong></span> <span class='ocrx_word' id='word_1_373' title='bbox 881 1736 1010 1768; x_wconf 83' lang='lat' dir='ltr'><strong>caperent</strong></span> 
     </span>
    </p>
   </div>
   <div class='ocr_carea' id='block_1_54' title="bbox 220 1777 1009 1809">
    <p class='ocr_par' dir='ltr' id='par_1_54' title="bbox 220 1777 1009 1809">
     <span class='ocr_line' id='line_1_54' title="bbox 220 1777 1009 1809; baseline -0.005 0"><span class='ocrx_word' id='word_1_374' title='bbox 220 1782 258 1809; x_wconf 88' lang='lat' dir='ltr'><strong>illi</strong></span> <span class='ocrx_word' id='word_1_375' title='bbox 275 1781 356 1809; x_wconf 83' lang='lat' dir='ltr'><strong>ﬁdem</strong></span> <span class='ocrx_word' id='word_1_376' title='bbox 369 1781 474 1808; x_wconf 86' lang='lat' dir='ltr'><strong>salutis.</strong></span> <span class='ocrx_word' id='word_1_377' title='bbox 491 1779 663 1808; x_wconf 84' lang='lat' dir='ltr'><strong>Concubinas</strong></span> <span class='ocrx_word' id='word_1_378' title='bbox 676 1782 766 1807; x_wconf 89' lang='lat' dir='ltr'><strong>autem</strong></span> <span class='ocrx_word' id='word_1_379' title='bbox 780 1777 930 1806; x_wconf 86' lang='lat' dir='ltr'><strong>nominavit</strong></span> <span class='ocrx_word' id='word_1_380' title='bbox 944 1777 1009 1805; x_wconf 87' lang='lat' dir='ltr'><strong>Ver-</strong></span> 
     </span>
    </p>
   </div>
   <div class='ocr_carea' id='block_1_55' title="bbox 219 1824 1008 1863">
    <p class='ocr_par' dir='ltr' id='par_1_55' title="bbox 219 1824 1008 1863">
     <span class='ocr_line' id='line_1_55' title="bbox 219 1824 1008 1863; baseline -0.005 -7"><span class='ocrx_word' id='word_1_381' title='bbox 219 1830 283 1856; x_wconf 85' lang='lat' dir='ltr'><strong>bum</strong></span> <span class='ocrx_word' id='word_1_382' title='bbox 297 1829 492 1863; x_wconf 87' lang='lat' dir='ltr'><strong>prophetarum</strong></span> <span class='ocrx_word' id='word_1_383' title='bbox 502 1827 618 1860; x_wconf 91' lang='lat' dir='ltr'><strong>animas,</strong></span> <span class='ocrx_word' id='word_1_384' title='bbox 629 1826 693 1862; x_wconf 87' lang='lat' dir='ltr'><strong>quia</strong></span> <span class='ocrx_word' id='word_1_385' title='bbox 705 1833 758 1853; x_wconf 89' lang='lat' dir='ltr'><strong>non</strong></span> <span class='ocrx_word' id='word_1_386' title='bbox 771 1830 866 1860; x_wconf 90' lang='lat' dir='ltr'><strong>aperte</strong></span> <span class='ocrx_word' id='word_1_387' title='bbox 872 1829 902 1852; x_wconf 92' lang='lat' dir='ltr'><strong>ut</strong></span> <span class='ocrx_word' id='word_1_388' title='bbox 915 1824 1008 1852; x_wconf 84' lang='lat' dir='ltr'><strong>Eccle-</strong></span> 
     </span>
    </p>
   </div>
   <div class='ocr_carea' id='block_1_56' title="bbox 218 1870 1008 1908">
    <p class='ocr_par' dir='ltr' id='par_1_56' title="bbox 218 1870 1008 1908">
     <span class='ocr_line' id='line_1_56' title="bbox 218 1870 1008 1908; baseline -0.006 -6"><span class='ocrx_word' id='word_1_389' title='bbox 218 1875 286 1902; x_wconf 80' lang='lat' dir='ltr'><strong>siam</strong></span> <span class='ocrx_word' id='word_1_390' title='bbox 304 1874 356 1902; x_wconf 89' lang='lat' dir='ltr'><strong>sibi</strong></span> <span class='ocrx_word' id='word_1_391' title='bbox 380 1881 427 1902; x_wconf 83' lang='lat' dir='ltr'><strong>eas</strong></span> <span class='ocrx_word' id='word_1_392' title='bbox 451 1873 597 1908; x_wconf 85' lang='lat' dir='ltr'><strong>copulavit.</strong></span> <span class='ocrx_word' id='word_1_393' title='bbox 613 1871 770 1900; x_wconf 80' lang='lat' dir='ltr'><strong>sacriﬁcans</strong></span> <span class='ocrx_word' id='word_1_394' title='bbox 785 1871 858 1899; x_wconf 84' lang='lat' dir='ltr'><strong>illam</strong></span> <span class='ocrx_word' id='word_1_395' title='bbox 879 1871 906 1898; x_wconf 90' lang='lat' dir='ltr'><strong>in</strong></span> <span class='ocrx_word' id='word_1_396' title='bbox 922 1870 1008 1905; x_wconf 82' lang='lat' dir='ltr'><strong>ﬁgura</strong></span> 
     </span>
    </p>
   </div>
   <div class='ocr_carea' id='block_1_57' title="bbox 218 1916 1009 1955">
    <p class='ocr_par' dir='ltr' id='par_1_57' title="bbox 218 1916 1009 1955">
     <span class='ocr_line' id='line_1_57' title="bbox 218 1916 1009 1955; baseline -0.003 -9"><span class='ocrx_word' id='word_1_397' title='bbox 218 1920 296 1947; x_wconf 91' lang='lat' dir='ltr'><strong>vituli</strong></span> <span class='ocrx_word' id='word_1_398' title='bbox 322 1919 450 1955; x_wconf 79' lang='lat' dir='ltr'><strong>saginati.</strong></span> <span class='ocrx_word' id='word_1_399' title='bbox 475 1918 622 1953; x_wconf 72' lang='lat' dir='ltr'><strong>Sexaginta</strong></span> <span class='ocrx_word' id='word_1_400' title='bbox 648 1923 738 1946; x_wconf 85' lang='lat' dir='ltr'><strong>autem</strong></span> <span class='ocrx_word' id='word_1_401' title='bbox 760 1917 869 1952; x_wconf 71' lang='lat' dir='ltr'><strong>reginas</strong></span> <span class='ocrx_word' id='word_1_402' title='bbox 889 1916 961 1948; x_wconf 88' lang='lat' dir='ltr'><strong>inde,</strong></span> <span class='ocrx_word' id='word_1_403' title='bbox 979 1919 1009 1944; x_wconf 81' lang='lat' dir='ltr'><strong>ut</strong></span> 
     </span>
    </p>
   </div>
   <div class='ocr_carea' id='block_1_58' title="bbox 220 1959 1008 1998">
    <p class='ocr_par' dir='ltr' id='par_1_58' title="bbox 220 1959 1008 1998">
     <span class='ocr_line' id='line_1_58' title="bbox 220 1959 1008 1998; baseline -0.004 -7"><span class='ocrx_word' id='word_1_404' title='bbox 220 1971 291 1995; x_wconf 75' lang='lat' dir='ltr'><strong>rem,</strong></span> <span class='ocrx_word' id='word_1_405' title='bbox 304 1964 337 1990; x_wconf 88' lang='lat' dir='ltr'><strong>ab</strong></span> <span class='ocrx_word' id='word_1_406' title='bbox 346 1962 629 1998; x_wconf 65' lang='lat' dir='ltr'><strong>AdamqprotOplasto</strong></span> <span class='ocrx_word' id='word_1_407' title='bbox 640 1969 725 1996; x_wconf 86' lang='lat' dir='ltr'><strong>usque</strong></span> <span class='ocrx_word' id='word_1_408' title='bbox 734 1961 768 1988; x_wconf 89' lang='lat' dir='ltr'><strong>ad</strong></span> <span class='ocrx_word' id='word_1_409' title='bbox 776 1959 833 1988; x_wconf 83' lang='lat' dir='ltr'><strong>Noe</strong></span> <span class='ocrx_word' id='word_1_410' title='bbox 840 1968 888 1995; x_wconf 89' lang='lat' dir='ltr'><strong>per</strong></span> <span class='ocrx_word' id='word_1_411' title='bbox 899 1967 1008 1989; x_wconf 82' lang='lat' dir='ltr'><strong>succes-</strong></span> 
     </span>
    </p>
   </div>
   <div class='ocr_carea' id='block_1_59' title="bbox 218 2005 1009 2044">
    <p class='ocr_par' dir='ltr' id='par_1_59' title="bbox 218 2005 1009 2044">
     <span class='ocr_line' id='line_1_59' title="bbox 218 2005 1009 2044; baseline -0.005 -7"><span class='ocrx_word' id='word_1_412' title='bbox 218 2011 324 2037; x_wconf 79' lang='lat' dir='ltr'><strong>sionem</strong></span> <span class='ocrx_word' id='word_1_413' title='bbox 341 2010 414 2037; x_wconf 86' lang='lat' dir='ltr'><strong>viros</strong></span> <span class='ocrx_word' id='word_1_414' title='bbox 440 2008 495 2036; x_wconf 90' lang='lat' dir='ltr'><strong>Deo</strong></span> <span class='ocrx_word' id='word_1_415' title='bbox 511 2008 651 2044; x_wconf 88' lang='lat' dir='ltr'><strong>placentes</strong></span> <span class='ocrx_word' id='word_1_416' title='bbox 668 2006 788 2040; x_wconf 85' lang='lat' dir='ltr'><strong>vocavit,</strong></span> <span class='ocrx_word' id='word_1_417' title='bbox 799 2006 863 2041; x_wconf 91' lang='lat' dir='ltr'><strong>quia</strong></span> <span class='ocrx_word' id='word_1_418' title='bbox 882 2005 928 2034; x_wconf 86' lang='lat' dir='ltr'><strong>isti</strong></span> <span class='ocrx_word' id='word_1_419' title='bbox 948 2005 1009 2033; x_wconf 89' lang='lat' dir='ltr'><strong>aliis</strong></span> 
     </span>
    </p>
   </div>
   <div class='ocr_carea' id='block_1_60' title="bbox 221 2050 1008 2091">
    <p class='ocr_par' dir='ltr' id='par_1_60' title="bbox 221 2050 1008 2091">
     <span class='ocr_line' id='line_1_60' title="bbox 221 2050 1008 2091; baseline -0.005 -10"><span class='ocrx_word' id='word_1_420' title='bbox 221 2053 358 2091; x_wconf 83' lang='lat' dir='ltr'><strong>[aliorum]</strong></span> <span class='ocrx_word' id='word_1_421' title='bbox 383 2054 523 2089; x_wconf 67' lang='lat' dir='ltr'><strong>preceptis</strong></span> <span class='ocrx_word' id='word_1_422' title='bbox 545 2052 578 2080; x_wconf 89' lang='lat' dir='ltr'><strong>ad</strong></span> <span class='ocrx_word' id='word_1_423' title='bbox 602 2052 716 2080; x_wconf 82' lang='lat' dir='ltr'><strong>salutem</strong></span> <span class='ocrx_word' id='word_1_424' title='bbox 738 2050 934 2086; x_wconf 86' lang='lat' dir='ltr'><strong>acquirendam</strong></span> <span class='ocrx_word' id='word_1_425' title='bbox 954 2058 1008 2078; x_wconf 91' lang='lat' dir='ltr'><strong>non</strong></span> 
     </span>
    </p>
   </div>
   <div class='ocr_carea' id='block_1_61' title="bbox 218 2095 1008 2137">
    <p class='ocr_par' dir='ltr' id='par_1_61' title="bbox 218 2095 1008 2137">
     <span class='ocr_line' id='line_1_61' title="bbox 218 2095 1008 2137; baseline -0.005 -9"><span class='ocrx_word' id='word_1_426' title='bbox 218 2101 301 2137; x_wconf 61' lang='grc' dir='ltr'><strong>διο</strong></span> <span class='ocrx_word' id='word_1_427' title='bbox 314 2101 328 2128; x_wconf 75' lang='lat' dir='ltr'><strong><em>b</em></strong></span> <span class='ocrx_word' id='word_1_428' title='bbox 338 2100 522 2135; x_wconf 79' lang='lat' dir='ltr'><strong>indiguerunt,</strong></span> <span class='ocrx_word' id='word_1_429' title='bbox 532 2098 642 2132; x_wconf 82' lang='lat' dir='ltr'><strong>ecquod</strong></span> <span class='ocrx_word' id='word_1_430' title='bbox 657 2097 745 2125; x_wconf 87' lang='lat' dir='ltr'><strong>adhuc</strong></span> <span class='ocrx_word' id='word_1_431' title='bbox 760 2103 855 2125; x_wconf 80' lang='lat' dir='ltr'><strong>recens</strong></span> <span class='ocrx_word' id='word_1_432' title='bbox 867 2099 941 2124; x_wconf 84' lang='lat' dir='ltr'><strong>esset</strong></span> <span class='ocrx_word' id='word_1_433' title='bbox 955 2095 1008 2124; x_wconf 75' lang='lat' dir='ltr'><strong>illis</strong></span> 
     </span>
    </p>
   </div>
   <div class='ocr_carea' id='block_1_62' title="bbox 218 2140 1007 2174">
    <p class='ocr_par' dir='ltr' id='par_1_62' title="bbox 218 2140 1007 2174">
     <span class='ocr_line' id='line_1_62' title="bbox 218 2140 1007 2174; baseline -0.008 -1"><span class='ocrx_word' id='word_1_434' title='bbox 218 2146 311 2174; x_wconf 84' lang='lat' dir='ltr'><strong>mundi</strong></span> <span class='ocrx_word' id='word_1_435' title='bbox 326 2153 373 2173; x_wconf 85' lang='lat' dir='ltr'><strong>sex</strong></span> <span class='ocrx_word' id='word_1_436' title='bbox 389 2144 483 2172; x_wconf 75' lang='lat' dir='ltr'><strong>diebus</strong></span> <span class='ocrx_word' id='word_1_437' title='bbox 502 2143 603 2171; x_wconf 86' lang='lat' dir='ltr'><strong>conditi</strong></span> <span class='ocrx_word' id='word_1_438' title='bbox 618 2141 732 2170; x_wconf 83' lang='lat' dir='ltr'><strong>molitio.</strong></span> <span class='ocrx_word' id='word_1_439' title='bbox 744 2141 924 2169; x_wconf 76' lang='lat' dir='ltr'><strong>Meminerant</strong></span> <span class='ocrx_word' id='word_1_440' title='bbox 936 2140 1007 2168; x_wconf 88' lang='lat' dir='ltr'><strong>enim</strong></span> 
     </span>
    </p>
   </div>
   <div class='ocr_carea' id='block_1_63' title="bbox 218 2186 1008 2222">
    <p class='ocr_par' dir='ltr' id='par_1_63' title="bbox 218 2186 1008 2222">
     <span class='ocr_line' id='line_1_63' title="bbox 218 2186 1008 2222; baseline -0.009 -3"><span class='ocrx_word' id='word_1_441' title='bbox 218 2192 349 2219; x_wconf 87' lang='lat' dir='ltr'><strong>mundum</strong></span> <span class='ocrx_word' id='word_1_442' title='bbox 365 2197 380 2216; x_wconf 81' lang='grc' dir='ltr'><strong>ιι</strong></span> <span class='ocrx_word' id='word_1_443' title='bbox 399 2190 453 2218; x_wconf 88' lang='lat' dir='ltr'><strong>Deo</strong></span> <span class='ocrx_word' id='word_1_444' title='bbox 468 2196 516 2216; x_wconf 85' lang='lat' dir='ltr'><strong>sex</strong></span> <span class='ocrx_word' id='word_1_445' title='bbox 530 2187 626 2216; x_wconf 83' lang='lat' dir='ltr'><strong>diebus</strong></span> <span class='ocrx_word' id='word_1_446' title='bbox 645 2186 794 2222; x_wconf 78' lang='lat' dir='ltr'><strong>perfectum</strong></span> <span class='ocrx_word' id='word_1_447' title='bbox 808 2193 880 2219; x_wconf 82' lang='lat' dir='ltr'><strong>esse,</strong></span> <span class='ocrx_word' id='word_1_448' title='bbox 894 2192 1008 2222; x_wconf 66' lang='lat' dir='ltr'><strong>quaeque</strong></span> 
     </span>
    </p>
   </div>
   <div class='ocr_carea' id='block_1_64' title="bbox 218 2232 1004 2271">
    <p class='ocr_par' dir='ltr' id='par_1_64' title="bbox 218 2232 1004 2271">
     <span class='ocr_line' id='line_1_64' title="bbox 218 2232 1004 2271; baseline -0.008 -6"><span class='ocrx_word' id='word_1_449' title='bbox 218 2238 246 2265; x_wconf 92' lang='lat' dir='ltr'><strong>in</strong></span> <span class='ocrx_word' id='word_1_450' title='bbox 268 2236 395 2271; x_wconf 85' lang='lat' dir='ltr'><strong>paradiso</strong></span> <span class='ocrx_word' id='word_1_451' title='bbox 421 2235 586 2262; x_wconf 83' lang='lat' dir='ltr'><strong>acciderunt.</strong></span> <span class='ocrx_word' id='word_1_452' title='bbox 611 2232 681 2260; x_wconf 86' lang='lat' dir='ltr'><strong>Hinc</strong></span> <span class='ocrx_word' id='word_1_453' title='bbox 698 2239 764 2267; x_wconf 89' lang='lat' dir='ltr'><strong>ergo</strong></span> <span class='ocrx_word' id='word_1_454' title='bbox 781 2232 885 2260; x_wconf 88' lang='lat' dir='ltr'><strong>animas</strong></span> <span class='ocrx_word' id='word_1_455' title='bbox 911 2232 1004 2264; x_wconf 87' lang='lat' dir='ltr'><strong>hasce,</strong></span> 
     </span>
    </p>
   </div>
   <div class='ocr_carea' id='block_1_65' title="bbox 217 2278 1006 2318">
    <p class='ocr_par' dir='ltr' id='par_1_65' title="bbox 217 2278 1006 2318">
     <span class='ocr_line' id='line_1_65' title="bbox 217 2278 1006 2318; baseline -0.005 -8"><span class='ocrx_word' id='word_1_456' title='bbox 217 2290 278 2318; x_wconf 82' lang='lat' dir='ltr'><strong>quae</strong></span> <span class='ocrx_word' id='word_1_457' title='bbox 293 2282 346 2309; x_wconf 84' lang='lat' dir='ltr'><strong>Deo</strong></span> <span class='ocrx_word' id='word_1_458' title='bbox 355 2290 370 2309; x_wconf 83' lang='lat' dir='ltr'><strong>a</strong></span> <span class='ocrx_word' id='word_1_459' title='bbox 379 2281 488 2309; x_wconf 84' lang='lat' dir='ltr'><strong>condito</strong></span> <span class='ocrx_word' id='word_1_460' title='bbox 502 2280 603 2308; x_wconf 89' lang='lat' dir='ltr'><strong>mundo</strong></span> <span class='ocrx_word' id='word_1_461' title='bbox 618 2286 667 2314; x_wconf 90' lang='lat' dir='ltr'><strong>per</strong></span> <span class='ocrx_word' id='word_1_462' title='bbox 686 2279 886 2306; x_wconf 86' lang='lat' dir='ltr'><strong>successionem</strong></span> <span class='ocrx_word' id='word_1_463' title='bbox 899 2278 1006 2313; x_wconf 85' lang='lat' dir='ltr'><strong>placere</strong></span> 
     </span>
    </p>
   </div>
   <div class='ocr_carea' id='block_1_66' title="bbox 216 2323 1006 2361">
    <p class='ocr_par' dir='ltr' id='par_1_66' title="bbox 216 2323 1006 2361">
     <span class='ocr_line' id='line_1_66' title="bbox 216 2323 1006 2361; baseline -0.006 -5"><span class='ocrx_word' id='word_1_464' title='bbox 216 2328 416 2358; x_wconf 84' lang='lat' dir='ltr'><strong>desiderarunt,</strong></span> <span class='ocrx_word' id='word_1_465' title='bbox 431 2331 458 2354; x_wconf 90' lang='lat' dir='ltr'><strong>et</strong></span> <span class='ocrx_word' id='word_1_466' title='bbox 470 2324 559 2361; x_wconf 86' lang='lat' dir='ltr'><strong>quasi,</strong></span> <span class='ocrx_word' id='word_1_467' title='bbox 574 2324 597 2352; x_wconf 88' lang='lat' dir='ltr'><strong>si</strong></span> <span class='ocrx_word' id='word_1_468' title='bbox 611 2323 652 2352; x_wconf 79' lang='lat' dir='ltr'><strong>las</strong></span> <span class='ocrx_word' id='word_1_469' title='bbox 664 2324 701 2351; x_wconf 89' lang='lat' dir='ltr'><strong>ita</strong></span> <span class='ocrx_word' id='word_1_470' title='bbox 715 2323 800 2359; x_wconf 86' lang='lat' dir='ltr'><strong>loqui,</strong></span> <span class='ocrx_word' id='word_1_471' title='bbox 815 2323 896 2359; x_wconf 90' lang='lat' dir='ltr'><strong>primi</strong></span> <span class='ocrx_word' id='word_1_472' title='bbox 913 2323 1006 2352; x_wconf 63' lang='lat' dir='ltr'><strong>saeculi</strong></span> 
     </span>
    </p>
   </div>
   <div class='ocr_carea' id='block_1_67' title="bbox 216 2369 1005 2407">
    <p class='ocr_par' dir='ltr' id='par_1_67' title="bbox 216 2369 1005 2407">
     <span class='ocr_line' id='line_1_67' title="bbox 216 2369 1005 2407; baseline -0.004 -7"><span class='ocrx_word' id='word_1_473' title='bbox 216 2377 354 2407; x_wconf 88' lang='lat' dir='ltr'><strong>neptes,et</strong></span> <span class='ocrx_word' id='word_1_474' title='bbox 366 2372 467 2399; x_wconf 86' lang='lat' dir='ltr'><strong>vicinas</strong></span> <span class='ocrx_word' id='word_1_475' title='bbox 480 2371 516 2398; x_wconf 89' lang='lat' dir='ltr'><strong>illi</strong></span> <span class='ocrx_word' id='word_1_476' title='bbox 530 2370 629 2405; x_wconf 77' lang='lat' dir='ltr'><strong>ingenti</strong></span> <span class='ocrx_word' id='word_1_477' title='bbox 645 2377 693 2396; x_wconf 86' lang='lat' dir='ltr'><strong>sex</strong></span> <span class='ocrx_word' id='word_1_478' title='bbox 709 2369 812 2397; x_wconf 89' lang='lat' dir='ltr'><strong>dierum</strong></span> <span class='ocrx_word' id='word_1_479' title='bbox 827 2369 913 2404; x_wconf 89' lang='lat' dir='ltr'><strong>operi,</strong></span> <span class='ocrx_word' id='word_1_480' title='bbox 925 2376 1005 2397; x_wconf 66' lang='grc' dir='ltr'>δεικ-</span> 
     </span>
    </p>
   </div>
   <div class='ocr_carea' id='block_1_68' title="bbox 215 2415 1002 2454">
    <p class='ocr_par' dir='ltr' id='par_1_68' title="bbox 215 2415 1002 2454">
     <span class='ocr_line' id='line_1_68' title="bbox 215 2415 1002 2454; baseline -0.005 -8"><span class='ocrx_word' id='word_1_481' title='bbox 215 2419 290 2454; x_wconf 82' lang='lat' dir='ltr'><strong>ginta</strong></span> <span class='ocrx_word' id='word_1_482' title='bbox 314 2418 421 2453; x_wconf 80' lang='lat' dir='ltr'><strong>reginas</strong></span> <span class='ocrx_word' id='word_1_483' title='bbox 444 2418 559 2452; x_wconf 89' lang='lat' dir='ltr'><strong>ligurate</strong></span> <span class='ocrx_word' id='word_1_484' title='bbox 577 2415 729 2451; x_wconf 81' lang='lat' dir='ltr'><strong>appellavit,</strong></span> <span class='ocrx_word' id='word_1_485' title='bbox 743 2423 776 2442; x_wconf 89' lang='lat' dir='ltr'><strong>eo</strong></span> <span class='ocrx_word' id='word_1_486' title='bbox 797 2417 921 2450; x_wconf 88' lang='lat' dir='ltr'><strong>quod,ut</strong></span> <span class='ocrx_word' id='word_1_487' title='bbox 935 2416 1002 2450; x_wconf 86' lang='lat' dir='ltr'><strong>dixi,</strong></span> 
     </span>
    </p>
   </div>
   <div class='ocr_carea' id='block_1_69' title="bbox 215 2461 1003 2500">
    <p class='ocr_par' dir='ltr' id='par_1_69' title="bbox 215 2461 1003 2500">
     <span class='ocr_line' id='line_1_69' title="bbox 215 2461 1003 2500; baseline -0.005 -8"><span class='ocrx_word' id='word_1_488' title='bbox 215 2463 258 2492; x_wconf 72' lang='lat' dir='ltr'><strong>hat</strong></span> <span class='ocrx_word' id='word_1_489' title='bbox 272 2469 333 2500; x_wconf 85' lang='lat' dir='ltr'><strong>post</strong></span> <span class='ocrx_word' id='word_1_490' title='bbox 356 2471 403 2492; x_wconf 91' lang='lat' dir='ltr'><strong>sex</strong></span> <span class='ocrx_word' id='word_1_491' title='bbox 424 2464 530 2491; x_wconf 88' lang='lat' dir='ltr'><strong>dierum</strong></span> <span class='ocrx_word' id='word_1_492' title='bbox 547 2469 640 2497; x_wconf 84' lang='lat' dir='ltr'><strong>opera,</strong></span> <span class='ocrx_word' id='word_1_493' title='bbox 662 2461 790 2489; x_wconf 83' lang='lat' dir='ltr'><strong>vixerint.</strong></span> <span class='ocrx_word' id='word_1_494' title='bbox 815 2461 912 2497; x_wconf 74' lang='lat' dir='ltr'><strong>Magno</strong></span> <span class='ocrx_word' id='word_1_495' title='bbox 930 2462 1003 2489; x_wconf 90' lang='lat' dir='ltr'><strong>enim</strong></span> 
     </span>
    </p>
   </div>
   <div class='ocr_carea' id='block_1_70' title="bbox 216 2507 1003 2548">
    <p class='ocr_par' dir='ltr' id='par_1_70' title="bbox 216 2507 1003 2548">
     <span class='ocr_line' id='line_1_70' title="bbox 216 2507 1003 2548; baseline -0.006 -9"><span class='ocrx_word' id='word_1_496' title='bbox 216 2511 256 2539; x_wconf 88' lang='lat' dir='ltr'><strong>illi</strong></span> <span class='ocrx_word' id='word_1_497' title='bbox 273 2509 387 2548; x_wconf 82' lang='lat' dir='ltr'><strong>[sancti]</strong></span> <span class='ocrx_word' id='word_1_498' title='bbox 408 2510 511 2538; x_wconf 87' lang='lat' dir='ltr'><strong>honore</strong></span> <span class='ocrx_word' id='word_1_499' title='bbox 527 2513 589 2536; x_wconf 90' lang='lat' dir='ltr'><strong>sunt</strong></span> <span class='ocrx_word' id='word_1_500' title='bbox 603 2508 703 2542; x_wconf 73' lang='lat' dir='ltr'><strong>aliecti,</strong></span> <span class='ocrx_word' id='word_1_501' title='bbox 723 2515 786 2535; x_wconf 91' lang='lat' dir='ltr'><strong>cum</strong></span> <span class='ocrx_word' id='word_1_502' title='bbox 802 2507 904 2543; x_wconf 86' lang='lat' dir='ltr'><strong>dignati</strong></span> <span class='ocrx_word' id='word_1_503' title='bbox 919 2507 1003 2535; x_wconf 87' lang='lat' dir='ltr'><strong>collo-</strong></span> 
     </span>
    </p>
   </div>
   <div class='ocr_carea' id='block_1_71' title="bbox 214 2553 1002 2593">
    <p class='ocr_par' dir='ltr' id='par_1_71' title="bbox 214 2553 1002 2593">
     <span class='ocr_line' id='line_1_71' title="bbox 214 2553 1002 2593; baseline -0.006 -7"><span class='ocrx_word' id='word_1_504' title='bbox 214 2559 279 2592; x_wconf 77' lang='lat' dir='ltr'><strong>quio</strong></span> <span class='ocrx_word' id='word_1_505' title='bbox 292 2557 448 2593; x_wconf 86' lang='lat' dir='ltr'><strong>angelorum</strong></span> <span class='ocrx_word' id='word_1_506' title='bbox 474 2556 556 2584; x_wconf 87' lang='lat' dir='ltr'><strong>Deum</strong></span> <span class='ocrx_word' id='word_1_507' title='bbox 578 2563 631 2583; x_wconf 91' lang='lat' dir='ltr'><strong>non</strong></span> <span class='ocrx_word' id='word_1_508' title='bbox 647 2562 696 2590; x_wconf 85' lang='lat' dir='ltr'><strong>per</strong></span> <span class='ocrx_word' id='word_1_509' title='bbox 709 2553 845 2582; x_wconf 87' lang='lat' dir='ltr'><strong>somnium</strong></span> <span class='ocrx_word' id='word_1_510' title='bbox 860 2555 908 2582; x_wconf 87' lang='lat' dir='ltr'><strong>sed</strong></span> <span class='ocrx_word' id='word_1_511' title='bbox 922 2561 1002 2588; x_wconf 87' lang='lat' dir='ltr'><strong>aper-</strong></span> 
     </span>
    </p>
   </div>
   <div class='ocr_carea' id='block_1_72' title="bbox 215 2599 999 2637">
    <p class='ocr_par' dir='ltr' id='par_1_72' title="bbox 215 2599 999 2637">
     <span class='ocr_line' id='line_1_72' title="bbox 215 2599 999 2637; baseline -0.006 -6"><span class='ocrx_word' id='word_1_512' title='bbox 215 2608 270 2631; x_wconf 83' lang='lat' dir='ltr'><strong>tam</strong></span> <span class='ocrx_word' id='word_1_513' title='bbox 286 2603 418 2631; x_wconf 81' lang='lat' dir='ltr'><strong>visionem</strong></span> <span class='ocrx_word' id='word_1_514' title='bbox 435 2605 601 2637; x_wconf 85' lang='lat' dir='ltr'><strong>spectarunt.</strong></span> <span class='ocrx_word' id='word_1_515' title='bbox 613 2599 775 2635; x_wconf 86' lang='lat' dir='ltr'><strong>Perpeudite</strong></span> <span class='ocrx_word' id='word_1_516' title='bbox 785 2599 858 2627; x_wconf 88' lang='lat' dir='ltr'><strong>enim</strong></span> <span class='ocrx_word' id='word_1_517' title='bbox 870 2604 999 2634; x_wconf 85' lang='lat' dir='ltr'><strong>quantam</strong></span> 
     </span>
    </p>
   </div>
   <div class='ocr_carea' id='block_1_73' title="bbox 1056 909 1847 945">
    <p class='ocr_par' dir='ltr' id='par_1_73' title="bbox 1056 909 1847 945">
     <span class='ocr_line' id='line_1_73' title="bbox 1056 909 1847 945; baseline -0.003 -8"><span class='ocrx_word' id='word_1_518' title='bbox 1056 911 1106 943; x_wconf 82' lang='grc' dir='ltr'>τὰς</span> <span class='ocrx_word' id='word_1_519' title='bbox 1121 910 1219 942; x_wconf 85' lang='grc' dir='ltr'>λοιπὰς</span> <span class='ocrx_word' id='word_1_520' title='bbox 1234 910 1264 937; x_wconf 70' lang='grc' dir='ltr'><strong>δὲ</strong></span> <span class='ocrx_word' id='word_1_521' title='bbox 1277 910 1418 942; x_wconf 80' lang='grc' dir='ltr'>παλλακὰς</span> <span class='ocrx_word' id='word_1_522' title='bbox 1431 910 1480 937; x_wconf 75' lang='grc' dir='ltr'>καὶ</span> <span class='ocrx_word' id='word_1_523' title='bbox 1486 909 1610 941; x_wconf 76' lang='grc' dir='ltr'>νεάνιδας</span> <span class='ocrx_word' id='word_1_524' title='bbox 1623 909 1847 945; x_wconf 66' lang='grc' dir='ltr'>καιθυγατέρας,</span> 
     </span>
    </p>
   </div>
   <div class='ocr_carea' id='block_1_74' title="bbox 1057 954 1853 991">
    <p class='ocr_par' dir='ltr' id='par_1_74' title="bbox 1057 954 1853 991">
     <span class='ocr_line' id='line_1_74' title="bbox 1057 954 1853 991; baseline -0.001 -8"><span class='ocrx_word' id='word_1_525' title='bbox 1057 955 1146 991; x_wconf 81' lang='grc' dir='ltr'>λέγων</span> <span class='ocrx_word' id='word_1_526' title='bbox 1177 954 1239 983; x_wconf 62' lang='lat' dir='ltr'><strong>Mr</strong></span> <span class='ocrx_word' id='word_1_527' title='bbox 1264 955 1432 989; x_wconf 74' lang='grc' dir='ltr'><strong>ἘξήκΜά</strong></span> <span class='ocrx_word' id='word_1_528' title='bbox 1452 955 1475 971; x_wconf 88' lang='lat'>&quot;</span> <span class='ocrx_word' id='word_1_529' title='bbox 1501 955 1563 982; x_wconf 77' lang='grc' dir='ltr'>εισι</span> <span class='ocrx_word' id='word_1_530' title='bbox 1591 954 1776 986; x_wconf 73' lang='grc' dir='ltr'>βασίλισσαι</span> <span class='ocrx_word' id='word_1_531' title='bbox 1803 955 1853 982; x_wconf 69' lang='grc' dir='ltr'>καὶ</span> 
     </span>
    </p>
   </div>
   <div class='ocr_carea' id='block_1_75' title="bbox 1058 997 1852 1037">
    <p class='ocr_par' dir='ltr' id='par_1_75' title="bbox 1058 997 1852 1037">
     <span class='ocr_line' id='line_1_75' title="bbox 1058 997 1852 1037; baseline 0 -8"><span class='ocrx_word' id='word_1_532' title='bbox 1058 1001 1249 1037; x_wconf 76' lang='grc' dir='ltr'>ὀγδοήκοντα</span> <span class='ocrx_word' id='word_1_533' title='bbox 1281 1000 1447 1033; x_wconf 70' lang='grc' dir='ltr'>παλλακαὶ,</span> <span class='ocrx_word' id='word_1_534' title='bbox 1479 1001 1530 1028; x_wconf 77' lang='grc' dir='ltr'>καὶ</span> <span class='ocrx_word' id='word_1_535' title='bbox 1555 1000 1693 1034; x_wconf 71' lang='grc' dir='ltr'>νεάνιδες</span> <span class='ocrx_word' id='word_1_536' title='bbox 1723 997 1768 1027; x_wconf 83' lang='grc' dir='ltr'>ὧν</span> <span class='ocrx_word' id='word_1_537' title='bbox 1795 1002 1852 1029; x_wconf 74' lang='grc' dir='ltr'>οὐκ</span> 
     </span>
    </p>
   </div>
   <div class='ocr_carea' id='block_1_76' title="bbox 1056 1046 1852 1083">
    <p class='ocr_par' dir='ltr' id='par_1_76' title="bbox 1056 1046 1852 1083">
     <span class='ocr_line' id='line_1_76' title="bbox 1056 1046 1852 1083; baseline -0.003 -7"><span class='ocrx_word' id='word_1_538' title='bbox 1056 1048 1144 1076; x_wconf 67' lang='grc' dir='ltr'>εστιν</span> <span class='ocrx_word' id='word_1_539' title='bbox 1155 1048 1287 1083; x_wconf 77' lang='grc' dir='ltr'>ἀριθμός.</span> <span class='ocrx_word' id='word_1_540' title='bbox 1308 1048 1368 1075; x_wconf 80' lang='grc' dir='ltr'>Μία</span> <span class='ocrx_word' id='word_1_541' title='bbox 1380 1047 1447 1074; x_wconf 77' lang='grc' dir='ltr'>ἐστι</span> <span class='ocrx_word' id='word_1_542' title='bbox 1462 1046 1625 1081; x_wconf 73' lang='grc' dir='ltr'>περιστερά</span> <span class='ocrx_word' id='word_1_543' title='bbox 1656 1055 1726 1081; x_wconf 85' lang='grc' dir='ltr'>μου,</span> <span class='ocrx_word' id='word_1_544' title='bbox 1750 1048 1852 1074; x_wconf 75' lang='grc' dir='ltr'>τελεία</span> 
     </span>
    </p>
   </div>
   <div class='ocr_carea' id='block_1_77' title="bbox 1054 1092 1852 1130">
    <p class='ocr_par' dir='ltr' id='par_1_77' title="bbox 1054 1092 1852 1130">
     <span class='ocr_line' id='line_1_77' title="bbox 1054 1092 1852 1130; baseline -0.004 -8"><span class='ocrx_word' id='word_1_545' title='bbox 1054 1103 1125 1130; x_wconf 81' lang='grc' dir='ltr'>μου,</span> <span class='ocrx_word' id='word_1_546' title='bbox 1137 1094 1193 1129; x_wconf 77' lang='grc' dir='ltr'><strong>μία</strong></span> <span class='ocrx_word' id='word_1_547' title='bbox 1204 1093 1271 1121; x_wconf 77' lang='grc' dir='ltr'>ἐστι</span> <span class='ocrx_word' id='word_1_548' title='bbox 1286 1092 1324 1128; x_wconf 77' lang='grc' dir='ltr'>τῆ</span> <span class='ocrx_word' id='word_1_549' title='bbox 1334 1093 1425 1128; x_wconf 75' lang='grc' dir='ltr'>μητρὶ</span> <span class='ocrx_word' id='word_1_550' title='bbox 1445 1092 1552 1127; x_wconf 79' lang='grc' dir='ltr'>αὐτῆς,</span> <span class='ocrx_word' id='word_1_551' title='bbox 1566 1092 1693 1126; x_wconf 76' lang='grc' dir='ltr'>ὲκλεκτή</span> <span class='ocrx_word' id='word_1_552' title='bbox 1707 1092 1774 1119; x_wconf 78' lang='grc' dir='ltr'>ἐστι</span> <span class='ocrx_word' id='word_1_553' title='bbox 1792 1093 1801 1108; x_wconf 77' lang='grc'><strong>⁸</strong></span> <span class='ocrx_word' id='word_1_554' title='bbox 1815 1092 1852 1127; x_wconf 74' lang='grc' dir='ltr'>τῇ</span> 
     </span>
    </p>
   </div>
   <div class='ocr_carea' id='block_1_78' title="bbox 1057 1139 1852 1176">
    <p class='ocr_par' dir='ltr' id='par_1_78' title="bbox 1057 1139 1852 1176">
     <span class='ocr_line' id='line_1_78' title="bbox 1057 1139 1852 1176; baseline -0.003 -8"><span class='ocrx_word' id='word_1_555' title='bbox 1057 1141 1191 1175; x_wconf 76' lang='grc' dir='ltr'><strong>τεκούσῃ</strong></span> <span class='ocrx_word' id='word_1_556' title='bbox 1203 1140 1311 1174; x_wconf 77' lang='grc' dir='ltr'>αὑτήν.</span> <span class='ocrx_word' id='word_1_557' title='bbox 1329 1139 1393 1176; x_wconf 82' lang='lat'><strong>[507</strong></span> <span class='ocrx_word' id='word_1_558' title='bbox 1409 1139 1458 1176; x_wconf 78' lang='lat' dir='ltr'><strong>IL]</strong></span> <span class='ocrx_word' id='word_1_559' title='bbox 1466 1139 1600 1167; x_wconf 72' lang='grc' dir='ltr'>Εἶδοσαν</span> <span class='ocrx_word' id='word_1_560' title='bbox 1611 1139 1712 1173; x_wconf 81' lang='grc' dir='ltr'>αὐτὴν</span> <span class='ocrx_word' id='word_1_561' title='bbox 1728 1139 1852 1174; x_wconf 67' lang='grc' dir='ltr'>θυγατέ-</span> 
     </span>
    </p>
   </div>
   <div class='ocr_carea' id='block_1_79' title="bbox 1054 1185 1853 1222">
    <p class='ocr_par' dir='ltr' id='par_1_79' title="bbox 1054 1185 1853 1222">
     <span class='ocr_line' id='line_1_79' title="bbox 1054 1185 1853 1222; baseline -0.004 -8"><span class='ocrx_word' id='word_1_562' title='bbox 1054 1196 1119 1222; x_wconf 75' lang='grc' dir='ltr'>ρες,</span> <span class='ocrx_word' id='word_1_563' title='bbox 1133 1186 1184 1214; x_wconf 73' lang='grc' dir='ltr'>καὶ</span> <span class='ocrx_word' id='word_1_564' title='bbox 1194 1186 1398 1222; x_wconf 72' lang='grc' dir='ltr'>μακαριοῦσίν</span> <span class='ocrx_word' id='word_1_565' title='bbox 1416 1185 1525 1220; x_wconf 79' lang='grc' dir='ltr'>αὐτὴν,</span> <span class='ocrx_word' id='word_1_566' title='bbox 1539 1185 1726 1218; x_wconf 78' lang='grc' dir='ltr'>,ϐασίλισσαι</span> <span class='ocrx_word' id='word_1_567' title='bbox 1746 1186 1798 1212; x_wconf 79' lang='grc' dir='ltr'><strong>καί</strong></span> <span class='ocrx_word' id='word_1_568' title='bbox 1819 1193 1853 1219; x_wconf 69' lang='grc' dir='ltr'><strong>τι</strong></span> 
     </span>
    </p>
   </div>
   <div class='ocr_carea' id='block_1_80' title="bbox 1059 1230 1853 1266">
    <p class='ocr_par' dir='ltr' id='par_1_80' title="bbox 1059 1230 1853 1266">
     <span class='ocr_line' id='line_1_80' title="bbox 1059 1230 1853 1266; baseline -0.004 -6"><span class='ocrx_word' id='word_1_569' title='bbox 1059 1232 1215 1260; x_wconf 74' lang='grc' dir='ltr'>παλλακαὶ</span> <span class='ocrx_word' id='word_1_570' title='bbox 1236 1232 1419 1260; x_wconf 73' lang='grc' dir='ltr'>αὶνέσουσιν</span> <span class='ocrx_word' id='word_1_571' title='bbox 1440 1230 1550 1264; x_wconf 77' lang='grc' dir='ltr'><strong>αὐτήν.</strong></span> <span class='ocrx_word' id='word_1_572' title='bbox 1569 1230 1680 1258; x_wconf 78' lang='grc' dir='ltr'>Πολλῶν</span> <span class='ocrx_word' id='word_1_573' title='bbox 1695 1230 1750 1266; x_wconf 80' lang='grc' dir='ltr'>γὰρ</span> <span class='ocrx_word' id='word_1_574' title='bbox 1765 1231 1853 1257; x_wconf 81' lang='grc' dir='ltr'>οὐσῶν</span> 
     </span>
    </p>
   </div>
   <div class='ocr_carea' id='block_1_81' title="bbox 1057 1277 1853 1314">
    <p class='ocr_par' dir='ltr' id='par_1_81' title="bbox 1057 1277 1853 1314">
     <span class='ocr_line' id='line_1_81' title="bbox 1057 1277 1853 1314; baseline -0.004 -8"><span class='ocrx_word' id='word_1_575' title='bbox 1057 1279 1180 1313; x_wconf 81' lang='grc' dir='ltr'>δηλονότι</span> <span class='ocrx_word' id='word_1_576' title='bbox 1205 1279 1255 1314; x_wconf 87' lang='grc' dir='ltr'>τῆς</span> <span class='ocrx_word' id='word_1_577' title='bbox 1276 1277 1440 1314; x_wconf 85' lang='grc' dir='ltr'>Ἐκκλησίας</span> <span class='ocrx_word' id='word_1_578' title='bbox 1459 1277 1515 1304; x_wconf 79' lang='grc' dir='ltr'><strong>τῶν</strong></span> <span class='ocrx_word' id='word_1_579' title='bbox 1537 1277 1707 1313; x_wconf 81' lang='grc' dir='ltr'>θυγατέρων,</span> <span class='ocrx_word' id='word_1_580' title='bbox 1728 1277 1778 1312; x_wconf 85' lang='grc' dir='ltr'><strong>μία</strong></span> <span class='ocrx_word' id='word_1_581' title='bbox 1794 1277 1853 1304; x_wconf 64' lang='grc' dir='ltr'>ἐστὶ</span> 
     </span>
    </p>
   </div>
   <div class='ocr_carea' id='block_1_82' title="bbox 1059 1323 1852 1362">
    <p class='ocr_par' dir='ltr' id='par_1_82' title="bbox 1059 1323 1852 1362">
     <span class='ocr_line' id='line_1_82' title="bbox 1059 1323 1852 1362; baseline -0.005 -10"><span class='ocrx_word' id='word_1_582' title='bbox 1059 1326 1128 1362; x_wconf 87' lang='grc' dir='ltr'>μόνη</span> <span class='ocrx_word' id='word_1_583' title='bbox 1151 1326 1169 1361; x_wconf 78' lang='grc' dir='ltr'><strong>ὴ</strong></span> <span class='ocrx_word' id='word_1_584' title='bbox 1186 1325 1303 1361; x_wconf 70' lang='grc' dir='ltr'>ἑκλεκτὴ</span> <span class='ocrx_word' id='word_1_585' title='bbox 1324 1325 1372 1352; x_wconf 74' lang='grc' dir='ltr'>καὶ</span> <span class='ocrx_word' id='word_1_586' title='bbox 1391 1323 1546 1360; x_wconf 76' lang='grc' dir='ltr'><strong>τιμιωτάτη</strong></span> <span class='ocrx_word' id='word_1_587' title='bbox 1560 1323 1590 1350; x_wconf 69' lang='grc' dir='ltr'>ιν</span> <span class='ocrx_word' id='word_1_588' title='bbox 1604 1323 1754 1358; x_wconf 70' lang='grc' dir='ltr'>ὀφθαλμοῖς</span> <span class='ocrx_word' id='word_1_589' title='bbox 1767 1323 1852 1358; x_wconf 80' lang='grc' dir='ltr'>αὐτῆς</span> 
     </span>
    </p>
   </div>
   <div class='ocr_carea' id='block_1_83' title="bbox 1059 1368 1852 1407">
    <p class='ocr_par' dir='ltr' id='par_1_83' title="bbox 1059 1368 1852 1407">
     <span class='ocr_line' id='line_1_83' title="bbox 1059 1368 1852 1407; baseline -0.005 -9"><span class='ocrx_word' id='word_1_590' title='bbox 1059 1371 1130 1407; x_wconf 65' lang='grc' dir='ltr'>ὑπὲρ</span> <span class='ocrx_word' id='word_1_591' title='bbox 1144 1370 1245 1403; x_wconf 82' lang='grc' dir='ltr'>πάσας,</span> <span class='ocrx_word' id='word_1_592' title='bbox 1260 1370 1292 1398; x_wconf 77' lang='grc' dir='ltr'>τὸ</span> <span class='ocrx_word' id='word_1_593' title='bbox 1306 1370 1401 1405; x_wconf 80' lang='grc' dir='ltr'>τάγμα</span> <span class='ocrx_word' id='word_1_594' title='bbox 1419 1369 1475 1396; x_wconf 88' lang='grc' dir='ltr'><strong>τῶν</strong></span> <span class='ocrx_word' id='word_1_595' title='bbox 1494 1369 1650 1404; x_wconf 80' lang='grc' dir='ltr'>παρθένων.</span> <span class='ocrx_word' id='word_1_596' title='bbox 1666 1368 1852 1400; x_wconf 84' lang='grc' dir='ltr'>Βασιλίσσας·</span> 
     </span>
    </p>
   </div>
   <div class='ocr_carea' id='block_1_84' title="bbox 1057 1412 1852 1450">
    <p class='ocr_par' dir='ltr' id='par_1_84' title="bbox 1057 1412 1852 1450">
     <span class='ocr_line' id='line_1_84' title="bbox 1057 1412 1852 1450; baseline -0.005 -7"><span class='ocrx_word' id='word_1_597' title='bbox 1057 1415 1086 1443; x_wconf 76' lang='grc' dir='ltr'><strong>δὲ</strong></span> <span class='ocrx_word' id='word_1_598' title='bbox 1106 1415 1273 1443; x_wconf 75' lang='grc' dir='ltr'>αἰνίττεσθαι</span> <span class='ocrx_word' id='word_1_599' title='bbox 1297 1416 1314 1450; x_wconf 79' lang='grc' dir='ltr'>ἡ</span> <span class='ocrx_word' id='word_1_600' title='bbox 1341 1413 1495 1450; x_wconf 73' lang='grc' dir='ltr'>προφητεία</span> <span class='ocrx_word' id='word_1_601' title='bbox 1516 1413 1651 1449; x_wconf 82' lang='grc' dir='ltr'>βούλεται,</span> <span class='ocrx_word' id='word_1_602' title='bbox 1669 1413 1712 1440; x_wconf 82' lang='grc' dir='ltr'>ὃτι</span> <span class='ocrx_word' id='word_1_603' title='bbox 1733 1413 1784 1448; x_wconf 77' lang='grc' dir='ltr'>οὐχ</span> <span class='ocrx_word' id='word_1_604' title='bbox 1805 1412 1852 1446; x_wconf 72' lang='grc' dir='ltr'><strong>ὑφ’</strong></span> 
     </span>
    </p>
   </div>
   <div class='ocr_carea' id='block_1_85' title="bbox 1058 1458 1852 1498">
    <p class='ocr_par' dir='ltr' id='par_1_85' title="bbox 1058 1458 1852 1498">
     <span class='ocr_line' id='line_1_85' title="bbox 1058 1458 1852 1498; baseline -0.004 -10"><span class='ocrx_word' id='word_1_605' title='bbox 1058 1462 1108 1488; x_wconf 69' lang='grc' dir='ltr'>ἕνα</span> <span class='ocrx_word' id='word_1_606' title='bbox 1138 1460 1238 1498; x_wconf 66' lang='grc' dir='ltr'>ἤγοντο</span> <span class='ocrx_word' id='word_1_607' title='bbox 1267 1460 1379 1496; x_wconf 76' lang='grc' dir='ltr'>βασιλέα</span> <span class='ocrx_word' id='word_1_608' title='bbox 1392 1460 1627 1495; x_wconf 69' lang='grc' dir='ltr'>ιβασιλευόμεναι,</span> <span class='ocrx_word' id='word_1_609' title='bbox 1655 1458 1713 1485; x_wconf 77' lang='grc' dir='ltr'>ἀλλ’</span> <span class='ocrx_word' id='word_1_610' title='bbox 1747 1459 1852 1492; x_wconf 67' lang='grc' dir='ltr'>ἑκάστη</span> 
     </span>
    </p>
   </div>
   <div class='ocr_carea' id='block_1_86' title="bbox 1059 1502 1852 1542">
    <p class='ocr_par' dir='ltr' id='par_1_86' title="bbox 1059 1502 1852 1542">
     <span class='ocr_line' id='line_1_86' title="bbox 1059 1502 1852 1542; baseline -0.005 -8"><span class='ocrx_word' id='word_1_611' title='bbox 1059 1505 1155 1542; x_wconf 81' lang='grc' dir='ltr'>ὥσπερ</span> <span class='ocrx_word' id='word_1_612' title='bbox 1168 1506 1366 1538; x_wconf 80' lang='grc' dir='ltr'>αὐτοδέσποτος</span> <span class='ocrx_word' id='word_1_613' title='bbox 1387 1506 1434 1533; x_wconf 80' lang='grc' dir='ltr'>καὶ</span> <span class='ocrx_word' id='word_1_614' title='bbox 1448 1505 1591 1541; x_wconf 81' lang='grc' dir='ltr'>βασίλισσα</span> <span class='ocrx_word' id='word_1_615' title='bbox 1608 1502 1653 1540; x_wconf 80' lang='grc' dir='ltr'>ἦν,</span> <span class='ocrx_word' id='word_1_616' title='bbox 1670 1504 1717 1531; x_wconf 83' lang='grc' dir='ltr'>καὶ</span> <span class='ocrx_word' id='word_1_617' title='bbox 1736 1504 1778 1531; x_wconf 84' lang='grc' dir='ltr'>ὃτι</span> <span class='ocrx_word' id='word_1_618' title='bbox 1796 1504 1852 1531; x_wconf 85' lang='grc' dir='ltr'>τῶν</span> 
     </span>
    </p>
   </div>
   <div class='ocr_carea' id='block_1_87' title="bbox 1060 1548 1851 1588">
    <p class='ocr_par' dir='ltr' id='par_1_87' title="bbox 1060 1548 1851 1588">
     <span class='ocr_line' id='line_1_87' title="bbox 1060 1548 1851 1588; baseline -0.004 -8"><span class='ocrx_word' id='word_1_619' title='bbox 1060 1553 1130 1588; x_wconf 80' lang='grc' dir='ltr'>μετὰ</span> <span class='ocrx_word' id='word_1_620' title='bbox 1148 1553 1250 1585; x_wconf 84' lang='grc' dir='ltr'>ταύτας</span> <span class='ocrx_word' id='word_1_621' title='bbox 1266 1553 1277 1569; x_wconf 88' lang='grc'><strong><em>³</em></strong></span> <span class='ocrx_word' id='word_1_622' title='bbox 1298 1552 1382 1588; x_wconf 74' lang='grc' dir='ltr'>ἀρχαὶ</span> <span class='ocrx_word' id='word_1_623' title='bbox 1404 1552 1453 1579; x_wconf 80' lang='grc' dir='ltr'>καὶ</span> <span class='ocrx_word' id='word_1_624' title='bbox 1475 1552 1584 1588; x_wconf 84' lang='grc' dir='ltr'>πρῶται</span> <span class='ocrx_word' id='word_1_625' title='bbox 1603 1548 1684 1587; x_wconf 81' lang='grc' dir='ltr'>ἦσαν,</span> <span class='ocrx_word' id='word_1_626' title='bbox 1705 1551 1756 1583; x_wconf 84' lang='grc' dir='ltr'>τὰς</span> <span class='ocrx_word' id='word_1_627' title='bbox 1772 1550 1851 1586; x_wconf 82' lang='grc' dir='ltr'>βασι-</span> 
     </span>
    </p>
   </div>
   <div class='ocr_carea' id='block_1_88' title="bbox 1058 1597 1852 1633">
    <p class='ocr_par' dir='ltr' id='par_1_88' title="bbox 1058 1597 1852 1633">
     <span class='ocr_line' id='line_1_88' title="bbox 1058 1597 1852 1633; baseline -0.005 -7"><span class='ocrx_word' id='word_1_628' title='bbox 1058 1599 1136 1632; x_wconf 80' lang='grc' dir='ltr'>λικὰς</span> <span class='ocrx_word' id='word_1_629' title='bbox 1159 1599 1279 1631; x_wconf 73' lang='grc' dir='ltr'>ικείνας,</span> <span class='ocrx_word' id='word_1_630' title='bbox 1306 1598 1357 1629; x_wconf 80' lang='grc' dir='ltr'><strong>τὰς</strong></span> <span class='ocrx_word' id='word_1_631' title='bbox 1384 1598 1438 1633; x_wconf 82' lang='grc' dir='ltr'><strong>πρὸ</strong></span> <span class='ocrx_word' id='word_1_632' title='bbox 1461 1598 1509 1626; x_wconf 81' lang='grc' dir='ltr'>τοῦ</span> <span class='ocrx_word' id='word_1_633' title='bbox 1536 1597 1733 1632; x_wconf 84' lang='grc' dir='ltr'>κατακλυσμοῦ</span> <span class='ocrx_word' id='word_1_634' title='bbox 1760 1597 1852 1632; x_wconf 76' lang='grc' dir='ltr'>ψυχὰς</span> 
     </span>
    </p>
   </div>
   <div class='ocr_carea' id='block_1_89' title="bbox 1057 1644 1851 1682">
    <p class='ocr_par' dir='ltr' id='par_1_89' title="bbox 1057 1644 1851 1682">
     <span class='ocr_line' id='line_1_89' title="bbox 1057 1644 1851 1682; baseline -0.004 -9"><span class='ocrx_word' id='word_1_635' title='bbox 1057 1646 1222 1682; x_wconf 79' lang='grc' dir='ltr'>εὐαρέστους</span> <span class='ocrx_word' id='word_1_636' title='bbox 1233 1646 1274 1682; x_wconf 86' lang='grc' dir='ltr'>τῷ</span> <span class='ocrx_word' id='word_1_637' title='bbox 1285 1644 1345 1681; x_wconf 88' lang='grc' dir='ltr'><strong>Θεῷ</strong></span> <span class='ocrx_word' id='word_1_638' title='bbox 1360 1644 1558 1680; x_wconf 83' lang='grc' dir='ltr'>γεγενημένας,</span> <span class='ocrx_word' id='word_1_639' title='bbox 1576 1644 1701 1672; x_wconf 73' lang='grc' dir='ltr'>τουτέστι</span> <span class='ocrx_word' id='word_1_640' title='bbox 1715 1644 1765 1676; x_wconf 74' lang='grc' dir='ltr'><strong>τὰς</strong></span> <span class='ocrx_word' id='word_1_641' title='bbox 1777 1644 1851 1679; x_wconf 75' lang='grc' dir='ltr'>ἀμφὶ</span> 
     </span>
    </p>
   </div>
   <div class='ocr_carea' id='block_1_90' title="bbox 1057 1689 1850 1726">
    <p class='ocr_par' dir='ltr' id='par_1_90' title="bbox 1057 1689 1850 1726">
     <span class='ocr_line' id='line_1_90' title="bbox 1057 1689 1850 1726; baseline -0.004 -8"><span class='ocrx_word' id='word_1_642' title='bbox 1057 1692 1104 1718; x_wconf 84' lang='grc' dir='ltr'>τὸν</span> <span class='ocrx_word' id='word_1_643' title='bbox 1117 1691 1201 1718; x_wconf 75' lang='grc' dir='ltr'>’Δῦελ</span> <span class='ocrx_word' id='word_1_644' title='bbox 1214 1692 1262 1719; x_wconf 84' lang='grc' dir='ltr'>καὶ</span> <span class='ocrx_word' id='word_1_645' title='bbox 1275 1691 1321 1718; x_wconf 80' lang='grc' dir='ltr'><strong>τὸν</strong></span> <span class='ocrx_word' id='word_1_646' title='bbox 1336 1691 1390 1726; x_wconf 78' lang='grc' dir='ltr'><strong>Σὴθ</strong></span> <span class='ocrx_word' id='word_1_647' title='bbox 1405 1690 1454 1717; x_wconf 78' lang='grc' dir='ltr'>καὶ</span> <span class='ocrx_word' id='word_1_648' title='bbox 1466 1691 1513 1717; x_wconf 76' lang='grc' dir='ltr'>τὸν</span> <span class='ocrx_word' id='word_1_649' title='bbox 1530 1689 1626 1725; x_wconf 80' lang='grc' dir='ltr'><strong>Ἑνώχ⁹</strong></span> <span class='ocrx_word' id='word_1_650' title='bbox 1641 1689 1702 1726; x_wconf 84' lang='lat'><strong>[957</strong></span> <span class='ocrx_word' id='word_1_651' title='bbox 1717 1689 1764 1726; x_wconf 71' lang='lat' dir='ltr'><strong>IL]</strong></span> <span class='ocrx_word' id='word_1_652' title='bbox 1779 1689 1850 1716; x_wconf 91' lang='grc' dir='ltr'>παλ-</span> 
     </span>
    </p>
   </div>
   <div class='ocr_carea' id='block_1_91' title="bbox 1057 1734 1850 1771">
    <p class='ocr_par' dir='ltr' id='par_1_91' title="bbox 1057 1734 1850 1771">
     <span class='ocr_line' id='line_1_91' title="bbox 1057 1734 1850 1771; baseline -0.004 -8"><span class='ocrx_word' id='word_1_653' title='bbox 1057 1735 1183 1768; x_wconf 71' lang='grc' dir='ltr'>λακὰςδὶ</span> <span class='ocrx_word' id='word_1_654' title='bbox 1201 1735 1251 1768; x_wconf 77' lang='grc' dir='ltr'><strong>τὰς</strong></span> <span class='ocrx_word' id='word_1_655' title='bbox 1268 1735 1337 1771; x_wconf 82' lang='grc' dir='ltr'>μετὰ</span> <span class='ocrx_word' id='word_1_656' title='bbox 1352 1735 1398 1762; x_wconf 83' lang='grc' dir='ltr'>τὸν</span> <span class='ocrx_word' id='word_1_657' title='bbox 1417 1734 1606 1770; x_wconf 77' lang='grc' dir='ltr'>κατακλυσμὸν</span> <span class='ocrx_word' id='word_1_658' title='bbox 1616 1734 1670 1761; x_wconf 85' lang='grc' dir='ltr'><strong>τῶν</strong></span> <span class='ocrx_word' id='word_1_659' title='bbox 1689 1734 1850 1770; x_wconf 83' lang='grc' dir='ltr'>προφητῶν,</span> 
     </span>
    </p>
   </div>
   <div class='ocr_carea' id='block_1_92' title="bbox 1057 1779 1852 1817">
    <p class='ocr_par' dir='ltr' id='par_1_92' title="bbox 1057 1779 1852 1817">
     <span class='ocr_line' id='line_1_92' title="bbox 1057 1779 1852 1817; baseline -0.003 -8"><span class='ocrx_word' id='word_1_660' title='bbox 1057 1779 1103 1814; x_wconf 78' lang='grc' dir='ltr'><strong>αἷς</strong></span> <span class='ocrx_word' id='word_1_661' title='bbox 1116 1781 1171 1817; x_wconf 75' lang='grc' dir='ltr'>πρὸ</span> <span class='ocrx_word' id='word_1_662' title='bbox 1188 1781 1236 1808; x_wconf 84' lang='grc' dir='ltr'>τοῦ</span> <span class='ocrx_word' id='word_1_663' title='bbox 1255 1782 1307 1817; x_wconf 83' lang='grc' dir='ltr'>τὴν</span> <span class='ocrx_word' id='word_1_664' title='bbox 1330 1781 1496 1816; x_wconf 83' lang='grc' dir='ltr'>Ἐκκλησίαν</span> <span class='ocrx_word' id='word_1_665' title='bbox 1516 1780 1687 1816; x_wconf 80' lang='grc' dir='ltr'>ἁρμοσθῆναι</span> <span class='ocrx_word' id='word_1_666' title='bbox 1701 1780 1741 1815; x_wconf 80' lang='grc' dir='ltr'><strong>τῷ</strong></span> <span class='ocrx_word' id='word_1_667' title='bbox 1754 1780 1852 1816; x_wconf 72' lang='grc' dir='ltr'>Κυρίῳ</span> 
     </span>
    </p>
   </div>
   <div class='ocr_carea' id='block_1_93' title="bbox 1058 1824 1850 1862">
    <p class='ocr_par' dir='ltr' id='par_1_93' title="bbox 1058 1824 1850 1862">
     <span class='ocr_line' id='line_1_93' title="bbox 1058 1824 1850 1862; baseline -0.004 -8"><span class='ocrx_word' id='word_1_668' title='bbox 1058 1827 1233 1855; x_wconf 78' lang='grc' dir='ltr'>παλλακίδων</span> <span class='ocrx_word' id='word_1_669' title='bbox 1245 1826 1325 1862; x_wconf 88' lang='grc' dir='ltr'>δίκην</span> <span class='ocrx_word' id='word_1_670' title='bbox 1342 1826 1536 1860; x_wconf 85' lang='grc' dir='ltr'>συγγινόμενος</span> <span class='ocrx_word' id='word_1_671' title='bbox 1563 1825 1674 1860; x_wconf 72' lang='grc' dir='ltr'>ἀληθεῖς</span> <span class='ocrx_word' id='word_1_672' title='bbox 1698 1824 1850 1860; x_wconf 75' lang='grc' dir='ltr'>ὑπέσπειρε</span> 
     </span>
    </p>
   </div>
   <div class='ocr_carea' id='block_1_94' title="bbox 1058 1870 1851 1908">
    <p class='ocr_par' dir='ltr' id='par_1_94' title="bbox 1058 1870 1851 1908">
     <span class='ocr_line' id='line_1_94' title="bbox 1058 1870 1851 1908; baseline -0.005 -8"><span class='ocrx_word' id='word_1_673' title='bbox 1058 1873 1155 1908; x_wconf 88' lang='grc' dir='ltr'>λόγους</span> <span class='ocrx_word' id='word_1_674' title='bbox 1172 1873 1202 1899; x_wconf 69' lang='grc' dir='ltr'>ιν</span> <span class='ocrx_word' id='word_1_675' title='bbox 1215 1872 1324 1907; x_wconf 77' lang='grc' dir='ltr'>ἀφθόνῳ</span> <span class='ocrx_word' id='word_1_676' title='bbox 1336 1871 1348 1888; x_wconf 74' lang='grc'><strong><em>⁵</em></strong></span> <span class='ocrx_word' id='word_1_677' title='bbox 1362 1871 1410 1898; x_wconf 82' lang='grc' dir='ltr'>καὶ</span> <span class='ocrx_word' id='word_1_678' title='bbox 1431 1871 1540 1906; x_wconf 75' lang='grc' dir='ltr'>καθαρᾷ</span> <span class='ocrx_word' id='word_1_679' title='bbox 1553 1870 1707 1906; x_wconf 69' lang='grc' dir='ltr'>φιλοσοφίᾳ,</span> <span class='ocrx_word' id='word_1_680' title='bbox 1723 1870 1769 1897; x_wconf 82' lang='grc' dir='ltr'>ἵνα</span> <span class='ocrx_word' id='word_1_681' title='bbox 1787 1879 1851 1904; x_wconf 80' lang='grc' dir='ltr'>τεν-</span> 
     </span>
    </p>
   </div>
   <div class='ocr_carea' id='block_1_95' title="bbox 1058 1915 1852 1954">
    <p class='ocr_par' dir='ltr' id='par_1_95' title="bbox 1058 1915 1852 1954">
     <span class='ocr_line' id='line_1_95' title="bbox 1058 1915 1852 1954; baseline -0.005 -8"><span class='ocrx_word' id='word_1_682' title='bbox 1058 1919 1179 1954; x_wconf 85' lang='grc' dir='ltr'>νήσωσιν</span> <span class='ocrx_word' id='word_1_683' title='bbox 1188 1917 1264 1953; x_wconf 81' lang='grc' dir='ltr'>αὐτῷ</span> <span class='ocrx_word' id='word_1_684' title='bbox 1277 1916 1459 1945; x_wconf 84' lang='grc' dir='ltr'>συλλαδοῠσαι</span> <span class='ocrx_word' id='word_1_685' title='bbox 1475 1916 1567 1944; x_wconf 81' lang='grc' dir='ltr'>πίστιν</span> <span class='ocrx_word' id='word_1_686' title='bbox 1578 1916 1726 1951; x_wconf 75' lang='grc' dir='ltr'>σωτηρίας.</span> <span class='ocrx_word' id='word_1_687' title='bbox 1742 1915 1852 1942; x_wconf 80' lang='grc' dir='ltr'>Παλλα-</span> 
     </span>
    </p>
   </div>
   <div class='ocr_carea' id='block_1_96' title="bbox 1058 1961 1850 1999">
    <p class='ocr_par' dir='ltr' id='par_1_96' title="bbox 1058 1961 1850 1999">
     <span class='ocr_line' id='line_1_96' title="bbox 1058 1961 1850 1999; baseline -0.006 -7"><span class='ocrx_word' id='word_1_688' title='bbox 1058 1964 1110 1997; x_wconf 83' lang='grc' dir='ltr'><strong>κὰς</strong></span> <span class='ocrx_word' id='word_1_689' title='bbox 1123 1964 1152 1992; x_wconf 66' lang='grc' dir='ltr'><strong>δὲ</strong></span> <span class='ocrx_word' id='word_1_690' title='bbox 1160 1963 1365 1999; x_wconf 86' lang='grc' dir='ltr'>προσηγόρευσε</span> <span class='ocrx_word' id='word_1_691' title='bbox 1374 1963 1424 1995; x_wconf 81' lang='grc' dir='ltr'><strong>τὰς</strong></span> <span class='ocrx_word' id='word_1_692' title='bbox 1439 1962 1612 1997; x_wconf 75' lang='grc' dir='ltr'>προφητικὰς</span> <span class='ocrx_word' id='word_1_693' title='bbox 1624 1961 1714 1997; x_wconf 79' lang='grc' dir='ltr'>ψυχὰς</span> <span class='ocrx_word' id='word_1_694' title='bbox 1722 1961 1735 1987; x_wconf 80' lang='grc' dir='ltr'><strong>ὀ</strong></span> <span class='ocrx_word' id='word_1_695' title='bbox 1750 1961 1850 1995; x_wconf 80' lang='grc' dir='ltr'>Λόγος,</span> 
     </span>
    </p>
   </div>
   <div class='ocr_carea' id='block_1_97' title="bbox 1061 2007 1852 2046">
    <p class='ocr_par' dir='ltr' id='par_1_97' title="bbox 1061 2007 1852 2046">
     <span class='ocr_line' id='line_1_97' title="bbox 1061 2007 1852 2046; baseline -0.006 -8"><span class='ocrx_word' id='word_1_696' title='bbox 1061 2011 1103 2038; x_wconf 80' lang='grc' dir='ltr'>ὅτι</span> <span class='ocrx_word' id='word_1_697' title='bbox 1123 2010 1162 2046; x_wconf 81' lang='grc' dir='ltr'>μὴ</span> <span class='ocrx_word' id='word_1_698' title='bbox 1175 2009 1301 2045; x_wconf 81' lang='grc' dir='ltr'>φανερῶς</span> <span class='ocrx_word' id='word_1_699' title='bbox 1315 2008 1412 2041; x_wconf 79' lang='grc' dir='ltr'>αὑτὰς,</span> <span class='ocrx_word' id='word_1_700' title='bbox 1427 2008 1522 2044; x_wconf 77' lang='grc' dir='ltr'>ὥσπερ</span> <span class='ocrx_word' id='word_1_701' title='bbox 1541 2008 1573 2043; x_wconf 82' lang='grc' dir='ltr'><strong>δὴ</strong></span> <span class='ocrx_word' id='word_1_702' title='bbox 1597 2008 1645 2035; x_wconf 77' lang='grc' dir='ltr'>καὶ</span> <span class='ocrx_word' id='word_1_703' title='bbox 1665 2008 1715 2043; x_wconf 85' lang='grc' dir='ltr'>τὴν</span> <span class='ocrx_word' id='word_1_704' title='bbox 1735 2007 1852 2042; x_wconf 80' lang='grc' dir='ltr'>Ἐκκλη-</span> 
     </span>
    </p>
   </div>
   <div class='ocr_carea' id='block_1_98' title="bbox 1061 2053 1851 2091">
    <p class='ocr_par' dir='ltr' id='par_1_98' title="bbox 1061 2053 1851 2091">
     <span class='ocr_line' id='line_1_98' title="bbox 1061 2053 1851 2091; baseline -0.006 -7"><span class='ocrx_word' id='word_1_705' title='bbox 1061 2056 1136 2090; x_wconf 86' lang='grc' dir='ltr'>σίαν,</span> <span class='ocrx_word' id='word_1_706' title='bbox 1147 2056 1314 2091; x_wconf 66' lang='grc' dir='ltr'>δπηγάγετο,</span> <span class='ocrx_word' id='word_1_707' title='bbox 1340 2055 1425 2088; x_wconf 83' lang='grc' dir='ltr'>θύσας</span> <span class='ocrx_word' id='word_1_708' title='bbox 1445 2055 1480 2083; x_wconf 83' lang='grc' dir='ltr'><strong>δι’</strong></span> <span class='ocrx_word' id='word_1_709' title='bbox 1496 2055 1506 2072; x_wconf 90' lang='grc'><strong><em>⁸</em></strong></span> <span class='ocrx_word' id='word_1_710' title='bbox 1528 2054 1612 2089; x_wconf 82' lang='grc' dir='ltr'>αὐτὴν</span> <span class='ocrx_word' id='word_1_711' title='bbox 1632 2054 1732 2089; x_wconf 79' lang='grc' dir='ltr'>μόσχον</span> <span class='ocrx_word' id='word_1_712' title='bbox 1745 2053 1793 2080; x_wconf 83' lang='grc' dir='ltr'><strong>τὸν</strong></span> <span class='ocrx_word' id='word_1_713' title='bbox 1807 2061 1851 2080; x_wconf 74' lang='grc' dir='ltr'>σιο</span> 
     </span>
    </p>
   </div>
   <div class='ocr_carea' id='block_1_99' title="bbox 1057 2096 1851 2137">
    <p class='ocr_par' dir='ltr' id='par_1_99' title="bbox 1057 2096 1851 2137">
     <span class='ocr_line' id='line_1_99' title="bbox 1057 2096 1851 2137; baseline -0.005 -8"><span class='ocrx_word' id='word_1_714' title='bbox 1057 2102 1164 2130; x_wconf 86' lang='grc' dir='ltr'>τευτόν.</span> <span class='ocrx_word' id='word_1_715' title='bbox 1185 2102 1334 2137; x_wconf 81' lang='grc' dir='ltr'>Ἐξήκοντα</span> <span class='ocrx_word' id='word_1_716' title='bbox 1346 2101 1374 2128; x_wconf 80' lang='grc' dir='ltr'><strong>δὲ</strong></span> <span class='ocrx_word' id='word_1_717' title='bbox 1389 2101 1548 2137; x_wconf 84' lang='grc' dir='ltr'>βασιλίσσας</span> <span class='ocrx_word' id='word_1_718' title='bbox 1568 2099 1702 2132; x_wconf 74' lang='grc' dir='ltr'>ἐντεῦθεν,</span> <span class='ocrx_word' id='word_1_719' title='bbox 1716 2099 1754 2131; x_wconf 84' lang='grc' dir='ltr'>ὼς</span> <span class='ocrx_word' id='word_1_720' title='bbox 1773 2096 1851 2135; x_wconf 84' lang='grc' dir='ltr'>οἶμαι</span> 
     </span>
    </p>
   </div>
   <div class='ocr_carea' id='block_1_100' title="bbox 1057 2145 1851 2184">
    <p class='ocr_par' dir='ltr' id='par_1_100' title="bbox 1057 2145 1851 2184">
     <span class='ocr_line' id='line_1_100' title="bbox 1057 2145 1851 2184; baseline -0.006 -9"><span class='ocrx_word' id='word_1_721' title='bbox 1057 2147 1108 2184; x_wconf 83' lang='grc' dir='ltr'><strong>δὴ,</strong></span> <span class='ocrx_word' id='word_1_722' title='bbox 1133 2146 1198 2178; x_wconf 70' lang='grc' dir='ltr'>τοὺς</span> <span class='ocrx_word' id='word_1_723' title='bbox 1211 2147 1265 2174; x_wconf 79' lang='grc' dir='ltr'><strong>ἀπὸ</strong></span> <span class='ocrx_word' id='word_1_724' title='bbox 1281 2146 1328 2174; x_wconf 86' lang='grc' dir='ltr'>τοῦ</span> <span class='ocrx_word' id='word_1_725' title='bbox 1352 2145 1566 2182; x_wconf 78' lang='grc' dir='ltr'>πρωτοπλάστου</span> <span class='ocrx_word' id='word_1_726' title='bbox 1593 2145 1674 2181; x_wconf 85' lang='grc' dir='ltr'>μέχρι</span> <span class='ocrx_word' id='word_1_727' title='bbox 1695 2145 1758 2171; x_wconf 82' lang='grc' dir='ltr'><strong>Νῶε</strong></span> <span class='ocrx_word' id='word_1_728' title='bbox 1781 2145 1851 2171; x_wconf 80' lang='grc' dir='ltr'>κατά</span> 
     </span>
    </p>
   </div>
   <div class='ocr_carea' id='block_1_101' title="bbox 1022 2189 1850 2228">
    <p class='ocr_par' dir='ltr' id='par_1_101' title="bbox 1022 2189 1850 2228">
     <span class='ocr_line' id='line_1_101' title="bbox 1022 2189 1850 2228; baseline -0.005 -9"><span class='ocrx_word' id='word_1_729' title='bbox 1022 2198 1044 2228; x_wconf 79' lang='grc' dir='ltr'><strong>ι)</strong></span> <span class='ocrx_word' id='word_1_730' title='bbox 1058 2192 1184 2227; x_wconf 82' lang='grc' dir='ltr'>διαδοχὴν</span> <span class='ocrx_word' id='word_1_731' title='bbox 1204 2191 1443 2227; x_wconf 84' lang='grc' dir='ltr'>εὐαρεστήσαντας</span> <span class='ocrx_word' id='word_1_732' title='bbox 1462 2191 1577 2218; x_wconf 68' lang='grc' dir='ltr'>ἐκάλεσε</span> <span class='ocrx_word' id='word_1_733' title='bbox 1597 2190 1637 2226; x_wconf 83' lang='grc' dir='ltr'>τῷ</span> <span class='ocrx_word' id='word_1_734' title='bbox 1654 2189 1713 2225; x_wconf 86' lang='grc' dir='ltr'>θεῷ</span> <span class='ocrx_word' id='word_1_735' title='bbox 1725 2211 1732 2222; x_wconf 87' lang='grc'><strong>,</strong></span> <span class='ocrx_word' id='word_1_736' title='bbox 1754 2190 1850 2225; x_wconf 70' lang='grc' dir='ltr'>ἐπειδὴ</span> 
     </span>
    </p>
   </div>
   <div class='ocr_carea' id='block_1_102' title="bbox 1059 2234 1850 2274">
    <p class='ocr_par' dir='ltr' id='par_1_102' title="bbox 1059 2234 1850 2274">
     <span class='ocr_line' id='line_1_102' title="bbox 1059 2234 1850 2274; baseline -0.003 -10"><span class='ocrx_word' id='word_1_737' title='bbox 1059 2246 1112 2273; x_wconf 81' lang='grc' dir='ltr'><strong>περ</strong></span> <span class='ocrx_word' id='word_1_738' title='bbox 1125 2237 1227 2273; x_wconf 76' lang='grc' dir='ltr'>ἑτέρων</span> <span class='ocrx_word' id='word_1_739' title='bbox 1238 2234 1311 2264; x_wconf 75' lang='grc' dir='ltr'>οὗτοι</span> <span class='ocrx_word' id='word_1_740' title='bbox 1322 2237 1563 2274; x_wconf 84' lang='grc' dir='ltr'>παραγγελμάτων</span> <span class='ocrx_word' id='word_1_741' title='bbox 1573 2237 1612 2268; x_wconf 82' lang='grc' dir='ltr'><strong>είς</strong></span> <span class='ocrx_word' id='word_1_742' title='bbox 1627 2236 1658 2263; x_wconf 82' lang='grc' dir='ltr'>τὸ</span> <span class='ocrx_word' id='word_1_743' title='bbox 1678 2235 1850 2271; x_wconf 77' lang='grc' dir='ltr'>σωθήσεσθαι</span> 
     </span>
    </p>
   </div>
   <div class='ocr_carea' id='block_1_103' title="bbox 1057 2279 1851 2318">
    <p class='ocr_par' dir='ltr' id='par_1_103' title="bbox 1057 2279 1851 2318">
     <span class='ocr_line' id='line_1_103' title="bbox 1057 2279 1851 2318; baseline 0 -11"><span class='ocrx_word' id='word_1_744' title='bbox 1057 2281 1153 2317; x_wconf 80' lang='grc' dir='ltr'>χρείαν</span> <span class='ocrx_word' id='word_1_745' title='bbox 1175 2281 1226 2308; x_wconf 81' lang='grc' dir='ltr'>οὐκ</span> <span class='ocrx_word' id='word_1_746' title='bbox 1239 2281 1400 2317; x_wconf 74' lang='grc' dir='ltr'>ἐσχήκασιν,</span> <span class='ocrx_word' id='word_1_747' title='bbox 1410 2281 1451 2308; x_wconf 72' lang='grc' dir='ltr'>ἔτι</span> <span class='ocrx_word' id='word_1_748' title='bbox 1467 2280 1518 2318; x_wconf 79' lang='grc' dir='ltr'><strong>[δὲ]</strong></span> <span class='ocrx_word' id='word_1_749' title='bbox 1532 2281 1688 2316; x_wconf 84' lang='grc' dir='ltr'>προσφάτου</span> <span class='ocrx_word' id='word_1_750' title='bbox 1704 2279 1753 2315; x_wconf 87' lang='grc' dir='ltr'>τῆς</span> <span class='ocrx_word' id='word_1_751' title='bbox 1782 2282 1851 2307; x_wconf 71' lang='grc' dir='ltr'>κατὰ</span> 
     </span>
    </p>
   </div>
   <div class='ocr_carea' id='block_1_104' title="bbox 1057 2326 1848 2363">
    <p class='ocr_par' dir='ltr' id='par_1_104' title="bbox 1057 2326 1848 2363">
     <span class='ocr_line' id='line_1_104' title="bbox 1057 2326 1848 2363; baseline -0.001 -10"><span class='ocrx_word' id='word_1_752' title='bbox 1057 2327 1107 2362; x_wconf 84' lang='grc' dir='ltr'>τὴν</span> <span class='ocrx_word' id='word_1_753' title='bbox 1119 2326 1271 2363; x_wconf 76' lang='grc' dir='ltr'>ἑξαήμερον</span> <span class='ocrx_word' id='word_1_754' title='bbox 1279 2326 1362 2362; x_wconf 78' lang='grc' dir='ltr'>οὔσης</span> <span class='ocrx_word' id='word_1_755' title='bbox 1373 2327 1465 2358; x_wconf 82' lang='grc' dir='ltr'>αὐτοῖς</span> <span class='ocrx_word' id='word_1_756' title='bbox 1481 2327 1491 2343; x_wconf 84' lang='grc'><strong>⁸</strong></span> <span class='ocrx_word' id='word_1_757' title='bbox 1502 2326 1549 2353; x_wconf 84' lang='grc' dir='ltr'>τοῦ</span> <span class='ocrx_word' id='word_1_758' title='bbox 1562 2327 1666 2361; x_wconf 84' lang='grc' dir='ltr'>κόσμου</span> <span class='ocrx_word' id='word_1_759' title='bbox 1680 2327 1848 2358; x_wconf 82' lang='grc' dir='ltr'>συστάσεως·</span> 
     </span>
    </p>
   </div>
   <div class='ocr_carea' id='block_1_105' title="bbox 1056 2371 1850 2408">
    <p class='ocr_par' dir='ltr' id='par_1_105' title="bbox 1056 2371 1850 2408">
     <span class='ocr_line' id='line_1_105' title="bbox 1056 2371 1850 2408; baseline 0 -11"><span class='ocrx_word' id='word_1_760' title='bbox 1056 2371 1212 2408; x_wconf 78' lang='grc' dir='ltr'>ἐμέμνηντο</span> <span class='ocrx_word' id='word_1_761' title='bbox 1224 2372 1278 2408; x_wconf 81' lang='grc' dir='ltr'><strong>γὰρ</strong></span> <span class='ocrx_word' id='word_1_762' title='bbox 1293 2373 1335 2399; x_wconf 82' lang='grc' dir='ltr'>ὄτι</span> <span class='ocrx_word' id='word_1_763' title='bbox 1345 2373 1375 2399; x_wconf 76' lang='grc' dir='ltr'>ὲν</span> <span class='ocrx_word' id='word_1_764' title='bbox 1396 2372 1426 2405; x_wconf 78' lang='grc' dir='ltr'>ἓξ</span> <span class='ocrx_word' id='word_1_765' title='bbox 1440 2372 1557 2408; x_wconf 84' lang='grc' dir='ltr'>ἡμέραις</span> <span class='ocrx_word' id='word_1_766' title='bbox 1571 2373 1585 2399; x_wconf 91' lang='grc' dir='ltr'><strong>ό</strong></span> <span class='ocrx_word' id='word_1_767' title='bbox 1605 2372 1671 2404; x_wconf 73' lang='grc' dir='ltr'>Θεὸς</span> <span class='ocrx_word' id='word_1_768' title='bbox 1685 2372 1850 2407; x_wconf 75' lang='grc' dir='ltr'>ἐτεκτήνατο</span> 
     </span>
    </p>
   </div>
   <div class='ocr_carea' id='block_1_106' title="bbox 1057 2416 1848 2452">
    <p class='ocr_par' dir='ltr' id='par_1_106' title="bbox 1057 2416 1848 2452">
     <span class='ocr_line' id='line_1_106' title="bbox 1057 2416 1848 2452; baseline -0.001 -10"><span class='ocrx_word' id='word_1_769' title='bbox 1057 2416 1108 2451; x_wconf 83' lang='grc' dir='ltr'>τὴν</span> <span class='ocrx_word' id='word_1_770' title='bbox 1129 2417 1220 2443; x_wconf 88' lang='grc' dir='ltr'>κτίσιν</span> <span class='ocrx_word' id='word_1_771' title='bbox 1233 2417 1268 2443; x_wconf 85' lang='grc' dir='ltr'>τά</span> <span class='ocrx_word' id='word_1_772' title='bbox 1287 2425 1318 2443; x_wconf 75' lang='grc' dir='ltr'><strong>τε</strong></span> <span class='ocrx_word' id='word_1_773' title='bbox 1340 2417 1370 2444; x_wconf 81' lang='grc' dir='ltr'>ὲν</span> <span class='ocrx_word' id='word_1_774' title='bbox 1390 2416 1430 2452; x_wconf 82' lang='grc' dir='ltr'>τῷ</span> <span class='ocrx_word' id='word_1_775' title='bbox 1449 2416 1608 2452; x_wconf 83' lang='grc' dir='ltr'>παραδείσῳ</span> <span class='ocrx_word' id='word_1_776' title='bbox 1626 2417 1769 2451; x_wconf 76' lang='grc' dir='ltr'>γεγονότα.</span> <span class='ocrx_word' id='word_1_777' title='bbox 1788 2416 1848 2442; x_wconf 62' lang='grc' dir='ltr'><strong>Ἑν.</strong></span> 
     </span>
    </p>
   </div>
   <div class='ocr_carea' id='block_1_107' title="bbox 1056 2460 1849 2498">
    <p class='ocr_par' dir='ltr' id='par_1_107' title="bbox 1056 2460 1849 2498">
     <span class='ocr_line' id='line_1_107' title="bbox 1056 2460 1849 2498; baseline -0.001 -9"><span class='ocrx_word' id='word_1_778' title='bbox 1056 2461 1151 2489; x_wconf 83' lang='grc' dir='ltr'>τεῦθεν</span> <span class='ocrx_word' id='word_1_779' title='bbox 1174 2460 1221 2489; x_wconf 83' lang='grc' dir='ltr'>οὖν</span> <span class='ocrx_word' id='word_1_780' title='bbox 1236 2462 1269 2497; x_wconf 85' lang='grc' dir='ltr'><strong>δὴ</strong></span> <span class='ocrx_word' id='word_1_781' title='bbox 1284 2463 1334 2494; x_wconf 84' lang='grc' dir='ltr'><strong>τὰς</strong></span> <span class='ocrx_word' id='word_1_782' title='bbox 1358 2462 1412 2490; x_wconf 78' lang='grc' dir='ltr'><strong>ἀπὸ</strong></span> <span class='ocrx_word' id='word_1_783' title='bbox 1435 2463 1486 2498; x_wconf 82' lang='grc' dir='ltr'>τῆς</span> <span class='ocrx_word' id='word_1_784' title='bbox 1503 2463 1660 2494; x_wconf 82' lang='grc' dir='ltr'>συστάσεως</span> <span class='ocrx_word' id='word_1_785' title='bbox 1682 2462 1785 2494; x_wconf 84' lang='grc' dir='ltr'>εὐθέως</span> <span class='ocrx_word' id='word_1_786' title='bbox 1801 2462 1849 2488; x_wconf 81' lang='grc' dir='ltr'>τοῦ</span> 
     </span>
    </p>
   </div>
   <div class='ocr_carea' id='block_1_108' title="bbox 1056 2507 1850 2544">
    <p class='ocr_par' dir='ltr' id='par_1_108' title="bbox 1056 2507 1850 2544">
     <span class='ocr_line' id='line_1_108' title="bbox 1056 2507 1850 2544; baseline -0.001 -10"><span class='ocrx_word' id='word_1_787' title='bbox 1056 2507 1160 2542; x_wconf 85' lang='grc' dir='ltr'>κόσμου</span> <span class='ocrx_word' id='word_1_788' title='bbox 1179 2508 1251 2534; x_wconf 87' lang='grc' dir='ltr'>κατὰ</span> <span class='ocrx_word' id='word_1_789' title='bbox 1272 2508 1398 2544; x_wconf 80' lang='grc' dir='ltr'>διαδοχὴν</span> <span class='ocrx_word' id='word_1_790' title='bbox 1421 2509 1468 2535; x_wconf 83' lang='grc' dir='ltr'>τὸν</span> <span class='ocrx_word' id='word_1_791' title='bbox 1484 2508 1552 2535; x_wconf 81' lang='grc' dir='ltr'>θεὸν</span> <span class='ocrx_word' id='word_1_792' title='bbox 1576 2508 1671 2535; x_wconf 75' lang='grc' dir='ltr'>ποθεῖν</span> <span class='ocrx_word' id='word_1_793' title='bbox 1692 2507 1827 2543; x_wconf 83' lang='grc' dir='ltr'>ὲλομένας</span> <span class='ocrx_word' id='word_1_794' title='bbox 1839 2507 1850 2523; x_wconf 84' lang='grc'><strong><em>⁷</em></strong></span> 
     </span>
    </p>
   </div>
   <div class='ocr_carea' id='block_1_109' title="bbox 1054 2553 1848 2590">
    <p class='ocr_par' dir='ltr' id='par_1_109' title="bbox 1054 2553 1848 2590">
     <span class='ocr_line' id='line_1_109' title="bbox 1054 2553 1848 2590; baseline -0.001 -10"><span class='ocrx_word' id='word_1_795' title='bbox 1054 2553 1155 2589; x_wconf 79' lang='grc' dir='ltr'>ψυχὰς,</span> <span class='ocrx_word' id='word_1_796' title='bbox 1175 2555 1224 2581; x_wconf 77' lang='grc' dir='ltr'>καὶ</span> <span class='ocrx_word' id='word_1_797' title='bbox 1246 2554 1351 2589; x_wconf 78' lang='grc' dir='ltr'>σχεδὸν,</span> <span class='ocrx_word' id='word_1_798' title='bbox 1372 2554 1398 2581; x_wconf 88' lang='grc' dir='ltr'><strong>εί</strong></span> <span class='ocrx_word' id='word_1_799' title='bbox 1415 2554 1469 2590; x_wconf 85' lang='grc' dir='ltr'><strong>χρὴ</strong></span> <span class='ocrx_word' id='word_1_800' title='bbox 1483 2555 1577 2589; x_wconf 81' lang='grc' dir='ltr'>φάναι,</span> <span class='ocrx_word' id='word_1_801' title='bbox 1602 2554 1653 2586; x_wconf 79' lang='grc' dir='ltr'>τὰς</span> <span class='ocrx_word' id='word_1_802' title='bbox 1669 2553 1717 2580; x_wconf 82' lang='grc' dir='ltr'><strong>τοῦ</strong></span> <span class='ocrx_word' id='word_1_803' title='bbox 1735 2553 1848 2588; x_wconf 81' lang='grc' dir='ltr'>πρώτου</span> 
     </span>
    </p>
   </div>
   <div class='ocr_carea' id='block_1_110' title="bbox 1055 2598 1847 2635">
    <p class='ocr_par' dir='ltr' id='par_1_110' title="bbox 1055 2598 1847 2635">
     <span class='ocr_line' id='line_1_110' title="bbox 1055 2598 1847 2635; baseline 0.005 -9"><span class='ocrx_word' id='word_1_804' title='bbox 1055 2599 1156 2632; x_wconf 76' lang='grc' dir='ltr'>αἰῶνος</span> <span class='ocrx_word' id='word_1_805' title='bbox 1186 2599 1272 2632; x_wconf 81' lang='grc' dir='ltr'>οὔσας</span> <span class='ocrx_word' id='word_1_806' title='bbox 1297 2600 1397 2635; x_wconf 65' lang='grc' dir='ltr'>ἔγγονα</span> <span class='ocrx_word' id='word_1_807' title='bbox 1422 2600 1472 2627; x_wconf 78' lang='grc' dir='ltr'>καὶ</span> <span class='ocrx_word' id='word_1_808' title='bbox 1497 2600 1622 2635; x_wconf 81' lang='grc' dir='ltr'>γείτονας</span> <span class='ocrx_word' id='word_1_809' title='bbox 1647 2599 1698 2635; x_wconf 79' lang='grc' dir='ltr'>τῆς</span> <span class='ocrx_word' id='word_1_810' title='bbox 1723 2598 1847 2635; x_wconf 78' lang='grc' dir='ltr'>μεγάλης</span> 
     </span>
    </p>
   </div>
   <div class='ocr_carea' id='block_1_111' title="bbox 251 2667 1081 2704">
    <p class='ocr_par' dir='ltr' id='par_1_111' title="bbox 251 2667 1081 2704">
     <span class='ocr_line' id='line_1_111' title="bbox 251 2667 1081 2704; baseline -0.005 -4"><span class='ocrx_word' id='word_1_811' title='bbox 251 2672 266 2693; x_wconf 68' lang='grc' dir='ltr'><em>δ</em></span> <span class='ocrx_word' id='word_1_812' title='bbox 279 2671 374 2700; x_wconf 73' lang='lat' dir='ltr'><strong>Matth.</strong></span> <span class='ocrx_word' id='word_1_813' title='bbox 389 2677 453 2704; x_wconf 86' lang='lat' dir='ltr'><strong>xxv,</strong></span> <span class='ocrx_word' id='word_1_814' title='bbox 469 2670 496 2703; x_wconf 85' lang='lat'><strong>6,</strong></span> <span class='ocrx_word' id='word_1_815' title='bbox 534 2668 571 2696; x_wconf 73' lang='grc' dir='ltr'><strong>Ἰ</strong></span> <span class='ocrx_word' id='word_1_816' title='bbox 586 2668 682 2696; x_wconf 88' lang='lat' dir='ltr'><strong>Thess.</strong></span> <span class='ocrx_word' id='word_1_817' title='bbox 702 2676 740 2702; x_wconf 78' lang='grc' dir='ltr'><strong>ιν,</strong></span> <span class='ocrx_word' id='word_1_818' title='bbox 753 2667 797 2696; x_wconf 75' lang='grc'><strong>16.</strong></span> <span class='ocrx_word' id='word_1_819' title='bbox 837 2667 848 2688; x_wconf 71' lang='grc' dir='ltr'><strong>ί</strong></span> <span class='ocrx_word' id='word_1_820' title='bbox 866 2667 947 2697; x_wconf 80' lang='lat' dir='ltr'><strong>Cant.</strong></span> <span class='ocrx_word' id='word_1_821' title='bbox 960 2676 998 2701; x_wconf 80' lang='lat' dir='ltr'><strong>vi,</strong></span> <span class='ocrx_word' id='word_1_822' title='bbox 1012 2669 1041 2703; x_wconf 85' lang='lat'><strong>7,</strong></span> <span class='ocrx_word' id='word_1_823' title='bbox 1053 2670 1081 2697; x_wconf 88' lang='lat'><strong>8.</strong></span> 
     </span>
    </p>
   </div>
   <div class='ocr_carea' id='block_1_112' title="bbox 480 2714 1190 2756">
    <p class='ocr_par' dir='ltr' id='par_1_112' title="bbox 480 2714 1190 2756">
     <span class='ocr_line' id='line_1_112' title="bbox 480 2714 1190 2756; baseline 0.007 -5"><span class='ocrx_word' id='word_1_824' title='bbox 480 2714 483 2718; x_wconf 83' lang='lat'>&#39;</span> <span class='ocrx_word' id='word_1_825' title='bbox 846 2726 968 2755; x_wconf 67' lang='lat' dir='ltr'><strong>naue</strong></span> <span class='ocrx_word' id='word_1_826' title='bbox 987 2726 1190 2756; x_wconf 76' lang='lat' dir='ltr'><strong>LECTIONES.</strong></span> 
     </span>
    </p>
   </div>
   <div class='ocr_carea' id='block_1_113' title="bbox 249 2798 620 2836">
    <p class='ocr_par' dir='ltr' id='par_1_113' title="bbox 249 2798 620 2836">
     <span class='ocr_line' id='line_1_113' title="bbox 249 2798 620 2836; baseline -0.003 -9"><span class='ocrx_word' id='word_1_827' title='bbox 249 2801 271 2817; x_wconf 81' lang='grc'><strong>⁵⁸</strong></span> <span class='ocrx_word' id='word_1_828' title='bbox 282 2800 394 2836; x_wconf 72' lang='grc' dir='ltr'>ἔρχεσθε</span> <span class='ocrx_word' id='word_1_829' title='bbox 405 2799 426 2836; x_wconf 80' lang='lat' dir='ltr'><strong>A_</strong></span> <span class='ocrx_word' id='word_1_830' title='bbox 441 2806 448 2825; x_wconf 91' lang='lat'><strong>:</strong></span> <span class='ocrx_word' id='word_1_831' title='bbox 468 2798 620 2836; x_wconf 47' lang='lat' dir='ltr'><strong>ﬁxa-vat};</strong></span> 
     </span>
    </p>
   </div>
   <div class='ocr_carea' id='block_1_114' title="bbox 214 2832 714 2869">
    <p class='ocr_par' dir='ltr' id='par_1_114' title="bbox 214 2832 714 2869">
     <span class='ocr_line' id='line_1_114' title="bbox 214 2832 714 2869; baseline -0.01 -5"><span class='ocrx_word' id='word_1_832' title='bbox 214 2845 263 2869; x_wconf 87' lang='grc' dir='ltr'><strong>σας</strong></span> <span class='ocrx_word' id='word_1_833' title='bbox 276 2832 331 2868; x_wconf 66' lang='grc' dir='ltr'><strong>ςζ“</strong></span> <span class='ocrx_word' id='word_1_834' title='bbox 351 2835 362 2851; x_wconf 81' lang='grc'><strong><em>³</em></strong></span> <span class='ocrx_word' id='word_1_835' title='bbox 373 2834 485 2866; x_wconf 80' lang='grc' dir='ltr'>ταύταις</span> <span class='ocrx_word' id='word_1_836' title='bbox 502 2832 538 2861; x_wconf 75' lang='grc' dir='ltr'><strong>Β.</strong></span> <span class='ocrx_word' id='word_1_837' title='bbox 580 2833 591 2848; x_wconf 77' lang='grc'><strong><em>⁵</em></strong></span> <span class='ocrx_word' id='word_1_838' title='bbox 602 2832 714 2868; x_wconf 82' lang='grc' dir='ltr'>αφθόρῳ</span> 
     </span>
    </p>
   </div>
   <div class='ocr_carea' id='block_1_115' title="bbox 664 2795 1031 2832">
    <p class='ocr_par' dir='ltr' id='par_1_115' title="bbox 664 2795 1031 2832">
     <span class='ocr_line' id='line_1_115' title="bbox 664 2795 1031 2832; baseline 0.008 -10"><span class='ocrx_word' id='word_1_839' title='bbox 664 2797 688 2813; x_wconf 80' lang='grc'><strong>⁸³</strong></span> <span class='ocrx_word' id='word_1_840' title='bbox 701 2795 844 2832; x_wconf 73' lang='grc' dir='ltr'>ἑξήκοντα]</span> <span class='ocrx_word' id='word_1_841' title='bbox 853 2796 932 2824; x_wconf 83' lang='lat' dir='ltr'><strong>Cant.</strong></span> <span class='ocrx_word' id='word_1_842' title='bbox 953 2804 992 2828; x_wconf 75' lang='lat' dir='ltr'><strong>Vt.</strong></span> <span class='ocrx_word' id='word_1_843' title='bbox 1005 2797 1031 2825; x_wconf 86' lang='grc'><strong>7.</strong></span> 
     </span>
    </p>
   </div>
   <div class='ocr_carea' id='block_1_116' title="bbox 752 2831 1844 2868">
    <p class='ocr_par' dir='ltr' id='par_1_116' title="bbox 752 2831 1844 2868">
     <span class='ocr_line' id='line_1_116' title="bbox 752 2831 1844 2868; baseline 0.001 -8"><span class='ocrx_word' id='word_1_844' title='bbox 752 2831 919 2860; x_wconf 69' lang='lat' dir='ltr'><strong>lmscltelius.</strong></span> <span class='ocrx_word' id='word_1_845' title='bbox 964 2832 976 2848; x_wconf 90' lang='grc'><strong><em>⁸</em></strong></span> <span class='ocrx_word' id='word_1_846' title='bbox 988 2832 1021 2859; x_wconf 81' lang='grc' dir='ltr'><strong>δι’</strong></span> <span class='ocrx_word' id='word_1_847' title='bbox 1035 2832 1058 2860; x_wconf 77' lang='grc' dir='ltr'><strong>Δ</strong></span> <span class='ocrx_word' id='word_1_848' title='bbox 1082 2841 1089 2860; x_wconf 85' lang='lat'><strong>:</strong></span> <span class='ocrx_word' id='word_1_849' title='bbox 1104 2833 1133 2859; x_wconf 77' lang='grc' dir='ltr'><strong>δὲ</strong></span> <span class='ocrx_word' id='word_1_850' title='bbox 1147 2831 1194 2864; x_wconf 46' lang='grc' dir='ltr'>ς(</span> <span class='ocrx_word' id='word_1_851' title='bbox 1215 2833 1225 2848; x_wconf 86' lang='grc'>⁶</span> <span class='ocrx_word' id='word_1_852' title='bbox 1239 2831 1344 2867; x_wconf 61' lang='grc' dir='ltr'>αὑτᾶς]</span> <span class='ocrx_word' id='word_1_853' title='bbox 1367 2831 1452 2868; x_wconf 72' lang='grc' dir='ltr'>αὐτῆς,</span> <span class='ocrx_word' id='word_1_854' title='bbox 1463 2833 1497 2860; x_wconf 73' lang='grc' dir='ltr'><strong>Δ.</strong></span> <span class='ocrx_word' id='word_1_855' title='bbox 1533 2833 1544 2849; x_wconf 89' lang='grc'><strong>⁷</strong></span> <span class='ocrx_word' id='word_1_856' title='bbox 1560 2831 1692 2868; x_wconf 52' lang='lat' dir='ltr'><strong>saepti!“</strong></span> <span class='ocrx_word' id='word_1_857' title='bbox 1707 2832 1799 2861; x_wconf 70' lang='grc' dir='ltr'>ποθεῖν</span> <span class='ocrx_word' id='word_1_858' title='bbox 1813 2841 1844 2865; x_wconf 84' lang='grc' dir='ltr'>ς.</span> 
     </span>
    </p>
   </div>
   <div class='ocr_carea' id='block_1_117' title="bbox 1084 2795 1846 2832">
    <p class='ocr_par' dir='ltr' id='par_1_117' title="bbox 1084 2795 1846 2832">
     <span class='ocr_line' id='line_1_117' title="bbox 1084 2795 1846 2832; baseline -0.001 -8"><span class='ocrx_word' id='word_1_859' title='bbox 1084 2798 1092 2813; x_wconf 81' lang='grc'>⁸</span> <span class='ocrx_word' id='word_1_860' title='bbox 1104 2797 1165 2824; x_wconf 78' lang='grc' dir='ltr'>ἐστὶ</span> <span class='ocrx_word' id='word_1_861' title='bbox 1187 2802 1248 2832; x_wconf 87' lang='lat' dir='ltr'><strong>post</strong></span> <span class='ocrx_word' id='word_1_862' title='bbox 1265 2796 1382 2832; x_wconf 69' lang='grc' dir='ltr'>ἐκλεκτῇ</span> <span class='ocrx_word' id='word_1_863' title='bbox 1405 2804 1461 2824; x_wconf 87' lang='lat' dir='ltr'><strong>om.</strong></span> <span class='ocrx_word' id='word_1_864' title='bbox 1474 2796 1508 2826; x_wconf 70' lang='grc' dir='ltr'><strong>Δ.</strong></span> <span class='ocrx_word' id='word_1_865' title='bbox 1539 2797 1551 2813; x_wconf 78' lang='grc'>¹</span> <span class='ocrx_word' id='word_1_866' title='bbox 1565 2796 1649 2832; x_wconf 80' lang='grc' dir='ltr'>παρθ.</span> <span class='ocrx_word' id='word_1_867' title='bbox 1664 2796 1712 2824; x_wconf 77' lang='grc' dir='ltr'>καὶ</span> <span class='ocrx_word' id='word_1_868' title='bbox 1723 2795 1846 2831; x_wconf 68' lang='grc' dir='ltr'>βασιλισο</span> 
     </span>
    </p>
   </div>
   <div class='ocr_carea' id='block_1_118' title="bbox 1782 123 1897 157">
    <p class='ocr_par' dir='ltr' id='par_1_118' title="bbox 1782 123 1897 157">
     <span class='ocr_line' id='line_1_118' title="bbox 1782 123 1897 157; baseline 0.009 -1"><span class='ocrx_word' id='word_1_869' title='bbox 1782 123 1851 157; x_wconf 81' lang='grc'><strong>1168</strong></span> <span class='ocrx_word' id='word_1_870' title='bbox 1896 129 1897 135; x_wconf 85' lang='lat'>‘</span> 
     </span>
    </p>
   </div>
  </div>
