1920 3092
61 168 133 202 1159

586 169 847 204 BIBLIOTHECA.
861 170 902 191 ’--
919 174 1002 205 COD.
1027 171 1219 208 CCXXXVII.

1635 177 1704 210 1170

60 229 231 266 ἐξιημερου,
262 230 396 265 ἐξήκοντα
417 230 576 266 βασιλίσσας
592 231 644 267 ἔφη
672 231 855 267 συμϐολικῶς,

910 231 1035 260 llduciam
1061 233 1186 262 habuerit
1215 234 1279 263 Seth
1294 235 1327 262 ad
1354 234 1448 269 Deum,
1463 240 1594 271 quantam
1621 237 1700 270 Abel,

56 274 104 302 διὰ
119 275 152 302 τὸ
172 276 242 310 μετὰ
258 276 308 311 τὴν
327 277 482 313 ἑξαήμερον
493 277 609 313 ταύταςζ
623 277 662 310 ὡς
678 277 757 314 ἔφην,
773 286 855 312 γεγο-

57 321 153 348 νὲναι⁶
173 322 295 357 μεγάλην
319 322 375 358 γὰρ
398 319 472 350 οὗτοι
490 323 573 358 τιμὴν
599 324 750 359 ἐσχήκασιν
771 323 857 358 ἀγγέ-

56 367 115 399 λοις
150 368 335 404 ὁμιλήσαντες
356 369 405 397 καὶ
434 369 480 396 τὸν
505 369 572 397 Θεὸν
601 369 675 405 ὕπαρ
707 370 758 397 οὐκ
789 370 856 405 ὄναρ

910 283 1038 313 quantam
1054 279 1158 311 Enoch,
1169 285 1298 316 quantam
1318 281 1482 314 Mathusala,
1498 288 1627 318 quantam
1645 282 1704 312 Noe

911 325 989 359 primi
1000 325 1114 360 iustitiae
1128 327 1246 355 cultores
1261 328 1273 355 τ
1288 328 1340 356 Sed
1353 328 1385 356 de
1400 328 1442 356 his
1460 329 1536 357 satis.
1550 330 1588 357 De
1600 337 1704 357 concu-

909 370 982 399 binis
1001 372 1098 400 ilerum
1112 373 1267 401 dicendum.

55 414 236 448 θεασάμενοι.
256 416 461 452 Ἑπισκέψασθε
485 417 540 452 γὰρ
558 416 627 452 ὅσην
655 416 720 452 ἔσχε
735 416 905 452 ’παρρησίαν
928 417 943 443 6
963 417 1017 454 Σὴθ
1043 418 1113 454 πρὸς
1149 419 1195 446 τδν
1221 419 1299 451 Θεὸν,
1316 419 1383 454 ὅσην
1404 420 1420 446 6
1459 419 1552 453 Ἀϐελ,
1595 421 1662 456 ὅσην
1684 421 1700 447 6

63 461 260 498 Ἑνὼχ,δσηνό
273 464 452 497 Μαθουσάλα,
468 465 534 500 ὅσην
545 464 560 491 6
576 463 649 497 Νῶε,
667 464 769 500 πρῶτοι
785 464 958 500 δικαιοσύνης
985 465 1063 498 ὄντες
1075 466 1199 502 ἐρασταί.
1211 467 1267 494 Καὶ
1278 467 1341 503 περὶ
1355 466 1458 495 τούτων
1474 467 1523 507 μὲν
1535 468 1682 504 αὐτάρκως
1693 476 1702 485 ·

57 510 122 545 περὶ
142 511 175 538 δὲ
211 511 265 538 τῶν
280 512 428 539 παλλακῶν
445 513 527 540 πάλιν
543 513 664 540 λεκτέον.

90 566 159 597 Τοῖς
182 566 254 601 μετὰ
273 567 320 593 τὸν
345 567 539 603 κατακλυσμὸν
566 567 704 602 ἀπωτέρω
723 566 820 594 λοιπὸν
842 566 860 602 ὴ

56 612 161 646 γνῶσις
180 610 216 648 ἦν
249 612 297 639 τοῦ
320 612 400 644 Θεοῦ,
428 613 475 640 καὶ
494 613 610 649 ἔχρῃζον
631 613 727 649 ἑτέρας
749 613 861 647 διδαχῆς

57 659 203 694 ἑρπούσης
223 659 276 695 ἠδη
290 660 340 694 τῆς
363 659 595 694 είδωλολατρείας.
613 659 643 686 '0
662 657 710 685 οὖν
724 658 801 690 Θεὸς,
816 658 860 685 ἵνα

59 706 95 740 μὴ
113 706 209 742 πάντη
235 705 268 732 τὸ
287 705 366 739 γένος
388 705 442 732 τῶν
457 705 610 742 ἀνθρώπων
629 705 749 740 ἀϊστιυθῇ
765 704 776 720 ⁸
788 704 859 740 λήθῃ

57 751 111 776 τῶν
131 750 238 784 καλῶν,
250 750 296 777 τὸν
312 750 376 778 ἴδιον
392 751 480 777 Παῖδα
500 751 558 782 τοῖς
579 750 733 786 προφήταις
746 750 857 777 ὲκέλευ-

59 805 104 822 σεν
120 796 267 832 ὑφηγῆσαι
277 796 289 812 ³
302 796 351 832 τὴν
361 796 495 832 ἐσομένην
510 795 607 823 ἑαυτοῦ
618 796 641 812 ¹⁹
650 796 800 832 παρουσίαν
811 795 857 823 διὰ

58 842 166 877 σαρκὸς
181 843 222 874 είς
235 843 282 869 τὸν
295 843 408 878 κόσμον,
425 842 486 869 καθ’
503 842 536 878 ἢν
556 843 573 877 ή
593 842 644 877 τῆς
666 842 855 878 πνευματικῆς

57 876 190 922 ὀγδοάδος
203 888 276 924 χαρὰ
297 876 354 916 καὶ.
369 888 470 924 γνῶσις
490 876 705 924 κηρυχθήσεται,
731 876 856 923 άφέσεως
873 876 893 904 Β

58 935 272 970 ἁμαρτημάτων
297 933 366 962 οὖσα
389 935 437 962 καὶ
467 935 641 966 ἀναστάσεως
679 934 853 970 παρεκτική·

59 980 319 1016 πριτμηθήσεσθαι
345 980 400 1016 γὰρ
419 980 452 1007 δι’
467 980 555 1015 αὐτῆς
579 980 625 1007 τὸν
650 980 793 1016 ἄνθρωπον
820 980 855 1007 τὰ

60 1026 134 1062 πάθη
150 1026 201 1053 καὶ
215 1026 265 1062 τὴν
279 1026 393 1062 φθοράν.
410 1026 465 1053 Καὶ
478 1026 524 1053 διὰ
544 1026 624 1053 τοῦτο
643 1026 689 1053 τὸν
703 1026 854 1060 κατάλογον

58 1074 113 1099 τῶν
130 1073 191 1100 ἀπὸ
199 1073 246 1099 τοῦ
265 1073 392 1108 ’Δσραὰμ
406 1072 566 1108 προφητῶν,
581 1073 625 1100 διὰ
647 1073 696 1109 τὴν
712 1072 761 1108 τῆς
774 1079 855 1108 περι-

58 1120 148 1155 τομῆς
175 1119 325 1154 πρεσϐείαν
350 1120 395 1145 τὸν
414 1118 487 1147 ὀκτὼ
514 1118 698 1154 περιεχούσης
727 1119 854 1154 ἀριθμὸν,

59 1162 92 1200 ἧς
119 1165 272 1200 ἐξήρτηται
287 1164 335 1191 καὶ
350 1166 364 1192 6
383 1165 476 1200 νόμος,
492 1164 634 1197 παλλακὰς
653 1164 792 1196 ἐκάλεσεν,
813 1165 856 1191 ὅτι

60 1211 115 1246 πρὸ
136 1210 185 1237 τοῦ
201 1210 252 1245 τὴν
268 1210 379 1246 νύμφην
396 1210 446 1245 τὴν
474 1211 640 1246 Ἐκκλησίαν
665 1211 856 1247 κατεγγυηθῆ-

61 1265 104 1283 ναι
117 1255 158 1292 τῷ
175 1256 266 1292 Λόγῳ,
282 1257 316 1283 τὰ
330 1257 389 1283 θεῖα
404 1256 582 1289 συλλαϐόντες
599 1257 620 1272 “
632 1257 790 1293 σπέρματα,
806 1257 857 1292 τῆς

60 1304 162 1338 νοητῆς
193 1303 413 1338 προεξήγγειλαν
448 1302 574 1337 ὀγδοάδος
604 1302 658 1337 τὴν
690 1303 855 1339 περιτομήν,

61 1348 196 1380 Νεάνιδας
224 1349 253 1376 δὲ
274 1348 355 1375 πάλιν
386 1349 427 1380 είς
455 1347 642 1383 ἀναρίθμητον
673 1347 855 1379 συντελούσας

61 1395 157 1430 ὅμιλον
176 1395 211 1422 τὰ
226 1395 279 1422 ὑπὸ
293 1395 350 1427 τοὶς
369 1394 507 1432 κρείττοσι
523 1393 589 1431 [508
596 1393 642 1430 H.]
657 1394 856 1430 δικαιοπραγή-

63 1450 149 1468 σαντα
178 1441 279 1476 πλήθη,
297 1441 344 1468 καὶ
371 1440 504 1472 νεανικῶς
529 1440 576 1467 καὶ
593 1439 727 1473 γενναίως
746 1440 858 1475 διαθλή-

63 1497 148 1515 σαντα
164 1488 234 1522 πρὸς
246 1488 296 1524 τὴν
309 1487 458 1524 ἁμαρτίαν,
473 1486 561 1514 καλεῖ.
580 1487 660 1513 Ἀλλὰ
675 1487 778 1513 τούτων
797 1486 857 1513 οὗθ’

63 1537 90 1563 αι
101 1536 260 1571 βασίλισσαι
271 1535 328 1563 οὗθ’
343 1536 372 1562 ui
382 1535 518 1563 παλλακαὶ
534 1535 727 1572 συγκρίνονται
741 1535 774 1570 τῇ
793 1534 856 1561 Ἐκ-

64 1582 186 1618 κλησία·
211 1583 229 1617 ἡ
250 1582 305 1618 γὰρ
330 1582 422 1609 τελεία
447 1582 494 1609 καὶ
523 1582 639 1617 ἐκλεκτὴ
666 1581 741 1617 παρὰ
767 1581 857 1613 πάσας

63 1630 265 1666 ὀνομαζομένη,
283 1631 299 1666 ἡ
315 1631 348 1657 ἐκ
366 1630 476 1658 πάντων
495 1630 652 1657 συνεστῶσα
665 1638 696 1656 τε
723 1629 772 1656 καὶ
792 1637 857 1655 συν‹

64 1677 187 1712 ημμένη,
219 1677 274 1704 τῶν
305 1677 464 1704 ἀποστόλων
488 1677 573 1710 ἐστὶν,
598 1677 614 1712 ἡ
647 1676 858 1712 ὑπερὸάλλουσα

65 1722 157 1758 νύμφη
185 1723 225 1759 τῷ
254 1723 347 1751 κάλλει
367 1723 418 1758 τῆς
443 1724 535 1759 ἀκμῆς
558 1723 605 1750 καὶ
630 1716 681 1758 tif;
708 1722 858 1759 παρθενίας

66 1770 166 1801 πάσας.
190 1769 236 1796 Διδ
264 1770 313 1796 καὶ
336 1769 518 1805 μακαρίςεται
533 1769 602 1803 πρὸς
617 1769 672 1796 τῶν
692 1769 791 1801 ἄλλων,
816 1769 858 1796 ὅτι

65 1815 133 1851 αὕτη
149 1813 204 1842 εἶδε
221 1817 267 1842 καὶ
281 1815 397 1851 ἧκουσεν
414 1815 538 1849 ἀφθόνως
561 1814 579 1841 ἃ
601 1815 704 1841 ἐκεῖναι
720 1814 858 1849 ἐπεπόθη-

67 1870 113 1888 σαν
141 1861 208 1887 ίδεϊν
236 1861 283 1888 καὶ
300 1860 415 1887 ἀκοῦσαι
443 1861 490 1887 καὶ
504 1860 554 1887 οὐκ
567 1857 638 1886 εἶδον
659 1861 715 1886 οὐδ’
726 1860 856 1895 ἥκουσαν.

65 1907 238 1942 Μακάριοιη
256 1907 311 1942 τὰρ
319 1906 511 1941 οιόφθαλμσί,
522 1906 616 1941 φησὶν,
628 1905 721 1940 ὑμῶν,
733 1907 747 1932 6
755 1905 858 1941 Κύριος

65 1956 120 1985 τοῖς
134 1954 281 1990 μαθηταῖς,
291 1955 318 1981 ol
330 1954 501 1986 ,βλέποντες
521 1953 540 1981 ἁ
553 1953 694 1986 βλέπετε.
707 1952 789 1987 Λέγω
803 1951 859 1986 γὰρ

66 2000 137 2034 ὑμῖν
160 1999 207 2026 ὅτι
227 1998 338 2026 πολλοὶ
360 1998 511 2034 προφῆται
530 1999 728 2033 ἐπεθύμησαν
746 1998 822 2025 ἰδεῖν
839 1997 860 2025 ἆ

64 2045 207 2078 βλέπετε.
225 2045 275 2071 καὶ
288 2045 344 2072 οὐκ
363 2042 457 2075 εἶδον,
473 2043 522 2071 καί
533 2043 663 2072 ἀκοῦσαι
681 2043 701 2071 ἆ
723 2043 858 2076 ἀκούετε,

67 2091 115 2119 καὶ
129 2093 187 2118 οὐκ
209 2091 360 2126 ἥκουσαν.
375 2089 440 2126 [560
457 2089 502 2126 ιι]
516 2089 622 2117 Οὐκοῦν
634 2090 678 2117 διὰ
694 2090 781 2117 ταῦτα
803 2098 858 2125 μα-

68 2136 227 2172 καρίζουσιν
255 2136 340 2172 αὐτὴν
369 2137 394 2172 oi
420 2137 570 2172 προφῆται,
595 2136 637 2164 ὅτι
661 2134 699 2163 ὥν
723 2136 800 2163 αὐτοὶ¹
822 2136 859 2171 μὴ

67 2184 199 2218 ἐπέτυχον
207 2183 224 2218 ἡ
232 2182 380 2218 Ἐκκλησία
396 2183 542 2218 μετείληφε
554 2182 602 2209 καὶ
615 2181 730 2218 ἠξιώθη.
743 2181 860 2209 Δύναται

67 2228 94 2255 δέ
108 2237 150 2260 τις
166 2229 214 2255 καὶ
228 2229 328 2264 ἑτέρως
340 2229 392 2264 τὴν
406 2228 517 2264 νύμφην
531 2229 615 2263 φάναι
635 2228 684 2263 τὴν
702 2228 792 2263 σάρκα
808 2227 857 2263 τὴν
873 2233 896 2260 ι)

67 2275 216 2309 ἁμόλυντον
239 2271 310 2300 εἶναι
327 2273 376 2300 τοῦ
399 2274 513 2309 Κυρίου,
537 2270 571 2310 ἧς
591 2273 671 2308 χάριν
692 2273 860 2308 καταλείψας

67 2322 110 2348 τὸν
119 2320 231 2355 Πατέρα
245 2319 377 2356 κατῆλθεν
392 2320 511 2347 ἐνταῦθα
518 2320 565 2347 καὶ
572 2320 777 2356 προσεκολλήθη
790 2320 859 2356 αὐτῇ

68 2366 291 2402 ὲνανῦρωπήσας.
307 2365 353 2391 Διὸ
374 2364 406 2399 δὴ
435 2364 484 2391 καὶ
508 2364 674 2400 περιστερὰν
697 2364 783 2399 αὐτὴν
806 2363 859 2398 ἔφη

67 2412 246 2447 τροπικῶςη,
261 2411 473 2447 ὲπειδὴτιθασδν
482 2410 504 2426 ¹⁵
518 2411 548 2437 τὸ
560 2410 629 2443 ζῶον
644 2410 691 2437 καὶ
702 2409 860 2445 ὑπωρόφιον

68 2460 113 2486 καὶ
124 2459 215 2494 διαίτῃ
227 2459 261 2493 τῇ
276 2457 427 2493 ἀνθρώπων
443 2457 465 2473 ¹⁸
484 2457 641 2493 ἀσμενίζον.
663 2457 718 2483 Καὶ
734 2457 763 2482 ὲν
779 2455 818 2490 τῷ
835 2463 863 2490 μ’

68 2506 140 2533 καὶᾶ
152 2504 265 2540 ψαλμῷ,
282 2505 334 2531 Ἐκ
345 2504 481 2537 ἃεξιῶν¹⁶
492 2503 697 2539 ,παρισταμένη
708 2502 755 2529 τοῦ
766 2502 787 2518 "
794 2502 862 2529 Θεοῦ

67 2551 164 2586 μερῶν
171 2551 358 2583 βασίλισσα,
367 2551 384 2586 ή
392 2550 432 2586 τῷ
444 2550 582 2586 διαχρύσῳ
589 2549 639 2584 τῆς
653 2549 756 2583 ἀρετῆς
767 2549 863 2584 κόσμῳ

70 2597 315 2632 κατεπολισμένη,
333 2594 367 2633 ἧς
395 2597 553 2632 ἐπεθύμησε
569 2595 617 2623 τοῦ
632 2596 746 2627 κάλλους
761 2596 775 2622 ὁ
788 2595 864 2629 βασι-

102 2693 116 2711 ﬁ
136 2689 203 2716 Luc.
225 2697 254 2721 κ,
269 2688 315 2721 24,
333 2687 378 2715 25.
416 2687 432 2708 ¹ι
445 2688 518 2717 Psal.
545 2694 621 2719 xm,
643 2687 686 2715 10.

949 566 991 594 Δί)
1005 566 1038 594 iis
1052 567 1097 602 qui
1112 571 1173 602 post
1198 566 1328 595 diluvium
1351 567 1491 600 vixerunt,
1516 568 1562 596 Dei
1583 569 1717 604 cognitio_

913 611 994 646 paulo
1009 612 1114 646 longius
1132 613 1263 643 recessit.
1285 612 1392 647 aliaque
1412 614 1519 641 ratione
1540 614 1610 642 docti
1626 619 1702 647 sunt,

912 662 1038 692 serpente
1048 658 1104 692 jam
1118 658 1220 692 passim
1233 658 1394 688 idololatria.
1411 658 1483 687 Deus
1493 667 1558 695 ergo
1570 666 1603 686 ne
1617 667 1704 695 genus

912 704 1061 732 humanum
1077 703 1212 732 oblivione
1228 705 1379 733 honestatis
1402 705 1510 740 penitus
1535 705 1702 738 aboleretur,

911 759 989 778 suum
1004 750 1103 778 Filium
1117 757 1165 785 per
1179 751 1326 785 prophetas
1336 750 1418 786 jussit
1429 751 1543 783 dictare,
1557 751 1703 781 adventum

908 797 967 832 ejus
982 797 1009 824 in
1027 797 1156 824 mundum
1170 804 1253 824 carne
1265 801 1406 831 assumpta
1424 796 1558 830 futurum,
1577 804 1630 831 quo
1643 797 1702 833 api-

908 842 1013 871 ritualis
1027 842 1161 870 octonarii
1176 842 1303 877 gaudium
1326 847 1354 870 et
1374 842 1494 878 cognitio
1510 843 1704 878 praedicaretur

907 888 941 916 ad
956 888 1138 916 exhibendam
1152 888 1342 915 remissionem
1359 892 1546 923 peccatorum,
1561 893 1589 916 et
1609 895 1703 917 resur-

906 934 1066 968 rectionem,
1086 942 1135 969 per
1158 934 1232 962 illum
1248 934 1320 962 enim
1345 934 1537 962 circumcisum
1561 934 1593 961 iri
1612 934 1702 962 homi-

906 988 979 1014 nem,
996 981 1073 1013 vitia,
1092 981 1213 1016 inquam,
1235 986 1263 1009 et
1277 981 1491 1016 corruptionem.
1515 980 1585 1008 Hinc
1604 980 1703 1009 catal0<

906 1034 969 1061 gum
986 1026 1180 1061 prophetarum
1211 1026 1246 1054 ab
1262 1026 1416 1054 Abrahamo
1436 1030 1568 1061 caeptum,
1590 1031 1701 1062 propter

906 1071 1134 1104 circumcisionis.
1150 1079 1210 1107 qua:
1221 1072 1393 1100 octonarium
1407 1073 1528 1100 continet
1543 1080 1700 1105 numerum,

907 1118 1106 1153 antiquitatem,
1119 1125 1134 1145 a
1151 1126 1204 1153 qua
1218 1118 1260 1146 lex
1272 1118 1389 1153 pendet,
1401 1119 1570 1146 concubinas
1585 1118 1701 1153 appella-

906 1166 954 1192 vit.
966 1164 1033 1192 Nam
1049 1169 1193 1199 antequam
1207 1172 1304 1200 sponsa
1330 1163 1451 1192 Ecclesia
1473 1163 1562 1192 Verbo
1580 1163 1700 1199 despon-

906 1210 1026 1243 deretur,
1042 1211 1228 1246 concipientes
1241 1210 1361 1238 divinam
1378 1214 1530 1237 sementem
1549 1208 1700 1243 spiritualis

908 1257 1054 1290 octonarii,
1069 1256 1304 1285 circumcisionem
1325 1255 1554 1291 pratnuntiarunt.
1572 1254 1613 1282 Ad
1632 1254 1701 1281 mul—

907 1304 1049 1332 titudinem
1064 1311 1129 1331 vero
1143 1310 1254 1331 rursum
1277 1302 1504 1330 innumerabilem
1522 1301 1699 1337 (hominum).

907 1359 967 1386 quae
982 1359 1032 1386 pro
1043 1351 1175 1385 majorum
1191 1350 1305 1384 imperio
1320 1351 1395 1384 juste
1410 1349 1486 1381 vivit,
1500 1353 1527 1376 et
1544 1348 1661 1376 viriliter
1673 1352 1702 1377 et

908 1406 1040 1435 generose
1052 1403 1148 1426 contra
1161 1398 1224 1425 vitia
1237 1397 1367 1429 decertat,
1379 1396 1597 1424 adulescentulas
1611 1395 1702 1430 appel-

908 1446 956 1473 lat.
976 1446 1031 1474 Sed
1046 1453 1080 1474 ex
1106 1445 1140 1472 iis
1164 1451 1251 1480 neque
1274 1444 1394 1480 reginae,
1419 1450 1506 1477 neque
1531 1442 1701 1473 concubinae,

908 1500 969 1520 cum
992 1491 1112 1520 Ecclesia
1128 1495 1334 1526 comparantur.
1352 1489 1415 1517 Haec
1438 1490 1510 1517 enim
1533 1488 1654 1524 perlecta
1674 1493 1702 1514 et

908 1539 995 1566 electa
1028 1546 1083 1573 pra:
1110 1538 1235 1566 omnibus
1257 1536 1407 1569 nominata,
1436 1544 1496 1570 quae
1517 1544 1551 1563 ex
1575 1535 1703 1563 omnibus

909 1589 1015 1614 constat
1033 1588 1061 1612 et
1084 1585 1246 1612 concinnata
1267 1587 1327 1616 est,
1354 1588 1396 1610 cst
1412 1582 1615 1618 apostolorum,
1642 1589 1702 1616 quae

909 1639 1007 1666 sponsa
1032 1631 1115 1662 ﬂore;
1131 1629 1341 1666 pulchritudinis
1365 1632 1393 1656 et
1423 1628 1557 1656 castitatis
1590 1633 1703 1662 superat.

908 1684 1014 1705 omnes.
1028 1677 1197 1711 Quapropter
1211 1675 1291 1702 beata
1312 1674 1346 1701 ab
1365 1673 1427 1701 aliis
1449 1673 1621 1708 praedicatur.
1637 1672 1701 1707 quia

909 1723 966 1750 haec
977 1726 1071 1758 aperte
1087 1722 1154 1749 vidit
1166 1725 1193 1749 et
1209 1720 1323 1753 audivit,
1343 1727 1403 1754 quat
1422 1719 1474 1746 illte
1498 1718 1589 1746 videre
1609 1722 1637 1746 et.
1653 1726 1702 1745 au-

908 1771 967 1798 dire
986 1770 1218 1797 desideraverunt.
1237 1767 1312 1795 Beati
1326 1766 1405 1800 oculi,
1422 1766 1501 1801 311
1515 1774 1531 1792 a
1547 1765 1634 1800 inquit
1648 1765 1700 1791 Do-

909 1816 997 1843 minus
1012 1814 1161 1851 discipulis,
1178 1814 1224 1849 qut’
1246 1813 1346 1846 vident,
1363 1820 1422 1848 qua:
1446 1821 1490 1839 vos
1512 1811 1615 1839 videtis.
1635 1811 1700 1837 Dico

908 1865 977 1891 enim
991 1864 1073 1895 vobis,
1097 1862 1167 1898 quod
1182 1860 1259 1889 multi
1280 1861 1412 1896 prop/leue
1429 1859 1643 1887 desideraverunt
1664 1858 1702 1885 υἱ-

908 1912 969 1938 dere
979 1918 1038 1945 qua
1051 1910 1155 1941 videtis,
1172 1913 1196 1936 et
1212 1916 1263 1934 non
1283 1907 1420 1938 viderunt;
1433 1911 1457 1933 et
1472 1906 1566 1932 audire
1578 1912 1636 1940 qua:
1651 1912 1703 1930 au-

908 1957 982 1988 ditis.
999 1960 1024 1983 et
1047 1964 1099 1982 non
1114 1955 1254 1982 audierunt
1277 1954 1300 1980 ⁸.
1316 1952 1412 1980 Nonne
1434 1955 1576 1986 propterea
1593 1951 1703 1977 beatam

910 2003 1057 2038 praedicant
1083 2001 1170 2036 ipsam
1190 1999 1340 2036 prophetat,
1366 1997 1439 2033 quod
1455 1997 1554 2032 quibus
1577 1996 1629 2032 ipsi
1648 2003 1703 2022 non

910 2052 1064 2084 potuerunt,
1079 2047 1122 2075 itis
1133 2046 1255 2074 Ecclesia
1269 2045 1353 2080 potita
1367 2044 1421 2076 sit,
1437 2048 1464 2072 et.
1475 2043 1595 2079 dignata.
1613 2042 1704 2070 Possit

909 2095 971 2130 quis
985 2101 1113 2130 sponsam
1127 2093 1210 2121 etiam
1224 2092 1303 2120 aliter
1315 2091 1468 2125 explicare,
1487 2096 1515 2117 et
1535 2090 1626 2116 dicere
1641 2096 1703 2115 car-

910 2151 973 2171 nem
986 2150 1048 2170 esse
1060 2142 1247 2169 intemeratam
1265 2137 1385 2171 Domini,
1405 2137 1485 2171 cujus
1496 2144 1578 2164 causa
1596 2139 1703 2169 patrem

910 2188 1028 2216 deseruit
1042 2192 1069 2215 et
1084 2187 1111 2214 in
1127 2191 1229 2214 terram
1245 2184 1299 2211 huc
1315 2181 1466 2215 descendit,
1482 2181 1576 2216 illique
1596 2187 1645 2215 per
1660 2179 1704 2205 in-

910 2231 1096 2260 carnationem
1125 2228 1269 2264 copulatus
1298 2232 1352 2254 est.
1380 2226 1448 2253 Hinc
1480 2224 1596 2259 ﬁgurate
1627 2223 1702 2251 illam

913 2278 1065 2306 columbam
1081 2275 1238 2312 appellavit,
1259 2274 1330 2309 quod
1347 2271 1447 2300 animal
1463 2271 1499 2298 sit
1518 2271 1593 2297 cicur
1607 2273 1635 2297 et
1653 2269 1703 2297 sub

914 2325 994 2352 tectis
1005 2324 1116 2359 degens,
1135 2322 1314 2355 convictuque
1334 2319 1474 2347 hominum
1497 2316 1655 2344 delectetur.
1670 2315 1706 2343 Et

913 2371 941 2398 iu
962 2369 1169 2405 quadragesimo
1193 2370 1291 2402 quarto
1313 2365 1416 2400 psalmo
1442 2371 1449 2391 :
1478 2363 1558 2391 Stant
1583 2362 1705 2398 regiuaa

913 2416 1013 2443 dextris
1029 2415 1053 2442 δ.
1068 2414 1134 2448 (Deo
1147 2413 1199 2441 sibi
1214 2412 1341 2440 sinistras
1355 2411 1489 2446 sumente)
1501 2416 1584 2437 aureo
1596 2407 1705 2436 virtutis

912 2462 985 2488 cultu
1011 2463 1161 2493 exornata;
1187 2459 1265 2492 cujus
1291 2457 1522 2492 pulchritudinem
1545 2454 1704 2490 concupivit

914 2509 982 2540 Rex.
997 2515 1061 2535 caro
1073 2511 1127 2539 est,
1144 2510 1174 2533 ut
1191 2505 1260 2537 dixi.
1276 2505 1322 2532 illa
1336 2505 1439 2532 illibata
1461 2508 1490 2532 et
1509 2503 1600 2536 beata,
1622 2508 1704 2537 quam

912 2561 1004 2582 secum
1019 2554 1046 2581 in
1062 2553 1160 2581 emtum
1180 2552 1332 2586 deportavit
1348 2550 1479 2583 Verbum,
1495 2554 1577 2585 atque
1592 2550 1619 2576 in
1635 2549 1702 2575 dex-

913 2604 953 2626 tra
980 2598 1068 2629 Patris
1088 2597 1242 2629 collocavit,
1263 2597 1360 2624 vestitu
1381 2597 1511 2625 deaurato
1531 2597 1703 2624 exornatam.

705 2766 826 2796 VARIAE
848 2760 1050 2794 LECTIONES.

103 2827 115 2844 '
130 2827 252 2864 ἀϊστωθῇ
263 2836 318 2856 οηι.
333 2827 388 2856 AB.
442 2829 453 2844 ’
472 2827 664 2864 ὑφηγήσασθαι
681 2826 812 2864 Scaliger.

78 2900 120 2925 καὶ
134 2900 182 2926 τοῦ
215 2907 257 2933 pr.
273 2900 306 2926 Α.

867 2827 889 2842 ³⁸
905 2825 986 2853 αὖτοῦ
1002 2834 1033 2857 ς’.
1079 2825 1098 2841 ¹¹
1113 2824 1312 2860 προσλαϐόντες
1325 2824 1377 2851 ΑΒ.

73 2862 115 2903 24ἶ
154 2863 179 2903 ¹ξ
194 2856 342 2903 τράπ-ἐφη
357 2873 387 2896 ς.
427 2865 449 2880 υ
461 2856 587 2891 τιθασσδν
609 2867 636 2891 et
653 2856 819 2898 ὐπορῤὀξῡιον
835 2871 864 2894 ς.
905 2862 926 2877 ’⁸
946 2863 980 2897 τῇ
1003 2856 1057 2888 τῶν
1071 2856 1151 2896 ἀνῢρ.
1170 2869 1200 2892 ς.
1241 2861 1262 2876 ¹⁶
1274 2861 1305 2886 ὲκ
1321 2860 1375 2887 τῶν
1389 2859 1412 2886 δ.
1431 2856 1460 2891 Π,
1501 2856 1581 2884 1’τοῦ

1607 2821 1671 2850 an.
1690 2827 1706 2847 ι

1412 2825 1433 2839 ¹¹
1451 2819 1593 2894 μακάριοιή
1607 2821 1671 2850 an.

1431 2856 1460 2891 Π,
1501 2858 1520 2874 ³⁷
1534 2857 1581 2884 τοῦ
1623 2856 1684 2884 λαιιῖ

1638 2865 1706 2884 αιων
