1920 3092
223 153 294 186 1171

798 162 929 194 PHO'I‘II
949 164 1204 196 PATRIARCHIE
1220 166 1276 198 (ΣΡ.

1791 162 1866 196 1172

224 212 294 240 ruod
322 213 434 249 mystice
449 219 493 242 est
507 216 603 243 studiis
626 215 789 246 innocentiae
805 226 853 247 seu
874 219 1008 255 incorrup:

1066 220 1139 253 λεὺς.
1154 223 1172 257 ἡ
1186 223 1255 258 σάρξ
1268 224 1352 256 ἐστιν,
1366 223 1405 255 ὡς
1425 223 1504 259 ἔφην,
1520 225 1538 259 ὴ
1556 223 1692 259 ἄχραντος
1706 220 1801 256 ἐκείνη
1817 220 1869 248 καὶ

222 257 313 286 tionis.

1067 270 1204 306 μακαρία,
1222 271 1256 306 ἢν
1270 270 1353 302 αὐτὸς
1366 270 1536 306 ἀνακομίσας
1552 270 1567 296 ὁ
1580 269 1660 304 λόγος
1671 269 1711 301 είς
1729 267 1868 303 οὐρανοὺς

221 305 252 332 ἐκ
284 306 379 339 δεξιῶν
407 308 564 345 παρέστησε
585 310 633 337 τοῦ
667 310 785 347 Πατρδς,
813 313 843 340 ἐν
876 315 1017 351 ίματισμῳ
1035 305 1175 354 διαχρύσῳ
1191 305 1412 354 κεκοσμημένην,
1427 318 1442 345 ὃ
1457 318 1489 351 δή
1506 318 1565 344 ἐστι
1598 315 1773 352 συμϐολικῶς
1806 315 1868 345 τοτε

220 353 421 390 ἐπιτηδεύμασι
435 355 486 390 τῆς
497 356 661 392 ἀφθαρσίας.

255 399 348 436 (Dicit)
366 401 438 436 quod
457 402 592 437 παρθενία
616 403 674 439 (95)
683 404 790 433 dicatur
813 413 828 433 a
852 407 928 442 παρὰ
950 408 1010 435 θεία

219 444 369 473 mutatione
387 446 468 474 unius
483 447 595 481 litterae,
615 448 694 483 quasi
715 456 776 484 quae
790 450 848 478 sola
865 451 950 486 illum,
964 452 1010 487 qui

219 489 383 525 virginitatis
396 491 559 521 intemerata
572 494 709 522 contineat
720 496 848 531 mysteria
863 495 919 525 Deo
933 505 1010 526 com-

219 539 307 570 peret,
322 544 375 571 quo
390 537 491 566 bonum
509 539 612 567 nullum
635 540 750 568 inveniri
768 541 856 578 majus
871 547 972 578 potest.

255 580 399 616 Virtutem,
427 584 474 616 ait,
501 585 559 613 sive
581 591 692 620 propter
715 587 844 622 seipsam,
867 590 923 617 sive
937 591 1010 625 quod

1064 405 1163 436 ςιινοτι
1175 406 1292 442 παρθεία
1302 406 1323 423 ¹⁸
1333 407 1349 442 ἡ
1361 406 1496 442 παρθενία
1507 405 1577 432 κατά
1590 406 1654 441 μίαν
1665 405 1831 442 ἀπαλλαγὴν
1843 407 1866 423 ¹¹

1063 451 1188 480 καλεῖται
1203 453 1350 488 στοιχείου,
1362 452 1401 484 ὡς
1415 451 1448 487 δὴ
1466 451 1534 487 μόνη
1547 451 1594 478 τὸν
1604 451 1703 487 ἔχοντα
1714 451 1802 488 αὐτῆς
1813 452 1866 484 τὰς

1063 498 1200 534 ἀφθόρους
1212 499 1325 531 τελετὰς
1340 498 1400 534 Θεῷ
1414 498 1605 530 ἀπεικάζουσα
1616 519 1625 531 ,
1639 494 1671 526 οὗ
1684 498 1778 534 μεῖζον
1793 499 1865 533 ἀγα-

1064 543 1112 571 θὸν
1125 544 1257 572 ἀδύνατον
1271 545 1373 579 εὑρεῖν.

1095 590 1157 617 Ὀτι
1185 592 1279 626 φησὶν,
1289 591 1320 617 'H
1329 590 1415 626 ἀρετὴ
1426 591 1487 626 ἦτοι
1500 591 1534 618 δι’
1545 590 1686 623 ἐαυτὴν²⁶,
1702 589 1759 617 εἴτε
1774 590 1820 617 διὰ
1830 591 1864 618 τὸ

219 626 326 654 animas
344 628 472 657 sublimet
490 634 518 657 et
537 630 565 658 in
582 630 680 659 cteluni
700 632 777 660 tollat
798 634 870 662 hanc
891 635 1008 664 nominis

1066 638 1210 674 ιῐρειν-καὶ
1225 637 1402 674 μετεωρίζειν
1416 637 1487 673 πρὸς
1497 636 1611 673 οὐρανὸν
1621 637 1671 669 τὰς
1685 636 1775 672 ψυχὰς
1793 637 1862 664 ταὺ-

219 673 427 707 appellationem
441 677 591 711 accepisse.

255 717 323 746 Cum
341 719 420 747 dictis
436 720 567 750 hactenus
580 723 664 751 etiam
679 725 732 753 hoc
749 725 785 753 ait
800 727 885 755 videri
905 727 1006 758 facere.

219 762 366 792 Oraculum
377 765 482 794 caelitus
493 775 508 794 a
522 767 601 795 Patre
613 768 722 797 Christo
734 770 760 797 in
771 769 887 799 Iordane
899 773 989 801 datum
1001 782 1008 801 :

220 807 309 836 Filius
328 818 400 837 metu
412 819 440 838 et
456 817 494 845 tu,
516 820 563 848 ego
585 813 663 841 hodie
681 815 759 849 genui
773 820 797 842 te
817 816 839 844 ί.
855 815 1009 846 οδεετναης

1063 692 1115 718 την
1135 684 1237 719 ἔσχηκε
1254 684 1304 720 τὴν
1323 683 1494 718 ἐπωνυμίαν.

1094 729 1156 756 Ὅτι
1180 730 1272 764 φησὶν,
1294 729 1386 755 Ἐοικε
1401 728 1430 755 δέ
1450 729 1508 759 τοῖς
1530 727 1686 762 εἰρημένοις
1709 727 1758 754 καὶ
1781 727 1862 754 τοῦτο

1066 775 1185 810 μάλιστα
1211 775 1368 810 συμφωνεῖν
1391 774 1423 801 τὸ
1446 772 1695 809 χρησμῳδοὺμενον
1708 772 1814 800 ἀνωθεν
1830 773 1862 805 ἐξ

1062 820 1145 848 αὑτοῦ
1168 820 1216 847 τοῦ
1239 821 1343 857 [ἰατρὸς
1359 820 1399 856 τῷ
1413 819 1524 856 Χριστῷ
1537 820 1567 847 ἐν
1582 819 1622 855 τῷ
1638 819 1757 855 Ἰορδάνῃ
1767 828 1774 834 ·
1792 820 1861 852 Υιός

220 854 283 882 dum
298 855 354 888 hic,
375 856 441 884 illud
459 857 544 885 ﬁlium
559 866 638 886 suum
658 866 730 892 esse,
755 860 896 889 indeﬁnite
909 867 936 891 et
950 864 1008 892 sine

1066 875 1117 894 μου
1132 864 1161 894 εἳ
1168 866 1220 898 σὺ,
1233 866 1290 902 ἐγὼ
1299 854 1446 901 ’σήμερονί
1453 854 1619 900 γεγέννηκά
1629 854 1680 892 σεξ
1690 865 1843 900 Παρατηρη
1850 880 1860 885 -

221 904 343 935 tempore
357 900 468 929 dictum.
482 903 520 930 Er
537 903 608 930 enim
622 904 697 938 ﬁlius
711 913 761 934 suo
774 907 825 941 ipsi
833 907 945 941 dixit,et
956 916 1010 936 non

222 945 314 981 (dixit)
338 946 423 981 [actus
443 955 490 981 er;
505 949 648 978 declarans
671 959 760 986 neque
782 959 881 980 novum
896 962 943 982 seu
968 963 1012 982 re-

220 996 330 1019 centem
357 992 445 1028 ipsum
474 994 600 1029 adeptum
627 1003 688 1024 esse
720 997 892 1032 iiliationem,
922 1007 1011 1036 neque

221 1036 302 1064 tinem
312 1037 440 1066 habuisse
452 1046 514 1066 eum
521 1040 567 1076 qui
579 1041 654 1076 prius
665 1043 812 1077 exstiterit,
824 1046 871 1072 sed
884 1045 1010 1086 eumdem

220 1087 330 1115 semper
341 1088 413 1109 esse.
434 1081 501 1110 Illud
516 1090 601 1112 vero:
617 1085 671 1119 Ego
681 1087 758 1114 hodie
769 1089 846 1123 genui
868 1095 911 1122 te;
926 1082 1010 1124 volui,

220 1126 320 1161 inquit,
333 1134 396 1154 eum
408 1127 454 1162 qui
468 1128 543 1163 prius
555 1128 612 1164 jam
625 1131 687 1159 inde
701 1138 764 1160 ante
779 1134 878 1161 saecula
894 1135 921 1163 in
933 1136 1011 1164 caelis

219 1171 309 1200 fuerat
326 1173 408 1200 etiam
425 1175 524 1202 mundo
543 1183 685 1211 generare,
706 1179 757 1207 hoc
774 1185 826 1212 est.
844 1182 920 1214 prius
935 1183 1012 1217 igno-

220 1223 289 1252 tum,
303 1224 397 1246 notum
420 1221 544 1249 reddere.
560 1221 706 1258 Nimirum,
718 1224 751 1252 iis
764 1226 810 1260 qui
823 1227 1010 1256 multimodam

219 1263 269 1292 Dei
282 1265 445 1300 sapientiam
465 1269 586 1296 nondum
600 1269 906 1307 intelliguntnunquam
922 1274 1010 1302 adhuc

220 1315 302 1338 natus
319 1315 361 1339 est
383 1312 520 1348 Christus,
536 1314 588 1342 lioc
606 1320 659 1348 est,
676 1324 814 1352 nunquam
838 1319 964 1354 cognitus
984 1325 1011 1347 et

219 1359 367 1388 revelatus.

255 1447 418 1477 Plurimaex
432 1450 593 1485 Apocalypsi
614 1452 699 1480 sancti
722 1451 836 1482 Joannis
859 1454 956 1490 3111;
969 1457 1010 1483 ili-

1062 913 1123 940 Ιεέον
1134 913 1188 949 γὰρ
1200 914 1241 940 ὅτι
1256 913 1287 940 τὸ
1302 913 1352 948 μὲν
1368 912 1431 940 Υἰὸν
1442 911 1525 938 αὐτοῦ
1534 911 1557 928 ¹¹
1570 908 1639 938 εἶναι
1655 910 1791 945 ἀορίστως
1803 911 1860 937 ἀπ-

1063 962 1182 996 εφήνατο
1192 961 1239 988 καὶ¹
1249 961 1383 997 ἀχρόνως.
1401 962 1436 988 Et
1451 959 1506 995 γὰρ
1522 960 1589 993 Υἱὸς
1599 958 1673 993 αὐτῷ
1689 958 1741 994 ἔφη
1757 957 1818 995 [καὶ
1827 956 1859 983 οὗ

1060 1009 1176 1043 γέγονας
1185 1007 1220 1044 ¹¹]
1236 1007 1377 1043 ἐμφαίνων
1391 1007 1460 1043 μήτε
1474 1007 1630 1042 πρόσφατον
1645 1005 1727 1032 αὐτὸν
1741 1012 1860 1039 τετυχη-

1060 1054 1138 1082 κέναι
1162 1054 1213 1089 τῆς
1236 1053 1373 1085 υἱοθεσίας
1385 1073 1394 1086 ,
1413 1054 1482 1088 μήτε
1499 1050 1532 1080 αὖ
1547 1052 1764 1088 προῦπάρξαντα
1779 1051 1859 1081 τέλος

1061 1100 1218 1136 ἐσχηκέναι,
1241 1099 1310 1127 ἀλλά
1330 1097 1401 1127 εἶναι
1421 1099 1466 1126 ἀεὶ
1487 1099 1533 1126 τὸν
1550 1099 1641 1126 αὐτόν.
1656 1098 1694 1125 Τὸ
1711 1098 1758 1124 δέ·
1782 1097 1859 1132 Ἐγὼ

1060 1147 1194 1182 σήμερον
1209 1145 1376 1182 γεγέννηκά
1392 1154 1440 1179 σε,
1455 1145 1496 1172 ὅτι
1513 1145 1635 1180 Προόντα
1651 1145 1702 1180 ἠδη
1727 1144 1781 1180 πρὸ
1801 1143 1858 1170 τῶν

1060 1192 1176 1225 αἰώνων,
1190 1192 1264 1227 λέγει
1275 1193 1308 1224 ’⁸,
1324 1193 1353 1218 ἐν
1369 1193 1427 1223 τοῖς
1441 1192 1564 1226 οὐρανοῖς
1576 1190 1726 1226 ἐϐουλήθην
1748 1191 1797 1217 καὶ⁵
1817 1189 1857 1225 τῷ

1061 1238 1157 1273 κόσμῳ
1183 1238 1324 1272 γεννῆσαι,
1349 1237 1364 1263 ὅ
1387 1237 1418 1273 δή
1443 1237 1501 1264 ἐστι
1528 1236 1648 1272 πρόσθεν
1671 1236 1856 1271 ἀγνοούμενον

1060 1283 1204 1319 γνωρίσαι.
1213 1283 1322 1318 ’Δμέλει
1331 1282 1355 1299 ’⁸
1368 1284 1426 1314 τοῖς
1437 1283 1551 1318 μηδέπω
1560 1282 1615 1309 τῶν
1627 1282 1674 1308 ἀνθ
1679 1281 1778 1317 ρώπων
1790 1290 1856 1307 συν-

1060 1329 1227 1366 ῃσθημένοις
1239 1330 1290 1365 τὴν
1303 1329 1496 1356 πολυποίκιλον
1509 1328 1557 1355 τοῦ
1570 1328 1639 1355 Θεοῦ
1656 1328 1753 1362 σοφίαν
1765 1329 1779 1354 ό
1791 1328 1857 1363 Χρι-

1061 1376 1124 1408 στὸς
1146 1376 1253 1402 οὐδέπω
1275 1375 1455 1410 γεγέννηται·
1472 1375 1541 1410 ὅπερ
1561 1375 1638 1402 ἐστὶν
1652 1375 1760 1401 οὐδέπω
1771 1374 1858 1409 ἐγνώο

1063 1421 1127 1456 σθη,
1147 1421 1256 1448 οὐδέπω
1275 1421 1479 1457 πεφανέρωται.

1098 1468 1160 1494 ’Ότι
1171 1468 1206 1494 τὰ
1221 1467 1334 1494 πλεῖστα
1350 1467 1401 1501 τῆς
1414 1467 1462 1494 τοῦ
1474 1467 1553 1502 ἀγίου
1567 1467 1689 1494 Ἰωάννου
1704 1466 1856 1494 Ἀποκαλύ-

219 1499 262 1522 cta
275 1495 308 1522 ad
319 1494 467 1523 Ecclesiam
481 1500 508 1524 et
516 1497 661 1533 virginales
668 1499 773 1528 animas
783 1500 874 1529 refert.
884 1502 1008 1536 Quinimo

1066 1513 1135 1548 ψεως
1149 1512 1220 1549 ῥητὰ
1238 1514 1279 1544 εἰς
1297 1512 1347 1548 τὴν
1364 1494 1529 1548 ’ἐκκλησίαν
1546 1512 1595 1540 καὶ
1610 1511 1659 1544 τὰς
1673 1512 1858 1548 παρθενευού-

219 1540 310 1568 omnia
344 1540 403 1569 fere
430 1542 501 1570 dicta
532 1543 644 1572 aliunde
666 1545 872 1581 interpretatur,
889 1555 939 1576 nec
962 1545 1046 1576 ad-C

218 1587 351 1622 litteram,
366 1589 414 1617 sed
424 1589 569 1625 allegorice
585 1592 612 1619 in
624 1592 676 1621 hoc
686 1593 794 1630 dialogo
807 1596 928 1631 exponit.

254 1688 363 1717 Refellit
382 1697 429 1718 eos
453 1691 500 1726 qui
525 1691 610 1720 fatum
633 1698 747 1728 ponunt,
771 1694 814 1722 liis
839 1695 930 1723 verbis
951 1704 957 1721 :
981 1695 1010 1724 Si

219 1741 294 1763 astra
319 1737 479 1766 mortalibus
504 1738 675 1766 calamitates
700 1743 728 1766 et
756 1740 857 1766 malam
890 1745 1008 1769 mentem

218 1781 377 1815 conciliant,
399 1783 474 1811 circa
499 1783 633 1812 luxuriam
659 1789 688 1813 et
713 1785 775 1813 vitae
799 1786 1010 1815 incouslantiam

218 1831 362 1862 Occupata,
375 1828 441 1863 ipsis
454 1829 610 1857 hominibus
622 1829 773 1857 inieliciora
783 1835 856 1863 sunt,
869 1831 942 1866 quod
955 1839 1009 1859 non

219 1871 276 1907 ipsa
294 1872 391 1908 (astra)
404 1878 498 1901 ament
514 1873 603 1907 mala;
626 1875 673 1902 sed
690 1875 812 1903 homines
831 1875 913 1903 etiam
933 1881 962 1903 ut
977 1883 1010 1904 ea

219 1919 379 1954 designent,
394 1925 504 1955 cogant.
526 1920 662 1948 Praeterea
677 1920 700 1949 si
715 1921 787 1948 nulla
802 1923 874 1950 actio
890 1923 950 1951 sine
962 1923 1010 1951 de-

218 1963 320 1991 siderio
345 1963 392 1997 lit,
410 1969 438 1991 et
455 1972 537 1992 omne
554 1965 716 1993 desiderium
736 1972 828 1994 careat
843 1967 1009 2001 desiderato,

219 2009 292 2038 Deus
307 2015 396 2038 autem
416 2011 517 2038 nullius
529 2011 565 2039 sit
578 2011 714 2047 indigens,
727 2020 793 2047 ergo
814 2021 864 2041 nec
879 2014 1008 2041 malitiam

218 2056 376 2083 meditatur.
392 2056 535 2084 Astrorum
550 2059 771 2093 naturafpropior
783 2063 826 2086 est
846 2058 912 2093 Deo,
925 2060 1010 2087 adeo-

218 2108 272 2135 quc
287 2101 381 2128 melior
403 2102 534 2129 bonorum
553 2103 695 2131 hominum
716 2104 834 2138 virtute;
854 2099 918 2141 erg'o
933 2109 1009 2133 astra

217 2147 281 2174 mali
298 2151 362 2175 sunt
372 2148 504 2182 expertia.
523 2156 573 2176 nec
590 2149 671 2177 ullius
690 2150 820 2186 indigent.
838 2151 880 2179 Ad
891 2152 958 2185 haec,
974 2153 1008 2181 ad

1063 1567 1112 1590 σας
1129 1558 1218 1594 ψυχὰς
1232 1558 1427 1593 ἀνάγει.’Δλλά
1446 1558 1539 1594 σχεδὸν
1552 1559 1599 1586 καὶ
1616 1558 1679 1594 [509
1694 1557 1740 1594 H.]
1755 1558 1807 1585 ὅσα
1823 1559 1857 1585 ἂν

1063 1605 1133 1641 ῥητά
1155 1605 1202 1632 καὶ
1226 1605 1336 1633 ἄλλοθεν
1352 1604 1459 1638 ἔλαϐεν,
1474 1605 1662 1640 ἅλληγορικῶς
1678 1604 1747 1631 αὐτά
1761 1605 1810 1631 καὶ
1823 1604 1855 1631 οὐ

1061 1651 1133 1679 κατά
1147 1652 1178 1678 τὺ
1195 1651 1313 1687 γράμμα
1328 1651 1463 1687 διηγεῖται
1477 1652 1505 1679 ὲν
1519 1651 1587 1687 τῷδε
1602 1650 1641 1686 τῷ
1655 1651 1782 1685 διαλόγῳ.

1098 1698 1159 1724 ὀτι
1175 1698 1294 1733 ἀναιρῶν
1304 1697 1368 1730 τοὺς
1382 1697 1553 1734 εἱμαρμένην
1571 1698 1731 1730 δοξάζοντας
1750 1696 1853 1732 φησίν·

1061 1744 1093 1771 Εί
1108 1744 1158 1775 τὰς
1173 1743 1230 1771 τῶν
1244 1743 1349 1780 Θνητῶν
1372 1745 1517 1781 συμφορὰς
1534 1745 1581 1771 καὶ
1596 1744 1806 1780 κακοφροσὺνας
1821 1744 1856 1771 τὰ

1061 1789 1149 1825 ἄστρα
1163 1789 1347 1823 τεκταίνεται,
1363 1790 1430 1826 περὶ
1446 1790 1497 1822 τὰς
1512 1791 1655 1825 ἀσελγείας
1679 1790 1727 1817 καὶ
1750 1790 1856 1825 τροπὰς

1060 1834 1108 1862 τοῦ
1126 1835 1184 1871 βίου
1199 1835 1388 1871 ἀσχολούμενα
1401 1836 1456 1872 ipa
1471 1835 1623 1871 ἀθλιώτερα
1632 1835 1686 1862 τῶν
1700 1835 1855 1871 ἀνθρώπων

1060 1882 1145 1915 ἐστὶν,
1159 1882 1199 1908 ὅτι
1224 1882 1254 1908 οὐ
1281 1882 1361 1918 μόνον
1384 1882 1455 1910 αὐτά
1475 1881 1529 1909 τῶν
1546 1882 1640 1910 κακῶν
1661 1882 1772 1918 ἐρῶσιν.
1785 1882 1854 1908 ἀλλά

1060 1929 1108 1955 καὶ
1128 1928 1193 1960 τοὺς
1215 1928 1376 1964 ἀνθρώπους
1400 1928 1586 1964 ἀναγκάζουσι
1607 1927 1694 1956 ταῦτα
1710 1928 1853 1963 πράττειν.

1062 1975 1123 2002 Ἔτι
1133 1975 1245 2002 εί¹πάσα
1258 1975 1357 2010 πρᾶξις
1365 1976 1448 2011 χωρὶς
1460 1975 1609 2010 ἐπιθυμίας
1621 1974 1650 2001 οὐ
1664 1974 1779 2009 γίνεται.
1791 1974 1855 2001 οὐδὲ

1062 2021 1116 2057 μὴν
1139 2020 1274 2057 ἐπιθυμία
1294 2021 1379 2057 χωρίς
1400 2021 1513 2054 ἐνδείας,
1529 2021 1652 2052 ἀνενδεές
1673 2021 1702 2047 δὲ
1717 2020 1749 2047 τὸ
1764 2020 1853 2053 Θεῖον,

1059 2067 1219 2102 ἀνεννόητον
1244 2067 1298 2102 ipa
1326 2067 1509 2103 πονηρίας.Ἡ
1521 2067 1549 2094 δὲ
1563 2068 1618 2094 τῶν
1641 2067 1750 2103 ἄστρων
1773 2067 1855 2102 φύσις

1059 2112 1202 2147 ἐγγυτέρω
1226 2111 1356 2138 τέτακται
1380 2112 1460 2143 Θεοῦ,
1476 2112 1612 2148 κρείσσων
1634 2109 1702 2138 οὖσα
1726 2111 1777 2146 τῆς
1800 2111 1854 2137 τῶν

1060 2158 1226 2193 κρεισσόνων
1248 2156 1400 2192 ἀνθρώπων
1421 2157 1537 2193 ἀρετῆς³
1563 2157 1728 2191 ἀννεννόητα
1752 2157 1854 2189 κακίας

217 2193 404 2224 refellendum.
417 2194 488 2228 quod
499 2194 606 2229 genesis
617 2196 739 2230 quaedam
755 2201 893 2231 operetur,
908 2198 1006 2233 (dicit:

1066 2203 1114 2239 ipa
1126 2203 1172 2230 καὶ
1184 2203 1295 2238 ἀνενδεῆ
1310 2204 1368 2230 ἐστι
1379 2203 1415 2231 τὰ
1428 2203 1591 2238 ἄστρα,Ἔτι
1607 2204 1646 2235 εἰς
1655 2203 1679 2219 ’⁸
1692 2203 1722 2229 τὸ
1734 2203 1852 2235 ἀνελεῖν,

217 2238 275 2266 Hoc
289 2239 342 2273 lex)
361 2239 495 2274 prohibet,
512 2241 674 2275 impostores
689 2242 765 2277 punit
775 2262 783 2275 ,
802 2243 937 2278 minisque
952 2244 1007 2272 Ge-

217 2284 415 2312 netliliacorum
433 2285 585 2313 doctrinam
611 2287 756 2322 proscribit
776 2297 784 2317 :
800 2296 866 2324 ergo
886 2290 929 2318 lex
943 2298 1009 2319 con-

216 2331 301 2358 traria
324 2336 366 2359 est
389 2332 492 2367 genesi.
513 2333 686 2369 Quaecunque
709 2335 782 2363 enim
805 2336 849 2364 lex
871 2337 1007 2370 prohibet.

217 2377 324 2412 genesis
342 2378 451 2413 deﬁnit;
467 2387 637 2416 quacunque
650 2385 739 2408 autem
753 2382 825 2417 cogit
840 2384 947 2418 genesis
967 2383 1009 2411 fa-

218 2428 291 2453 cere,
306 2428 337 2448 ea
353 2421 396 2449 lex
416 2422 570 2456 interdicit;
590 2431 655 2459 ergo
669 2425 713 2452 lex
725 2425 834 2454 inimica
850 2429 942 2462 genesi
955 2434 1007 2457 est.

219 2466 247 2493 Si
262 2472 351 2494 autem
373 2468 500 2503 inimica;
514 2478 578 2506 ergo
597 2471 763 2507 legislatores
781 2481 835 2500 non
851 2479 915 2501 sunt
925 2474 1005 2511 legis-

217 2510 318 2540 latores
334 2515 483 2541 secundum
505 2518 626 2551 genesin.
649 2516 706 2545 Hoc
722 2525 781 2551 est,
805 2527 858 2546 non
876 2526 940 2548 sunt
957 2510 1008 2557 ge-

260 2568 267 2587 ί
290 2567 365 2595 Psal.
385 2568 414 2602 2,
430 2569 469 2602 7.Δ

1062 2250 1129 2277 Τινὰ
1143 2250 1249 2284 γένεσις
1263 2249 1410 2286 ἐργάζεται
1422 2271 1429 2283 ,
1442 2250 1523 2277 τοῦτο
1543 2250 1572 2277 δὲ
1586 2250 1666 2285 νόμος
1681 2249 1795 2282 κωλύει,
1811 2259 1855 2276 κο-

1061 2295 1151 2328 λάζων
1171 2296 1234 2327 τοὺς
1250 2296 1403 2331 ἀλάστορας
1419 2296 1465 2323 καὶ
1488 2295 1521 2323 δι’
1533 2296 1649 2331 ἀπειλῆς
1661 2296 1805 2330 ἀπείργων
1823 2297 1854 2322 τὰ

1061 2343 1111 2377 τῆς
1124 2342 1260 2376 γενέσεως
1277 2342 1414 2377 δόγματα,
1430 2343 1550 2369 ἐναντίον
1560 2343 1614 2378 ipa
1628 2343 1709 2377 νόμος
1725 2342 1833 2376 γενέσει
1846 2351 1852 2356 ·

1061 2388 1112 2414 ὃσα
1138 2387 1187 2422 μὲν
1210 2388 1265 2422 γὰρ
1289 2388 1370 2422 νόμος
1396 2387 1609 2420 κωλύει,ταῦτα
1620 2388 1727 2421 γένεσις
1741 2387 1853 2422 ὥρισεν,

1060 2432 1111 2459 ὃσα
1123 2431 1152 2458 δέ
1163 2432 1269 2466 γένεσις
1286 2434 1374 2460 ποιεῖν
1389 2433 1524 2468 βιάζεται,
1542 2433 1630 2460 ταῦτα
1643 2433 1725 2469 νόμος
1741 2433 1852 2459 κωλύει.

1061 2477 1195 2513 Πολέμιον
1206 2478 1260 2513 ἄρα
1270 2479 1374 2512 γενέσει
1386 2480 1478 2514 νόμος.
1494 2480 1524 2506 Et
1539 2480 1567 2506 δὲ
1579 2479 1720 2513 πολέμιον,
1736 2479 1789 2505 οὐκ
1800 2479 1853 2513 ipa

1062 2524 1134 2551 κατὰ
1156 2525 1264 2559 γένεσιν
1277 2526 1302 2552 οί
1316 2525 1460 2560 νομοθέται
1476 2526 1630 2562 νομοθέται.
1655 2525 1716 2562 [961
1736 2525 1787 2562 R.]
1814 2523 1852 2551 Τὰ

853 2622 972 2651 VAHUE
991 2624 1197 2656 LECTIONES.

256 2671 456 2724 ῒξξξῖρέιέἒῖὶα
469 2682 527 2724 vel
538 2677 806 2724 iuriae-i999
819 2680 901 2724 τιεε-
953 2691 980 2718 ρ-
991 2684 1008 2712 5

1078 2686 1205 2724 _frustra.
1246 2689 1268 2705 ¹⁹
1280 2688 1508 2724 ὑπαλλαγὴνΑΒ.
1556 2689 1580 2706 η
1606 2688 1781 2724 ιιοξιὲαυτὴν
1803 2690 1849 2715 ad‘

218 2705 338 2746 deuduui
351 2705 476 2746 atperﬁ.:
497 2713 516 2727 "

220 2740 315 2770 lacuna
338 2740 388 2770 est'
398 2746 425 2772 in
440 2740 494 2774 ΆΒ.

537 2711 618 2760 Ξῖνσιι]
638 2712 715 2760 εἷνιιιιι
732 2714 815 2760 eos?
839 2711 999 2760 Gaiakeiusr

1066 2711 1212 2760 siii'é'e'i‘e'.
1229 2732 1256 2758 p.
1277 2711 1512 2752 ἐιιῐ””’ῖί’ἒὲαἰ’ῐξι
1525 2711 1668 2760 γέγιινέὶξ]⁷
1678 2711 1781 2752 ᾖ)ἲὲἶὸ
1792 2711 1849 2752 ιὸἔο

533 2747 555 2764 ’³
569 2747 653 2782 λέγει.
692 2749 715 2765 ³⁸
733 2749 831 2784 ἀμέλει
843 2753 970 2787 οηι.ιΔΒ.
1009 2747 1229 2791 εδειῖζὲὶςὲ.

992 2812 1108 2844 ΝΟΤᾸΞ.

260 2857 609 2902 ίθβλπαρθινςα-ἰηιετεει
627 2871 634 2887 ι
650 2870 719 2902 pone
730 2873 752 2902 νγ
763 2871 788 2892 et
808 2875 824 2891 α
842 2869 1010 2902 praepositio-

244 2857 316 2918 _(95)
333 2858 467 2892 παρθινία
484 2860 609 2888 intereet
627 2871 634 2887 ι
650 2870 719 2897 pone
730 2873 745 2890 ν
763 2871 788 2892 et
808 2875 824 2891 α
842 2869 1007 2902 praepositio-

223 2898 266 2918 nis
285 2899 301 2920 υ
313 2892 409 2921 timum
424 2894 568 2938 abjicalta
585 2902 626 2925 est
637 2899 715 2927 unius
736 2901 833 2929 litterae
845 2906 1007 2937 permutatio

1063 2880 1162 2910 yproa
1182 2873 1355 2910 Etymologns
1374 2875 1425 2904 huc
1439 2883 1491 2903 non
1504 2874 1569 2903 facit
1587 2874 1632 2910 qui
1648 2875 1716 2904 dicit
1730 2875 1843 2908 dictum,

1061 2907 1103 2944 ὅτι
1119 2909 1194 2944 παρὰ
1208 2907 1275 2936 Θεοῦ
1293 2910 1380 2946 ἐδόθη.
