1920 3092
211 135 279 168 1175

786 136 920 168 ΡΗΟἝΙΙ
938 134 1193 168 PATRIARCHE
1211 135 1267 166 (ΞΡ.

1774 135 1851 166 1176

205 200 278 222 slum
288 192 417 228 deinceps
425 192 568 229 Scriptura
582 197 717 229 praeepta
735 192 881 229 signiﬁcet,
897 194 987 228 quibus

1047 192 1126 228 τύπῳ
1139 191 1295 227 παρέλαϐεν
1308 191 1325 226 ἡ
1337 190 1445 227 Γραφή.
1459 189 1515 218 Καὶ
1528 189 1717 226 ἐπισκέψασθε
1734 191 1849 227 μήποτε

204 238 399 269 ειιοοίεὺοιυε
409 239 571 274 opponendo
582 239 746 267 adumbrata
761 239 904 276 figmenta,
913 246 998 274 genus

204 285 352 312 lmmanum
382 284 501 320 decepit.
527 283 623 312 Ficum
649 286 750 321 quippe
769 293 832 314 cum
857 290 994 320 pracepto

205 331 306 357 homini
321 331 348 358 in
364 331 490 364 paradiso
506 331 568 358 dato
591 331 771 366 comparavit.
785 331 850 366 quia
865 332 997 367 deceptus

203 377 284 403 homo
301 376 372 404 foliis
384 377 426 405 tici
443 377 593 405 nuditatem
606 385 683 406 suam
697 377 798 406 velavit
810 386 819 412 ;
833 378 915 406 vitem
931 385 997 406 vero

202 420 254 454 legi
271 426 331 456 post
345 422 479 450 diluvium
499 421 557 451 Noe
573 422 654 455 datae,
670 430 703 451 eo
719 423 792 458 quod
816 424 880 453 vino
892 424 997 460 sopitus

202 466 283 494 fuerit
301 467 422 502 irrisus;
444 467 533 496 oleam
558 475 624 496 vero
646 468 698 504 legi
720 469 804 498 Musis
827 469 855 497 in
875 470 995 504 deserto,

201 514 266 548 quia
279 514 368 542 oleum
389 520 515 543 sanetum
543 517 601 544 sive
612 517 700 553 gratia
724 517 896 552 prophetica.
922 524 994 551 prte-

201 560 389 589 varicantibus
405 561 459 589 illis
477 561 617 590 defecerat
635 564 670 591 ab
691 563 862 592 haereditate.
889 563 993 592 Itham-

201 612 267 633 num
283 612 423 641 comparat
444 606 515 635 data:
537 607 588 644 legi
612 609 646 636 ad
673 609 791 637 salutem
816 609 910 637 mundi
926 617 995 644 apo-

200 650 290 683 stolis,
307 651 370 685 quia
384 658 433 686 per
448 651 556 679 illorum
573 652 728 681 doctrinam
747 653 902 681 castitatem
920 653 994 682 didi-

199 696 298 730 cimus,
323 697 367 725 cui
391 697 442 726 soli
470 697 587 726 similem
625 699 725 727 nullam
757 699 847 735 potuit
871 700 992 735 speciem

199 741 326 771 diabolus
349 743 482 771 invenire.
497 743 579 779 313
589 745 603 772 ιν
618 744 689 773 Hinc
704 750 821 778 quatuor
838 745 990 780 Evangelia

199 787 272 815 edita
285 793 359 820 sunt.
371 787 426 816 Deo
433 793 532 823 quater
540 789 737 818 humanitatem
749 790 990 828 [incarnationem]

199 833 390 866 anuuntiante,
404 838 431 861 et
445 835 588 868 quaternis
606 834 712 871 legibus
727 836 854 869 docente,
869 843 988 872 quarum

199 884 321 914 tempora
331 886 435 915 aperte.
447 887 495 916 per
506 880 644 909 fructuum
654 881 813 911 discrimina
832 882 988 918 intelligun-

199 930 254 953 Inr.
270 924 351 954 Ficus
361 927 434 954 enim
449 932 561 962 propter
575 927 745 958 dulcedinem
761 933 789 957 et
799 930 991 963 nutritionem.

197 969 283 1006 legem
300 977 363 999 ante
382 973 637 1008 praevaricationem
657 973 740 1002 latam
760 975 893 1004 declarat.
918 975 991 1004 Non-

197 1025 336 1054 nunquam
348 1019 421 1047 enim
435 1019 503 1047 licus
514 1019 542 1046 in
561 1020 704 1056 Scriptura
720 1021 750 1049 in
765 1022 908 1050 meliorem
931 1030 992 1058 par—

197 1067 251 1090 Ian
263 1064 406 1099 accipitur.
431 1063 502 1092 Vitis
519 1072 585 1093 vero
599 1065 634 1093 ob
654 1065 710 1094 viui
738 1065 940 1100 iucunditatem
962 1072 991 1095 et

195 1106 329 1142 Ιειὶιίσσι,
345 1116 440 1138 eorum
459 1111 506 1146 qui
521 1119 554 1140 ex
579 1111 618 1139 ira
638 1111 687 1140 Dei
715 1118 744 1141 et
765 1113 868 1142 diluvio
888 1115 989 1142 servati

195 1158 268 1187 sunt,
290 1154 416 1184 timorem
429 1157 680 1187 etsollicitudinem
704 1159 732 1187 in
757 1160 887 1196 gaudium
902 1167 982 1188 versa

194 1199 326 1227 insinuat.
341 1200 404 1229 Olea
418 1209 495 1235 vero.
510 1209 623 1239 propter
647 1204 700 1233 olei
715 1204 847 1239 fructum,
862 1204 988 1233 intimam

195 1245 243 1273 Dei
259 1246 476 1276 misericordiam
488 1249 645 1284 significat;
662 1251 717 1278 Deo
737 1258 847 1278 rursum
865 1251 989 1279 homines

194 1291 228 1318 ad
240 1284 408 1327 impietatem
426 1299 488 1328 post
512 1295 644 1323 diluvium
671 1295 813 1330 prolapsos
842 1296 987 1328 tolerante,

193 1342 222 1366 et
237 1338 364 1374 dignante
388 1341 553 1375 quibusdam
575 1341 661 1378 legem
692 1343 759 1370 dare
785 1347 813 1370 et
842 1350 986 1378 apparere.

195 1383 337 1413 Rhamnus
367 1390 458 1414 autem
484 1386 667 1422 virginitatem
696 1387 820 1416 denotat.
845 1387 988 1418 Rhamnus

194 1431 268 1457 enim
282 1431 364 1459 arbor
376 1436 453 1460 casta
468 1437 522 1465 est,
541 1437 568 1460 et
582 1433 701 1461 fortasse
715 1441 750 1461 ex
766 1433 851 1462 simili
867 1437 986 1470 quadam

194 1484 256 1504 cum
274 1477 381 1512 virgine
408 1483 505 1506 natura
523 1480 607 1515 stirps
620 1480 689 1514 .haec
705 1480 820 1516 ῥάμνος,
836 1482 884 1508 καὶ
904 1482 987 1517 ἄγνος

194 1524 367 1562 appellatur;
380 1526 513 1554 rbamnus
528 1526 639 1562 quidem
657 1532 769 1562 propter
791 1529 875 1556 robur
886 1535 915 1557 et
928 1530 986 1558 for-
999 1542 1022 1574 ρ

196 1570 338 1599 titudinem
365 1576 461 1599 contra
482 1572 655 1608 voluptates,
677 1573 760 1609 ἄγνος
782 1575 888 1611 (96-85)
903 1584 985 1609 vero,

194 1618 266 1652 quod
276 1618 349 1646 ounii
362 1625 398 1646 ex
412 1624 490 1654 parte
500 1624 577 1648 casta
589 1625 616 1648 et
631 1628 699 1656 pura
712 1621 757 1649 sit.
774 1621 850 1650 Unde
860 1628 888 1650 et
900 1623 986 1651 Eliam

196 1662 287 1692 ferunt
312 1671 328 1692 a
354 1664 425 1693 facie
448 1664 586 1694 Iezabelis
611 1666 734 1695 mulieris
765 1667 913 1703 fugientem
949 1670 985 1698 ad

195 1711 340 1740 rhamnum
353 1712 470 1747 primum
481 1713 600 1746 venisse,
615 1717 700 1749 atque
713 1714 872 1742 exauditam
889 1715 987 1750 fuisse,

194 1755 341 1791 cibumque
369 1758 520 1793 accepisse,
548 1760 613 1794 quia
642 1759 810 1795 fugientibus
843 1761 987 1790 stimulum

193 1804 299 1835 carnis,
321 1808 350 1831 et
368 1803 511 1838 feminam.
540 1810 570 1833 et
586 1806 767 1842 voluptatem,
784 1809 937 1845 perfugium
956 1816 986 1838 et

194 1854 392 1884 tegumentum,
409 1851 547 1880 castitatis
559 1851 666 1886 lignum
678 1853 852 1888 germinavit,
867 1856 940 1890 quod
950 1855 986 1883 ah

194 1897 312 1924 adventu
342 1897 472 1932 principia
499 1898 635 1934 virginum
659 1898 774 1934 Christi,
805 1909 919 1936 regnum
957 1903 986 1930 in

193 1940 321 1970 homines
332 1942 456 1970 obtinuit
466 1942 536 1978 (86).
551 1943 609 1972 Hoc
625 1944 700 1972 enim
721 1946 832 1973 unicum
849 1946 985 1975 castitatis

196 1994 323 2023 regnum.
353 1989 433 2023 cujus
457 1989 532 2025 ipsos
559 1998 700 2026 nunquam
737 1992 894 2026 pteniteret,
923 1999 985 2028 post

189 2029 293 2059 Christi
306 2032 451 2061 adventum
466 2033 642 2070 arripuerunt
657 2035 792 2071 homines.
807 2044 869 2065 eum
887 2039 985 2074 singu-

192 2076 280 2104 lorum
307 2077 436 2112 aliorum,
460 2080 561 2114 quibus
588 2081 661 2110 data:
683 2082 793 2112 fuerant
824 2084 898 2120 leges
918 2090 984 2113 ante

191 2121 293 2150 Christi
321 2124 481 2158 adventum,
510 2133 656 2161 regnorum
690 2129 813 2157 habenas
837 2137 854 2158 a
882 2131 983 2166 seipsis

189 2169 316 2197 celeriter
327 2172 527 2206 excussissem,
546 2178 576 2201 et
588 2175 729 2204 contrario
745 2176 983 2212 falsoquefparere

1049 238 1099 270 τάς
1110 238 1157 265 ἐπὶ
1172 237 1220 265 τοῦ
1235 236 1448 273 πρωτοπλάστου
1473 236 1554 271 μέχρι
1570 236 1618 263 τοῦ
1635 236 1755 272 Χριστοῦ
1771 237 1848 264 καθ-

1049 283 1113 320 εξῆς
1134 285 1150 321 η
1167 283 1263 320 Γραφὴ
1275 282 1436 319 νομοθεσίας
1450 282 1534 317 δηλοῖ,
1551 278 1589 309 ὤν
1605 283 1619 308 ὀ
1630 282 1754 314 διάϐολος
1767 283 1849 310 ἀντι-

1049 332 1144 368 μίμοις
1160 331 1315 367 ἐξηπάτησε
1333 330 1474 365 πλάσμασι
1487 329 1519 356 τδ
1528 328 1680 365 ἀνθρώπων
1693 329 1782 363 γένος,
1793 330 1848 363 τὴν

1049 378 1099 413 μὲν
1112 375 1159 405 οὖν
1174 377 1260 412 συκῆν
1274 376 1462 409 ἀπεικάζουσι
1474 377 1508 412 τῇ
1530 375 1599 402 κατὰ
1614 376 1660 402 τὸν
1674 375 1845 410 παράδεισον

1046 423 1153 459 δοθείσῃ
1177 422 1217 459 τῷ
1240 422 1376 458 ἀνθρώπῳ
1398 421 1492 457 ἐντολῇ
1502 441 1510 452 ,
1526 420 1621 456 ἐπειδὴ
1635 420 1685 457 τὴν
1700 420 1845 455 γύμνωσιν

1046 468 1199 506 ἀπατηθεὶς
1211 465 1290 500 οὗτος
1305 467 1432 499 πετάλοις
1447 466 1604 501 ὲπεκάλυψε
1619 466 1705 502 συκῆς
1717 474 1725 482 ·
1740 466 1792 501 τὴν
1813 466 1845 493 δὲ

1045 515 1168 550 ἄμπελον
1184 515 1218 550 τῇ
1236 515 1282 540 ἐπὶ
1295 513 1344 541 τοῦ
1361 511 1558 548 κατακλυσμοῦ
1579 512 1616 548 τῷ
1628 512 1651 528 ³⁸
1666 512 1740 543 Νῶε,
1755 512 1802 539 διὰ
1813 512 1846 539 τὸ

1044 562 1109 598 οῐνῳ
1120 561 1304 598 χλευασθέντα
1318 559 1502 596 κοιμηθῆναι·
1517 559 1567 595 τὴν
1578 558 1607 585 δὲ
1623 559 1716 586 ἐλαίαν
1725 559 1759 595 τῇ
1771 559 1845 586 κατὰ

1043 609 1094 645 τὴν
1107 607 1209 645 ῑρημον
1219 607 1258 643 τῷ
1271 608 1376 642 Μωῦσῇ
1385 607 1420 638 ³⁷,
1434 606 1529 641 ἐπειδὴ
1543 605 1574 632 τὸ
1587 605 1712 641 χάρισμα
1725 604 1757 631 τὸ
1769 613 1842 640 προ-

1043 655 1170 691 φητιιὼν,
1191 655 1223 682 τὸ
1249 654 1339 681 ἑλαιον
1360 653 1392 680 τὸ
1416 653 1513 687 ἅγιον,
1531 652 1729 687 ἀνομησὰντων
1750 651 1846 678 αὐτῶν

1043 699 1198 728 δκλελοίπει
1212 699 1264 735 τῆς
1283 698 1482 735 κληρονομίαςι
1497 698 1548 734 τὴν
1569 698 1598 725 δὲ
1613 698 1716 733 ῥάμνον
1736 699 1769 734 τῇ
1796 697 1846 724 ἐπὶ

1045 747 1096 783 τῆς
1113 746 1250 782 σωτηρίας
1258 745 1281 762 ³³
1293 745 1342 773 τοῦ
1360 745 1463 780 κόσμου
1477 745 1534 776 τοῖς
1547 743 1718 775 ἀποστόλοις.
1732 742 1847 778 ἐπειδή-

1041 803 1095 830 περ
1106 794 1140 821 δι’
1155 793 1246 822 αὐτῶν
1258 793 1435 828 ὶδιδάχθημεν
1456 791 1578 826 ἁγνείαν,
1587 787 1621 827 ἧς
1633 789 1772 826 ἀπατηλὸν
1794 789 1845 825 μό-

1040 852 1089 879 νης
1103 842 1212 870 εἴδωλον
1224 841 1239 867 ὁ
1251 840 1372 871 διάϐολος
1382 839 1432 866 οὐκ
1447 838 1541 874 ἴσχυσε
1555 837 1697 864 σκευάσαι.
1716 835 1780 872 [964
1795 830 1846 868 IL]

1042 889 1096 917 Kal.
1112 888 1157 915 διὰ
1175 887 1255 915 τοῦτο
1276 887 1324 914 καὶ
1339 884 1494 920 Εὑαγγέλια
1515 883 1638 920 τέσσαρα
1646 882 1843 918 παραδέδοται,

1040 934 1169 970 τετράκις
1179 931 1428 968 εὐαγγελισαμένου
1438 930 1485 958 τοῦ
1496 929 1563 957 Θεοῦ
1576 929 1627 965 τὴν
1639 928 1841 964 ἁνθρωτιότητα

1041 981 1091 1009 καὶ
1106 979 1369 1015 παιδαγωγήσαντος
1383 977 1497 1012 τέτρασι
1503 976 1525 993 ³⁹
1539 976 1643 1010 νόμοις,
1655 971 1694 1002 ὧν
1705 974 1730 1000 oi
1745 974 1842 1009 καιροὶ

1041 1026 1136 1062 σαφῶς
1146 1025 1202 1053 ἀπὸ
1213 1025 1261 1060 τῆς
1273 1024 1469 1060 διαφορότητος
1484 1022 1628 1058 δηλοῦνται
1643 1022 1698 1049 τῶν
1712 1020 1842 1057 καρπιῖιν.

1045 1073 1080 1100 Ἦ
1090 1073 1140 1109 μὲν
1150 1071 1206 1107 γὰρ
1220 1071 1290 1106 συκῆ
1299 1070 1344 1097 διὰ
1353 1070 1402 1105 τὴν
1415 1069 1567 1105 γλυκασίαν
1582 1069 1630 1096 καὶ
1641 1068 1691 1105 τὴν
1703 1067 1810 1104 τρυφὴν
1817 1067 1843 1083 ⁸⁸

1038 1119 1089 1155 τὴν
1111 1118 1164 1154 πρὸ
1186 1118 1236 1154 τῆς
1260 1116 1445 1154 παραϐάσεως
1458 1115 1505 1143 τοῦ
1519 1114 1666 1151 ἀνθρώπου
1687 1115 1841 1151 παρίστησι

1039 1165 1228 1201 γεγενημένην
1239 1172 1247 1180 ο
1260 1163 1319 1191 ἔστι
1334 1163 1390 1198 γὰρ
1413 1162 1458 1190 ὅτε
1481 1162 1532 1197 τῆς
1549 1162 1636 1197 συκῆς
1653 1163 1668 1188 ὁ
1684 1161 1791 1197 mpm;
1805 1163 1840 1197 τῇ

1039 1210 1135 1246 Γραφῇ
1150 1209 1197 1236 ἐπὶ
1210 1209 1240 1236 τὸ
1254 1209 1378 1244 κρεῖττον
1390 1207 1646 1242 ἐκλαμϐάνεται.ἰι
1662 1207 1691 1233 δὲ
1705 1206 1840 1242 ἄμπελος,

1039 1255 1085 1282 διὰ
1097 1255 1147 1290 τὴν
1163 1254 1309 1289 ἱλαρότητα
1321 1253 1372 1289 τὴν
1386 1253 1420 1280 ὲκ
1433 1252 1481 1279 τοῢ
1494 1252 1567 1280 οῖνου
1580 1252 1628 1279 καὶ
1640 1251 1689 1288 τὴν
1701 1252 1842 1287 εὐφροσύ-

1039 1309 1088 1333 νην
1099 1300 1155 1326 τῶν
1167 1299 1375 1335 περισωθέντων
1397 1298 1447 1334 τῆς
1469 1298 1555 1334 ὀργῆς
1576 1299 1623 1325 καὶ
1636 1297 1684 1324 τοῦ
1698 1298 1840 1324 κατακλυο

1039 1346 1120 1382 σμοῦ,
1136 1345 1186 1382 τὴν
1198 1345 1254 1373 ἀπὺ
1270 1345 1318 1372 τοῦ
1331 1345 1415 1380 φόϐου
1428 1345 1538 1380 καὶτῆς
1554 1344 1695 1381 φροντίδος
1709 1344 1776 1376 sic“
1790 1344 1841 1380 τὴν

1038 1391 1126 1428 χαρὰν
1139 1391 1228 1418 αὐτῶν
1244 1390 1397 1426 μεταϐολὴν
1413 1389 1617 1417 αἱνίσσεται,Ἠ
1640 1389 1669 1416 δὲ
1693 1389 1771 1416 ἐλαία
1793 1390 1840 1417 διὰ

1038 1436 1084 1466 τὸν
1100 1435 1207 1471 καρπὸν
1221 1434 1269 1461 τοῦ
1287 1435 1376 1462 ὲλαίου
1384 1435 1408 1451 ⁵³
1421 1435 1471 1471 τὴν
1486 1434 1690 1470 εὐσπλαγχνίαν
1703 1434 1751 1462 τοῦ
1769 1435 1841 1463 Θεοῦ

1039 1481 1149 1517 μηνύει,
1164 1480 1247 1508 πάλιν
1271 1481 1526 1516 ἁνεξικακήσαντος
1549 1481 1597 1508 τοῦ
1614 1481 1684 1508 Θεοῦ
1705 1481 1774 1517 μετὰ
1790 1481 1840 1508 τὸν

1039 1527 1243 1562 κατακλυσμὸν,
1259 1526 1315 1553 τῶν
1330 1526 1483 1564 ἀνθρώπων
1497 1527 1692 1563 ἐκτραπέντων
1703 1528 1743 1560 εἰς
1758 1527 1839 1555 ἀθεό-

1038 1584 1118 1611 τητα,
1144 1574 1235 1603 δοῦναι
1260 1575 1343 1610 νόμον
1365 1575 1415 1611 καλ
1435 1575 1636 1612 ἐμφανισθῆναι
1661 1576 1787 1603 non.“
1808 1576 1839 1603 δι

1038 1621 1141 1657 ῥάμνος
1161 1622 1210 1657 τὴν
1224 1621 1336 1656 ἁγνείαν
1356 1621 1514 1658 συνίστησι·
1531 1622 1561 1649 τὸ
1575 1622 1630 1658 γὰρ
1642 1622 1708 1650 αὐτὸ
1727 1622 1839 1658 δένδρον

1039 1669 1142 1704 ῥάμνος
1156 1669 1205 1696 καὶ
1226 1669 1308 1703 ἄγνος
1323 1669 1394 1701 ἐστὶ,
1408 1669 1457 1696 καὶ
1469 1670 1540 1705 τάχα
1553 1669 1597 1696 διὰ
1609 1669 1642 1696 τὸ
1658 1670 1790 1705 συγγενὲς
1806 1670 1838 1698 τὸ

1037 1715 1123 1750 φυτὸν
1135 1715 1216 1742 τοῦτο
1228 1716 1262 1751 τῇ
1280 1715 1446 1752 παρθενίαη
1465 1715 1551 1751 ταύτῃ
1567 1716 1670 1752 ῥάμνος
1691 1717 1738 1743 καὶ
1754 1716 1837 1751 ἄγνος

1038 1759 1257 1796 προσηγορεύθη,
1273 1760 1377 1796 ῥάμνος
1394 1759 1444 1795 μὲν
1460 1760 1538 1797 παρὰ
1551 1760 1582 1786 τὸ
1604 1760 1766 1796 στερέμνιον
1789 1760 1836 1787 καὶ

1037 1805 1172 1841 καρτερὸν
1183 1806 1252 1842 πρὸς
1264 1806 1313 1837 τὰς
1325 1806 1432 1842 ἡδονὰς,
1443 1805 1526 1840 ἄγνος
1537 1806 1566 1833 δὲ
1579 1806 1655 1841 παρὰ
1667 1806 1700 1832 τὸ
1711 1805 1756 1832 διὰ
1768 1814 1832 1832 παν-

1036 1852 1081 1883 τὸς
1093 1851 1314 1886 ἅγνεύειν.Ὂθεν
1329 1853 1377 1879 καὶ
1391 1852 1438 1878 τὸν
1455 1852 1561 1885 Ἠλίαν,
1578 1853 1610 1878 ὲκ
1625 1851 1773 1887 προσώπου
1784 1851 1836 1887 τῆς

1043 1897 1161 1930 Ἰεζάϐελ
1174 1898 1304 1932 γυναικὸς
1311 1897 1334 1913 ⁵⁸
1351 1897 1501 1933 φεύγοντα,
1513 1897 1591 1932 λόγος
1606 1898 1658 1924 ὑπὸ
1672 1897 1776 1934 ῥάμνον
1790 1898 1835 1924 ιλ.

1037 1943 1094 1972 θεῖν
1112 1944 1220 1980 πρῶτον
1237 1945 1285 1972 καὶ
1299 1944 1513 1980 είσακουσθῆναι
1537 1945 1585 1972 καὶ
1608 1944 1702 1972 λαϐεῖν
1716 1945 1835 1980 τροφὴν,

1035 1990 1077 2017 ὅτι
1088 1990 1143 2017 τῶν
1156 1990 1313 2025 φευγόντων
1326 1990 1373 2017 τὸν
1389 1988 1498 2025 οἶστρον
1512 1990 1561 2017 καὶ
1577 1990 1628 2025 τὴν
1641 1991 1761 2025 γυναῖκα
1769 1989 1834 2026 [5H

1035 2034 1083 2072 Ηο]
1097 2035 1144 2063 καὶ
1165 2036 1216 2072 τὴν
1233 2036 1330 2072 ἡδονὴν
1343 2034 1375 2062 et
1388 2035 1563 2070 καταγώγιον
1578 2037 1627 2063 καὶ
1648 2037 1665 2072 ὴ
1695 2035 1785 2071 σκέπη
1802 2036 1835 2063 τὸ

1034 2081 1084 2116 τῆς
1097 2082 1210 2116 ἁγνείας
1220 2081 1371 2117 ἐϐλάστησε
1385 2081 1474 2114 ξύλον,
1491 2081 1545 2109 άπὸ
1555 2083 1604 2118 τῆς
1618 2082 1774 2117 παρουσίας
1782 2081 1834 2109 τοῦ

1034 2127 1240 2162 άρχιπαρθένου
1256 2126 1377 2162 Χριστοῦ
1402 2126 1567 2162 βασιλεῦσαν
1589 2126 1646 2153 τῶν
1666 2127 1833 2162 ἀνθρώπων.

1034 2171 1142 2207 Ταύτην
1154 2172 1209 2208 γὰρ
1221 2172 1306 2208 μόνην
1318 2173 1367 2208 τὴν
1377 2173 1428 2208 τῆς
1438 2172 1552 2207 ἁγνείας
1565 2172 1707 2208 βασιλείαν
1717 2172 1773 2199 άπὸ
1781 2173 1832 2207 τῆς

188 2219 257 2244 etse
272 2216 409 2251 subjicere
423 2219 594 2249 maluissent.
617 2221 781 2257 Quanquam
801 2231 873 2258 saepe
893 2224 981 2258 pceni-

1038 2219 1083 2246 τοῦ
1099 2220 1219 2256 Χριστοῦ
1237 2222 1389 2257 παρουσίας
1401 2220 1591 2257 ἁμεταμελητὶ
1610 2221 1786 2257 προσήκαντο
1808 2222 1833 2248 oi

193 2267 281 2291 tentes
290 2263 475 2298 quaesiverunt
488 2266 586 2294 iterum
601 2269 690 2304 regale
699 2269 745 2297 Dei
759 2269 827 2304 legis
837 2270 982 2306 imperium

194 2311 322 2341 recteque
338 2307 474 2337 factorum
494 2311 577 2339 animi
595 2312 670 2340 vitiis
685 2319 876 2349 corruptorum
904 2323 984 2343 reno-

191 2353 339 2381 vatiouetu.
357 2354 426 2383 Nam
457 2357 576 2385 hostium
602 2360 738 2393 manibus,
763 2365 792 2388 et
827 2361 983 2396 ignominiae

188 2399 365 2432 passionibus
386 2402 490 2437 traditi,
519 2411 628 2432 rursum
644 2405 760 2440 imperio
781 2408 981 2443 praceptisque

188 2444 237 2472 Dei
249 2446 306 2481 regi
323 2447 478 2482 voluerunt,
493 2453 563 2477 utea
576 2451 691 2479 infinitis
703 2453 833 2481 aerumnis
845 2454 981 2489 malisque

188 2491 371 2526 eriperentur.
391 2494 445 2521 Sed
458 2495 518 2522 haec
529 2495 618 2530 legum
632 2504 714 2532 regna
727 2504 841 2534 propter
865 2499 979 2528 fetentia

188 2540 216 2564 et
237 2537 448 2568 immedicabilia
474 2541 586 2577 813a
608 2543 720 2571 vulnera
742 2545 909 2579 animarum,
928 2554 981 2574 no—

1036 2264 1188 2301 ἄνθρωποι,
1196 2266 1315 2301 ἑκάστης
1327 2265 1381 2293 τῶν
1393 2266 1598 2302 προδεδομένων
1612 2267 1706 2298 αὐτοῖς
1716 2266 1832 2293 ἐντολῶν

1037 2310 1092 2345 πρὸ
1114 2305 1164 2346 τῆς
1180 2311 1299 2346 Χριστοῦ
1320 2311 1475 2346 παρουσίας
1496 2312 1568 2339 κατὰ
1583 2312 1668 2347 τάχος
1691 2311 1832 2347 βασιλείας

1036 2358 1149 2389 ἑαυτοὺς
1160 2358 1369 2393 ἀφηνιάζοντες,
1381 2358 1430 2386 καὶ
1444 2360 1477 2394 τῇ
1489 2359 1629 2394 ἀντιμίμῳ
1641 2358 1743 2394 μᾶλλον
1755 2359 1831 2385 πειθ-

1035 2406 1129 2440 αρχεῖν
1145 2405 1192 2432 καὶ
1204 2405 1347 2440 ὑπἀὐτῆς
1363 2405 1553 2441 βασιλεύεσθαι
1569 2405 1795 2442 προαιρούμενοι,
1807 2406 1832 2432 εί

1035 2451 1083 2478 καὶ
1098 2450 1345 2486 μ.εταμιλόμ.ενοι“ι
1361 2451 1493 2482 πολλάκις
1517 2451 1667 2486 ἐπεζήτουν
1682 2451 1766 2478 πάλιν
1781 2451 1832 2486 τὴν

1035 2497 1104 2532 πρὸς
1124 2497 1193 2524 Θεοῦ
1206 2497 1353 2533 δεδομένην
1369 2498 1462 2530 αὐτοῖς
1483 2497 1702 2533 βασιλικωτάτην
1719 2497 1831 2532 ἐντολὴν

1034 2544 1083 2571 καὶ
1099 2545 1297 2580 ἀνακαινισμὺν
1306 2544 1362 2572 τῶν
1374 2544 1579 2580 διαφθαρέντων
1587 2543 1678 2571 αὐτῶν
1686 2544 1720 2571 ὲκ
1729 2543 1830 2575 κακίας

831 2631 949 2661 VARle
969 2621 1174 2662 monebas.

222 2685 246 2702 ³⁸
263 2686 417 2721 τῷΑττοῦ
433 2697 462 2721 ς,

516 2689 538 2705 ³τ
559 2693 646 2724 μωσεϊ
657 2691 712 2719 ΑΒ.

186 2718 210 2735 ’⁸
226 2721 265 2753 εἰς

320 2694 335 2714 ι
347 2696 355 2714 :
369 2696 417 2714 του
433 2697 462 2721 ς,
516 2694 536 2705 ³τ
559 2694 646 2724 μωσεῖ
657 2694 712 2719 ΑΒ.
765 2694 788 2709 ³³
801 2694 834 2728 τῇ
857 2694 990 2730 σωτηρίᾳ.
1043 2695 1065 2712 ³⁸
1081 2696 1154 2723 παιδ.
1165 2697 1220 2728 τοῖς
1231 2695 1342 2731 τέτρασι
1357 2705 1388 2729 ς.
1426 2696 1449 2712 ⁸⁸
1463 2697 1569 2732 τρυφὴν
1583 2695 1628 2722 ΑΒ
1641 2704 1648 2723 :
1660 2703 1705 2731 τρε

320 2732 327 2750 :
348 2722 398 2758 τὴν
411 2725 451 2756 εἰς
467 2732 496 2756 ς.
535 2725 558 2741 ⁸³
569 2726 645 2753 ἐλέου
658 2728 690 2754 Α.
731 2728 754 2743 ’⁸³
772 2727 943 2764 παρθένιιίς.
985 2730 1010 2746 ⁸⁸
1033 2729 1094 2763 Ἰεζ.
1110 2732 1157 2758 καὶ
1175 2732 1303 2766 γυναικὸς
1316 2741 1346 2764 ς.
1388 2732 1411 2748 ⁸⁸
1430 2731 1662 2767 μεταμελοὺμενοι
1675 2740 1705 2764 ς.

1043 2695 1154 2732 ξθμπαιδ.
1165 2697 1220 2728 τοῖς
1231 2695 1342 2731 τέτρασι
1357 2705 1388 2729 ς.
1426 2696 1449 2712 ⁸⁸
1463 2697 1569 2732 τρυφὴν
1577 2695 1628 2732 ΑΒ
1641 2704 1648 2723 :
1660 2695 1767 2731 τροφὴν
1794 2704 1827 2729 ς.

941 2788 1058 2818 NOTAE.

222 2830 328 2865 (90-85)
349 2831 442 2865 ἁγνός,
458 2837 550 2859 t‘nstus
561 2841 653 2867 purus.

223 2867 279 2902 ‘86)
294 2867 371 2900 Quod
394 2869 428 2894 ab
444 2873 555 2896 auctore
581 2869 745 2904 virginitatis
770 2871 881 2899 Christo
896 2871 973 2907 plau-

1036 2843 1119 2864 talum
1132 2843 1176 2875 est
1194 2838 1228 2865 iis
1241 2839 1287 2872 qni
1299 2838 1481 2875 virginitatem
1508 2837 1738 2875 complectuntur.
1754 2837 1825 2867 Vidn

1030 2878 1109 2901 notas
1131 2873 1290 2902 lltnsebelii.
