1920 3092
49 153 129 188 1177
342 171 352 186 ο

575 160 838 192 BIBLIOTHECA.
852 173 886 180 -
900 160 983 191 COD.
998 158 1189 191 CCXXXVII.

1627 153 1703 188 -1178

44 215 185 251 ψυχικῶν
200 217 433 253 κατορθωμάτων.
450 217 663 254 Παραδιδόμενοι
679 219 735 255 γὰρ
749 221 791 252 ei;
801 221 854 255 χεῖ-

906 219 1015 246 luerunt
1029 219 1082 246 illis
1099 219 1106 246 l
1120 224 1254 254 mperaro,
1271 216 1357 246 donec
1381 217 1462 249 Deus,
1479 218 1609 250 quartum
1620 214 1705 242 mise-

46 271 104 298 ρας
119 263 233 299 ὲχθρῶν
249 264 298 291 καὶ
312 264 388 299 πάθη
402 265 524 300 ἀτιμίας.
541 265 694 301 ἐπεζήτουν
709 265 852 301 βασιλεύε-

45 309 117 336 σθαι
131 311 168 345 τῇ
184 311 281 346 ἐντολῇ
298 311 347 338 καὶ
366 313 422 343 τοῖς
439 311 636 347 προστάγμασι
651 312 699 339 τοῦ
714 312 794 344 Θεοῦ,
810 312 854 339 ἵνα

43 355 172 389 γένηται
187 357 280 388 αὐτοῖς
296 357 373 390 λύσις
385 357 440 385 τῶν
455 358 634 386 πολυπλόκων
647 358 796 394 συμφορῶν
806 358 856 385 καὶ

45 401 207 436 ἀπαλλαγὴ
222 402 276 428 τῶν
290 402 395 430 κακῶν.
406 403 439 430 Δί
455 403 484 431 δὲ
499 399 544 430 διὰ
558 403 589 430 τὸ
606 403 752 439 προσάξειν
764 403 856 430 αὐτῶν

45 446 99 472 καὶ
130 447 255 478 ἀνιάτως
282 447 356 482 ἔχειν
379 448 444 480 τοὺς
465 448 517 483 τῆς
540 448 631 484 ψυχῆς
654 448 792 482 μώλωπας
806 448 857 475 οὐκ

46 491 202 519 ἐϐούλοντο
217 492 372 528 βασιλεύειν
384 493 487 528 αὐτῶν,
504 494 602 530 μέχρις
615 495 630 521 ὁ
644 493 712 526 Θεὸς
723 494 856 529 τέταρτον

46 537 232 574 κατελεήσας
247 539 292 568 τὸν
307 539 452 574 ἄνθρωπον
466 540 516 575 τὴν
528 539 641 574 ἁγνείαν
650 539 794 566 ἀπέστειλε
808 539 857 574 βα-

49 583 185 611 σιλεῦσαι
196 605 204 617 ,
217 585 252 620 ἢν
265 586 370 620 ῥάμνον
391 585 548 618 ἀκολούθως
562 586 692 613 ῑκάλεσεν
707 587 724 622 ή
740 586 835 622 Γραφῇ
846 593 856 602 ⁸

46 629 113 664 ἥτις
132 630 355 659 καταναλώσασα
367 631 417 663 τὰς
432 632 540 667 ἡδονὰς.
553 633 601 659 καὶ
617 633 789 668 ἀπειλήσασα
798 631 856 659 λοιέ

46 676 114 709 πδν,
131 678 159 704 εἰ
177 677 217 713 μὴ
233 678 303 714 αὐτῇ
327 678 470 706 πείθονται
492 680 596 712 πάντες
618 680 666 707 καὶ
688 680 718 706 ἰν
741 678 858 714 ἀληθείᾳ

906 269 982 293 ratus
994 265 1142 297 hominem,
1158 265 1232 292 misit
1248 264 1414 296 castitatem,
1424 269 1439 290 a
1451 262 1592 297 Scriptura
1608 260 1703 288 rham-

905 318 971 339 num
986 315 1170 347 congruenter
1191 310 1367 344 appellatam,
1387 315 1449 343 quae
1473 307 1511 334 illi
1537 307 1700 342 imperaret,

905 364 968 391 quas
1000 357 1187 391 voluptatibus
1218 355 1367 389 superatis,
1395 355 1478 381 etiam
1511 353 1539 380 in
1566 352 1703 387 reliquam

906 406 1014 437 tempus
1028 402 1082 429 illis
1091 401 1267 430 interminata
1279 405 1331 432 est,
1343 400 1428 434 quod,
1442 399 1494 426 nisi
1511 398 1563 426 sibi
1575 400 1704 432 parerent

907 455 1013 481 omnes,
1033 453 1061 476 et
1075 448 1183 476 sincere
1209 448 1243 475 ad
1265 454 1296 474 se
1319 446 1493 478 accederem,
1522 444 1643 471 futurum
1674 446 1703 469 ut

907 501 1002 522 omnes
1017 493 1133 521 ﬂammis
1148 494 1378 524 absumerentur;
1404 491 1504 518 nullam
1539 489 1614 517 enim
1641 492 1704 522 post

908 540 979 567 hanc
991 540 1073 567 aliam
1099 540 1186 575 legem
1203 543 1250 567 aut
1272 538 1426 566 doctrinam
1454 540 1622 566 secuturam.
1650 533 1698 561 sed

903 585 1035 620 judicium
1048 590 1076 613 et
1093 586 1193 619 ignem.
1211 585 1280 612 Hinc
1293 584 1422 617 deinceps
1443 582 1524 610 homo
1549 579 1635 614 erepit
1655 579 1700 614 ju-

907 632 1010 660 stitiam
1034 632 1134 666 colere,
1154 632 1265 666 Deoque
1289 634 1451 658 constanter
1479 636 1527 663 per
1552 629 1634 656 tidem
1650 627 1699 654 ad-

910 679 1028 711 haerere.
1043 683 1072 706 et
1082 685 1112 706 se
1128 685 1142 705 a
1154 677 1262 705 diabolo
1280 677 1436 711 seiungere.

47 725 267 761 προσὲρχοιντο,
285 727 354 762 πυρὶ
376 728 605 763 καταδαπανῆσαι
621 729 741 760 πάντας·
760 727 855 754 οὐκέτι
871 728 926 763 γὰρ
942 727 1012 764 μετὰ
1024 728 1127 763 ταύτην
1149 727 1260 754 ἔσεσθαι
1282 727 1366 761 νόμον
1379 725 1397 760 ἢ
1429 723 1604 752 διδασκαλίαν
1642 722 1702 749 ἑτέ·

46 778 114 805 ραν,
132 771 206 799 ἀλλὰ
220 773 269 799 καὶ
280 773 372 809 κρίσιν
384 774 432 801 καὶ
448 774 506 810 πῦρ
516 783 525 791 ⁶
540 775 588 802 καὶ
602 775 646 803 διὰ
662 775 742 802 τοῦτο
759 773 858 801 λοιπὸν
885 773 934 800 ἀπ’
965 773 1092 801 ἐντεῦθεν
1113 774 1322 810 δικαιοπραγεῖν
1336 773 1350 800 6
1365 772 1511 808 ἄνθρωπος
1528 769 1630 806 ἤρξατο
1653 769 1702 796 καὶ

47 818 199 848 πιστεύειν
215 819 332 855 βεϐαίως
344 820 384 856 τῷ
395 821 456 856 Θιῷ
470 822 518 849 καὶ
530 822 726 858 ἀποσχίζεσθαι
733 821 781 848 τοῦ
792 819 930 849 διαϐόλου.

86 866 155 891 Ὀτι
173 868 343 901 σημειωτέον
360 867 397 899 ὡς
408 865 486 901 οὗτος
499 869 514 895 ό
526 869 660 904 διάλογος,
674 866 696 904 ᾧ
708 869 850 904 ἐπιγραφὴ

935 869 1148 900 Observandum,
1173 868 1308 904 dialogum
1345 867 1419 896 hunc
1448 866 1494 901 qui
1531 863 1699 910 Symposium

45 911 235 944 Συμπόσιον
249 912 266 948 ἦ
282 914 346 949 περὶ
358 914 469 949 ἁγνείας
480 914 513 947 ⁸⁸,
528 915 605 950 παρά
620 915 689 942 πολύ
702 916 761 942 ἐστι
779 923 854 942 νενο-

46 955 190 990 θευμένος
202 957 226 973 ⁸⁷
236 964 244 971 ·
260 958 388 994 εὑρήσεις
399 959 455 995 γὰρ
469 960 500 986 ἐν
516 960 590 996 αὐτῷ
605 960 855 996 παραδεδλημένας

46 1002 99 1028 καὶ
116 1003 298 1037 Ἀρειανικὰς
310 1005 474 1039 δοξοκοπίας
488 1007 537 1033 καὶ
554 1007 657 1042 ἐτέρων
671 1007 754 1034 τινῶν
768 1015 854 1033 κακο-

45 1046 207 1079 ὼξοὺντων
221 1049 449 1085 μυθολογήματα.

82 1092 151 1119 ὀτι
173 1093 341 1128 σημειωτέον
359 1094 386 1121 τι
407 1094 474 1122 ποτε
498 1095 557 1123 ἑστι
578 1095 610 1123 τὸ
631 1097 822 1134 καθῆκόν-α,
839 1096 855 1124 ὃ

47 1140 136 1175 μόνος
161 1141 312 1176 ἐσχηκέναι
336 1141 446 1176 λέγεται
470 1142 615 1179 ἄνθρωπος
628 1142 683 1170 τῶν
707 1143 761 1170 ὑπὸ
783 1142 852 1170 Θεοῦ

44 1187 260 1221 γεγενημένων.
276 1187 344 1214 Οὐδὲ
355 1188 410 1224 γάρ
424 1188 489 1225 [965
498 1188 546 1225 3.]
559 1188 593 1216 ἂν
607 1188 682 1225 εὖροι
693 1198 735 1221 τις
749 1190 792 1216 ἐπ’
804 1190 852 1216 ἀν-

46 1233 168 1268 θρώπου
179 1243 207 1260 τι
223 1233 279 1260 τῶν
294 1234 405 1269 τιμίων,
417 1231 448 1262 οὗ
467 1234 505 1271 μὴ
526 1235 573 1261 καὶ¹
596 1234 720 1269 ἀγγέλων
737 1235 853 1270 μετέσχε

47 1280 148 1314 φύσις.
171 1279 241 1306 Οῡτε
256 1279 311 1316 γὰρ
323 1281 354 1307 τδ
369 1280 516 1313 ἀθάνατον,
532 1280 646 1315 καὶγὰρ
658 1280 706 1307 καὶ
726 1280 852 1316 ἄγγελος,

48 1326 115 1352 οὔτε
130 1327 164 1352 τὸ
179 1327 355 1359 αὐτεξούσιον
365 1336 372 1343 ·
391 1328 416 1354 εἰ
432 1327 487 1362 γὰρ
501 1327 542 1354 ὅτι
564 1327 691 1361 ἀγγέλοις
718 1327 788 1354 κατά
807 1327 854 1354 τὸν

45 1370 186 1404 Θεολάγον
202 1372 248 1398 ἐπὶ
262 1372 294 1398 τὸ
309 1371 412 1406 ἀγαθὸν
428 1371 531 1406 μᾶλλον
543 1371 560 1406 ἡ
583 1370 664 1406 ῥοπὴ,
688 1370 759 1396 κατὰ
772 1369 854 1396 τοῦτο

46 1416 100 1450 ὅρα
118 1416 163 1442 ὃτι
183 1416 248 1451 μηδ’
263 1416 331 1448 ὅλως
345 1415 460 1443 δυνατὸν
473 1415 504 1442 τὸ
520 1417 582 1442 κατ’
598 1415 692 1442 εἰκόνα
707 1415 788 1442 τοῦτο
807 1416 852 1441 ὲν-

907 914 1076 947 lnscribitur,
1087 914 1145 942 sive
1161 914 1196 941 de
1211 914 1347 946 castitate,
1361 919 1488 946 magnam
1503 916 1611 946 partem
1624 907 1701 935 ιᾶιιις

906 965 1024 988 teratum
1052 967 1133 988 esse:
1161 959 1283 987 offendes
1307 958 1381 986 enim
1410 958 1436 985 in
1467 957 1513 984 illo
1530 955 1651 989 adjectus
1669 958 1698 981 et

904 1007 1020 1036 Arianas
1036 1014 1176 1041 vanosque
1189 1005 1373 1042 opinationes,
1399 1003 1522 1039 aliasque
1547 1001 1618 1030 male
1634 1008 1699 1028 sen-

906 1054 1032 1082 tientium
1050 1053 1171 1081 fabulas.

939 1099 1102 1127 Notandum.
1121 1098 1189 1132 Quid
1208 1098 1243 1125 sit
1261 1105 1312 1125 cur
1333 1095 1407 1124 solus
1425 1095 1507 1122 homo
1525 1100 1558 1121 ex
1571 1092 1699 1120 omnibus

905 1155 920 1175 a
933 1147 988 1175 Deo
1004 1147 1104 1174 creatis
1122 1146 1204 1173 rebus
1221 1146 1340 1176 dicatur.
1359 1143 1446 1171 factus
1461 1139 1612 1170 secundum
1627 1141 1696 1167 ima-

905 1195 993 1231 ginem
1008 1193 1077 1221 Dei?
1095 1191 1165 1220 Nihil
1196 1191 1268 1219 enim
1298 1191 1325 1218 in
1357 1190 1468 1217 homine
1486 1187 1607 1223 reperiat
1634 1186 1697 1222 quis

904 1239 1005 1272 nobile,
1025 1246 1080 1273 quo
1107 1241 1198 1266 careat
1221 1236 1343 1271 angelica
1364 1239 1483 1262 natura:
1511 1241 1565 1261 non
1583 1233 1696 1260 immor-

904 1284 1008 1316 talitas,
1038 1291 1098 1311 nam
1122 1288 1150 1310 et
1169 1282 1282 1319 angelus
1296 1280 1458 1309 immortalis
1472 1289 1481 1313 ς
1497 1288 1550 1307 non
1579 1279 1694 1306 liberum

903 1328 1057 1362 arbitrium,
1073 1337 1135 1356 nam
1152 1329 1174 1356 si
1187 1326 1286 1362 angeli,
1302 1332 1332 1354 ut
1350 1326 1434 1354 sentit
1451 1325 1615 1359 Theologus,
1628 1323 1696 1360 [Na-

903 1374 1061 1411 zianzenus]
1085 1374 1172 1408 magis
1198 1374 1292 1410 [quam
1318 1371 1455 1408 homines]
1480 1371 1649 1406 propendent
1669 1371 1696 1397 iu

903 1422 1015 1453 bonum,
1029 1421 1188 1448 secundum.
1213 1420 1265 1446 hoc
1280 1417 1401 1451 intellige
1427 1417 1502 1444 nullo
1517 1416 1599 1443 modo
1613 1422 1695 1450 posse

46 1464 132 1516 νοεῖν.
150 1462 184 1489 Εἰ
211 1462 240 1489 δὲ
266 1462 298 1488 τὸ
324 1463 439 1498 ἀρχικὸν
464 1462 555 1496 λέγεις
582 1462 696 1498 (ἄρχειν
712 1461 768 1497 γὰρ
797 1461 854 1497 τῶν

905 1467 989 1502 accipi
1006 1466 1070 1494 illud
1087 1466 1237 1494 secundmn
1258 1463 1474 1492 similitudinem.
1497 1461 1527 1489 Si
1550 1460 1696 1496 imperium

48 1508 154 1544 ἰχθύων
168 1509 217 1535 καὶ
224 1508 289 1560 ,τῶν
302 1508 389 1535 ἄλλων
406 1509 420 1536 δ
436 1509 580 1544 ἅνθρωπος
595 1509 664 1545 πρὸς
680 1508 748 1536 Θεοῦ
768 1508 851 1544 ἠξίω-

905 1515 978 1542 dicas
994 1514 1131 1549 (dignatus
1146 1517 1187 1539 est
1200 1511 1273 1538 enim
1294 1511 1376 1537 homo
1399 1517 1414 1536 a
1431 1509 1486 1536 Deo
1501 1508 1617 1543 imperio
1641 1508 1694 1542 pis-

111 1555 143 1581 ὲν
158 1555 193 1608 r'f]
208 1553 260 1589 τῆς
275 1555 471 1608 κοσμογενείας
493 1555 669 1591 ξυγγραφῇ),
686 1555 743 1583 οὐδ’
764 1555 852 1587 οὕτως

905 1560 977 1588 cium
1003 1564 1031 1587 et
1046 1558 1161 1585 aliorum
1182 1557 1209 1584 in
1234 1556 1292 1591 ipsa
1320 1555 1413 1584 mundi
1438 1554 1566 1582 fabricati
1591 1553 1696 1581 descri-

47 1599 250 1634 ἀλλοτριώσεις
269 1599 315 1626 τὸν
331 1600 448 1634 ἄγγελον
459 1608 467 1615 ·
482 1601 577 1636 ἄρχειν
586 1601 641 1637 γὰρ
655 1601 710 1628 τῶν
727 1601 852 1636 ἀγγέλων

905 1604 1018 1641 ptione),
1035 1612 1069 1632 ne
1085 1604 1125 1631 sic
1136 1604 1246 1638 quidem
1261 1602 1373 1637 angelos
1386 1601 1516 1630 ostendes
1527 1607 1590 1628 esse
1603 1600 1697 1627 diver-

47 1646 115 1699 τοῖς
134 1645 247 1699 πλείους
271 1645 364 1699 έθχους
377 1646 426 1673 καὶ¹
449 1646 537 1682 φυλῆς
559 1647 636 1683 παρά
660 1647 710 1682 τῆς
737 1646 851 1682 Γραφῆς

905 1660 960 1681 sos.
977 1650 1116 1679 Dominari
1138 1650 1210 1677 enim
1228 1649 1319 1683 plures
1335 1647 1495 1683 angelorum
1509 1646 1648 1681 gentibus,
1664 1649 1693 1672 et

149 1690 345 1745 'Beatoﬁ'ypsea.
363 1691 395 1718 Εἰ
421 1691 444 1718 δ’
460 1692 502 1719 ὅτι
525 1692 563 1728 μὴ
586 1692 740 1728 χειροήθεις
759 1692 851 1724 αὐτοῖς

905 1698 1060 1726 nationibus
1076 1696 1232 1732 singulatim
1245 1703 1261 1722 e
1288 1690 1431 1728 Scriptura
1457 1692 1604 1720 didicimus
1616 1691 1642 1719 ιι.
1664 1690 1694 1718 Si

46 1737 115 1768 τοὺς
143 1736 318 1772 ἀρχομένους
342 1736 452 1764 τελοῦσι
482 1738 533 1773 τὴν
556 1737 689 1773 διαφορὰν
715 1738 848 1772 εἰσάγεις,

905 1749 1007 1775 autem.
1020 1743 1093 1778 quod
1107 1742 1245 1777 subjectos
1262 1747 1316 1767 non
1329 1738 1486 1767 tractabiles
1501 1738 1552 1767 sibi
1568 1738 1694 1769 reddant,

47 1783 184 1818 καθάπερ
196 1784 296 1810 ἐκεῖνοι
311 1783 346 1810 τὰ
362 1783 450 1810 πολλά
463 1783 518 1810 τῶν
531 1782 619 1816 ζώων,
640 1784 717 1811 οὐδὲν
730 1784 799 1820 πρὸς
811 1784 850 1820 τῷ

905 1789 1134 1826 quemadmodum
1164 1788 1202 1816 illi
1229 1787 1315 1815 multa
1344 1785 1484 1818 animalia,
1516 1783 1695 1812 diﬂ'erentiam

46 1829 152 1864 γέλωτι
173 1829 346 1865 κομπάζεις·
363 1830 425 1857 οὐδὲ
440 1830 494 1866 γὰρ
511 1826 541 1856 οὗ
561 1830 655 1857 εἰκόνα
669 1830 763 1866 φέρειν
775 1832 790 1858 ὁ
804 1830 851 1857 ἄν·

905 1836 1064 1868 constituas,
1079 1834 1146 1863 nihil
1162 1834 1213 1862 nisi
1223 1834 1308 1861 risum
1318 1833 1417 1869 jactas,
1433 1839 1521 1866 neque
1529 1830 1601 1858 enim
1614 1829 1697 1857 homo

47 1876 163 1931 Ῠρωπος
176 1875 300 1931 λέγεται,
313 1876 468 1921 χειροήθεις
481 1876 545 1908 τοὺς
555 1876 723 1912 ἀρχομένους
735 1877 848 1913 (ἄπαγε)

905 1880 979 1916 cujus
991 1881 1136 1919 imaginem
1160 1879 1235 1908 ferre
1247 1879 1347 1906 dicitur
1364 1878 1461 1914 (apage
1475 1876 1603 1911 dictum),
1632 1874 1698 1902 sub-

45 1922 178 1949 δεικνύει.
193 1922 227 1949 Τί
251 1922 297 1949 οὖν
321 1923 380 1949 εστι
399 1923 440 1955 τὸ,
461 1922 526 1950 κατ’
555 1923 680 1956 εἰκόνα;
706 1923 764 1950 ὅσοι
793 1923 848 1959 γὰρ

905 1928 986 1965 iectos
997 1927 1084 1955 reddit
1094 1927 1151 1954 sive
1163 1925 1282 1954 ostendit
1298 1929 1468 1952 mansuetos.
1478 1923 1549 1957 Quid
1559 1923 1642 1957 igitur
1653 1925 1696 1948 est

45 1968 97 2004 τὴν
128 1968 179 1995 τοῦ
213 1968 374 2004 σωματικοῦ
406 1968 471 2005 [512
496 1968 544 2005 IL]
568 1969 709 2005 σχήματος
743 1968 846 2006 cpi-rp!-

905 1974 977 2006 lllud,
1000 1973 1143 2001 secundum
1173 1971 1340 2006 imaginem?
1364 1969 1431 1997 Nam
1455 1969 1611 2004 quicunque
1638 1974 1697 1992 eor-

45 2023 131 2041 ¹κειαν
162 2014 375 2050 ἐρῤαψῴδησαν,
398 2014 466 2050 πρὸς
489 2016 546 2046 τοῖς
570 2015 678 2051 μυρίοις
709 2015 846 2051 ἐλέγχοις,

47 2061 111 2087 οὺόὶ
132 2060 187 2095 τῆς
203 2061 274 2096 πρὸς
289 2060 336 2087 τὸν
362 2060 478 2096 ἄγγελον
495 2061 640 2094 κοινωνίας
661 2061 732 2089 κατά
756 2061 846 2095 τοῦτο,

45 2108 119 2143 ὅπερ
140 2108 200 2133 ἐστὶ
215 2107 248 2134 τὸ
266 2108 447 2143 ζητούμενον,
466 2108 512 2134 τὸν
526 2107 671 2143 ἄνθρωπον
691 2107 848 2144 ἠλευθέρω-

48 2161 116 2180 σαν⁵
142 2153 383 2189 ἀνθρωπόμορφον
404 2153 460 2189 γὰρ
492 2154 520 2180 αἱ
549 2153 622 2181 θεῖαι
649 2153 757 2189 Γραφαὶ
781 2155 846 2186 τοὺς

48 2200 186 2249 ἀγγέλους
197 2200 265 2236 ἡμῖν
278 2200 435 2228 ἐνδεδύσθαι
454 2200 549 2236 σχῆμα
564 2199 749 2227 ὑπετύπωσαν
762 2200 795 2228 ⁸⁸.
813 2201 846 2228 Εἰ
858 2218 885 2249 D

901 2027 991 2056 poreae
1004 2020 1097 2054 ﬁgurae
1115 2017 1284 2053 elegantiam
1310 2014 1459 2044 commenti
1477 2018 1551 2045 sunt.
1570 2013 1696 2040 omnibus

901 2066 959 2095 suis
973 2065 1142 2101 argumentis
1158 2063 1296 2094 hominem
1313 2069 1402 2096 neque
1414 2062 1447 2089 ab
1464 2060 1625 2096 angelorum
1639 2059 1697 2094 qni-

900 2114 962 2140 dem
986 2110 1082 2139 lorma
1104 2109 1297 2138 communione
1324 2116 1374 2144 pro
1398 2107 1506 2135 ratione
1530 2105 1694 2141 quaestionis

900 2159 1049 2187 liberarunt
1063 2158 1131 2193 (87).
1146 2157 1187 2183 Ab
1208 2155 1311 2191 angelis
1324 2154 1397 2182 enim
1409 2154 1555 2181 humanam
1572 2151 1695 2179 indutam

899 2211 961 2232 esse
973 2202 1098 2234 formam,
1112 2201 1189 2228 nobis
1202 2200 1301 2227 divinae
1325 2199 1438 2227 Litterae
1454 2196 1645 2233 prodiderunt.
1665 2195 1695 2222 Si

48 2247 76 2273 δὲ
91 2247 124 2273 τὸ
140 2246 342 2282 δημιουργικὸν
357 2246 404 2273 καὶ¹
420 2246 573 2286 πρακτικὸν
585 2247 609 2263 δ’
628 2247 669 2279 εἰς
685 2246 802 2283 ὕπαρξιν
814 2247 845 2275 τὸ

905 2254 987 2276 tutem
1010 2247 1117 2282 opificis
1146 2251 1174 2274 et
1196 2245 1334 2273 eﬂ'ectoris
1367 2243 1527 2271 substantia
1567 2241 1694 2269 humana:

49 2294 109 2320 κατ’
125 2293 223 2320 εἰκόνα
233 2293 383 2327 φυλάσσειν
399 2293 472 2329 ἔχεις
484 2293 528 2320 ἐπ’
542 2292 688 2329 ἀνθρώπου
702 2293 846 2329 (δημιουρ-

905 2293 1050 2329 :ﬂigiemin
1078 2293 1188 2320 homine
1202 2291 1271 2318 dicis
1287 2297 1399 2317 manere
1423 2288 1480 2324 (88)
1505 2289 1593 2323 (creat
1620 2287 1694 2314 enim

49 2340 92 2373 γετ
106 2340 165 2374 γὰρ
178 2338 247 2371 Θεὸς
259 2339 283 2355 ⁸⁸
299 2339 329 2366 τδ
346 2340 412 2372 πᾶν,
426 2339 575 2375 ἀφράστως
592 2340 640 2366 καὶ
662 2340 847 2377 ἀνεπινοήτως

905 2341 979 2374 Deus,
994 2340 1121 2367 universa
1137 2336 1320 2372 inexplicabili
1336 2342 1364 2363 et
1376 2335 1604 2370 incomprehenso
1616 2334 1695 2361 modo

49 2386 182 2421 προάγων
195 2386 231 2412 τὰ
246 2385 283 2421 μὴ
297 2384 372 2418 ὄντα,
384 2385 454 2412 ἀλλά
469 2385 517 2412 καὶ
532 2385 677 2420 ἄνθρωπος
693 2386 778 2412 ἐνίοτε
796 2386 846 2421 μὲν

905 2385 1071 2414 )roducendo
1084 2392 1116 2412 ea
1134 2392 1195 2417 quas
1213 2390 1265 2409 non
1291 2382 1379 2418 sunt),
1397 2381 1479 2408 etiam
1511 2381 1593 2408 homo
1610 2386 1695 2414 quan-

49 2432 78 2458 ἐκ
91 2432 144 2466 τῆς
164 2431 236 2462 ιδίας
261 2431 357 2463 οὐσίας
381 2431 428 2458 καὶ
447 2431 557 2465 φύσεως
578 2432 683 2466 σπορᾶς
707 2432 846 2468 καταϐολῇ

905 2433 986 2468 ioque
1002 2431 1100 2467 313i;
1122 2439 1156 2458 ex
1185 2437 1233 2457 sua
1262 2429 1416 2456 substantia
1433 2433 1461 2456 et
1485 2431 1605 2458 natura,
1631 2431 1691 2454 satu

48 2478 141 2510 ὅμοιον
167 2476 314 2512 ἄνθρωπον
341 2477 484 2512 γεωργῶν,
506 2477 592 2504 ἐνίοτε
608 2477 637 2504 δὲ
661 2478 744 2514 τέχνῃ
759 2479 846 2506 πολλὰ

905 2479 1014 2507 seminis
1029 2477 1145 2505 similem
1171 2475 1222 2504 sibi
1249 2475 1387 2503 hominem
1413 2479 1501 2507 creat,
1528 2473 1696 2508 quandoque

48 2524 100 2549 τῶν
124 2522 269 2561 τεχνητῶν
281 2524 304 2540 ⁸¹
322 2523 516 2559 δημιουργῶν,
541 2524 565 2550 εἰ
587 2524 634 2551 καὶ
649 2524 687 2560 μὴ
710 2525 733 2541 ⁸¹
749 2525 781 2552 ἐκ
797 2525 846 2553 τοῦ

905 2533 964 2552 vero
981 2523 1095 2551 artiﬁcio
1117 2522 1199 2549 multa
1213 2521 1340 2556 opificum
1366 2519 1493 2551 artiﬁcia,
1521 2517 1646 2554 quamvis
1660 2524 1694 2544 ex

49 2568 164 2604 μηδαμῆ
181 2569 317 2605 μηδαμῶς
333 2570 357 2586 ³³
370 2569 468 2603 ὄντος),
483 2569 551 2597 ἀλλὰ
565 2571 612 2598 καὶ
625 2570 704 2598 τοῦτό
718 2580 744 2598 τι
759 2572 783 2588 ⁸⁸
799 2581 847 2598 πι-

905 2571 973 2598 nulla
988 2578 1017 2598 re
1028 2570 1102 2605 prius
1119 2569 1279 2600 exsistenle,
1299 2566 1397 2602 lingit;
1415 2567 1555 2594 enimvero
1581 2569 1608 2593 et
1632 2565 1696 2598 hoc,

48 2614 127 2642 θανὺν
157 2615 220 2651 ἔχον
237 2616 337 2652 ῥᾳδίως
363 2616 516 2652 ἐλέγχεται.
537 2617 572 2644 Οἵ
599 2617 651 2654 [τε]
677 2618 732 2654 γὰρ
759 2619 845 2653 μονά-

905 2618 925 2645 si
942 2616 1007 2652 quid
1034 2615 1173 2651 probabile
1190 2614 1282 2647 habet,
1307 2613 1387 2640 facile
1413 2613 1561 2641 refellitur.
1581 2611 1649 2638 Nam
1664 2615 1693 2638 et

702 2685 820 2715 vitam
836 2674 1040 2715 LECTIONES.

81 2729 106 2746 “
129 2727 301 2765 ᾧ-ἀγνείας
315 2740 370 2760 om.
382 2732 437 2760 AC.
475 2732 497 2748 "
511 2733 570 2760 ἐστι
577 2733 767 2770 νενοθευμένος
786 2736 819 2764 Α.
830 2735 885 2772 γὰρ
895 2734 1087 2770 νενοθευμένος
1100 2733 1174 2760 ἐστίν
1189 2742 1219 2766 ς.
1259 2732 1281 2748 ⁸³
1295 2731 1476 2759 ὲπετύπωσαν
1493 2739 1525 2763 ς.
1562 2730 1586 2746 ⁴⁹
1601 2728 1696 2756 malint

51 2767 229 2796 προακτικὺν.
256 2773 283 2794 et
306 2775 367 2794 mox
383 2768 450 2796 ἐγει.
487 2768 511 2784 ⁸⁸
525 2769 578 2796 γὰο
594 2769 608 2794 ὁ
624 2769 691 2796 Θιὺε
705 2779 736 2796 c.
775 2771 796 2787 ⁵⁸
810 2771 938 2796 τεγνιτῶν
956 2771 989 2796 Α.
1027 2770 1050 2785 ⁵³
1071 2769 1108 2796 itii
1121 2777 1176 2796 υιιι.
1189 2771 1222 2796 Δ.
1259 2768 1283 2784 ⁸³
1296 2767 1407 2796 μηδαμῆ
1423 2765 1555 2796 μηδαμῶς
1569 2765 1589 2792 Β
1599 2784 1606 2796 τ
1639 2772 1696 2796 μη·

51 2767 367 2836 ἔιῖῗκέῖξκιῗῖιὲαῗιξξῃξῗ
383 2765 736 2840 εὲδιὲι1ξξῖέξτ.⁶ξ⁸δές’
758 2765 796 2787 -”
810 2765 938 2870 ζέζτῶν
956 2771 989 2797 Α·
1007 2765 1050 2785 ’⁵³
1070 2769 1108 2805 μὴ
1121 2777 1176 2796 υιιιο
1189 2765 1222 2797 Ᾱσ
1259 2768 1283 2784 ⁸³
1296 2767 1407 2804 μηδαμῇ
1423 2765 1555 2803 μηδαμῶς
1569 2765 1606 2797 Β,
1638 2772 1698 2800 μη·

883 2839 928 2868 A2.

883 2839 928 2868 AZ.

85 2882 140 2918 (87)
157 2883 225 2918 Quae
239 2872 309 2912 erat.
322 2891 374 2920 qua
387 2884 494 2914 rtioue
504 2885 601 2914 similis
615 2891 685 2914 esset
699 2884 763 2914 Deo.
939 2882 996 2920 (88)
1016 2882 1134 2918 Efﬁgiem
1149 2882 1284 2911 custodire
1296 2887 1378 2917 penes
1394 2879 1532 2910 hominem
1549 2883 1644 2915 putas.
1684 2901 1687 2905 ι
