1919 3096
48 139 107 173 1185

540 132 802 164 BIBLIOTHECA.
818 144 852 150 —
866 131 948 163 COD.
963 132 1172 165 CCXXXVIII.

1602 131 1671 167 ΗΜ

45 197 151 232 πλήθους
173 193 231 221 τῶν
255 192 320 229 περὶ
350 190 474 228 Ἦρώδην
499 190 726 226 κατηγορούντων
746 188 822 215 οὐδὲν

883 189 1008 223 ιυὺίτεηι,
1021 189 1080 217 loco
1093 197 1180 225 poenae
1189 191 1326 218 sumendas
1333 190 1369 218 ob
1382 197 1443 225 qua
1451 197 1648 219 accusaverunt
1659 201 1667 218 :

45 243 116 270 πλέον
129 240 198 276 πλὴν
210 238 259 266 τοῦ
282 237 418 274 τιμωρίαν
435 237 549 271 ὑπέχειν
570 236 632 263 ἀντὶ
653 234 702 262 τοῦ
731 234 824 261 λαϐεῖν

43 286 75 316 ὧν
89 287 236 315 ἐπεκάλουν
262 285 367 318 ὲγίνενο
387 283 433 311 διὰ
457 283 488 310 τὺ
513 283 652 318 χρήμασιν
680 279 825 308 ’Λντώνιον

43 331 191 368 διεφθάρθαι
202 332 252 358 καὶ
269 329 402 365 Ὑρκανὸν
413 329 470 359 τοῖς
478 328 544 362 περὶ
558 325 682 360 Ἡρώδην
690 323 822 351 τίθεσθαι·

43 377 85 413 ἤδη
99 376 150 411 γὰρ
173 375 222 403 καὶ
240 375 291 410 τῆς
304 373 441 409 θυγατρὸς
455 371 540 400 αὑτοῦ
551 370 635 398 παῖδα
649 369 825 405 Μαριάμμην

47 424 156 459 Ἡρώδης
165 421 330 457 ἐγγεγύητο,

71 466 232 502 Πτολεμαίου
254 466 283 493 δὲ
303 465 352 493 τοῦ
367 465 488 493 Μεναίου
509 465 555 492 τὸν
573 465 632 502 βίον
657 466 784 498 λιπόντος
809 464 824 492 δ

43 515 96 546 παῖς
111 513 244 549 λαμϐάνει
257 513 307 548 τὴν
320 512 410 549 ἀρχὴν
422 512 569 544 Λυσανίας.
583 512 640 539 Καὶ
653 512 778 547 Πάκορος
794 511 823 538 δὲ

43 575 54 600 ὁ
80 560 207 596 βασιλέως
243 561 311 592 παῖς
339 559 388 586 καὶ
422 559 648 595 Βαζαφαρμάνης
679 559 824 594 σατράπης

45 609 133 644 Πάρθος
141 607 277 643 κατέσχον
290 607 340 642 τὴν
351 606 466 641 Supini.-
473 607 613 639 Λυσανίας
624 606 654 633 δὲ
662 606 708 633 τδν
719 606 823 640 σατρά-

44 662 87 688 πην
112 652 180 688 ἔχων
200 653 252 679 σὺν
278 651 354 686 αὑτῷ
372 653 490 678 ποιεῖται
516 651 585 687 πρὸς
603 651 756 686 Ἀντίγονον
776 650 823 677 τδν

44 696 236 733 Ἀριστοϐούλου
260 695 374 731 φιλίαν·
400 696 449 723 καὶ
472 695 626 730 ’Δντίγονος
650 695 823 730 ὑπισχνεῖται

875 235 938 270 quia
958 236 1096 264 Antonius
1111 242 1257 272 corruptus
1275 236 1363 265 fuerat
1379 245 1458 269 auro,
1480 242 1508 264 et
1529 237 1672 273 Hyrcanus

875 289 937 309 cum
954 280 1118 310 Herodianis
1137 283 1260 310 sentiret.
1275 282 1335 310 Jam
1351 284 1423 310 enim
1438 283 1500 311 tiliae
1519 284 1601 311 tiliam
1615 283 1672 311 Ma-

876 327 1009 355 riamnem
1026 327 1146 356 Herodes
1157 329 1320 364 desponsam
1331 329 1458 356 habebat.

909 460 1058 489 Ptolomao
1073 468 1138 490 vero
1155 460 1306 497 Hymenaeo
1319 460 1374 487 vita
1389 459 1518 487 defuncto
1533 459 1670 494 Lysanias

876 506 951 534 ﬁlius
976 507 1082 542 accepit
1102 506 1245 541 imperium
1260 526 1268 538 ,
1288 510 1316 533 et
1333 505 1453 532 Pacorus
1475 505 1574 541 3156
1597 505 1670 540 regis

875 552 948 580 ﬁlius
961 556 990 580 et
1009 552 1247 588 Bazapltarmanes
1272 557 1380 587 satrapa
1399 551 1529 585 Parthus,
1553 559 1671 586 occupa-

874 604 938 627 runt
962 599 1081 635 Syriam.
1105 598 1237 635 Lysanias
1262 606 1328 626 vero
1352 599 1456 626 habens
1476 606 1568 626 secum
1585 603 1672 625 satra-

874 652 948 678 pm,
971 644 1021 671 init
1035 644 1186 672 amicitiam
1209 651 1270 671 cum
1288 644 1426 678 Antigono
1443 643 1594 671 Aristobuli
1611 643 1668 670 tilio

873 694 902 717 et
915 689 1069 725 Antigonus
1088 689 1222 725 promittit
1237 689 1347 717 Parthis
1370 689 1444 717 mille
1460 689 1561 717 talenta
1576 696 1606 716 se
1621 689 1671 716 σιμ

874 740 977 768 turum,
992 740 1021 763 et
1042 736 1206 771 quingentas
1226 736 1364 768 mulieres,
1379 736 1401 763 si
1417 739 1562 771 paternum
1583 735 1671 768 impe-

43 790 132 821 ναῖκας,
142 790 165 815 εί
179 788 231 824 τὴν
242 787 375 824 πατρῴαν
385 787 473 824 ἀρχὴν
487 786 673 814 ἀποδώσουσιν
685 786 710 802 ’⁸
722 785 823 822 ’Υρκα-

883 781 943 809 'ium
971 782 1079 814 darent,
1111 781 1256 809 interfecto
1287 781 1413 817 Hyrcano
1438 785 1467 809 et
1495 780 1668 808 Herodianis.

43 837 78 862 νὺν
100 835 264 870 ἀφελόμενοι
292 836 340 862 καὶ
358 835 422 867 τοὺς
449 834 515 869 περὶ
538 832 665 870 Ἡρώδην
689 831 820 860 ἀνέλοιεν.

883 827 1020 862 ‘ropterea
1051 827 1173 855 Pacoms
1200 832 1229 855 et
1260 827 1500 862 Bazapltarmanes
1531 826 1671 854 adducuttt

43 881 79 908 Διὸ
90 881 210 916 Πάκορος
225 880 277 907 καὶ
297 879 521 915 Βαζαφαρμάνης
540 878 708 912 κατάγουσιν
729 875 819 903 Ἀντί-

883 873 1037 908 tntigonum
1049 879 1078 901 et
1089 872 1164 901 illato
1179 872 1214 900 ab
1225 872 1386 901 Herodianis
1398 872 1480 904 bello,
1495 872 1572 899 multi
1583 872 1670 899 utrin—

43 935 116 962 γονον,
132 928 178 953 καὶ
195 926 318 961 πολέμου
333 926 427 957 αὐτοῖς
449 924 503 951 ὑπδ
523 924 579 951 τῶν
604 924 670 958 περὶ
695 922 819 958 Ἡρώδην

883 926 924 953 μισ
941 918 1093 951 caeduntur,
1115 919 1230 947 multutn
1248 918 1354 946 Herode
1367 919 1506 946 laboribus
1519 918 1668 946 celebrato.

45 974 176 1004 συστάντος
190 972 288 999 πολλοὶ
301 972 348 1006 ἀφ’
369 971 510 1006 ὲκατέρων
525 969 687 1001 κτείνονται,
713 968 819 995 εὐδοκι-

883 963 991 991 tandem
1014 964 1136 992 Herodes
1164 970 1193 992 et
1225 964 1374 993 Phasaelus
1402 965 1464 992 dolo
1484 965 1629 998 capiuntur
1653 971 1669 991 a

46 1018 143 1054 μοῦντος
157 1017 279 1053 μάλιστα
292 1018 349 1049 τοῖς
360 1017 453 1048 πόνοις
472 1015 606 1049 Ἡρώδου.
618 1012 701 1046 Τέλος
717 1013 820 1050 ’Υρκα-

883 1010 989 1043 'arthis,
1012 1013 1040 1037 et
1056 1009 1206 1037 Phasaelus
1225 1011 1326 1038 caedem
1348 1011 1466 1038 ltostium
1489 1014 1668 1044 praeverteris,

44 1063 79 1094 νὸς
92 1064 135 1090 καὶ
146 1062 291 1099 Φασάηλος
305 1061 374 1098 δόλῳ
391 1061 613 1097 συλλαμϐάνεται
627 1060 681 1087 ὕπὸ
690 1059 818 1095 Πάρθων

883 1056 942 1084 Iliso
963 1056 998 1085 ad
1017 1060 1121 1092 petram
1137 1057 1227 1092 capite
1245 1057 1331 1084 linivit
1352 1057 1435 1084 vitam
1448 1065 1454 1084 :
1467 1057 1590 1091 captivus
1604 1063 1669 1082 vero

46 1109 83 1136 ttat
98 1110 112 1137 ὸ
136 1109 185 1145 μὲν
203 1108 350 1144 Φασάηλος
378 1107 433 1135 τῶν
458 1107 565 1142 ἐχθρῶν
585 1105 747 1142 προφθάσας
769 1104 820 1140 τὴν

883 1103 1018 1131 enebatur
1030 1102 1181 1138 Hyrcanus.
1197 1104 1228 1131 Et
1241 1104 1359 1139 denique
1371 1103 1463 1131 Parthi
1481 1102 1667 1138 Hierosolyma

46 1155 147 1191 σφαγὴν,
163 1155 257 1191 πέτρᾳ
271 1154 322 1189 τὴν
342 1153 464 1189 κεφαλὴν
479 1151 654 1189 προσαράξας
670 1152 753 1185 ἔξεισι
771 1151 820 1178 τοῦ

883 1155 1047 1186 κιευροιιισε,
1064 1152 1112 1178 vix
1131 1151 1194 1179 illos
1215 1151 1332 1184 Herode,
1353 1151 1436 1178 animi
1460 1150 1617 1186 praestantia
1640 1154 1669 1177 et

48 1199 101 1235 βίου,
117 1200 249 1235 Ὑρκανὸς
265 1199 294 1226 δὲ
305 1199 415 1234 δέσμιος
424 1198 524 1233 εἴχετο.
536 1198 592 1225 Καὶ
604 1198 629 1224 οἱ
649 1198 753 1233 Πάρθοι
763 1197 821 1225 λοι-

883 1197 1011 1225 :eleritate
1029 1197 1148 1232 consilii,
1165 1205 1348 1233 manuumque
1369 1198 1467 1225 robore
1488 1204 1550 1224 cum
1566 1196 1668 1223 familia

47 1246 124 1274 τὼντὰ
143 1246 320 1282 Ἰεροσόλυμα
330 1245 470 1277 λαϐόντες,
487 1244 565 1279 μόλις
580 1244 679 1276 αὐτοὺς
700 1243 820 1280 Ἡρώδου

883 1244 1017 1278 ‘ttgiente.~
1024 1245 1156 1280 pecunias
1175 1244 1481 1279 Hierosolymitanorum
1506 1247 1667 1278 rapuerunt.

48 1291 160 1327 δεινότητι
173 1291 290 1327 γνώμης
306 1291 353 1318 καὶ
365 1291 445 1325 τάχει
459 1289 507 1317 τοῦ
522 1288 682 1325 προμηθοῦς
701 1290 749 1317 καὶ
763 1297 822 1324 χει-

883 1296 970 1318 prater
983 1298 1030 1319 eas
1043 1299 1104 1326 quae
1117 1296 1195 1319 erant
1208 1291 1343 1327 Hyrcani;
1359 1291 1495 1326 octoginta
1510 1298 1577 1318 vero
1590 1295 1670 1317 erant

50 1338 92 1373 ρῶν
102 1339 181 1374 ἀρετῇ
197 1339 249 1366 σὺν
270 1339 303 1373 τῇ
319 1338 401 1373 γενεᾷ
413 1337 602 1372 διαφυγόντος,
617 1336 653 1363 τὰ
663 1336 719 1363 τῶν
736 1335 820 1372 Ἰερο-

884 1336 985 1370 slenta,
995 1342 1024 1365 et
1035 1338 1075 1365 sic
1087 1338 1114 1365 in
1125 1337 1242 1372 patriutn
1255 1345 1370 1373 regnum
1384 1337 1548 1372 Antigonum
1566 1335 1671 1364 consti-

49 1384 182 1419 σολυμιτῶν
203 1383 356 1420 διήρπαζον
372 1384 504 1420 χρήματα
519 1383 590 1417 πλὴν
609 1383 664 1408 τῶν
686 1381 821 1418 Ὑρκανοῦ

885 1387 994 1411 uerunt.
1007 1384 1159 1420 Antigonus
1171 1392 1235 1412 vero
1247 1383 1389 1420 Hyrcano;
1404 1391 1441 1411 ne
1450 1383 1566 1419 amplius
1578 1390 1672 1411 sacer-

49 1431 78 1465 (r!
99 1430 119 1456 δ’
131 1428 164 1466 ἦν
185 1430 320 1465 τάλαντα)
341 1430 377 1462 Μ,
400 1429 448 1456 καὶ
462 1428 549 1461 οὕτως
565 1428 606 1461 είς
620 1427 670 1463 τὴν
691 1426 823 1463 πατρῴαν

883 1429 977 1457 lotium
989 1435 1095 1465 gereret
1105 1430 1179 1466 (nam
1190 1431 1237 1465 qui
1251 1430 1340 1465 aliqua
1353 1435 1431 1465 parte
1444 1430 1569 1465 corporis
1583 1429 1670 1457 mutili

49 1478 121 1514 ἀρχὴν
137 1479 293 1513 ’Δντίγονον
312 1477 522 1512 ἑγκαθιστῶσιν.
545 1476 701 1511 Ἀντίγονος
714 1475 737 1502 δ’
757 1474 823 1510 ’Υρ-

883 1480 948 1507 lunt,
963 1483 1017 1503 non
1042 1481 1106 1504 sunt
1129 1477 1184 1511 apti
1211 1476 1246 1504 ad
1269 1476 1422 1504 sacerdotia
1447 1477 1517 1510 apud
1540 1475 1673 1510 ιιιιιίιιιοε).

50 1523 118 1550 κανοῦ
132 1523 178 1551 τοῦ
193 1523 271 1550 θείου
286 1523 357 1558 ὑπὲρ
378 1522 426 1549 τοῦ
441 1522 479 1558 μὴ
499 1521 582 1549 πάλιν
603 1519 751 1548 ἀναλαϐεῖν
771 1519 822 1554 τὴν

883 1527 955 1548 mres
967 1521 1075 1553 incidit.
1089 1527 1117 1550 et
1131 1522 1240 1550 Parthis
1254 1529 1347 1550 secum
1359 1526 1389 1549 ut
1400 1523 1501 1550 ducant
1515 1522 1670 1550 conmittit.

50 1570 179 1605 ἱερωσύνην
193 1570 237 1605 (τὸ
252 1570 307 1605 γὰρ
321 1569 504 1604 σεσινωμένον
519 1568 592 1596 κατά
602 1576 630 1594 τι
644 1566 691 1593 τοῦ
703 1565 830 1601 σώματος
851 1566 935 1601 μέρος
951 1567 1101 1603 ἀπείρηται
1120 1567 1257 1600 Ἰουδαίοις
1277 1569 1413 1604 ίερᾶσθαι)
1446 1568 1608 1604 περιτέμνει
1639 1567 1674 1594 τὰ

50 1614 105 1648 ὥνια,
119 1617 163 1645 καὶ
178 1617 300 1652 Πάρθοις
311 1617 389 1651 ἄγειν
403 1616 452 1643 σὺν
463 1615 557 1646 αὐτοῖς
569 1614 688 1641 δίδωσιν.

83 1663 195 1700 Ἡρώδης
222 1664 246 1692 δ’
264 1663 391 1700 οὐδαμῶς
406 1663 516 1699 ἠρέμει,
545 1661 616 1689 ἀλλὰ
641 1660 752 1697 πρῶτον
773 1659 823 1696 μὲν

913 1657 1035 1687 Herodes
1048 1665 1221 1694 nequaquam
1231 1659 1404 1695 quiescebat;
1419 1661 1467 1688 sed
1482 1668 1600 1695 primum
1615 1661 1675 1696 qui-

51 1707 82 1740 είς
93 1709 203 1745 Μάλιχον
219 1709 270 1737 τὸν
286 1708 411 1744 Ἀράϐων
425 1707 509 1743 ἀπῄει
523 1706 648 1742 βασιλέα,
662 1705 821 1741 ἐπικουρίαν

883 1704 938 1732 ient
960 1705 994 1731 ad
1021 1703 1165 1732 Malichnm
1192 1705 1313 1732 Arabum
1345 1712 1435 1740 regem
1465 1706 1558 1738 vadit.
1587 1707 1673 1733 auxi-

51 1754 107 1780 κατὰ
121 1755 249 1791 πατρῴαν
262 1754 354 1790 φιλίαν
375 1753 486 1784 ἐλπίδας
501 1752 571 1787 ἔχων
591 1751 696 1787 εὑρεῖν·
720 1751 823 1778 ἀποτυ-

887 1750 941 1777 ium
951 1749 1027 1784 juxta
1044 1755 1185 1786 paternam
1207 1751 1354 1779 amicitiam
1370 1751 1545 1779 inventurum
1566 1760 1596 1780 se
1613 1760 1677 1787 spe-

51 1797 96 1832 χῶν
109 1798 168 1835 [516
194 1798 244 1835 IL]
269 1799 299 1826 δὲ
323 1797 370 1825 ἐπὶ
394 1797 558 1832 Βριντήσιον
582 1796 651 1831 πρὸς
679 1794 822 1822 ’Λντώνιον

883 1802 945 1823 rans
972 1804 980 1823 :
1009 1796 1157 1825 frustratus
1186 1804 1252 1825 vero
1274 1797 1449 1825 Brundisium
1468 1798 1503 1826 ad
1525 1798 1677 1826 Antonium

52 1843 87 1870 τὸν
101 1845 122 1861 "
138 1845 282 1881 Ῥωμαίων
303 1843 467 1880 στρατηγὸν,
495 1841 622 1870 κάκεῖθεν
645 1842 686 1873 εἰς
712 1840 823 1876 Ῥώμην

883 1842 972 1869 lucem
986 1841 1150 1877 Romanum,
1166 1843 1229 1871 inde
1241 1851 1302 1871 cum
1318 1843 1364 1871 illo
1388 1844 1501 1871 Romam
1523 1845 1675 1872 contendito

53 1889 91 1916 σὺν
102 1891 168 1926 αὐτῷ
178 1892 322 1925 ἀνάγεται,
333 1889 576 1924 ἀπολοφυράμενος
585 1887 620 1914 τὰ
630 1886 823 1922 συνενεχθέντα

883 1889 1020 1924 deplorans
1042 1897 1074 1917 ea
1090 1897 1149 1924 quae
1173 1890 1348 1923 accidissent.
1372 1890 1520 1925 fratrisque
1546 1897 1675 1919 mortem.

52 1936 136 1964 καὶτὸν
149 1936 282 1972 τάδελφοῦ
303 1937 428 1964 θάνατον.
452 1935 586 1962 Ἐποιεϊτο
604 1934 633 1961 δὲ
649 1933 766 1968 γνώμην
784 1931 823 1967 τῷ

883 1935 1051 1970 Bogitaverat
1071 1942 1136 1963 vero
1152 1935 1229 1963 fratri
1242 1937 1353 1969 uxoris,
1378 1936 1434 1964 lilio
1461 1936 1524 1964 tilia:
1541 1936 1672 1973 Hyrcani,

52 1982 92 2016 τῆς
106 1985 225 2021 γαμετῆς
241 1983 358 2020 ἀδελφῷ,
381 1983 517 2019 Ὑρκανοῦ
536 1982 566 2010 δὲ
584 1981 718 2017 θυγατρὸς
734 1980 823 2012 παιδὶ,

883 1981 899 2009 ii
915 1988 969 2016 quo
982 1981 1062 2009 modo
1073 1985 1176 2016 posset,
1188 1989 1301 2017 regnum
1314 1983 1436 2015 tradere;
1449 1982 1586 2019 dlllldebat
1599 1983 1675 2011 enim

53 2027 74 2053 εἴ
83 2036 133 2061 πως
143 2029 263 2062 δύναιτο,
277 2031 327 2066 τὴν
336 2030 476 2066 βασιλείαν
488 2028 717 2063 καταπράξασθαι
726 2035 734 2042 ·
748 2025 823 2061 αὑτῷ

883 2026 1003 2054 omnibus
1012 2026 1101 2054 modis
1114 2026 1165 2054 sibi
1177 2031 1291 2054 externo
1304 2027 1330 2055 id
1345 2035 1424 2062 posse
1434 2029 1604 2064 contingere.
1619 2029 1676 2057 Sed

53 2073 96 2109 γὰρ
114 2076 273 2104 ἀνέλπιστον
299 2075 334 2111 ἦν
360 2074 519 2103 παντάπασι
543 2073 647 2109 ταύτην
668 2073 823 2109 περιελθεῖν

883 2071 1015 2107 Augustus
1041 2076 1068 2099 et
1098 2073 1233 2101 Antonius
1258 2074 1353 2101 eodem
1376 2075 1416 2102 usi
1447 2075 1562 2102 consilio
1581 2083 1672 2110 regem

55 2119 176 2157 ἀλλοφύλῳ
190 2122 260 2149 δντι.
272 2121 344 2148 Ἀλλ’
358 2120 501 2152 ’Δντώνιος
515 2120 563 2147 καὶ
577 2119 742 2154 Αὔγουστος,
756 2119 823 2154 σύμ-

883 2117 1031 2147 ludatorum
1051 2124 1157 2152 creant,
1179 2124 1208 2147 et
1224 2125 1319 2147 contra
1342 2120 1506 2156 Antigonum
1525 2129 1596 2157 saepe
1607 2129 1673 2149 cum

54 2163 129 2200 ψηφον
151 2167 281 2199 λαϐόντες
295 2167 346 2203 τὴν
362 2166 473 2202 βουλὴν,
494 2167 542 2193 καὶ
555 2165 670 2201 βασιλέα
690 2164 823 2192 Ἰουδαίων

883 2165 924 2192 illo
938 2171 1090 2201 pugnantes
1105 2170 1166 2201 post
1186 2166 1284 2194 multas
1301 2166 1394 2195 clades
1409 2172 1438 2194 et
1458 2167 1539 2200 bella,
1555 2169 1670 2201 Antigo-

54 2212 227 2248 ἀποφαίνουσι,
248 2214 297 2241 καὶ
313 2214 386 2241 κατὰ
410 2213 566 2248 Ἀντιγόνου
591 2212 723 2243 πολλάκις
749 2211 823 2247 αὐτῷ

883 2213 1086 2247 numcapti-vum
1109 2213 1221 2246 ducunt,
1241 2213 1330 2245 Sosio,
1346 2214 1468 2241 Romano
1490 2215 1566 2247 duce,
1591 2215 1675 2243 linetn'

56 2261 264 2296 συμμαχήσαντας
277 2260 349 2296 μετὰ
364 2259 465 2291 πολλὰς
488 2259 596 2294 σφαγὰς
619 2258 666 2286 καὶ
689 2257 823 2293 πολέμους

883 2257 944 2285 huic
959 2257 1030 2285 belto
1047 2258 1212 2294 imponente.
1231 2259 1310 2286 Illum
1325 2267 1390 2287 vero
1410 2260 1498 2296 magis
1515 2261 1542 2288 in
1559 2261 1675 2296 imperio

59 2304 191 2341 ’Δντίγονον
207 2307 257 2343 μὲν
280 2306 456 2343 αἰχμάλωτον
469 2306 579 2340 ἄγουσι,
594 2305 708 2332 Σοσσίου
725 2313 823 2340 στρατ-

883 2304 1054 2332 continuant.
1072 2305 1207 2332 Antonius
1221 2304 1275 2332 dux
1293 2306 1431 2340 accipiens
1447 2308 1584 2341 captivum
1596 2308 1672 2335 Anti-

56 2340 128 2386 um;
139 2340 281 2390 Ῥωμαίων
293 2340 371 2386 τέλος
382 2353 462 2380 τοῦτο
481 2354 538 2384 τοῖς
548 2352 678 2387 πολέμοις
696 2351 823 2386 ἐπιθεμέ-

884 2357 994 2383 gonttt'n,
1011 2351 1130 2377 vinctum
1143 2351 1281 2385 triumpho
1295 2359 1406 2379 servare
1418 2340 1548 2380 decrevit.
1572 2353 1675 2390 316a

57 2404 100 2429 νου.
113 2399 181 2436 αὐτῷ
192 2401 222 2428 δὲ
232 2401 267 2428 τὰ
276 2402 326 2436 τῇς
342 2399 431 2435 ἀρχῆς
452 2400 499 2426 ἐπὶ
513 2398 613 2433 μᾶλλον
633 2398 823 2433 κρατύνουσιν.

883 2395 990 2430 Bognito
1000 2400 1091 2424 autent
1107 2395 1264 2424 Iuda-orum
1281 2398 1407 2432 populum
1421 2399 1483 2426 odio
1497 2400 1523 2426 in
1536 2399 1674 2427 Herodem

62 2441 184 2477 Ἀντώνιος
205 2446 234 2473 δὲ
255 2446 270 2473 ό
295 2444 449 2481 στρατηγὸς
479 2443 569 2472 λαϐὼν
590 2444 765 2479 αἰχμάλωτον
784 2443 823 2470 tu

883 2448 947 2468 nova
965 2441 1065 2473 moliri,
1081 2441 1247 2477 Antigonum
1261 2442 1412 2471 Antiochiae
1426 2444 1516 2471 set-uri
1529 2447 1674 2479 percussit.

62 2487 195 2525 Ἀντίγονον
209 2491 274 2528 [9Ἶὸ
290 2491 342 2528 R.]
357 2491 469 2527 δέσμιον
483 2490 554 2525 εγνω
569 2490 650 2526 μέχρι
667 2490 716 2517 τοῦ
728 2489 823 2525 θριάμε

883 2487 1126 2523 Hyrcanussutem,
1134 2496 1195 2516 cum
1204 2488 1338 2516 Herodem
1348 2497 1463 2525 regnare
1471 2491 1612 2523 intellexit,
1622 2492 1658 2519 im
1665 2506 1676 2513 -

59 2533 96 2562 6ου
113 2538 253 2572 φυλάττειν
266 2546 274 2553 ⁸
294 2538 389 2574 μαθὼν
402 2538 431 2565 δὲ
445 2537 617 2573 νεωτερίζειν
635 2538 667 2564 τὺ
693 2536 823 2564 Ίουδαὶωι

883 2537 997 2572 ploravit
1016 2536 1161 2565 Phraatem
1181 2545 1272 2572 regem
1289 2546 1297 2566 :
1311 2543 1340 2565 et
1352 2538 1432 2566 simul
1449 2539 1603 2574 postulante
1620 2539 1674 2566 lle-

59 2580 119 2614 ῐθνος
132 2585 162 2611 ικ
172 2584 219 2612 τοῦ
234 2585 304 2620 πρὸς
321 2584 446 2621 Ἡρώδην
459 2585 566 2620 μίσους,
582 2584 678 2611 τοῦτον
687 2585 717 2611 ὲν
727 2584 823 2611 Ἀντιο-

883 2584 949 2612 rode
977 2583 1004 2611 in
1030 2583 1145 2618 patriam
1173 2583 1301 2616 mittitur,
1330 2583 1413 2611 multa
1437 2592 1468 2612 se
1498 2592 1612 2619 sperans
1639 2585 1678 2612 ab.

59 2627 108 2663 χεῖᾳ
119 2630 286 2659 ἐπελέκισεν.
308 2631 441 2668 ’Υρκανδς
460 2630 483 2658 δ’
508 2630 571 2657 ἐπεὶ
600 2630 725 2667 Ἡρώδην
749 2630 823 2666 βασι-

883 2628 990 2657 Herode
1000 2632 1222 2657 consecuturum.
1236 2628 1358 2657 Herodes
1374 2637 1439 2657 vero
1454 2630 1573 2664 speciem
1591 2631 1676 2657 bene-~

60 2671 132 2702 λεύειν
142 2677 266 2713 ἡκουσεν,
279 2677 376 2714 ἐδεήθη
389 2677 515 2714 Φραάτου
539 2676 682 2713 βασιλέως.
702 2678 748 2705 καὶ
766 2686 823 2704 συν-

883 2676 1009 2704 volentia:
1019 2679 1046 2703 et
1057 2675 1138 2710 primi
1151 2675 1264 2704 honoris
1277 2675 1303 2704 in
1316 2683 1378 2704 eum
1395 2683 1519 2711 magnam
1532 2677 1651 2704 ostendit
1666 2685 1678 2704 :

61 2717 181 2757 δεηθέντος
203 2724 323 2760 Ἡρώδου
336 2724 448 2759 ἀφίεται
468 2725 508 2756 εἰς
519 2724 569 2759 τὴν
581 2723 710 2760 πατρίδα,
722 2723 823 2750 πολλῶν.

883 2721 980 2750 deinde
991 2728 1059 2748 vero
1073 2720 1101 2749 ei
1116 2721 1317 2756 corruptionem
1338 2721 1512 2756 largitionum
1529 2721 1676 2756 olijiciens,

63 2767 157 2802 ιιπισας
171 2771 236 2807 παρ’
257 2770 366 2808 Ἡρώδῃ
379 2771 482 2806 τυχεῖν.
501 2769 626 2807 Ἡρώδης
648 2770 677 2798 δὲ
703 2770 823 2805 σχήματα

884 2773 913 2796 et
942 2765 1122 2803 proditionem
1143 2766 1214 2802 apud
1243 2767 1358 2802 Arabes,
1379 2767 1517 2796 hominem
1538 2767 1680 2796 interfecit

692 2826 810 2854 VARIE
829 2824 1031 2854 LECTIONES.

92 2871 111 2887 "
123 2873 401 2914 ἀποδώσουσινιαῦτῷ
417 2874 549 2912 δώσουσιν
562 2874 596 2901 Δ.
634 2874 656 2890 ⁹¹
675 2873 744 2909 πλὴν
758 2887 794 2894 --
807 2859 927 2900 ταλαντα
945 2879 1002 2900 om.
1020 2871 1054 2900 Δ.

43 742 146 778 Πάρθοις
161 742 237 777 χίλια
248 741 369 769 τάλαντα
389 741 487 768 δώσειν
511 741 560 768 καὶ
575 740 756 772 πεντακοσίας
771 748 822 774 γυ-

1106 2871 1129 2888 υ
1140 2870 1198 2907 τὸν]
1221 2870 1275 2899 τῶν
1291 2871 1325 2899 Δ.
