1919 3096
37 133 120 167 1189

569 131 834 163 BIBLIOTHECA.
849 142 885 149 -
904 131 986 162 COD.
1001 131 1210 163 CCXXKVIII.

1620 129 1691 164 1190

30 192 122 223 ὄντος
144 189 217 226 πρὸς
232 188 318 218 Ἰανὸν
334 189 345 206 ⁸
363 188 463 226 ἐχθρὸν
485 188 551 221 lina.
575 188 722 224 Ῥωμαίων
748 189 843 216 θέσθαι

896 189 1089 221 somniarent,
1104 189 1214 224 propria
1231 186 1378 216 tetrarchia
1401 186 1521 218 excidat.
1536 190 1566 214 et
1578 186 1688 222 Lugdu-

31 237 151 271 φιλίαν,
181 237 231 264 καὶ
253 236 301 263 νῦν
325 236 354 263 δὲ
378 236 448 271 πρὸς
476 235 644 270 Ἀρτάϐανον
667 235 713 262 τὸν
727 235 844 270 Πάρθων

31 284 164 318 βασιλέα
179 283 213 310 τὰ
223 283 294 309 αὐτὰ
308 284 415 318 φρονεῖν
427 282 499 309 κατὰ
513 281 669 317 Ῥωμαίων)
683 290 844 317 παρασκευ-

32 330 108 361 άζει
135 330 201 356 ἀντὶ
226 330 277 364 τῆς
303 328 560 364 ὀνειροποληθείσης
578 328 716 363 βασιλείας
737 327 788 362 τῆς
813 335 843 353 τε

29 375 152 407 οἰκείας
169 376 298 402 ἐκπεσεῖν
316 374 481 410 τετραρχίας
494 374 541 401 καὶ
556 375 596 405 είς
609 372 785 407 Λουγδούνων
799 373 843 400 ἀϊ-

30 422 85 457 δίᾳ
113 423 192 456 φυγῇ
217 421 393 456 ζημιωθέντα
421 420 562 455 ὲλαθῆναι.
589 420 644 447 Καὶ
665 420 798 455 Ἡρωδιὰς
820 420 843 446 δ’

32 468 151 496 ἑκοῦσα
174 468 215 502 τῷ
239 468 318 502 ἀνδρὶ
332 467 592 503 συμφυγαδεύεται·
612 467 662 502 τὴν
681 467 710 494 δὲ
728 475 844 502 τετραρ-

38 515 111 550 χίαν
132 514 220 541 αὐτοῦ
234 514 314 545 Γάϊος
329 513 473 549 Ἀγρίππᾳ
491 512 664 549 προστίθησι.
681 513 781 540 Τοῦτον
797 512 843 539 τὸν

34 561 209 596 ’Δγρίππαν
223 560 292 595 πρὸς
306 559 513 594 ἀντιδιαστολὴν
531 559 580 586 τοῦ
604 559 663 586 υῑοῦ
683 559 731 586 καὶ
755 559 843 595 μέγαν

40 608 213 642 ’Δγρίππαν
238 606 361 638 καλοῦσι,
384 605 434 633 καὶ
468 606 509 637 εἰς
532 605 563 632 τὺ
590 606 708 640 μάλιστα
731 614 843 642 κεχαρι-

34 653 146 688 σμένον
169 652 301 688 Ἰώσηπός
316 658 399 687 φησιν
420 651 556 679 Ἰουδαίων
569 651 660 687 ἄρξαι.
677 647 760 684 οὗτος
772 652 844 679 ἑκεί-

32 708 111 732 νοις,
121 699 165 730 ὡς
176 699 263 731 tota,
278 698 460 734 χαριζόμενος
475 698 524 725 καὶ
541 698 667 725 Ἰάκωϐον
682 699 692 714 ⁸
706 698 753 725 τὸν
766 699 843 725 ἁδελ-

34 746 90 781 ςρδν
119 745 249 772 Ἰωάννου
269 734 392 781 μαχαίρᾳ
415 745 517 777 ἀνεῖλε,
543 745 591 772 καὶ
604 745 664 772 -τδν
695 747 844 780 κορυφαῖον

33 792 95 818 τῶν
117 790 254 827 μαθητῶν
269 791 374 826 Πέτρον
385 790 576 826 ἐπεχείρησεν,
587 791 611 817 ει
623 790 670 817 καὶ
683 790 842 826 διήμαρτεν,

35 836 167 863 ἀνελεῖν.
184 832 269 867 Οὗτος
289 834 397 877 ἐσθῆτα.
412 835 535 871 ἀργύρου
557 836 747 870 πεποιημένην
764 843 844 871 περι-

895 242 959 262 num
980 234 1051 269 turpi
1068 234 1164 262 exsilio
1184 233 1314 261 multatus
1338 234 1456 261 abeat".
1474 231 1606 260 llerodias
1620 240 1685 260 vero

895 281 984 308 libens
995 288 1056 308 cum
1072 280 1171 308 marito
1186 281 1214 307 in
1233 279 1359 307 exsilium
1384 279 1468 306 vadit.
1497 278 1686 306 Tetrarchiam

895 327 981 362 ipsius
991 327 1075 356 Caius
1086 327 1211 361 Agrippae
1226 326 1319 354 tradit.
1336 326 1414 353 Hunc
1425 325 1571 360 Agrippam
1584 325 1617 351 ad
1632 325 1689 352 dis—

893 373 999 401 crimen
1024 372 1084 405 lllii,
1103 372 1187 400 etiam
1209 379 1336 406 magnum
1356 370 1504 406 Agrippam
1521 375 1631 403 vocant,
1660 374 1688 398 et

894 419 1044 454 gratiosum
1060 418 1132 446 hunc
1144 417 1281 453 Josephus
1294 417 1331 444 ait
1346 416 1447 444 ludatis
1461 417 1621 451 imperasse.
1637 416 1688 443 Hic

895 463 1006 497 Iudaeis,
1018 469 1047 491 ut
1057 464 1210 495 videbatur,
1223 468 1328 499 gratum
1339 462 1453 493 faciens.
1462 462 1563 490 Jacobu
1569 470 1593 489 m
1603 462 1688 489 Joan-

894 511 937 538 nis
962 511 1073 538 fratrem
1097 510 1186 544 gladio
1207 510 1352 544 percussit,
1382 514 1410 536 et
1431 509 1614 544 apostolorum
1640 516 1688 536 ca—

896 555 1064 591 putPetrum
1079 555 1176 586 voluit,
1193 555 1258 582 licet
1268 554 1446 584 aberraverit.
1461 554 1587 582 occidere
1598 558 1622 582 ο.
1637 554 1688 582 llic

894 607 928 627 ex
950 605 1064 635 argento
1090 604 1244 627 contextam
1262 603 1365 626 vestem
1385 599 1508 632 indutus,
1531 604 1558 626 et
1580 599 1686 634 plebem

895 646 1039 678 allocutus,
1056 654 1117 674 cum
1133 653 1214 673 voces
1232 645 1289 681 (89)
1309 645 1368 680 ejus
1380 645 1543 680 1(postquam
1564 649 1689 672 assenta-

896 693 977 720 tiouis
989 693 1098 720 modum
1119 692 1294 724 excessiSSct,
1315 696 1342 719 et
1357 693 1390 719 ad
1409 699 1545 719 summam
1564 692 1688 727 impieta-

895 744 948 767 tem
961 739 1140 775 pervenisset)
1156 739 1282 771 audiens,
1298 745 1351 765 non
1367 738 1512 773 increpans
1526 738 1618 765 statim
1630 745 1690 773 pm-

895 793 947 813 nas
957 785 1031 814 dedit
1045 784 1169 820 ,ingcnti
1184 784 1257 812 enim
1277 784 1349 811 circa
1363 788 1486 811 ventrem
1503 783 1598 811 dolore
1613 787 1688 816 nato,

896 836 957 866 post
974 831 1096 866 quinque
1116 831 1176 859 dies
1197 831 1359 864 absumptus
1382 834 1424 857 est
1446 838 1453 856 :
1474 830 1563 857 aetatis
1586 837 1688 857 annum

36 883 166 918 θέμενος
179 883 227 908 καὶ
243 881 283 916 τῷ
307 875 405 917 πλήθει
427 881 635 917 δημηγορήσας,
663 881 724 908 ἐπεὶ
752 881 843 916 φωνὰς

896 885 978 912 agens
1000 876 1254 913 quinquagesimum
1273 880 1413 911 quartum,
1438 875 1685 911 reguiseptimum.

35 928 109 963 παρ’
127 926 223 953 αὐτῶν
238 926 308 962 μετὰ
327 926 358 953 τὸ
374 926 528 962 ὑπερϐολὴν
544 927 689 959 κολακείας
705 927 778 962 ἔχειν
795 927 845 955 καὶ

35 973 178 1004 ἀσεϐείας
195 973 235 1004 εις
246 972 361 1007 ἔσχατον
379 972 458 1007 ἣκειν
470 972 481 988 ⁸
495 972 602 1000 ἀκούων
617 973 666 1000 οὐκ
681 974 843 1008 ἐπετίμησε,

35 1019 211 1056 παραυτίκα
220 1017 298 1053 δίκην
312 1018 420 1045 δίδωσιν
428 1026 436 1033 ·
452 1018 609 1054 ἀλγήματος
620 1019 674 1054 γὰρ
684 1017 759 1053 αὐτῷ
773 1019 845 1045 κατὰ

36 1063 176 1099 γαστέρα
190 1061 307 1098 σφοδροῦ
321 1062 466 1097 γεγονότος
480 1062 514 1089 δι’
535 1062 646 1099 ἡμερῶν
671 1061 691 1089 ε’
715 1063 762 1090 τὸν
787 1063 844 1098 βίον

38 1109 249 1144 κατέστρεψεν,
268 1108 342 1142 ἄγων
358 1108 413 1135 ἀπὺ
424 1109 557 1143 γενέσεως
579 1109 639 1141 ἔτος
652 1108 673 1136 δ’
687 1109 736 1136 καὶ
747 1111 780 1142 ν’,
794 1110 844 1144 τῆς

37 1156 69 1183 δὲ
84 1155 233 1191 βασιλείας
248 1155 285 1187 ζ’,
299 1151 337 1182 ὧν
357 1154 377 1181 δ’
396 1155 478 1182 Γαΐου
502 1155 691 1190 βασιλεύοντος
710 1153 789 1191 ἦρξε,
809 1156 844 1183 τὰ

40 1202 95 1237 μὲν
122 1200 150 1236 γ’
178 1200 229 1236 τὴν
252 1201 387 1228 Φιλίππου
413 1202 482 1237 ἔχων
506 1203 682 1238 τετραρχίαν,
709 1203 749 1239 τῷ
773 1203 794 1230 δί
815 1203 844 1230 δὲ

39 1247 214 1283 προσλαὰὶω
238 1248 286 1275 καὶ
313 1248 363 1283 τὴν
395 1248 527 1283 Ἡρώδου,
547 1250 582 1276 τὰ
607 1249 635 1277 δὲ
654 1250 736 1277 λοιπὰ
753 1252 778 1285 γ’
797 1249 845 1276 ἐπὶ

39 1293 197 1325 Κλαυδίου,
219 1294 250 1320 έν
274 1291 314 1325 οἷς
334 1293 465 1321 Ἰουδαίαν
490 1303 521 1321 τε
542 1295 591 1322 καὶ
613 1295 773 1331 Σαμάρειαν
797 1297 846 1324 καὶ

40 1338 223 1374 Καισάρειαν
248 1338 389 1374 Καίσαρος
406 1338 496 1371 δόντος
510 1341 729 1375 προσεκτήσατο.
752 1340 845 1373 Οὕτως

46 1384 215 1419 Ἀγρίππας
233 1384 357 1420 τελευτᾷ,
374 1384 422 1411 τοῦ
445 1385 580 1420 βουϐῶνος
602 1386 660 1422 (τοῦ
686 1386 789 1421 πτηνοῦ
814 1387 846 1414 δὲ

39 1431 166 1465 τένουςτ
195 1431 273 1467 παρὰ
307 1431 455 1467 Ῥωμαίοις
478 1431 553 1459 ἐστὶν
580 1432 653 1459 οὕτω
677 1432 845 1468 καλούμενον

40 1476 127 1512 ζῶον)
147 1476 203 1512 πρὸ
227 1476 309 1504 πέντε
332 1478 383 1513 τῆς
409 1478 539 1514 τελευτῆς
566 1478 641 1514 [518-
656 1478 704 1515 Η.]
732 1480 845 1515 ἡμερῶν

40 1522 120 1557 ὑπὲρ
137 1521 265 1556 κεφαλῆς
286 1520 452 1556 φανέντοςμῷ
470 1523 519 1550 καὶ
533 1523 583 1559 τὴν
600 1523 739 1558 βασιλείαν
760 1532 845 1559 προσ-

41 1567 176 1602 αγγεῖλαι
195 1567 206 1582 ⁸
223 1567 327 1602 νομίζει
343 1568 487 1603 Ἰώσηπος.
504 1568 625 1604 Τελευτᾷ
641 1569 664 1594 δ’
679 1568 725 1596 οὖν
745 1569 844 1601 παῖδας

41 1612 135 1641 λιπὼν
157 1613 190 1647 δ’,
209 1614 312 1650 ἄρρενα
335 1615 384 1650 μὲν
411 1615 577 1650 Ἀγρίππαν,
605 1615 637 1647 ιζ’
657 1615 716 1646 ἔτος
733 1615 845 1649 ἄγοντα,

42 1659 161 1694 θηλείας
174 1659 205 1686 δὲ
221 1663 246 1694 γ’
266 1660 415 1696 Βερενίκην
428 1661 603 1696 Μαριάμμην
617 1660 665 1687 καὶ
686 1661 845 1696 Δρουσίλαν.

41 1702 98 1731 Ὧν
122 1706 141 1740 ἡ
159 1706 210 1740 μὲν
233 1705 294 1737 ἔτος
306 1706 412 1740 ἄγουσα
425 1709 463 1738 ις’
485 1706 593 1742 Ἡρώδῃ
608 1707 712 1742 πατρὸς
739 1706 846 1742 ἀδελφῷ

895 923 1016 956 Quorum
1031 928 1150 958 quatuor
1165 921 1232 949 Caio
1249 921 1343 948 Romae
1367 921 1528 956 imperante,
1545 921 1688 956 regnavit;

895 969 982 996 tribus
1001 968 1107 996 caeteris
1127 967 1245 1003 Philippi
1265 968 1352 995 tenuit
1380 967 1567 1000 tetrarchiam,
1590 971 1688 1002 quarto

894 1022 965 1042 anno
979 1014 1115 1049 accipiens
1133 1013 1248 1041 Herodis
1264 1013 1452 1041 tetrarchiam.
1479 1012 1608 1047 Reliquos
1633 1018 1690 1040 tres

894 1062 945 1089 sub
955 1061 1079 1092 Claudio,
1091 1060 1190 1096 quibus
1200 1060 1333 1093 Iudaeam,
1348 1059 1512 1092 Samariam,
1522 1058 1689 1093 Cmsaream,

894 1107 1070 1142 permittente
1094 1106 1211 1138 Caesare,
1235 1105 1367 1141 possedit.
1390 1105 1438 1132 Sic
1461 1104 1530 1132 obiit
1555 1104 1688 1139 Agrippa,

894 1153 1002 1181 bubone
1015 1152 1085 1187 (avis
1099 1159 1185 1187 genus
1195 1151 1235 1179 sic
1248 1150 1318 1186 apud
1333 1150 1470 1178 Romanos
1481 1150 1562 1186 317
1576 1158 1593 1176 α
1608 1157 1689 1177 voca-

894 1205 951 1228 tum
964 1199 1016 1234 est)
1039 1199 1160 1234 quinque
1174 1202 1239 1225 ante
1253 1201 1368 1225 mortem
1387 1196 1484 1224 diebus
1503 1204 1584 1230 super
1599 1195 1690 1230 capite

895 1249 1052 1280 apparente,
1067 1244 1112 1279 qui
1128 1248 1156 1272 et
1170 1251 1285 1279 regnum
1305 1243 1511 1279 prmuuuliassel
1523 1246 1597 1277 putat
1611 1241 1690 1269 Jose-

895 1291 978 1326 phus.
992 1290 1106 1318 Moritur
1122 1294 1239 1325 quatuor
1252 1289 1354 1317 relictis
1379 1289 1485 1321 liberis,
1498 1288 1553 1315 ﬁlio
1570 1288 1691 1323 Agrippa

896 1339 1031 1366 decimum
1040 1338 1188 1373 septimum
1196 1337 1284 1364 aetatis
1292 1345 1394 1364 annum
1404 1341 1517 1371 agente;
1530 1336 1617 1363 tribus
1626 1343 1692 1364 vero

897 1384 1004 1412 ﬁliabus
1015 1384 1158 1417 Berenice,
1181 1382 1333 1410 Mariamne
1346 1402 1355 1414 ,
1373 1387 1401 1410 ct
1420 1382 1537 1410 Drusilla
1553 1391 1561 1409 :
1575 1389 1690 1417 quarum

896 1430 942 1458 illa
957 1435 1035 1463 sexto
1056 1430 1164 1457 decimo
1179 1429 1267 1456 aetatis
1289 1436 1361 1456 anno
1381 1428 1481 1456 Herodi
1503 1429 1588 1464 patris
1613 1428 1692 1456 fratri

897 1477 998 1512 nupsit.
1021 1476 1170 1504 Mariamne
1182 1476 1331 1507 decimum,
1347 1475 1469 1503 Drusilla
1481 1475 1626 1510 septimum
1640 1481 1692 1501 an-

898 1530 962 1550 num
979 1522 1144 1550 absolverat.
1159 1522 1232 1555 Quas
1250 1521 1394 1549 Sebasteni
1411 1521 1482 1548 nulla
1495 1521 1528 1548 de
1542 1528 1623 1548 causa
1635 1520 1687 1548 nisi

896 1570 931 1596 ob
940 1576 1018 1596 suam
1034 1568 1198 1595 dementiam
1213 1567 1347 1595 violenter
1362 1567 1511 1601 rapientes,
1523 1572 1551 1593 et
1567 1567 1593 1594 in
1605 1566 1693 1602 Lupa-

897 1614 1008 1642 naribus
1022 1614 1197 1646 collocantes,
1212 1621 1320 1641 omnem
1331 1614 1356 1640 in
1367 1613 1429 1640 illas
1440 1612 1565 1648 iniuriam
1579 1613 1690 1640 {aridam

898 1665 979 1695 atque
994 1659 1134 1687 infandam
1145 1659 1335 1688 ostenderunt.
1354 1659 1459 1692 Quibus
1472 1658 1596 1685 infensus
1609 1658 1690 1686 Clau-

898 1706 972 1740 dius,
988 1707 1056 1734 nihil
1068 1712 1158 1734 tamen
1175 1707 1288 1742 dignum
1306 1706 1358 1733 hac
1375 1704 1521 1732 insolentia
1535 1704 1637 1732 eﬂ'ecit.

43 1751 221 1787 έγεγάμητο,
235 1752 395 1788 Μαριάμμῃ
407 1752 429 1778 δ’
444 1752 542 1787 ὴνύετο
557 1753 670 1779 δέκατον
691 1754 739 1780 καὶ
764 1753 901 1790 Δρουσίλᾳ.
932 1754 1032 1780 ἓκτον·
1069 1752 1103 1785 ἃς
1120 1753 1146 1780 οί
1172 1751 1339 1787 Σεϐαστηνοὶ
1365 1750 1425 1778 κατ’
1449 1750 1575 1786 οὐδεμίαν
1608 1750 1693 1785 ἄλλην

44 1797 190 1831 πρόφασιν
205 1797 278 1832 πλὴν
291 1797 340 1824 τοῦ
359 1798 479 1833 μανῆναι
489 1799 673 1834 ιάρπάσαντες
688 1800 786 1836 ἀθρόον
800 1801 848 1828 καὶ
867 1801 1004 1836 πορνείοις
1016 1800 1282 1834 ὲγκαταστήσαντες,
1297 1799 1390 1826 πᾶσαν
1401 1798 1497 1829 αὑταῖς
1515 1797 1614 1833 ηὓσριν
1643 1798 1693 1834 ρη,

43 1845 98 1878 τὴν
111 1843 163 1870 καὶ
181 1843 304 1879 ἄρρητον
318 1844 501 1877 ἐπεδείξαντο.
518 1844 566 1877 Οἷς
580 1846 737 1881 χαλεπήνας
754 1847 888 1880 Κλαύδιος
905 1847 981 1883 ὅμως
993 1847 1071 1874 οὗδὲν
1088 1847 1162 1880 ἄξιον
1176 1847 1226 1880 τῆς
1239 1846 1414 1881 παρανομίας
1430 1843 1621 1879 είσεπράξατο.

87 1889 154 1916 ὀτι
174 1889 330 1924 Ἀγρίππας
350 1889 419 1916 ότοῦ
447 1890 601 1925 ¹Αγρίιιιπου
628 1893 692 1923 παῖς
716 1891 847 1928 τελευτή-

44 1943 147 1966 σαντος
162 1934 240 1969 αὐτῷ
251 1934 299 1961 τοῦ
310 1935 413 1970 πατρὸς
424 1936 465 1967 είς
486 1935 596 1972 Ῥώμην
607 1937 730 1972 ἀπαίρει.
756 1937 848 1964 Κλαύ-

43 1981 102 2013 διος
117 1980 141 2007 δ’
158 1980 296 2015 αὐτῷτὴν
315 1981 446 2016 πατρῴαν
458 1981 546 2017 ἀρχὴν
561 1981 845 2018 ὲγνώκειχειρίζεινθ,

45 2027 202 2058 ἀνατραπεὶς
228 2026 251 2054 δ’
279 2027 358 2055 ἐνίων
391 2027 499 2063 βουλαῖς
526 2029 558 2055 τὸ
582 2030 641 2056 νέον
669 2030 719 2065 τῆς
738 2030 845 2065 ἡλικίας

52 2073 200 2108 Ἀγρίππα
224 2073 439 2108 αἰτιασαμένων,
466 2074 551 2102 Φάδον
567 2075 617 2110 μὲν
635 2075 783 2111 ἐπίτροπον
802 2076 846 2102 ὲκ-

46 2119 157 2153 πέμπει
189 2118 239 2153 τῆς
265 2117 404 2152 Ἰουδαίας,
441 2118 597 2154 Ἀγρίππαν
630 2120 658 2146 δὲ
687 2120 844 2153 Χαλκίδος,

51 2163 181 2200 Ἡρώδου
192 2163 410 2198 τελευτήσαντος
424 2164 471 2191 τοῦ
488 2165 591 2201 ταύτης
615 2165 723 2200 ἔχοντος
735 2166 787 2201 τὴν
798 2165 846 2202 βα-

47 2209 167 2241 σιλείαν,
183 2210 224 2241 είς
242 2209 355 2244 βασιλέα
375 2205 533 2246 καθίστησιί
558 2211 638 2238 Μετὰ
662 2211 691 2238 δὲ
714 2212 846 2247 τέταρτον

936 1893 1056 1927 Agrippa
1082 1891 1208 1926 Agrippae
1232 1890 1314 1923 ﬁlius,
1339 1896 1448 1918 mortuo
1475 1894 1552 1924 patre
1578 1888 1692 1917 Romam

899 1938 1019 1973 navigat.
1035 1936 1165 1965 Claudius
1179 1944 1244 1964 vero
1257 1936 1294 1964 illi
1306 1941 1450 1971 paternum
1468 1936 1611 1971 imperium
1626 1935 1693 1963 dare
1732 1953 1741 1959 α

899 1987 1046 2014 statuerat,
1063 1982 1110 2010 sed
1127 1986 1250 2010 retentus
1270 1981 1463 2009 nonnullorum
1485 1981 1631 2008 sententiis
1645 1980 1692 2015 qui

898 2033 1004 2056 aetatem
1029 2028 1176 2063 iuvenilem
1204 2028 1329 2064 Agrippa:
1352 2032 1556 2060 causarentur,
1589 2025 1691 2053 Fadum

898 2074 999 2103 Judteaz
1014 2080 1156 2110 praetorem
1178 2074 1273 2107 mittit,
1292 2075 1437 2109 Agrippam
1460 2080 1524 2101 vero
1541 2072 1690 2104 Chalcidis,

897 2122 943 2150 cui
959 2126 1023 2149 ante
1045 2121 1165 2149 Herodes
1179 2125 1304 2148 mortuus
1320 2120 1480 2155 praefuerat,
1497 2127 1588 2154 regem
1604 2123 1690 2146 creat.

898 2167 1002 2201 Quarto
1013 2172 1074 2202 post
1088 2174 1163 2194 anno
1172 2167 1255 2194 donat
1266 2171 1293 2194 et
1308 2166 1346 2193 illi
1365 2165 1483 2200 Philippi
1502 2164 1690 2196 tetrarchiam,

898 2219 925 2242 et
940 2214 1106 2246 Batanaaam,
1122 2213 1272 2248 adiungens
1285 2217 1314 2239 et
1327 2212 1516 2243 Trachonitin,
1532 2218 1593 2246 quae
1611 2215 1692 2237 antea

42 2256 110 2297 Δἔτος
127 2255 257 2290 δωρεῖται
271 2256 353 2282 αὑτὸν
375 2257 409 2292 τῇ
424 2265 454 2282 τε
466 2256 601 2284 Φιλίππου
627 2257 777 2293 τετραρχίᾳ
799 2258 846 2286 καὶ

899 2259 1022 2296 Ιιγεαιιίω
1044 2260 1105 2292 fuit,
1122 2264 1150 2287 et
1172 2259 1218 2287 illa
1237 2259 1328 2287 dando
1345 2259 1447 2285 ademit
1468 2258 1504 2285 illi
1522 2257 1689 2284 Chalcidem.

47 2301 210 2337 Βαταναίᾳ.
237 2301 367 2336 προσθεὶς
394 2302 468 2338 αὑτῷ
500 2302 547 2329 καὶ
576 2303 626 2338 τὴν
659 2304 844 2340 Τραχωνῖτιν·

896 2307 1015 2342 Agrippa
1045 2313 1167 2334 sororem
1193 2304 1337 2332 Drusillam
1367 2304 1450 2330 Azizo
1479 2303 1609 2330 Emesaaae
1634 2301 1690 2337 regi

47 2347 187 2374 Λυσανίου
199 2346 222 2373 δ’
233 2346 302 2382 αὕτη
315 2348 463 2383 τετραρχία
473 2348 606 2383 ἐγεγόνει.
621 2349 675 2376 Καὶ
687 2349 774 2376 ταῦτα
783 2350 846 2382 δοὺς

896 2351 1059 2379 circumciso
1070 2352 1098 2378 in
1113 2358 1226 2379 uxorem
1239 2350 1326 2378 dedit.
1342 2349 1498 2384 Epiphanes
1506 2348 1578 2375 enim
1591 2348 1691 2375 Antio-

47 2393 213 2428 ἀφαιρεῖται
237 2393 288 2428 τὴν
314 2393 447 2420 Χαλκίδα.
473 2393 630 2429 Ἀγρίππας
651 2394 679 2421 δὲ
696 2394 844 2430 Δρουσίλαν

896 2397 937 2425 chi
946 2405 1103 2432 quanquam
1113 2396 1250 2432 pollicitus
1266 2396 1501 2424 circumcisionem
1513 2403 1565 2422 non
1574 2395 1693 2429 accepit.

46 2438 99 2474 τὴν
115 2437 238 2474 ἀδελφὴν
257 2438 356 2474 ’Δζιζῷ
381 2439 421 2474 τῷ
448 2439 571 2474 Ἐμέσων
585 2439 690 2475 βασιλεῖ
704 2449 843 2476 περιτμη-

896 2442 959 2470 Inde
975 2442 1113 2478 sponsalia
1133 2443 1220 2471 soluta
1234 2448 1308 2470 sunt.
1325 2441 1446 2469 Solvitur
1466 2446 1495 2469 et
1517 2440 1634 2468 Drusilla
1657 2441 1692 2467 ab

48 2485 124 2511 Θέντι
153 2483 247 2511 δίδωσι
270 2486 405 2518 γυναῖκατ
440 2485 592 2522 Ἐπιφανὴς
611 2487 666 2522 γὰρ
695 2487 842 2522 Ἀντιόχου,

899 2487 995 2520 Azizo,
1009 2493 1036 2515 et
1054 2487 1138 2516 Felici
1153 2486 1254 2516 ludat!
1264 2486 1393 2522 praefecto
1407 2494 1467 2514 cum
1485 2486 1567 2513 multa
1581 2486 1616 2513 ob
1632 2485 1692 2520 pul-

47 2530 141 2557 καίτοι
156 2529 354 2566 ὐποσχὸμενος,
369 2531 419 2558 οὐκ
443 2531 551 2567 ἐδέχετο
572 2532 623 2567 τὴν
639 2532 799 2568 περιτομὴν,
814 2532 844 2566 ἐξ

897 2534 1079 2562 ehritudinem
1092 2534 1151 2570 ejus
1173 2534 1324 2567 moliretur,
1340 2533 1427 2561 nubit.
1441 2532 1615 2560 Iariamucm
1627 2539 1692 2560 vero

86 2599 172 2627 IILib.
189 2607 267 2634 xvut,
289 2600 316 2629 9.
354 2599 475 2629 °Hatth.
490 2601 685 2635 xtv,3;Marc.
695 2610 734 2636 Vl,
747 2602 869 2635 l7;Luc.
880 2603 986 2636 "1,19;
999 2603 1059 2630 Act.
1077 2611 1128 2636 xu,
1154 2602 1167 2630 1
1192 2610 1252 2638 sqq.

698 2670 817 2698 VARle
842 2670 1046 2699 LECTIONES.

86 2723 98 2739 ⁸
117 2722 222 2775 ἱίανδν]
235 2724 348 2767 gnta.va
368 2725 549 2770 Ιῐίιξςιείιξειίυεἶ
584 2727 595 2743 ¹
619 2727 746 2759 Ἰάκωᾶον
761 2736 816 2756 om.
833 2729 865 2756 (Ξ.
903 2729 913 2745 ⁸
926 2728 956 2755 τὸ
968 2742 1005 2748 -
1016 2727 1106 2791 ἦκεινλ]
1129 2728 1219 2756 malim
1232 2727 1279 2755 τοῦ
1293 2744 1327 2749 -—-
1340 2727 1470 2764 ἡκούσας.
1517 2725 1528 2741 ⁷
1541 2725 1638 2759 γένους
1652 2724 1690 2752 (ἶῖ

86 2767 128 2789 νο.
141 2767 171 2790 ς-
235 2768 257 2791 φ
271 2774 306 2780 -
319 2762 529 2791 προσαγγείλαιῖ
544 2770 598 2791 Imo
610 2762 640 2790 ὃν
654 2779 690 2784 -
700 2763 891 2791 προαγγεῖλαι.
907 2764 949 2791 Cf.
974 2764 1088 2791 Arcltmo
1101 2773 1143 2791 ou.
1164 2772 1241 2791 mu.
1262 2764 1290 2791 6.
1306 2764 1332 2791 7.
1371 2765 1381 2779 ’
1396 2762 1519 2791 ναρίζειν
1545 2769 1586 2791 Dr-
1610 2760 1641 2788 C-

51 2758 130 2795 γένος
141 2767 171 2790 ς.
211 2758 222 2775 ⁸
235 2758 257 2794 ᾧ
267 2758 306 2780 ⁷-
319 2762 529 2797 προσαγγεῖλαιῖ
544 2763 598 2791 imo
610 2762 640 2790 ὃν
654 2779 690 2784 -
700 2763 891 2799 προαγγεῖλαι.
907 2764 949 2791 Cf.
974 2758 1143 2800 Archawfog.
1164 2772 1241 2798 mu,
1262 2764 1290 2798 ὃ,
1306 2764 1332 2791 7.
1351 2758 1357 2764 ’
1371 2765 1381 2779 ’
1396 2762 1519 2799 χαρίζειν
1545 2758 1586 2796 ΡΙ·-
1610 2760 1641 2788 c-

87 2863 144 2900 (89)
156 2863 202 2892 Sc.
218 2865 305 2900 plebis
319 2865 434 2895 dicentia
452 2865 500 2895 Dei
517 2874 609 2896 vocem
624 2875 655 2897 se
677 2869 781 2904 audire,
795 2819 995 2897 unfolztﬁinis.
