1919 3096
232 124 299 158 1191
819 126 951 157 ΡΗΟΤΠ
977 127 1229 159 ΡΑΤΒῙΑΒΟΗΕ
1249 130 1303 161 CP.
1806 132 1884 167 1193

232 187 280 213 dat
301 185 437 214 Archelao
452 185 507 213 lilio
526 184 638 218 llelcie,
653 185 698 213 cui
712 190 740 214 et
750 185 844 213 vivens
865 192 942 221 pater
967 194 1021 213 ean

1079 184 1110 214 οὖ
1130 187 1178 214 καὶ
1193 189 1209 223 ή
1226 189 1276 223 τῆς
1292 189 1450 224 ἐγγυήσεως
1473 185 1595 222 διάλυσις
1610 190 1764 225 ἠκολούθει.
1790 194 1883 227 Δρου-

230 232 426 264 destinaverat,
443 236 470 259 et
484 239 518 259 ex
540 231 594 259 illis
614 232 735 259 nascitur
751 232 891 259 Berenice.
912 231 1021 260 Claudio

1076 232 1138 258 σίλα
1153 233 1182 259 δὲ
1204 233 1251 260 καὶ
1284 233 1390 266 Ἀζιζοῦ
1416 233 1564 266 διαλύεται,
1593 238 1641 262 καὶ
1660 236 1756 272 Φήλικι
1775 237 1816 272 τῷ
1831 238 1884 272 τῆς

231 278 359 305 defuncto
376 278 526 305 succedens
541 277 622 310 Nero,
641 278 724 305 donat
737 277 864 313 Agrippae
879 277 936 305 fato
957 285 1021 311 quo-

1082 278 1215 311 Ἰουδαίας
1227 279 1379 315 ἐπιτρόπῳ,
1388 279 1475 307 πολλὰ
1490 281 1691 314 σπουδάσαντος
1706 283 1818 310 ἐκείνου
1831 285 1879 310 διὰ

230 324 293 350 dam
310 323 428 351 Galilastc
443 322 626 358 Tiberiadem,
644 328 672 350 et
684 323 864 357 Tarichteam,
888 325 1021 359 imperans

1077 324 1108 350 τὸ
1137 325 1244 356 κάλλος,
1271 327 1412 360 γαμεῖται.
1434 327 1487 353 Καὶ
1512 328 1686 364 Μαριάμμην
1713 330 1742 356 δὲ
1763 330 1882 357 δίδωσιν

232 376 261 397 ιιι
277 371 327 405 ipsi
341 370 473 397 obediret.
488 370 570 397 Addit
583 369 752 397 etJuliadem
767 370 862 398 urbem
874 370 985 402 Peraeae,
999 375 1021 397 et

1084 370 1223 406 ’Δρχελάῳ
1242 371 1319 398 παιδὶ
1333 371 1372 407 τῷ
1389 372 1506 404 Ἑλκιοιλ
1519 370 1542 407 ᾧ
1555 375 1602 400 καὶ
1619 374 1674 405 ζῶν
1684 376 1699 401 6
1715 377 1811 411 πατὴρ
1828 378 1882 412 ἠρ-

231 416 323 443 decem
339 416 442 443 circum
457 416 565 451 oppida.
584 416 634 444 Hic
649 420 691 443 est
706 416 836 452 Agrippa,
856 416 926 450 apud
941 423 1021 450 quem

1080 415 1182 450 μόσατο
1195 423 1201 430 ·
1221 415 1284 452 [977
1302 416 1348 452 Κ]
1361 417 1390 450 ἐξ
1408 414 1445 443 ὧν
1458 417 1580 445 τίκτεται
1594 419 1768 455 Βερενίκη¹⁸.
1782 422 1881 448 Κλαυ-

232 463 310 490 divns
327 462 439 493 Paulus.
454 462 617 498 praesidente
630 462 722 496 Festo,
737 463 874 498 peroravit
884 467 907 489 ρ.

1081 461 1138 488 δίου
1162 461 1193 488 δὲ
1219 461 1432 497 τελευτήσαντος
1456 463 1553 499 Νέρων
1585 466 1725 498 καταστὰς
1751 466 1883 502 διάδοχος

230 507 358 544 δωρεῖται
375 508 530 544 ’Δγρίππαν
548 508 631 544 μοίρᾳ
654 509 709 536 τινὶ
741 509 792 543 τῆς
825 509 982 543 Γαλιλαίας,
1015 509 1167 544 Τιϐεριάδα
1190 509 1238 536 καὶ
1261 508 1413 545 Ταριχαίαν
1446 509 1577 543 κελεύσας
1610 513 1687 548 αὐτῷ
1713 513 1879 544 ὑπακούειν.

231 556 394 591 προστίθησι
409 556 438 582 δὲ
448 557 496 583 καὶ
517 556 645 582 Ἰουλιάδα
661 555 740 583 πόλιν
759 556 809 591 τῆς
825 556 954 592 Περαίας,
971 557 1018 583 καὶ
1038 555 1136 591 κώμας
1149 555 1199 589 τὰς
1212 556 1276 592 περὶ
1286 557 1372 592 αὐτὴν
1385 556 1462 584 δέκα.
1496 554 1581 590 οὗτός
1594 559 1668 585 ἐστιν
1702 559 1877 594 Ἀγρίππας,

232 602 275 637 ἐφ’
296 599 328 629 οὗ
343 603 357 628 6
372 601 443 633 Θείος
458 601 565 633 Παῦλος
580 601 686 636 Φήστου
696 602 917 638 συνεδριάζοντος
932 602 1151 639 ἐδημηγόρησεν.

267 648 333 676 Post
354 647 471 680 Fadum,
491 648 589 676 εἰσάξετε
611 654 768 684 praetorem,
786 649 906 676 mittitur
922 648 1024 676 Cuma-

231 701 294 726 nus,
309 698 366 729 post
381 701 460 728 quem
478 693 591 721 Romam
606 695 640 721 ob
655 694 771 722 crimina
786 699 929 723 evocatum
944 694 1022 723 Felix

231 741 364 775 mittitur;
380 745 442 776 post
456 748 537 776 quem
551 740 661 775 Festus,
675 741 773 769 deinde
781 741 905 775 Albinus,
917 746 1025 777 postre-

231 794 278 815 mo
302 787 410 814 Florus.
428 786 512 822 Cujus
529 788 650 815 secundo
666 794 737 815 anno
754 793 867 823 propter
879 788 950 815 mala
964 794 1026 823 qua

232 833 328 861 abillo
354 840 436 868 supra
463 833 570 860 modum
598 832 710 866 ﬁebant,
742 832 886 862 Judaicum
922 834 1022 861 bellum

229 884 326 907 contra
355 878 491 907 Romanos
518 879 593 907 duxit
622 879 740 913 initium,
759 879 923 908 duodecimo
949 887 1022 908 anno

231 924 308 959 impii
324 923 449 952 Neronis.
472 924 554 960 317
572 924 587 951 lt
608 925 720 952 Ananus
744 924 831 952 Anani
859 925 931 953 illius
956 933 1023 961 pon-

233 971 365 998 tiﬁcatum
390 971 515 1006 adeptus,
540 978 594 1006 quo
617 971 740 1006 privatur
763 970 909 1006 Iosephus,
934 972 1022 999 audax

233 1017 295 1049 fuit.
311 1022 338 1044 et
357 1024 439 1051 supra
456 1017 565 1045 modum
590 1018 763 1045 temerarius.
788 1017 855 1045 Erat
875 1018 948 1045 enim
978 1024 1024 1046 se-

229 1069 285 1091 cus
299 1062 519 1095 Sadducazorum,
543 1062 590 1097 qui
614 1063 738 1091 crudeles
766 1067 831 1090 sunt
859 1063 885 1090 in
903 1062 1023 1097 iudiciis,

229 1115 260 1137 et
284 1111 317 1137 ad
341 1116 450 1137 onmem
485 1109 669 1145 arrogantiam
695 1109 871 1137 inclinantes.
901 1108 950 1137 Hic
974 1110 1025 1145 igi-

234 1160 278 1183 tur
307 1155 431 1188 Ananus,
445 1154 526 1183 Festo
555 1156 581 1182 in
609 1154 702 1182 Iudaea
731 1156 869 1189 defuncto,
887 1160 914 1183 et
928 1155 1024 1183 Albino

233 1201 351 1228 nomium
368 1201 508 1228 obtinente
518 1200 648 1234 cilicium,
665 1202 828 1229 auctoritate
853 1209 901 1229 sua
923 1208 1025 1236 praises

232 1246 294 1281 fuit,
311 1245 483 1274 etJacobum
507 1246 622 1274 fratrem
650 1247 758 1274 Domini
787 1254 850 1274 cum
873 1246 935 1274 aliis
959 1254 1026 1275 con-

233 1293 363 1320 demnans
381 1300 410 1320 ut
431 1293 496 1328 legis
512 1293 657 1321 violatores
675 1293 809 1328 lapidibus
822 1293 909 1321 occidi
922 1293 1023 1329 jussit:

234 1338 307 1365 unde
332 1336 486 1365 Judaeorum
505 1337 642 1365 mitissimi
655 1337 798 1373 indignati,
813 1342 840 1366 et
857 1338 916 1374 ipse
929 1338 1025 1374 Agrip-

233 1390 267 1418 pa
284 1390 342 1415 rex,
359 1383 481 1417 ejiciunt,
502 1390 565 1411 cum
587 1384 675 1412 tribus
692 1384 833 1412 mensibus
849 1385 1024 1420 imperasset,

230 1433 262 1454 et
275 1427 334 1454 loco
350 1427 423 1455 illius
434 1426 527 1455 .lesum
543 1428 693 1456 Damneum
718 1429 897 1457 collocarunt.

271 1505 378 1534 Mortuo
405 1506 515 1535 Aarone
542 1507 627 1536 fratre
646 1506 751 1541 Hosis,
777 1508 825 1536 filii
845 1509 904 1544 ejus
928 1509 953 1537 in
981 1517 1026 1539 sa-

230 1552 382 1579 cerdotium
410 1553 569 1587 succedunt,
585 1559 613 1581 et
634 1554 763 1590 deinceps
790 1563 884 1583 omnes
905 1564 940 1584 ex
964 1557 1022 1591 ejus

233 1595 329 1630 stirpe.
355 1595 509 1625 lnvaluerat
536 1599 608 1626 enim
623 1599 667 1627 lex
680 1601 778 1634 patria,
803 1608 837 1628 ne
851 1604 912 1637 quis
931 1603 984 1630 nisi
1007 1611 1024 1630 e

236 1642 373 1677 sanguine
383 1643 474 1670 Aaron
486 1645 667 1672 sacerdotium
680 1652 796 1680 gereret.
811 1647 931 1676 Fuerunt
942 1649 1023 1684 igitur

229 1687 266 1714 ab
284 1688 394 1716 Aarone
418 1696 504 1723 usque
518 1690 551 1718 ad
572 1690 737 1725 Phanasum,
760 1693 805 1727 qui
826 1698 948 1728 tempore
960 1694 1024 1722 belli

232 1740 248 1760 a
271 1734 497 1763 tumultuantibus
523 1737 709 1771 pontificatum
725 1739 840 1774 accepit,
856 1740 920 1767 anni
946 1745 1023 1768 octo—

232 1780 306 1814 ginta
331 1785 396 1808 tres.
424 1780 487 1809 Inde
517 1789 533 1810 ο
571 1783 735 1811 deductione
755 1785 904 1819 edeserto,
925 1785 971 1813 ubi
994 1791 1024 1814 et

234 1827 438 1855 tabernaculum
465 1828 628 1856 fabricatum
648 1834 702 1862 est,
717 1837 803 1865 usque
831 1832 865 1859 ad
894 1832 1020 1867 templum

231 1873 304 1906 quod
315 1872 441 1900 Salomon
458 1875 604 1909 exstruxit,
620 1875 751 1903 tredecim
765 1877 951 1912 pontiﬁcatum
963 1887 1022 1914 ges-

233 1925 346 1953 serunt;
368 1920 414 1955 qui
432 1920 531 1955 singuli
547 1928 609 1949 eum
635 1929 684 1957 per
697 1928 781 1951 totam
796 1924 880 1952 vitam
894 1924 1021 1954 obtinue-

232 1971 307 1992 runt.
333 1964 395 1992 Fuit
408 1966 517 1993 illorum
544 1967 695 1995 dominatio
727 1969 813 2004 prima
829 1970 1020 1999 aristocratica

231 2012 289 2040 sive
304 2013 484 2047 optimatum;
505 2013 605 2042 deinde
624 2014 660 2041 ad
680 2021 764 2041 unum
782 2014 892 2043 redacta
918 2021 971 2049 est,
986 2017 1019 2043 ad

232 2065 310 2093 reges
319 2059 408 2087 tertio.
424 2058 508 2093 igitur
517 2060 553 2087 ab
564 2060 638 2087 exitu
646 2067 680 2087 ex
692 2060 806 2096 Egypto,
815 2068 900 2096 usque
914 2062 948 2089 ad
955 2063 1019 2089 2di-

230 2103 385 2131 ilcationem
410 2104 502 2140 tetnpli
524 2105 775 2141 Hierosolymitani,
792 2107 856 2134 anni
873 2112 937 2135 sunt
951 2108 1020 2135 sex-

228 2150 302 2177 centi
312 2155 340 2177 et
349 2150 501 2180 duodecim.
521 2151 588 2179 Post
608 2152 657 2179 bos
671 2159 737 2179 vero
754 2153 884 2181 tredecim
908 2154 1019 2188 pontiﬁ-

229 2203 286 2228 ces,
303 2201 332 2223 et
343 2200 403 2231 post
413 2196 619 2224 aediﬁcationem
636 2198 727 2232 templi
747 2198 897 2227 octodecim
910 2201 1021 2235 pontili-

1075 2208 1121 2244 τὴν
1147 2209 1294 2245 οἰκοδομὴν
1311 2210 1360 2236 τοῦ
1384 2210 1437 2237 νεὼ
1459 2210 1474 2238 t'
1489 2212 1538 2238 καὶ

231 2247 320 2268 catum
334 2246 476 2276 gesserunt
486 2250 502 2269 a
516 2243 662 2271 Salomone
675 2251 749 2279 rege.
762 2244 789 2271 in
800 2246 899 2280 templo
909 2247 1021 2275 sacrati.

231 2285 322 2314 Donec
345 2287 596 2316 Nabuchodonosor
609 2288 764 2324 Babylonia:
784 2297 832 2318 rex
855 2292 957 2327 templo
976 2294 1020 2321 in-’

230 2341 312 2360 censu
325 2332 434 2361 Juda'os
447 2334 570 2368 captivos
586 2334 612 2362 in
629 2335 808 2370 Babyloniam
821 2338 912 2365 avexit
928 2337 1020 2367 Amica

228 2380 367 2414 pontiﬁce.
403 2380 505 2408 Horum
526 2386 631 2416 tempus
663 2382 836 2417 pontiﬁcatus
860 2389 925 2412 sunt
954 2386 1019 2414 anni

230 2427 344 2455 trecenti
359 2428 499 2462 sexaginta
522 2436 582 2460 sex,
610 2436 717 2457 menses
744 2436 805 2463 sex,
831 2431 925 2459 decem
947 2433 1016 2461 dies.

226 2474 296 2500 Post
322 2475 505 2508 captivitatem
533 2482 598 2502 vero
626 2476 796 2511 septuaginta
817 2477 918 2512 elapsis
940 2479 1020 2507 annis

228 2521 327 2557 Cyrus,
348 2522 492 2550 Persarum
517 2532 575 2556 rex,
607 2526 729 2560 captivos
746 2526 780 2553 in
800 2526 917 2561 patriam
940 2534 1017 2554 suam

228 2568 304 2596 abire
337 2569 469 2603 permisit.
501 2569 578 2598 Unus
614 2570 695 2606 igitur
719 2579 736 2599 e
762 2572 880 2600 reductis
904 2573 1017 2608 captivis

227 2614 413 2649 pontiﬁcatum
440 2615 548 2650 accipit,
575 2620 603 2644 et
622 2616 686 2644 inde
713 2616 869 2651 quindecim
895 2618 953 2653 ejus
967 2627 1015 2654 po-

263 2687 279 2709 !
294 2683 355 2712 Act.
370 2691 448 2719 xxut,
469 2685 481 2712 l
498 2692 559 2720 sqq.

1117 649 1180 676 Ὀτι
1197 649 1266 684 μετὰ
1295 650 1380 678 Φάδον
1403 650 1552 687 ἐπίτροπον
1575 652 1708 684 Ἰουδαίας
1728 652 1881 688 Κουμανὸς

1085 695 1241 731 πέμπεταιν
1258 695 1357 731 μεθ’δν
1373 697 1414 728 εἰς
1430 697 1541 732 Ῥώμην
1555 697 1707 734 ἀναχθέντα
1721 699 1880 732 ὲπ“αῑτίαις

1083 740 1167 776 Φῆλιξ
1176 742 1326 777 πέμπεται·
1339 742 1398 777 μεθ’
1405 742 1435 769 δν
1445 742 1560 778 Φῆστος,
1572 741 1632 770 εῐτα
1639 743 1769 777 ’Δλὸίνος,
1782 745 1880 777 λοιπὸς

1079 786 1199 822 Φλῶρος.
1211 785 1249 815 οὗ
1260 786 1380 824 δευτέρῳ
1390 788 1446 815 ἐτει
1454 788 1499 816 διὰ
1508 789 1559 824 τὴν
1569 789 1722 825 ὑπερϐολὴν
1734 790 1792 817 τῶν
1808 793 1881 827 παρ’

1078 833 1153 869 αὐτῷ
1162 834 1256 861 κακῶν
1263 835 1278 861 6
1283 835 1352 871 πρὸς
1360 835 1509 870 Ῥωμαίους
1518 836 1653 864 Ἰουδαίων
1659 838 1722 865 πόλε
1727 847 1776 873 po;
1784 839 1803 864 ἁ
1807 841 1880 874 ρχὴν

1039 863 1061 892 Β
1074 863 1190 914 δέχεται,
1206 863 1331 917 Νέρωνος
1339 863 1397 913 ἐτος
1405 863 1556 909 δωδέκατον
1577 863 1650 919 ἐν

1074 932 1131 956 τος.
1152 926 1215 953 Ὀτι
1231 927 1346 961 ΙἌνανος
1366 930 1381 955 6
1401 928 1512 956 ’Δνάνου
1527 931 1591 961 παῖς
1601 930 1651 965 τὴν
1664 931 1877 968 ἀρχιερωσύνην

1075 971 1256 1005 παραλαϐὼν,
1278 973 1474 1009 ἀφαιρεθέντος
1502 974 1588 1010 αὐτὴν
1604 975 1747 1011 Ἰωσήπου,
1764 976 1876 1012 θρασὺς

1076 1018 1111 1055 ἦν
1128 1018 1176 1046 καὶ
1186 1017 1325 1054 τολμητὴς
1337 1019 1521 1055 διαφερόντως
1531 1027 1539 1035 ·
1553 1020 1660 1056 αἵρεσιν
1673 1021 1728 1057 γὰρ
1740 1023 1793 1057 τήν
1804 1023 1877 1049 Σαδ-

1075 1064 1209 1093 δουκαίων
1228 1064 1324 1100 μετῄει
1338 1073 1344 1079 ·
1362 1062 1437 1092 οὗτοι
1461 1065 1516 1101 γὰρ
1529 1065 1601 1101 ὠμοί
1615 1072 1645 1093 τε
1661 1068 1725 1103 περὶ
1737 1068 1790 1099 τὰς
1812 1069 1875 1103 xpl-

1076 1120 1133 1144 σεις
1146 1111 1194 1138 καὶ
1210 1110 1279 1146 πρὸς
1290 1111 1382 1138 πᾶσαν
1397 1111 1543 1138 αὐθάδειαν
1556 1112 1673 1147 ἕτοιμοι.
1688 1112 1774 1146 Οὗτος
1795 1114 1846 1141 οὖν
1857 1116 1873 1142 6

1077 1157 1193 1188 ’Δνανος
1218 1156 1323 1191 Φήστου
1348 1156 1398 1192 μὲν
1427 1157 1457 1183 ἐν
1491 1157 1607 1193 Ἰουδαίᾳ
1632 1158 1871 1195 τελευτήσαντος,

1076 1202 1142 1239 [519
1157 1201 1205 1238 IL]
1228 1202 1350 1229 Ἀλϐίνου
1365 1203 1394 1229 δέ
1405 1202 1483 1230 οὔπω
1496 1203 1706 1236 καταλαϐόντος,
1732 1205 1872 1242 αὑθεντή-

1077 1256 1126 1279 σας
1141 1248 1249 1280 καθίζει
1265 1248 1413 1283 συνέδριον,
1426 1249 1473 1275 καὶ
1494 1249 1623 1276 Ἰάκωϐον
1637 1251 1684 1277 τὸν
1694 1251 1811 1286 ἀδελφὸν
1822 1253 1872 1279 τοῦ

1075 1294 1179 1329 Κυρίου
1194 1295 1243 1321 σὺν
1259 1294 1557 1331 ἐτέροις,παρανομίαν
1565 1297 1768 1332 αἰτιασάμενος,
1785 1297 1875 1330 λίθοις

1075 1339 1254 1375 ἀναιρεθῆναι
1277 1340 1494 1375 παρασκευάζει.
1524 1341 1582 1375 Ἐφ’
1603 1338 1625 1375 ᾧ
1648 1341 1704 1368 τῶν
1734 1342 1876 1370 Ἰουδαίων

1077 1385 1320 1421 ὕπεραλγήσαντες
1326 1386 1352 1412 οἱ
1363 1386 1382 1401 ¹¹
1394 1386 1604 1422 ἐπιεικέστεροι,
1613 1388 1660 1414 καὶ
1666 1388 1747 1420 αὒτδς
1757 1388 1875 1424 Ἀγρίπ-

1076 1433 1150 1462 παςὸ
1159 1431 1296 1466 βασιλεὺς,
1308 1431 1485 1458 ἐκϐάλλουσιν
1493 1431 1616 1467 ἄρξαντα
1632 1433 1696 1468 μηνὶ
1711 1436 1746 1467 γ’,
1764 1433 1874 1468 Ἰησοῦν

1075 1476 1098 1503 δ’
1108 1476 1165 1503 ἀντ’
1178 1476 1261 1503 αὑτοῦ
1276 1477 1320 1503 τὸν
1333 1477 1455 1512 Δάμνεον
1466 1477 1678 1513 ἐγκατέστησαν.

1113 1522 1176 1550 ὀτι
1197 1522 1311 1558 Ἀαρὼν*
1333 1523 1557 1559 τελευτήσαντος,
1579 1525 1721 1557 Μωῦσέως
1740 1525 1873 1561 ἀδελφοῦ,

1076 1569 1101 1595 ol
1116 1569 1212 1601 παῖδες
1236 1569 1393 1605 ἐκδέχονται
1421 1570 1472 1605 τὴν
1497 1571 1714 1606 ἀρχιερωσύνην,
1730 1569 1792 1599 εἶτα
1804 1572 1875 1607 ἑξῆς

1075 1614 1101 1639 oi.
1113 1614 1217 1641 τούτων
1246 1613 1370 1648 ἔκγονοι·
1397 1615 1480 1649 νόμος
1497 1615 1552 1650 γὰρ
1567 1615 1671 1650 μηδένα
1697 1616 1714 1651 ἦ
1736 1616 1783 1643 τὸν
1806 1617 1829 1632 ⁸⁸
1841 1617 1875 1649 ἐξ

1075 1659 1191 1694 αἵματος
1205 1659 1310 1695 Ἀαρὼν
1337 1661 1388 1695 τήν
1400 1661 1606 1697 ἀρχιερωσύνην
1637 1662 1807 1698 εἰσδέχεσθαι
1817 1663 1873 1689 πά-

1075 1713 1152 1741 τριος
1171 1706 1296 1742 ἐκράτει.
1317 1706 1458 1740 Ἐγένοντο
1482 1706 1529 1735 οὖν
1553 1708 1608 1735 ἀπὸ
1627 1709 1764 1745 Ἀαρῶνος
1787 1710 1873 1745 μέχρι

1074 1751 1198 1778 1ἑανάσου
1212 1751 1261 1778 τοῦ
1272 1752 1343 1779 κατά
1352 1753 1398 1779 τὸν
1412 1753 1531 1788 πόλεμον
1559 1754 1612 1780 ὑπὸ
1626 1754 1681 1780 τῶν
1696 1756 1874 1781 στασιαστῶν

1075 1795 1280 1832 ἀναδειχθέντος
1310 1798 1461 1834 ἀρχιερέως
1486 1798 1533 1833 πγ¹
1554 1799 1613 1834 ιτη.
1628 1799 1677 1826 Ἐκ
1695 1800 1801 1826 τούτων
1815 1801 1872 1828 ἀπὸ

1074 1842 1125 1877 τῆς
1136 1843 1167 1869 ἐν
1180 1844 1214 1878 τῇ
1228 1843 1326 1879 ἐρήμῳ
1350 1844 1502 1879 διαγωγῆς,
1516 1845 1546 1871 ἐν
1601 1846 1648 1871 καὶ
1661 1846 1677 1880 ή
1696 1845 1784 1881 σκηνὴ
1799 1847 1871 1882 ἐπή-

1074 1897 1168 1923 γνυτο,
1182 1889 1263 1924 μέχρι
1277 1889 1326 1916 τοῦ
1336 1889 1389 1916 νεὼ
1395 1889 1424 1917 δν
1436 1890 1548 1926 ἧγειρεν
1557 1891 1571 1917 6
1587 1890 1713 1926 βασιλεὺς
1728 1891 1869 1927 Σολομὼν,

1073 1935 1292 1971 ἀρχιεράτευσαν
1304 1935 1456 1972 δεκατρεῖς,
1471 1937 1522 1972 τὴν
1531 1938 1739 1973 ἀρχιερωσύνην
1750 1939 1796 1965 διὰ
1808 1939 1869 1974 βίου

1074 1981 1258 2016 κατασχόντες
1270 1981 1397 2014 ἕκαστος.
1409 1982 1535 2016 Ἐγένετο
1549 1983 1577 2010 δὲ
1593 1983 1682 2011 αὐτῶν
1698 1984 1869 2020 ἀριστοκρα-

1073 2027 1172 2063 τορικὴ
1184 2027 1261 2062 μένή
1278 2027 1373 2063 πρώτη
1395 2028 1528 2062 πολιτεία,
1561 2027 1622 2056 εἶτα
1646 2030 1790 2065 μοναρχία,
1806 2029 1868 2057 εἶτα

1073 2072 1231 2108 βασιλέωνή
1255 2073 1345 2108 τρίτη.
1362 2073 1430 2101 ’Δπὺ
1447 2074 1514 2109 γοῦν
1533 2075 1583 2110 τῆς
1596 2075 1645 2103 ἀπ’
1656 2076 1799 2110 Αίγύπτοο
1814 2078 1863 2110 ἑξ-

1072 2119 1132 2145 ὀδου
1143 2118 1197 2151 ῑως
1214 2119 1260 2146 τοῦ
1276 2120 1304 2145 ἐν
1321 2120 1517 2155 Ἰεροσολύμοις
1528 2121 1581 2147 νεὼ
1589 2122 1639 2157 τῆς
1655 2122 1803 2159 οἰκοδομῆς
1816 2124 1863 2159 ἔτη

1073 2164 1177 2198 γίνεται
1205 2163 1239 2199 ιβ’
1265 2165 1313 2191 καὶ
1343 2168 1379 2200 χ’.
1399 2166 1477 2193 Μετὰ
1493 2166 1522 2193 δὲ
1541 2167 1607 2198 τοὺς
1623 2168 1806 2204 ιγ’ἀρχιερεῖς
1817 2171 1866 2197 καὶ

1551 2216 1576 2247 η’
1591 2212 1641 2249 τὴν
1654 2214 1865 2250 ἀρχιερωσύνην

1071 2255 1150 2290 ἔσχον
1161 2256 1217 2282 ἀπὺ
1229 2257 1388 2291 Σολομῶνος
1399 2258 1532 2292 βασιλέως
1541 2260 1570 2286 ἐν
1577 2259 1617 2295 τῷ
1626 2261 1683 2296 ναῷ
1697 2261 1772 2296 ίερού
1778 2271 1863 2297 μενοι.

1070 2301 1122 2333 ἓως
1155 2302 1395 2339 Ναϐουχοδονόσορ
1417 2305 1432 2330 6
1454 2304 1634 2332 Βαϐυλωνίων
1661 2306 1794 2342 βασιλεὺς
1820 2310 1865 2335 τὸν

1069 2347 1139 2374 νεὼν
1155 2349 1302 2384 ἐμπρήσας
1316 2349 1509 2385 αἰχμαλώτους
1533 2352 1566 2378 τδ
1580 2351 1716 2380 Ἰουδαίων
1733 2354 1812 2386 ἐθνος
1825 2357 1865 2387 εἰς

1069 2391 1217 2420 Βαϐυλῶνα
1232 2395 1402 2429 μετήνεγκεν
1430 2395 1528 2431 Ἀμαῖε
1547 2397 1567 2413 ³⁸
1582 2398 1615 2424 ἐκ
1636 2398 1684 2425 τοῦ
1696 2400 1861 2436 ἀρχιερέως.

1068 2439 1176 2466 Τούτων
1187 2441 1283 2475 χρόνος
1298 2442 1358 2468 ἐστὶ
1370 2442 1420 2477 τῆς
1434 2443 1641 2480 ἀρχιερωσύνης
1655 2446 1677 2461 ¹“
1686 2447 1760 2478 τξς¹,
1778 2450 1862 2483 μῆνες

1068 2487 1106 2516 ς’,
1124 2486 1227 2521 ἡμέραι
1243 2490 1270 2514 ι’.
1282 2488 1360 2515 Μετὰ
1372 2488 1400 2515 δὲ
1415 2488 1464 2524 τὴν
1473 2487 1572 2517 ἁλῶσιν
1585 2491 1654 2518 ἑτῶν
1666 2491 1687 2518 0’
1700 2493 1861 2522 διελθόντων

1067 2530 1157 2566 Κῦρος
1183 2531 1198 2557 6
1232 2533 1345 2568 Περσῶν
1371 2534 1498 2569 βασιλεὺς
1518 2538 1582 2569 τοὺς
1597 2538 1792 2573 αἰχμαλώτους
1810 2542 1862 2568 ἀπ-

1065 2575 1161 2603 έλυσεν
1180 2578 1221 2609 είς
1244 2579 1294 2613 τὴν
1322 2579 1390 2607 ίδίαν
1416 2580 1505 2609 ἐλθεῖν
1529 2584 1657 2619 πατρίδα.
1678 2582 1726 2618 Εἲς
1738 2585 1788 2614 οὖν
1806 2588 1860 2614 τῶν

1066 2622 1425 2660 ἀναχθέντωναίχμαλώτων
1433 2627 1569 2663 λαμϐάνει
1582 2630 1632 2666 τὴν
1639 2631 1859 2670 ἀρχιερωσύνην,

874 2721 992 2750 νΑιιΙλΕ
1007 2723 1209 2754 LECTIONFS.

262 2788 286 2804 "
302 2788 373 2816 τίκτ.
399 2787 446 2814 καὶ
462 2787 524 2822 Βερ.
541 2796 572 2819 ς.
610 2788 630 2803 ¹¹
643 2789 667 2814 οι
682 2789 757 2817 libris
773 2790 857 2818 deest.
897 2791 918 2807 "
932 2792 976 2818 τδν

1002 2793 1260 2842 ςῗῗὲςᾷηίῖ-ἀμρίεῗ
1314 2796 1360 2842 τοῦ
1436 2799 1536 2842 Ἷίμαίη
1553 2802 1585 2842 ἐκ
1596 2803 1644 2830 τοῦ
1656 2813 1685 2837 ς.
1702 2805 1856 2842 chemlnm

262 2791 286 2804 ι’
302 2791 373 2816 τίκτ.
399 2791 446 2814 καὶ
462 2791 524 2822 Βερ.
541 2796 572 2819 ς.
610 2791 630 2803 “
643 2791 667 2814 ot
682 2791 757 2817 libris
773 2791 857 2818 deest.
897 2791 918 2807 "
932 2792 976 2818 τδν
1002 2802 1021 2819 τε

173 2825 185 2837 ⁸
226 2824 286 2874 ᾖμα
306 2823 442 2850 ἰωσεδέκσ
458 2824 501 2864 sic.
513 2831 583 2849 eum:
601 2822 744 2874 Jos'eplms.
769 2824 950 2855 llmschelius.
970 2791 1021 2855 ’ίως

265 2863 322 2874 ..ιλιι
350 2859 554 2874 ιὶοκυιιιυηκιιυυιρ
571 2865 637 2874 nun“
651 2860 668 2874 ἑο
700 2868 731 2874 --

1075 2794 1093 2821 2.
1133 2795 1154 2811 “
1169 2795 1253 2831 ἀμαῖε
1267 2797 1299 2839 ἐκ
1314 2796 1360 2824 τοῦ
1376 2798 1413 2826 C:
1436 2799 1536 2836 ’Δματη
1553 2802 1585 2829 ἐκ
1596 2803 1644 2830 τοῦ
1656 2813 1685 2837 ς.
1702 2805 1855 2842 chemlnm

1075 2838 1125 2863 nco;
1142 2831 1183 2859 vel
1201 2831 1365 2865 Ἰωσάοωχος
1386 2841 1427 2863 est
1451 2838 1620 2874 Arcltzsolog.
1639 2848 1655 2868 x
1666 2861 1675 2874 ,
1700 2841 1718 2869 8
1732 2863 1740 2874 ,
1757 2843 1775 2870 5
1788 2849 1815 2871 et
1829 2845 1855 2871 6.

226 2858 250 2875 ⁸⁵
264 2863 324 2894 post
349 2857 554 2894 ἀρχιερωσύνης
571 2857 671 2887 excidit
685 2859 743 2895 ἐτη.
