1919 3096
62 154 123 186 1193

517 156 770 189 BIBLIOTHECA
801 172 836 179 -
863 160 943 190 COD.
972 162 1175 194 CCXXXVIII.

1617 167 1683 200 11M

60 211 103 237 καὶ
114 208 221 236 ἐκεῖθεν
240 209 263 234 οἱ
276 207 306 240 ἐξ
316 207 397 235 αὑτοῦ
419 208 526 243 ἔκγονοι
549 213 579 236 ιε’
590 210 687 246 μέχρις
708 212 844 248 ’Δντιόχου

897 215 963 242 steri
982 223 1067 250 usque
1080 218 1112 244 ad
1127 218 1298 250 Antiochum,
1316 218 1459 254 Eupatoris
1476 221 1570 254 ﬁliunt,
1586 226 1683 257 populo

58 255 101 282 τοῦ
119 254 288 289 Εὐπάτορος,
302 254 440 285 πολιτείας
455 255 539 291 οῠσης
553 256 583 282 ἐν
592 257 684 289 αὐτοῖς
700 258 731 290 δη
737 267 842 293 μοκρα-

59 301 174 337 τορικῆς.
189 301 244 327 Καὶ
260 300 362 327 τούτων
387 302 416 327 δὲ
435 301 530 337 χρόνος
553 303 601 337 ἐτη
612 303 672 330 υιδ’.
694 303 804 339 Πρῶτος
819 304 841 330 δ’

58 346 128 378 οὗτος
144 347 283 381 Ἀντίοχος
295 347 342 373 καὶ
361 347 375 372 ὁ
395 348 548 382 στρατηγὸς
573 349 658 376 αὐτοῦ
680 350 783 382 Λυσίας
796 351 842 378 τὸν

59 393 151 425 Ὀνίαν,
165 389 188 426 ᾧ
201 391 341 423 Μενέλαος
357 392 485 428 ἐπίκλην,
507 393 624 420 παύουσι
639 395 689 430 τῆς
708 396 842 432 ἀρχιερω-

59 439 144 471 σύνης,
161 438 304 469 ἀνελόντες
315 438 395 465 αὑτὸν
413 439 441 464 ἐν
464 438 572 475 Βεροίᾳ,
585 441 631 468 καὶ
647 441 843 469 ἀντικαθιστῶ-

60 494 95 510 σιν
109 484 241 519 Ἰάκιμον,
255 484 350 518 γένους
367 485 417 519 μὲν
429 485 476 512 τοῦ
488 486 635 520 Ἀαρῶνος,
652 487 682 513 οὺ
694 488 742 522 τῆς
757 488 842 523 αὐτῆς

58 530 76 555 δ’
88 529 185 560 οἰκίας.
198 529 265 564 [980
275 529 322 565 Β.)
342 530 391 556 Διὰ
402 530 482 556 τοῦτο
506 531 555 557 καὶ
570 531 696 563 Ἀνανίας
706 533 720 558 ό
730 532 777 559 τοῦ
798 541 843 559 τε-

58 575 232 609 λευτήσαντος
257 575 344 601 Ὀνίου
371 575 526 609 ἐξάδελφος,
543 577 583 608 είς
594 577 732 610 Αἴγυπτον
747 579 843 612 ἀφικό-

60 627 130 654 μενος
147 619 195 646 mi.
211 619 373 655 Πτολεμαίῳ
387 620 426 655 τῷ
436 620 601 656 Φιλομήτορι
617 622 664 648 καὶ
679 623 842 660 Κλεοπάτρᾳ

58 666 86 699 τῇ
114 665 227 697 γυναικὶ
251 664 294 690 διὰ
314 664 407 699 φιλίας
422 665 519 698 ἐλθὼν,
537 666 625 693 πείθει
639 668 750 700 τούτους
772 669 844 696 κατὰ

59 710 98 736 τδν
119 710 326 745 Ἡλιουπολίτην
335 711 416 745 νομὸν
426 712 590 747 δειμάμενος
601 713 621 729 ¹⁸
632 713 671 748 τῷ
680 714 739 748 Θεῷ
754 723 843 749 παρα-

59 757 163 792 πλήσιον
177 756 228 783 τοῦ
244 757 273 783 ἐν
297 756 494 792 Ἰεροσολύμοις
508 758 589 784 αὑτὸν
606 759 735 794 ἀρχιερέα
756 769 842 786 κατα-

60 804 158 838 στῆσαι.
194 803 227 830 '0
252 804 344 838 μέντοι
357 804 480 838 Ἰάκιμος
505 805 552 840 ἔτη
578 809 601 839 γ’
623 806 843 842 ἀρχιερατεύσας

58 849 162 884 τελευτᾷ
174 857 181 863 '
197 845 230 876 οὗ
245 849 367 884 διάδοχος
375 849 462 881 οὐδεὶς
469 850 586 885 κατέστη
603 851 649 877 ἐπὶ
663 850 751 877 ἔτεσιν
762 852 842 879 ἑπτά.

61 895 134 922 Πάλιν
153 895 181 921 δὲ
201 895 228 921 οἱ
255 894 309 921 τῶν
334 895 523 929 ’Δσαμωναίου
545 896 647 923 παίδων
675 897 779 931 ἔκγονοι
794 899 844 932 τὴν

61 940 222 975 προστασίαν
231 940 277 966 τοῦ
286 940 379 972 ἔθνους
387 941 641 975 πιστευθέντες,καὶ
650 943 787 970 Μακεδόσι
799 953 844 971 που

61 986 369 1022 λεμήσαντες,’1ωὰννην
383 988 511 1023 ἀρχιερέα
523 989 699 1022 καθιστῶσιν,
708 990 738 1022 ὃς
756 990 843 1026 ἄρξας

62 1033 189 1063 ἐνιαυτοὺς
198 1032 271 1058 ἑπτὰ
280 1032 404 1068 τελευτᾷ,
419 1033 565 1068 Τρύφωνος
586 1035 741 1067 ὲπιόουλαίς
747 1035 845 1071 διαμηο

61 1079 215 1114 χανηθείσης
227 1078 350 1115 [5201].]
375 1079 449 1114 αὐτῷ
461 1080 510 1115 τῆς
524 1080 654 1114 τελευτῆς
665 1078 710 1108 ὀὗ
723 1081 845 1115 διάδοχος

61 1125 140 1160 Σίμων
161 1125 329 1151 καθίσταται
351 1125 365 1150 ὁ
396 1124 519 1159 ἀδελφός.
546 1125 602 1152 Καὶ
612 1124 707 1152 τοῦτον
730 1126 757 1152 δὲ
776 1126 845 1162 δόλῳ

63 1170 127 1204 παρὰ
143 1169 164 1185 ι·
174 1169 205 1196 τὸ
232 1169 384 1205 συμπόσιον
411 1170 596 1205 διαφθαρέντα
625 1171 676 1196 ὑπὸ
696 1170 744 1197 τοῦ
771 1180 845 1206 γαμ-

62 1215 117 1250 ϐροῦ
132 1215 286 1250 διαδέχεται
300 1216 364 1247 παῖς
383 1215 520 1250 Ὑρκανός
545 1215 632 1250 ὃνομα
644 1224 650 1230 ⁸
664 1216 693 1248 ὃς
712 1217 845 1243 τελευτῶν

62 1261 136 1297 Ἰούδᾳ
153 1261 193 1297 τῷ
209 1262 259 1288 καὶ
272 1261 471 1303 Ἀριστοῦιεύλῳ
484 1261 611 1296 κληθέντι
620 1262 782 1290 καταλείπει
796 1264 845 1298 τὴν

62 1309 149 1344 ἀρχήν.
164 1308 340 1344 κληρονομεῖ
351 1308 382 1334 δὲ
398 1309 446 1334 καὶ
467 1308 562 1335 τοῦτον
583 1309 696 1343 ἀδελφὸς
717 1311 843 1343 Ἀλέξαν-

61 1353 123 1386 δρος,
147 1354 200 1380 ὑπὸ
228 1354 304 1380 νόσου
331 1353 380 1388 μὲν
401 1353 612 1388 τελευτήσαντα,
631 1354 679 1390 τὴν
695 1355 845 1391 ἱερωσύνην

62 1399 85 1425 δὲ
99 1399 271 1435 κατασχόντα
288 1399 358 1434 μετὰ
372 1399 422 1434 τῆς
436 1398 576 1434 βασιλείας
592 1400 714 1435 (καὶγὰρ
727 1401 846 1437 διάδημα

64 1446 192 1480 περιέθετο
203 1446 314 1482 πρῶτος
333 1445 446 1481 Ἰούδας)
462 1445 584 1472 ἐνιαυτὸν
599 1446 658 1473 ἕνα.
676 1447 846 1480 Βασιλεύσας

63 1491 102 1518 δ’ὁ
115 1491 290 1527 Ἀλέξανδρος
305 1491 353 1517 καὶ
368 1490 530 1526 ἱερατεύσας
544 1490 592 1525 ἐτη
608 1492 649 1523 κζ’
660 1493 845 1528 καταστρέφει

64 1541 101 1566 τὸν
112 1538 175 1573 βίον,
190 1537 357 1572 Ἀλεξάνδρᾳ
372 1535 426 1572 ᾗδὲ]
442 1538 475 1572 τῇ
484 1538 596 1568 γυναικὶ
616 1538 787 1573 καταστῆσαι
797 1539 845 1566 τὸν

65 1588 334 1624 ἀρχιερατευσόμενον
345 1585 508 1621 ἐπιτρέψας.
518 1586 548 1612 Ἦ
561 1587 582 1602 ¹⁷
589 1587 618 1613 δὲ
630 1588 680 1622 τὴν
690 1587 739 1622 μὲν
753 1589 846 1622 ἀρχιε-

67 1635 177 1671 ρωσύνην
201 1633 331 1670 Ὑρκανῷ
340 1633 432 1660 δίδωσι
448 1632 502 1658 τῶν
518 1632 584 1659 trka
601 1633 641 1668 τῷ
654 1633 845 1669 “memmi,

66 1681 125 1717 αὐτὴ
138 1682 166 1708 δὲ
180 1681 263 1717 τὴνή
283 1679 422 1716 βασιλείαν
433 1679 482 1714 ἔτη
492 1680 514 1707 θ’
527 1681 701 1715 κατασχοῦσα
716 1680 844 1716 τελευτᾷ·

66 1727 104 1754 τὸν
119 1729 172 1756 ίσον
189 1729 220 1755 δὲ
236 1728 331 1764 χρόνον
344 1728 535 1764 ἁρχιερατεύει
549 1729 595 1754 καὶ
611 1727 754 1763 Ὑρκανός.
768 1727 847 1754 Μετὰ

66 1774 111 1809 γὰρ
121 1775 164 1801 τὸν
174 1775 284 1809 ἐκείνης
315 1773 430 1801 θάνατον
450 1776 464 1801 ό
481 1774 614 1809 νεώτερος
635 1775 700 1805 παῖς
718 1773 786 1809 πρὸς
800 1773 846 1800 τὸν

67 1819 168 1854 ἀδελφὸν
180 1819 342 1855 πολεμήσας
360 1819 577 1855 (Ἀριστόϐουλος
593 1819 668 1855 αὐτῷ
687 1819 784 1854 όνομα)
799 1819 847 1846 καὶ

67 1867 161 1900 ἀφελὼν
175 1868 227 1903 τὴν
251 1867 477 1902 ἀρχιερωσύνην,
507 1867 613 1902 ταύτην
625 1876 655 1894 τε
673 1868 720 1893 κα)¹
731 1866 781 1902 τὴν
796 1867 846 1901 τῆς

70 1913 159 1947 μητρδς
174 1912 316 1947 βασιλείαν
333 1912 414 1944 αὐτὸς
443 1912 649 1947 περιϐάλλεται.
669 1913 745 1938 Ἔτει
759 1912 786 1938 δὲ
797 1912 847 1947 τῆς

69 1958 144 1992 ἀρχῆς
159 1959 256 1993 τρίτῳ.
271 1959 320 1984 καὶ
345 1958 415 1992 πρὸς
443 1958 511 1993 μησὶ
533 1959 590 1989 τοῖς
601 1959 679 1990 ἴσοις,
703 1959 846 1993 Πομπήϊος

68 2002 140 2031 ἐλθὼν
156 2006 204 2032 καὶ
222 2004 272 2039 τὴν
291 2004 368 2031 πόλιν
385 2004 444 2030 κατ’
462 2004 552 2039 ἄκρας
571 2003 639 2030 ἑλὼν
655 2004 735 2031 αὑτὸν
747 2004 796 2039 μὲν
807 2005 846 2035 είς

72 2050 167 2087 Ῥώμην
184 2052 255 2087 μετὰ
270 2051 324 2078 τῶν
338 2051 441 2077 τέκνων
453 2051 539 2086 δήσας
551 2050 669 2085 ἔπεμψε,
683 2050 722 2084 τῷ
736 2050 758 2076 δ’
781 2050 846 2085 ’Υρ-

67 2099 131 2133 ιιανῷ
146 2099 195 2133 τὴν
208 2097 420 2132 ἀρχιερωσύνην
435 2097 552 2128 ἀποδοὺς
564 2097 613 2132 τὴν
629 2097 680 2132 μὲν
691 2096 737 2122 τοῦ
753 2095 847 2127 ἔθνους

68 2144 225 2177 προστασίαν
238 2143 383 2179 ἐπέτρεψε,
407 2143 526 2179 διάδημα
537 2143 565 2170 δὲ
592 2145 686 2178 φορεῖν
697 2142 844 2170 ἐκώλυσεν.

68 2188 142 2226 Ἦρξε
156 2192 185 2219 δὲ
199 2192 270 2227 πρὸς
279 2193 335 2223 τοῖς
346 2192 368 2217 θ’
377 2193 433 2222 τοῖς
443 2192 464 2207 "
476 2191 595 2226 πρώτοις
604 2191 655 2225 ἔτη
664 2190 784 2225 τέσσαρα
799 2190 845 2216 καὶ

896 261 1045 295 imperante
1063 283 1069 295 ,
1086 268 1114 290 et
1129 265 1224 291 horum
1260 270 1364 300 tempus
1397 268 1461 294 anni
1495 269 1684 305 quadringenti
1708 269 1713 276 ’

895 312 922 334 et
953 310 1165 343 qnatnordccim.
1197 311 1302 339 Primus
1332 313 1374 340 hic
1404 314 1554 341 Antiochus
1583 320 1608 342 et
1630 316 1683 342 dux

894 351 952 386 ejus
969 353 1073 388 Lysias,
1098 354 1195 387 Oniatt,
1210 355 1346 384 Menelaus
1362 364 1550 393 cognomento,
1580 361 1685 394 pontiﬁ-

894 403 955 425 cattt
971 399 1106 432 :thdicant,
1123 401 1318 429 interlicientes
1330 403 1403 430 illunt
1418 404 1443 429 itt
1458 403 1564 436 Heraea,
1577 409 1605 432 et
1618 413 1683 433 con-

895 448 935 469 tra
950 445 1115 472 substituunt
1140 445 1271 473 Iacimum
1286 469 1292 480 ,
1305 455 1319 474 e
1335 447 1420 483 stirpe
1434 449 1540 482 quidem
1554 451 1682 482 Aaronis,

895 489 940 515 sed
953 496 1004 515 nott
1020 497 1035 516 e
1051 494 1124 517 recta
1141 491 1220 519 linea.
1238 492 1298 519 ltleo
1314 496 1340 519 et
1356 493 1475 520 Anattias
1490 495 1586 521 mortui
1607 494 1682 522 Onim

895 535 1025 568 patruelis
1044 535 1070 562 in
1087 535 1232 571 Egyptum
1252 537 1399 572 profectus,
1415 539 1440 565 in
1456 539 1593 567 Ptolemaei
1618 540 1682 568 Plti-

895 578 1032 606 lometoris
1046 585 1073 606 et
1097 581 1245 616 Cleopatrae
1266 583 1357 610 uxoris
1382 583 1527 612 amicitiam
1559 587 1680 620 veniens,

895 626 1038 660 persuadet
1050 625 1113 657 illis,
1130 627 1249 654 condens
1276 628 1302 654 in
1328 627 1457 663 lleliopoli
1479 631 1607 665 templum
1626 631 1681 659 Deo

895 672 983 700 simile
1002 673 1025 700 ei
1053 673 1123 707 quod
1136 678 1175 700 est
1193 674 1218 700 in
1234 673 1395 707 Jerusalem,
1423 681 1451 702 ut
1470 684 1499 703 se
1525 678 1679 711 pontiﬁcem

896 723 1030 745 crearent.
1063 718 1182 746 Jacimus
1212 727 1297 747 annos
1327 726 1381 748 tres
1408 723 1588 750 sacerdotinnt
1620 732 1682 751 cunt

897 764 1010 792 rexisset
1032 765 1165 792 ntoritur:
1186 766 1227 792 cui
1259 766 1328 793 intra
1363 772 1464 801 septem
1491 776 1577 796 annos
1604 778 1682 797 nemo

896 810 1026 837 succedit.
1043 809 1161 837 Rursum
1178 818 1242 838 vero
1267 813 1367 846 posteri
1392 813 1509 840 ﬁliorum
1530 815 1681 844 Asamottmi

898 855 1038 889 imperium
1064 856 1153 890 populi
1178 858 1260 889 nacti,
1281 864 1385 886 etcum
1410 860 1603 889 Macedonibus
1632 870 1683 896 pu-

895 906 1010 936 gnantes
1025 901 1157 929 Joannem
1185 904 1343 937 pontiﬁcem
1370 910 1474 938 creant,
1490 906 1536 941 qui
1558 915 1616 934 cum
1642 916 1685 934 se-

896 953 967 981 ptem
989 948 1066 975 annis
1082 948 1234 982 praefuisset
1264 951 1388 983 moritur,
1418 951 1562 986 Trypltone
1582 953 1619 979 illi
1634 962 1682 980 ne-

895 998 952 1018 cem
975 992 1111 1025 moliente,
1136 994 1178 1020 cui
1203 994 1323 1022 succedit
1349 996 1442 1023 Simon
1469 997 1562 1024 frater.
1584 997 1681 1025 Verum

895 1041 919 1063 et
945 1036 1016 1064 hunc
1034 1037 1094 1065 dolo
1115 1038 1140 1065 in
1167 1039 1322 1067 convivium
1351 1041 1521 1068 interfectum
1548 1050 1563 1069 a
1584 1050 1682 1077 gcncrn

895 1083 1016 1117 sequitur
1030 1083 1099 1111 ﬁlius
1115 1085 1222 1112 nomine
1238 1085 1386 1120 Hyrcanus.
1405 1085 1452 1113 llic
1466 1087 1593 1120 moriens,
1608 1087 1682 1116 Juth

895 1127 978 1161 quiet
993 1129 1166 1156 Aristobulus
1194 1130 1387 1158 nominabatur
1406 1132 1532 1165 relinquit
1557 1140 1680 1168 regnum.

896 1173 1025 1208 Sequitur
1049 1175 1121 1202 hunc
1143 1174 1226 1202 frater
1245 1176 1409 1209 Alexander,
1439 1177 1531 1205 morbo
1569 1179 1681 1213 quidem

894 1220 1071 1251 exstinctum,
1104 1221 1152 1248 sed
1167 1222 1349 1249 sacerdotium
1368 1231 1431 1250 eum
1457 1231 1538 1258 regno
1556 1225 1683 1251 obtineo-

897 1271 960 1299 tem,
991 1274 1052 1293 naut
1077 1270 1104 1293 et
1130 1267 1253 1294 diadema
1279 1268 1372 1295 habuit
1393 1269 1495 1303 primus
1519 1270 1603 1297 Judas
1628 1278 1684 1297 uno

895 1319 976 1339 anno.
996 1312 1133 1346 :Regnans
1157 1320 1221 1340 vero
1252 1313 1406 1342 Alexander
1427 1319 1455 1342 et
1497 1315 1682 1349 pontiﬁcatum

895 1365 1002 1391 gerens,
1013 1364 1104 1385 'annos
1117 1358 1152 1384 27
1168 1359 1251 1386 vitant
1270 1359 1339 1392 “ﬂii,
1358 1360 1517 1387 Alexandra!
1530 1362 1607 1388 ttx0ri
1620 1369 1684 1396 pcr-

896 1395 1006 1430 mittens
1045 1405 1212 1432 constituere
1239 1406 1427 1440 pontiﬁcatum
1457 1412 1605 1440 gerentem.
1622 1395 1626 1396 7
1644 1408 1682 1435 lbi

896 1450 940 1477 illa
968 1450 1156 1484 pontiﬁcatum
1180 1451 1305 1487 Hyrcano
1332 1453 1378 1480 dat
1400 1453 1454 1480 ﬁlio
1478 1459 1542 1481 natu
1568 1455 1681 1489 majori;

897 1495 952 1529 ipsa
969 1503 1080 1529 regnum
1108 1505 1204 1524 novem
1229 1505 1317 1525 annos
1336 1506 1397 1525 cum
1424 1499 1602 1534 gubernasset
1621 1508 1682 1528 mo-

898 1540 980 1567 ritur:
1007 1541 1117 1569 totidem
1142 1542 1219 1569 annis
1241 1543 1422 1572 sacerdotium
1440 1545 1511 1580 gerit
1531 1544 1682 1581 Hyrcanus.

898 1585 961 1613 Post
986 1586 1067 1621 hujus
1096 1593 1212 1615 mortem
1231 1588 1323 1622 junior
1351 1589 1422 1617 ﬁlius
1450 1596 1544 1618 contra
1570 1591 1682 1620 fratrem

897 1633 994 1660 hellutn
1015 1640 1123 1667 gerens,
1165 1634 1274 1661 nomine
1308 1635 1490 1669 Aristobultts,
1515 1638 1683 1665 etauferctts

897 1679 1093 1713 pontiﬁcatum,
1123 1683 1177 1706 tam
1201 1679 1262 1712 hoc,
1287 1688 1368 1714 quam
1392 1682 1491 1711 nutris
1514 1690 1596 1717 reguo
1610 1685 1683 1717 poti-

898 1730 949 1752 tur.
980 1725 1073 1752 Tertio
1105 1732 1177 1752 anno
1207 1725 1324 1760 imperii,
1350 1731 1376 1753 et
1397 1728 1535 1756 mensibus
1572 1730 1681 1757 totidem

896 1771 1041 1806 Pompeius
1056 1772 1178 1804 veniens,
1194 1777 1221 1800 et
1232 1773 1329 1800 urbem
1347 1774 1370 1800 vi
1386 1774 1504 1808 capiens,
1523 1775 1609 1809 ipsum
1626 1775 1681 1804 Ro-

897 1824 967 1844 mam
982 1825 1041 1844 cuut
1058 1817 1119 1844 ﬁliis
1133 1818 1267 1852 captivum
1278 1819 1363 1846 misit.
1378 1820 1531 1855 Hyrcanum
1543 1828 1607 1848 vero
1617 1829 1685 1855 pon-

899 1863 997 1890 tiﬁcem
1013 1863 1161 1898 designans
1178 1864 1268 1899 populi
1291 1865 1433 1900 imperium
1452 1867 1476 1894 ei
1489 1867 1621 1902 permisit,
1635 1869 1684 1896 sed

896 1920 1024 1940 coronam
1046 1913 1194 1940 euml'erre
1208 1913 1304 1941 noluit.
1324 1914 1468 1948 Imperavit
1493 1923 1558 1942 vero
1587 1921 1684 1950 praeter

897 1965 993 1985 novent
1025 1958 1137 1992 primos,
1165 1959 1245 1986 annis
1278 1964 1395 1994 quatuor
1410 1965 1442 1987 et
1461 1961 1570 1995 viginti.
1602 1961 1670 1989 Basa

897 2005 1061 2039 pltarmaues
1090 2009 1118 2031 et
1136 2004 1253 2032 Pacorus
1279 2006 1400 2040 dynasta:
1425 2007 1598 2040 Parthorum,
1616 2015 1682 2035 cum

897 2051 1023 2086 Hyrcano
1048 2051 1145 2078 hellttm
1173 2056 1307 2086 gerentes,
1331 2059 1393 2079 eum
1420 2053 1511 2080 tvivum
1535 2059 1682 2089 ceperunt:

896 2097 1060 2132 Antigonum
1085 2104 1149 2125 .vero
1185 2097 1331 2124 Aristobuli
1356 2097 1440 2124 ﬁlium
1464 2105 1554 2132 regem
1578 2099 1682 2125 consti-

898 2149 1018 2172 tuerunt.
1040 2144 1107 2170 Tres
1139 2150 1204 2170 vero
1233 2151 1318 2170 annos
1344 2148 1374 2170 et
1401 2148 1456 2171 tres
1478 2151 1586 2172 menses
1608 2145 1684 2172 illunt

898 2190 1075 2224 imperantem
1107 2187 1200 2216 Sosius
1228 2189 1326 2224 3180
1356 2194 1383 2215 et
1398 2188 1522 2216 Herodes
1545 2197 1684 2225 expugna-

69 2238 154 2266 εἴκοσι.
174 2239 400 2273 Βαζαφαρμάνης
413 2237 445 2264 ’δὲ
457 2238 649 2273 καὶ-Πάκορος,
660 2238 690 2262 νοί
704 2237 753 2271 τῆς
768 2237 842 2271 Παρ-

896 2240 968 2262 runt.
993 2234 1127 2261 Antoninus
1143 2241 1206 2261 vero
1222 2239 1328 2269 captum
1344 2235 1493 2262 Antiochia
1516 2237 1604 2262 securi
1620 2243 1684 2270 per-

68 2283 156 2320 θυηνῆς
166 2285 310 2315 δυνάσται,
328 2284 533 2318 πολεμήσαντες
546 2282 679 2318 ’Υρκανῷ
700 2283 782 2310 αὑτὸν
795 2283 845 2318 μὲν

68 2329 160 2366 ζωγρίᾳ
182 2332 205 2347 κ
235 2331 341 2363 ἑλαὸον,
357 2329 509 2363 Ἀντίγονον
522 2330 555 2355 δὲ
570 2329 617 2356 τὸν
637 2328 844 2364 ’Λρισυισδούλου

68 2376 114 2401 υἱὸν
127 2376 238 2410 βασιλέα
256 2375 438 2410 κατέστησαν.
450 2375 519 2402 ιΓ¹δὲ
532 2374 581 2409 ἐτη
597 2376 644 2403 καὶ
661 2374 785 2409 μῆναςεγ1
795 2374 844 2408 ἄρ-

69 2421 139 2452 ξαντα
153 2422 246 2448 τοῦτον
260 2422 369 2453 Σόσσιος
387 2421 435 2448 καὶ
458 2420 580 2456 Ἡρώδης
604 2419 843 2455 ἐξεπολιόρκησαν,

69 2465 194 2500 Ἀντώνιος
217 2468 245 2494 δὲ
274 2467 424 2502 ἀναχθέντα
449 2468 478 2493 ὲν
504 2466 656 2501 Ἀντιοχείᾳ
669 2466 840 2495 ἐπελέκισεν.

68 2512 114 2548 Τὴν
131 2514 157 2541 δὲ
178 2513 318 2549 βασιλείαν
343 2513 466 2548 Ἡρώδης
487 2513 563 2548 παρὰ
591 2513 733 2548 Ῥωμαίων
757 2513 844 2547 ὲγχει-

69 2559 157 2592 ρισθεὶς
167 2560 259 2586 οὐκέτι
269 2561 302 2586 ὲκ
318 2560 365 2586 τοῦ
375 2559 562 2595 ’Ἀσαμωναίου
576 2559 669 2593 γένους
682 2559 843 2593 καθίστησιν

70 2605 202 2640 ἀρχιερεῖς,
220 2606 344 2640 ἀσήμους
356 2605 384 2632 δέ
402 2613 478 2636 τινας
497 2605 545 2631 καὶ
559 2605 639 2638 μόνον
652 2605 681 2637 ἐξ
691 2605 786 2639 ἱερέων
799 2603 843 2630 όν-

69 2657 119 2680 τας.
133 2652 199 2686 πλὴν
216 2651 274 2682 ἑνός
287 2658 294 2666 ·
314 2650 520 2685 Ἀριστόϐουλος
546 2650 567 2677 δ’
582 2648 616 2685 ἧν
641 2647 728 2681 οὗτος,
746 2649 842 2680 υἱωνὸς

69 2693 126 2731 δ’ῆν
137 2695 213 2729 οὗτος
228 2698 260 2723 ἐκ
270 2697 409 2732 θυγατρὸς
432 2695 566 2732 Ὑρκανοῦ
590 2696 638 2722 τοῦ
657 2695 841 2730 ὑποῖιάρθων

69 2741 212 2777 ληφθέντος,
223 2740 254 2770 οὗ
269 2744 317 2770 καὶ
329 2745 362 2779 τῇ
374 2743 474 2778 ἀδελφῇ
492 2744 513 2758 ¹¹
541 2742 656 2778 συνῴκει
670 2742 840 2777 Μαριάμμη.

898 2280 991 2307 cussil.
1024 2278 1147 2314 Regnum
1177 2284 1267 2306 autem
1290 2279 1412 2306 Herodes
1428 2287 1442 2306 a
1458 2278 1590 2306 Romanis
1619 2281 1684 2307 ade-

898 2331 968 2359 ptus,
998 2333 1050 2352 non
1072 2324 1188 2359 amplius
1213 2332 1229 2352 ει
1248 2331 1346 2358 genere
1364 2325 1527 2352 ‘Asamonaeo
1543 2326 1685 2360 pontiﬁces

898 2372 1055 2400 constituit:
1076 2371 1207 2398 obscuros
1233 2379 1297 2398 vero
1325 2371 1442 2406 aliquos,
1459 2376 1487 2398 et
1504 2372 1588 2398 solum
1610 2380 1626 2399 e
1641 2380 1685 2400 sa-

898 2417 1050 2447 cerdotibus
1079 2417 1217 2448 oriundos,
1242 2421 1339 2450 praeter
1365 2424 1445 2443 umtnt
1486 2417 1682 2449 Aristobulum,

898 2468 1023 2497 nepotem
1045 2470 1060 2490 e
1089 2463 1144 2493 lilia
1169 2462 1285 2498 Hyrcani
1312 2471 1325 2492 tt
1352 2463 1462 2490 Partitis
1490 2465 1571 2498 capti,
1603 2464 1683 2499 cujus

897 2518 973 2538 soror
987 2518 1046 2537 cttnt
1063 2510 1210 2536 Mariamne
1223 2509 1299 2537 vixit.
1311 2509 1394 2537 ‘l-lunc
1417 2502 1600 2540 Aristobulum
1625 2519 1684 2538 nte-

897 2563 974 2585 tuens
990 2562 1115 2591 tanquam
1137 2555 1265 2589 nohilent,
1280 2561 1306 2582 et
1324 2564 1371 2590 per
1393 2564 1422 2583 se
1446 2558 1633 2595 conspicuum,
1650 2566 1685 2584 no

896 2602 1010 2637 populus
1038 2601 1070 2628 ad
1088 2609 1149 2629 eum
1173 2601 1325 2632 inclinaret.
1350 2600 1509 2629 Jerichunte
1528 2603 1554 2628 itt
1573 2601 1684 2636 piscina

896 2648 1020 2676 suffocari
1042 2648 1134 2682 jussit.
1151 2647 1189 2674 De
1202 2646 1374 2673 sacerdotum
1390 2648 1584 2673 constitutione
1608 2647 1684 2673 sinti-

896 2696 929 2723 lia
955 2695 1063 2722 molitus
1086 2694 1158 2720 ﬁlius
1173 2694 1230 2728 ejus
1246 2693 1405 2724 Archelaus,
1423 2698 1450 2720 et
1463 2697 1522 2727 post
1538 2693 1612 2719 illuttt
1629 2693 1684 2718 Ro-

896 2741 981 2774 mani,
1007 2742 1052 2776 qui
1085 2740 1228 2774 imperium
1259 2740 1425 2766 invaserunt.
1457 2738 1526 2765 Sunt
1541 2738 1622 2772 igitur
1649 2738 1683 2764 ait

663 2801 781 2828 VARI/13
808 2799 955 2827 LECTION
961 2798 1011 2825 ES.

102 2847 120 2863 "
130 2847 307 2883 δειμαμένους
322 2847 501 2883 llteschelius.
518 2847 599 2874 Deest
617 2852 706 2874 autem
734 2847 807 2883 ναόν.

866 2845 885 2861 ⁸⁸
901 2845 987 2880 παρὰ]
1004 2844 1068 2879 περὶ
1084 2844 1115 2872 C.

1165 2845 1186 2861 ¹⁷
1203 2846 1219 2880 ἡ
1237 2844 1257 2872 C
1283 2853 1289 2871 :
1307 2844 1376 2880 αὐτὴ
1389 2853 1419 2876 ς.
1471 2842 1492 2858 ¹¹¹
1504 2842 1553 2878 τὴν
1569 2841 1630 2870 add.
1647 2841 1681 2871 C.

73 2879 148 2914 "tot;
164 2879 222 2918 post
238 2883 260 2909 θ’
273 2883 335 2910 add.
351 2882 383 2909 C.
419 2884 442 2898 "'
460 2883 580 2918 ζωγρίαν
596 2892 626 2914 ς.
666 2883 688 2899 ⁸*
701 2884 734 2918 τῇ
749 2881 848 2917 ἀδελφῇ
864 2881 900 2909 C:
920 2879 1048 2916 ήὰδὲλφὴ
1067 2889 1096 2912 ς.

232 2929 369 2960 ΡΑτιιοι.
390 2928 450 2960 Ga.
473 2929 550 2960 Clll.

1427 2925 1467 2956 38
