1919 3096
15 135 98 168 1201

560 141 824 172 BIBLIOTHECA.
835 154 870 160 --
891 142 973 172 (20D.
987 143 1163 174 CCXXXIX.

1613 143 1684 177 1202

12 191 185 227 ὅεύτερον⁸
199 192 228 219 δὲ
251 194 284 220 ἐκ
300 192 348 220 τοῦ
365 194 464 230 μηροῦ.
482 195 636 232 Εὑρεθῆναι
658 196 687 223 δὲ
700 197 747 223 τὸν
761 197 834 224 6:06-

896 206 922 225 :x
937 198 1055 230 Semele,
1071 199 1226 234 iterumque
1250 206 1283 227 ex
1308 199 1422 227 femore.
1447 199 1594 235 Repertunt
1618 208 1684 229 vero

14 239 142 273 ριμσον
154 239 289 275 Πίνδαρος
304 241 333 267 ὲν
343 240 467 276 Κορίνθῳ
478 240 553 275 λέγει
565 250 572 256 ο
585 242 630 269 τὸν
644 242 673 269 δὲ
683 242 837 278 ἀρξᾶμενον

12 284 72 319 τῆς
107 284 190 321 ᾠδῆς
214 286 414 321 Ἀριστοτέλης*
428 286 552 322 Ἀρὶωθάιθ
577 296 659 323 φησιν
684 286 783 321 εἷναι⁸,
809 289 838 321 ὃς

15 331 145 366 πρῶτος
165 331 213 359 τδν
227 331 339 360 κύκλιον
353 332 442 369 ἧγαγε
455 334 545 370 χορόν.

63 424 98 450 '0
117 424 221 459 μέντοι
235 425 317 461 νόμος
331 425 468 461 γράφεται
487 426 537 462 μὲν
554 427 594 459 εἰς
606 428 770 462 Ἀπόλλωνα,
780 430 837 466 ἔχει

16 468 47 494 δὲ
78 469 134 496 καὶ
163 469 216 505 τὴν
235 471 395 505 ἐπωνυμίαν
418 472 466 498 ἀπ’
481 472 566 504 αὑτοῦ
587 473 739 510 (νόμιμος⁷
754 476 810 513 γὰρ
824 477 839 504 ὁ

23 513 185 542 Ἀπόλλων
193 515 332 552 ἐπεκλήθη
340 517 375 552 ⁸),
384 517 424 543 ὅτι
435 517 492 544 τῶν
502 518 625 554 ἀρχαίων
637 521 735 556 χοροὺς
748 522 838 549 ἱστάν-

19 566 77 584 των
95 559 152 585 καὶ
168 559 238 594 πρὸς
254 560 335 587 αὐλὸν
349 561 366 596 ἢ
383 560 468 597 λύραν
481 561 598 599 ᾀδόντων
611 563 658 590 τὸν
670 564 752 599 νόμον
762 566 784 592 Χ
788 574 837 600 ρυ-

20 604 149 640 σόθεμις
168 605 265 641 Κρης⁹
281 606 400 641 πρῶτος,
415 607 497 643 στολῇ
514 608 686 644 χρησάμενος
705 611 839 646 ἐκπρεπεῖ

20 652 70 676 καὶ
95 650 224 686 κιθάραν
238 651 381 681 ἀναλαϐὼν
395 653 439 684 ἐἰς
455 653 573 689 μίμησιν
589 654 637 683 τοῦ
660 656 837 691 ’Δπόλλωνος,

22 697 113 731 μόνος
128 695 185 734 ᾖσε
205 697 299 733 νόμον,
311 698 358 725 καὶ
373 699 606 735 εὐδοκιμήσαντος
615 701 636 717 ¹⁰
648 701 732 729 αὐτοῦ
743 702 838 740 διαμέ-

20 751 63 769 νει
81 743 99 769 ὁ
119 742 229 778 τρόπος
243 743 291 771 τοῦ
304 745 507 781 ἀγωνίσματος.
529 747 610 773 Δοκεῖ
623 746 652 774 δὲ
665 746 840 784 Τέρπανδρος

22 789 74 832 μὲν
93 789 217 824 πρῶτος
232 790 373 818 τελειῶσαι
387 792 434 819 τὸν
451 792 533 829 νόμον
545 812 553 825 ,
569 792 651 829 ἡρῴῳ
667 793 760 830 μέτρῳ
771 804 840 832 χρη-

23 837 169 869 σᾶμενος,
182 836 280 864 ἔπειτα
297 837 395 872 Ἀρίων
405 839 418 865 ὑ
429 838 609 874 Μηθυμναῖος
624 839 674 869 οὐκ
686 839 764 874 ᾁλίγα
777 849 840 869 συν-

22 882 169 917 αυξῆσαι,
179 883 260 914 αὐτὸς
273 883 320 909 καὶ
333 884 448 919 ποιητὴς
459 885 507 912 καὶ
522 885 672 920 κιθαρῳδὸς
681 886 837 921 γενόμενος.

21 928 134 963 Φρῦνις
145 929 170 944 ”
187 929 217 956 δὲ
238 930 252 956 ὀ
267 929 451 965 Μιτυληναῖος
466 931 680 966 ἐκαινοτόμησεν
693 932 776 962 αὐτόν
788 940 796 948 ”
809 933 841 960 τό

21 985 52 1003 τε
76 976 142 1012 γὰρ
162 975 316 1012 ἑξάμετρον
328 976 368 1012 τῷ
382 977 522 1014 λελυμένῳ
538 977 653 1013 συνῆψε,
670 978 717 1005 καὶ
731 980 841 1016 χορδαῖς

21 1023 80 1049 τῶν
98 1022 126 1055 ζ
146 1022 274 1050 πλείοσιν
288 1024 435 1059 ἐχρήσατο.
453 1024 586 1060 Τιμόθεος
612 1024 642 1052 δὲ
667 1024 782 1062 ὕστερον
800 1027 840 1059 εἰς

22 1070 75 1104 τὴν
98 1069 157 1096 νῦν
177 1069 260 1097 αὐτὸν
273 1069 295 1085 ¹¹
314 1070 402 1105 ἦγαγε
421 1070 510 1103 τάξιν.

62 1160 174 1186 ἐστιν
199 1157 278 1186 οὖν¹³
293 1159 308 1186 ὸ
327 1166 377 1196 μεν
400 1159 568 1196 διθύραμϐος
590 1162 770 1197 κεκινημένος
794 1163 841 1189 καὶ

26 1206 100 1233 πολὺ
128 1205 165 1232 τὸ
188 1205 366 1238 ἐνθουσιῶδες
393 1206 462 1242 μετὰ
489 1207 601 1242 χορείας
623 1207 776 1243 ἐμφαίνων,
800 1210 841 1241 εἰς

26 1252 108 1288 πάθη
119 1252 402 1287 κατασκευαζόμενος
411 1253 445 1280 τὰ
460 1252 577 1288 μάλιστα
587 1255 676 1282 οἰκεῖα
683 1254 722 1290 τῷ
731 1255 790 1290 Θεῷ
800 1255 821 1271 ¹⁸
831 1263 838 1270 ·

27 1299 75 1326 καὶ
95 1298 253 1333 σεσόὸηται
266 1298 317 1333 μὲν
330 1299 378 1325 καὶ
395 1300 451 1331 τοῖς
469 1299 602 1335 ῥυθμοῖς,
620 1300 667 1330 καὶ
689 1300 841 1327 ἁπλουστέ-

28 1353 95 1380 ραις
105 1345 131 1361 ¹⁸
151 1344 290 1379 κέχρηται
306 1345 366 1377 ταῖς
379 1343 496 1377 λέξεσιν.
505 1344 534 1372 '0
547 1344 576 1372 δὲ
592 1345 674 1381 νόμος
684 1346 841 1374 τούναντίον

27 1391 73 1418 διὰ
88 1391 152 1418 τῶν
169 1390 238 1417 θεῶν
254 1391 360 1417 ἀνεῖται
383 1391 560 1426 τεταγμένως
570 1391 592 1407 ⁸⁸
606 1392 652 1418 καὶ
671 1392 842 1428 μεγαλοπρε-

28 1437 105 1469 πῶς,
121 1436 177 1463 καὶ
186 1437 243 1468 τοῖς
259 1436 374 1472 ῥυθμοῖς
386 1436 502 1470 ἀνεῖται,
519 1437 568 1464 καὶ
579 1437 738 1470 διπλασίαις
748 1439 769 1454 ⁸⁷
781 1440 841 1471 ταῖς

27 1482 127 1515 λέξεσι
152 1482 299 1517 κέχρηται.
314 1482 352 1509 Οὐ
372 1482 426 1518 μὴν
442 1483 519 1516 ίᾶλλὰ
542 1483 590 1510 καὶ
614 1485 675 1515 ταῖς
696 1484 842 1520 ἁρμονίαις

27 1530 155 1560 οἰκείαις
171 1528 304 1565 ἑκάτερος
317 1527 338 1544 ¹⁸
353 1529 452 1564 χρῆται
465 1537 472 1544 ·
488 1530 502 1556 ὁ
520 1529 570 1564 μὲν
588 1528 665 1565 [γὰρ]
679 1529 726 1556 τὸν
736 1531 757 1546 ί⁹
768 1530 841 1566 Φρύ-

28 1585 94 1610 γιον
110 1576 166 1602 καὶ
187 1573 374 1610 Ὕποφρύγιον
391 1574 540 1610 ἁρμόζεται
550 1595 557 1607 ,
573 1575 587 1601 ὁ
599 1575 682 1610 νόμος
695 1575 723 1602 δὲ
740 1575 779 1611 τῷ
795 1585 842 1603 συ-

31 1623 162 1657 στήματι
179 1620 219 1655 τῷ
235 1621 291 1648 τῶν
314 1620 474 1656 κιθαρῳδῶν
495 1621 694 1657 Λυδίῳ.¹Ἐοικε
716 1622 745 1649 δὲ
761 1623 775 1649 ὁ
792 1623 842 1657 μὲν

30 1666 215 1703 διθύραμϐος
227 1666 283 1693 ἀπὸ
295 1666 347 1701 τῆς
361 1666 432 1693 κατὰ
457 1668 520 1699 τοὺς
537 1668 640 1701 ἀγροὺς
665 1668 773 1700 παιδιᾶς
795 1669 842 1695 καὶ

30 1714 84 1748 τῆς
100 1713 133 1738 ὲν
149 1713 210 1743 τοῖς
225 1712 319 1743 πότοις
333 1711 504 1750 εὺιρροσύνης
520 1713 676 1748 εὑρεθῆναι,
693 1714 707 1740 ὁ
720 1713 748 1740 δὲ
761 1715 842 1750 νόμος

33 1757 113 1784 eam
133 1755 187 1792 μὲν
201 1757 256 1783 ἀπὸ
271 1756 317 1783 τοῦ
333 1747 448 1789 παῖἄνος
464 1747 580 1793 ῥυῆναι·
602 1758 616 1784 ὁ
644 1758 694 1793 μὲν
717 1759 771 1794 γάρ
784 1747 842 1786 ἐστι

34 1803 210 1838 κοινὸτερος,
225 1803 263 1834 εί..
278 1802 370 1829 κακῶν
384 1803 552 1838 παραίτησιν
567 1804 771 1839 γεγραμμένος,
784 1806 798 1832 ὁ
813 1805 842 1831 δὲ

35 1849 117 1880 ἰδίως
134 1849 178 1880 εἰς
189 1848 346 1876 Ἀπόλλωνα
354 1848 475 1875 ¹θ.ὐθεν
490 1848 521 1876 τὸ
536 1849 585 1884 μὲν
599 1850 774 1882 ἐνθουσιῶδες
793 1852 844 1878 οὐκ

33 1897 108 1930 ἔχει,
127 1895 169 1926 ὡς
195 1895 210 1921 ὀ
233 1894 417 1930 διθύραμϐος’
434 1897 494 1922 ἐκεῖ
520 1896 570 1931 μὲν
594 1896 648 1931 γὰρ
670 1896 779 1931 μέθαι¹¹
795 1897 843 1924 καὶ

34 1943 162 1974 παιδιαὶ,
177 1941 296 1969 ἐνταῦθα
314 1942 344 1969 δὲ
362 1942 476 1969 ἱκετεῖαι
500 1943 549 1969 καὶ
572 1943 657 1978 πολλὴ
669 1944 747 1976 τάξις
760 1951 767 1958 ο
795 1944 843 1971 καὶ

34 1989 94 2023 γὰρ
106 1987 192 2019 αὐτὸς
201 1988 216 2014 ό
226 1987 292 2019 Θεὸς
304 1989 333 2014 ὲν
344 1987 420 2020 τάξει
434 1989 481 2015 καὶ
496 1989 679 2024 συστήματι¹¹
691 1990 843 2017 κατεσταλ-

36 2035 111 2070 μένῃ
131 2033 311 2070 περιέρχεται
331 2032 397 2069 [524
415 2034 463 2070 H.]
484 2037 530 2062 τὸν
550 2036 698 2070 κρονσμόν.

71 2079 224 2107 ’Δδωνίδια
233 2079 257 2095 ’³
274 2079 302 2106 δὲ
316 2079 425 2114 λέγεται
438 2081 473 2107 τὰ
489 2080 530 2112 είς
541 2080 655 2107 Ἀδωνιν
673 2081 844 2116 ἀναφερόμε-

36 2126 192 2163 νιᾝδετο
206 2125 236 2152 δὲ
251 2127 265 2152 ό
275 2125 413 2162 Ἰόϐακχος
427 2127 456 2153 ὲν
469 2127 578 2161 ἑορταῖς
599 2127 647 2153 καὶ
661 2126 768 2159 θυσίαις
783 2129 843 2154 Διο-

36 2173 137 2204 νύσου,
155 2172 375 2207 βεϐαπτισμένος
390 2171 480 2207 πολλῷ
498 2172 668 2208 φρυάγματι.
678 2174 843 2209 Ὑπόρχημα

891 244 975 272 fuisse
989 244 1111 272 Corinthi
1127 245 1330 280 dithyrambunt
1349 245 1486 273 Pindarus
1508 246 1602 274 rel'ert.
1626 246 1685 274 Pri-

891 297 964 316 mum
995 297 1060 317 vero
1084 291 1130 324 qui
1161 290 1213 318 hoc
1239 291 1362 318 carmine
1385 291 1527 324 cecinerit,
1550 290 1685 321 Aristote-

890 334 929 361 lcs
943 334 999 370 (9|)
1015 335 1143 363 Arionem
1156 335 1241 364 fuisse
1255 336 1354 371 prodit,
1371 337 1417 372 qui
1447 338 1550 372 primus
1567 338 1684 374 cyclium

890 379 1001 407 chorum
1018 381 1104 408 duxit.

925 424 1027 453 Nontos
1041 426 1151 460 quidem
1164 426 1191 454 in
1201 426 1354 462 Apollinem
1379 428 1563 463 conscriptus,
1588 436 1604 456 a
1628 436 1685 464 quo

891 470 1101 509 appellationem
1116 472 1242 506 sumpsit.
1258 471 1400 502 Nomimus
1420 475 1492 501 enirn
1509 475 1614 510 Apollo,
1636 475 1685 510 qui

890 517 928 544 ita
946 517 1098 552 appellatus
1110 523 1153 545 est
1165 519 1237 553 quod
1247 519 1386 549 veteribus
1403 520 1502 548 choros
1514 522 1685 549 constituen-

890 563 974 596 tibus,
997 568 1026 590 et
1051 563 1084 591 ad
1104 563 1197 591 tibiam
1215 564 1257 594 vel
1283 565 1374 601 lyram
1395 565 1492 603 320b
1518 574 1616 594 nomon
1637 575 1684 593 ca-

890 609 1031 640 nentibus.
1060 609 1267 645 Cbrysothemis
1307 611 1448 640 Cretensis
1482 612 1585 646 primus
1616 613 1684 640 stola

891 661 958 681 usus
971 653 1082 688 insigni,
1101 659 1129 681 et
1141 660 1253 690 accepta
1263 656 1380 689 cithara,
1395 657 1547 692 Apollinem
1564 658 1686 685 imitatus

890 699 964 727 solus
977 700 1108 728 cecinerit
1125 709 1237 734 nomon,
1254 702 1300 737 qui
1327 710 1389 733 cum
1420 711 1452 731 eo
1477 711 1577 738 genere
1603 704 1686 732 vehe-

891 750 999 773 menter
1011 747 1141 781 probatus
1159 752 1245 781 esset,
1263 749 1416 783 permansit
1424 749 1470 777 hic
1484 749 1580 777 modus
1596 755 1686 777 certa-

891 792 984 820 minis.
1000 792 1188 828 Terpandrum
1204 801 1268 821 vero
1287 801 1388 822 nomon
1397 794 1548 823 absolvisse
1563 801 1686 830 apparet,

893 846 953 866 cum
964 838 1103 867 heroicum
1114 847 1224 867 carmen
1233 841 1372 868 adhibuit:
1386 845 1446 875 post
1457 841 1540 870 Arion
1551 841 1687 877 Methym-

891 891 967 912 naeus
985 891 1038 911 non
1053 892 1149 920 parum
1167 885 1251 916 auxit.
1270 890 1348 920 poeta
1367 886 1436 924 ipse,
1452 891 1480 914 et
1508 886 1686 916 citharcedus.

891 930 1014 966 Phrynes
1027 937 1091 959 vero
1106 930 1276 966 Mitylenazus
1285 939 1382 961 novatn
1399 932 1530 960 rationem
1546 940 1688 960 commen-

891 980 937 1003 tus
951 980 1003 1004 est.
1034 975 1232 1005 Hexatnetrum
1250 984 1368 1012 namque
1387 985 1447 1004 cum
1464 978 1552 1005 soluto
1566 979 1688 1006 carmine

891 1022 1042 1057 conjunxit,
1061 1022 1183 1058 pluribus
1210 1023 1303 1055 etiam,
1333 1030 1414 1058 quattt
1443 1029 1548 1059 septem
1576 1025 1688 1052 chordis

891 1076 957 1096 usus
970 1077 976 1095 :
987 1073 1079 1102 postea
1096 1068 1256 1096 Timotheus
1267 1076 1340 1103 euut,
1351 1069 1397 1105 qui
1411 1076 1483 1096 nuttc
1499 1073 1550 1103 est,
1562 1070 1687 1097 ordinem

892 1114 997 1141 induxit

927 1159 975 1187 Esi.
993 1165 1084 1188 autem
1102 1160 1292 1196 dithyrambus
1318 1162 1462 1194 incitatus,
1478 1167 1505 1188 et
1518 1162 1631 1189 multum
1645 1161 1688 1188 Γη-

892 1205 962 1234 roris
979 1214 1041 1234 cum
1057 1206 1203 1234 saltatioue
1227 1207 1387 1240 ostendens,
1404 1207 1437 1234 ad
1453 1207 1688 1236 vehementiores-

892 1260 946 1287 que
961 1252 1073 1281 aliectus
1086 1257 1273 1288 comparatus,
1292 1253 1325 1280 ad
1342 1261 1389 1281 eos
1402 1254 1565 1288 praisertim,
1583 1254 1629 1289 qui
1650 1253 1688 1281 illi

894 1298 997 1326 numini
1009 1303 1072 1326 sunt
1086 1304 1267 1333 congruentes
1278 1307 1284 1326 :
1294 1299 1487 1327 etconcitatus
1500 1304 1542 1326 est
1557 1299 1688 1330 numeris,

893 1348 919 1371 et
934 1344 1053 1372 dictione
1070 1345 1157 1372 utitur
1185 1344 1345 1380 sitnpliciori
1364 1365 1372 1380 ,
1404 1352 1500 1374 notuos
1526 1350 1619 1372 contra
1642 1352 1690 1379 per

893 1389 1006 1418 affectus
1035 1395 1062 1417 et
1077 1398 1205 1418 numeros
1220 1390 1340 1419 leniores
1356 1391 1515 1424 remittitur,
1539 1392 1691 1426 Composito

894 1437 990 1473 gradu,
1007 1441 1034 1464 et
1046 1436 1191 1471 magnifico
1208 1437 1358 1465 incedens:
1374 1437 1466 1466 verbis
1487 1442 1620 1473 prmterea
1633 1438 1692 1465 du—

894 1482 1010 1517 plicibus
1023 1482 1119 1510 utitur.
1140 1483 1210 1516 Quin
1231 1488 1259 1511 et
1271 1487 1419 1518 utrutuque
1433 1483 1530 1519 [genus
1548 1481 1691 1520 carminis]

895 1529 1054 1562 congruenti
1070 1529 1157 1555 utitur
1171 1528 1327 1556 harmonia.
1340 1528 1407 1556 Illud
1423 1528 1533 1564 quidem
1545 1529 1690 1563 Phrygiam

895 1579 923 1601 et
938 1573 1159 1609 llypophrygium
1177 1575 1288 1602 adhibet
1304 1583 1312 1607 ;
1342 1582 1439 1602 nomos
1462 1582 1526 1603 vero
1542 1579 1692 1610 systetnate

895 1621 1120 1652 citharmdorum,
1137 1619 1224 1656 Lydio
1234 1621 1351 1652 Scilicet.
1373 1626 1552 1655 temperatur.
1578 1620 1693 1648 Videtur

896 1670 986 1693 autem
1001 1666 1190 1702 dithyrambus
1208 1666 1234 1694 in
1248 1667 1411 1695 rusticorqu
1430 1666 1490 1696 lusu
1502 1671 1528 1694 et
1543 1666 1691 1698 hilaritate,

896 1712 967 1738 inter
979 1711 1074 1746 pocula
1088 1717 1213 1746 repertus
1240 1719 1323 1740 esse:
1345 1719 1440 1739 ttomos
1468 1720 1530 1739 vero
1555 1720 1570 1738 a
1599 1719 1693 1747 paeane

896 1756 1007 1784 ﬂuxisse
1024 1764 1031 1790 ;
1048 1758 1094 1784 sed
1106 1757 1149 1784 hic
1161 1762 1236 1792 patet
1252 1758 1342 1790 latius,
1357 1758 1468 1792 adimala
1482 1757 1689 1784 averruncanda

896 1803 1079 1837 conscriptus,
1098 1803 1145 1831 ille
1169 1811 1234 1831 vero
1251 1804 1362 1839 proprie
1379 1803 1405 1830 in
1421 1803 1556 1839 Apollinis
1573 1803 1692 1836 laudem,

897 1850 968 1877 unde
983 1854 1011 1877 et
1023 1849 1199 1877 furibundum
1228 1850 1296 1877 nihil
1322 1850 1413 1883 habet,
1439 1855 1468 1877 ut
1494 1849 1692 1884 dithyrambus.

897 1895 952 1923 Illic
969 1896 1040 1923 enim
1055 1896 1212 1923 tetuulentia
1227 1901 1255 1924 et
1280 1897 1383 1923 ludicra
1402 1896 1517 1930 puerilia
1547 1900 1610 1922 sunt
1626 1895 1691 1927 ;hic

897 1949 962 1969 vero
986 1942 1211 1976 supplicationes,
1244 1942 1338 1969 varius
1373 1942 1455 1968 etiam
1495 1942 1571 1969 ordo.
1593 1940 1695 1968 Ordine

897 1995 1015 2022 namque
1031 1992 1058 2015 et
1086 1992 1237 2023 systemate
1264 1987 1407 2015 moderato
1420 1987 1522 2014 incedit
1545 1987 1604 2022 ejus
1626 1994 1694 2014 con-

896 2039 1002 2063 contus.

932 2080 1065 2108 Adonidia
1080 2081 1218 2114 dicuntur,
1232 2087 1293 2116 qua:
1309 2080 1335 2108 in
1359 2080 1475 2108 Adonim
1495 2079 1695 2106 referebantur.

897 2127 1047 2154 lobacchus
1057 2127 1244 2155 canebaturin
1262 2127 1341 2154 festis
1367 2131 1395 2153 et
1421 2126 1566 2154 sacriﬁciis
1584 2124 1695 2156 Bacchi,

898 2174 998 2200 tinctus
1023 2172 1106 2200 multo
1135 2178 1162 2199 et
1191 2172 1320 2200 insolenti
1355 2172 1477 2199 fremitu.
1505 2171 1696 2206 llyporchema

37 2219 99 2246 ενδ
117 2219 150 2244 τὸ
167 2219 226 2253 μετ’
242 2217 385 2253 ὀρχήσεως
409 2219 539 2254 ᾀδόμενον
556 2219 637 2254 μέλος
653 2219 779 2254 ἐλέγετιν
796 2222 840 2247 καὶ

901 2219 1036 2245 vocabant
1052 2225 1162 2246 carmen
1177 2225 1238 2245 cum
1250 2218 1397 2245 saltatioue
1418 2217 1594 2244 decantatum
1612 2225 1619 2249 ;
1643 2215 1697 2242 ὑπὸ

37 2264 97 2300 γὰρ
111 2264 138 2290 οἱ
153 2263 264 2290 παλαιοὶ
282 2263 331 2298 τὴν
346 2264 407 2291 ὑπὸ
421 2263 482 2290 ἀντὶ
494 2263 544 2298 τῆς
553 2264 629 2298 μετὰ
643 2263 706 2300 [988
720 2264 767 2301 R.]
786 2265 849 2292 πολ-

899 2264 971 2291 enim
982 2269 1086 2291 veteres
1095 2272 1143 2299 pro
1154 2265 1223 2299 μετὰ
1231 2272 1303 2299 saepe
1313 2264 1413 2300 321a
1423 2269 1600 2299 usurparuttt.
1611 2262 1698 2296 Hujus

39 2310 124 2342 λάκις
142 2309 307 2345 ὲλάμῧανον.
327 2309 449 2346 Εὐρετὰς
473 2309 501 2336 δὲ
523 2310 626 2337 τούτων
648 2311 774 2344 λέγουσιν
783 2312 806 2327 ’⁸
823 2321 837 2337 ο

896 2310 1056 2338 inventores
1072 2310 1155 2338 fuisse
1170 2311 1302 2344 referunt,
1317 2311 1343 2337 hi
1368 2311 1479 2345 quidem
1495 2310 1620 2341 Curetas,
1650 2308 1696 2336 alii

42 2356 93 2390 μὲν
112 2355 272 2390 Κούρητας,
286 2356 312 2382 oi
326 2355 354 2383 δὲ
371 2357 479 2391 Πύρρον
496 2355 543 2382 τὸν
555 2355 712 2391 Ἀχιλλέως,
729 2356 790 2383 ὅθεν
801 2357 848 2383 καὶ

41 2401 190 2437 Πυρῤίχην
202 2398 271 2432 εἶδός
288 2409 316 2427 τι
327 2401 350 2417 ’⁸
364 2401 505 2436 ὀρχήσεως
519 2401 655 2435 λέγουσιν.
665 2401 694 2428 ’0
712 2402 740 2428 δὲ
760 2401 847 2428 ἐπίνι-

42 2456 91 2479 κος
102 2447 126 2463 ’⁷
143 2445 192 2474 ὑπ’
207 2446 288 2474 αὐτὸν
304 2447 351 2474 τὸν
362 2447 458 2482 καιρὸν
473 2447 522 2482 τῆς
536 2447 614 2482 νίκης
626 2448 683 2479 τοῖς
698 2448 847 2482 προτεροῦ-

900 2364 965 2384 vero
979 2357 1112 2392 Pyrrhum
1140 2357 1254 2384 Achillis
1273 2357 1356 2384 lilium
1372 2366 1379 2384 :
1397 2357 1468 2384 unde
1481 2357 1635 2384 saltationis
1650 2363 1698 2390 ge-

900 2411 951 2431 nus
959 2403 1094 2438 quoddam
1111 2402 1279 2438 l’yrrichiam
1289 2403 1462 2439 [Pyrrichan,
1472 2404 1515 2431 vel
1527 2401 1692 2439 Pyrrichen]

903 2449 1056 2476 nominant.
1072 2448 1221 2483 Epiuicios,
1236 2455 1334 2477 cantus
1358 2454 1420 2484 post
1448 2450 1590 2477 victoriam
1612 2449 1638 2476 in
1651 2449 1698 2476 ho-

694 2516 812 2544 VARl/E
842 2516 1046 2546 LECTIONES.

81 2564 93 2579 ⁸
109 2563 246 2598 δειξτερονγ
264 2562 292 2598 δὲ
311 2562 356 2598 _Ah
381 2562 453 2590 ξκαὶ
477 2562 492 2589 δ
514 2562 626 2598 εύτερον
652 2572 683 2595 ς.

737 2563 749 2579 ⁸
763 2563 881 2597 Ἀρίωνα
915 2573 946 2596 ς.

998 2565 1009 2580 ⁸
1025 2573 1108 2600 φησιν
1134 2563 1205 2592 εἶναι
1233 2564 1274 2592 A:
1291 2565 1364 2599 λέγει
1382 2574 1412 2598 ς.
1469 2565 1479 2581 ⁷
1494 2565 1587 2600 νόμιος
1600 2563 1700 2591 Schol-

45 2604 99 2640 t-us.
143 2597 155 2613 ⁸
165 2597 332 2640 ’ξττεκλήθηλ
348 2598 463 2640 νέμιμος
483 2598 511 2624 δὲ
539 2597 716 2640 ἐκλήθη-Δίῃ.
728 2633 736 2640 _
749 2599 861 2640 °_Xpug.
875 2601 889 2640 ς
902 2599 980 2640 Κλρῂς
994 2597 1037 2640 ς’(
1056 2597 1085 2616 ’¹⁰
1094 2600 1141 2640 καὶ
1149 2597 1438 2640 ερδοκεμηιξαντοςᾉίι
1448 2597 1700 2640 ε-εὺδόκιιμήραντος

45 2635 73 2660 δὲ
84 2642 116 2665 ς.
165 2635 188 2649 ¹¹
201 2635 299 2674 φρῦνις
311 2635 348 2660 B:
364 2635 470 2669 Φρύνης
485 2642 516 2665 ς.
554 2635 576 2650 ¹²
589 2635 671 2660 αὑτὸν
683 2635 746 2661 add.
755 2635 788 2662 A.

47 2668 796 2740 πὶῗεῗέὴῗ⁵εἷῗιΐιῗὲἕὲἐῗωῖὲἒξλάἱίιξῗέαέξῒῖνξτίά

93 2721 147 2739 ενι]
163 2721 209 2739 .u‘v
227 2721 394 2739 υιιυυιδῑυδσ

49 2774 77 2806 5,
91 2775 117 2801 ἶ.
155 2775 179 2790 ι’
190 2774 219 2800 δὲ
237 2781 292 2801 om.
304 2776 336 2801 A.
374 2775 398 2791 ”
409 2774 534 2809 λέγουσιν
544 2774 586 2801 Alt
598 2784 604 2801 :
621 2776 703 2809 φασὶν
717 2785 746 2808 ς.

165 2632 299 2671 ξξφρᾷνις
311 2632 348 2660 B:
364 2632 472 2671 11⁵ρύνης
485 2642 516 2665 ς.
549 2634 576 2671 [⁸
589 2632 671 2660 αὐτὸν
683 2633 788 2671 add.A.
802 2632 808 2635 ’
825 2632 907 2671 "iot'w
919 2632 980 2671 Ali:
996 2635 1024 2661 δὲ
1038 2644 1069 2667 ς.
1109 2635 1132 2651 ’δ
1144 2635 1182 2670 τῷ
1199 2632 1252 2671 8εῷ
1266 2632 1308 2671 Ah
1322 2645 1328 2662 :
1345 2635 1392 2662 τοῦ
1410 2635 1472 2662 θεοῦ
1481 2644 1513 2667 ς.

786 2776 808 2791 η
826 2773 894 2808 εἶδός
909 2773 934 2803 τι
946 2777 1004 2804 Alt:
1019 2786 1044 2804 τι
1060 2775 1128 2808 εἶδος
1141 2785 1171 2808 ς.

1557 2635 1579 2650 ³⁵
1594 2634 1700 2661 ἁπλου-

836 2670 857 2685 ¹⁷
873 2669 1023 2702 διπλασίοις
1037 2671 1091 2698 Ah.
1123 2671 1145 2686 "
1161 2669 1320 2706 ἑκάτεροςῦ
1336 2678 1350 2697 e
1365 2678 1438 2698 corr.
1453 2671 1493 2697 A:
1511 2670 1650 2706 ἑκατέρως
1668 2678 1699 2701 ς.

434 2705 457 2721 ³⁸
473 2704 630 2731 Ἀπόλλωνα
643 2705 686 2732 Alt
699 2714 706 2731 :
721 2704 844 2732 Ἀπόλλω
855 2714 894 2737 ς..

48 2740 71 2775 'f
86 2741 212 2775 σχήματι
221 2739 436 2774 κατεσταλμένῳ
448 2739 618 2775 Hei-manuus
634 2741 667 2766 ad
682 2740 796 2767 Aristot.
813 2740 901 2775 Poet.,
916 2748 942 2775 p.
961 2741 1004 2768 90.

938 2706 960 2722 ¹¹
981 2706 1062 2740 μέθαι
1091 2706 1138 2732 καὶ
1165 2704 1270 2733 παιδιαὶ
1287 2706 1329 2733 Alt
1351 2715 1358 2734 :
1376 2706 1445 2741 μέθη
1476 2705 1523 2741 καὶ
1555 2704 1651 2731 παιδιὰ
1668 2713 1699 2736 ς.

1058 2743 1081 2758 ’³
1093 2741 1247 2768 Ἀδωνίδεια
1259 2740 1396 2768 Bentleius
1413 2740 1446 2767 ad
1474 2740 1558 2768 Horat
1572 2747 1656 2767 sernt.
1675 2747 1695 2772 ι,

1229 2778 1250 2793 ’⁷
1266 2777 1387 2808 ὲπίνικος
1398 2776 1438 2803 Alt
1462 2784 1468 2802 :
1488 2775 1620 2806 ὲπινίκιος
1633 2782 1665 2806 ς.

823 2830 926 2858 NOTAE

90 2879 146 2914 (91)
162 2877 274 2912 Agelius
289 2877 337 2906 lib.
357 2886 383 2911 ι,
400 2885 459 2913 cap.
490 2877 532 2912 l9,
555 2877 686 2908 Ort'hium
715 2879 851 2908 cecinisse
870 2879 1000 2908 Arionem
1015 2885 1048 2906 ex
1065 2877 1200 2907 llcrodolo
1223 2873 1429 2907 commemorat.
