1919 3096
226 150 296 184 1203

781 152 896 182 ΡΗΟΤΙ
900 152 913 181 Ι
929 151 1186 183 PATRIARCH/E
1200 153 1255 184 ΟΡ.

1799 145 1879 179 1204

227 216 322 236 norem
337 215 431 236 eorum
445 207 492 243 qui
510 207 653 235 victoriam
670 212 761 235 essent
780 208 881 243 adepti,
897 208 1020 235 conscri-

1101 217 1113 233 ν
1123 208 1146 224 ¹¹⁸
1166 209 1195 236 ὲν
1211 209 1268 240 τοῖς
1283 207 1387 242 ἀγῶσιν
1400 203 1547 241 ἐγράφετο.
1561 202 1599 231 Τὸ
1618 202 1648 230 δι
1663 202 1773 229 σκολιὰν
1789 202 1879 238 μέλος

227 253 353 281 bebatur.
385 253 506 286 Scolion,
540 260 651 281 carmen
675 253 753 288 quasi
774 253 926 288 obliquum,
949 253 1019 281 inter

227 300 323 334 pocula
357 300 559 328 accinebatur:
597 300 669 328 unde
709 300 865 335 Παροίνιον,
884 300 938 327 hoc
965 305 1018 332 est,

226 345 404 372 dcbacchatio
420 345 568 378 vinolente,
594 345 740 380 aliquando
757 350 798 373 est
830 345 994 381 appellatum
1010 353 1018 372 :

227 391 370 419 remissum
385 399 450 421 vero
466 393 675 428 compositione,
693 397 720 421 et
750 393 866 428 simplex
890 393 1019 422 maxime.

227 435 333 463 Dictum
347 444 421 470 vero,
457 438 575 471 σκολιόν,
594 446 648 467 non
669 443 699 465 ut
724 438 886 473 quibusdam
918 439 1022 474 placuit

227 489 276 516 per
301 482 476 518 ἀντίφρασιν,
505 491 566 519 qua:
593 489 622 511 ut
646 485 794 520 plurimum
823 485 923 512 bonum
939 493 1021 513 omen

228 528 396 562 prepositum
408 528 498 562 habet,
513 537 566 556 non
583 534 679 557 contra
696 531 796 557 bonum
817 538 896 559 omen
923 530 950 558 in
981 531 1020 558 si-

228 573 346 601 nlstrum
363 574 491 603 traducit.
509 575 563 603 Sed
592 576 663 610 quod
680 576 878 611 prmoccupatis
888 576 944 610 jam
959 584 1023 605 sen—

229 626 308 646 suum
324 620 526 654 instrumentis,
542 625 570 648 et
581 621 753 650 auditoribus
778 623 842 650 vino
869 622 1023 658 languenti-

229 668 293 698 bus,
321 671 385 693 tunc
430 666 553 695 barbiton
598 667 625 695 ln
662 668 817 696 convivium
863 669 1021 702 inferretur,

230 711 385 746 singulique
399 712 609 747 debacchantes,
621 721 673 747 non
686 715 745 742 sine
761 715 879 742 maxime
890 715 1021 750 periculo,

229 756 264 783 ad
276 764 386 784 carmen
403 756 467 785 illud
484 757 678 793 proferendum
695 759 917 788 incurvarentur.
945 760 1022 794 Quod

230 803 312 839 igitur
323 804 388 838 ipsis
412 804 552 832 accidebat
587 810 697 840 propter
724 806 897 840 ebrietatem,
914 807 968 835 hoc
995 807 1023 835 in

230 857 341 877 carmen
349 852 615 886 traducentes,quod
631 851 865 887 simplicissimum
887 858 1023 887 erat,cn¢0-

229 895 297 926 λιόν,
312 895 340 922 id
368 902 420 929 est,
440 896 594 931 incurvum,
619 901 816 931 ettortuosum.
842 898 1022 934 appellabant.

237 943 385 978 Ἐρωτικὰ,
408 950 457 971 seu
472 943 616 976 amatoria,
640 944 795 977 mulierum,
823 952 981 979 puerorum,
998 949 1025 974 et

230 989 368 1023 virginum
385 996 465 1017 casus
480 991 630 1018 amatorios
651 991 810 1018 decantant.
840 991 1021 1027 Epithalamia

230 1042 296 1062 vero
308 1036 383 1062 novis
397 1035 500 1070 nuptis,
509 1035 658 1064 thalamum
669 1036 727 1072 jam
745 1037 888 1072 ingressis,
906 1036 1023 1072 juvenes

228 1080 309 1108 simul
322 1085 348 1108 et
362 1080 480 1115 virgines
496 1081 574 1109 thoro
591 1086 711 1110 astantes
735 1083 905 1111 accinebant.
926 1083 1026 1118 Hyme-

229 1133 318 1152 naeum
331 1129 423 1152 autem
439 1126 465 1153 in
482 1126 583 1161 nuptiis
601 1126 775 1155 decantatum
793 1127 895 1162 ferunt,
914 1134 1026 1164 propter

228 1171 407 1204 desiderium,
425 1171 718 1208 lnvestigationemque
746 1172 897 1209 llymenaai,
914 1173 1025 1210 Terpsi-

228 1217 321 1246 choraa
336 1219 397 1252 lilii,
413 1225 495 1253 quem
510 1219 591 1247 ducta
609 1226 695 1247 uxore
713 1220 858 1248 evanuisse
868 1220 956 1248 aiunt.
970 1221 1023 1248 Alii

229 1271 294 1292 vero
309 1264 337 1292 in
354 1264 486 1292 honorem
513 1265 598 1292 Attici
629 1264 781 1301 Hymenaei,
796 1273 876 1300 quem
903 1266 1024 1295 latrones

229 1315 415 1346 persecutum.
433 1315 526 1346 raptas
541 1311 662 1346 virgines
678 1311 785 1338 Atticas
802 1311 939 1340 liberasse
951 1320 1026 1340 com-

230 1362 395 1385 memorant.
411 1357 468 1392 Ego
497 1364 564 1385 vero
589 1357 677 1385 felicis
712 1358 775 1385 vitae
799 1358 1025 1387 acclamationem

230 1412 292 1432 esse
306 1408 381 1438 puto,
399 1403 633 1438 praesentibusque
660 1402 741 1430 ﬁdam
757 1404 924 1432 matrimonii
940 1405 1027 1432 socie-

231 1453 313 1477 tatem
331 1456 393 1475 eum
408 1453 503 1476 mutuo
520 1455 614 1475 amore
631 1449 811 1483 comprecari.
833 1449 938 1477 Aﬂolica
966 1451 1026 1478 dia-

232 1494 304 1522 lecto
323 1498 416 1521 votum
447 1494 619 1527 innectendo,
644 1495 720 1529 quasi
751 1495 892 1530 ὺμοναίειν
917 1500 943 1523 et
960 1498 1027 1533 δμο-

1072 255 1152 291 ᾔδετο
1176 254 1253 290 παρὰ
1263 254 1286 271 ’³
1301 253 1364 285 τοὺς
1389 252 1504 283 πάτουςυ
1521 249 1562 278 διδ
1577 249 1626 277 καὶ
1640 248 1785 284 παροίνιον
1806 249 1878 276 αὐτὸ

1071 302 1127 328 ἐσθ’
1141 301 1186 328 ὅτε
1201 300 1349 328 καλοῦσιν·
1366 295 1521 333 ἀνειμένον”
1531 295 1561 322 δέ
1583 295 1642 322 ἐστι
1657 295 1692 330 τῇ
1708 295 1876 329 κατασκευῇ

1071 347 1120 375 καὶ
1145 347 1331 374 ἁπλούστατον
1358 343 1488 380 μάλιστα,
1504 341 1616 368 Σκολιδν
1634 340 1663 367 δὲ
1680 339 1810 375 εἴρηται,
1824 340 1878 375 οὐχ

1070 393 1108 426 ὡς
1125 393 1208 425 ἐνίοις
1221 391 1294 426 ἔδοξε
1301 391 1335 425 ³⁸,
1348 390 1420 418 κατὰ
1436 387 1600 424 ἁντίφρασιν
1614 385 1660 422 (τὰ
1670 386 1726 421 γὰρ
1739 386 1815 413 κατὰ
1828 386 1878 413 ἀνα

1071 440 1200 475 τίφρασιν
1212 438 1250 470 ὡς
1266 437 1369 464 έπίπαν
1381 435 1429 463 τοῦ
1444 432 1620 470 εὐφημισμοῦ
1636 432 1813 468 στοχάζεται,
1823 432 1878 459 οὑκ

1071 487 1112 519 είς
1124 485 1301 520 κακοφημίαν
1323 482 1486 519 μεταϐάλλει
1497 481 1518 498 ³¹
1535 481 1567 507 τὺ
1581 479 1729 515 εῦφημον),
1745 478 1818 506 ἀλλὰ
1832 478 1878 505 διὰ

1071 533 1103 559 τὸ
1118 529 1401 568 προκατειλημμένων
1412 527 1463 564 ἢδη
1475 526 1530 554 τῶν
1541 525 1730 561 αἰσθητηρίων
1742 524 1794 551 καὶ
1804 532 1878 558 παρ-

1072 578 1188 614 ειμένων
1201 576 1265 612 οῐνῳ
1273 576 1295 592 ³¹
1310 575 1365 602 τῶν
1375 572 1520 610 ἀκροατῶν
1532 571 1684 608 τηνικαῦτα
1694 570 1876 605 εἰσφέρεσθαι

1071 624 1103 651 τὸ
1116 623 1245 659 βάρϐιτον
1261 622 1302 654 είς
1315 621 1350 648 τὰ
1365 619 1517 655 συμπόσια,
1529 618 1577 646 καὶ
1589 616 1801 649 διονυσιάζοντα
1810 616 1879 642 ἱκα-

1073 678 1136 697 στον
1151 666 1334 704 ἀκροσφαλῶς
1354 665 1557 701 συγκόπτεσθαι
1579 664 1645 699 περὶ
1661 663 1712 698 τὴν
1729 661 1880 697 προφορὰν

1072 717 1122 751 τῆς
1136 715 1312 752 ᾤδῆς.”¹οπερ
1324 711 1371 740 οὖν
1384 713 1504 747 ἔπασχον
1526 710 1604 738 αὐτοὶ
1612 710 1634 726 ³⁸
1645 710 1691 736 διὰ
1704 708 1756 744 τὴν
1777 707 1880 744 μέθην1

1073 762 1153 790 τοῦτο
1175 760 1326 796 τρέψαντες
1351 760 1391 791 είς
1414 758 1446 785 τδ
1474 757 1556 793 μέλος
1581 755 1689 784 σκολιὸν
1714 754 1834 781 ἐκάλουν
1848 752 1881 779 τὸ

1073 807 1271 836 ἁπλούστατον.
1287 806 1328 832 Τὰ
1343 805 1371 832 δὲ
1390 803 1511 840 ἐρωτικὰ
1522 803 1603 838 δῆλον
1617 802 1658 829 ὃτι
1672 800 1818 835 γυναικῶν
1829 800 1881 826 καὶ

1074 854 1180 882 παίδων
1204 853 1253 880 καὶ
1277 851 1422 888 παρθένων
1447 848 1583 886 ἐρωτικὰς
1604 847 1663 884 ᾅδει
1683 845 1878 881 περιστάσεις,

1040 884 1061 912 Β
1075 901 1130 929 Καὶ
1140 900 1176 927 τὰ
1190 884 1359 934 emendata
1371 897 1401 924 δὲ
1417 884 1474 928 τοῖς
1486 895 1548 932 ἄρτι
1563 891 1801 928 θαλαμευομένοις
1819 890 1880 925 ἅμα

1074 948 1100 975 oi.
1123 946 1211 982 ὴῖθεοι
1234 945 1283 973 καὶ
1308 945 1337 972 αί
1362 942 1493 978 παρθένοι
1518 940 1565 968 ἐπὶ
1587 939 1642 966 τῶν
1655 938 1788 973 θαλάμων
1801 934 1879 972 ᾖδον.

1081 993 1227 1028 Ὑμέναιον
1240 991 1269 1018 δὲ
1283 992 1312 1017 ὲν
1326 990 1426 1024 γάμοις
1442 987 1554 1024 ᾄδεσθαί
1576 994 1643 1020 φασι
1652 985 1674 1001 ³⁸
1696 983 1770 1011 κατὰ
1793 982 1881 1009 πόθον

1075 1039 1123 1067 καὶ
1135 1039 1249 1074 ζήτησιν
1267 1035 1414 1073 Ὑμεναίου
1431 1034 1480 1061 τοῦ
1495 1033 1677 1068 Τερψιχόρας,
1694 1030 1723 1057 δν
1739 1037 1810 1063 φασι
1825 1029 1881 1063 γή-

1077 1093 1166 1121 μαντα
1181 1083 1274 1119 ἀφανῆ
1285 1081 1430 1117 γενέσθαι·
1447 1080 1472 1107 οι
1489 1079 1518 1106 δὲ
1532 1077 1604 1105 κατὰ
1626 1076 1709 1111 τιμὴν
1725 1074 1774 1101 τοῦ
1787 1074 1882 1100 “Ant-

1075 1131 1126 1158 κοῦ
1141 1129 1290 1166 Ὑμεναίου
1301 1135 1309 1143 '
1335 1127 1431 1154 τοῦτον
1445 1126 1501 1162 γάρ
1515 1125 1582 1161 φησί
1598 1131 1664 1150 ποτε
1677 1121 1813 1154 διώξαντα
1828 1121 1882 1154 ἅφ-

1076 1177 1186 1205 ελέσθαι
1207 1175 1309 1212 κούρας
1324 1173 1451 1205 Ἀττικὰς
1461 1172 1577 1209 λῃστῶν.
1588 1169 1659 1205 Ἐγὼ
1671 1169 1700 1196 δὲ
1715 1166 1794 1204 οἶμαι
1818 1167 1880 1202 βίου

1075 1223 1168 1250 nvi"
1191 1221 1323 1257 εὐτυχοῦς
1338 1218 1567 1255 προαναφώνησιν
1583 1216 1731 1251 ὑπάρχειν,
1749 1214 1799 1241 καὶ
1820 1221 1882 1240 συν-

1077 1269 1205 1306 εύχεσθαι
1222 1269 1279 1300 τοῖς
1295 1265 1418 1294 συνιοῦσι
1427 1265 1449 1282 ³⁸
1465 1264 1534 1300 πρὸς
1544 1263 1635 1298 γάμου
1648 1260 1796 1288 κοινωνίαν

1079 1305 1282 1351 φιλοστοργίας,
1310 1312 1423 1347 Δίολικῇ
1440 1307 1697 1346 παραπλέκοντας³⁷
1712 1306 1764 1342 τὴν
1793 1305 1881 1340 εὐχὴν

1076 1350 1219 1395 διαλέκτῳ,
1233 1357 1290 1386 οἷον
1312 1357 1452 1393 ὑμεναίειν
1477 1356 1526 1383 καὶ
1550 1354 1674 1390 ὁμονοεῖν
1697 1351 1812 1383 τούτους
1835 1350 1883 1377 ἀεὶ

1076 1408 1160 1443 ὁμόσε
1172 1406 1297 1436 ναίοντας
1306 1405 1339 1432 ³⁵.
1348 1404 1377 1431 '0
1388 1404 1416 1430 δὲ
1431 1402 1520 1434 σίλλος
1528 1401 1550 1418 ³⁹
1563 1399 1697 1435 λοιδορίας
1709 1399 1756 1425 καὶ
1768 1398 1884 1433 διασυρ-

1079 1454 1147 1489 μοὺς
1161 1450 1383 1487 πεφεισμένωςδθ
1393 1448 1548 1484 ἀνθρώπων
1560 1447 1628 1482 εχει.
1644 1444 1774 1480 Διαφέρει
1787 1444 1817 1471 δὲ
1832 1444 1883 1470 τοῦ

1077 1497 1233 1534 έπικηδείου
1249 1498 1263 1525 δ
1275 1496 1384 1532 θρῆνος,
1396 1496 1437 1522 ὅτι
1452 1494 1482 1521 τὺ
1498 1493 1548 1529 μὲν
1562 1491 1719 1527 ἐπικήδειον
1731 1489 1800 1525 παρ’
1812 1489 1884 1516 αὑτὸ

233 1542 316 1573 νοεῖν,
333 1541 359 1568 id
371 1545 424 1573 est,
447 1547 500 1568 una
527 1540 653 1568 habitare
682 1545 709 1567 et
732 1541 825 1568 eadem
853 1542 957 1570 sentire
980 1551 1024 1571 eos

1101 1550 1108 1571 Ἄ
1125 1543 1217 1580 κῆδος,
1230 1543 1270 1570 ἔτι
1282 1542 1330 1569 τοῦ
1346 1541 1472 1577 σώματος
1488 1537 1672 1575 προκειμένου
1683 1536 1706 1552 ⁸³
1722 1535 1851 1570 λέγεται,
1869 1535 1884 1561 ό

233 1587 408 1615 concorditer
418 1586 542 1615 viventes
560 1591 697 1621 optarent.
712 1587 794 1614 Silius
807 1595 887 1622 parce
899 1590 1022 1618 convicia

1076 1591 1105 1618 δὲ
1124 1590 1224 1626 θρῆνος
1241 1589 1273 1616 οὑ
1292 1588 1496 1625 περιγράφεται
1515 1585 1614 1622 χρόνῳ.

233 1631 430 1666 irrisionesque
440 1631 582 1659 hominum
598 1632 731 1659 continet.
760 1631 885 1661 Threnus
910 1640 938 1661 et
972 1636 1124 1670 epicedium
1154 1636 1207 1663 hoc
1236 1633 1379 1667 differunt,
1406 1632 1479 1668 quod
1500 1631 1612 1666 iacente
1649 1629 1706 1665 jam
1732 1626 1884 1657 cadavere.

234 1678 286 1707 hoc
299 1685 347 1715 pro
360 1676 457 1706 funere
474 1678 607 1705 recitetur
624 1687 631 1706 :
646 1677 692 1706 ille
705 1685 770 1706 vero
786 1679 859 1707 nullo
868 1685 944 1708 certo
958 1686 1080 1717 tempore
1120 1681 1375 1710 circumscribatur.

271 1734 417 1763 Parthenia
443 1743 503 1771 quae
525 1735 664 1768 dicuntur,
691 1737 827 1771 virginum
846 1737 937 1766 choris
963 1740 1032 1766 adau

235 1782 392 1818 ptabantur,
419 1782 471 1810 sub
501 1789 555 1817 qua
578 1783 661 1810 etiam
683 1783 917 1819 daphnephorica,
951 1786 1031 1819 quasi

236 1829 288 1857 sub
313 1838 400 1866 genus
432 1830 545 1858 cadunt.
577 1829 681 1857 Lauros
708 1830 780 1856 enim
815 1837 888 1857 nono
922 1837 1030 1866 quoque

235 1882 308 1902 anno
337 1876 370 1902 ad
397 1875 531 1909 Apollinis
563 1882 643 1902 saera
679 1874 828 1902 inferentes
859 1876 1027 1910 sacerdotes,

236 1921 346 1956 hymnis
375 1928 436 1948 eum
466 1928 514 1955 per
539 1921 677 1957 virgineos
701 1921 801 1948 choros
828 1920 1028 1949 celebrabant:

235 1966 314 2001 cuius
339 1968 397 1994 haec
412 1975 493 1995 causa
513 1967 647 2001 redditur,
664 1966 759 1994 JEoles
770 1967 869 2002 321i:
896 1973 1031 2004 quotquot

236 2013 338 2046 Arnen,
369 2020 457 2048 eaque
480 2013 586 2040 circum
606 2013 669 2045 ioca
705 2013 879 2047 habitabant,
907 2021 939 2041 ex
966 2022 1029 2041 ora-

235 2059 297 2088 culo
329 2059 392 2087 inde
421 2059 542 2094 egressi,
577 2059 719 2087 obsidione
749 2060 892 2095 cingentes
920 2061 1029 2090 Thebas

235 2104 391 2137 vastabant,
411 2112 480 2140 quas
499 2109 528 2132 et
552 2103 660 2139 Pelasgi
691 2104 853 2133 obsidebant
873 2113 881 2133 :
905 2113 967 2133 cum
995 2106 1031 2134 si-

236 2151 292 2181 mul
308 2151 434 2186 utrisque
448 2149 568 2185 Apollini
586 2154 674 2179 status
687 2151 744 2178 dies
760 2150 845 2178 festus
858 2155 941 2185 esset,
956 2151 1030 2179 indu-

1121 1740 1163 1768 Τὰ
1181 1740 1210 1767 δὲ
1225 1739 1362 1775 λεγόμενα
1373 1737 1506 1774 παρθένια
1519 1737 1542 1753 ἰ’
1556 1736 1646 1773 χοροῖς
1666 1733 1812 1770 παρθένιον
1838 1734 1885 1760 έν-

1084 1785 1232 1821 εγράφετο.
1251 1782 1299 1817 Οἷς
1323 1784 1370 1811 καὶ
1392 1784 1426 1811 τὰ
1451 1782 1642 1818 δαφνηφορικὰ
1672 1781 1711 1812 ὠς
1733 1781 1776 1811 είς
1800 1779 1885 1814 γένος

1083 1833 1178 1859 πίπτει
1190 1839 1197 1846 ⁸
1220 1831 1324 1866 δάφνας
1338 1831 1393 1867 γὰρ
1410 1831 1439 1858 ὲν
1450 1829 1567 1865 Βοιωτίᾳ
1585 1829 1620 1856 δι’
1642 1827 1837 1862 ἐνναετηρίδας
1856 1826 1880 1841 ⁵³

1082 1879 1123 1910 εις
1133 1878 1167 1905 τὰ
1180 1877 1228 1905 τοῦ
1245 1878 1410 1909 Ἀπόλλωνος
1420 1876 1578 1912 κομίζοντες
1587 1874 1637 1902 oi.“
1648 1874 1731 1910 ἱερεῖς
1745 1872 1793 1905 ὲξύ
1798 1881 1883 1908 μνουν

1082 1923 1164 1951 αὑτὸν
1184 1923 1227 1952 διὰ
1244 1922 1326 1960 χοροῦ
1343 1923 1497 1959 παρθένων.
1514 1922 1571 1949 Καὶ
1591 1922 1608 1956 ἡ
1630 1920 1705 1948 αίτία
1718 1927 1727 1936 ·
1743 1919 1800 1946 τῶν
1819 1919 1884 1945 Αἰο-

1083 1970 1152 1997 λέων
1161 1970 1184 1986 "
1194 1971 1254 1998 ὅσοι
1265 1969 1407 2005 κατῴκουν
1420 1969 1525 2004 ’Δρνην
1540 1968 1586 1994 καὶ
1600 1967 1635 1994 τὰ
1648 1967 1736 2003 ταύτῃ
1746 1966 1768 1986 ⁸⁸
1777 1966 1882 2002 χωρία,

1083 2016 1154 2045 κατὰ
1170 2016 1295 2052 χρησμὸν
1317 2015 1484 2047 ἀναστάντες
1502 2014 1607 2041 ἐκεῖθεν
1631 2015 1678 2040 καὶ
1694 2013 1884 2049 προσκαθεζό-

1085 2072 1160 2100 μενοι
1170 2062 1262 2097 Θήϐας
1273 2062 1406 2098 ἐπόρθουν
1419 2061 1657 2098 προκατεχομένας
1668 2061 1690 2080 ⁸⁷
1703 2060 1758 2087 ὑπὸ
1772 2061 1882 2087 Πελασ-

1083 2108 1150 2143 γῶν.
1177 2108 1279 2144 Κοινῆς
1291 2107 1314 2124 ⁸⁸
1325 2108 1428 2143 ἀμφοῖν
1444 2107 1542 2142 ἑορτῆς
1563 2106 1730 2137 ’Λπόλλωνος
1744 2105 1883 2139 ἐνστάσης

1083 2155 1183 2190 ἀνοχὰς
1206 2154 1307 2187 ἔθεντο,
1337 2154 1385 2180 καὶ
1402 2153 1505 2188 δάφνας
1520 2152 1543 2168 δ’
1559 2151 1700 2187 τεμόντες,
1727 2151 1752 2177 οί
1775 2151 1827 2186 μὲν
1852 2150 1882 2183 ἐξ

236 2198 294 2226 nias
311 2197 383 2232 pacti
395 2201 469 2229 sunt,
487 2201 516 2224 et
533 2196 617 2224 lauris
629 2198 791 2232 amputatis,
805 2197 839 2225 ab
862 2198 906 2226 his
919 2197 1024 2233 quidem

1101 2200 1233 2231 Ελικῶνος
1248 2200 1274 2226 οί
1286 2199 1314 2226 δὲ
1329 2199 1413 2234 ἐγγὺς
1429 2199 1476 2225 τοῦ
1492 2198 1613 2230 Μέλανος
1627 2196 1764 2232 ποταμοῦ,
1782 2197 1881 2232 ὲκόμιο

236 2245 264 2273 in
283 2244 422 2276 llelicone,
439 2243 539 2271 abillis
565 2251 630 2272 vero
657 2244 733 2276 iuxta
760 2245 892 2273 Melanem
906 2245 1029 2280 ﬂuvium,

237 2289 353 2325 Apollini
366 2289 526 2317 intulerunt.
542 2289 696 2318 Polematas
711 2298 776 2318 vero
791 2291 950 2319 Boeotorum
964 2292 1029 2325 dux,

234 2334 363 2369 juvenem
378 2335 524 2370 quemdam
534 2336 682 2363 secundant
692 2337 812 2370 quit-tem
824 2337 900 2370 vidit,
915 2338 1028 2366 solidam

235 2385 403 2409 armaturam
429 2381 482 2416 ipsi
507 2381 679 2414 oﬂ‘erentem,
695 2387 814 2418 votaque
851 2383 910 2411 ﬁeri
934 2385 1030 2419 pra-ci-

235 2426 356 2463 pientem
373 2428 400 2455 in
414 2427 547 2463 Apollinis
560 2428 692 2456 honorem
715 2437 787 2457 nono
819 2437 928 2465 quoque
956 2438 1028 2459 anno

236 2473 399 2502 alaureatis.
415 2473 510 2502 Tertio
531 2478 592 2509 post
611 2475 655 2502 die
668 2481 795 2503 conserta
818 2477 1026 2510 manu,hostem

236 2520 312 2554 vicit,
331 2521 444 2557 ipseque
455 2521 524 2549 lauri
549 2522 701 2555 gestatione
724 2526 817 2551 votum
838 2523 941 2550 solvit:
960 2523 1024 2551 hinc

1084 2246 1131 2278 ζον
1154 2245 1194 2281 τῷ
1211 2245 1369 2272 Ἀπόλλωνι.
1399 2244 1561 2279 Πολεμάτας
1584 2243 1613 2270 δὲ
1641 2243 1656 2269 δ
1677 2243 1732 2269 τῶν
1753 2241 1882 2269 Βοιωτῶν

1084 2293 1277 2328 ἀφηγούμενος
1301 2291 1391 2324 ἔδοξεν
1412 2290 1478 2325 δναρ
1501 2289 1611 2316 νεανίαν
1640 2288 1702 2315 τινὰ
1725 2287 1881 2315 πανοπλίαν

1084 2337 1159 2373 αὺτῴ
1183 2337 1283 2364 διδόναι
1312 2337 1360 2364 καὶ
1385 2336 1468 2371 εὐχὰς
1492 2334 1629 2362 ποιεῖσθαι
1657 2333 1700 2369 τῷ
1729 2334 1881 2360 Ἀπόλλωνι

1083 2382 1324 2418 δαφνηφοροῦντας
1344 2382 1390 2410 διὰ
1412 2381 1477 2418 [525
1492 2381 1541 2417 Η.]
1554 2380 1744 2416 ὲνναετηρίδος
1758 2381 1782 2396 ⁵⁵
1795 2388 1882 2416 προσ-

1082 2431 1191 2457 τάττειν
1216 2430 1250 2457 ⁵¹.
1280 2429 1359 2459 Μετὰ
1399 2429 1427 2456 δὲ
1455 2429 1552 2464 τρίτην
1577 2427 1685 2464 ἡμέραν
1715 2427 1879 2462 ἐπιθέμενος

1082 2477 1179 2511 κρατεί
1190 2476 1246 2503 τῶν
1271 2475 1427 2511 πολεμίων·
1457 2476 1505 2503 καὶ
1525 2475 1606 2507 αὑτός
1621 2483 1651 2501 τε
1671 2473 1721 2509 τὴν
1735 2474 1878 2509 δαφνηφο-

1080 2523 1140 2558 ρίαν
1163 2522 1261 2554 ἐτέλει,
1277 2522 1326 2548 καὶ
1342 2521 1372 2548 τὸ
1390 2521 1451 2554 ἔθος
1479 2521 1585 2548 ἐκεῖθεν
1605 2520 1788 2555 διατηρείται.
1804 2519 1837 2546 Ἠ
1851 2518 1879 2545 δὲ

869 2604 987 2634 ἾΑΒΙΛΕ
1015 2603 1216 2633 LECTIONES.
1349 2640 1363 2654 ⁸

270 2667 294 2683 ’³
311 2666 491 2702 προτεροῦσιν
505 2666 563 2694 Alt:
579 2666 767 2702 πρωτεύουσιν
784 2675 814 2698 ς.
850 2666 872 2683 "
886 2666 963 2702 παρὰ
972 2665 1029 2694 Ah:
1045 2667 1110 2728 περὶ
1126 2675 1156 2699 ς.
1197 2666 1220 2707 ³ξ
1237 2664 1311 2697 ἔδοξε
1328 2664 1368 2691 Ah
1386 2672 1393 2691 :
1409 2664 1492 2700 ῆρεσε
1514 2672 1544 2696 ς.
1596 2662 1617 2678 ³¹
1636 2660 1802 2724 μεταϐάλλει
1816 2661 1876 2688 Ah:

270 2701 443 2728 ιταλαιιϐάνει
457 2709 488 2728 ς.
527 2701 635 2728 ⁸¹οῐνω1
651 2702 701 2728 ἢδη
719 2701 750 2728 A.
810 2700 834 2717 ³³
846 2701 925 2728 αὐτοὶ
952 2707 1013 2728 post
1044 2702 1078 2728 μέ
1098 2711 1130 2728 ην
1157 2701 1276 2728 nontlA.
1337 2700 1360 2716 “
1374 2708 1442 2728 φησι
1467 2700 1501 2726 Α.
1554 2698 1577 2714 ³³
1592 2706 1634 2724 τιν
1671 2697 1715 2724 Ah
1733 2704 1742 2723 :
1757 2697 1831 2728 τινὸς
1845 2705 1875 2728 ς.

235 2701 447 2754 ίθὸεταλαμλϐιὶνξιΙ
457 2709 488 2733 ς.
527 2702 549 2718 ⁸¹
560 2701 635 2742 οἴνῳ]
651 2701 750 2753 ἤδηέὶ.

281 2737 403 2764 συνιοῦσι
417 2737 457 2764 Ah
474 2745 480 2763 :
497 2737 607 2763 συνοῦσι
624 2736 667 2768 ς(
705 2737 728 2753 ³⁷
748 2736 960 2772 παραπλέκοντα
975 2746 1006 2772 ς.

235 2841 284 2873 νας
299 2841 340 2868 Alt
353 2849 360 2867 :
374 2841 635 2877 νπροσκαθεζομένας
652 2850 682 2874 ς.

237 2876 261 2896 ⁸¹
276 2876 455 2912 προστάττειν
468 2881 526 2913 post
539 2877 674 2906 ποιεῖσθαι
685 2877 761 2914 ponit
772 2886 801 2911 ς.

823 2700 834 2716 l
848 2701 876 2716 ...ν

810 2701 834 2717 ³³
846 2701 933 2729 αὐτοι
952 2707 1013 2735 post
1044 2701 1130 2737 μέθην
1157 2701 1276 2736 ponilA.
1337 2701 1360 2716 ”
1374 2708 1442 2735 φησι
1467 2701 1501 2726 A.

810 2736 960 2775 ιπλέκοντα
975 2746 1006 2775 ς..
1056 2737 1078 2753 ³⁸
1092 2736 1217 2775 ναίοντας
1240 2735 1281 2775 Alt
1303 2744 1309 2762 :
1326 2734 1455 2775 μένοντας
1464 2743 1509 2775 Ις..

235 2772 344 2807 σμένως
357 2777 420 2799 ante
436 2771 571 2807 λοιδορίας
581 2772 657 2807 ponit
671 2780 702 2803 ς’,
740 2771 761 2788 ⁸¹
776 2768 960 2807 προκειμένου
970 2768 1024 2799 Ah:

1101 2771 1166 2807 ,ένου
1180 2780 1210 2804 ς.
1256 2772 1282 2807 ff
1291 2768 1440 2807 παρθενεῖα
1461 2768 1640 2807 Gaisl‘or-dus.

236 2805 312 2844 ρίδος
322 2806 355 2844 Α,
365 2805 551 2844 ἐννεατηρίδος
633 2805 657 2822 ⁵⁸
670 2807 694 2833 οί
707 2814 762 2844 or_n_.
779 2805 811 2835 Ᾱ.
837 2806 873 2844 ηδ’
888 2806 1024 2844 Αἰολέωνι

1101 2806 1176 2844 ἑῴων
1185 2815 1216 2839 ς-

1671 2697 1715 2724 Ah
1733 2704 1742 2723 :
1757 2697 1831 2728 τινὸς
1845 2705 1875 2729 ς.

1541 2733 1563 2750 ³³
1580 2733 1653 2764 σῖλος
1672 2732 1704 2759 A.
1745 2732 1768 2748 δ’
1782 2740 1877 2766 πεφει-

1696 2767 1721 2783 δ³
1734 2767 1877 2801 ὲννεαετη-

1254 2805 1276 2822 ⁶⁶
1282 2802 1368 2840 ταύτῃ
1380 2805 1420 2832 Ah
1432 2813 1439 2832 :
1456 2804 1558 2840 ταύτης
1572 2812 1602 2840 ς·τ
1622 2802 1655 2840 7"
1668 2802 1875 2840 προκατεχομέ-

1098 2711 1130 2736 ην
1157 2701 1276 2736 ροηίιΔν.
1337 2700 1360 2736 ’ξ
1374 2708 1442 2735 φησι
1467 2700 1501 2726 Α.

733 2841 757 2878 ἥδ
773 2841 870 2876 κοινῶς
887 2851 918 2876 ς,
955 2843 977 2860 "
992 2842 1095 2878 δάφνας
1110 2837 1132 2870 Ᾱ
1146 2851 1152 2869 :
1166 2837 1273 2874 δαείνας
1295 2850 1326 2875 ς,
1340 2837 1484 2878 τέμνοντες
1499 2837 1551 2868 Ali.
1582 2839 1605 2857 "
1620 2837 1824 2876 ἔννεαετηρίδος
1843 2837 1876 2865 Δ.
