1919 3096
60 138 134 172 nos

580 130 845 163 BIBLIOTHECA.
862 141 899 150 -
917 129 1000 161 COD.
1016 130 1195 162 CCXXXIX.

1633 130 1702 164 1206

55 196 256 234 δαφνηφορια·
285 194 364 229 ξύλον
398 193 490 226 ιλαίαι,
517 191 719 226 καταστέφουσι
743 190 856 225 δάφναις

915 195 968 216 mos
986 187 1030 215 ille
1060 187 1186 223 religiose
1211 187 1381 216 observatos.
1404 186 1469 215 Haec
1493 186 1701 223 Daphuephoria

55 245 109 272 καὶ
139 243 276 276 ποικίλοις
295 241 400 275 ἄνθεσι,
435 240 484 267 καὶ
512 240 556 266 ἐπ’
575 239 661 273 ἄκρου
692 237 741 273 μὲν
768 236 859 272 χαλκῆ

55 290 255 326 ἑφαρμόζεται
288 289 403 324 σφαῖρα,
434 286 467 314 ὲκ
501 285 531 312 δὲ
557 284 658 319 ταύτης
695 283 859 319 μικροτέρας

57 336 221 372 ἑξαρτῶσν
243 334 308 371 [989
335 333 384 370 3.]
408 331 481 361 κατὰ
505 331 534 359 δὲ
554 331 586 357 τὸ
602 331 684 365 μέσον
703 329 752 356 τοῦ
777 328 858 362 ξύλου

56 381 228 417 περιθέντες
244 379 379 407 ἐλάσσονα
391 378 442 414 τῆς
455 377 498 404 ἐπ’
511 377 589 413 ἄκρῳ
602 376 625 392 ¹¹
651 375 770 410 σφαίρας
790 374 860 401 καῦ-

56 428 184 456 ἁπτουσι
207 425 338 461 πορφυρᾶ
367 423 530 459 στέμματα’
552 422 587 449 τὰ
606 421 635 449 δὲ
657 421 799 448 τελευταῖα
811 419 859 447 τοῦ

58 472 147 506 ξύλου
173 470 380 507 περιστέλλουσι
403 468 547 505 κροκωτῷ.
563 467 695 494 Βούλεται
718 466 741 493 δ’
766 466 860 498 αὐτοῖς

58 519 78 554 ὴ
97 519 152 554 μὶν
171 517 304 545 ἀνωτάτω
316 517 418 552 σφαῖρα
433 515 480 542 τὸν
491 514 580 550 ἥλιον,
594 510 617 548 ᾧ
631 513 679 541 καὶ
693 513 739 540 τὸν
759 512 868 539 Ἀπόλε

58 565 139 591 λωνα
157 563 352 598 ἀναφέρουσιν,
369 562 387 597 ἡ
401 561 429 588 δὲ
439 559 607 596 ὑποκειμένη
625 559 675 594 τὴν
686 559 812 594 σελήνην.
825 557 861 585 τὰ

59 611 91 638 δὲ
102 609 322 645 προσηρτημένα
330 607 384 635 τῶν
391 607 526 643 σφαιρίων
536 606 625 641 ἄστρα
636 614 666 632 τε
678 605 724 633 καὶ
729 604 858 640 ἀστέρας,

59 657 100 685 τὰ
113 657 144 684 δέ
159 665 192 691 γε
208 655 355 691 στέμματα
375 653 422 681 τὸν
440 652 575 680 ἐνιαύσιον
599 651 698 688 δρόμον
710 659 719 668 ο
742 651 790 679 καὶ
804 650 859 686 γὰρ

61 703 114 729 καὶ
130 702 186 735 τξι⁸
200 700 325 728 ποιοῦσιν
342 698 424 727 αὐτά.
445 699 542 734 ’Δρχει
558 696 586 725 δε
602 697 651 732 τῆς
673 696 859 733 δαφνηφορίας

62 748 134 779 παῖς
154 744 325 782 ἀμφιθαλὴς,
338 744 387 771 καὶ
398 745 413 770 ὀ
430 743 549 779 μάλιστα
558 741 634 777 αὐτῷ
644 742 743 773 οικεῖος
756 740 859 776 βαστά-

62 793 109 826 ζει
126 792 160 819 τὸ
178 791 399 827 κατεστεμμένον
425 789 513 822 ξύλον,
528 789 542 816 ὃ
568 788 655 816 κωπὼ
669 788 693 805 ³⁸
708 788 837 816 καλοῦσιν
849 797 857 804 ·

62 838 150 870 αὖτις
160 839 190 866 δὲ
201 837 393 873 ὀδαφνηφόρος
406 836 539 871 ἑπόμενος
551 834 602 870 τῆς
623 835 727 870 δάφνης
741 835 859 869 ἐφάπτε-

61 893 123 917 ται,
136 883 189 915 τὰς
203 883 254 918 μὲν
269 882 357 918 κόμας
368 881 529 917 καθειμένος
543 879 703 916 ⁵⁵,χρυσοῦν
715 880 744 907 δὲ
761 880 862 914 στέφα-

62 939 112 958 νον
125 931 230 965 φέρων,
252 929 300 955 καὶ
319 928 451 963 λαμπρὰν
465 927 569 962 ἐσθῆτα
584 926 692 962 ποδήρη
702 926 861 962 ἐστολισμέ-

62 984 122 1008 νος,
137 974 312 1009 ίφικρατίδας
324 973 348 989 ⁸⁵
362 981 392 1000 τε
406 972 602 1008 ὑποδεδεμένος
612 979 620 986 ·
642 969 664 1005 ᾧ
685 972 764 1008 χορὸς
788 980 862 1008 παρ-

64 1021 158 1048 θένων
176 1019 368 1051 ἐπακολουθεῖ,
385 1018 537 1053 προτείνων
553 1017 661 1050 κλῶνας
680 1017 749 1054 πρὸς
769 1018 862 1053 ίκετη-

63 1066 130 1103 ρίαν
144 1065 200 1092 τῶν
214 1065 237 1082 ⁸⁸
257 1064 360 1101 ὕμνων.
376 1064 563 1100 Παρέπεμπον
572 1063 658 1099 δὲτὴν
676 1063 862 1099 δαφνηφορίαν

63 1114 108 1146 είς
127 1112 299 1144 Ἀπόλλωνος
313 1110 448 1147 Ἰσμηνίου
457 1111 480 1127 ⁸⁷
494 1110 543 1138 καὶ
553 1109 680 1146 χαλαζίου
686 1110 721 1136 ⁸⁸.

102 1203 142 1230 re
157 1203 186 1229 δὲ
201 1200 431 1238 τριποδηφορικδν
445 1200 469 1217 ³⁸
487 1200 569 1235 μέλος
583 1199 712 1236 τρίποδος
727 1209 863 1237 προηγου-

66 1248 154 1284 μένου
168 1248 246 1284 παρὰ
259 1248 316 1279 τοῖς
330 1248 459 1279 Βοιωτοῖς
479 1246 568 1282 ᾔδετο.
585 1246 669 1282 Ἔσχε
683 1246 712 1274 δὲ
723 1247 863 1274 καὶτοῦτο

64 1295 161 1323 αἰτίαν
174 1294 304 1329 τοιαύτην
320 1301 327 1309 ·
348 1293 497 1327 Πελασγῶν
518 1301 590 1324 τινες
613 1292 753 1320 Πάνακτον
770 1293 793 1309 ⁶⁰
814 1294 863 1329 τῆς

65 1341 203 1374 Βοιωτίας
217 1340 360 1376 ἐπόρθουν,
369 1339 483 1375 Θηϐαῖοι
497 1338 524 1365 δὲ
532 1339 636 1375 ήμυνον
650 1338 699 1365 καὶ
706 1338 864 1374 πέμψαντες

65 1389 110 1420 είς
124 1387 258 1421 Δωδώνην
277 1386 342 1421 περὶ
357 1385 406 1421 τῆς
423 1384 471 1411 τοῦ
494 1384 612 1420 πολέμου
630 1384 710 1419 νίκης
733 1384 862 1420 ἐχρῶντο.

66 1433 205 1470 Χρησμὸς
219 1432 247 1459 δὲ
260 1433 316 1464 τοῖς
332 1430 462 1465 Θηϐαίοις
484 1428 614 1463 ἐξέπεσεν
628 1430 676 1463 ὡς,
691 1431 715 1457 εί
735 1430 864 1465 μέγιστον

65 1480 202 1515 ἀσέϐημα
213 1477 388 1512 ἀσεϐήσουσι,
404 1476 571 1511 νικήσουσιν.
588 1475 698 1507 ’Έδοξεν
712 1473 759 1503 οὖν
773 1476 864 1507 αὐτοῖς

65 1524 255 1559 ἀσεϐημάτων
275 1519 344 1549 εἶναι
363 1521 491 1556 μέγιστον
515 1521 545 1547 τὸ
562 1520 611 1556 τὴν
626 1520 863 1556 χρησμῳδῆσασαν

65 1570 163 1601 αὐτοῖς
179 1569 225 1596 τὸν
242 1567 365 1603 χρησμὸν
376 1566 500 1593 ἀνελεῖν·
514 1566 561 1593 καὶ
575 1566 690 1593 ἀνεῖλον.
706 1567 738 1593 Αἱ
753 1566 781 1593 δὲ
798 1567 862 1602 περὶ

65 1617 98 1643 τδ
111 1616 228 1650 τέμενος
242 1613 389 1649 συνιέρειαι
399 1612 476 1648 δίκην
494 1611 586 1638 λαϐεῖν
601 1611 723 1648 ἀπῄτουν
741 1613 788 1639 τοῦ
813 1613 862 1648 φό-

65 1671 115 1689 νου
140 1662 207 1693 τοὺς
239 1659 384 1695 Θηϐαίους.
414 1659 526 1694 Θηϐαῖοι
553 1658 581 1685 δὲ
607 1659 658 1686 οὐκ
684 1660 863 1695 ἐπιτρέπουσι

66 1707 180 1741 γυναιξὶ
208 1706 303 1741 μόναις
326 1705 377 1740 τὴν
410 1705 475 1740 περὶ
504 1704 594 1731 αὐτῶν
620 1704 698 1738 δίκην
708 1705 729 1720 ⁶¹
747 1712 754 1720 ·
770 1706 864 1740 κοινῆς

66 1752 98 1778 δὲ
113 1751 236 1787 κρίσεως
254 1749 360 1785 ἀνδρῶν
373 1748 422 1776 καὶ
444 1748 582 1784 γυναικῶν
600 1749 799 1785 γεγενημένης,
814 1750 864 1777 καὶ

65 1797 125 1824 τῶν
145 1796 251 1832 ἀνδρῶν
278 1795 379 1827 λευκὰς
404 1795 498 1826 αὐτοῖς
519 1795 722 1829 ὲπενεγκόντων
745 1795 863 1831 ψήφους,

68 1842 217 1877 ἀπέφυγον
238 1841 264 1868 οι
293 1841 418 1876 Θηϐαῖοι.
446 1840 580 1876 ’Υστερον
608 1840 636 1867 δὲ
662 1841 685 1856 ⁸³
708 1841 864 1875 ἐπιγνόντες

69 1887 165 1918 αὐτοῖς
178 1886 209 1913 τὸ
225 1886 278 1913 ὕπο
295 1885 343 1913 τοῦ
354 1885 479 1921 χρησμοῦ
494 1887 743 1922 προστασσόμενον,
762 1886 864 1921 βαστά-

71 1939 171 1962 σαντες
195 1931 250 1958 τῶν
272 1930 344 1958 κατὰ
366 1931 417 1965 τήν
442 1930 574 1957 Βοιωτίαν
589 1930 669 1966 ιερῶν
695 1930 830 1965 τριπόδων
841 1931 864 1948 ⁵³

70 1977 131 2008 ἕνα,
145 1975 193 2003 καὶ
209 1974 449 2010 κατακαλύψαντες
475 1975 513 2007 ὡς
535 1975 677 2009 ἱερόσυλοι,
704 1975 865 2010 ἀνέπεμψαν

71 2022 113 2053 εἰς
127 2019 271 2055 Δωδώνην.
288 2020 520 2055 Εὒπραγήσαντες
535 2019 564 2046 δὲ
581 2020 610 2054 ἐξ
624 2019 731 2047 ἐκείνου
748 2020 796 2047 τοῦ
809 2020 866 2048 λοι-

72 2067 125 2093 ποῦ
140 2066 192 2102 τὴν
203 2066 305 2102 πρᾶξιν
316 2065 413 2101 ἑορτὴν
427 2065 545 2093 ἐποίουν.

111 2112 297 2148 Ὢσχοφορικα
317 2111 340 2128 ⁸⁵
358 2111 388 2138 δὲ
414 2111 482 2147 μέλη
508 2112 573 2148 παρ’
595 2112 747 2147 Ἀθηναίοις
769 2112 864 2148 ﬁds-rw

71 2158 120 2186 τοῦ
136 2158 220 2194 χοροῦ
235 2158 265 2185 δὲ
282 2158 305 2174 ⁶¹
330 2157 377 2185 δύο
395 2158 514 2191 νεανίαι,
535 2158 606 2185 κατὰ
630 2159 763 2192 γυναῖκας
786 2159 865 2185 ἐστο-

909 235 1078 270 oleagineum
1103 235 1204 270 lignum
1226 234 1311 262 lauris
1332 238 1474 268 coronant,
1498 235 1635 269 variisque
1654 235 1704 262 llo-

910 282 985 309 ribus
1009 285 1154 313 exornant,
1170 279 1246 314 cujus
1264 280 1290 307 in
1312 279 1389 315 apice
1419 287 1494 307 aenea
1519 279 1624 314 sphaera
1650 280 1703 308 im-

909 326 997 362 posita
1012 333 1020 358 ;
1033 333 1066 354 ex
1079 326 1130 354 hac
1141 326 1259 353 minores
1269 325 1437 360 dependent:
1451 325 1542 353 medio
1553 333 1618 353 vero
1631 325 1704 362 ligno

910 379 1052 407 purpurea:
1065 378 1176 399 coronae
1207 370 1381 405 adaptantur,
1404 371 1524 398 minores
1538 378 1619 405 quam
1639 378 1701 406 qua

909 425 1017 446 summo
1033 417 1143 452 fastigio
1159 416 1303 451 impositae.
1322 415 1406 443 lmam
1424 423 1490 444 vero
1509 416 1574 452 ligni
1594 421 1701 451 partem

910 463 1135 491 circumvestiunt
1160 461 1311 490 crocotula.
1347 461 1489 496 Signiﬁcat
1515 466 1605 489 autem
1639 461 1706 495 ipsis

910 516 1036 544 suprema
1065 509 1173 543 quidem
1193 508 1310 543 sphaera,
1336 507 1442 539 solem,
1467 514 1522 542 quo
1550 506 1703 541 Apollinem

893 553 1054 590 'designant
1070 562 1078 582 :
1094 553 1158 581 huic
1183 561 1248 581 vero
1277 552 1411 587 subjecta,
1440 552 1533 579 lunam
1558 551 1704 587 signiﬁcat.

911 600 1018 629 Globuli
1032 607 1097 628 vero
1113 599 1238 634 appensi,
1256 598 1341 626 stellae
1355 603 1383 625 et
1406 602 1479 626 astra
1493 602 1557 625 sunt
1571 606 1580 632 ;
1595 604 1704 626 corona

910 654 1039 674 annuum-
1060 652 1170 673 cursum
1198 644 1377 679 signiﬁcant:
1405 647 1542 671 trecentas
1573 643 1647 670 enim
1677 647 1705 670 et

910 692 1051 728 sexaginta
1081 691 1201 728 quinque
1232 690 1392 718 conﬁciunt.
1414 689 1515 717 Praaest
1541 693 1631 716 autem
1655 689 1705 716 da-

909 737 1087 774 phnephoriis
1107 743 1174 772 puer
1188 736 1338 771 patrimus,
1358 739 1386 761 et
1407 733 1561 765 matrimus,
1577 732 1619 760 cui
1648 740 1706 760 ma-

909 786 982 813 xime
1005 784 1178 818 coniunctus,
1207 785 1296 817 gestat
1313 784 1476 808 coronatum
1501 779 1615 814 lignum,
1630 778 1704 814 quod

911 828 998 857 κωπὼ
1017 828 1069 863 ipsi
1100 830 1209 855 vocant.
1233 824 1447 859 Daphnephorus
1477 829 1543 850 vero
1570 821 1705 857 sequitur,

916 881 1031 911 tangens
1049 874 1155 901 laurum
1170 881 1176 900 :
1193 871 1279 899 comis
1289 870 1399 906 quidem
1415 869 1540 897 demissis
1564 872 1593 896 et
1612 866 1707 900 ﬂuxis,

914 928 1052 956 aureaque
1081 926 1180 947 corona
1216 917 1370 948 redimitus,
1395 914 1590 951 splendidaque
1616 918 1704 947 veste,

915 973 942 997 et
952 967 1030 995 talari
1046 966 1168 997 indutus,
1184 963 1350 997 calceisque,
1364 960 1618 996 quosablphricate
1640 959 1706 994 Ἰφιο

915 1013 1045 1050 κρατίδας
1065 1011 1154 1040 Graeci
1166 1013 1264 1037 vocant
1286 1009 1309 1035 ⁸.
1337 1007 1415 1035 Hunc
1443 1006 1578 1042 virginum
1602 1005 1705 1033 chorus

916 1059 1073 1089 comitatur,
1091 1063 1182 1083 ramos
1202 1054 1234 1082 ad
1257 1053 1497 1089 supplicationem,
1513 1059 1573 1086 quae
1594 1050 1704 1086 hymnis

916 1103 1117 1135 celebrabatur,
1147 1099 1327 1135 praetendens.
1351 1096 1494 1124 Mittebant
1518 1099 1608 1122 autem
1634 1094 1705 1122 lauri

915 1149 1095 1187 gestationem
1110 1147 1143 1175 ad
1152 1145 1284 1181 Apollinis
1299 1143 1408 1172 lsmenii
1437 1147 1465 1170 et
1481 1141 1587 1170 Galaxii
1599 1141 1703 1170 fanum.

951 1193 1181 1234 Τριποδιφορικδν
1197 1198 1322 1224 carmen,
1340 1190 1445 1226 tripode
1460 1189 1573 1224 praelato
1590 1196 1605 1215 a
1621 1188 1704 1215 Boeo—

916 1243 951 1272 tis
966 1242 1126 1274 canebatur,
1147 1239 1358 1272 institutumque
1372 1236 1423 1263 hac
1440 1235 1474 1263 de
1488 1242 1581 1263 causa.
1596 1233 1704 1268 Pelasgi

916 1289 1026 1326 quidam
1047 1287 1207 1317 Panactum,
1225 1283 1335 1311 Boeotia:
1349 1282 1444 1309 urbem
1461 1279 1617 1312 vastabant,
1631 1278 1703 1306 The-

917 1325 980 1364 bani
995 1340 1060 1361 vero
1078 1331 1267 1363 defensabant,
1291 1327 1439 1362 missisque
1461 1326 1487 1353 in
1509 1326 1648 1353 Dodonam
1664 1325 1705 1352 le-

917 1381 997 1417 gatis,
1014 1380 1048 1408 de
1062 1378 1126 1407 belli
1144 1376 1257 1404 victoria
1272 1373 1465 1403 consulebant.
1483 1371 1630 1399 Oraculum
1641 1378 1707 1398 vero

918 1426 1057 1456 Thebanis
1074 1429 1236 1458 responsum
1251 1421 1337 1454 dedit,
1349 1419 1372 1447 si
1387 1418 1488 1454 322a
1513 1417 1707 1452 impiissimum

917 1473 1021 1501 crimen
1046 1470 1231 1501 admitterent,
1258 1465 1317 1494 fore
1342 1469 1372 1492 ut
1397 1463 1513 1491 victoria
1540 1462 1706 1498 potirentur.

920 1519 1014 1547 Visum
1028 1517 1112 1552 igitur
1127 1514 1205 1549 ipsis,
1221 1512 1369 1547 impiorum
1390 1510 1541 1537 facinorum
1557 1509 1706 1535 maximum

913 1569 982 1598 fore,
1018 1565 1107 1589 vatem
1143 1567 1206 1595 qua:
1249 1557 1412 1585 reddidisset
1450 1555 1519 1590 ipsis
1554 1554 1706 1586 oraculum,

913 1611 1116 1643 interfecerunt.
1131 1606 1196 1640 Quae
1206 1611 1272 1632 vero
1284 1602 1438 1631 sacerdotes
1446 1600 1548 1636 templo
1562 1605 1706 1635 praeerant.

918 1656 1079 1694 repetebant
1090 1650 1253 1688 supplicium
1262 1648 1296 1677 de
1307 1647 1381 1675 caede
1395 1655 1410 1674 a
1425 1646 1574 1674 Thebanis.
1584 1645 1706 1673 Thebani

914 1690 979 1733 vero
999 1706 1029 1729 ut
1044 1699 1109 1728 solae
1135 1697 1265 1725 mulieres
1289 1693 1455 1722 sententiam
1478 1693 1512 1719 de
1534 1698 1564 1718 se
1588 1690 1704 1723 ferrem,

917 1746 1118 1778 detrectabant.
1136 1740 1280 1780 communi
1301 1740 1394 1774 itaque
1415 1737 1517 1773 judicio
1532 1736 1615 1770 facto,
1632 1736 1706 1764 viro-

915 1802 975 1823 rum
991 1791 1071 1821 simul
1085 1798 1116 1818 ac
1134 1788 1293 1819 mulierum,
1307 1790 1335 1813 et
1352 1785 1419 1813 viris
1433 1783 1564 1811 candidos
1583 1782 1707 1810 calculos

917 1849 968 1878 pro
982 1839 1035 1868 illis
1049 1835 1212 1867 ferentibus,
1227 1832 1349 1868 eﬁugere
1365 1829 1499 1859 Thebani.
1514 1828 1630 1864 Cognito
1642 1833 1706 1856 tan-

917 1875 978 1916 dem
1005 1885 1031 1914 id
1044 1884 1079 1912 ab
1099 1880 1211 1916 oraculo
1224 1879 1278 1908 illis
1293 1877 1451 1906 mandatum
1464 1876 1558 1909 fuisse,
1572 1875 1705 1910 tripodem

915 1940 998 1971 unum
1015 1938 1049 1959 ex
1067 1930 1112 1963 iis,
1130 1927 1178 1964 qui
1193 1925 1266 1955 sacri
1285 1928 1366 1953 erant
1379 1923 1450 1959 apud
1462 1923 1583 1954 Boeotos,
1595 1925 1706 1957 gestan-

916 1968 967 2011 tes,
989 1985 1021 2005 ac
1048 1980 1131 2007 tecte,
1154 1978 1282 2008 tanquam
1305 1969 1442 2005 sacrilegi,
1469 1968 1705 2001 circumferentes,

915 2024 1056 2052 Dodonam
1083 2020 1259 2049 remiserunt.
1284 2016 1350 2051 Qua:
1372 2023 1417 2044 res
1432 2022 1495 2043 cum
1510 2014 1626 2043 feliciter
1647 2021 1707 2043 ees-

915 2071 1007 2102 sisset,
1022 2067 1120 2096 exinde
1138 2066 1165 2094 in
1183 2064 1304 2093 solemne
1319 2061 1418 2089 festum
1434 2059 1517 2088 vertit

952 2113 1157 2149 Oschophorica
1186 2116 1252 2138 vero
1282 2107 1406 2136 carmina
1432 2106 1466 2134 ab
1489 2104 1705 2133 Atheniensibus

917 2160 1086 2189 canebantur
1098 2167 1106 2186 ε
1118 2156 1194 2186 chori
1220 2160 1311 2182 autem
1330 2153 1517 2181 adolescentes
1531 2151 1596 2183 duo,
1611 2150 1706 2178 mulie~

72 2206 208 2241 λισμένοι,
237 2204 329 2241 κλῆμα
353 2205 377 2221 ⁸⁸
408 2204 533 2239 ἀμπέλου
564 2204 733 2240 κομίζοντες,
765 2205 864 2241 μεστὸν

918 2207 959 2235 bri
976 2210 1052 2233 veste
1077 2203 1177 2235 induti,
1203 2200 1332 2236 palmites
1353 2199 1416 2226 vitis
1439 2202 1588 2233 gestantes,
1612 2195 1707 2230 plenos

70 2251 195 2278 ιύθαλῶν
208 2251 329 2287 βοτρύων
345 2251 469 2287 (ἐκάλουν
484 2250 513 2277 δὲ
527 2250 594 2278 αὐτὸ
609 2250 701 2286 ὥσχην
718 2251 752 2283 ⁸⁷,
770 2251 818 2286 ἀφ’
833 2247 864 2278 οὗ

71 2298 118 2325 καὶ
131 2298 190 2329 τοῖς
200 2297 312 2332 μέλεσιν
324 2297 342 2332 ή
351 2295 507 2331 ἐπωνυμία)
517 2296 567 2330 τῆς
578 2296 675 2332 ἑορτῆς
684 2295 863 2332 καθηγοῦντο.

71 2343 174 2379 Ἀρεαι
200 2342 230 2369 δέ
252 2351 320 2378 φασι
340 2342 433 2378 Θησέα
447 2342 471 2358 ⁸⁸
487 2342 596 2378 πρῶτον
618 2341 665 2369 τοῦ
688 2342 768 2378 ἔργου
781 2351 788 2358 ·
803 2343 865 2370 ἐπεὶ

71 2389 125 2424 γὰρ
140 2388 266 2420 ἑκούσιος
280 2389 401 2421 ὑποστὰς
418 2388 465 2416 τδν
488 2389 529 2420 είς
545 2389 659 2424 Κρήτην
674 2388 757 2416 πλοῦν
778 2389 865 2425 ἀπήλ-

70 2431 135 2464 λαξε
151 2431 202 2467 τὴν
218 2431 337 2467 πατρίδα
360 2432 410 2467 τῆς
430 2432 501 2459 κατὰ
525 2432 571 2459 τὸν
591 2432 694 2468 δασμὸν
711 2435 865 2469 συμφορᾶς,

71 2477 239 2513 χαριστήρια
255 2477 400 2510 ἀποδιδοὺς
418 2477 520 2513 Ἀθηνᾷ
537 2477 585 2505 καὶ
606 2478 737 2514 Διονύσῳ,
753 2479 777 2505 οἲ
791 2479 866 2516 αὐτῷ

72 2522 143 2549 κατὰ
172 2521 223 2549 τὴν
249 2522 332 2558 νῆσον
356 2522 407 2558 τὴν
431 2521 496 2549 Δίαν
524 2522 710 2559 ἐπεφάνησαν,
748 2523 865 2559 ἔπραττε

915 2252 1030 2280 maturis
1051 2250 1121 2282 uvis,
1143 2248 1214 2284 quod
1236 2247 1287 2282 ipsi
1315 2245 1405 2281 ὅσχην
1423 2248 1565 2276 vocarunt,
1590 2242 1661 2270 unde
1680 2246 1708 2269 et

915 2296 1084 2326 carminibus
1100 2301 1199 2322 nomen
1214 2293 1342 2324 inditum,
1358 2291 1456 2318 festum
1481 2288 1704 2323 auspicabantur.

915 2343 1039 2372 Primum
1058 2348 1124 2369 vero
1144 2340 1250 2368 Thesea
1265 2339 1317 2366 hoc
1339 2337 1488 2364 inchoasse
1507 2335 1607 2363 lerunt.
1631 2333 1709 2361 Post-

916 2396 998 2424 quam
1010 2388 1083 2416 enim
1097 2391 1194 2422 sponte
1212 2392 1262 2413 sua
1276 2385 1302 2411 in
1317 2384 1425 2411 Cretam
1448 2381 1648 2416 navigationem
1665 2380 1708 2407 in-

915 2431 1063 2464 stituisset,
1080 2430 1196 2465 patriam
1218 2428 1312 2456 tributi
1330 2427 1478 2455 vexatione
1494 2425 1621 2454 liberavit
1637 2433 1644 2451 :
1661 2425 1708 2451 be-

917 2477 1042 2505 neﬁcium
1059 2475 1234 2512 [ualitudinis
1246 2481 1312 2510 ergo
1334 2473 1453 2501 reddens
1466 2471 1605 2504 Minervae,
1619 2475 1647 2498 et
1659 2470 1706 2498 Li-

917 2524 992 2557 bero.
1013 2523 1061 2559 qui
1074 2522 1125 2558 ipsi
1140 2522 1166 2549 in
1179 2521 1226 2549 Dia
1244 2520 1336 2550 insula
1347 2523 1541 2557 apparuerant.
1552 2517 1647 2546 Fiebat
1662 2523 1708 2545 au-

105 2595 121 2617 ει
139 2589 276 2619 Diodorus
299 2590 409 2619 Siculus
429 2590 476 2618 lib.
489 2597 524 2618 xv
537 2588 674 2624 Biblioth;
695 2590 795 2619 Suidas
817 2595 846 2619 et
858 2591 962 2620 Pollux.

744 2657 862 2687 VARIJE
878 2658 1082 2688 LECTlONES.

106 2704 524 2748 ’ίίλάσπσοναιτῆςλὲπᾋκρῳ
538 2704 671 2748 ἐλάσσονα
679 2704 729 2739 τῆς
742 2704 884 2748 ἐπ’-ξιξρου
902 2705 928 2737 Ιι,
943 2704 1093 2748 ἐλάσσονας
1106 2702 1364 2748 cﬁ'i106§dkou.g._
1385 2701 1410 2719 ⁵³
1424 2700 1501 2748 κόπω
1514 2706 1557 2748 pL.
1568 2699 1609 2748 ΙΔ,
1630 2697 1708 2748 ἔοπέυ

75 2732 193 2774 lambitur
206 2739 237 2768 Β.
264 2739 287 2775 f‘
299 2732 466 2775 καθειμένὸέ
476 2732 536 2767 Διξῑ
549 2732 751 2775 memmi";
788 2739 811 2755 ”
829 2732 1010 2775 ίὶρικρατίδας]
1018 2732 1195 2774 ἐπικρατίδας
1202 2732 1258 2775 ᾼῘιΞ
1283 2738 1319 2775 -ξσ
1326 2732 1385 2775 τῶν
1393 2743 1449 2775 orn.
1455 2737 1491 2775 _A.
1514 2732 1550 2755 "7
1567 2732 1709 2775 ίσανίῖυηίξ.

74 2776 176 2811 ζσυνεου
184 2775 234 2811 ΙιἨ
250 2773 274 2792 ⁵⁸
287 2773 420 2811 χαλαζίουΔ
430 2775 472 2811 Ah
490 2783 498 2801 :
520 2773 650 2811 γαλαξίου
666 2783 697 2811 ς.
735 2775 757 2811 δή
773 2773 927 2811 τριποδγικὸν
937 2774 974 2811 ΑΒ.

75 2810 94 2847 ξ¹
109 2809 201 2847 δίκην]
209 2809 480 2847 δίκηνάξιοῦνΑΒΙι.
518 2810 541 2825 ⁶¹
555 2810 584 2836 δὲ
598 2810 661 2847 add.
675 2810 710 2838 Δ.
747 2810 770 2847 'f
780 2809 991 2847 τριπόδων-Δίῃ
1004 2809 1118 2845 τρίποδα
1130 2818 1160 2847 ς.

76 2845 98 2864 ⁸·
110 2845 138 2873 ὄλ
159 2845 215 2873 om.
227 2845 271 2873 Α(
310 2846 332 2862 ⁸⁸
360 2845 488 2881 κλήματα
499 2860 535 2867 -
548 2845 654 2881 μεστῶν
669 2853 700 2878 ς.

1025 2775 1048 2790 ⁸⁵
1060 2767 1213 2804 navum“
1229 2772 1267 2801 cl‘.
1283 2772 1387 2800 Muller.
1402 2771 1578 2802 0rchomen.,
1594 2777 1621 2804 p.
1645 2767 1708 2804 385.

1211 2802 1408 2851 λῴσχοφορικὰ
1419 2807 1477 2836 Ah:
1495 2802 1666 2841 ὀσχοφορικὰ
1677 2810 1708 2837 ς,

750 2845 772 2865 ⁸⁷
787 2844 878 2881 ὥσχην
891 2844 932 2874 Alt
945 2853 951 2872 :
970 2845 1054 2881 δσχην
1070 2853 1100 2878 ς.
1138 2845 1160 2861 ⁸⁸
1172 2844 1263 2881 Θησέα
1278 2844 1344 2878 φασὶ
1359 2851 1388 2876 ς.
