1919 3096
208 137 256 172 121
262 138 274 171 ι

773 139 906 171 ΡΗΟΤΙΙ
925 139 1179 171 ΡΑΤΒΙΑΒΟΗΔΞ
1193 139 1249 171 CP.

1754 166 1756 168 .
1777 136 1848 171 1212

204 195 316 231 junxit,
354 198 384 222 ut
416 194 500 224 etiam
537 194 630 223 omnia
669 194 828 230 loquuntur.
873 195 998 224 Extrema

1068 204 1146 231 ,κρων
1161 195 1211 223 καὶ
1223 194 1258 222 τά
1274 194 1345 231 μέσα
1378 194 1617 231 συμπαρείληφεν,
1632 194 1672 227 ὡς
1693 194 1744 222 καὶ
1758 195 1849 224 πάντα

205 246 297 269 autem
311 243 368 269 tuaac
379 242 430 270 rite
440 246 584 274 vocantur,
600 246 672 269 terra
688 241 766 270 orbis
779 246 903 270 centrum
919 242 1000 270 susti-

207 295 284 321 nens,
291 288 411 315 omnium
422 287 579 314 inferiorum
588 291 629 314 est
640 287 820 323 principium;
831 288 929 316 ctelum
937 296 1000 316 vero

209 335 303 360 omnia
317 333 452 366 ambiens,
463 333 586 360 omnium
602 332 664 361 linis
678 337 730 362 est.
747 333 845 361 Iterum
861 341 926 361 vero
942 341 999 362 cm-

207 378 262 406 Inm
276 379 474 412 descendendo,
483 379 591 407 initium
604 384 657 412 est,
665 379 781 415 ejusque
792 385 915 415 respectu
926 384 999 408 terra

208 430 270 452 tunc
283 425 354 457 linis,
365 425 453 452 media
467 433 531 453 vero
543 430 617 458 sunt,
637 433 719 461 aqua,
732 434 790 460 aer,
801 432 828 454 et
840 427 918 462 ignis.
937 426 1000 454 Ideo

207 471 297 506 pergit
318 479 326 498 :
346 470 469 498 Tenebra:
484 479 563 506 super
586 472 733 506 abyssum;
757 480 856 508 nquam
875 472 1001 508 abyssum

208 522 298 549 sonat,
316 517 443 545 tenebras
458 525 524 546 vero
538 517 604 545 luce
618 523 758 546 carentem
772 526 872 546 aerem.
892 518 1000 546 Etenim

207 564 318 598 proprie
326 564 454 591 dicuntur
471 564 591 592 tenebrze
604 571 667 592 cum
681 563 772 592 lumen
786 564 874 593 abest.
889 564 923 592 Et
936 572 1001 592 con-

207 610 323 637 auetutlo
341 610 468 638 tenebras
482 610 628 637 obscurum
651 618 744 638 aerem
768 615 858 644 vocat,
880 610 923 639 vel
936 618 1001 647 spe-

206 657 278 685 ciem
291 657 364 685 aeris
377 661 551 690 nocturnam,
567 656 609 683 vel
624 663 658 684 ex
672 656 726 685 alio
739 656 890 686 accidente.

241 770 382 798 Tenebras
397 770 556 806 palpabiles,
569 769 664 806 quales
687 773 834 798 senserunt
847 767 999 804 Ξκιριίἰῇ

207 816 311 845 duabus
325 818 357 845 de
373 817 463 845 causis
477 817 530 845 dici
546 817 614 850 vult,
633 817 677 845 vel
694 817 770 851 quod
791 815 920 851 splendor
939 815 1001 842 nul-

207 863 251 891 lus
272 863 393 892 caelestis
405 863 544 891 immistns
556 868 599 891 est
612 863 680 895 aeri,
692 863 726 891 ob
741 862 904 889 densitatem
927 860 999 895 ejus.
1014 876 1038 906 Β

207 914 237 936 ιιι
253 909 368 945 palpari,
389 913 417 936 et
437 908 511 944 tangi
525 915 573 943 per
591 908 774 936 resistentiam
787 914 802 934 a
817 906 1000 942 contingenti-

207 957 259 985 bus
273 962 356 992 queat
371 966 378 984 :
395 956 437 984 vel
459 956 531 991 quod
546 955 683 990 tangendo
698 954 807 982 duriora
827 959 942 987 corpora
956 951 999 979 in-

207 1005 265 1028 star
277 1007 409 1028 caecorum
425 1000 466 1028 sic
488 999 708 1035 progrediantur,
726 1003 753 1026 et
764 998 815 1025 hoc
824 997 883 1032 ipso
898 1004 1000 1032 cogno-

206 1052 284 1075 scant
296 1047 336 1074 sic
352 1050 507 1074 attrectata.
519 1046 635 1080 Abyuur
647 1046 680 1072 ab
691 1044 818 1072 omnibus
832 1043 915 1070 multa
929 1049 1000 1077 aqua

206 1093 318 1124 dicitur,
334 1097 362 1120 et
376 1092 403 1119 in
416 1091 582 1128 profundum
598 1091 735 1124 demersa,
748 1097 886 1126 quamque
900 1096 1000 1124 capere

206 1147 260 1166 non
275 1139 405 1171 valemus.
421 1145 473 1166 nec
484 1138 571 1166 oculis
590 1138 733 1172 consequi.

241 1195 303 1224 Ideo
326 1196 409 1224 etiam
430 1195 519 1224 Meses
539 1195 670 1231 abyssum
698 1195 770 1222 hanc
787 1201 886 1230 aquam
908 1196 999 1225 vocat.

207 1242 261 1269 nlsi
278 1241 349 1277 quod
364 1242 448 1269 etiam
465 1241 576 1270 nomine
587 1248 666 1276 aqua;
680 1241 814 1268 nominet.
831 1240 868 1267 Ac
883 1237 1000 1273 Spiritus

206 1289 275 1316 enim
288 1288 385 1324 323b
419 1287 526 1315 Domini
541 1287 677 1322 ferebatur
706 1294 784 1322 super
801 1294 895 1321 aquas.
913 1284 1001 1320 Super

207 1342 294 1370 aquas
317 1335 390 1361 enim
412 1342 460 1361 aer
483 1334 541 1368 ipse
558 1334 676 1361 innatat.
689 1332 796 1360 Nomen
819 1336 909 1358 autem
928 1330 1001 1358 aeris

207 1380 298 1409 loses
310 1388 364 1408 non
380 1380 522 1415 usurpavit
538 1388 546 1408 ;
564 1379 604 1406 vel
621 1386 653 1407 eo
670 1378 742 1414 quod
758 1377 864 1405 llebraai
881 1375 999 1403 nondum

206 1432 311 1454 certum
328 1427 383 1454 aeri
411 1433 509 1453 nomen
536 1425 688 1456 dedissent,
712 1423 753 1451 vel
770 1423 841 1458 quod
865 1421 1002 1449 suiliceret

207 1473 275 1501 Mosi
291 1472 424 1501 vocabulo
444 1480 520 1506 aqua
538 1477 684 1506 utrumque
708 1471 850 1498 denotare.
875 1467 999 1501 Magnam

207 1517 281 1545 enim
293 1525 341 1545 aer
357 1522 385 1545 ct
402 1525 472 1552 aqua
495 1517 716 1545 communionem
733 1515 844 1546 habent,
860 1516 888 1540 et
901 1511 1000 1546 saepius

207 1563 235 1591 in
248 1564 424 1599 sequentibus
438 1563 490 1590 hoc
508 1563 617 1590 nomine
638 1563 671 1589 de
685 1566 802 1596 utroque
818 1560 916 1587 utitur.

1053 241 1148 276 φασίν.
1182 241 1314 277 ’Δκραδὶ
1328 240 1448 274 εὐλόγως
1472 241 1560 268 ταῦτα
1584 241 1720 274 καλεῖται,
1746 241 1789 268 δτι
1812 242 1849 276 γῆ

1052 284 1104 320 μὶν
1131 284 1246 320 κέντρον
1260 284 1307 311 τοῦ
1328 284 1430 316 παντὸς
1447 285 1585 320 ιπέχουσα
1599 285 1724 313 κάτωθεν
1739 286 1851 313 πάντων

1051 331 1127 358 ἐστὶν
1155 331 1237 367 ἀρχὴ.
1261 331 1348 367 πέρας
1360 330 1390 358 δὲ
1409 331 1424 358 ὸ
1441 331 1530 359 πάντα
1557 331 1696 367 περιιχων
1716 332 1848 367 οὐρανός.

1052 377 1137 404 Πάλιν
1152 376 1256 405 ἀνωθεν
1273 377 1346 413 ἀρχὴ
1365 376 1416 412 μιν
1429 377 1503 404 ἔστιν
1513 378 1529 404 ὁ
1540 376 1669 413 οὐρανὸς,
1685 379 1775 414 πέρας
1791 378 1820 405 δὲ
1831 379 1849 413 ἡ

1052 422 1100 458 γῆ.
1111 422 1191 450 Mssa
1200 422 1229 450 δι
1239 422 1312 458 ὕδωρ
1338 423 1386 450 καὶ
1401 423 1456 459 ἀὴρ
1480 423 1528 450 καὶ
1556 423 1626 460 πῦρ.
1642 423 1690 451 Διό
1701 432 1788 459 φησιν
1799 424 1850 458 ιφ-

1052 469 1127 503 ιξῆς·
1141 468 1198 496 Kal
1216 469 1328 503 σκότος
1334 469 1435 496 ἐπάνω
1443 467 1497 502 τῆς
1510 469 1661 503 ἀϐύσσου,
1674 469 1706 497 τὸ
1713 470 1765 506 μιν
1779 469 1850 506 ὕδωρ

1051 514 1191 543 ἄϐυσσον
1206 514 1303 548 είπὼν,
1318 514 1349 542 τὸ
1362 514 1392 542 δι
1414 513 1511 546 σκότος
1533 514 1580 542 τδν
1595 515 1751 550 ἀφάνεια-εον
1764 516 1848 550 ἀέρα·

1053 561 1101 588 καὶ
1125 560 1179 597 γὰρ
1194 561 1298 596 κυρίως
1320 561 1415 593 σκότος
1429 560 1505 588 ἐστὶν
1516 561 1535 596 ἠ
1548 560 1596 588 τοῦ
1612 561 1702 596 φωτὸς
1715 562 1849 590 ἀπουσία.

1052 606 1108 634 Καὶ
1123 607 1141 642 ἠ
1157 607 1286 642 συνήθεια
1297 606 1325 634 δὲ
1337 606 1434 639 σκότος
1449 606 1496 635 τὸν
1508 607 1663 643 ἀφώτιστον
1679 607 1755 642 λέγει
1769 608 1851 644 ἀέρα,

1052 653 1112 688 ἤτοι
1126 653 1157 680 τὸ
1170 652 1328 688 νυκτερινὸν
1347 652 1394 681 τοῦ
1423 653 1507 690 ἀέρος
1534 653 1701 690 κατάστημα
1715 654 1734 690 ἢ
1754 655 1804 682 καὶ
1821 655 1852 682 τὸ

1053 697 1140 730 ἄλλως
1151 707 1210 731 πως
1226 697 1387 734 συμϐαῖνον.

1087 767 1150 795 ὀτι
1162 767 1194 794 τὸ
1205 767 1367 804 ψηλαφητον
1380 767 1478 799 σκότος
1502 768 1560 800 τοῖς
1574 766 1738 802 Αἰγυπτίοις
1755 767 1853 799 σκάιος

1052 813 1214 849 ψηλαφητδν
1240 813 1368 849 ιίρῆσθαι
1400 813 1446 841 διὰ
1457 813 1506 841 δύο
1525 813 1626 846 αίτίας,
1645 813 1714 849 ἢότι
1729 813 1852 849 μηδεμία

1054 860 1133 892 ἀκτὶς
1163 860 1218 887 τῶν
1248 859 1383 896 οὐρανίων
1411 860 1577 895 ιίσεκρίνετο
1589 859 1628 895 τῷ
1644 859 1706 895 ἀέρι
1733 859 1781 886 διὰ
1803 859 1854 895 τὴν

1052 906 1153 942 πολλὴν
1169 905 1252 933 αὑτοῦ
1282 905 1428 942 παχύτητα
1451 906 1500 933 καὶ
1525 903 1582 933 οἷον
1610 905 1778 941 ψηλαφητὴν
1804 906 1852 933 καὶ

1050 952 1203 988 δυναμένην
1228 952 1356 989 αίσθησιν
1384 951 1547 984 ἀντιτυπίας
1576 952 1633 983 τοῖς
1658 951 1853 987 ἐπαφωμένοις

1051 997 1192 1033 παρέχειν,
1208 997 1225 1033 ἢ
1240 998 1281 1025 δτι
1297 997 1343 1024 διὰ
1356 997 1387 1024 τὺ
1400 997 1561 1034 ψηλαφητὸν
1577 997 1613 1024 τὰ
1627 996 1852 1032 στερεμνιώτερα

1049 1043 1106 1071 τῶν
1134 1043 1270 1079 σωμάτων
1284 1043 1364 1079 δίκην
1390 1043 1500 1078 τυφλῶν
1514 1043 1563 1070 καὶ
1577 1043 1648 1070 οὕτω
1661 1043 1710 1075 τὰς
1729 1042 1853 1078 μεταϐά-

1051 1098 1110 1123 σεις
1121 1090 1270 1123 ποιεῖσθαι,
1284 1089 1301 1125 ἢ
1317 1089 1365 1117 καὶ
1385 1090 1453 1118 αὐτὸ
1467 1089 1548 1117 τοῦτο
1571 1089 1715 1126 γνωρίζειν
1732 1089 1805 1117 οὕτω
1817 1090 1853 1118 τά

1049 1135 1250 1172 ψηλαφώμενα.

1087 1193 1150 1220 Ὀτι
1156 1192 1293 1227 ἄϐυσσος
1301 1193 1378 1229 παρά
1391 1194 1458 1221 πᾶσι
1466 1193 1496 1220 τδ
1510 1193 1579 1221 πολὺ
1589 1193 1710 1221 καλεῖται
1720 1193 1796 1228 ὕδωρ
1805 1193 1854 1219 καὶ

1051 1238 1092 1270 είς
1107 1238 1188 1274 βάθος
1208 1239 1315 1275 χωροῦν
1328 1239 1450 1275 ἄληπτον
1460 1241 1539 1276 ἡμῖν,
1551 1240 1628 1275 παρὰ
1648 1240 1679 1267 τὸ
1700 1239 1815 1275 μηνύειν
1830 1239 1854 1256 ⁷³

1051 1285 1092 1316 είς
1109 1284 1193 1311 αὐτόο
1216 1285 1257 1312 διὸ
1280 1286 1329 1313 καὶ
1354 1286 1460 1321 Μωσῆς
1483 1286 1604 1313 ἄϐυσσον
1629 1286 1719 1313 ἐκεῖνο
1734 1285 1765 1312 τὸ
1778 1285 1853 1321 ὕδωρ

1051 1329 1138 1356 καλεῖ.
1152 1330 1225 1366 Πλὴν
1239 1331 1287 1358 καὶ
1299 1331 1374 1368 ὕδωρ
1388 1332 1454 1359 αὐτὸ
1466 1331 1661 1368 κατονομάζει·
1681 1331 1738 1359 Kal.
1752 1332 1848 1359 πνεῦ-

1049 1383 1092 1410 μα
1111 1375 1166 1411 γὰρ
1185 1377 1260 1405 Θεοῦ
1273 1377 1437 1413 ἐπεφέρετο
1447 1378 1548 1406 ἐπάνω
1567 1378 1621 1406 τοῦ
1635 1378 1746 1411 ὕδατος
1759 1385 1768 1394 ·
1785 1379 1844 1410 τοῖς

1051 1419 1130 1447 ὕδασι
1142 1421 1197 1457 γὰρ
1211 1422 1266 1458 ἀὴρ
1274 1423 1445 1459 ἐπινήχεται.
1457 1424 1530 1452 Αὐτὸ
1537 1423 1566 1451 δὲ
1576 1424 1607 1451 τὸ
1615 1423 1663 1450 τοῦ
1674 1423 1756 1459 ἀέρος
1765 1423 1854 1459 ὄνομα

1050 1466 1170 1502 παράτῇ
1185 1468 1327 1501 Μωῡσέως
1344 1469 1395 1496 οὐκ
1410 1469 1469 1496 ἐστι
1482 1469 1587 1505 γραφῇ,
1600 1469 1618 1504 ἢ
1634 1469 1720 1504 μήπω
1735 1468 1855 1503 ἐχούσης

1050 1511 1112 1538 τότε
1121 1511 1144 1529 ⁷⁸
1156 1513 1206 1548 τῆς
1225 1514 1366 1550 Ἑϐρατδος
1380 1515 1521 1543 διαλέκτου
1548 1515 1742 1550 ἀφωρισμένον
1764 1515 1855 1550 δνομα

1011 1551 1033 1581 c
1051 1556 1090 1593 τῷ
1126 1557 1209 1594 ἀέρι,
1224 1559 1288 1596 [528
1314 1560 1361 1598 IL]
1389 1561 1407 1597 ἢ
1429 1561 1602 1598 ἀρκουμένου
1627 1561 1766 1592 Μωῡσέως
1808 1560 1857 1587 διὰ

206 1609 256 1636 τοῦ
272 1610 382 1643 ὕδατος
395 1610 444 1644 τῆς
457 1609 549 1645 φωνῆς
564 1609 648 1644 ἄμφω
667 1607 764 1644 δηλοῦν
779 1616 787 1624 ·
804 1605 890 1641 πολλὴ
912 1605 967 1641 γὰρ
986 1602 1083 1636 ὓδατος
1104 1605 1154 1633 καὶ
1172 1605 1253 1644 ἀέρος
1270 1608 1287 1643 ἡ
1301 1607 1440 1642 κοινωνία,
1467 1607 1517 1635 καὶ
1526 1606 1658 1639 πολλάκις
1675 1607 1705 1634 ὲν
1718 1607 1774 1638 τοῖς
1788 1606 1855 1642 ἑξῆς

209 1657 252 1685 ἐπ’
265 1657 367 1693 ἀμφοῖν
377 1656 511 1692 κέχρηται
525 1655 566 1691 τῷ
577 1655 701 1690 ὀνόματι.

242 1724 331 1752 Moses
353 1723 512 1759 angelorum
540 1729 691 1758 eorumque
721 1720 870 1749 creatiouis
895 1718 998 1747 nullam

206 1769 373 1798 mentionem
388 1769 464 1802 facit,
476 1768 555 1803 quasi
569 1767 664 1795 mundi
682 1766 826 1794 historiam
847 1764 997 1800 scripserit.

207 1814 309 1843 Verum
327 1822 381 1842 non
393 1818 436 1842 est
456 1813 601 1841 dicendum
616 1813 683 1841 istos
704 1811 786 1839 simul
801 1811 940 1839 exstitisse
957 1809 998 1839 vel

207 1866 269 1896 post
283 1861 382 1889 ctelum
399 1860 484 1888 iactos
500 1867 571 1892 esse,
587 1859 633 1886 sed
650 1863 751 1892 antea;
771 1858 853 1892 idque
870 1865 887 1885 e
907 1864 998 1885 rerum

207 1910 318 1939 natura,
341 1905 484 1940 sacrisque
512 1904 622 1932 Litteris
647 1909 763 1931 conatur
782 1903 997 1931 demonstrare:

207 1953 365 1988 depugnans
380 1951 485 1979 scilicet
498 1951 629 1979 adversus
641 1949 815 1978 Theodorum
830 1949 942 1984 ejusque
954 1956 1000 1976 ra-

208 1999 307 2031 tiones,
323 1998 422 2034 quibus
437 1997 548 2033 angelos
572 2004 624 2024 una
648 2004 712 2024 cum
739 1996 815 2024 caelis
829 1996 915 2024 factos
938 2002 1000 2023 esse

206 2045 322 2077 asserit,
342 2049 376 2072 et
400 2051 527 2079 magnum
549 2042 680 2070 Basilium
707 2043 830 2078 ejusdem
856 2043 1000 2071 sententia:

206 2089 356 2122 adducens,
372 2097 422 2124 pro
439 2096 493 2124 quo
505 2089 588 2116 etiam
603 2088 711 2116 videtur
727 2088 933 2117 decertandum.
949 2088 1000 2116 Re-

206 2143 322 2164 censens
338 2135 422 2171 igitur
445 2135 603 2163 summatim
623 2134 881 2169 demonstrationes,
897 2135 999 2170 quibus

208 2181 254 2209 ille
270 2181 380 2216 angelos
394 2188 456 2208 cum
478 2181 579 2208 mundo
593 2188 645 2208 non
667 2180 749 2209 simul
762 2185 872 2208 creatos
887 2179 996 2215 probat,

205 2227 298 2254 addit:
313 2226 379 2253 Vide
396 2226 505 2254 tandem
518 2234 551 2254 ex
568 2227 666 2262 quibus
684 2226 804 2254 ctelestis
814 2234 908 2254 eorum
921 2231 999 2254 ortus

206 2276 324 2300 constet.
338 2271 439 2306 Primo,
454 2271 525 2307 quod
539 2280 589 2300 nec
602 2272 702 2305 Moses,
723 2279 772 2299 nec
787 2271 840 2299 alia
855 2271 998 2306 Scriptura

205 2325 284 2346 sacra
304 2319 370 2346 dicit
392 2326 454 2346 cum
479 2319 548 2347 cmlo
573 2318 662 2346 tactos
678 2326 749 2346 esse.
772 2318 899 2346 Secundo
921 2318 994 2353 quod
1013 2335 1037 2364 Β

206 2372 260 2392 non
270 2365 326 2392 sint
333 2372 460 2400 corpora,
470 2372 520 2392 nec
533 2365 694 2400 corporibus
708 2364 846 2399 organicis
863 2369 892 2391 ut
903 2364 996 2391 anima

205 2416 301 2446 postea
320 2411 412 2438 vincti.
434 2411 539 2445 Tertio,
564 2419 581 2439 e
605 2411 712 2439 ctelesti
738 2418 833 2439 eorum
859 2410 993 2446 potentia.

205 2457 320 2491 Quarto,
345 2457 416 2492 quod
442 2457 526 2485 Deum
550 2457 660 2485 assidue
674 2457 803 2491 videant;
820 2457 919 2492 quibus
931 2464 995 2484 om-

204 2504 286 2532 nibus
302 2509 436 2531 creatura:
452 2503 596 2531 mundanaa
612 2508 718 2531 carent.
734 2503 846 2536 Quinto,
863 2503 935 2538 quod
951 2502 992 2529 ir-

205 2549 354 2578 rationales
367 2549 465 2577 animae
480 2557 543 2577 cum
560 2550 724 2585 corporibus
741 2556 794 2576 non
813 2549 869 2576 sint
885 2553 996 2581 creatae,

203 2594 257 2622 etsi
269 2594 329 2623 sine
341 2595 504 2630 corporibus
519 2602 582 2623 esse
597 2599 745 2629 nequeant.
755 2593 910 2627 Postremo,
923 2594 996 2629 quod

204 2641 346 2670 hominum
360 2642 480 2675 anitnus,
496 2649 531 2670 ne
549 2649 611 2670 cum
626 2641 738 2678 proprio
751 2648 867 2677 corpore
883 2641 995 2677 quidem

245 2732 255 2752 ⁸
274 2731 360 2761 Exod.
375 2740 403 2766 ι.
418 2732 464 2760 2|.

1081 1719 1216 1752 ὀτιτοὺς
1226 1719 1361 1755 ἀγγέλους
1371 1720 1420 1748 καὶ
1428 1720 1452 1736 ⁸⁸
1462 1719 1589 1756 μηδαμοῦ
1599 1720 1650 1755 τῆς
1659 1720 1854 1756 προαγωγῆςη

1048 1766 1140 1794 αὐτῶν
1164 1767 1288 1803 ἐμνήσθη
1316 1766 1433 1802 Μωσῆς,
1449 1767 1498 1794 ac:
1522 1767 1577 1794 τῶν
1601 1767 1757 1803 ἑγκοσμίων
1775 1767 1854 1795 ίστο-

1051 1812 1113 1849 ρίαν
1137 1813 1318 1847 παραδιδοὺς,
1339 1812 1398 1840 ἀλλ’
1416 1810 1463 1841 οὖν
1483 1812 1545 1840 οὐδὲ
1558 1812 1599 1840 δεῖ
1622 1813 1713 1848 λέγειν
1733 1813 1773 1845 ὠς
1790 1821 1856 1839 συν-

1049 1858 1218 1895 υπέστησαν,
1233 1859 1327 1895 φησὶν,
1338 1859 1356 1896 ἢ
1370 1860 1419 1888 καὶ
1435 1860 1549 1895 ὕστερον
1563 1859 1708 1895 γεγόνασιν
1718 1859 1853 1895 οὐρανοῦ,

1049 1905 1183 1941 πρότερον
1198 1905 1237 1933 δέ.
1254 1906 1310 1933 Καὶ
1325 1905 1406 1933 τοῦτο
1436 1906 1568 1942 πειρᾶται
1590 1905 1638 1932 καὶ
1660 1905 1855 1940 φυσικώτερον

1048 1951 1097 1978 καὶ
1110 1952 1142 1978 ὲκ
1152 1951 1207 1978 τῶν
1220 1951 1301 1979 θείων
1308 1952 1416 1987 Λογίων
1431 1952 1624 1987 παριστάνειν,
1634 1951 1672 1983 ὼς
1684 1951 1766 1986 δῆθεν
1783 1951 1854 1986 πρὸς

1048 1999 1188 2034 Θεόδωρον
1198 1997 1261 2036 [996
1271 1997 1319 2035 11.]
1331 1998 1553 2034 ἀπομαχόμενος,
1565 1996 1673 2029 καὶτὰς
1686 1996 1754 2032 παρ’
1764 1996 1852 2023 αὐτοῦ

1049 2045 1236 2081 κομιζομένας
1263 2045 1417 2078 ἀποδείξεις
1430 2045 1472 2072 ὅτι
1495 2044 1545 2071 σὺν
1568 2043 1677 2080 οὐρανῷ
1700 2043 1852 2079 γεγόνασιν

1048 2090 1317 2126 ἀνασκευαζόμενος,
1332 2090 1380 2117 καὶ
1397 2089 1544 2125 σύμφωνον
1557 2089 1604 2116 τὸν
1616 2089 1703 2124 μεγαν
1718 2089 1851 2123 ἐπικομι-

1049 2135 1164 2172 ζόμενος
1177 2136 1327 2169 Βασίλειον,
1341 2136 1412 2172 ὑπὲρ
1419 2133 1450 2164 οὗ
1462 2136 1510 2163 καὶ
1520 2135 1595 2162 δοκεῖ
1608 2135 1739 2171 Θεοδώρῳ
1748 2135 1852 2170 διαμά-

1050 2183 1158 2218 χεσθαι.
1166 2181 1465 2217 ’Δνακεφαλαιούμενος
1477 2179 1524 2208 οὖν
1536 2181 1585 2213 τὰς
1597 2179 1749 2214 ἀποδείξεις
1760 2179 1795 2207 δι’
1813 2176 1852 2207 ὥν

1049 2228 1113 2260 τοὺς
1125 2227 1258 2263 ἀγγέλους
1271 2227 1310 2264 μὴ
1322 2227 1526 2262 συνυποστῆναι
1541 2226 1582 2262 τῷ
1598 2226 1694 2262 κόσμῳ
1714 2226 1851 2262 παριστά-

1050 2282 1107 2301 νειν
1121 2274 1268 2310 ὴγώνιστο,
1279 2274 1358 2309 φησὶ,
1374 2274 1487 2301 Σκόπει
1508 2273 1614 2301 τοίνυν
1624 2273 1660 2300 ἐκ
1677 2273 1784 2300 πόσων
1801 2274 1852 2300 αὺ-

1050 2320 1141 2355 τῶνὴ
1168 2320 1372 2356 ὑπερκόσμιος
1402 2319 1554 2355 συνῆκται
1580 2319 1710 2355 γένεσις.
1734 2319 1769 2346 ἐκ
1796 2319 1853 2347 τοῦ

1049 2367 1127 2402 μήτε
1152 2367 1262 2395 Μωσέα
1282 2366 1352 2402 μήτ’
1372 2366 1473 2401 ἄλλην
1496 2367 1704 2395 θεόπνευστον
1719 2365 1851 2402 Γραφὴν

1052 2413 1112 2448 ἅμα
1126 2412 1167 2446 τῷ
1183 2414 1287 2449 κόσμῳ
1307 2412 1463 2449 γενονέναι
1485 2413 1598 2446 αὐτοὺς
1617 2411 1725 2445 εἰπεῖν,
1737 2413 1772 2440 ἐκ
1795 2412 1851 2440 τοῦ

1049 2461 1126 2494 μήτε
1139 2459 1263 2495 σώματα
1282 2457 1360 2487 εἷναι
1385 2459 1462 2494 μήτε
1478 2459 1680 2487 συνδεδέσθαι
1708 2458 1851 2494 σώμασιν

1052 2505 1222 2540 ὁργανικοῖς
1240 2505 1342 2540 ὥσπερ
1364 2505 1422 2541 τὴν
1438 2505 1587 2541 ἡμετέραν
1613 2505 1732 2541 ψυχὴν,
1747 2505 1782 2532 ἐκ
1795 2505 1851 2539 τῆς

1051 2551 1257 2586 ὑπερκοσμιου
1276 2551 1430 2587 δυνάμεως
1451 2552 1562 2585 αὐτῶν,
1578 2552 1613 2585 ἐξ
1629 2549 1674 2579 ὧν
1694 2551 1729 2579 τὸ
1763 2552 1850 2579 837m-

1051 2595 1199 2631 διηνεκῶς
1215 2597 1391 2632 θεωροῦσιν,
1417 2594 1462 2625 ὧν
1482 2598 1573 2625 οὐδὲν
1600 2597 1660 2626 τῶν
1676 2597 1850 2633 ἐγκωμίων

1050 2641 1180 2678 μετέχει·
1196 2642 1231 2670 ἐκ
1244 2643 1298 2670 τοῦ
1310 2643 1389 2679 μηδὲ
1401 2644 1455 2677 τὰς
1469 2643 1601 2679 ἀλόγους
1612 2643 1718 2678 ψυχὰς
1729 2650 1848 2679 συγκα-

861 2812 980 2842 ἾΑΒΙΑΞ
996 2811 1202 2842 LECTIONES.

247 2868 271 2891 ν’
283 2868 409 2906 μηνύειν]
422 2870 477 2898 imo
491 2869 529 2907 μὴ
541 2869 624 2898 δύειν.
638 2870 676 2900 cf.
687 2870 775 2908 Etym.
796 2871 832 2901 ll.
871 2874 893 2894 τ’
907 2872 980 2909 τότε]
995 2873 1056 2901 libri
1071 2873 1110 2901 τὸ.
1151 2873 1174 2890 ⁵ο
1191 2871 1250 2910 καὶ]
1266 2872 1323 2910 Ινεο
1338 2872 1362 2901 εί
1377 2873 1434 2901 καὶ.
