1919 3096
99 140 170 174 1213

660 148 924 182 BIBLIOTHECA.
939 164 974 170 —
985 151 1068 182 con.
1086 152 1207 183 ccxu.
1250 130 1253 131 ν

1671 149 1741 183 19H

97 198 304 233 ταδεϐλῆσθαι
316 199 379 235 τοῖς
403 201 536 237 σώμασι.
564 204 662 232 καίτοι
690 207 781 240 χωρὶς
799 207 887 242 σωμά

950 208 986 236 sit
1000 214 1118 237 creatus.
1136 209 1192 237 Hoc
1208 208 1280 237 enim
1293 216 1309 236 e
1319 211 1402 240 terra.
1414 207 1459 236 ille
1471 215 1518 244 per
1533 215 1563 236 se
1575 206 1667 236 divina
1679 215 1742 243 par-

98 250 161 271 των
172 245 217 280 μὴ
244 245 418 282 δυναμένας
446 246 525 276 εἷναι
541 257 548 265 ·
566 250 601 277 ἐκ
616 251 670 279 τοῦ
690 251 735 287 μὴ
767 253 825 286 τὴν
842 253 896 280 ἁν-

952 253 1048 288 ticipat
1060 254 1249 290 generatione,
1263 259 1317 282 etc.

98 290 256 324 θρωπίνην
283 291 392 327 ψυχὴν
412 294 492 328 μηδὲ
522 294 563 328 τῷ
590 295 655 330 ιδιφ
677 298 911 334 πνυποστῆναι
945 298 1121 334 σώματι·τὸ
1133 299 1194 335 μὲν
1215 300 1271 336 γὰρ
1289 300 1324 328 ἐκ
1353 300 1420 336 γῆς,
1442 299 1462 334 ἠ
1484 299 1519 327 δὲ
1539 298 1605 327 καθ’
1627 297 1743 334 ἑαυτὴν

98 336 253 371 θειοτέρας
263 338 324 366 ὑπὸ
343 340 418 368 Θεοῦ
432 341 564 376 μετέσχε
577 342 725 378 γενέσεως
738 344 773 372 ⁸¹.

436 388 526 416 ΣΜΔ¹.

136 430 210 463 ΒΙος
222 430 428 461 Ἀπολλωνίου
441 433 503 461 ἀπὸ
517 434 623 469 φωνῆς
639 435 859 470 Φιλοστράτου.

144 475 319 514 ’Δνεγνώσοη
343 478 377 506 ὲκ
395 479 443 506 τοῦ
471 479 513 512 είς
540 480 587 507 τὺν
603 480 783 509 ’Δπολλώνιον
794 482 817 499 ⁸³
843 483 898 511 ἀπὸ

97 522 197 557 φωνῆς
215 523 410 560 Φιλοστράτου.
430 525 523 554 ὀτι⁸³
538 525 687 554 Βαϐυλῶνά
716 536 783 563 φησι
812 537 899 555 τετει-

98 569 195 603 χίσθαι
211 570 378 606 ὀγδοήκοντα
402 573 451 600 καὶ
470 574 636 609 τετρακόσια
667 575 763 602 στάδια
786 575 896 612 κύκλῳ·

98 616 194 651 τεῖχος
219 616 250 643 δδ
275 617 362 654 αὐτῆς
391 619 455 655 τρία
484 620 536 656 μὲν
560 620 591 647 τὸ
618 620 686 656 ὕψος
712 621 873 657 ἠμίπλεθρα
889 643 898 656 ,

101 661 224 699 πλέθρου
238 663 267 690 δὲ
284 666 360 699 μεῖον
382 665 413 693 τδ
439 666 530 702 εὖρος.
559 667 680 704 Ποταμῷ
706 668 735 695 δὲ
768 668 900 705 Εὐφράτῃ

99 709 234 744 τέμνεται
259 710 307 743 ξὺν
333 712 473 748 ὁμοιότητι
499 712 548 740 τοῦ
575 714 674 747 εἴδους,
689 714 719 741 ὃν
743 715 902 751 ἀπόρρητος

101 755 262 792 ὖτυοστείχει
284 758 402 794 γέφυρα,
417 759 452 787 τὰ
467 759 593 795 βασίλεια
604 761 638 788 τὰ
656 761 702 788 ἐπὶ
727 763 788 794 ταῖς
807 762 902 797 ὄχθαις

100 802 219 836 ἀφανῶς
246 804 431 836 ξυνάπτουσα.
463 805 535 842 Γυνὴ
566 807 620 843 γὰρ
644 807 753 842 λέγεται
780 809 899 843 Μήδεια,

1287 389 1401 418 CCXLI.

1069 437 1202 471 Apollonii
1217 436 1316 471 Tyanei
1337 435 1397 464 Vita
1412 444 1426 464 e
1442 435 1621 464 Philostrato.

986 483 1051 519 Legi
1073 482 1158 511 Vitam
1177 483 1313 519 Apollonii
1337 487 1449 511 auclore
1463 482 1640 511 Philostrato.
1654 483 1744 518 Baby-

951 529 1031 561 lonis.
1052 529 1150 564 inquit,
1167 529 1237 556 muri
1261 528 1525 564 quadringentorum
1548 529 1698 556 stadiorum
1713 532 1743 555 et

951 575 1089 612 octoginta
1109 575 1242 603 ambitum
1258 575 1479 609 complectuntur
1495 583 1502 602 :
1520 574 1547 602 in
1570 574 1743 602 altitudinem

950 628 1017 649 vero
1039 620 1090 648 tria
1109 620 1272 655 semiiugera
1296 620 1470 653 attolluntur,
1492 627 1557 647 cum
1580 620 1638 648 sint
1661 620 1744 655 paulo

952 666 1042 696 minus
1066 667 1148 694 unius
1164 666 1267 702 ingeris
1291 667 1446 696 latitudine.
1468 666 1551 694 Secat
1573 671 1664 694 autem
1687 673 1743 695 me-

951 713 1024 742 diam
1038 712 1173 749 Babylona
1193 712 1357 748 Euphrates,
1367 720 1430 741 cum
1442 712 1538 741 formae
1552 712 1743 745 similitudine,

952 767 1034 795 quem
1051 758 1208 794 Euphraten
1230 759 1353 787 occultus
1370 758 1444 786 subit
1462 766 1541 794 pons,
1557 758 1672 794 regiam,
1683 766 1745 793 quae

954 805 982 833 in
997 811 1112 839 utraque
1137 805 1195 840 ripa
1216 809 1270 838 est,
1288 805 1405 832 invicem
1425 804 1507 831 modo
1524 803 1652 831 invisibili
1675 810 1744 831 con-

99 848 159 874 τῶν
187 849 279 886 ἐκείνῃ
308 851 374 877 ποτε
400 850 534 887 ἄρχουσα,
551 852 599 880 τὸν
615 853 738 889 ποταμὸν
754 853 887 888 ὑποζεῦξα

951 851 1078 887 iungens.
1096 850 1196 879 Fertur
1217 851 1289 879 enim
1306 850 1404 878 mulier
1429 850 1523 879 Medea
1546 850 1692 886 aliquando
1716 849 1744 878 id

99 894 205 929 τρόπον
215 895 246 921 ὃν
264 896 348 930 μήπω
370 906 414 930 τις
426 899 561 934 ποταμῶν
579 899 706 937 ἐζεύχθη.
734 901 834 933 Λίθους
845 902 901 937 γὰρ

99 938 134 973 δὴ
152 939 202 966 καὶ
218 940 322 975 χαλκὸν
347 943 396 969 καὶ
409 942 559 978 ἄσφαλτον,
573 945 622 972 καὶ
635 945 724 973 ὁπόσα
736 946 765 978 ἐς
784 946 901 982 ἔφυδρον

101 983 226 1017 ξύνδεσιν
250 987 406 1023 ἀνθρώποις
437 989 566 1026 εὕρηται,
595 992 672 1028 παρά
692 992 743 1025 τὰς
756 992 840 1029 ὄχθας
852 993 900 1021 τοῦ

99 1031 231 1067 ποταμοῦ
245 1033 362 1067 νήσασα,
377 1033 408 1061 τὺ
422 1035 513 1071 ῥεῦμα
521 1037 562 1068 εἰς
577 1036 674 1072 λίμνας
689 1037 800 1072 ἔτρεψε,
815 1038 900 1073 ξηρόν

98 1084 129 1102 τε
146 1076 198 1112 ἤδη
212 1076 258 1104 τδν
269 1078 392 1114 ποταμὸν
402 1078 510 1115 ὥρυγεν
519 1081 553 1113 ⁸⁸,
562 1081 676 1116 ὀργυιὰς
690 1082 719 1119 ἐς
733 1082 781 1109 δύο
794 1083 900 1118 σήραγ-

99 1129 138 1154 γα
149 1122 324 1159 ἐργαζομένη
354 1125 459 1161 κοίλην,
489 1126 533 1153 ἵνα
549 1127 579 1159 ἐς
604 1127 638 1154 τὰ
650 1126 776 1162 βασίλεια
789 1128 825 1155 τὰ
834 1128 900 1164 περὶ

98 1167 162 1198 ταῖς
173 1167 270 1202 δχϐαις
299 1168 394 1205 ὥσπερ
408 1170 442 1197 ὲκ
458 1170 512 1206 γῆς
526 1171 715 1206 ἀναφαίνοιτο,
737 1173 786 1199 καὶ
798 1172 900 1208 ἧρεψεν

97 1212 187 1247 αὐτὴν
218 1212 283 1245 iam;
302 1213 342 1251 τῷ
359 1214 406 1241 τοῦ
436 1215 573 1252 ῥεύματος
604 1217 724 1254 δαπέδῳ.
750 1219 782 1245 0i
800 1219 850 1254 μὲν
866 1219 899 1255 δὴ

99 1259 223 1294 θεμέλιοι
247 1259 423 1296 ἑδεδήκεσαν
439 1262 486 1289 καὶ
501 1263 526 1289 οἱ
551 1263 637 1299 τοῖχοι
668 1264 718 1298 τῆς
743 1265 898 1300 σήραγγος·

98 1306 150 1333 ατε
164 1306 225 1333 6ὲ⁸¹
234 1307 283 1343 τῆς
301 1307 444 1343 ἀσφάλτου
466 1308 600 1346 δεομένης
623 1310 671 1337 τοῦ
701 1311 797 1343 ὕδατος
811 1312 851 1343 είς
868 1312 899 1338 τὸ

98 1352 243 1380 λιθοῦσθαι
272 1354 320 1381 καὶ
348 1355 514 1391 πήγνυσθαι,
545 1356 560 1383 ὁ
587 1356 735 1392 Εὐφράτης
760 1357 898 1393 ὲπαφείῡη

99 1399 179 1434 ὑγρῷ
195 1399 234 1435 τῷ
251 1401 355 1436 ὀρόφῳ,
383 1401 430 1428 καὶ
457 1398 509 1429 ὧδε
543 1402 610 1438 ἔστη
624 1402 655 1429 τδ
680 1402 800 1438 ζεῦγμα.
815 1404 857 1431 Τὰ
870 1404 899 1431 δὲ

100 1445 229 1480 βασίλεια
242 1447 336 1482 χαλκῷ
352 1447 403 1483 μὲν
415 1448 536 1484 ῆρεπται
557 1449 605 1476 καὶ
619 1448 666 1476 ἀπ’
677 1450 768 1477 αὐτῶν
793 1450 899 1486 ἀστρά-

99 1499 165 1517 πτει
176 1499 184 1506 ’
198 1490 315 1526 Θάλαμοι
326 1492 354 1519 δὲ
374 1493 422 1519 καὶ
435 1493 570 1529 ἀνδρῶνες
583 1494 630 1521 καὶ
643 1495 720 1521 στοαὶ
732 1494 767 1522 τὰ
782 1495 832 1530 μὲν
848 1496 900 1531 ἀρ-

951 905 1066 932 reguum
1082 897 1179 925 sortita
1203 896 1313 924 ﬂuvium
1337 896 1473 932 iunxisse,
1495 904 1550 932 quo
1568 896 1647 923 modo
1663 900 1744 923 antea

950 951 1044 972 nemo.
1069 943 1187 978 Lapides
1208 943 1281 971 enim
1301 947 1330 970 et
1352 950 1400 976 tes,
1420 947 1551 977 praeterea
1577 941 1698 969 bitumen
1715 946 1744 969 et

951 990 1055 1024 reliqua
1080 989 1180 1026 324a
1209 988 1432 1023 conglutinationi
1456 988 1484 1016 in
1508 988 1588 1023 aquis
1612 987 1744 1016 faciendae

950 1034 985 1062 ab
1007 1034 1162 1061 hominibus
1188 1033 1310 1067 inventa,
1335 1033 1367 1060 ad
1383 1032 1504 1060 ﬂuminis
1524 1033 1596 1067 ripas
1616 1033 1662 1060 ubi
1679 1040 1743 1060 coa-

949 1079 1082 1112 cervavit,
1096 1078 1218 1106 ﬂuminis
1233 1086 1319 1113 aquas
1331 1079 1358 1106 in
1372 1079 1485 1114 paludes
1501 1078 1645 1111 derivavit,
1661 1083 1743 1113 atque

950 1124 1090 1152 exsiccato
1104 1124 1226 1151 ﬂuminis
1240 1123 1326 1156 alveo,
1343 1124 1459 1151 duarum
1478 1123 1604 1151 ulnarum
1629 1131 1740 1158 specum

948 1170 1103 1203 excavavil,
1113 1176 1142 1198 ιιι
1161 1170 1195 1197 ad
1211 1169 1309 1205 regias,
1321 1177 1381 1204 qua:
1398 1169 1526 1204 utrinque
1538 1169 1656 1196 ﬂuminis
1669 1169 1742 1203 ripas

949 1215 1085 1250 adjacent,
1111 1222 1159 1251 per
1188 1222 1269 1248 eam,
1293 1222 1375 1250 quam
1401 1214 1532 1247 diximus,
1553 1213 1661 1241 foveam
1685 1221 1740 1241 non

949 1269 1030 1290 secus
1044 1269 1076 1289 ac
1090 1269 1138 1297 per
1150 1260 1253 1288 aridam
1270 1266 1371 1288 terram
1391 1260 1482 1287 aditus
1496 1259 1690 1291 intercederet,
1702 1259 1740 1287 ita

950 1313 980 1335 ut
1004 1307 1119 1336 fornicis
1148 1307 1262 1336 altitudo
1289 1306 1408 1333 ﬂuminis
1432 1305 1509 1333 alveo
1537 1306 1740 1341 adaequarctur.

951 1355 1140 1382 Fundamenta
1150 1358 1353 1390 processerant,
1365 1358 1392 1380 et
1406 1353 1525 1388 parietes
1537 1360 1650 1388 specus;
1662 1352 1740 1387 quasi

948 1401 1069 1430 bitumen
1085 1409 1154 1437 aqua
1174 1401 1318 1437 indigeret,
1335 1406 1366 1428 ut
1379 1401 1568 1436 lapidcsceret,
1585 1404 1612 1426 et
1628 1398 1740 1425 indura-

948 1453 1035 1481 retur,
1057 1448 1209 1483 Euphrates
1230 1448 1341 1475 humido
1361 1447 1474 1475 fornicis
1503 1451 1575 1474 tecto
1601 1444 1741 1472 immissus

948 1500 1094 1529 est,atque
1106 1495 1305 1530 haecjungendi
1321 1494 1390 1522 ratio
1405 1494 1467 1522 fuit.
1483 1493 1567 1528 Regia
1583 1497 1674 1520 autem
1686 1498 1741 1519 aere

99 1536 241 1571 γύρῳ,τὰ
263 1537 291 1564 δὲ
318 1539 429 1573 χρυσοῖς
460 1538 525 1575 [529
544 1538 591 1575 H.]
624 1539 780 1575 ὑφάσμασι,
808 1540 844 1567 τὰ
868 1540 887 1567 δί

950 1540 1079 1575 adoperta
1097 1540 1192 1576 fulget,
1210 1540 1320 1568 thalami
1340 1547 1417 1572 vero,
1431 1543 1459 1566 et
1474 1539 1605 1573 porticus,
1617 1545 1649 1565 ac
1668 1537 1742 1564 viro-

99 1581 197 1617 χρυσῷ
209 1582 295 1618 αὐτῷ,
310 1584 437 1619 καθάπερ
454 1586 585 1620 γραφαῖς,
605 1585 762 1621 ήγλάῖσται.
782 1586 854 1622 Φησὶ
869 1587 899 1614 δὲ

100 1628 190 1663 φῆσαι
198 1629 221 1644 ¹¹⁶
249 1629 295 1656 τὸν
330 1630 511 1659 Ἀπολλώνιον
532 1632 579 1659 καὶ
614 1632 732 1668 ἀνδρῶνι
761 1633 897 1668 ἐντυχεῖν,

99 1670 132 1701 οὖ
143 1674 191 1702 τὸν
204 1674 303 1710 ὁροφον
319 1676 359 1708 εἰς
369 1676 447 1704 Θόλου
462 1677 580 1712 ἀνῆχθαι
597 1678 701 1714 σχῆμα,
721 1678 830 1715 οὐρανῷ
844 1687 898 1707 τινι

99 1720 265 1756 εἰκασμένον
276 1729 283 1736 ·
299 1722 465 1759 σαπφειρίνῃ
482 1723 510 1750 δὲ
523 1723 605 1751 αὐτὸν
622 1724 793 1760 κατηρὲφθαι
818 1725 896 1761 λίθῳ·

100 1765 166 1801 I997
185 1765 231 1802 IL]
247 1767 409 1803 κυανωτάτη
420 1767 479 1794 es”
496 1769 513 1804 ἡ
524 1768 597 1800 λίθος
616 1769 664 1796 καὶ
686 1769 800 1805 οὐρανία
821 1769 895 1798 ἰδεῖν.

99 1810 178 1838 Θεῶν
188 1820 218 1838 τε
235 1812 390 1848 ἀγάλματα,
405 1813 452 1846 οὓς
464 1813 632 1849 νομίζουσιν,
649 1814 756 1850 ἵδρυται
781 1815 838 1842 ἄνω
850 1815 898 1843 καὶ

99 1857 194 1892 χρυσᾶ
208 1856 333 1891 φαίνεται
347 1857 474 1894 καθάπερ
491 1857 521 1891 ἐξ
537 1859 657 1894 αἰθέρος.
671 1859 782 1892 Δικάζει
797 1860 848 1895 μὲν
863 1860 896 1896 δὴ

99 1903 115 1929 ὁ
126 1901 265 1936 βασιλεὺς,
282 1905 382 1938 χρυσαῖ
391 1903 420 1931 δὲ
433 1905 528 1939 ῐῡγγες
547 1905 758 1941 ἁποκρέμανται
768 1904 816 1932 τοῦ
833 1905 896 1941 ὀρό-

99 1956 154 1990 φου
169 1948 300 1984 τέτταρες
308 1949 395 1985 ⁸⁸,τὴν
415 1950 589 1985 ’Δδρὰστιιαν
604 1950 680 1987 αὑτῷ
698 1951 896 1986 παρεγγυῶσαι

99 1994 151 2022 καὶ
163 1995 194 2021 τδ
208 1995 246 2031 μὴ
259 1995 330 2031 ὑπὲρ
343 1996 408 2028 τοὺς
418 1996 580 2032 ἀνθρώπους
594 1997 617 2014 ⁸⁸
632 1997 772 2033 αἴρεσθαι.
788 1998 897 2030 Ταύτας

98 2041 125 2067 ol
139 2040 224 2074 μάγοι
235 2041 314 2068 αὐτοί
330 2051 413 2077 φασιν
427 2043 626 2078 ἁρμόττεσθαι,
642 2045 790 2080 φοιτῶντες
806 2046 846 2078 εις
860 2045 896 2073 τὰ

99 2086 237 2122 βασίλεια·
253 2086 366 2115 καλοῦσι
377 2088 407 2116 δὲ
421 2089 507 2122 αὑτὰς
520 2089 590 2118 θεῶν
605 2090 740 2126 γλώττας.

136 2224 235 2252 Ὅτι⁹⁰
255 2225 339 2262 φησιν
358 2226 539 2255 Ἀπολλώνιον
566 2236 615 2256 και
639 2230 703 2261 τοὺς
730 2229 791 2265 μετ’
806 2229 893 2265 {aitth

97 2270 225 2304 ἐξιόντας
251 2272 301 2307 τῆς
330 2273 445 2308 Περσῶν
467 2273 556 2310 ἀρχῆς
587 2274 635 2301 καὶ
663 2275 828 2310 προσιόντας
854 2275 894 2311 τῷ

96 2317 242 2352 Καυκάσῳ
270 2318 456 2355 εὐωδεστέρας
483 2320 534 2355 τῆς
555 2320 608 2355 γῆς
636 2320 793 2348 αἰσθέσθαι.
812 2321 849 2348 Τὸ
865 2321 894 2349 δὲ

96 2363 161 2399 ὅρος
188 2363 269 2391 τοῦτο
299 2365 388 2400 ἀρχὴν
420 2365 573 2401 ποιούμεθα
601 2365 650 2393 τοῦ
671 2365 780 2402 Ταύρου
792 2366 840 2394 τοῦ
860 2367 895 2394 δι’

102 2409 253 2444 Ἀρμενίας
266 2417 297 2436 τε
313 2410 361 2436 καὶ
382 2410 503 2437 Κιλίκων
528 2411 577 2437 ἐπὶ
609 2411 776 2447 Παμφύλους
789 2420 820 2439 τε
844 2412 893 2439 καὶ

95 2454 232 2489 Μυκάλην
262 2455 427 2490 στείχοντος,
450 2457 468 2492 ἢ
498 2456 654 2484 τελευτῶσα
684 2458 724 2489 είς
737 2454 888 2491 θάλασσαν,

95 2501 131 2536 ἢν
150 2501 244 2537 Κᾶρες
268 2502 386 2536 οἰκοῦσι,
410 2503 501 2538 τέρμα
528 2503 576 2531 τοῦ
593 2504 741 2532 Καυκάσου
760 2504 892 2540 νομίζοιτ’

94 2547 141 2580 ἂν,
176 2547 236 2574 ἀλλ’
265 2548 326 2584 οὐχ.
354 2548 393 2581 ὡς
419 2549 486 2576 ἐνιοί
512 2558 607 2584 φασιν.
637 2552 729 2586 ἀρχή·
745 2550 820 2578 τότε
836 2550 893 2586 γὰρ

93 2593 146 2628 τῆς
169 2593 305 2629 Μυκάλης
332 2593 399 2629 ὕψος
426 2593 504 2621 οὔπω
536 2595 620 2630 μέγα,
641 2596 689 2623 καὶ
699 2595 728 2623 αἱ
742 2595 893 2631 ὑπερϐολαὶ

94 2638 143 2665 τοῦ
162 2639 313 2667 Καυκάσου
323 2640 450 2667 τοσοῦτον
462 2641 653 2674 ἀνεπᾶσινώς
668 2641 809 2677 σχίζεσθαι
826 2641 892 2678 περὶ

94 2685 184 2718 αὑτὰς
194 2685 217 2702 ’⁸
231 2686 278 2714 τὸν
293 2686 380 2722 ἥλιον.
402 2687 565 2723 Περιϐαλλει
577 2687 607 2715 δὲ
625 2687 726 2724 Ταύρῳ
742 2688 829 2724 ἑτέρῳ
843 2689 891 2715 καὶ

950 1593 1010 1613 rum
1028 1586 1163 1613 domicilia
1178 1587 1276 1621 partim
1295 1590 1420 1621 argento,
1435 1585 1536 1620 partim
1558 1584 1649 1611 aureis
1661 1583 1740 1616 velis,

949 1631 1048 1666 partim
1076 1639 1143 1658 auro
1167 1631 1226 1666 ipso
1253 1631 1336 1658 veluti
1360 1630 1535 1658 lineamentis
1559 1629 1740 1657 condecorata

948 1683 1024 1705 sunt.
1045 1677 1091 1705 Ait
1113 1678 1285 1712 Apollonium
1307 1677 1334 1704 in
1361 1677 1496 1711 porticum
1521 1676 1641 1708 venisse,
1663 1675 1741 1709 cujus

946 1723 991 1759 ius
1007 1731 1135 1759 suprema
1162 1732 1225 1760 pars
1248 1725 1275 1752 in
1300 1724 1415 1751 fortnam
1434 1722 1499 1751 tholi
1520 1721 1652 1750 fabricata
1677 1721 1740 1749 creti

949 1770 1047 1798 l‘acicm
1074 1770 1232 1798 imitabatur
1258 1770 1369 1805 saphiro
1396 1769 1485 1804 lapide
1509 1768 1640 1803 adoperta
1663 1777 1671 1795 :
1692 1768 1740 1802 qui

948 1816 1019 1852 lapis
1031 1818 1149 1845 maxime
1163 1816 1310 1845 cteruleum
1326 1815 1387 1844 cmli
1405 1815 1525 1843 colorem
1540 1814 1636 1842 rel'ert.
1654 1813 1741 1841 Erant

948 1863 1004 1892 illic
1019 1863 1151 1898 imagines
1171 1863 1296 1894 deorum.
1311 1870 1380 1897 quos
1397 1861 1434 1889 illi
1457 1861 1563 1894 colunt,
1579 1860 1740 1895 exsculpue,

947 1915 1053 1938 auratae
1069 1909 1130 1938 luce
1150 1908 1236 1936 aﬂ'usa
1261 1909 1399 1936 videntur.
1418 1908 1444 1936 is
1461 1912 1551 1936 autem
1583 1907 1661 1935 locus
1686 1912 1740 1940 est,

946 1955 992 1983 ubi
1010 1963 1057 1983 rex
1077 1955 1123 1989 jus
1143 1955 1235 1983 dicere
1258 1954 1420 1987 consuevit;
1444 1961 1477 1981 ex
1499 1953 1656 1981 testitudine
1674 1959 1740 1980 vero

947 2001 1042 2036 iynges
1061 2000 1173 2028 avicula:
1186 2006 1305 2035 quatuor
1319 2000 1473 2035 pendebant
1489 2000 1571 2034 (quas
1588 1998 1739 2026 motacillas

946 2047 1028 2082 vulgo
1043 2047 1166 2082 vocant),
1182 2046 1318 2074 Nemesim
1336 2046 1376 2073 illi
1399 2046 1573 2077 exhibentes.
1588 2046 1740 2072 admonen-

948 2097 1043 2127 tcsque
1057 2099 1158 2127 regem,
1175 2099 1209 2120 ne
1224 2099 1254 2120 se
1274 2099 1358 2127 supra
1377 2091 1517 2118 hominem
1544 2089 1667 2118 cﬂerret.
1685 2089 1740 2116 llas

946 2145 1012 2165 vero
1026 2137 1122 2166 dicunt
1134 2145 1240 2173 magos,
1256 2145 1318 2165 cum
1341 2137 1368 2164 in
1389 2137 1491 2172 regiam
1511 2136 1662 2167 venissent.
1677 2135 1739 2170 jus-

908 2201 934 2232 υ
945 2184 1016 2211 sisse
1032 2183 1101 2211 ﬁeri.
1118 2183 1222 2210 Vocant
1235 2188 1326 2210 autem
1342 2182 1415 2217 ipsas
1429 2182 1546 2208 deorum
1566 2181 1683 2215 linguas.

979 2228 1137 2264 Apollonius
1160 2234 1187 2256 et
1212 2228 1258 2256 alii
1282 2233 1344 2263 post
1370 2227 1457 2260 illum,
1481 2226 1626 2254 Persarum
1655 2232 1740 2260 regno

943 2279 1087 2308 exeuntes,
1113 2281 1174 2302 cum
1202 2274 1236 2302 ad
1259 2274 1412 2302 Caucasum
1437 2273 1737 2308 appropinquaverunt,

943 2320 1043 2348 olentis
1065 2324 1146 2347 teme
1166 2319 1317 2354 jucundum
1339 2320 1452 2346 odorem
1480 2322 1636 2345 senserunt.
1659 2316 1738 2345 llunc

944 2370 1036 2392 autem
1059 2369 1179 2395 montem
1199 2364 1363 2400 principium
1386 2363 1501 2391 facimus
1517 2362 1612 2396 Tauri,
1625 2364 1673 2399 qui
1690 2371 1740 2398 per

943 2410 1101 2438 Armeniam
1124 2415 1152 2437 el.
1171 2409 1305 2443 Ciliciam,
1322 2415 1348 2437 et
1363 2410 1396 2437 ad
1411 2409 1590 2445 Pautphiliam
1611 2417 1697 2445 usque
1710 2413 1739 2437 et

946 2455 1035 2492 Mylen
1061 2456 1194 2492 procedit,
1218 2463 1279 2491 quin
1300 2455 1406 2491 Mycale
1429 2457 1456 2484 in
1478 2465 1554 2484 mare
1569 2457 1649 2492 juxta
1666 2456 1739 2492 quod

945 2502 1030 2531 Cares
1052 2503 1189 2534 habitant,
1209 2502 1352 2535 deﬁniens,
1384 2503 1497 2531 Caucasi
1527 2503 1588 2532 linis
1612 2509 1736 2539 putatur.

945 2557 1000 2578 non
1020 2555 1111 2577 autem
1134 2548 1300 2584 principium
1325 2553 1354 2576 ut
1378 2549 1538 2584 quibusdam
1561 2550 1660 2585 placet.
1677 2548 1737 2584 My-

943 2596 1018 2625 cales
1033 2596 1105 2624 enim
1121 2596 1236 2624 altitudo
1253 2603 1307 2624 non
1323 2595 1470 2624 admodum
1490 2604 1586 2632 magna
1599 2601 1651 2629 est,
1665 2595 1737 2623 Cau-

942 2643 1000 2671 casi
1016 2646 1107 2670 autem
1129 2643 1302 2670 summitates
1318 2642 1346 2670 in
1363 2646 1468 2670 tantutn
1483 2649 1631 2677 exsurgere
1645 2641 1737 2676 perhi-

945 2689 1054 2722 bentur,
1072 2692 1101 2716 ut
1122 2688 1164 2716 sol
1184 2688 1259 2716 circa
1286 2688 1345 2724 ipsa
1367 2688 1520 2716 scindatur.
1540 2687 1737 2722 Complectitur

749 2744 873 2773 VARIB
888 2745 1095 2774 LECTIONES.

132 2801 156 2841 ff
172 2806 235 2837 post
249 2810 383 2841 γενεσεως
394 2802 455 2841 illuc
468 2802 549 2841 vacui
563 2803 714 2841 versusis.
731 2838 742 2841 _
752 2803 818 2831 ⁸¹ὲκ
828 2803 876 2831 τοῦ
888 2803 930 2836 είς
942 2803 1184 2841 τὸνκξᾼπολλώνιον
1198 2804 1270 2841 ΑΒ]
1289 2804 1472 2841 ’ᾼπολλωνῐου
1496 2803 1553 2841 βίος
1572 2813 1603 2841 ς.
1645 2804 1668 2821 ⁸³
1683 2803 1737 2841 δτι]

96 2837 256 2867 Pbilostrat.
273 2837 305 2865 V.
320 2839 353 2866 Δ.
369 2846 388 2871 ι,
399 2838 444 2866 25.

497 2839 522 2855 ⁸⁸
534 2839 642 2874 ὢρυγεν
652 2838 711 2866 AB:
726 2838 847 2874 ὤρυττεν
861 2847 891 2871 ςτ.

95 2874 121 2892 ⁸³
132 2872 265 2907 τέσσαρες
276 2882 308 2908 ς’,
344 2875 368 2894 ⁸⁹
380 2873 541 2910 ἀνθρώπους

557 2875 594 2910 Δ;
610 2874 742 2912 οὐρανοὺς
757 2883 787 2908 ς.

945 2839 968 2857 ⁸³
1054 2839 1115 2876 libri
1137 2840 1182 2876 δὴἶ
1224 2839 1268 2876 7“
1284 2840 1368 2875 φῆναι
1398 2850 1430 2874 ς.
1485 2840 1509 2858 ⁸⁷
1525 2839 1591 2869 δὶΔ
1615 2847 1623 2868 :
1649 2848 1680 2868 τι
1705 2839 1736 2875 ςξ

829 2875 861 2913 ν⁹⁰
871 2875 926 2914 ὃτι]
942 2883 973 2910 ιι,
984 2874 1074 2914 25⁴⁹¹
1086 2874 1183 2912 αὑτὰς]
1201 2875 1282 2904 αὐτὸν
1295 2874 1350 2905 ΑΒ.
