1919 3096
188 129 257 162 1215

754 127 884 158 PHOTII
903 125 1156 157 l’ATRlARCII/E
1171 127 1225 156 CP.

1745 127 1817 162 1216

186 191 277 214 autem
307 184 391 212 altera
422 188 498 219 parte
527 183 637 210 Taurus
668 182 864 210 conterminam
895 180 977 208 India:

1029 180 1077 215 τὴν
1091 181 1190 216 ὅμορον
1206 182 1239 216 τῇ
1263 180 1359 217 Ἰνδικῇ
1384 181 1501 210 Σκυθίαν
1514 183 1616 216 πᾶσαν,
1636 183 1707 211 κατὰ
1722 184 1820 212 Μαιῶ-

188 231 327 265 Scythiam
345 238 451 260 omnem
478 229 555 264 juxta
587 228 751 259 Mmotidem,
781 232 808 254 et
835 226 975 254 sinistrttm

189 277 320 309 Pontum,
352 275 445 309 viginti
475 275 588 302 millium
619 274 768 301 stadiorum
799 272 974 308 longitudine.

188 322 304 349 Tantum
328 321 399 348 enim
422 324 501 348 terra:
523 321 631 347 modum
656 319 847 354 complectitur
863 318 976 345 Caucasi

189 367 317 394 ambitus.
346 366 422 398 Quod
443 371 532 393 autent
557 370 650 393 nostra
674 372 706 392 ex
732 369 808 399 parte
825 364 975 399 appellatus

189 412 294 438 Taurus
314 419 394 445 supra
419 411 576 438 Armeniam
599 411 790 445 prmlendatur,
807 410 880 444 quod
897 409 976 443 longo

190 463 311 492 tempore
340 458 473 484 creditum
502 464 555 483 non
583 461 639 487 est.
666 460 798 483 testantur
825 455 975 490 panthera.

190 512 257 538 quas
277 504 303 530 itt
323 502 486 538 Pamphylia:
503 508 596 536 parte,
628 510 687 536 qua:
715 505 836 528 aromata
862 499 977 536 profert|

187 555 280 583 captas
302 556 363 576 esse
387 548 580 582 comperimus.
595 547 674 574 Tales
696 547 768 573 enirn
794 546 858 573 fera:
877 545 976 582 3241)

188 594 354 622 armnatibus
373 594 503 629 gaudent,
522 598 549 619 et
573 601 604 620 cx
632 593 777 629 longinquo
800 592 911 619 odorem
936 596 977 619 at-

188 641 336 673 trahentes,
348 645 375 667 et
388 647 421 666 ex
436 639 565 666 Armenia
582 647 629 673 per
642 644 748 666 montes
762 638 975 673 proﬁciscentes,

187 687 222 712 ad
241 685 358 721 styracis
380 685 514 721 lacrymas
531 684 665 716 feruntur,
681 685 788 720 quoties
807 685 878 710 venti
897 683 930 710 ab
946 691 977 712 ea

188 735 263 766 parte
286 730 381 758 ﬂantes
409 730 443 756 ab
468 730 612 757 arboribus
636 729 662 756 id
687 729 787 764 gummi
812 729 977 758 stillantilms

187 777 298 805 odorem
328 776 478 811 perferunt.
510 776 608 809 Accepi
644 775 727 802 etiam
764 775 790 802 in
818 774 977 809 Pamphylia

187 822 348 856 pantheram
376 826 482 856 captatn
513 821 605 851 fuisse,
626 827 737 846 aureum
761 823 883 854 torquem
903 819 975 846 circa

187 868 285 895 Collum
309 866 452 894 habentem
475 867 613 894 Armeniis
637 866 735 892 litteris
759 865 913 901 hujusmodi
935 852 1014 893 iu-B

187 916 320 948 scriptum
338 923 345 940 :
364 913 419 940 Rex
443 913 553 940 Arsaces
572 913 620 939 dea
641 911 750 947 Nystro.
768 904 907 946 Regnabat
930 920 977 939 au-

188 965 240 986 tem
270 959 436 994 temporibus
464 959 517 986 illis
543 958 569 986 in
595 958 722 986 Armenia
747 957 874 985 Arsaces.
898 957 932 989 Is,
950 963 978 985 ut

186 1007 294 1040 opinor,
321 1005 404 1032 feram
436 1004 536 1032 eximia
567 1011 622 1038 prae
652 1003 759 1030 caeteris
791 1003 978 1039 magnitudine

186 1051 293 1078 Baccho
314 1051 443 1078 sacravit.
474 1049 596 1077 Bacchus
619 1049 690 1076 enim
719 1047 832 1084 Nysmus
854 1056 868 1075 a
890 1049 976 1085 Nysa,

186 1107 246 1132 qme
262 1098 287 1123 in
308 1096 382 1123 India
398 1101 449 1128 est,
465 1100 648 1130 nuncupatur,
666 1103 718 1122 non
737 1095 770 1122 ab
787 1095 860 1122 Indis
877 1096 976 1129 solum,

186 1144 232 1169 sed
248 1141 373 1169 omnibus
395 1141 531 1175 gentibus,
548 1148 607 1175 quae
629 1140 662 1167 ad
684 1140 821 1168 Orientem
842 1144 976 1175 spectant.

187 1188 233 1214 Illa
260 1196 336 1220 vero,
360 1194 441 1222 quam
474 1186 541 1219 dixi,
578 1186 636 1213 fera
662 1186 782 1213 cicurata
808 1187 842 1213 ab
868 1187 978 1214 homine

187 1235 342 1270 aliquandiu
371 1240 430 1267 est,
459 1233 599 1260 attrectari
629 1232 832 1267 demulcerique
861 1233 976 1267 patiens.

186 1279 355 1306 Adveniente
378 1283 468 1305 autem
494 1284 567 1309 vere,
591 1277 636 1304 ubi
665 1277 772 1304 veneris
794 1284 853 1303 eam
878 1277 978 1312 cupido

186 1325 356 1356 stimulavit,
381 1324 465 1350 maris
489 1323 625 1350 desiderio
652 1328 723 1350 taeta
752 1323 779 1350 in
805 1328 910 1350 moutes
932 1330 977 1350 se-

186 1371 279 1401 cessit,
295 1370 390 1397 eodem
408 1369 478 1404 quod
498 1367 620 1403 gestabat
642 1373 814 1395 ornamento.
831 1368 913 1402 Capta
930 1376 977 1396 att-

186 1421 239 1443 tetn
271 1415 359 1442 fuerat
387 1415 413 1441 in
447 1413 577 1442 inferiore
604 1414 689 1441 Tauri
719 1419 796 1449 parte
825 1419 977 1441 aromatum

185 1463 268 1488 odore
292 1460 397 1487 allccta.
414 1459 553 1487 Caucasus
570 1465 670 1492 autem,
692 1460 808 1488 Mediam
829 1465 909 1495 atque
932 1459 978 1487 ln-

186 1507 257 1533 diam
286 1507 445 1539 terminans,
470 1505 496 1532 in
520 1513 594 1533 mare
621 1505 742 1533 Rubrum
770 1506 857 1534 altero
886 1506 1015 1553 cubitoc

186 1551 336 1580 descendit.
353 1551 573 1579 Transcuntibus
594 1557 684 1579 autem
701 1551 853 1580 Caucasum
867 1553 977 1587 quadri-

186 1597 292 1624 cubitos
317 1596 440 1623 homines
465 1596 618 1623 occurrisse
643 1596 745 1628 I‘cruut,
771 1597 863 1624 colore
881 1597 976 1624 subni-

185 1651 268 1679 gros,
295 1643 418 1677 aliosque
447 1642 547 1670 vidisse
572 1643 724 1670 cubitortnn
749 1644 885 1679 quinque,
913 1651 977 1671 cum

186 1694 261 1716 trans
280 1688 378 1716 ﬂmnen
398 1688 493 1716 ludum
516 1689 714 1722 pervenissent.
733 1689 802 1717 Cum
823 1690 880 1724 jam
899 1698 975 1718 mon-

187 1741 240 1762 Icm
265 1735 428 1770 transgressi
449 1739 549 1767 essent,
573 1735 624 1763 viri
650 1741 828 1763 occurrerunt
851 1736 897 1770 qui
919 1737 976 1764 ele-

186 1782 297 1817 phantis
322 1782 499 1811 vehebantur.
523 1782 555 1809 Hi
573 1786 663 1809 autem
685 1786 759 1814 sunt,
776 1782 820 1815 qui
839 1782 976 1817 regionem

186 1828 279 1855 colunt
299 1828 369 1854 intra
393 1827 546 1856 Caucasum
571 1832 690 1855 montem
710 1832 737 1854 et
752 1827 906 1863 Cophenem
928 1827 978 1855 ﬂu-

186 1875 270 1908 vium,
289 1875 414 1903 homines
434 1877 514 1910 plane
533 1875 637 1908 inculti,
654 1880 680 1902 et
699 1873 904 1909 elephantorum
921 1883 978 1902 ses-

185 1927 273 1954 sores,
289 1929 404 1956 qttorum
427 1921 472 1948 alii
496 1921 578 1948 etiam
600 1920 712 1948 camelis
734 1920 898 1953 insidebant,
918 1921 978 1955 qui—

187 1967 237 1994 bus
254 1967 287 1995 ad
305 1975 416 1994 cursum
433 1971 547 1994 utttntur
569 1965 638 1999 lndi,
656 1966 754 2001 hisque
774 1974 828 1994 uno
845 1967 888 1994 die
905 1967 978 1995 mille

186 2014 334 2040 stadiorum
352 2014 403 2041 iter
418 2014 574 2046 conticiunt,
589 2017 617 2040 et
632 2019 719 2047 genua
739 2011 832 2039 nullibi
853 2013 976 2041 ﬂectunt.

187 2059 281 2086 Indum
300 2059 409 2087 ﬂuvium
428 2059 586 2094 Apollonius
602 2066 664 2086 cutn
685 2057 743 2086 suis
765 2058 881 2093 trajecit,
901 2060 978 2095 cujus

187 2104 310 2138 latitudo,
327 2113 379 2140 qua
405 2105 559 2139 navigatur,
581 2104 676 2132 stadiis
694 2104 781 2132 ferme
799 2113 832 2132 tu.
853 2107 1014 2135 extenditur

1027 226 1068 253 τίν
1084 235 1113 253 τε
1131 227 1178 254 καὶ
1205 227 1349 264 ἀριστερὸν
1364 228 1474 261 Πόντον,
1491 229 1606 256 σταδίων
1625 229 1743 265 μάλιστα
1758 230 1819 257 δισ-

1029 270 1134 306 μυρίων
1159 271 1266 308 μῆκος·
1293 271 1420 299 τοσοῦτον
1448 273 1502 308 γὰρ
1529 273 1622 308 ἐπέχει
1654 275 1754 309 μέτρον
1769 274 1820 308 τῆς

1028 317 1080 352 γῆς
1096 318 1110 344 ὁ
1123 316 1216 351 ἀγκὼν
1240 317 1288 344 τοῦ
1313 318 1472 345 Καυκάσου.
1488 317 1525 344 Τὸ
1536 318 1564 345 δὲ
1581 319 1645 354 περὶ
1677 319 1725 345 τοῦ
1743 319 1773 345 ὲν
1785 320 1819 354 τῇ

1027 363 1154 399 ἡμεδαπῇ
1182 363 1289 399 Ταύρου
1317 363 1474 399 λεγόμενον,
1490 364 1528 395 ὼς
1546 364 1616 399 ὑπὲρ
1640 364 1690 399 τὴν
1720 364 1821 399 Ἀρμε-

1027 409 1086 436 νίαν
1106 409 1257 444 πορεύοιτο,
1277 409 1365 445 χρόνῳ
1379 409 1530 444 ἀπιστηθὲν
1544 410 1703 439 πιστοῦνται
1726 410 1820 437 λοιπὸν

1028 456 1057 482 αί
1071 455 1216 490 παρδάλεις
1227 455 1260 486 ἃς
1275 453 1334 482 οἶδα
1345 455 1529 491 ἁλισκομένας
1540 456 1564 472 ’⁸
1580 456 1609 483 ὲν
1617 458 1651 492 τῇ
1660 456 1820 491 Παμφύλων

1027 501 1235 537 ἀρωματοφόρῳ
1246 509 1254 516 ’
1269 500 1395 537 χαίρουσι
1409 501 1462 537 γὰρ
1484 502 1541 535 τοῖς
1568 501 1707 536 ἁρώμασι,
1727 502 1774 528 καὶ
1787 503 1819 528 ὲκ

1029 547 1127 574 πολλοῦ
1154 548 1203 579 τὰς
1234 547 1322 582 ὀσμὰς
1337 547 1464 573 ἕλκουσαι
1479 547 1609 582 φοιτῶσιν
1623 546 1654 579 ἐξ
1671 547 1817 582 Ἀρμενίας

1027 594 1071 621 διὰ
1091 593 1145 621 τῶν
1168 593 1239 628 ὁρῶν
1255 593 1322 629 πρὸς
1339 593 1369 621 τὸ
1385 593 1502 630 δάκρυον
1523 593 1570 619 τοῦ
1584 593 1730 629 στύρακος,
1741 594 1819 620 ἐπει-

1027 639 1076 666 δὰν
1092 640 1160 666 οἵτε
1175 640 1270 675 ἄνεμοι
1287 641 1334 666 ἀπ’
1352 640 1441 669 αὐτῶν
1454 637 1592 669 πνεύσωσι
1616 641 1664 667 καὶ
1677 641 1711 668 τὰ
1722 641 1819 676 δένδρα

1027 685 1119 721 όπὼδη
1134 685 1256 721 γένηται.
1268 686 1324 713 Καὶ
1338 685 1440 714 ἁλῶναί
1453 686 1519 713 ποτέ
1529 695 1612 720 φασιν
1625 687 1654 713 ὲν
1669 686 1820 722 Παμφυλίᾳ

1027 730 1171 766 πορδάλιον
1181 730 1205 746 ’³
1222 730 1350 766 στρεπτῷ
1367 730 1436 766 ἅμα,
1453 731 1483 757 ὃν
1499 731 1564 767 περὶ
1583 732 1616 767 τῇ
1633 731 1698 767 δέρῃ
1723 730 1818 767 ἔφερε-

1027 775 1146 811 χρυσοῦν
1162 775 1190 802 δὲ
1204 773 1253 810 ἦν,
1280 775 1328 802 καὶ
1343 776 1539 810 ἐπεγέγραπτο
1560 776 1716 810 Ἀρμενίοις
1730 777 1821 812 γράμ-

1030 830 1094 856 μασι
1105 821 1255 855 Βασιλεὺς
1270 821 1415 856 Ἀρσάκης
1426 821 1487 854 Θεῷ
1500 823 1611 854 Νυσίῳ.
1623 821 1756 852 Βασιλεὺς
1772 823 1821 857 μὲν

1027 868 1060 904 δὴ
1084 868 1230 904 Ἀρμενίας
1259 868 1321 894 τότε
1335 866 1370 904 ἦν
1389 869 1537 904 Ἀρσάκης,
1563 869 1611 895 καὶ
1638 868 1719 900 αὐτὸς
1743 867 1821 904 οἶμαι

1031 914 1092 941 ίδὼν
1109 915 1159 950 τὴν
1173 914 1334 950 πόρδαλιν⁹¹⁵
1345 915 1430 949 ἀνῆκε
1446 914 1484 950 τῷ
1497 915 1630 950 Διονυσίῳ
1641 915 1685 942 διὰ
1706 915 1823 950 μέγεθος

1028 960 1075 987 τοῦ
1090 960 1184 996 θηρίου
1199 969 1205 976 ·
1236 960 1338 992 Νύσιος
1362 960 1416 995 γὰρ
1430 961 1444 987 ὁ
1456 961 1583 992 Διόνυσος
1596 960 1650 987 ἀπὸ
1661 961 1710 995 τῆς
1723 961 1752 987 ὲν
1770 960 1823 986 Ἰν-

1028 1007 1082 1038 δοῖς
1117 1006 1228 1042 Νύσσης
1249 1006 1340 1039 Ἰνδοῖς
1352 1014 1382 1032 τε
1396 1005 1559 1040 ὀνομάζεται
1592 1006 1640 1032 καὶ
1668 1005 1737 1031 πᾶσι
1758 1006 1816 1035 τοῖς

1029 1053 1097 1088 πρὸς
1125 1053 1222 1080 ἀκτῖνα
1250 1052 1365 1079 ἔθνεσιν.
1388 1052 1420 1081 Ἡ
1431 1052 1460 1079 δὲ
1491 1051 1589 1088 χρόνον
1612 1052 1661 1089 μέν
1687 1060 1748 1079 τινα
1775 1051 1824 1077 ὑπ-

1030 1099 1147 1134 εζεύχθη
1162 1097 1310 1133 ἀνθρώπῳ,
1325 1097 1373 1124 καὶ
1395 1098 1476 1133 χεῖρα.
1494 1097 1623 1132 ἠνέσχετο
1635 1097 1823 1133 έπαφωμένην

1028 1154 1057 1172 τε
1075 1145 1122 1172 καὶ
1149 1144 1316 1180 καταψῶσαν
1329 1152 1336 1160 ³
1357 1145 1419 1171 ἐπεὶ
1430 1144 1458 1171 δὲ
1473 1144 1652 1180 ἀνοίστρησεν
1663 1143 1748 1178 αὐτὴν
1760 1143 1823 1179 ἔαρ,

1029 1191 1158 1225 ἀνέθορεν
1169 1191 1197 1221 ἐς
1217 1191 1251 1218 τὰ
1277 1190 1328 1225 ὅρη
1359 1189 1435 1224 πόθῳ
1461 1189 1595 1225 ἀρσένων,
1624 1188 1662 1220 ὡς
1689 1186 1746 1223 εἶχε
1775 1187 1824 1214 τοῦ

1029 1236 1143 1270 κόσμου,
1170 1235 1218 1262 καὶ
1243 1235 1300 1273 ἥλω
1327 1234 1391 1270 περὶ
1410 1234 1456 1261 τὸν
1481 1234 1557 1261 κάτω
1580 1233 1688 1268 Ταῦρον
1704 1233 1758 1260 ὑπὸ
1774 1232 1822 1259 τοῦ

1028 1282 1173 1317 ἁρώματος
1194 1281 1332 1315 ἐλχθείσα.
1353 1280 1383 1307 '0
1398 1280 1428 1307 δὲ
1442 1280 1589 1311 Καύκασος
1606 1279 1693 1314 ὁρίζει
1708 1279 1758 1314 μὲν
1771 1279 1823 1314 τὴν

1034 1327 1148 1362 Ἰνδικὴν
1160 1326 1208 1353 καὶ
1231 1326 1280 1361 τὴν
1292 1326 1429 1364 Μηδικὴν,
1445 1325 1562 1361 καθήκει
1573 1325 1603 1352 δὲ
1616 1325 1663 1351 ἐπὶ
1676 1325 1725 1360 τὴν
1746 1324 1826 1360 Ἐρυ-

1029 1372 1097 1408 θρὰν
1127 1371 1265 1399 θάλασσαν
1298 1371 1385 1407 ἑτέρῳ
1409 1371 1525 1405 ἀγκῶνι.
1541 1370 1604 1397 Ὀτι
1628 1368 1825 1404 παραμείψαν-

1028 1428 1079 1451 τας
1095 1420 1119 1436 ³⁵
1135 1419 1179 1446 τδν
1200 1418 1349 1446 Καύκασον
1375 1417 1559 1453 τετραπήχεις
1580 1415 1743 1451 ἀνθρώπους
1761 1415 1826 1442 ἰδεῖν

1029 1473 1113 1500 φησιν
1122 1465 1157 1497 ’⁸,
1174 1464 1221 1497 οὓς
1241 1464 1293 1500 ἢδη
1324 1462 1500 1498 μελαίνεσθαι
1523 1461 1571 1488 καὶ
1586 1460 1773 1495 πενταπήχεις
1797 1460 1827 1487 δὲ

1029 1512 1152 1547 ἐτέρους,
1182 1510 1252 1545 ὑπὲρ
1276 1509 1323 1536 τὸν
1347 1508 1427 1536 Ἰνδὸν
1445 1507 1567 1543 ποταμὸν
1582 1506 1646 1542 [550
1664 1505 1709 1541 H.]
1733 1505 1827 1532 ἐλθόν-

1026 1566 1086 1589 τας.
1111 1556 1203 1585 "Ou"
1217 1555 1390 1590 ὑπερϐάντας
1413 1555 1480 1590 φησὶ
1493 1554 1523 1580 τὸ
1534 1553 1597 1589 ὅρος
1608 1553 1655 1579 τὸν
1674 1551 1824 1580 Καύκασον

1028 1603 1152 1638 ἐντυχεῖν
1167 1602 1213 1629 ἐπὶ
1239 1601 1394 1636 ἐλεφάντων
1419 1601 1469 1636 ἤδη
1499 1600 1659 1635 ὀχουμέναις
1681 1597 1824 1633 ἀνδράσιν.

1026 1650 1087 1677 Εἰσὶ
1098 1650 1120 1678 δ’
1137 1644 1210 1676 οὗτοι
1222 1648 1300 1683 μέσοι
1310 1647 1460 1674 Καυκάσου
1474 1646 1523 1672 καὶ
1536 1644 1661 1680 ποταμοῦ
1678 1645 1826 1679 Κωφῆνος,

1026 1695 1099 1723 άϐιοί
1111 1703 1141 1721 τε
1156 1695 1204 1721 καὶ
1219 1693 1332 1720 ἱππόται
1346 1693 1395 1728 τῆς
1412 1691 1515 1727 ἀγέλης
1529 1691 1643 1725 ταύτης.
1662 1691 1718 1716 Καὶ
1730 1689 1825 1724 κάμη-

1026 1743 1066 1771 λοι
1075 1742 1103 1769 δὲ
1114 1742 1202 1772 ένίους
1216 1739 1295 1776 ἦγον,
1307 1737 1352 1770 αἷς
1364 1738 1486 1774 χρῶνται
1507 1737 1584 1764 Ἰνδοὶ
1597 1737 1626 1768 ἐς
1645 1737 1679 1763 τὰ
1693 1735 1823 1771 δρομικά’

1027 1786 1187 1822 πορεύονται
1201 1785 1229 1811 δὲ
1249 1785 1323 1820 χίλια
1349 1783 1444 1811 στάδια
1473 1782 1518 1809 διὰ
1544 1782 1595 1816 τῆς
1626 1781 1824 1816 ήμέρας,γόνυ

1025 1832 1143 1867 οὐδαμοῦ
1173 1830 1327 1866 κάμψασαι.
1347 1829 1443 1856 ⁴()τι”
1463 1829 1544 1856 Ἰνδὸν
1571 1827 1784 1863 ἐπεραιώθησαν
1801 1827 1826 1853 ot

1025 1880 1091 1915 περὶ
1127 1876 1307 1904 Ἀπολλώνιον
1339 1876 1463 1907 σταδίους
1493 1874 1611 1909 μάλιστα
1642 1877 1685 1908 μ’·
1715 1874 1747 1899 τὸ
1773 1872 1829 1907 γὰρ

1027 1924 1149 1960 πλώϊμον
1183 1923 1266 1951 αὖτοῦ
1296 1922 1434 1950 τοσοῦτον.
1466 1921 1549 1957 [1000
1567 1920 1616 1957 3.]
1633 1920 1786 1956 ’Δρχεσθαι
1800 1919 1830 1945 δι

1027 1971 1110 1998 αὐτόν
1138 1978 1219 2004 φασιν
1232 1969 1264 1995 ἐκ
1278 1967 1325 1995 τοῦ
1358 1967 1506 1995 Καυκάσου
1535 1967 1622 2002 μείζω
1637 1966 1753 1992 αὐτόθεν
1769 1965 1786 1999 ἢ
1801 1965 1827 1990 ot

1028 2016 1100 2044 κατὰ
1125 2016 1174 2052 τὴν
1208 2014 1301 2041 Ἀσίαν
1328 2013 1447 2049 ποταμοὶ
1471 2013 1583 2045 πάντες,
1613 2012 1770 2047 προχωρεῖν
1797 2009 1826 2037 δὲ

1028 2062 1143 2093 πολλοὺς
1153 2060 1207 2088 τῶν
1220 2059 1394 2094 ναυσιπόρων
1411 2058 1512 2085 ἑαυτοῦ
1528 2057 1691 2093 ποιούμενον
1699 2057 1734 2083 θ’.

1027 2112 1142 2136 :ortum
1176 2115 1191 2135 e
1214 2106 1339 2134 Caucaso
1363 2105 1447 2137 ducit,
1463 2109 1492 2132 et
1528 2104 1585 2140 jam
1627 2103 1688 2131 inde
1722 2103 1832 2130 caeteris

186 2150 258 2180 Asia:
275 2151 365 2179 ﬂuviis
380 2151 466 2186 major
483 2161 489 2178 :
507 2151 603 2178 deinde
619 2150 769 2185 procedens
783 2151 884 2180 multos
898 2154 1067 2190 navigabiles
1088 2154 1186 2181 ﬂuvios
1202 2161 1237 2180 ex
1254 2159 1283 2180 se
1301 2152 1439 2187 producit.

223 2199 299 2227 Ultra
323 2198 432 2225 ﬂuvium
454 2202 544 2224 autem
563 2200 707 2231 pergentes
725 2196 798 2231 ipsos
813 2198 865 2224 dux
886 2205 901 2225 a
921 2197 973 2226 Sa-
991 2201 1014 2228 ι)

187 2251 264 2281 trapa
282 2245 371 2275 datus,
388 2248 461 2270 recta
483 2243 516 2268 ad
532 2241 633 2268 Taxala
648 2241 724 2269 duxit
741 2251 748 2269 :
767 2242 812 2269 ubi
827 2243 901 2278 regia
917 2249 977 2271 erat

187 2292 312 2320 Indorum
330 2289 408 2325 regis.
431 2288 480 2322 Qui
495 2295 573 2315 secus
594 2287 687 2315 Indum
707 2287 818 2316 ﬂuvium
839 2290 975 2324 habitant,

188 2338 267 2366 lineis
280 2336 400 2363 vestibus
414 2334 589 2361 amiciuntur.
605 2333 701 2361 Linum
722 2340 812 2362 atttem
828 2335 974 2370 plurimum

187 2386 216 2413 in
243 2382 315 2418 agris
341 2381 470 2408 nascitur.
497 2379 686 2407 Calceamenta
711 2388 744 2408 ex
771 2388 874 2416 papyro
904 2375 976 2409 facta

187 2433 313 2465 gestant;
336 2427 484 2455 nobiliores
504 2434 570 2454 vero
591 2427 674 2463 bysso
700 2427 858 2454 induuntur.
879 2427 978 2464 Byssus

188 2483 222 2503 ex
237 2474 335 2502 arbore
351 2473 472 2500 nascitur
486 2482 493 2500 :
508 2480 568 2508 quae
584 2471 714 2500 inferiore
728 2473 768 2500 sui
784 2478 862 2508 parte
882 2473 980 2509 populo

189 2519 287 2547 similis
302 2524 354 2550 est,
375 2518 446 2545 foliis
464 2523 553 2545 autem
571 2517 659 2545 salici.
676 2517 743 2545 Cum
766 2518 878 2545 vidisset
895 2518 982 2553 Apol-

190 2566 281 2593 lonius
299 2565 425 2602 byssum,
452 2565 561 2598 gavisus
586 2568 638 2596 est,
667 2563 730 2598 quia
757 2562 833 2591 fusco
857 2563 981 2596 amictui,

190 2619 270 2646 quem
301 2610 444 2646 gestabat,
475 2617 527 2636 non
557 2609 697 2636 dissimilis
726 2609 870 2636 admodum
899 2612 982 2636 esset.

190 2655 287 2685 Taxila
302 2665 367 2685 vero
391 2656 576 2691 magnitudine
597 2655 697 2691 325a
722 2655 756 2682 ab
779 2655 889 2689 antiqtta
913 2653 983 2682 Nino

1063 2199 1142 2226 Ὅτι¹
1161 2198 1239 2233 φησὶ,
1260 2196 1448 2232 Πορευθέντας
1466 2195 1564 2226 αὐτοὺς
1586 2194 1656 2229 ὑπὲρ
1677 2194 1723 2220 τὸν
1747 2194 1833 2220 Ἰνδὸν

1028 2244 1167 2279 ποταμὺν¹
1182 2241 1250 2280 ἦγεν
1264 2243 1278 2270 ό
1296 2242 1371 2277 παρὰ
1399 2241 1446 2268 τοῦ
1481 2241 1622 2276 σατράπου
1638 2239 1753 2275 ἡγεμὼν
1765 2240 1833 2266 εὖῢῦ

1027 2290 1083 2317 τῶν
1115 2289 1247 2322 Ταξίλων,
1261 2285 1292 2315 οὗ
1308 2288 1345 2314 τὰ
1361 2287 1485 2323 βασίλεια
1505 2283 1540 2321 ἦν
1554 2286 1594 2320 τῷ
1614 2284 1697 2321 Ἰνδῷ.
1730 2285 1834 2319 Στολὴν

1028 2337 1052 2364 δ’
1070 2333 1140 2362 εῖναι
1165 2336 1222 2367 τοῖς
1243 2334 1312 2370 μετὰ
1327 2334 1374 2360 τδν
1395 2333 1477 2359 Ἰνδὸν
1491 2331 1566 2358 λίνου
1588 2331 1670 2365 φασὶν
1695 2331 1834 2366 ἐγχωρίου

1030 2382 1077 2410 καὶ
1091 2381 1254 2417 ὑποδήματα.
1273 2379 1383 2415 βύϐλου.
1400 2378 1456 2405 Καὶ
1470 2377 1562 2413 βύσσῳ
1575 2377 1605 2404 δὲ
1619 2377 1683 2408 τοὺς
1704 2384 1836 2412 φανερω-

1030 2429 1128 2464 τέρους
1157 2427 1247 2454 αὐτῶν
1265 2425 1405 2453 ἐστάλθαι·
1421 2424 1471 2459 τὴν
1485 2424 1513 2451 δὲ
1526 2423 1624 2458 βύσσον
1639 2422 1758 2457 φύεσθαι
1774 2423 1835 2449 δέν-

1030 2475 1094 2509 δρου
1119 2473 1201 2508 φασὶν
1214 2472 1308 2506 ὁμοίου
1326 2470 1377 2506 μὲν
1391 2471 1425 2506 τῇ
1441 2469 1452 2485 ³
1471 2468 1613 2504 λεύκῃτὴν
1630 2468 1720 2503 βάσιν,
1739 2475 1835 2503 παρα-

1031 2518 1146 2553 πλησίου
1173 2517 1201 2544 δὲ
1215 2517 1249 2551 τῇ
1266 2515 1324 2550 ne;
1338 2515 1373 2542 τὰ
1390 2513 1505 2540 πέταλα.
1529 2513 1584 2539 Καὶ
1614 2511 1734 2547 ἡσθῆναί
1763 2519 1833 2546 φησι

1031 2566 1064 2600 τῇ
1078 2563 1170 2600 βύσσῳ
1179 2564 1193 2589 ὁ
1218 2560 1408 2591 Ἀπολλώνιος,
1421 2558 1516 2594 ἐπειδὴ
1526 2557 1598 2584 ἔοικε
1615 2556 1690 2591 φαιῷ
1703 2556 1831 2591 τρίϐωνι.

1031 2610 1072 2636 Τὰ
1086 2610 1114 2636 δὲ
1130 2608 1230 2641 Τάξιλα
1249 2606 1364 2643 μέγεθος
1390 2605 1439 2641 μὲν
1467 2602 1538 2631 εἶναι
1563 2603 1637 2629 κατὰ
1660 2603 1712 2637 τὴν
1737 2602 1832 2634 Νῖνον,

1030 2654 1196 2688 τετειχίσθαι
1210 2653 1237 2679 δὲ
1266 2651 1432 2688 συμμέτρως
1451 2650 1544 2684 ὥσπερ
1566 2649 1596 2675 αί
1613 2647 1753 2679 Ἑλλάδες,
1782 2647 1832 2682 βα-

849 2723 967 2752 ἾΑΒΙᾹΞ
980 2723 1184 2752 LECTIONES.

229 2775 252 2792 ⁹¹
263 2771 323 2802 οἴδα
338 2773 521 2808 ἁλισκομένας
539 2772 600 2799 AB:
618 2773 642 2808 οἱ
656 2770 863 2808 διαλισκομένας
882 2779 911 2802 ς.

229 2779 252 2792 "
263 2779 323 2802 οἰδα
338 2779 521 2808 ἁλισκομένας
539 2779 600 2799 Au:
618 2780 642 2798 οι
656 2779 777 2798 οιαΑισκο

195 2810 373 2844 παραμείψας
387 2818 417 2841 ς.
455 2809 479 2825 ⁹⁶
489 2808 550 2835 κυνί
569 2807 661 2842 φασὶν.
696 2779 800 2844 ξζότιῙι

195 2840 249 2873 our.
263 2840 294 2878 ξ.
327 2840 341 2862 ³
354 2840 406 2878 ὅτι]
420 2852 449 2876 tt,
466 2845 512 2872 ‘20.
550 2844 559 2860 ³
571 2840 604 2878 τῇ
617 2850 672 2870 om.
689 2840 743 2868 AB.

961 2771 984 2787 ⁵³
998 2770 1130 2806 πάρδαλιν
1146 2770 1175 2798 Β.
1214 2774 1237 2789 ’⁵
1253 2770 1383 2806 πάρδαλιν
1398 2778 1428 2801 ς’.

804 2814 833 2839 Il,
844 2806 870 2833 ϐ.
909 2805 933 2822 ⁹¹
944 2806 984 2833 ὅτι
999 2805 1025 2832 Ὶι

1481 2769 1504 2785 η
1521 2764 1752 2802 παραμείψεενεας
1764 2761 1830 2802 ABE

1785 2793 1830 2822 ποι

1026 2797 1089 2832 ιόόν.
1145 2797 1174 2823 "7
1185 2806 1280 2832 ἑαυτοῦ
1294 2797 1521 2839 Immin—"ww,
1542 2797 1584 2837 l8)
1599 2797 1658 2829 om;
1671 2797 1725 2825 ΑΒ·
