1919 3096
65 199 206 237 διατρῖψαί
220 208 316 235 φησιν·
332 198 362 232 ἐξ
374 198 480 226 ἐκείνου
489 198 517 226 δὲ
533 199 562 226 ἐν
575 198 650 234 δεξιᾷ
664 200 713 234 μὲν
724 200 770 226 τὸν
789 200 862 234 Γάγ-

63 256 116 282 γην
136 247 246 282 ἔχοντα,
261 246 290 272 ὲν
304 245 438 282 ἀριστερᾷ
452 245 481 271 δὲ
495 244 542 271 τὸν
558 245 580 261 ⁷⁸
593 245 714 279 ’Υφασιν
736 245 862 273 κατιέναι

63 293 110 319 ἐπὶ
127 292 178 326 τὴν
194 291 332 318 θάλατταν
355 290 470 326 ἡμερῶν
500 290 566 317 δέκα
580 290 639 317 ὁδὸν
651 290 705 317 ἀπὺ
717 291 765 318 τοῦ
786 291 861 327 ἱεροῦ

60 338 155 372 ῦχθου.
171 336 305 364 Κατιοῦσι
318 336 345 363 δὲ
360 337 453 368 αὐτοῖς
475 336 561 364 πολλὰ
577 336 626 371 μὲν
644 336 691 363 καὶ
717 337 787 364 ἄλλα
809 346 861 372 φα·-

62 383 155 416 νῆναι,
171 382 243 416 ἀτὰρ
254 382 301 409 καὶ
315 382 440 417 πιθήκων
452 381 530 416 γένος
546 381 640 417 ἓτερον
655 381 732 418 παρὰ
757 383 820 414 τοὺς
832 384 862 410 εν

60 428 124 459 sui;
136 428 281 463 πεπερίσιο
298 427 412 463 μέλανές
444 436 474 453 τε
489 427 543 462 γὰρ
559 427 606 454 καὶ
623 427 712 454 λάσιοι
727 425 798 463 ἦσαν
813 429 861 455 καὶ

60 474 97 501 τὰ
107 474 168 508 εἷδη
176 474 280 501 κύνειοι
291 473 338 499 καὶ
350 474 459 508 μικροῖς
469 473 624 509 ἀνθρώποις
637 474 702 500 [σοι.
717 473 862 509 Ἀφίκοντο

59 520 88 546 δὲ
103 520 154 546 ἐπὶ
166 519 214 554 τὴν
226 518 361 546 θάλατταν
374 518 397 535 ⁷³
410 518 601 554 τὴνῈρυθράν
611 527 618 534 ο
638 519 740 555 ταύτην
753 520 776 546 δ’
790 517 860 548 εἷναί

61 574 148 601 φησιν
165 564 189 581 ⁷³
204 561 282 596 οὗτος
295 565 484 599 κυανωτὰτην,
497 564 590 599 λαχεῖν
602 564 630 591 δὲ
641 565 690 601 τὴν
702 566 860 600 ἐπωνυμίαν

61 611 117 638 ἀπὸ
128 610 250 646 Ἐρύθρα
263 609 405 645 βασιλέως.

96 656 243 684 Ἐντεῦθεν
256 657 280 672 ⁷⁸
296 656 441 687 ἐπιϐάντες
462 655 531 688 νεὼς
551 655 711 690 ἐκομίζοντο
735 655 799 691 λείῳ
812 656 859 683 καὶ

60 703 173 738 εὐφόρῳ
190 702 339 738 πνεύματι,
353 700 542 736 θαυμάζοντες
556 701 587 727 τὺ
602 701 689 736 στόμα
701 701 749 728 τοῦ
773 701 859 735 Ὑφά-

60 750 148 781 σιδος,
166 749 205 780 ὡς
219 748 343 784 φοϐερῶς
354 749 387 775 δι’
403 748 485 776 αὑτοῦ
501 749 622 784 ἐκχεῖται
633 756 639 763 ·
657 746 791 774 τελευτῶν
803 747 858 782 γὰρ

58 797 100 827 εἰς
115 795 207 831 χωρία
218 794 344 830 πετρώδη
354 796 401 822 καὶ
414 795 494 821 στενὰ
505 795 552 821 καὶ
563 793 705 829 κρημνοὺς
717 792 856 825 ἐκπίπτει,

58 842 94 868 δι’
112 839 153 869 ὧν
169 841 365 876 καταρρηγνὺς
391 840 421 872 ἐς
444 839 494 876 τὴν
510 839 648 866 θάλατταν
675 838 716 866 ἑνὶ
742 838 857 874 στόματι

58 887 183 923 χαλεπὸς
195 887 269 913 δοκεῖ
285 887 341 918 τοῖς
361 885 430 919 ἄγαν
455 886 487 920 τῇ
514 886 549 920 γῇ
567 884 786 920 προσκειμένοις.
803 884 859 911 Καὶ

57 934 115 969 μὴν
130 933 156 950 "
171 934 220 960 καὶ
235 932 257 948 ⁷⁸
272 932 303 958 τδ
316 932 364 959 τοῦ
377 931 458 958 Ἰνδοῦ
479 931 566 966 στόμα
599 931 663 957 ἰδεῖν
677 939 744 965 φασι
757 937 765 945 ο
778 930 857 956 ¹πόλιν

57 981 80 1007 δ’
97 980 146 1006 ἐπ’
161 978 246 1007 αὐτοῦ
259 978 366 1005 κεῖσθαι
394 978 506 1005 Πάταλα
525 976 692 1014 περίρρυτον
715 977 755 1011 τῷ
770 977 855 1012 Ἰνδῷ,

57 1028 99 1059 εἰς
113 1027 149 1062 ἢν
162 1026 193 1053 τὸ
208 1026 230 1042 ⁷⁷
246 1024 374 1052 ναυτικὸν
397 1024 445 1051 τοῦ
461 1024 639 1060 Ἀλεξάνδρου
667 1023 803 1056 ξυνελθεῖν
823 1024 855 1057 ⁷⁸,

55 1070 89 1101 o'o
109 1072 238 1108 Νέαρχος
262 1070 417 1097 ἐπεστάτει.
437 1070 470 1096 "A
496 1069 526 1096 δὲ
548 1069 704 1105 Ὀρθαγόρᾳ
728 1069 857 1104 περὶτῆς

56 1118 182 1154 ἐρυθρᾶς
208 1117 329 1152 εἴρηται,
346 1115 431 1152 [1008
449 1114 495 1151 ιι]
523 1115 569 1142 καὶ
584 1115 626 1142 ὅτι
639 1116 708 1150 μήτε
723 1116 739 1149 ὴ
756 1114 855 1150 ἄρκτος

56 1164 87 1189 ὲν
100 1162 172 1197 αὐτῇ
190 1160 322 1195 φαίνοιτο,
345 1160 414 1196 μήτε
430 1159 606 1195 σημαίνοιντο
616 1160 666 1195 τὴν
682 1159 856 1195 μεσημϐρίαν

56 1207 82 1233 οἱ
99 1206 245 1237 πλέοντες,
260 1204 287 1232 οἴ
297 1213 327 1231 τε
339 1203 460 1239 ἐπίδηλοι
472 1204 526 1230 τῶν
537 1204 659 1239 ἀστέρων
668 1203 856 1236 ὲξαλλάττοιεν

56 1251 107 1286 τῆς
124 1250 233 1277 ἑαυτῶν
247 1249 361 1283 τάξεως,
378 1248 465 1276 ταῦτα
480 1248 556 1276 δοκεῖ
572 1249 620 1276 καὶ
630 1249 746 1281 τούτοις.
765 1249 856 1276 "On"

55 1296 141 1331 νῆσόν
161 1303 244 1330 φησιν
259 1295 282 1311 ⁸⁸
303 1292 373 1321 εἶναι
395 1294 509 1330 μικρὰν,
526 1295 610 1330 διιομα
623 1294 735 1326 Βίϐλον,
753 1295 783 1321 ὲν
800 1292 856 1333 ᾖτὸ

55 1343 104 1371 τοῦ
115 1341 264 1378 κογχυλίου
293 1341 408 1376 μέγεθος
431 1342 478 1367 καὶ
500 1341 525 1367 ol.
554 1341 621 1376 μύες
640 1341 740 1376 ὄστρεά
759 1350 789 1368 τε
809 1342 856 1368 καὶ

55 1388 218 1416 τὰτοιαῦτα
248 1387 419 1414 δεκαπλάσια
439 1387 494 1414 τῶν
515 1387 683 1422 Ἑλληνικῶν
695 1387 726 1414 τὺ
742 1387 857 1422 μέγεθος

55 1436 117 1467 ταῖς
134 1435 252 1469 πέτραις
267 1432 477 1469 προσπέφυκεν.
502 1431 658 1460 ’Δλίσκεται
684 1433 714 1459 δὲ
733 1433 793 1459 ἐκεῖ
809 1433 856 1459 καὶ

55 1481 132 1512 λίθος
163 1479 303 1514 μαργαρὶς
326 1479 355 1505 ἐν
367 1478 494 1513 ὀστράκῳ
512 1477 611 1514 λευκῷ,
629 1478 744 1514 καρδίας
756 1479 856 1514 τρόπον

57 1527 158 1562 ἔχουσα
183 1524 223 1560 τῷ
249 1524 364 1560 ὀστρέῳ.
390 1525 546 1559 Κατισχεῖν
566 1524 595 1550 δέ
615 1532 681 1558 φασι
697 1524 744 1551 καὶ
755 1524 782 1556 ἐς
799 1524 857 1560 Πη-

56 1572 130 1607 γάδα
142 1572 165 1587 ⁸¹
177 1571 228 1606 τῆς
243 1569 374 1605 Ὠρειτῶν
389 1568 493 1604 χώρας.
509 1569 540 1594 υἱ
550 1568 579 1595 δὲ
598 1569 730 1604 Ὠρεῖται,
754 1568 857 1604 χαλκαῖ

58 1619 108 1653 μὲν
122 1617 218 1648 αὐτοῖς
231 1616 260 1643 αἱ
276 1615 387 1650 πέτραι,
403 1614 493 1650 χαλκῆ
514 1614 542 1640 δὲ
565 1615 582 1650 ἡ
596 1614 721 1650 ψάμμος,
735 1613 854 1649 χαλκοῦν

55 1663 85 1690 δὲ
97 1663 199 1698 ψῆγμα
211 1662 236 1689 ot
251 1661 369 1696 ποταμοὶ
384 1660 497 1694 ἄγουσιδ
522 1661 646 1695 χρυσῖτιν
680 1659 703 1687 δ’
723 1660 853 1695 ἡγοῦνται

56 1710 107 1746 τὴν
123 1709 177 1745 γῆν
202 1707 247 1735 διὰ
273 1707 322 1744 τὴν
339 1707 479 1740 εὐγένειαν
506 1706 553 1732 τοῦ
569 1704 681 1741 χαλκοῦ.
701 1705 769 1732 Φασὶ
786 1705 810 1721 ⁸²
824 1705 853 1732 δὲ

56 1756 105 1783 καὶ
118 1755 176 1786 τοῖς
192 1753 366 1789 ίχθυοφάγοις
391 1753 523 1788 ἐντυχεῖν,
549 1749 589 1783 οἷς
609 1751 655 1777 πό)
662 1759 686 1778 ιν
700 1749 770 1778 εῖναι
787 1750 851 1778 Στό-

57 1803 151 1838 ϐηρα·
177 1800 307 1836 διφθέρας
330 1799 360 1825 δὲ
384 1798 498 1830 τούτους
522 1798 545 1814 ⁸³
571 1797 687 1833 ὲνῆφθαι
715 1798 852 1832 μεγίστων

56 1850 174 1885 ἰχθύων.
188 1848 244 1875 Καὶ
259 1848 294 1874 τὰ
306 1845 432 1880 πρόϐατα
441 1846 498 1872 ἐκεῖ
511 1843 626 1880 ἱχθυὼδη
633 1841 703 1871 εἶναι
713 1843 753 1879 (ἐξ
761 1844 851 1870 αὐτῶν

54 1896 111 1931 γὰρ
127 1895 270 1930 τρέφεται)
286 1893 333 1920 καὶ
349 1893 446 1928 φαγεῖν
455 1891 553 1918 ἄτοπα.
565 1890 712 1926 Καρμανοὶ
722 1889 750 1917 δὲ
763 1890 850 1923 Ἰνδοὶ,

55 1943 136 1977 γένος
150 1941 266 1975 ἥμερον,
293 1937 403 1973 εὒῖχθυν
420 1937 492 1964 οὕτω
507 1935 635 1972 νέμονται
652 1935 790 1962 θάλατταν
812 1935 852 1967 ὡς

55 1987 122 2023 μηδ’
152 1985 303 2016 ἀποθέτους
329 1983 466 2010 ποιεῖσθαι
492 1983 557 2014 τοὺς
585 1981 662 2017 ίχθῦς
693 1980 761 2017 μηδὲ
774 1988 852 2016 ταρι-

53 2034 165 2070 χεὺειν⁸
189 2031 259 2059 εἷναι
282 2031 337 2067 γὰρ
362 2030 455 2062 αὐτοῖς
478 2029 524 2056 ἐπὶ
545 2029 640 2064 χεῖρας
654 2027 679 2044 ⁸⁸
694 2027 758 2059 τοὺς
774 2026 851 2062 ῑχθῦς

51 2079 99 2107 διὰ
110 2078 224 2110 παντὸς,
240 2077 318 2108 ὅσους
338 2075 488 2111 βούλονται.

52 2125 183 2155 servandi
207 2131 288 2152 causa
313 2123 402 2158 pisces
417 2124 569 2156 reponant,
592 2127 681 2156 neque
699 2119 772 2155 ipsos
793 2117 851 2146 sale

51 2175 188 2208 quotquot
203 2169 306 2196 volunt.

615 142 878 174 BlBLIOTHECA.
896 157 931 163 —
948 144 1029 178 L‘OD.
1058 147 1177 178 CCXLI.

877 204 899 231 Α
915 201 954 228 sin
964 201 1060 230 ﬂuvios
1071 202 1174 232 habens
1189 204 1221 232 ad
1237 211 1310 232 mare
1321 205 1473 241 descendit,
1493 207 1593 237 itinere
1607 209 1703 239 decem

915 245 1017 273 dierum
1032 254 1046 273 a
1060 255 1139 275 sacro
1155 254 1245 277 monte
1255 249 1390 284 confecto,
1403 251 1600 281 descendentes
1614 260 1704 284 autem

915 291 997 318 ntulta
1018 292 1069 320 alia
1090 294 1240 323 viderunt:
1256 296 1395 324 simiarum
1415 306 1500 334 genus
1520 299 1601 336 longe
1616 301 1706 330 diver-

913 344 972 363 sum
989 336 1024 364 ab
1042 337 1085 369 iis,
1099 339 1175 373 ‘quas
1194 339 1265 374 apud
1283 340 1384 375 piperis
1401 342 1515 370 arbores
1530 343 1703 372 inveneram.

916 380 985 410 Sunt
997 382 1071 409 enim
1087 383 1128 411 hae
1139 384 1233 418 nigrae,
1244 384 1399 420 villosaque
1410 390 1437 414 et
1449 387 1539 420 parvis
1549 388 1707 416 hominibus

913 426 1024 455 similes.
1038 426 1223 455 Perveneram
1234 437 1299 457 vero
1308 431 1341 456 ad
1350 438 1426 458 mare
1439 431 1571 459 Rubrum.
1582 432 1704 461 Rubrum

914 477 1006 499 autem
1027 480 1103 500 mare
1132 473 1309 502 vehementer
1334 476 1480 504 caeruleum
1500 483 1562 505 esse
1583 478 1703 511 tradunt,

911 516 1113 546 denominatum
1128 524 1218 547 autem
1233 520 1354 548 Rubrum
1370 528 1385 548 a
1405 529 1467 558 rege
1483 522 1613 559 Erythra.

946 646 1044 682 327b
1052 647 1118 675 Post
1128 648 1187 676 haec
1201 653 1292 677 autem
1306 657 1400 678 navem
1411 654 1638 686 conscendentes,
1648 653 1701 682 leni

910 697 991 720 vento
1005 693 1209 727 deferebantur,
1223 695 1395 725 admirantes
1407 697 1568 734 Hyphasidis
1581 700 1680 727 ostium
1691 720 1700 733 ,

909 738 954 774 qui
970 746 1093 774 praeceps
1108 741 1293 777 terribilisque
1311 742 1467 772 eﬂ'unditur.
1483 745 1610 772 Decurrit
1627 745 1699 773 enim

909 784 1002 819 peloca
1013 790 1132 819 petrosa,
1149 792 1275 823 angusta,
1293 794 1374 824 atque
1387 795 1532 826 praerupta,
1544 786 1644 827 ubique
1659 800 1702 819 rc-

908 829 1014 858 fractus
1027 839 1083 859 uno
1096 833 1169 860 ostio
1183 841 1260 861 mare
1276 834 1430 868 ingreditur
1443 837 1597 871 pernicioso
1612 837 1703 865 admo~

872 879 896 909 Β
910 877 973 905 dttm
988 877 1032 910 iis,
1047 879 1093 913 qui
1110 880 1262 914 navigando
1282 881 1367 909 littori
1389 883 1504 910 nimiutn
1523 884 1702 913 adhaeserint.

908 923 967 951 lndi
986 931 1094 960 quoque
1111 924 1232 953 ﬂuminis
1244 927 1312 954 ostia
1326 935 1356 955 se
1372 928 1474 956 vidisse
1487 929 1643 964 perhibent,
1655 932 1701 959 ubi

908 970 1005 998 civitas
1017 972 1107 1005 posita
1131 976 1172 999 cst
1187 973 1296 1001 nomine
1311 973 1415 1005 Patala,
1431 973 1524 1003 ﬂuenti
1542 975 1608 1004 Indo
1625 976 1701 1011 adja-

909 1024 985 1050 cetts,
1001 1024 1034 1044 eo
1049 1024 1157 1053 quoque
1178 1019 1340 1047 convenisse
1359 1021 1496 1054 quondam
1513 1022 1623 1048 tradunt
1636 1022 1701 1050 Ale-

907 1063 1003 1090 xandri
1023 1063 1150 1097 classem,
1176 1064 1290 1100 ejusque
1314 1067 1523 1100 gubernatorem
1548 1069 1700 1103 ducemque

906 1108 1070 1137 Nearchum.
1087 1110 1153 1143 Quae
1167 1118 1234 1139 vero
1251 1111 1285 1138 ab
1298 1111 1450 1146 Orthagora
1463 1113 1496 1140 de
1510 1113 1605 1141 Rubro
1630 1114 1700 1142 mari

908 1160 1065 1188 narrantur,
1093 1157 1163 1191 quod
1172 1152 1216 1184 ibi
1234 1157 1339 1185 scilicet
1364 1165 1427 1186 ursa
1445 1166 1498 1185 non
1520 1160 1698 1194 conspicitur,

907 1207 996 1236 neque
1010 1200 1151 1228 meridiem
1165 1201 1275 1236 signare
1299 1202 1459 1238 navigantes
1473 1209 1597 1239 possunt,
1612 1213 1699 1240 quatt-

907 1255 989 1283 quam
999 1248 1156 1282 apparentia
1171 1247 1209 1276 illi
1219 1254 1293 1275 astra
1304 1249 1426 1277 ordinem
1439 1256 1595 1284 permutant
1606 1259 1697 1284 suum,

907 1293 966 1320 hmc
980 1297 1007 1320 et
1022 1293 1076 1320 illis
1087 1294 1145 1321 visa
1159 1298 1234 1321 sunt.
1251 1293 1436 1323 Meminerunt
1451 1296 1533 1323 etiam
1553 1305 1643 1332 parva:
1658 1298 1699 1324 in-

907 1337 983 1370 Sulzc,
995 1345 1075 1373 quant
1092 1338 1194 1374 Byblon
1210 1339 1357 1374 appellant,
1378 1340 1423 1368 ubi
1446 1341 1563 1369 maxima
1577 1344 1699 1378 conchy-

907 1384 953 1417 lia,
970 1384 1141 1419 muricesque
1154 1389 1182 1412 et
1197 1390 1286 1413 ostrea
1301 1385 1409 1413 eximiae
1430 1387 1624 1422 magnitudinis
1647 1396 1699 1416 na-

907 1431 945 1458 sci
967 1431 1155 1466 perhibentur.
1172 1431 1267 1459 Ostrea
1282 1439 1393 1467 quoque
1406 1435 1491 1468 petris
1513 1435 1700 1462 adnascuntnr

907 1475 1019 1510 dccuplo
1039 1476 1143 1511 majora
1167 1476 1201 1504 iis
1212 1485 1273 1512 qua:
1291 1479 1362 1513 apud
1377 1478 1488 1507 Graecos
1510 1479 1699 1509 inveniuntur.

907 1521 946 1549 lbi
963 1523 1044 1549 etiam
1060 1523 1086 1549 in
1102 1523 1162 1550 alba
1181 1528 1248 1551 testa
1263 1524 1333 1559 lapis
1351 1526 1498 1560 margarita
1513 1527 1628 1561 capitur,
1638 1534 1699 1561 quae

909 1569 934 1596 in
949 1569 1048 1596 ostreis
1062 1568 1152 1596 locum
1170 1570 1260 1597 cordis
1276 1570 1405 1598 dicuntur
1420 1572 1554 1600 obtinere.
1567 1573 1699 1609 Atligisse

907 1619 1014 1647 quoque
1024 1612 1115 1640 ferunt
1129 1612 1300 1649 Enpegadem
1326 1614 1377 1651 [αι.
1392 1615 1540 1653 Podagem]
1557 1617 1698 1646 Oritarum

906 1658 1045 1692 regionem
1068 1666 1074 1684 :
1091 1658 1162 1692 apud
1185 1665 1253 1693 quos
1274 1666 1357 1686 teneas
1377 1665 1441 1687 sunt
1457 1665 1550 1695 petrae,
1566 1670 1696 1697 aencaquc

904 1709 996 1733 arena.
1024 1703 1086 1730 aeris
1111 1703 1192 1730 etiam
1215 1703 1301 1731 frusta
1320 1704 1429 1732 deferre
1445 1704 1541 1734 ﬂuvios
1560 1713 1696 1740 asserunt,

904 1753 932 1776 et
952 1756 1064 1776 auream
1088 1754 1188 1776 terram
1211 1750 1323 1784 dttcnnt,
1348 1757 1458 1786 propter
1481 1753 1598 1787 pretium
1624 1754 1696 1782 :rris.

901 1794 999 1822 Dicunt
1012 1799 1041 1822 et
1056 1802 1086 1822 se
1099 1795 1306 1831 icltthyophagis
1321 1796 1425 1824 locutos
1440 1805 1511 1832 eSSe,
1527 1799 1572 1832 qui
1590 1799 1674 1827 urben
1684 1819 1697 1834 ο

900 1841 1023 1869 incolunt
1047 1842 1156 1869 nomine
1182 1841 1297 1870 Stohera
1319 1850 1326 1870 :
1350 1843 1394 1871 ubi
1418 1851 1450 1871 ex
1473 1853 1632 1880 magnorum
1655 1848 1697 1881 pi-

899 1888 985 1915 scium
1003 1888 1168 1916 membranis
1183 1893 1272 1916 vestes
1297 1889 1442 1924 intexunt;
1466 1890 1557 1926 ibique
1579 1893 1696 1927 pecudvs

899 1934 981 1961 etiant
1000 1941 1099 1969 sapore
1112 1942 1172 1962 esse
1186 1935 1306 1969 piscibus
1330 1936 1443 1970 similes,
1461 1937 1531 1971 quod
1549 1938 1637 1972 pisces
1648 1946 1695 1966 co-

906 1980 1027 2014 medam,
1046 1986 1160 2014 qumque
1183 1980 1295 2007 minime
1317 1986 1421 2009 natura:
1442 1988 1498 2009 suae
1519 1983 1694 2010 conveniant.

903 2024 960 2053 Indi
975 2033 1040 2053 vero
1057 2025 1184 2053 Garmani
1200 2026 1395 2060 cognominati,
1419 2034 1504 2061 genus
1521 2028 1602 2063 plane
1618 2037 1695 2056 mat.-

902 2076 1022 2104 suetum,
1041 2071 1109 2099 adeo
1121 2072 1335 2107 piscosummare
1347 2073 1492 2106 accolunt,
1511 2079 1539 2101 ut
1554 2082 1694 2110 nunquam

870 2117 1000 2145 condiant
1024 2126 1031 2145 :
1055 2122 1119 2145 sunt
1158 2118 1230 2146 enim
1254 2117 1322 2152 ipsis
1347 2123 1428 2153 captu
1464 2126 1571 2155 semper
1602 2121 1695 2149 faciles

869 1550 891 1580 (ἶ

89 2220 153 2246 ὐτι
166 2218 190 2235 ⁸³
206 2215 394 2253 προσπλεῦσαι
409 2224 491 2251 φησιν
511 2214 611 2246 αὐτοὺς
633 2214 680 2241 καὶ
694 2213 826 2249 Βαλάροις
838 2220 847 2229 '

940 2210 1035 2238 Valara
1056 2216 1167 2244 quoque
1190 2208 1282 2237 ferunt
1311 2209 1486 2245 applicuisse.
1507 2210 1576 2237 Sunt
1601 2215 1692 2239 autem

53 2266 189 2301 ιμπὸριον
204 2263 234 2290 δὲ
245 2262 326 2289 τοῦτο
340 2258 411 2289 εἶναι
427 2260 526 2296 μεστὸν
540 2260 679 2296 μυρρινῶν
691 2260 714 2276 ⁸⁸
727 2259 775 2286 καὶ
790 2267 851 2293 φοι-

55 2311 139 2338 νίκων
153 2309 202 2337 καὶ
224 2308 333 2343 δαφνῶν
348 2307 395 2334 καὶ
407 2308 504 2342 κήπων
525 2306 685 2333 παντοδαπὰ
701 2306 849 2342 φερόντων.

55 2355 226 2392 Προκεϊσθαι
242 2354 269 2381 δὲ
287 2353 334 2380 τοῦ
362 2353 463 2389 χωρίου
485 2352 582 2379 τούτου
602 2352 684 2386 νῆσον
700 2351 786 2385 ίερέιν,
803 2349 852 2376 xui.

55 2402 199 2431 καλεῖσθαι
219 2402 318 2436 Σέλιρα
347 2400 381 2427 ⁸⁷.
397 2399 506 2436 Ταύτης
520 2400 543 2415 ⁸⁸
558 2399 607 2434 τῆς
619 2399 702 2434 νήσου
722 2398 755 2424 τὰ
774 2397 797 2413 ⁸³
807 2405 852 2423 τε-

55 2449 204 2486 τραμμένα
218 2448 287 2484 πρὸς
301 2447 332 2474 τὸ
340 2447 458 2481 πέλαγος
469 2446 528 2473 ἐστὶ
540 2445 588 2481 μὲν
604 2445 718 2481 ἄπειρος
737 2443 848 2479 πυθμὴν

57 2495 208 2529 θαλάσσης,
225 2493 303 2529 φέρει
317 2492 339 2518 δ’
353 2492 464 2527 ὕστρεον
479 2493 509 2518 ὲν
523 2490 626 2526 ὲλύτρῳ
644 2489 733 2525 λευκῷ
751 2488 848 2525 μεστὸν

56 2539 192 2575 πιμελῆς·
207 2539 268 2566 οὐδὲ
281 2538 335 2573 γὰρ
354 2537 429 2565 λίθον
455 2538 518 2570 φύει
540 2536 646 2563 οὐδένα.
670 2535 793 2570 Γαλήνην
819 2533 848 2560 δὲ

56 2583 286 2620 ἔπιφυλάξαντες,
299 2584 347 2611 καὶ⁴
374 2583 423 2619 τὴν
438 2583 574 2611 θάλατταν
587 2582 664 2609 αὐτοὶ
681 2582 703 2598 ὀ
719 2582 752 2616 τῇ
770 2580 848 2616 ἐπιρ-

899 2257 996 2284 Valara
1029 2255 1182 2290 emporium
1211 2255 1311 2291 myrtis
1343 2256 1500 2292 palmisque
1522 2257 1691 2286 abundans:

899 2303 990 2331 lauros
1009 2309 1118 2338 quoque
1142 2302 1303 2335 nonnullas,
1326 2307 1355 2329 et
1384 2302 1476 2330 hortos
1500 2303 1632 2338 plurimos
1654 2304 1693 2332 ibi

898 2350 984 2378 videri
1005 2350 1115 2378 tradunt
1136 2349 1263 2377 omnibus
1284 2348 1464 2377 abundantes.
1489 2349 1617 2385 Opposita
1650 2355 1692 2379 est

901 2401 990 2424 autem
1005 2395 1109 2430 regioni
1126 2395 1164 2422 illi
1179 2402 1258 2423 sacra
1271 2395 1372 2428 insula,
1387 2403 1467 2430 quam
1481 2395 1566 2423 Selira
1581 2404 1691 2426 vocant.

901 2441 960 2475 Qua
984 2445 1061 2476 parte
1083 2440 1170 2468 insula
1196 2440 1309 2475 pelagus
1335 2441 1468 2475 respicit,
1495 2441 1630 2470 immensa
1652 2448 1694 2470 est

901 2487 984 2513 maris
996 2485 1120 2513 altitudo.
1134 2484 1198 2512 Fert
1213 2489 1304 2512 autem
1318 2491 1409 2513 ostrea
1426 2490 1493 2514 testa
1503 2487 1562 2515 alba
1577 2489 1693 2524 pingue-

901 2532 964 2559 dine
986 2530 1105 2564 refecta,
1129 2530 1247 2566 lapidem
1269 2530 1369 2566 328a
1394 2532 1496 2560 nullum
1528 2534 1692 2568 producunt.

901 2577 966 2606 lude
984 2577 1067 2605 maris
1088 2576 1314 2612 tranquillitatem
1335 2577 1522 2611 observantes,
1543 2586 1619 2607 mare
1633 2579 1693 2606 oleo

715 2668 832 2697 VARUS
848 2666 1053 2696 LECTIONES.

93 2742 116 2759 ἰ
131 2740 189 2778 τὸν]
197 2741 247 2776 τὴν
259 2741 305 2778 AL
339 2741 367 2778 _"'
381 2739 517 2778 θάλασσαν
527 2747 566 2778 ς.

59 2783 120 2814 post
139 2775 192 2812 μὴν
208 2775 234 2814 et
283 2775 305 2814 '_”
321 2776 350 2802 τυ
363 2776 429 2814 add.
443 2777 476 2802 Α.

60 2811 247 2849 ἓτηγάόανΛΒι
264 2811 420 2850 εὐπηγάᾷις
438 2819 468 2842 ς.
520 2811 543 2852 ⁴¹ξ
558 2819 593 2852 φοι

60 2848 83 2865 es
101 2848 221 2865 ...ω-...τυ
235 2855 255 2865 ρ
300 2847 322 2862 ιτ
341 2846 434 2865 suum
452 2845 507 2865 Διι-
523 2846 593 2865 nm.

100 2845 221 2884 μυρίνων
235 2855 265 2878 ς.
300 2845 436 2881 ⁸⁷⁷Σὲλιρα
449 2845 508 2872 AB:
523 2845 665 2881 Σερίλας.

218 2893 355 2925 Parnm.
380 2892 437 2922 Gn.
464 2891 541 2921 Cltl.

709 2846 731 2860 ⁸⁸
743 2842 856 2879 ταύτης]

611 2740 633 2755 ⁷³
647 2746 729 2773 φασιν
744 2738 831 2770 οὕτως
844 2746 874 2770 ς.
911 2736 936 2756 ’⁸
950 2733 1088 2773 ἐντεῦθεν]
1113 2742 1143 2773 ιιι
1155 2754 1162 2767 ,

527 2770 550 2791 ’ἶ
567 2770 704 2803 συνελθεῖν
718 2783 747 2806 ς.
786 2774 809 2790 ⁷⁵
826 2772 877 2809 ὃτι]
890 2772 930 2803 tit,
948 2772 992 2799 54·
1018 2770 1153 2809 λξίθ-φῃσὶν
1168 2770 1212 2797 ΑΒ
1225 2779 1241 2809 _:
1260 2773 1342 2809 φασιν
1354 2770 1387 2809 -ςέ
1406 2770 1469 2798 l‘tc'm
1483 2779 1508 2809 v.
1536 2771 1581 2809 54,

520 2811 543 2826 l“
558 2809 635 2846 φασὶ]
656 2818 695 2841 ιιι,
711 2805 755 2837 55.
804 2809 829 2824 ⁸³
841 2805 944 2834 τοῦτοιε
961 2815 980 2839 ς
1016 2805 1039 2822 ⁸⁸
1053 2806 1098 2831 ἐπὶ
1110 2806 1204 2841 χεῖρας
1219 2806 1256 2832 A:
1273 2807 1361 2849 ἑπηχύ
1381 2815 1413 2838 ας
1428 2815 1458 2839 ς.
1494 2808 1516 2823 ⁵⁸
1526 2808 1579 2844 ὃτι]
1593 2815 1634 2852 ψ,
1646 2805 1691 2838 6οᾷ

523 2845 619 2868 )Imi'm
636 2853 665 2868 ς.
709 2846 731 2860 ⁸³
743 2842 856 2868 ταύτης]
874 2843 958 2868 tu.5'l.
998 2842 1019 2858 ¹⁹
1034 2841 1068 2868 τὰ
1083 2843 1145 2868 add.
1162 2840 1195 2868 Δ.
1231 2841 1253 2857 ’⁸
1266 2844 1341 2868 αυτοὶ
1353 2815 1414 2868 ifet
1431 2850 1502 2868 corr.
1519 2842 1560 2868 A:
1579 2847 1645 2868 auxi
1659 2851 1690 2868 ο.

1273 2734 1297 2752 ⁷⁸
1309 2736 1356 2762 καὶ
1382 2734 1446 2772 μὴν]
1471 2743 1510 2769 ιιι,
1526 2736 1571 2764 52.
1609 2737 1632 2754 "
1645 2738 1694 2766 καὶ

1273 2773 1342 2797 tactv
1358 2779 1387 2804 ς.
1406 2771 1469 2798 Item
1483 2779 1508 2799 v.
1536 2771 1581 2801 54.
1629 2774 1651 2791 ⁸¹
1663 2776 1694 2807 ις

998 2842 1019 2858 ¹⁹
1034 2841 1068 2868 τὰ
1083 2843 1145 2869 add.
1156 2840 1195 2868 ⁷Δ.
1231 2841 1253 2857 ’⁸
1266 2840 1341 2868 αὐτοὶ

874 2843 958 2871 ιιι.5¹1,
998 2842 1019 2858 ¹⁹
1034 2842 1068 2868 τὰ
1083 2843 1145 2869 add.
1162 2842 1195 2868 Δ.
1231 2842 1253 2857 ’⁸
1266 2843 1341 2868 αὐτοὶ
1353 2842 1373 2868 Β
1389 2847 1414 2869 et
1431 2850 1502 2870 corr.
1519 2842 1647 2881 Αεὶῦτῇ
1659 2851 1690 2878 ς.

1497 2888 1537 2918 39
