1919 3096
243 158 312 192 1227

822 162 950 193 ΡΗΟΤΙΙ
970 163 1225 194 PATRIARCH/E
1244 165 1298 195 ΟΡ.

1822 168 1888 202 1228

243 218 333 246 infuso
349 216 464 250 leniunt,
481 221 507 244 et
525 221 589 244 tunc
604 216 663 245 lndi
677 218 709 244 ad
725 223 816 246 ostrea
831 219 963 254 capienda
980 220 1022 247 uri

1088 220 1136 255 ῥοῇ
1164 220 1211 247 τοῦ
1243 221 1333 247 ἐλαίου
1357 220 1512 256 λεάναντες,
1526 223 1692 252 καταδύεται
1715 233 1758 257 τις
1775 225 1827 253 ἐπὶ
1840 227 1888 263 τὴν

241 265 331 292 nando
341 271 371 292 se
379 267 552 298 demergunt,
564 264 600 291 ita
615 265 740 292 instructi
754 266 895 300 paratique
910 272 983 298 sunt,
998 266 1036 293 si-

240 318 283 338 cut
301 311 316 336 ii
333 310 379 345 qui
400 310 529 345 spongias
547 315 678 345 carpunt.
700 311 747 338 Est
765 316 855 339 autem
873 312 905 340 iis
929 311 1035 340 ferreus

241 356 318 388 later,
347 360 374 383 et
406 355 574 383 alabastrum
607 357 747 391 unguenti,
776 361 856 392 atque
889 358 925 385 ita
952 366 1036 393 prope

238 408 329 429 ostrea
344 401 518 430 considentes
538 402 595 430 lttdi
611 407 758 437 unguento,
768 404 846 438 quasi
856 411 916 432 esca
935 405 968 432 ad
986 404 1035 431 l'ul-

239 447 346 475 leudutn
362 454 485 481 utuntur,
503 453 567 476 tunc
582 449 742 483 aperiuntur
761 456 855 477 ostrea
869 455 896 477 et
913 458 1035 486 unguen-

240 499 266 520 to
284 493 476 520 iuehriantur:
496 493 559 521 dein
578 493 669 521 ferreo
684 495 755 529 stylo
774 495 914 530 perforata
928 496 1033 523 saniem

238 541 384 574 quamdam
403 539 543 570 emittttnt,
564 539 633 566 hanc
649 545 764 567 venator
779 540 868 568 ferreo
889 541 974 569 latere
985 549 1033 569 ex-

238 586 316 621 cipit,
332 586 378 620 qui
397 585 423 612 iu
439 585 530 612 varias
539 585 759 621 multiplicesque
775 586 878 615 formas
899 595 1032 615 concava-

240 637 284 659 tus
304 637 365 659 est:
382 639 414 659 ea
436 639 501 658 vero
521 636 583 666 post
602 632 711 659 modum
728 633 820 661 sanies
840 633 983 669 lapidescit
1002 642 1031 661 tn

239 679 348 704 modum
365 678 497 704 naturalis
513 678 678 712 margaritae.
694 686 755 713 quae
771 678 850 706 albus
863 684 904 707 est
920 681 1031 715 sanguis

238 733 271 752 ex
286 725 380 752 Rubro
401 726 480 752 mari.
498 725 613 759 Reliqua
631 726 715 753 maris
730 726 810 760 hujus
829 734 893 762 pars
908 727 965 754 fera
976 732 1028 761 est,

238 772 372 806 impacata
396 775 463 799 tota.
479 770 545 799 Cete
560 772 642 798 etiam
656 771 710 799 illic
735 772 876 807 aggregari
896 772 1028 802 feruntur.

238 818 407 852 Quapropter
422 824 504 844 naves
519 817 609 844 tutelae
618 825 700 845 causa
711 817 891 846 tintinnabula
903 819 1028 853 qutedam

237 870 292 892 tam
306 872 320 891 a
333 871 425 899 prora,
438 871 518 898 quam
536 872 551 891 a
562 864 643 899 puppi
658 863 795 897 deferunt,
806 871 921 897 quorum
938 865 1028 892 sonitu

1091 265 1181 300 θήραν
1196 266 1244 293 τοῦ
1257 266 1381 302 ὀστρέου,
1392 266 1456 303 [555
1469 267 1516 305 H
1527 270 1560 296 τὰ
1570 270 1619 305 μὲν
1633 270 1700 298 ἄλλα
1711 280 1888 299 κατασκευα-

1088 311 1207 345 σάμενος
1221 311 1314 348 ὥσπερ
1330 312 1354 338 οί
1379 312 1429 345 τὰς
1459 315 1595 349 σπογγιᾶς
1612 316 1761 351 κείροντες,
1777 317 1843 344 ἔστι
1860 318 1886 345 δὲ

1085 355 1161 392 αὐτῷ
1172 357 1219 383 καὶ
1235 357 1342 390 πλινθὶς
1357 359 1456 395 σιδηρᾶ
1480 361 1528 388 καὶ
1552 361 1724 399 ἀλάϐαστρον
1741 364 1764 380 ⁸⁸
1782 365 1885 400 μύρου.

1086 402 1247 439 Παριζήσας
1270 404 1317 432 οὖν
1334 407 1348 432 ὁ
1362 406 1443 439 Ἰνδὸς
1463 407 1503 442 τῷ
1516 408 1620 446 ὀστρέῳ
1640 410 1738 446 δέλεαρ
1755 411 1844 438 αὑτοῦ
1858 412 1885 438 τὸ

1087 450 1173 486 μύρον
1193 453 1331 479 ποιεῖται*
1343 453 1373 480 τὸ
1386 454 1414 480 δέ
1439 454 1597 489 ἀνοίγνυται
1609 465 1638 482 τε
1652 457 1699 483 καὶ
1719 457 1819 492 μεθύει
1841 458 1885 484 ὑπ’

1086 496 1182 528 αὑτοῦ,
1203 498 1309 535 κέντρῳ
1322 508 1351 526 τε
1367 499 1506 527 ὃιελασθέν
1524 502 1546 517 ⁹²
1564 502 1698 529 ἀποπτύει
1713 503 1759 530 τὸν
1776 505 1865 540 ξχῶρα
1876 513 1883 519 ·

1083 543 1098 568 ὁ
1113 543 1141 569 δὲ
1156 543 1292 579 ἐνδέχεται
1314 546 1397 573 αὐτὸν
1425 547 1458 582 τῇ
1480 547 1596 574 πλινθὶδι
1616 547 1721 581 τύπους
1736 549 1759 565 ³³
1773 550 1883 585 ὀρωρυ-

1083 589 1182 625 γμένῃ.
1199 590 1328 618 Λιθοῦται
1341 592 1368 618 δὲ
1381 592 1412 619 τὸ
1425 593 1551 621 ἐντεῦθεν
1561 594 1609 621 καὶ
1623 594 1782 630 ῥυθμίζεται
1795 597 1881 623 καοά-

1084 642 1137 669 περ
1152 635 1169 669 ἡ
1183 634 1263 669 φύσει
1279 638 1428 673 μαργαρὶς,
1459 636 1529 674 αἷμα
1545 640 1568 656 ⁸⁵
1591 640 1686 667 λευκὴν
1706 642 1736 674 ἐξ
1759 643 1881 677 ἐρυθρᾶς

1082 678 1131 715 τῆς
1145 679 1293 718 θαλάσσης.
1308 684 1344 710 Τὸ
1358 684 1387 710 δὲ
1415 685 1540 712 ἐντεῦθεν
1559 686 1682 722 θηριώδη
1704 688 1755 723 μὲν
1768 688 1820 721 τὴν
1833 690 1881 716 θά-

1082 723 1186 753 λασσαν
1212 724 1282 754 εἶναι
1313 729 1414 761 πᾶσαν,
1441 730 1624 764 ἀγελάζεσθαι
1652 732 1680 758 δέ
1700 733 1730 759 ἐν
1758 733 1828 769 αὐτῇ
1847 735 1881 761 τὰ

1081 771 1164 807 κήτη,
1181 772 1232 805 τὰς
1242 773 1270 800 δὲ
1285 774 1350 806 ναῦς
1369 774 1460 811 ἔρυμα
1479 777 1576 803 τούτου
1589 777 1795 814 κωδωνοφορεῑν
1808 781 1880 806 κατὰ

1082 816 1211 852 πρύμναν
1229 826 1259 845 τε
1276 819 1323 847 καὶ
1339 819 1464 856 πρῶραν,
1477 821 1527 857 τὴν
1545 822 1574 848 δέ
1594 822 1652 858 ἠχὼ
1665 824 1831 859 ἐκπλήττειν
1846 827 1880 852 τὰ

1082 862 1175 898 θηρία.
1206 864 1455 898 Καταπλεύσαντες
1482 868 1505 883 ³⁵
1525 867 1553 894 δὲ
1572 869 1611 900 είς
1626 869 1677 900 τὰς
1699 869 1816 902 ἐκϐολὰς
1830 870 1877 896 τοῦ

239 897 392 938 terrefactaa
413 897 510 937 bellum
524 897 638 938 navibus
651 917 703 937 non
721 910 948 945 appropinquant.
966 910 1024 938 Post

1081 897 1226 943 Εύφράτου
1258 911 1341 945 φασὶν
1377 912 1406 943 ἐς
1442 897 1772 942 Βαϐυλῶνα-δι’,αὺτοῧ
1805 897 1876 943 ανα-

238 958 296 984 ltaec
310 957 422 991 ingressi
439 957 508 985 ostia
527 956 686 991 Euphratis,
699 957 776 984 aiunt
789 957 852 985 inde
863 955 1028 992 Babylonem

237 1003 427 1037 adnavigasse.
760 1019 776 1026 ..

271 1047 376 1080 Quarto
395 1047 463 1074 libro
481 1047 547 1074 nihil
563 1048 635 1075 aliud
647 1055 729 1083 qttam
750 1047 854 1076 fabulas
870 1049 1029 1076 mendacia-

235 1101 288 1127 que
300 1094 333 1121 ad
350 1094 492 1129 Apollonio
503 1094 722 1128 gratiﬁcandumI
735 1101 851 1129 eumque
863 1094 1028 1122 laudandum

236 1140 369 1166 conlittxit
391 1139 618 1176 [Philostratus].
649 1139 772 1174 Europae,
787 1140 940 1175 Africteque
966 1148 1029 1175 pro-

236 1186 370 1212 montoria
391 1186 542 1212 stadiorum
564 1186 704 1220 sexaginta
730 1186 820 1213 sinum
843 1186 1028 1220 continentia,

235 1231 372 1258 Oceanum
387 1231 425 1257 ;:td
447 1236 561 1257 externa
581 1231 666 1257 maria
688 1230 854 1263 immittunt,
880 1236 906 1257 et
929 1231 1028 1259 Africa:

234 1279 343 1313 quidem
361 1278 573 1313 promontorium
592 1278 703 1305 nomine
718 1277 815 1313 Abyla,
831 1278 924 1306 leones
943 1279 1028 1306 conli-

234 1328 292 1357 ttet,
306 1325 332 1351 in
348 1323 501 1358 superciliis
518 1324 650 1350 montium
669 1323 832 1350 habitantes.
846 1323 913 1359 Ejus
928 1324 1027 1352 montis

233 1370 350 1397 interior
364 1377 428 1404 pars
443 1370 476 1397 ad
492 1369 606 1396 Gctulos
622 1368 775 1404 Tingasque
787 1369 913 1404 pertinet.
933 1374 1028 1403 gentes

232 1416 339 1449 et‘i‘cras,
357 1423 438 1451 atque
453 1415 579 1450 Libycas.
595 1416 648 1443 Per
663 1415 802 1444 Oceanum
819 1423 883 1444 vero
899 1417 1027 1452 navigan-

234 1463 306 1490 libus
322 1463 410 1490 stadia
442 1467 578 1497 nongenta
601 1462 772 1497 protenditur
790 1469 877 1498 usque
900 1463 932 1490 ad
953 1462 1026 1491 Sale-

232 1509 271 1536 eis
286 1509 406 1536 ﬂuminis
430 1509 510 1536 ostia.
535 1508 611 1536 lllinc
638 1513 729 1536 autem
751 1514 883 1543 quantum
911 1509 1025 1536 ulterius

231 1557 420 1588 protendatur,
435 1562 486 1581 non
502 1554 582 1581 facile
594 1554 749 1588 conjectare
761 1554 824 1588 quis
837 1557 940 1589 posset.
956 1552 1022 1580 Nam
1036 1566 1058 1598 ο

231 1605 292 1634 post
304 1607 364 1626 eum
385 1599 495 1626 ﬂuvium
517 1599 622 1626 deserta
647 1598 739 1625 Africa
760 1603 811 1631 est,
830 1606 879 1625 ttec
899 1598 1024 1626 homines

231 1645 302 1672 ultra
315 1646 486 1680 reperiuntur
503 1644 562 1671 ulli.
579 1644 694 1679 Europa:
706 1644 922 1679 promontorium
933 1643 1024 1678 Calpis

231 1692 345 1723 dictttm,
371 1691 486 1718 dextera
508 1690 707 1724 navigationem
730 1690 852 1716 continet
874 1690 1022 1716 stadiorum

230 1741 438 1769 sescentorum,
460 1737 676 1770 tertniuaturque
688 1736 721 1762 ad
741 1735 868 1770 antiquas
887 1735 987 1763 Gades.

267 1827 366 1856 Oceani
377 1827 570 1855 conversiones
580 1825 639 1861 ipse
652 1833 760 1860 quoque
774 1825 844 1859 apud
857 1824 946 1853 Celtas
957 1825 1023 1852 talos

231 1872 339 1906 aspexi,
360 1870 455 1906 quales
470 1871 552 1898 etiam
575 1869 646 1896 fama
666 1868 802 1897 feruntur.
824 1870 940 1897 Causam
958 1877 1022 1897 vero

230 1924 416 1950 saepenumero
432 1916 601 1951 conjectans,
622 1916 656 1941 ob
674 1923 755 1949 quam
774 1920 827 1942 tam
849 1920 956 1942 vastum
974 1922 1021 1949 pe-

229 1963 306 1998 lagus
327 1963 438 1990 accedat
451 1963 615 1997 recedalque
629 1961 764 1988 invenisse
775 1960 944 1995 Apollonium
959 1968 1022 1987 cen-

229 2016 286 2040 seo,
303 2009 348 2042 qui
366 2009 392 2034 in
410 2015 504 2034 eurum
520 2015 584 2039 una,
601 2014 669 2042 quas
681 2006 713 2033 ad
732 2006 811 2034 Indos
828 2005 948 2040 scripsit,
965 2006 1022 2040 epi—

229 2055 309 2087 stola,
329 2055 367 2081 ait
385 2053 523 2081 Oceanum
537 2061 551 2080 a
569 2053 658 2080 ventis
673 2053 722 2079 sub
736 2059 805 2087 aqua
825 2052 1020 2079 exsistentibus

229 2101 394 2136 impulsum,
417 2107 450 2127 ex
469 2099 561 2126 multis
584 2099 703 2126 hiatibus
717 2105 786 2133 quos
806 2102 900 2125 ventos
921 2099 1019 2132 partim

228 2147 279 2174 sub
301 2147 359 2180 ipso
374 2165 382 2178 ,
403 2145 500 2180 partim
522 2144 620 2180 328b
640 2145 665 2170 in
688 2148 760 2171 terra
781 2143 853 2171 circa
874 2144 961 2178 ipstttn
986 2145 1019 2171 ad

228 2193 362 2220 exteriora
378 2191 499 2222 diﬂ‘undi,
515 2198 546 2217 ac
559 2198 654 2217 rursus
672 2189 855 2221 retrocedere,
873 2194 1017 2224 postquam

1081 953 1207 982 πλεῦσαι.

1117 1041 1178 1068 Ὀτι
1198 1042 1213 1069 6
1223 1041 1244 1069 δ’
1257 1042 1336 1078 λόγος
1349 1044 1426 1071 οὐδὲν
1439 1044 1497 1072 ἄλλ’
1515 1045 1531 1081 ἢ
1558 1045 1640 1081 μῦθοι
1653 1047 1701 1074 καὶ
1723 1047 1874 1084 πλάσματα

1080 1087 1109 1118 ὲς
1123 1088 1156 1114 τὸ
1181 1088 1354 1126 ’Δπολλωνίῳ
1382 1092 1582 1127 κεχαρισμένον
1615 1093 1664 1119 καὶ
1695 1094 1745 1120 σὺν
1772 1096 1876 1129 ἐπαίνῳ

1079 1132 1287 1170 θαυμαζόμενον
1300 1136 1340 1172 τῷ
1351 1136 1525 1174 Φιλοστράτῳ
1546 1139 1767 1174 συγγέγραπται.
1782 1142 1844 1168 Ὀτι
1854 1143 1876 1158 ’⁸

1079 1178 1215 1215 Εὐρώπης
1238 1182 1286 1208 καὶ¹
1314 1182 1420 1219 Λιϐύης
1450 1183 1534 1219 ἄκραι
1567 1186 1682 1212 σταδίων
1701 1187 1724 1220 ξ’
1752 1188 1876 1224 πορθμὸν

1079 1225 1255 1262 ἐπέχουσαι⁹⁷
1271 1228 1316 1254 τὸν
1328 1229 1455 1256 Ὠκεανὸν
1469 1231 1498 1262 ἐς
1513 1231 1548 1258 τὰ
1561 1231 1614 1264 ἔξω
1628 1233 1734 1269 πελάγη
1744 1235 1874 1270 φέρουσι·

1079 1271 1126 1298 καὶ
1139 1272 1189 1307 τὴν
1203 1273 1252 1308 τῆς
1266 1273 1370 1310 Διὸύης
1384 1275 1473 1311 ἄκραν
1488 1276 1584 1312 ίὸνομα
1596 1277 1697 1314 δἀὑτῇ
1708 1279 1824 1306 ’Δὸιννα
1838 1281 1872 1317 ’⁸)

1078 1316 1186 1350 λέοντες
1212 1318 1415 1355 ὑπερνέμονται
1439 1322 1504 1357 περὶ
1519 1322 1568 1354 τὰς
1586 1323 1676 1358 ὀφρῦς
1693 1325 1747 1351 τῶν
1760 1325 1842 1361 ὀρῶν,
1857 1327 1875 1354 ἃ

1077 1363 1143 1390 εῐσω
1154 1364 1362 1400 ὑπερφαίνεται,
1380 1367 1569 1394 συνάπτουσαν
1581 1369 1604 1384 ⁹⁹
1630 1370 1698 1405 πρὸς
1711 1371 1874 1405 Γαιτούὶους

1076 1417 1106 1435 τε
1119 1406 1167 1436 καῖ
1180 1410 1296 1446 Τίγγας,
1325 1413 1410 1448 ἄμφω
1435 1413 1555 1450 θηριώδη
1589 1417 1636 1442 καὶ
1658 1416 1767 1445 Λιόυκὰ
1794 1419 1871 1455 ἔθνη.

1078 1456 1240 1492 Παρατείνει
1252 1457 1281 1484 δὲ
1294 1458 1437 1486 ἐσπλέοντι
1453 1459 1497 1486 τὸν
1511 1460 1637 1489 Ὠκεανὸν
1657 1461 1740 1500 μέχρι
1755 1465 1806 1499 μὲν
1819 1466 1873 1492 τῶν

1078 1502 1196 1529 ἐκϐολῶν
1210 1503 1258 1530 τοῦ
1275 1503 1397 1540 Σάληκος
1411 1506 1557 1533 ἐννακόσια
1573 1506 1680 1541 στάδια,
1691 1510 1721 1536 τὸ
1735 1510 1765 1537 δὲ
1776 1512 1872 1538 ἐντεῦο

1076 1547 1121 1575 θεν
1137 1549 1188 1576 οὐκ
1205 1548 1240 1576 ἂν
1256 1550 1389 1586 συμόἁλοι
1405 1552 1413 1568 ¹
1426 1561 1468 1584 τις
1482 1553 1584 1580 ὁπόσα·
1607 1555 1677 1589 μετὰ
1692 1555 1746 1592 γὰρ
1761 1557 1808 1583 τὸν
1821 1567 1870 1584 πο-

1076 1595 1163 1630 ταμὸν
1193 1596 1288 1623 τοῦτον
1313 1597 1390 1629 ἄόιος
1407 1599 1423 1633 ἠ
1447 1599 1535 1635 Λιϐύη
1548 1599 1630 1635 [1009
1653 1599 1700 1638 B.]
1716 1604 1764 1630 καὶ
1779 1604 1872 1632 οὐκέτι

1075 1641 1227 1677 ἄνθρωποι,
1242 1642 1279 1669 Τὸ
1297 1643 1326 1670 δὲ
1344 1644 1394 1679 τῆς
1420 1645 1556 1681 Εὐρώπης
1573 1647 1758 1684 ἀκρωτήριον,
1771 1650 1785 1676 ὃ
1797 1651 1807 1666 ²
1822 1661 1873 1678 κα-

1074 1687 1160 1714 λεῖται
1192 1688 1312 1722 Κάλπις,
1339 1690 1414 1724 δεξιὰ
1443 1692 1493 1727 μὲν
1513 1692 1607 1728 ἐπέχει
1628 1694 1675 1721 τοῦ
1691 1695 1790 1723 ἔσπλου
1805 1706 1872 1724 στα-

1074 1732 1138 1760 δίων
1170 1733 1324 1766 ἑξακοσίων
1354 1737 1452 1772 μῆκος,
1466 1738 1545 1774 λήγει
1559 1739 1588 1766 δὲ
1609 1741 1638 1772 ἐς
1653 1741 1686 1768 τὰ
1701 1743 1805 1778 ἀρχαῖα
1819 1745 1871 1772 Γά-

1072 1777 1161 1814 δειρα.

1109 1825 1165 1857 Τὰς
1177 1825 1188 1841 ³
1200 1826 1229 1852 δὲ
1243 1827 1290 1853 τοῦ
1305 1827 1433 1855 Ὠκεανοῦ
1458 1829 1564 1865 τροπὰς
1580 1831 1627 1858 καὶ
1639 1833 1722 1865 αὐτὸς
1739 1835 1790 1870 μὲν
1805 1837 1870 1871 περὶ

1072 1870 1203 1904 Κελτοὺς,
1217 1873 1312 1907 φησὶν,
1341 1873 1412 1901 εἶδον
1427 1875 1438 1891 δ
1453 1876 1545 1903 ὁποῖαι
1562 1877 1703 1912 λέγονται·
1719 1881 1770 1916 τὴν
1784 1882 1812 1908 δὲ
1825 1870 1869 1909 αἰ-

1071 1917 1132 1963 τίαν
1143 1919 1189 1945 ἐπὶ
1204 1919 1290 1946 πολλὰ
1302 1920 1431 1954 εἰκάζων,
1441 1922 1475 1949 δι’
1488 1923 1521 1958 ἣν
1533 1923 1648 1960 ἄπειρον
1661 1925 1734 1953 οὕτω
1750 1929 1869 1963 πέλαγος

1071 1962 1204 1999 ἐπιχωρεί
1228 1972 1256 1990 τε
1272 1965 1282 1981 ⁸
1297 1965 1345 1992 καὶ
1374 1966 1542 2002 ἀνασπᾶται⁷
1560 1968 1630 1995 δοκῶ
1642 1978 1688 2004 μοι
1704 1971 1751 1998 τὸν
1771 1962 1868 1999 Ἀπολ-

1070 2008 1167 2036 λώνιον
1182 2010 1354 2046 ἐπεσκέφθαι
1369 2013 1399 2039 τὸ
1411 2013 1451 2040 ὅν.
1474 2014 1518 2040 Ἐν
1529 2016 1578 2050 μιᾷ
1596 2016 1650 2052 γὰρ
1660 2017 1713 2043 τῶν
1731 2018 1801 2054 πρὸς
1823 2021 1869 2047 ἰν-

1069 2054 1132 2086 Bob;
1146 2056 1296 2084 ἐπιστολῶν
1311 2058 1357 2084 τον
1372 2059 1499 2087 Ὠκεανόν
1514 2061 1597 2096 φησιν
1614 2062 1741 2099 ὐφύδροις
1757 2065 1867 2093 ἐλαυνό-

1072 2109 1152 2136 μενον
1165 2102 1319 2138 πνεύμασιν
1328 2105 1361 2131 ἐκ
1378 2105 1484 2133 πολλῶν
1494 2108 1655 2142 χασμάτων,
1670 2109 1688 2136 ἃ
1700 2110 1746 2136 ὑπ’
1756 2112 1833 2148 αὑτῷ
1841 2122 1867 2140 τε

1070 2147 1118 2174 καὶ
1135 2149 1199 2185 περὶ
1212 2149 1294 2176 αὐτὸν
1310 2151 1326 2186 ή
1341 2151 1378 2186 γῆ
1402 2152 1564 2188 παρέχεται,
1587 2156 1687 2190 χωρεῖν
1707 2157 1737 2188 ἐς
1761 2159 1794 2185 τὸ
1805 2147 1865 2193 ἔξω,

1070 2194 1117 2220 καὶ
1127 2195 1279 2230 ἀναχωρεῖν
1300 2197 1391 2231 πάλιν,
1409 2198 1521 2225 ἐπειδὰν
1544 2199 1639 2235 ὥσπερ
1662 2199 1758 2238 ἆσθμα
1775 2205 1867 2232 ὑπονο-

227 2244 354 2272 tanquam
376 2237 532 2269 anhelitus,
555 2240 650 2263 ventus
672 2236 780 2262 resedit.
806 2235 873 2262 lluic
896 2236 1016 2270 opinioni

1079 2240 1157 2277 ιτήσῃ
1174 2241 1185 2257 ⁸
1201 2241 1232 2267 τὸ
1261 2242 1381 2277 πνεῦμα.
1405 2244 1554 2272 Πιστοῦται
1588 2247 1617 2273 δὲ
1648 2247 1715 2275 αὐτὸ
1742 2251 1800 2277 κάκ
1816 2251 1866 2278 τῶν

227 2285 308 2311 iidem
325 2283 400 2314 facit,
418 2283 490 2317 quod
508 2289 576 2316 apus
592 2281 681 2309 Gades
698 2281 891 2317 aegrotantibus
907 2282 1016 2310 accidit.

227 2330 294 2357 Nam
308 2337 360 2364 quo
372 2333 493 2363 tempore
510 2335 639 2355 crescens
651 2335 721 2362 aqua
743 2328 879 2362 regionem
894 2328 1018 2360 inundat,

227 2375 323 2402 animae
339 2374 516 2402 moribundos
528 2381 581 2400 non
594 2374 733 2405 deserunt,
746 2373 817 2408 quod
831 2373 952 2408 profecto
965 2381 1018 2401 non

225 2421 359 2452 eveniret,
372 2420 423 2447 ttisi
438 2419 550 2454 spiritus
563 2420 621 2454 ipse
634 2420 660 2446 itt
677 2424 775 2446 terram
793 2419 942 2447 secederet.
954 2420 1019 2453 Qua:

227 2472 317 2494 autent
338 2466 414 2494 circa
440 2466 531 2493 lunam
557 2472 688 2500 apparere
714 2465 823 2498 dicunt,
848 2471 1017 2499 nascentem,

225 2513 332 2549 plenam
346 2517 373 2540 et
390 2513 607 2544 decrescentem,
624 2512 718 2549 eadem
736 2509 825 2539 omnia
842 2513 915 2539 circa
930 2512 1016 2540 Ocea.

226 2547 290 2586 itum
309 2559 365 2586 ﬁeri
384 2558 575 2585 animadverti.
598 2547 751 2593 Ejus‘enim
768 2565 913 2586 mensuras
928 2558 1017 2593 sequi-

226 2610 271 2633 tur
285 2605 365 2633 simul
376 2612 436 2632 cum
451 2605 507 2639 ipsa
525 2604 687 2632 decrescens
700 2612 912 2640 attgescettsque.
923 2610 949 2632 et
961 2613 1015 2632 nox

1067 2285 1233 2320 νοσούντων,⁷
1243 2288 1325 2323 περὶ,⁵
1339 2288 1456 2325 Γάδειρα
1469 2298 1476 2305 ·
1490 2291 1536 2317 τὸν
1551 2292 1606 2327 γὰρ
1624 2294 1720 2329 χρόνον
1732 2295 1763 2322 ὃν
1780 2297 1869 2333 πλημ-

1073 2333 1156 2368 μυρεῖ
1170 2332 1200 2359 τὸ
1213 2332 1286 2368 ὕδωρ
1296 2353 1304 2366 ,
1319 2334 1369 2361 οὐκ
1381 2335 1575 2365 ἀπολείπουσιν
1585 2339 1613 2364 αἱ
1623 2339 1709 2375 ψυχαὶ
1723 2343 1790 2373 τοὺς

1068 2377 1246 2413 θνήσκοντας,
1261 2380 1329 2416 ὅπερ
1340 2380 1390 2407 οὐκ
1399 2380 1433 2408 ἂν
1447 2382 1620 2418 συμϐαίνειν,
1636 2385 1660 2411 εἰ
1675 2386 1712 2421 μὴ
1729 2387 1739 2402 ⁹
1757 2389 1866 2424 πνεῦμα

1068 2424 1101 2459 τῇ
1115 2425 1150 2459 γῇ
1168 2425 1312 2461 ἐπεχώρει.
1333 2427 1367 2453 "A
1381 2427 1410 2453 δὲ
1421 2428 1487 2463 περὶ
1509 2429 1559 2464 τὴν
1577 2430 1693 2467 σελήνην
1716 2434 1786 2466 φασὶ
1803 2436 1865 2469 φαί-

1071 2469 1165 2497 νεσθαι
1178 2472 1340 2507 τικτομένην
1348 2482 1377 2499 τε
1388 2473 1437 2501 καὶ
1448 2474 1641 2512 πληρουμένην
1649 2477 1697 2504 καὶ
1707 2479 1803 2512 ῳθίνου
1809 2489 1864 2513 σαν,

1070 2515 1156 2543 ταῦτα
1180 2517 1244 2553 περὶ
1267 2518 1313 2544 τὸν
1336 2518 1465 2546 Ὠκεανὸν
1483 2517 1542 2547 οῖδα
1556 2521 1596 2537 ⁸⁸·
1621 2522 1656 2549 τὰ
1672 2524 1726 2559 γὰρ
1756 2525 1865 2562 ἐκείνης

1069 2561 1156 2589 ἄνεισι
1173 2562 1270 2598 μέτρα,
1287 2564 1462 2600 ξυμμινύθων
1473 2567 1541 2602 αὐτῇ
1551 2567 1598 2594 καὶ
1607 2567 1862 2606 ξυμπληρούμενος.

1075 2607 1182 2643 Ἡμέρα
1201 2608 1221 2623 ¹¹
1247 2609 1269 2634 δ’
1292 2609 1433 2645 ἐκδέχεται
1452 2610 1538 2638 νύκτα
1556 2612 1604 2638 καὶ
1628 2613 1677 2647 νὺξ
1689 2613 1740 2649 τὴν
1756 2615 1863 2651 ἡμέραν

804 2659 808 2662 ’
863 2673 980 2701 VARUE
1001 2673 1206 2703 LECTIONES.

259 2741 282 2757 ἰ
297 2739 466 2774 ἀλάϐαστρος
481 2748 513 2772 ς.

227 2772 452 2812 μαρῖαρὶς-αῐμα
465 2783 493 2812 gr.
527 2775 572 2812 n"
586 2775 718 2811 καταπλ.]
733 2783 774 2812 ttt,
793 2775 838 2803 58.
890 2777 912 2812 θξῖ
925 2775 978 2812 ὅτι]
992 2784 1018 2807 ν,
1034 2772 1046 2802 1

552 2740 574 2755 ⁹¹
587 2748 617 2766 τε
632 2739 770 2767 διελασθέν
785 2739 822 2767 A:
838 2740 866 2767 δὲ
881 2740 1023 2767 δελεασθὲν
1036 2750 1067 2773 ς.
1106 2742 1128 2758 ’³
1141 2741 1236 2774 τύποις
1251 2743 1271 2769 Β
1285 2748 1312 2771 et
1324 2751 1395 2772 corr.
1410 2745 1442 2773 A.

1190 2750 1236 2784 ξοις
1251 2745 1271 2769 Β
1285 2748 1312 2771 et
1324 2751 1395 2787 corr:
1410 2745 1442 2773 A.
1497 2746 1521 2762 ”
1536 2745 1607 2787 αἷμα
1699 2750 1747 2777 καὶ
1758 2750 1860 2787 ἐστινὴ

1104 2777 1126 2815 ξτ
1145 2778 1299 2815 ἐπέχγουσαι
1321 2779 1362 2806 A:
1378 2779 1490 2815 ἔχουσαι
1504 2790 1535 2814 ς.
1568 2777 1608 2799 ’⁸⁸
1634 2785 1747 2812 Ἀϐιννα
1769 2785 1776 2815 l
1801 2777 1860 2814 aliis

226 2810 455 2853 'A613).t1..t‘licitur.
472 2810 604 2853 Scaliger.
641 2810 865 2853 ’χαυνάπτουσαι
968 2810 977 2827 ί
991 2812 1139 2853 συμϐάλλοι
1155 2810 1219 2853 Alfi
1233 2813 1247 2840 δ
1260 2813 1303 2853 an
1316 2823 1322 2840 ε
1337 2815 1353 2850 ἢ
1371 2810 1423 2853 ςτ-
1440 2816 1450 2831 ι
1465 2810 1526 2853 τάξ]
1555 2825 1580 2852 ν,
1597 2819 1624 2847 2.
1645 2810 1674 2836 έν,
1691 2810 1777 2853 Amavi
1793 2810 1859 2849 136:;

225 2853 268 2880 pr.
280 2844 469 2881 Αλῐδὼνλροιτ.
523 2846 533 2861 ⁸
549 2844 725 2881 ἐπιχωρεῖ-ται
743 2846 789 2872 καὶ
800 2845 833 2873 Α.

225 2881 259 2908 Δ.

882 2847 892 2862 ⁸
906 2847 1152 2885 ὑπονοεξτησῃᾉβί
1166 2848 1315 2885 Messian

312 2880 323 2896 ⁸
335 2879 400 2915 περὶ
415 2880 446 2915 Α,
463 2881 526 2916 περι
540 2881 574 2908 τὰ
587 2879 625 2910 Β’;
639 2879 689 2908 ἐπὶ
707 2890 736 2914 ς.
757 2919 774 2921 __
790 2882 799 2898 ⁹
815 2880 864 2918 μὴ]
882 2881 920 2917 μὴ
934 2879 1042 2922 καὶνΔξ
1106 2880 1176 2918 οἰδα]
1190 2881 1259 2912 εἶδον
1272 2879 1315 2913 '8."
1335 2879 1362 2901 7”
1376 2885 1479 2923 ἡμέρα]
1496 2895 1521 2922 v,
1536 2889 1562 2916 5.

1331 2859 1362 2890 Sf;
1380 2885 1387 2890 ι
1413 2851 1428 2890 ⁷,
1439 2851 1600 2890 νοξτούῖιτωνί
1614 2857 1704 2890 νήσων
1717 2851 1777 2885 ubi;
1788 2865 1856 2886 corr.
