1919 3096
84 183 157 217 1°29

628 186 889 218 BIBLIOTHECA.
907 199 941 205 —
959 187 1042 219 COD.
1058 188 1178 220 CCXLI.
1219 211 1225 220 .

1644 174 1648 179 ’
1669 191 1738 225 1230

85 243 151 278 περὶ
164 242 287 276 Κελτοὺς
309 243 358 279 μὲν
375 243 437 270 κατ’
452 243 542 279 ὀλίγον
559 244 720 277 ὑπανιόντος
730 247 751 262 λ’
763 246 810 274 τοῦ
825 247 883 273 0x6-

943 247 1016 280 dein,
1039 254 1190 282 rursusque
1213 247 1272 275 dies
1291 251 1399 276 noctem
1421 248 1534 284 excipit,
1558 250 1628 285 apud
1645 251 1737 280 Cellas

82 297 148 320 τους
177 289 194 324 ἢ
230 289 279 316 τοῦ
305 289 405 324 φωτὸς,
425 289 522 326 ὥσπερ
543 290 672 324 ἐνταῦθα,
689 292 754 327 περὶ
768 292 886 328 Γάδειρα

83 336 114 362 δὲ
128 335 175 362 καὶ
194 335 296 370 στήλας
312 335 418 372 ἀθρόως
432 336 556 371 λέγονται
567 338 624 369 τοῖς
635 337 785 373 ὀφθαλμοῖς
800 339 885 374 ἐμπί-

84 390 174 414 πτειν,
194 381 290 416 ὥσπερ
318 382 346 408 αἱ
370 383 521 417 ἀστραπαί.
540 382 609 410 Φασὶ
633 383 743 415 καὶτὰς
759 383 883 421 [55611.]

85 428 222 463 μακάρων
242 429 340 464 νήσους
351 429 492 464 ὁρίζεσθαι
507 429 546 464 τῷ
555 429 666 466 Λιϐυκῷ
681 430 800 467 τέρματι
815 432 884 467 πρὸς

83 475 116 500 τὸ
136 475 265 510 ἀοίκητον
281 475 433 510 ἀνεχούσας
444 475 630 512 ἀκρωτήριον.

121 565 163 591 Τὰ
173 565 201 592 δὲ
210 565 328 601 Γάδειρα
343 567 433 594 κεῖται
452 568 502 602 μὲν
511 568 584 595 κατὰ
593 569 622 596 τὸ
633 568 770 606 Εὐρώπης
783 571 882 606 τέρμα,

82 612 210 647 περιττοὶ
241 613 262 628 ⁸³
278 613 306 640 δέ
326 614 379 640 εισι
394 614 428 641 τὰ
447 614 517 642 θεῖα.
546 615 643 651 Γήρως
668 616 715 643 οὖν
743 617 766 633 ¹⁸
792 617 884 654 βωμὸν

83 658 222 694 ἰδρυνται.
237 659 286 685 καὶ
303 659 348 686 τὸν
365 660 481 687 θάνατον
496 661 571 696 μόνοι
591 661 745 697 ἀνθρώπων
770 664 886 691 παιωνί-

83 703 191 736 ζονται.
208 705 302 740 Βωμοὶ
326 705 355 732 δὲ
381 707 440 733 ἐκεῖ
463 708 510 733 καὶΙ
527 707 624 737 πενίας
652 709 700 735 καὶ
723 709 821 745 τέχνης
838 710 885 737 καὶ

89 749 262 785 Ἡρακλέους
285 751 314 778 δὲ
348 753 519 787 Αιγυπτίου,
555 754 602 781 καὶ
635 754 724 790 ἕτεροι
747 755 883 791 Θηϐαίου·

82 797 133 824 τὸν
152 798 174 814 ¹⁸
192 797 244 831 μὲν
257 798 313 834 γὰρ
329 799 375 825 ἐπὶ
388 799 437 834 τὴν
452 800 536 834 ἐγγὺς
558 800 700 836 Ἐρύθειαν
722 802 817 830 ὲλάσαι
834 812 885 838 φα-

83 843 140 876 σὶν,
154 844 201 870 ὅτε
217 845 239 860 ¹¹
253 844 286 879 δὴ
299 845 345 870 τὸν
359 845 381 861 ⁸⁷
398 846 540 882 Γηρυόνην
556 855 586 873 τε
600 847 649 874 καὶ
659 847 708 880 τὰς
724 848 787 883 βοῦς
801 849 883 883 ἑλεῖν,

81 890 131 917 τὸν
143 890 171 916 δὲ
189 891 273 926 σοφίᾳ
292 892 314 908 ⁸⁸
326 891 407 919 δόντα
421 892 475 927 γῆν
488 901 518 920 τε
532 893 777 930 ἀναμετρήσασθαι
790 897 882 925 πᾶσαν

940 293 1048 328 quidem
1060 293 1190 328 paulatim
1204 293 1407 322 discedentibus
1418 299 1465 322 aut
1476 295 1595 328 lumine,
1604 301 1650 324 aut
1662 302 1738 325 lene~

940 338 998 367 bris
1029 339 1101 367 sicut
1127 340 1198 374 apud
1223 347 1273 367 nos
1295 334 1379 368 etiam
1405 340 1516 368 accidit.
1542 341 1621 369 Circa
1647 341 1737 371 Gades

940 390 1031 412 autem
1053 389 1080 413 et
1093 384 1226 413 columna:
1241 385 1386 413 confertim
1402 389 1531 421 tanquam
1549 386 1655 421 fulgura
1674 392 1737 415 ante

942 430 1037 459 oculos
1056 432 1155 459 cadere
1176 431 1314 459 dicuntur.
1340 430 1491 459 Perhibent
1512 439 1620 468 quoque
1641 433 1731 460 beato-

941 485 1000 504 rum
1010 477 1111 505 insulas
1123 477 1223 505 Africae
1237 476 1336 505 ﬁnibus
1349 478 1467 512 deliniri,
1482 479 1515 505 ad
1528 478 1734 506 inhabitabilem

939 524 1121 557 promontorii
1137 528 1242 558 partem
1259 528 1414 559 vergentes.

974 568 1065 596 Gades
1091 573 1181 595 autem
1213 569 1239 595 in
1260 568 1374 604 Europae
1394 568 1524 597 lateribus
1547 569 1640 604 positae
1661 574 1734 598 sunt.

940 612 1128 648 Superstitiosi
1142 618 1206 641 sunt
1215 613 1270 641 illic
1282 614 1354 642 circa
1367 614 1514 642 sacriﬁcia.
1527 615 1648 643 Senectae
1658 623 1736 642 nam-

939 665 992 693 que
1004 666 1079 686 aram
1090 660 1216 687 dicarunt
1229 669 1235 688 :
1247 660 1352 695 solique
1364 661 1505 688 hominum
1521 661 1598 688 festis
1608 662 1735 689 cantibus

939 708 1055 731 mortem
1070 704 1235 732 collaudant.
1250 705 1321 733 Sunt
1333 706 1403 740 apud
1418 706 1493 740 ipsos
1505 706 1565 733 Δι’ιί
1578 711 1605 733 et
1616 705 1736 742 Pauper-

940 750 987 777 tati
1003 758 1057 778 aras
1072 751 1191 785 'positaa,
1211 751 1282 778 sicut
1303 751 1430 787 Egyplio
1442 771 1450 784 ,
1469 756 1496 779 et
1509 752 1587 780 alteri
1605 751 1736 780 Thebano

939 797 1060 825 llerculi.
1074 798 1198 825 Alterum
1212 805 1332 832 namque
1349 798 1494 825 ﬁnitimam
1515 805 1601 832 usque
1620 799 1654 826 ad
1671 799 1737 834 Ery-

939 843 1024 872 thiam
1053 849 1212 879 penetrasse
1238 844 1332 872 ferunt
1359 852 1420 872 cum
1450 845 1592 880 Geryone,
1621 845 1735 879 ejusque

938 889 1023 917 boves
1048 890 1203 918 sustulisse.
1220 889 1342 918 Alterum
1364 898 1430 918 vero
1447 892 1580 926 sapientia
1603 893 1735 921 excellen-

81 937 113 967 ἃς
128 936 230 971 τέρμα.
249 937 304 963 Καὶ
334 937 387 973 μὴν
411 939 458 965 καὶ
474 938 649 975 Ἑλληνικοὺς
674 938 744 968 εἷναί
759 950 826 976 φασι
849 942 883 970 τὰ

939 940 1004 969 tem,
1021 941 1107 964 totum
1125 942 1204 964 terra}
1221 937 1352 964 ambitum
1366 938 1518 965 dimensum
1535 946 1607 966 esse.
1618 939 1735 966 Praeter-

81 981 213 1016 Γάδειρα,
229 983 276 1009 καὶ
291 983 470 1010 παιδεύεσθαι
486 984 532 1011 τὸν
546 985 687 1020 ἡμεδαπδν
701 987 812 1022 τρόπον.
829 988 884 1015 Καὶ

81 1027 182 1063 δένδρα
198 1028 219 1044 ¹⁹
233 1028 261 1055 δέ
276 1038 357 1062 φασιν
371 1025 492 1057 ἐνταῦθα
504 1027 548 1057 οἷα
565 1031 616 1067 οὐχ
628 1032 744 1068 ἑτέρωθι
754 1033 804 1068 τῆς
819 1033 882 1068 γῆς’

81 1074 236 1109 Γηρυόνεια
263 1076 313 1110 μὲν
337 1076 392 1111 γὰρ
425 1077 569 1104 καλεῖσθαι
595 1078 677 1111 αὐτὰ,
702 1078 750 1105 δύο
762 1079 789 1105 δὲ
801 1077 882 1114 εἶναι,

83 1120 202 1154 φύεσθαι
220 1120 248 1147 δὲ
263 1121 311 1147 τοῦ
325 1123 447 1157 σήματος
472 1122 486 1149 ὅ
512 1123 559 1150 ἐπὶ
575 1123 615 1160 τῷ
630 1124 758 1162 Γηρυόνῃ
772 1125 883 1160 ἕστηκε,

83 1166 314 1201 παραλλάττοντα
329 1168 362 1195 ἐκ
388 1169 411 1184 ¹⁰
441 1169 536 1201 πίτυός
547 1178 575 1196 τε
590 1171 639 1198 καὶ
650 1170 757 1206 πεύκης
771 1171 800 1202 ὲς
815 1168 884 1202 εἶδος

81 1210 191 1246 ἕτερον,
210 1211 349 1238 λείὸεσθαι
362 1213 390 1240 δὲ
401 1213 499 1249 αἵματι
523 1215 650 1252 καθάπερ
663 1215 704 1251 τῷ
723 1215 816 1251 χρυσῷ
835 1215 884 1251 τὴν

88 1257 207 1284 Ἠλιάδα
223 1259 355 1295 αἴγειρον.
378 1260 411 1286 Ἦ
433 1260 461 1287 δὲ
486 1262 567 1296 νῆσος
583 1261 612 1288 ὲν
661 1262 691 1288 τὸ
718 1262 801 1297 ἱερὸν,
825 1260 884 1288 ἔστι

84 1304 137 1338 μὲν
149 1304 236 1340 ὁπόση
251 1305 265 1331 ὁ
276 1305 354 1339 νεὼς,
380 1306 530 1341 πετρῶδες,
545 1307 574 1334 δὲ
598 1307 684 1342 αὐτῆς
711 1307 799 1340 οὐδὲν,
814 1306 884 1334 ἀλλὰ

83 1350 193 1385 βαλόἳδι
222 1351 303 1386 ξεστῇ
332 1353 469 1380 εἴκασται..
498 1353 542 1380 Ἐν
557 1353 586 1380 δὲ
599 1352 639 1389 τῷ
667 1353 733 1389 ἱερῷ
751 1354 884 1388 τιμᾶσθαι

84 1397 137 1432 μὲν
149 1396 236 1432 ἄμφω
248 1398 287 1424 τὼ
309 1399 444 1434 Ἦρακλέε
459 1399 551 1434 φασὶν,
584 1400 732 1435 ἀγάλματα
749 1400 776 1427 δὲ
791 1401 885 1427 αὑτοῖν

83 1446 135 1472 οὒκ
148 1443 230 1477 εἶναι,
244 1445 355 1482 βωμοὺς
366 1447 394 1474 δὲ
409 1447 457 1474 τοῦ
473 1448 523 1483 μὲν
541 1448 692 1482 Αἰγυπτίου
711 1448 733 1464 ²¹
745 1449 804 1482 δύο,
816 1450 884 1484 χαλ-

83 1492 151 1524 κοῦς
160 1493 207 1519 καὶ
221 1493 356 1528 ἀσήμους,
372 1494 421 1522 ἕνα
433 1494 462 1521 δὲ
475 1494 522 1521 τοῦ
538 1494 669 1530 Θηϐαίου.
685 1495 742 1527 Τὰς
756 1496 785 1522 δὲ
801 1495 884 1531 ὕδρας

83 1547 114 1565 τε
129 1538 239 1570 καὶτὰς
266 1539 415 1574 Διομήδους
440 1540 541 1572 ἵππους
565 1541 614 1567 καὶ
632 1541 667 1568 τὰ
679 1540 784 1568 δώδεκα
801 1542 883 1577 Ἦρα-

84 1585 183 1618 κλέους
194 1586 263 1621 ἔργα
277 1586 483 1614 ὲκτετυπῶσθαι
501 1587 576 1614 λίθου
588 1589 610 1604 “
626 1588 701 1615 ὅντα.
720 1589 753 1615 Ἠ
769 1589 884 1624 Πυγμα-

937 989 969 1009 ea
993 982 1039 1016 qui
1065 982 1154 1010 Gades
1184 983 1306 1011 incolunt
1333 983 1422 1011 Grzeci
1449 991 1510 1011 esse
1541 985 1730 1019 perhibentur,

938 1033 1086 1064 nostroque
1111 1031 1188 1056 more
1214 1029 1324 1056 eruditi.
1354 1029 1474 1056 Arbores
1495 1028 1550 1056 illic
1571 1029 1654 1057 etiam
1673 1037 1733 1058 esse

937 1075 1060 1108 tradunt,
1077 1083 1138 1110 qua:
1155 1083 1290 1111 nusquam
1307 1075 1372 1102 alibi
1388 1080 1522 1103 terrarum
1545 1076 1732 1108 inveniuntur,

938 1121 1086 1156 appellatas
1103 1127 1194 1150 autem
1217 1122 1378 1158 Geryonias,
1399 1127 1427 1150 et
1445 1122 1512 1149 duas
1539 1128 1642 1150 tantum
1658 1130 1731 1151 esse.

938 1166 1010 1194 Orta:
1028 1172 1092 1195 sunt
1104 1172 1194 1195 autem
1205 1167 1283 1202 juxta
1299 1168 1466 1202 sepulcrum,
1479 1168 1550 1202 quod
1563 1168 1600 1195 illi
1613 1168 1733 1204 Geryoni

938 1217 1110 1247 statuerunt,
1133 1215 1252 1250 speciem
1273 1222 1307 1242 ex
1333 1215 1396 1249 pinu
1413 1215 1543 1250 piceaque
1558 1217 1731 1244 commistam

939 1259 1078 1287 habentes.
1095 1259 1261 1295 Sanguinem
1279 1267 1342 1287 vero
1359 1259 1462 1287 stillare
1476 1279 1484 1292 ,
1502 1260 1574 1288 sicut
1590 1260 1730 1288 Heliadem

939 1305 1066 1340 populum
1083 1313 1149 1333 auro
1172 1313 1298 1338 manare,
1325 1306 1429 1333 dicunt.
1451 1306 1539 1333 Insula
1556 1314 1620 1334 vero
1639 1307 1664 1334 in
1679 1315 1732 1342 qua

940 1352 1069 1386 templum
1087 1353 1181 1386 situm,
1197 1352 1311 1387 aequalis
1328 1358 1370 1380 est
1387 1352 1574 1388 magnitudine
1593 1353 1643 1388 ipsi
1663 1358 1733 1381 tem-

938 1397 997 1432 plo;
1018 1397 1091 1425 nulla
1110 1402 1201 1425 autem
1220 1397 1280 1433 ejus
1301 1405 1365 1432 pars
1379 1403 1421 1426 est
1439 1403 1559 1433 petrosa,
1577 1399 1624 1426 sed
1641 1399 1733 1434 politis

939 1444 1094 1472 carceribus
1115 1443 1223 1472 similis.
1239 1443 1340 1471 Colunt
1360 1444 1386 1471 in
1403 1447 1498 1473 eodem
1519 1445 1620 1480 templo
1637 1446 1733 1474 ambas

939 1489 1081 1518 Hercules.
1101 1490 1254 1518 Simulacro
1270 1490 1322 1518 illis
1343 1490 1420 1518 nulla
1437 1496 1500 1518 sunt
1515 1500 1522 1519 ι
1539 1492 1587 1519 sed
1605 1491 1734 1528 Egyptio

939 1537 1047 1571 quidem
1076 1544 1131 1564 arte
1157 1540 1221 1564 sunt
1247 1537 1307 1565 duae
1330 1545 1423 1570 teneas,
1447 1538 1550 1572 absque
1572 1539 1731 1571 simulacro.

939 1582 1070 1610 Thebano
1092 1587 1182 1610 autem
1208 1591 1262 1610 una
1290 1587 1422 1610 tantum:
1448 1583 1548 1619 Hydra!
1574 1585 1685 1619 insuper
1705 1591 1734 1613 et

84 1616 188 1664 λίωνος
203 1616 238 1659 6's-
252 1633 330 1660 ἐλαία
343 1634 360 1670 ὴ
372 1634 459 1669 χρυσῆ
470 1633 627 1669 (ἀνάκειται
639 1635 667 1661 δὲ
681 1635 796 1670 κάκείνη
854 1634 883 1662 τὸ

939 1628 1076 1657 Diomedis
1093 1629 1156 1664 equi
1173 1633 1201 1657 et
1215 1629 1358 1657 duodecim
1378 1616 1501 1658 Herculis
1524 1616 1675 1659 labores-in
1690 1632 1732 1660 la-

90 1677 269 1714 Ἡράκλειον)
281 1679 345 1713 ἀξία
358 1680 417 1716 μὲν,
432 1679 470 1713 ὣς
488 1689 566 1715 φασι,
583 1681 631 1708 καὶ
644 1681 691 1708 τοῦ
707 1681 803 1708 θαλλοῦ
818 1681 885 1708 θαυ-

84 1724 186 1760 μάζειν
200 1722 223 1759 ᾧ
238 1725 375 1759 εἴκασται,
390 1726 579 1762 θαυμάζεσθαι
592 1727 614 1754 δ’
634 1726 667 1754 ἂν
675 1728 721 1754 ἐπὶ
734 1727 774 1762 τῷ
785 1727 884 1764 καρπῷ

85 1771 210 1806 μᾶλλον·
226 1771 304 1807 βρύει
329 1773 383 1808 γὰρ
410 1773 492 1800 αὑτὸν
532 1773 689 1809 σμαράγδου
712 1773 799 1801 λίθου.
828 1774 884 1801 Καὶ

85 1818 212 1853 Τεύκρου
229 1818 277 1845 τοῦ
305 1819 483 1853 Τελαμωνίου
510 1819 639 1855 ζωστῆρα
670 1819 789 1855 χρυσοῦν
817 1829 884 1855 φασι

84 1863 256 1896 δείκνυσθαι,
272 1862 330 1895 πῶς
347 1864 375 1890 δὲ
385 1865 414 1896 ὲς
427 1864 473 1891 τὸν
484 1864 613 1892 Ὠκεανὸν
628 1864 795 1896 πλεύσαντος
809 1865 826 1900 ἢ
841 1865 884 1900 ἐφ’

85 1909 101 1937 ὃ
125 1918 164 1942 τι,
197 1909 228 1937 οὔ
257 1918 339 1945 φασιν
364 1910 474 1937 εἰδέναι.
492 1911 548 1942 Τὰς
573 1912 601 1938 δὲ
612 1911 690 1947 ἐντῷ
706 1911 772 1947 ἱερῷ
783 1911 885 1947 στήλας

85 1955 192 1992 χρυσοῦ
210 1956 259 1990 μὲν
274 1957 442 1992 πεποιῆσθαι
455 1956 503 1983 καὶ
523 1957 647 1993 ἀργύρου
677 1957 884 1992 συντετηκότοιν

85 2003 128 2032 εἰς
141 2001 171 2027 ἐν
184 2001 294 2036 χρῶμα,
309 2001 394 2037 [1012
412 2001 459 2037 IL]
475 1999 545 2028 εἶναι
558 2002 586 2028 δὲ
602 2001 687 2034 αὐτὰς
699 2002 769 2037 ὑπὲρ
782 2002 883 2037 πῆχυν,

84 2047 262 2082 ’.τετραγώνου
294 2048 445 2083 σχήματος,
473 2047 568 2083 ὥσπερ
591 2048 616 2074 οἱ
634 2048 772 2082 ἄκμωνες,
789 2049 884 2082 ἐπιγε-

85 2095 212 2130 γράφθαι
226 2094 254 2120 δὲ
273 2094 324 2126 τὰς
341 2093 463 2128 κεφαλὰς
475 2093 536 2120 οὔτε
554 2093 715 2127 Αἰγυπτίοις
728 2093 790 2120 οὕτε
812 2093 885 2120 Ἰνδι-

85 2143 147 2174 κοῖς
165 2142 329 2177 γράμμασιν
342 2139 404 2167 οὔτε
420 2140 488 2172 οἵοις
512 2139 668 2175 ξυμϐαλεῖν.
695 2140 724 2166 '0
739 2140 768 2167 δὲ
788 2140 885 2167 Ἀπολ-

84 2188 195 2220 λώνιος,
217 2187 254 2219 ὡς
267 2187 344 2214 οὐδὲν
356 2187 380 2213 οἱ
393 2187 416 2202 ’³
433 2187 515 2222 ἱερεῖς
534 2186 663 2221 ἔφραζον,
678 2187 719 2213 Οὺ
736 2186 889 2221 συγχωρεῖ

82 2242 147 2269 μοι,
174 2233 238 2268 ἔφη,
255 2235 271 2260 ό
295 2232 475 2267 Ἠρακλῆςὸ
493 2233 652 2267 Αἰγύπτιος
661 2232 705 2267 μὴ
721 2234 757 2260 οὑ
785 2233 885 2268 ,λέγειν

937 1675 1026 1710 pidem
1051 1675 1138 1703 incisa
1165 1674 1380 1710 conspiciuntur.
1405 1675 1591 1711 Pygmalionis
1621 1677 1733 1712 insuper

937 1728 1020 1749 aurea
1034 1721 1104 1749 oliva
1116 1722 1144 1748 in
1163 1721 1223 1756 ipso
1240 1720 1364 1748 Herculis
1377 1721 1478 1757 templo
1493 1722 1615 1750 dedicata
1629 1731 1636 1750 :
1650 1723 1732 1758 digna

937 1769 1057 1804 quidem,
1071 1772 1101 1795 ut
1115 1769 1209 1795 volunt
1223 1768 1409 1796 admiratione
1425 1768 1460 1796 ob
1474 1776 1579 1796 ramum
1594 1769 1638 1796 eui
1654 1769 1733 1797 simi-

937 1814 971 1842 lis
989 1819 1041 1847 est,
1068 1813 1256 1842 admirabilior
1285 1821 1351 1841 vero
1380 1813 1486 1846 fructu,
1513 1822 1567 1848 quo
1584 1814 1732 1843 abuntlate

937 1860 1082 1896 smaragdo
1102 1860 1175 1887 llcto.
1191 1859 1225 1886 Et
1239 1859 1337 1887 Teucri
1361 1860 1444 1887 etiam
1463 1860 1614 1888 Telamonii
1630 1860 1731 1896 329a

936 1907 1042 1935 balteus
1053 1915 1152 1935 aureus
1162 1907 1258 1935 eodem
1272 1907 1298 1934 in
1311 1906 1381 1938 loco,
1397 1911 1576 1934 monstratur.
1587 1906 1730 1940 Quomodo

935 1958 1043 1986 autem,
1065 1958 1113 1981 aut
1132 1961 1185 1989 qua
1202 1953 1237 1981 de
1258 1960 1341 1980 causa
1357 1954 1389 1980 ad
1405 1953 1551 1981 Oceanum
1565 1954 1730 1988 pervenerit,

936 2007 966 2028 se
980 2001 1085 2028 nescire
1097 2000 1201 2028 dicunt.
1214 1999 1281 2034 Quae
1293 2004 1384 2028 autent
1399 2001 1426 2026 in
1439 2000 1539 2034 templo
1554 2006 1615 2027 sunt
1626 2001 1732 2028 colunt-

936 2055 988 2081 me,
1002 2055 1036 2074 ex
1051 2055 1118 2074 auro
1133 2052 1300 2083 argentoque
1316 2047 1396 2074 simul
1413 2047 1483 2080 l’uso,
1501 2052 1529 2074 et
1543 2047 1570 2074 in
1587 2054 1670 2074 unum
1685 2055 1732 2074 co-

936 2093 1020 2121 lorem
1044 2094 1155 2121 redacto
1177 2094 1264 2122 factas
1281 2101 1341 2121 esse
1354 2098 1456 2120 narrat.
1474 2093 1540 2120 Esse
1556 2097 1646 2120 autem
1661 2101 1731 2128 qua-

936 2139 1112 2175 drangnlares
1132 2141 1205 2168 velut
1225 2141 1349 2172 incudes,
1367 2145 1394 2167 et
1411 2147 1505 2167 eorum
1523 2140 1614 2175 capita
1633 2140 1732 2167 litteris

936 2186 1066 2220 inscripta
1088 2190 1152 2213 sunt
1168 2194 1221 2214 non
1240 2185 1388 2222 Egyptiis,
1408 2193 1495 2220 neque
1515 2185 1626 2217 Indicis,
1642 2193 1731 2220 neque

937 2233 971 2260 ab
989 2233 1079 2268 aliquo
1098 2234 1205 2268 penitus
1227 2234 1353 2269 cognitis.
1373 2233 1533 2267 Apollonius
1548 2238 1650 2266 autem,
1667 2241 1730 2260 cum

84 2281 190 2307 ὁπόσα
200 2279 276 2306 οῖδα.
290 2278 356 2313 Γῆς
371 2278 420 2305 καὶ
436 2278 580 2306 Ὠκεανοῦ
597 2279 754 2313 ξύνδεσμα
775 2279 840 2306 αἵδε
853 2280 883 2307 αὶ

939 2279 970 2307 de
984 2279 1036 2307 hac
1053 2287 1083 2307 re
1102 2279 1259 2307 sacerdotes
1275 2279 1343 2306 nihil
1365 2279 1488 2306 dicerent
1508 2278 1586 2306 :Non
1601 2280 1730 2314 permittit

84 2324 286 2359 στῆλαιεὶσίν
300 2332 307 2339 ·
323 2323 476 2358 ἐγράψατο
486 2323 520 2350 δὲ
530 2324 624 2357 αὑτὰς
639 2324 755 2357 ἐκεῖνος
767 2325 801 2351 ἐν
813 2326 884 2352 Μοι-

83 2370 149 2405 ρῶν
159 2370 242 2403 οἴκῳ,
257 2369 299 2402 ὡς
310 2368 386 2403 μήτε
404 2369 504 2402 νεῖκος
527 2369 590 2402 τοῖς
615 2370 779 2404 στοιχείοις
803 2369 884 2404 ἐγγέ-

86 2424 182 2448 νοιτο,
190 2415 268 2450 μήτε
277 2414 455 2450 ἀτιμάσειαν
466 2415 676 2450 τὴνφιλότητα
689 2415 729 2450 ἣν
738 2416 884 2451 ἀλλήλων

86 2463 246 2497 ισχουσιν.

122 2552 185 2579 Ὅτι
201 2551 226 2567 ’⁸
249 2550 295 2578 τὸν
324 2550 426 2587 Βαίτην
447 2552 469 2569 ’³
493 2551 538 2579 τὸν
567 2552 689 2587 ποταμὸν
713 2552 883 2580 ἀναπλεῦσαί

83 2607 179 2633 φασιν,
194 2597 224 2629 ὃς
252 2597 328 2633 δηλοῖ
345 2598 464 2634 μάλιστα
483 2598 534 2634 τὴν
555 2598 602 2625 τοῦ
624 2598 753 2626 Ὠκεανοῦ
783 2599 881 2634 φύσιν

85 2643 198 2670 ἐπειδὰν
216 2643 271 2678 γὰρ
284 2643 437 2680 πλημμυρῇ
451 2644 473 2659 ³⁸
483 2643 515 2670 τὸ
531 2643 657 2678 πέλαγος,
671 2644 718 2670 ὲπὶ
728 2645 777 2676 τὰς
790 2653 828 2680 πη
836 2644 883 2679 τὰς

84 2692 98 2717 ὸ
116 2690 239 2726 ποταμὸς
253 2689 405 2727 παλίρρους
430 2690 511 2724 ἵεται,
526 2690 682 2726 πνεύματος
703 2691 736 2726 δή
751 2699 804 2718 που
828 2692 882 2719 ἀπ-

933 2333 986 2358 me,
1006 2325 1055 2357 ait,
1076 2324 1221 2360 Egyptius
1248 2324 1375 2352 Hercules
1389 2329 1476 2351 lacere
1491 2333 1550 2358 qua
1568 2325 1662 2352 scium.
1681 2323 1731 2351 Ha:

933 2371 1063 2398 columnte
1083 2375 1213 2398 terrarum
1238 2369 1388 2405 Oceanique
1416 2369 1551 2396 uinculum
1578 2374 1660 2397 sunt:
1676 2370 1731 2404 ipse

934 2424 992 2444 vero
1011 2415 1136 2443 Hercules
1152 2416 1180 2443 in
1200 2416 1278 2442 domo
1293 2414 1442 2442 Parcarum
1462 2415 1618 2450 inscripsit:
1635 2423 1666 2442 ne
1678 2423 1731 2449 qua

933 2463 1069 2491 elementis
1087 2462 1219 2489 contentio
1241 2461 1384 2493 accideret,
1398 2469 1481 2496 neque
1510 2461 1657 2488 amicitiam
1673 2461 1730 2487 dis-

933 2509 1059 2544 junganl,
1068 2516 1120 2544 qua
1133 2507 1240 2535 invicem
1255 2512 1385 2534 tenentur.
1723 2534 1728 2537 4

975 2555 1141 2590 Navigarunt
1157 2561 1264 2589 quoque
1281 2552 1391 2580 ﬂuvium
1416 2552 1521 2587 Baztim,
1540 2554 1588 2589 qui
1613 2555 1731 2583 maxime

937 2606 1064 2629 naturam
1079 2600 1169 2628 ﬂuxus
1179 2604 1208 2628 et
1223 2598 1344 2627 reﬂuxus
1357 2598 1459 2626 Oceani
1472 2599 1603 2628 declarat.
1627 2600 1730 2628 Excre-

937 2651 1030 2674 scente
1047 2646 1119 2673 enim
1141 2645 1237 2680 pelago
1256 2644 1348 2672 fontes
1366 2644 1475 2679 repetit,
1492 2645 1587 2679 spiritu
1610 2646 1728 2680 quodam

938 2692 1025 2727 ipsum
1045 2699 1060 2718 ιι
1082 2691 1150 2718 mari
1167 2690 1329 2724 depellente.
1343 2689 1491 2725 Regionem
1506 2697 1571 2718 vero
1586 2691 1620 2718 ab
1633 2698 1666 2718 eo
1679 2689 1730 2718 llu-

713 2782 834 2811 VAllIIE
855 2783 1060 2812 LECTIONES.

123 2854 145 2870 "
162 2851 329 2888 ὐπανιόντας
343 2850 405 2888 ΑΒ.Δ
434 2851 605 2888 ¹³μπεριττοη
621 2860 647 2883 v,
665 2851 691 2888 Τί.
712 2887 721 2888 7
732 2852 754 2868 “
770 2850 816 2879 οὖν
828 2852 867 2878 A:
883 2853 929 2879 καὶ
946 2861 976 2884 ς’.

524 2888 543 2923 ξ
559 2890 605 2914 καὶ,
616 2887 722 2923 δένδρα]
737 2895 763 2923 v,
778 2887 806 2914 5'.
844 2888 866 2904 '°
877 2888 909 2914 ἐκ
923 2887 963 2914 A4
979 2887 1015 2923 6E7
1024 2888 1056 2914 ὲκ
1068 2897 1097 2920 ς.

309 2886 330 2902 ⁸³
344 2885 439 2919 σοφίαν
453 2885 483 2912 Β.

88 2890 137 2925 μὲν
155 2889 221 2922 Γηρ.
239 2895 271 2920 ς’.
309 2889 330 2902 ³⁸
344 2889 439 2919 σοφίαν
453 2889 483 2912 l5.
524 2889 543 2902 "

88 2926 154 2950 caci.
167 2924 242 2950 λίθου
258 2931 289 2950 ς.
343 2921 366 2937 ’³
380 2922 405 2948 οἰ
424 2928 480 2950 om.
499 2921 552 2949 ΑΒ.

87 2924 154 2957 φασὶ
167 2924 242 2950 λίθου
258 2931 289 2956 ς’.

605 2923 627 2939 ’⁵
638 2922 690 2958 ὅτι]
708 2922 732 2956 r,
750 2922 776 2951 6.
803 2961 807 2964 ν
828 2923 850 2964 ’.⁸
866 2922 966 2958 Βαίτην
977 2922 1038 2962 ᾼΒι
1055 2923 1140 2964 βὲτην
1156 2931 1186 2955 ς.

1025 2853 1046 2868 ¹⁸
1061 2853 1107 2879 τὸν
1120 2853 1161 2879 A:
1178 2852 1225 2879 καὶ
1242 2852 1287 2879 τὸν
1303 2861 1334 2884 ς.
1374 2853 1395 2868 ³⁸
1408 2853 1452 2879 ὅτε
1463 2852 1506 2879 A:
1523 2852 1563 2879 ὅτι
1578 2860 1608 2884 ς.
1647 2851 1668 2867 ¹⁷
1681 2852 1727 2879 τὴν

1138 2889 1159 2903 ¹¹
1174 2887 1222 2914 τοῦ
1238 2888 1293 2939 ⁸μὲν
1306 2888 1327 2914 Α
1346 2895 1352 2913 :
1368 2888 1432 2917 τοὺς
1449 2888 1498 2921 μὲν
1514 2897 1545 2920 ς.
1600 2888 1622 2903 ⁸³
1637 2886 1727 2916 inter.

1138 2931 1186 2955 ’ς-
1207 2923 1235 2959 ,ἕ
1263 2922 1425 2959 πλημμυροῖ
1443 2931 1462 2955 ς
