1919 3096
211 160 280 195 1231

776 158 906 189 PHOTII
926 154 1181 189 PATRIARCHIE
1210 156 1262 187 CP.

1771 154 1847 186 1231

209 219 282 246 mine
293 214 420 244 Baeticam
433 221 547 251 oognom
558 213 659 241 inatnm
675 212 805 248 optimam
820 212 992 240 uberrimam-

1049 211 1203 246 ωθουμένου
1218 209 1300 237 αὖτδν
1313 208 1362 244 τῆς
1382 208 1528 246 θαλάττης.
1542 208 1597 244 Τὴν
1616 208 1644 236 δὲ
1662 209 1776 244 ἤπειρον
1791 211 1844 245 τὴν

207 271 261 299 que
275 269 336 290 esse
358 260 490 293 tradunt,
517 259 727 293 civitatibusque
748 262 776 285 et
799 258 907 293 pascuis
928 257 997 285 bene

207 310 380 336 instructam.
393 305 536 334 Derivatur
548 309 638 332 autem
649 312 699 339 per
710 311 807 331 omnes
823 303 904 331 urbes
916 312 924 336 ;
939 303 996 338 agri

207 360 272 380 vero
287 352 395 388 egregie
411 351 476 379 culti
488 350 591 378 affatim
608 349 699 377 omnia
719 348 811 377 ferunt
825 358 832 376 :
850 349 910 377 caeli
928 353 997 376 tem-

207 398 295 432 peries
314 397 375 425 talis
394 401 447 429 est,
463 396 551 431 qualis
566 395 690 423 autumni
710 400 834 430 tempore
855 394 882 422 in
899 394 989 421 Attica

208 443 398 478 mysteriorum
413 442 508 470 diebus
527 449 588 470 esse
603 441 681 469 solet.

241 489 338 519 Omnia
355 496 415 523 quae
433 488 466 515 de
486 487 570 515 Etna
598 493 685 522 poets
698 488 808 519 dicunt,
825 487 863 514 ait
887 485 997 521 Apollo-

207 536 292 568 nium,
307 539 337 562 ut
356 535 463 562 fabulas
478 534 635 569 repudiasse
647 553 655 566 .
673 533 713 561 sic
722 533 873 568 ‘loquendo.
894 531 996 559 Fabula

206 581 278 608 enim
292 588 372 616 quam
394 580 632 614 reprehendimus.
647 587 698 606 non
714 584 756 607 est
766 578 858 613 {Esopi
875 577 996 613 apologis

205 625 313 657 s'imilis,
328 625 373 652 sed
392 624 425 651 iis
438 624 482 658 qui
497 624 597 659 lingere
612 628 723 656 norunt,
740 629 767 650 et
781 627 932 658 poetarum,
947 621 994 657 qui

205 670 356 706 Typhoeum
377 670 522 704 quemdam
545 670 588 697 vel
611 668 774 696 Enceladum
791 668 841 695 sub
858 673 950 695 monte
960 667 994 695 li-

205 720 296 750 gutum
318 715 422 747 dicunt,
446 714 581 748 mortique
600 713 799 746 obluctantem,
815 713 887 740 hunc
905 714 994 747 ignem

205 760 357 788 anhelando
367 766 503 787 evomere.
516 759 572 794 Ego
584 764 672 786 autem
685 759 808 794 gigantes
821 758 909 786 fuisse
921 758 993 792 dico,

207 808 351 842 llltllllsque
364 808 431 835 locis
456 807 570 842 direptis
594 806 703 834 tumulis
725 805 856 841 ejusmodi
878 812 994 841 corpora
1019 805 1023 823 ί

205 854 328 885 ostendi,
356 860 435 887 quos,
459 857 488 880 ut
503 852 597 884 fertur,
624 860 685 879 cum
703 852 753 879 diis
779 858 917 886 pugnasse
940 858 993 879 non

205 899 298 931 credo,
313 899 359 925 sed
378 898 470 925 forsan
483 898 596 925 deorum
611 898 682 924 aedes
699 904 731 924 ac
745 897 843 931 templa
862 897 991 924 violasse:

205 945 278 978 quod
295 950 385 971 autem
401 944 499 971 ccelum
515 944 634 978 aggressi
651 942 764 975 fuerint,
784 951 834 970 nec
851 942 907 970 illic
927 943 992 970 deos

205 990 358 1018 consistere
372 990 556 1025 permiserint,
570 989 672 1021 dicere,
684 989 789 1016 insania
804 989 925 1024 quaedam
939 993 991 1021 est,

205 1036 328 1064 insanius
348 1037 429 1064 etiam
457 1035 579 1063 credere.
603 1035 697 1069 Neque
721 1042 787 1062 vero
811 1034 900 1062 oratio
923 1034 991 1066 lucc,

204 1083 331 1116 quamvis
346 1082 381 1109 sit
399 1081 543 1116 vulgatior,
562 1089 576 1108 ο
591 1081 669 1109 nobis
682 1081 827 1116 probatur.
845 1080 992 1108 Vulcanum

206 1128 231 1153 in
247 1125 330 1154 Aitna
351 1125 476 1153 fabrilem
491 1130 577 1152 artem
594 1133 737 1157 exercere,
755 1126 846 1160 ibique
866 1125 992 1153 incudem

208 1180 356 1201 resonare:
375 1171 450 1198 multi
465 1178 582 1206 namque
601 1171 646 1198 alii
662 1177 768 1198 montes
783 1171 896 1198 diversis
909 1176 994 1198 terra-

206 1226 264 1245 tum
286 1218 354 1246 locis
372 1217 449 1253 igniti
470 1222 544 1251 sunl,
571 1225 620 1244 nec
641 1222 731 1245 tamen
753 1218 874 1252 gigantes
897 1217 932 1244 ibi
949 1221 993 1244 aut

209 1264 357 1292 Vulcanum
380 1271 442 1291 esse
464 1263 610 1298 quisquam
631 1264 713 1295 dicit;
740 1269 768 1290 ut
789 1263 871 1298 igitur
889 1267 994 1291 montes

1009 862 1030 913 B-

206 1311 331 1342 ardeant,
356 1316 439 1337 causa
460 1316 584 1344 quaenam
611 1308 767 1344 hujusmodi
790 1315 851 1336 esse
876 1308 995 1335 dicitur?

205 1355 289 1382 'l‘erra
305 1347 428 1381 bitumini
447 1353 600 1387 sulfuritu
611 1353 764 1386 commista,
777 1352 859 1387 329
870 1352 884 1378 b
896 1358 993 1379 natura

204 1407 253 1426 sua
274 1399 424 1433 turgescit,
449 1402 476 1425 et
500 1398 620 1425 nondum
640 1399 728 1432 ignem
750 1397 847 1425 reddit.
872 1398 947 1430 Quod
971 1398 994 1425 si

205 1451 379 1471 cavernosam
404 1447 505 1470 terram
529 1450 590 1470 esse
613 1444 775 1478 contigerit,
797 1448 827 1470 ut
837 1443 886 1471 sub
909 1443 994 1477 ipsam

204 1490 315 1525 spiritus
330 1489 427 1525 aliquis
449 1489 630 1523 ingrediatur,
647 1495 711 1517 tunc
731 1488 868 1517 flammam
885 1490 994 1523 attollit,

204 1543 265 1570 quae
284 1536 370 1571 magis
385 1536 526 1570 magisque
549 1540 639 1568 aucta,
663 1536 813 1570 velutaqua
829 1543 845 1563 e
859 1536 995 1563 montibus

205 1581 324 1609 defluens
337 1581 363 1607 in
386 1588 497 1616 campos
524 1580 695 1608 effunditur:
720 1582 885 1616 quandoque
910 1582 993 1609 etiam

205 1628 238 1654 ad
252 1634 327 1655 mare
347 1626 450 1660 delata,
474 1628 553 1662 quasi
574 1626 694 1655 fluminis
708 1628 848 1662 cujusdam
862 1628 992 1663 impetum

206 1673 279 1701 facit.

239 1718 377 1753 Ethiopia
401 1718 485 1746 totius
507 1722 597 1750 terrae,
617 1725 677 1753 quae
695 1718 747 1745 sub
771 1718 828 1746 sole
841 1723 899 1753 est,
920 1719 994 1747 occi-

205 1766 314 1792 dentale
334 1771 419 1792 comu
441 1769 567 1799 occupat,
586 1766 656 1792 sicut
679 1764 737 1792 ludi
754 1765 779 1792 id
801 1765 873 1799 quod
889 1769 992 1800 spectat

203 1811 237 1837 ad
259 1809 416 1842 Orientem;
440 1814 538 1844 estque
561 1809 605 1836 illa
631 1816 710 1837 secus
734 1809 851 1837 Meroen)
875 1809 992 1846 Egypto

204 1856 360 1891 conjuncta,
380 1859 407 1882 et
423 1855 456 1882 ad
476 1856 613 1883 desertam
630 1855 723 1891 Libya:
735 1861 839 1891 partem
853 1861 991 1891 porrecta,

205 1903 273 1930 mari
281 1903 464 1935 -terminatur,
475 1902 547 1936 quod
558 1901 696 1930 Oceanum
713 1908 798 1937 poetae
814 1908 920 1937 vocant,
938 1911 992 1931 uno

204 1948 353 1983 eodemque
366 1948 477 1976 nomine
493 1953 580 1975 totum
600 1948 672 1983 quod
686 1954 786 1975 terram
804 1949 898 1981 ambit,
916 1956 992 1977 mare

205 2000 402 2028 nnncupantes.
425 1992 548 2020 Fluvium
575 1999 664 2020 autem
686 1992 775 2020 Nilum
799 1993 917 2029 Egyplo
941 1995 991 2021 tri-

205 2040 301 2067 buunt.
317 2039 367 2072 Qui
379 2047 411 2066 ex
431 2039 580 2074 Catadupis
591 2039 697 2067 initium
708 2047 820 2067 sumens
833 2040 990 2075 Egyptnm,

204 2092 286 2120 quam
303 2085 457 2112 universam
471 2084 595 2117 inundat,
613 2085 640 2112 in
658 2084 826 2120 Ethiopiam
839 2084 923 2113 ducit.
936 2085 992 2112 Ma-

204 2131 345 2165 gnitudine
358 2132 466 2166 quidem
481 2131 564 2159 India:
578 2139 633 2159 non
651 2131 814 2159 conferenda
828 2137 869 2159 est
880 2131 991 2159 {Ethio-

204 2177 260 2211 pia,
272 2184 359 2212 neque
369 2177 420 2204 ulla
434 2177 485 2203 alia
498 2177 662 2204 continentis
673 2184 745 2211 pars,
764 2184 824 2211 quas
837 2177 991 2205 hominibus

204 2226 267 2250 nota
282 2222 327 2249 sit.
342 2222 418 2255 Quod
431 2222 453 2248 si
471 2226 555 2249 totam
566 2221 713 2257 (Egyplnm
722 2221 869 2256 Ethiopia}
879 2222 990 2256 adjicia-

204 2277 263 2297 mus
277 2268 315 2305 (Id
326 2270 397 2297 enim
410 2269 500 2296 facere
511 2269 622 2297 ﬂuvium
632 2270 819 2305 arbitramur),
831 2278 886 2297 non
899 2275 988 2298 tamett

207 2315 294 2343 ambae
307 2315 459 2350 conjunctae
474 2314 688 2349 magnitudinem
703 2314 784 2343 Indiae
798 2316 989 2350 adaequabunt.

203 2360 232 2387 ln
250 2367 365 2396 utraque
378 2368 445 2389 vero
461 2360 536 2388 ﬂuvii
548 2366 612 2389 sunt
624 2361 694 2389 inter
711 2368 740 2389 se
752 2361 854 2389 similes
867 2362 948 2390 Indus
962 2366 990 2390 et

202 2407 289 2434 nilus.
299 2406 386 2434 Ambo
401 2407 587 2434 continentem
599 2406 733 2435 oblimant
742 2407 845 2435 aestatis
858 2412 989 2443 tempore,

202 2460 263 2479 cum
279 2452 397 2481 maxime
407 2452 433 2480 id
447 2457 517 2480 terra
529 2453 642 2487 expetit,
658 2452 763 2488 solique
773 2453 916 2481 fluviorum
928 2461 990 2481 cro-

202 2497 305 2525 codilos
325 2499 443 2526 educant
464 2503 491 2525 et
516 2498 735 2534 hippopotamos.
758 2497 904 2526 Terrarum
925 2507 989 2528 Vero

202 2543 408 2572 similitudinem
425 2548 559 2571 testantur
573 2549 695 2572 aromata
722 2545 867 2579 utrobique
878 2552 993 2572 nascen-

203 2591 252 2623 tia,
275 2590 367 2617 leones
377 2595 506 2624 praeterea
536 2595 564 2618 et
582 2590 737 2625 elephanti,
757 2590 804 2626 qui
827 2591 854 2618 in
879 2597 994 2626 utraque

204 2635 276 2671 capti
303 2637 408 2664 servire
434 2641 577 2672 coguntur.
606 2635 712 2663 Praebet
739 2636 850 2671 insuper
875 2642 993 2671 utraque

1009 1561 1030 1591 C

1006 2244 1028 2272 D

1049 254 1237 292 Βαιτικῂν,ἦς
1264 257 1278 283 ό
1302 255 1422 291 ποταμὸς
1437 252 1515 287 οὗτος
1538 255 1701 290 ὁμώνυμος,
1723 255 1844 291 ἀρίστην

1048 303 1171 339 ὴπείρων
1189 303 1272 337 φασί⁴
1291 301 1396 329 πόλεών
1411 311 1440 328 τε
1456 301 1509 337 γὰρ
1525 301 1554 328 εὖ
1579 302 1651 336 ἔχειν
1671 303 1718 328 καὶ
1733 303 1841 338 νόμων,

1048 350 1096 376 καὶ
1114 349 1223 384 διῆχθαι
1239 348 1285 375 τδν
1302 347 1423 383 ποταμδν
1437 349 1466 380 ὲς
1488 348 1523 374 τὰ
1542 348 1610 383 ἄστη
1632 348 1732 380 πάντα,
1750 357 1844 382 γεωρ-

1047 396 1109 430 γίας
1125 403 1154 421 τε
1182 393 1327 430 ξυμπάσης
1355 394 1458 430 μεστὴν
1481 393 1562 427 εἶναι,
1579 395 1626 421 καὶ
1646 395 1725 430 ὡρῶν
1744 394 1800 421 οἷαι
1818 395 1842 411 ’⁷

1047 443 1096 477 τῆς
1110 441 1238 475 Ἀττικῆς
1254 441 1281 467 αἱ
1306 441 1460 476 μετόπωροι
1474 441 1521 467 καὶ
1539 441 1764 476 μυστηριώτιδες.

1084 488 1144 514 Ὅτι
1160 486 1182 504 ’⁸
1196 487 1259 518 τοὺς
1271 486 1335 522 περὶ
1348 487 1398 522 τῆς
1420 486 1520 521 Αἴτνης
1539 487 1634 521 λόγους
1647 487 1701 514 τῶν
1717 487 1840 522 ποιητῶν

1047 533 1084 565 ὡς
1102 532 1204 568 μύθους
1229 532 1405 568 παραιτεῖθαί
1428 541 1495 568 φησι
1509 532 1554 559 τὸν
1573 532 1762 566 Ἀπολλώνιον,
1785 530 1836 560 ὧδε

1047 579 1111 616 [5'57
1125 579 1171 616 H.]
1187 579 1310 613 λέγοντα.
1333 578 1362 606 '0
1376 579 1429 614 γὰρ
1451 578 1545 614 μῦθος,
1568 578 1597 605 ὃν
1617 579 1835 615 παραιτούμεθα,

1045 625 1075 651 οὐ
1093 624 1148 651 τῶν
1164 623 1291 651 Αἰσώπου
1303 624 1390 658 λόγων
1406 624 1492 656 ἐστὶν,
1508 623 1575 650 ἀλλὰ
1588 623 1643 650 τῶν
1660 623 1834 658 δραματικω-

1045 668 1143 704 τέρων,
1161 670 1209 695 καὶ
1226 665 1264 696 ὧν
1278 669 1302 695 οι
1319 668 1431 705 ποιηταὶ
1445 667 1587 703 θρυλοῦσιν
1599 668 1633 695 ¹⁹.
1655 668 1769 694 Ἐκεῖνοι
1786 669 1836 703 μὲν

1045 715 1100 751 γὰρ
1117 715 1201 750 Τυφῶ
1214 715 1274 742 τινὰ
1288 715 1304 750 ἢ
1322 714 1483 750 Ἐγκέλαδον
1497 714 1620 741 δεδέσθαι
1637 715 1719 749 φασὶν
1731 715 1783 741 ὑπὸ
1797 716 1835 750 τῷ

1045 760 1113 796 opst,
1128 760 1174 787 καὶ
1198 760 1416 788 δυσθανατοῦντα
1439 761 1600 796 ἀσθμαίνειν
1614 762 1644 788 ea
1665 761 1721 797 πῦρ
1743 761 1834 788 τοῦτο.

1050 806 1122 841 Ἐγὼ
1136 807 1164 834 δὲ
1180 807 1311 841 γίγαντας
1327 807 1376 842 μὲν
1388 807 1530 842 γεγονέναι
1543 808 1624 844 φημὶ,
1640 809 1686 834 καὶ
1698 807 1835 843 πολλαχοῦ

1045 853 1095 888 τῆς
1109 854 1161 888 γῆς
1177 853 1384 880 ἀναδείκνυσθαι
1397 853 1509 881 τοιαῦτα
1524 853 1546 870 ³⁸
1563 854 1676 888 σώματα
1694 855 1835 890 ῥαγέντων

1044 897 1147 932 τάφων,
1170 897 1200 924 οὐ
1222 897 1274 932 μὴν
1298 898 1337 929 εις
1358 898 1453 932 ἀγῶνα
1477 898 1564 925 ἐλθεῖν
1589 900 1644 930 τοῖς
1669 899 1752 931 θεοῖς,
1775 899 1835 926 ἀλλ’

1043 943 1154 979 ὑϐρίσαι
1173 943 1222 979 μὲν
1243 944 1313 979 τάχα
1326 945 1355 976 ὲς
1370 945 1432 976 τοὺς
1451 944 1520 977 νεὼς
1543 945 1632 972 αὐτῶν
1653 946 1699 973 καὶ
1715 946 1750 973 τὰ
1774 946 1835 981 ἕδη,

1043 988 1193 1023 οὺρανῷδὲ
1212 989 1381 1025 ὲπιπηδῆσαι
1394 991 1441 1017 καὶ
1460 990 1498 1026 μὴ
1514 991 1665 1026 συγχωρεῖν
1680 992 1744 1023 τοὺς
1757 991 1836 1024 θεοὺς

1043 1034 1087 1060 ἐπ’
1117 1034 1198 1061 αὐτοῦ
1216 1035 1237 1050 ³⁸
1261 1032 1330 1062 εῖναι
1363 1035 1446 1069 μανία
1475 1037 1524 1070 μὲν
1559 1036 1669 1070 λέγειν,
1688 1037 1771 1072 μανία
1807 1038 1837 1065 δὲ

1043 1079 1157 1107 οἴεσθαι.
1170 1080 1224 1107 Καὶ
1241 1081 1308 1116 μηδὲ
1328 1082 1451 1113 ὲκεῖνοςό
1464 1081 1553 1116 λόγος,
1575 1083 1662 1110 καίτοι
1677 1084 1764 1111 δοκῶν
1790 1085 1838 1110 εὖ·

1044 1125 1198 1161 φημὸτερος
1223 1123 1308 1159 εἶναι,
1327 1126 1462 1161 τιμάσθω,
1474 1127 1510 1159 ὡς
1529 1127 1669 1163 Ἡφαίστῳ
1691 1129 1766 1164 μέλει
1787 1129 1835 1156 τοῦ

1044 1170 1188 1205 χαλκεύειν
1204 1171 1232 1197 ὲν
1252 1172 1285 1206 τῇ
1311 1171 1396 1208 Αἴτνῃ
1421 1172 1469 1198 καὶ
1492 1173 1636 1199 κτυπεῖταί
1655 1182 1698 1204 τις
1717 1173 1836 1200 ἐνταῦθα

1045 1216 1091 1242 ὑπ’
1106 1216 1188 1244 αὐτοῦ
1206 1213 1317 1251 ἄκμων·
1335 1217 1421 1244 πολλὰ
1434 1217 1487 1254 γὰρ
1505 1218 1552 1244 καὶ
1569 1217 1634 1246 ἄλλα
1649 1218 1723 1255 [ὅρη]
1736 1220 1758 1236 ³¹
1772 1220 1837 1246 πολ-

1045 1261 1130 1297 λαχοῦ
1144 1263 1194 1297 τῆς
1205 1263 1258 1297 γῆς
1279 1262 1402 1298 ἔμπυρα,
1423 1264 1470 1290 καὶ
1486 1264 1536 1290 οὐκ
1558 1263 1591 1290 ἂν
1609 1265 1758 1300 φθάνοιμεν
1773 1267 1836 1292 ἑπι-

1046 1308 1212 1343 φημίζοντες
1229 1309 1322 1340 αὐτοῖς
1345 1309 1478 1343 γίγαντας
1497 1310 1544 1336 καὶ
1563 1310 1738 1345 Ἥφαίστους.
1754 1311 1804 1343 Τίς
1815 1311 1838 1328 ³³

1044 1352 1092 1381 οὖν
1106 1355 1122 1390 ἠ
1134 1355 1188 1381 τῶν
1204 1351 1333 1382 τοιούτων
1345 1354 1415 1391 ὀρῶν
1431 1355 1521 1389 αίτία;
1537 1355 1572 1390 γῆ
1583 1357 1682 1392 κρᾶσιν
1699 1357 1838 1391 ἀσφάλτου

1045 1400 1094 1426 καὶ
1111 1399 1184 1426 θείου
1200 1399 1375 1435 παρεχομένη
1396 1399 1509 1434 τύφεται
1524 1400 1574 1435 μὲν
1592 1401 1639 1426 καὶ
1657 1401 1722 1436 παρ’
1736 1401 1838 1435 ἑαυτῆς

1049 1445 1140 1480 φύσει,
1156 1445 1212 1482 πῦρ
1228 1446 1256 1472 δὲ
1270 1445 1346 1472 οὔπω
1361 1445 1501 1473 ἐκδίδωσιν
1511 1454 1518 1462 ⁸
1535 1447 1560 1472 εί
1573 1447 1600 1473 δὲ
1617 1446 1640 1462 ³⁸
1657 1447 1838 1481 σηραγγάδης

1046 1492 1122 1527 τύχοι
1136 1492 1158 1508 ³⁵
1176 1493 1223 1518 καὶ
1238 1491 1392 1528 ύποδράμοι
1408 1491 1493 1527 αὐτὴν
1514 1491 1634 1527 πνεῦμα,
1650 1492 1772 1527 φρυκτὸν
1786 1493 1837 1528 ἤδη

1046 1539 1138 1574 αῐρειο
1157 1538 1378 1573 πλεονεκτήσασα
1397 1537 1426 1564 δὲ
1447 1538 1464 1573 ὴ
1487 1537 1563 1571 φλὸξ,
1588 1537 1681 1573 ὥσπερ
1704 1538 1735 1564 τό
1754 1538 1838 1573 ὕδωρ,

1048 1585 1164 1620 ἁπορῤεἰ
1175 1584 1230 1611 τῶν
1247 1584 1318 1619 ὀρῶν
1335 1584 1383 1610 καῖ¹
1399 1585 1427 1615 ἐς
1446 1583 1481 1610 τὰ
1496 1584 1575 1610 πεδία
1589 1585 1740 1620 προχεῖται,
1754 1585 1840 1620 χωρεῖ

1046 1639 1077 1657 τε
1092 1631 1138 1657 ἐπὶ
1158 1631 1296 1658 θάλασσαν
1311 1630 1367 1666 πῦρ
1380 1630 1480 1666 ἁθρόον
1492 1631 1525 1663 ³⁸,
1544 1630 1659 1663 ἐκϐολὰς
1675 1631 1838 1667 ποιούμενον

1046 1673 1103 1703 οἷαι
1118 1675 1172 1702 τῶν
1186 1675 1317 1712 ποταμῶν
1332 1677 1412 1703 εἰσιν.

1082 1722 1210 1749 Αἰθιοπία
1226 1722 1248 1738 ³⁷
1267 1723 1318 1757 τῆς
1342 1724 1391 1758 μὲν
1413 1723 1466 1749 ὑπὸ
1479 1722 1547 1758 ἡλίῳ
1572 1724 1662 1758 πάσης
1689 1723 1784 1758 ἐπέχει
1808 1723 1838 1750 τὺ

1047 1767 1174 1803 ἑσπέριον
1190 1768 1283 1803 κέρας,
1300 1768 1394 1804 ὥσπερ
1411 1768 1487 1796 Ἰνδοὶ
1507 1769 1529 1785 ³⁸
1548 1769 1579 1796 τὸ
1598 1769 1666 1804 πρὸς
1685 1769 1740 1796 Eur
1766 1769 1839 1797 κατὰ

1046 1814 1157 1849 Μερόην
1182 1813 1210 1840 δὲ
1236 1814 1368 1849 Αἰγύπτῳ
1393 1814 1582 1848 ξυνάπτουσα,
1597 1815 1644 1841 καί
1659 1823 1685 1841 τι
1714 1816 1763 1842 καὶ
1788 1815 1839 1849 τῆς

1046 1858 1207 1894 ἀμαρτύρου
1219 1859 1323 1894 Λιὸύης
1339 1859 1502 1891 ἐπελθοῦσα,
1512 1860 1625 1895 τελευτᾷ
1638 1861 1677 1891 εἰς
1687 1860 1838 1893 θάλασσαν,

1045 1905 1079 1940 ἢν
1094 1905 1220 1932 Ὠκεανὸν
1234 1905 1259 1932 οἱ
1282 1906 1393 1941 ποιηταὶ
1417 1905 1539 1939 καλοῦσι,
1555 1906 1587 1932 τὺ
1604 1907 1668 1941 περὶ
1687 1907 1740 1941 γῆν
1765 1907 1839 1933 am

1045 1948 1097 1978 ὦδε
1126 1951 1352 1986 ἐπονομάζοντες.
1375 1951 1502 1986 Ποταμὸν
1532 1952 1560 1978 δὲ
1583 1952 1678 1979 Νεῖλον
1704 1953 1839 1988 Αἰγύπτῳ

1045 1997 1162 2031 δίδωσιν,
1188 1997 1217 2029 ὃς
1243 1998 1275 2024 ὲκ
1292 1997 1476 2024 Καταδούπων
1505 1997 1667 2033 ἀρχόμενος,
1683 1999 1716 2033 ἢν
1733 1999 1756 2015 ³⁹
1779 1999 1839 2025 ἑπι-

1045 2043 1141 2075 πλύζει
1155 2044 1245 2070 πᾶσαν
1256 2044 1393 2077 Αἴγυπτον
1407 2043 1456 2070 ἀπ’
1467 2043 1604 2070 Αἰθιόπων
1624 2044 1695 2078 ἄγει.
1713 2044 1838 2079 Μέγεθος

1047 2088 1096 2123 μὲν
1112 2086 1158 2115 οὖν
1177 2088 1228 2115 οὐκ
1243 2088 1307 2121 ἀξία
1330 2088 1556 2124 παραΰεῦλῆσθαι
1580 2089 1648 2124 πρὸς
1669 2089 1768 2121 Ἰνδοὺς
1789 2091 1836 2126 ἥδε

1044 2134 1060 2169 ἡ
1074 2134 1160 2169 χώρα,
1174 2134 1216 2161 ὅτι
1233 2134 1293 2169 μηδ’
1309 2134 1375 2170 ἄλλη
1394 2135 1522 2171 μηδεμία,
1535 2136 1631 2162 όπόσαι
1648 2137 1719 2163 κατὰ
1731 2136 1838 2173 ἀνθρὼ-

1045 2189 1111 2212 πους
1124 2180 1272 2214 όνομασταὶ
1280 2181 1302 2197 ⁸⁸
1313 2181 1432 2216 ἤπειροι.
1448 2181 1478 2208 El
1495 2181 1523 2208 δὲ
1537 2182 1582 2208 καὶ
1595 2183 1686 2209 πᾶσαν
1698 2184 1837 2217 Αἴγυπτον

1046 2224 1174 2259 Αἰθιοπίᾳ
1196 2225 1398 2261 ξυμὸὰλλοιμεν
1410 2226 1444 2258 υ,
1460 2227 1533 2252 τουτὶ
1556 2226 1585 2253 δὲ
1605 2226 1738 2262 ἡγώμεθα
1748 2228 1772 2243 δ’
1790 2230 1838 2255 καὶ

1041 2271 1087 2298 τὸν
1098 2272 1220 2306 ποταμὸν
1237 2272 1379 2307 πράττειν,
1399 2271 1475 2298 οὒπω
1489 2272 1641 2309 ξύμμετροι
1652 2273 1675 2289 ⁵³
1691 2274 1761 2309 πρὸς
1786 2275 1837 2310 τὴν

1049 2317 1137 2346 Ἰνδῶν
1151 2319 1234 2354 ἄμφω
1250 2317 1430 2351 ξυντεθεῖσαι.
1448 2320 1570 2354 Ποταμοῖ
1584 2320 1613 2346 δὲ
1632 2321 1734 2356 ἀμφοῖν
1746 2321 1836 2356 ὅμοιοι

1042 2365 1215 2400 λογισαμένῳ
1237 2365 1271 2391 τὰ
1302 2364 1385 2391 Ἰνδοῦ
1408 2373 1438 2391 τε
1471 2366 1518 2392 καὶ
1544 2365 1652 2393 Νείλου.
1682 2366 1764 2403 [1015
1788 2367 1834 2403 8.]

1041 2409 1204 2444 Περαίνουσί
1223 2409 1246 2425 ⁸⁵
1260 2418 1288 2436 τε
1304 2409 1359 2445 γὰρ
1389 2410 1439 2441 τὰς
1468 2411 1600 2446 ἠπείρους
1617 2412 1646 2438 ὲν
1669 2412 1730 2447 ὥρᾳ
1744 2413 1834 2445 ἔτους,

1040 2455 1121 2482 ὁπότε
1144 2457 1161 2491 ἡ
1173 2456 1207 2491 γῆ
1230 2457 1279 2491 ἐρᾷ
1290 2456 1397 2488 τούτου,
1426 2458 1556 2492 ποταμῶν
1578 2466 1608 2484 τε
1625 2458 1648 2475 ⁸⁸⁵
1665 2458 1834 2492 παρέχονται

1044 2503 1119 2538 μόνοι
1133 2502 1179 2529 τὸν
1191 2502 1361 2537 κροκόδειλον
1377 2503 1424 2530 καὶ
1441 2503 1488 2529 τὸν
1508 2503 1603 2530 ἵππον.
1619 2503 1641 2529 Τ
1643 2503 1675 2538 ὴν
1691 2503 1719 2529 δὲ
1737 2505 1833 2538 ὁμοιό-

1042 2555 1110 2582 τητα
1125 2546 1179 2574 τῶν
1204 2547 1327 2582 ¹ἣπείρων
1339 2547 1495 2574 πιστούσθω
1507 2547 1557 2583 μὲν
1578 2548 1624 2574 καὶ
1643 2548 1678 2574 τὰ
1693 2550 1721 2574 ἐν
1735 2549 1833 2578 αὑταῖς

1041 2591 1188 2627 ἀρώματα,
1213 2592 1420 2618 πιστούσθωσαν
1435 2592 1459 2607 ⁸⁸
1472 2592 1500 2618 δὲ
1516 2592 1564 2618 καὶ
1584 2593 1608 2618 οι
1629 2592 1736 2622 λέοντες
1751 2591 1800 2618 καὶ
1819 2592 1833 2617 6

1042 2638 1141 2672 ὲλέφας
1160 2639 1189 2665 ὲν
1205 2638 1323 2673 ἑκατέρᾳ
1348 2637 1526 2673 ἅλισκόμενός
1555 2646 1585 2664 τε
1606 2638 1654 2664 καὶ
1682 2637 1828 2665 δουλεύων.

843 2680 960 2709 νΑῐίΙίΕ
972 2681 1176 2711 LECTIONES.

253 2726 276 2742 "
290 2723 345 2752 οἷαι
358 2726 421 2753 add.
448 2726 503 2753 ΑΒ.

202 2769 259 2789 om.
279 2760 340 2797 ΑΒ,
389 2762 415 2797 f'
432 2760 484 2797 τίς]
511 2769 538 2793 ν,
559 2760 602 2797 l7.

569 2725 592 2742 "
605 2725 657 2758 ὅτι]
692 2733 719 2758 v,
744 2725 788 2752 16.

855 2726 878 2742 ¹³
893 2726 1051 2762 θρυλλοῦσιν
1077 2736 1109 2760 ς.

654 2760 705 2786 ’δὲ
734 2761 781 2798 rei
807 2769 869 2798 me:
885 2760 917 2798 ςέ
951 2762 975 2778 ³⁵
996 2764 1065 2798 τύχη

1175 2729 1196 2744 ⁵⁸
1211 2728 1316 2765 τοιαυτὶ.
1331 2728 1363 2755 Α.
1403 2728 1424 2745 ³¹
1436 2727 1531 2765 αὐτοῦ]

1558 2728 1656 2765 αὐτοϋς
1676 2727 1709 2765 Αξ
1726 2762 1736 2765 -
1747 2728 1770 2744 ³¹
1780 2728 1830 2765 δρη

1177 2764 1199 2780 ³⁸
1212 2764 1268 2799 πῦρ
1284 2763 1382 2798 ἀθρόον
1396 2771 1451 2790 om.
1468 2762 1530 2790 AB.’
1562 2764 1582 2780 ³⁷
1597 2762 1737 2799 Αἰθιοπία]
1749 2770 1786 2794 Vt.
1797 2762 1830 2792 ἐξ

1083 2765 1115 2791 Α.

204 2797 226 2813 ³³
239 2796 461 2840 ἸνδοὶιΑςμἸνξῷ
478 2795 522 2840 ῖς,
547 2795 780 2840 ις’ῆνν
801 2795 841 2840 ,⁸⁸⁵
855 2796 1012 2840 ὠνόμασται
1119 2798 1140 2814 δ’
1159 2795 1359 2840 ξυμὸἀλλοιμεν
1396 2799 1419 2840 ξ’
1433 2798 1565 2840 ἡγωειεθα
1588 2799 1632 2826 ΑΒ
1650 2795 1830 2840 ξιξυμῖθάλοι-

206 2840 255 2866 μεν
267 2847 302 2852 -
315 2831 455 2867 ἡγούμεθα
479 2839 509 2867 ςἐ
585 2830 735 2867 ξύμμετροι
750 2845 785 2867 -τ
799 2830 966 2863 ξυντεθεῖσαι
987 2835 1008 2861 Α
1022 2843 1029 2862 :

207 2865 347 2894 Srhottus.
386 2865 408 2881 "
425 2874 453 2892 τε
468 2865 512 2892 AB
523 2874 529 2892 ι
542 2865 570 2892 δι
585 2873 616 2896 ς.
655 2865 677 2881 ⁸⁸
690 2865 842 2893 πιστοὺσυω
857 2874 898 2901 pr.
915 2867 948 2894 A.

1046 2833 1201 2869 ξύμμετρον
1215 2849 1249 2854 -
1264 2833 1381 2869 τοσαύτῃ
1397 2833 1554 2866 ξυντεθεῑσα
1570 2842 1600 2866 ς.
1653 2833 1675 2850 ⁸⁸
1689 2833 1828 2861 πισίνουσι
