  <div class='ocr_page' id='page_1' title='image "/cluster/home/n/w/nwhite01/storage/ocr_20150623/103/njp.32101010943882/750.png"; bbox 0 0 1919 3096; ppageno 0'>
   <div class='ocr_carea' id='block_1_1' title="bbox 88 133 160 170">
    <p class='ocr_par' dir='ltr' id='par_1_1' title="bbox 88 133 160 170">
     <span class='ocr_line' id='line_1_1' title="bbox 88 133 160 170; baseline 0.083 -6"><span class='ocrx_word' id='word_1_1' title='bbox 88 133 160 170; x_wconf 72' lang='grc'><strong>1233</strong></span> 
     </span>
    </p>
   </div>
   <div class='ocr_carea' id='block_1_2' title="bbox 624 138 1165 170">
    <p class='ocr_par' dir='ltr' id='par_1_2' title="bbox 624 138 1165 170">
     <span class='ocr_line' id='line_1_2' title="bbox 624 138 1165 170; baseline 0.002 -2"><span class='ocrx_word' id='word_1_2' title='bbox 624 138 885 168; x_wconf 85' lang='lat' dir='ltr'><strong>BIBLIOTHECA.</strong></span> <span class='ocrx_word' id='word_1_3' title='bbox 896 150 931 156; x_wconf 88' lang='lat'><strong>-—</strong></span> <span class='ocrx_word' id='word_1_4' title='bbox 949 139 1031 170; x_wconf 81' lang='lat' dir='ltr'><strong>COD.</strong></span> <span class='ocrx_word' id='word_1_5' title='bbox 1046 138 1165 170; x_wconf 87' lang='lat' dir='ltr'><strong>CCXLI-</strong></span> 
     </span>
    </p>
   </div>
   <div class='ocr_carea' id='block_1_3' title="bbox 1655 137 1722 172">
    <p class='ocr_par' dir='ltr' id='par_1_3' title="bbox 1655 137 1722 172">
     <span class='ocr_line' id='line_1_3' title="bbox 1655 137 1722 172; baseline 0 -1"><span class='ocrx_word' id='word_1_6' title='bbox 1655 137 1722 172; x_wconf 68' lang='lat'><strong>1234</strong></span> 
     </span>
    </p>
   </div>
   <div class='ocr_carea' id='block_1_4' title="bbox 87 188 881 230">
    <p class='ocr_par' dir='ltr' id='par_1_4' title="bbox 87 188 881 229">
     <span class='ocr_line' id='line_1_4' title="bbox 87 188 881 229; baseline 0.006 -14"><span class='ocrx_word' id='word_1_7' title='bbox 87 190 225 217; x_wconf 70' lang='grc' dir='ltr'>Βόσκουσι</span> <span class='ocrx_word' id='word_1_8' title='bbox 238 189 267 217; x_wconf 77' lang='grc' dir='ltr'>δι</span> <span class='ocrx_word' id='word_1_9' title='bbox 282 191 329 218; x_wconf 81' lang='grc' dir='ltr'>καὶ</span> <span class='ocrx_word' id='word_1_10' title='bbox 346 190 430 227; x_wconf 76' lang='grc' dir='ltr'>θηρία</span> <span class='ocrx_word' id='word_1_11' title='bbox 449 188 495 220; x_wconf 73' lang='grc' dir='ltr'>οἷα</span> <span class='ocrx_word' id='word_1_12' title='bbox 508 192 558 228; x_wconf 79' lang='grc' dir='ltr'><strong>οὐχ</strong></span> <span class='ocrx_word' id='word_1_13' title='bbox 570 192 697 227; x_wconf 75' lang='grc' dir='ltr'>ἑτέρωθι,</span> <span class='ocrx_word' id='word_1_14' title='bbox 713 194 760 220; x_wconf 73' lang='grc' dir='ltr'><strong>καὶ</strong></span> <span class='ocrx_word' id='word_1_15' title='bbox 775 193 881 229; x_wconf 81' lang='grc' dir='ltr'>ἀνθρώ-</span> 
     </span>
    </p>
   </div>
   <div class='ocr_carea' id='block_1_5' title="bbox 937 188 1721 230">
    <p class='ocr_par' dir='ltr' id='par_1_5' title="bbox 937 193 1721 230">
     <span class='ocr_line' id='line_1_5' title="bbox 937 193 1721 230; baseline 0 -8"><span class='ocrx_word' id='word_1_16' title='bbox 937 194 1017 228; x_wconf 87' lang='lat' dir='ltr'><strong>feras,</strong></span> <span class='ocrx_word' id='word_1_17' title='bbox 1041 202 1101 230; x_wconf 75' lang='lat' dir='ltr'><strong>quae</strong></span> <span class='ocrx_word' id='word_1_18' title='bbox 1118 194 1181 222; x_wconf 86' lang='lat' dir='ltr'><strong>alibi</strong></span> <span class='ocrx_word' id='word_1_19' title='bbox 1200 200 1332 229; x_wconf 81' lang='lat' dir='ltr'><strong>nusquam</strong></span> <span class='ocrx_word' id='word_1_20' title='bbox 1348 193 1535 228; x_wconf 85' lang='lat' dir='ltr'><strong>reperiuntur,</strong></span> <span class='ocrx_word' id='word_1_21' title='bbox 1556 197 1583 221; x_wconf 87' lang='lat' dir='ltr'><strong>et</strong></span> <span class='ocrx_word' id='word_1_22' title='bbox 1597 193 1721 222; x_wconf 78' lang='lat' dir='ltr'><strong>homines</strong></span> 
     </span>
    </p>
   </div>
   <div class='ocr_carea' id='block_1_6' title="bbox 87 236 883 274">
    <p class='ocr_par' dir='ltr' id='par_1_6' title="bbox 87 236 883 274">
     <span class='ocr_line' id='line_1_6' title="bbox 87 236 883 274; baseline 0.008 -13"><span class='ocrx_word' id='word_1_23' title='bbox 87 244 157 266; x_wconf 76' lang='grc' dir='ltr'>πους</span> <span class='ocrx_word' id='word_1_24' title='bbox 173 236 303 270; x_wconf 80' lang='grc' dir='ltr'>μέλανας,</span> <span class='ocrx_word' id='word_1_25' title='bbox 319 236 333 262; x_wconf 82' lang='grc' dir='ltr'><strong>ό</strong></span> <span class='ocrx_word' id='word_1_26' title='bbox 349 236 386 271; x_wconf 85' lang='grc' dir='ltr'>μὴ</span> <span class='ocrx_word' id='word_1_27' title='bbox 405 236 483 264; x_wconf 79' lang='grc' dir='ltr'>ἄλλαι</span> <span class='ocrx_word' id='word_1_28' title='bbox 494 237 605 273; x_wconf 72' lang='grc' dir='ltr'>ἤπειροι</span> <span class='ocrx_word' id='word_1_29' title='bbox 619 246 626 254; x_wconf 86' lang='grc'><strong>·</strong></span> <span class='ocrx_word' id='word_1_30' title='bbox 645 240 793 274; x_wconf 86' lang='grc' dir='ltr'>πυγμαίων</span> <span class='ocrx_word' id='word_1_31' title='bbox 809 248 839 266; x_wconf 77' lang='grc' dir='ltr'><strong>τε</strong></span> <span class='ocrx_word' id='word_1_32' title='bbox 854 242 883 268; x_wconf 77' lang='grc' dir='ltr'>ἐν</span> 
     </span>
    </p>
   </div>
   <div class='ocr_carea' id='block_1_7' title="bbox 87 281 881 320">
    <p class='ocr_par' dir='ltr' id='par_1_7' title="bbox 87 281 881 320">
     <span class='ocr_line' id='line_1_7' title="bbox 87 281 881 320; baseline 0.009 -14"><span class='ocrx_word' id='word_1_33' title='bbox 87 281 189 312; x_wconf 66' lang='grc' dir='ltr'>αὑταῖς</span> <span class='ocrx_word' id='word_1_34' title='bbox 201 281 278 316; x_wconf 77' lang='grc' dir='ltr'>ἔθνη.</span> <span class='ocrx_word' id='word_1_35' title='bbox 290 281 399 317; x_wconf 84' lang='grc' dir='ltr'>Γρῦπες</span> <span class='ocrx_word' id='word_1_36' title='bbox 413 282 442 310; x_wconf 75' lang='grc' dir='ltr'>δὲ</span> <span class='ocrx_word' id='word_1_37' title='bbox 456 282 544 310; x_wconf 83' lang='grc' dir='ltr'>Ἰνδῶν</span> <span class='ocrx_word' id='word_1_38' title='bbox 559 284 607 310; x_wconf 74' lang='grc' dir='ltr'>καὶ</span> <span class='ocrx_word' id='word_1_39' title='bbox 628 285 774 320; x_wconf 81' lang='grc' dir='ltr'><strong>μύρμηκες</strong></span> <span class='ocrx_word' id='word_1_40' title='bbox 790 286 881 313; x_wconf 50' lang='lat' dir='ltr'><strong>more.</strong></span> 
     </span>
    </p>
   </div>
   <div class='ocr_carea' id='block_1_8' title="bbox 87 327 882 366">
    <p class='ocr_par' dir='ltr' id='par_1_8' title="bbox 87 327 882 366">
     <span class='ocr_line' id='line_1_8' title="bbox 87 327 882 366; baseline 0.008 -14"><span class='ocrx_word' id='word_1_41' title='bbox 87 334 160 357; x_wconf 79' lang='grc' dir='ltr'>πων,</span> <span class='ocrx_word' id='word_1_42' title='bbox 178 327 201 353; x_wconf 89' lang='grc' dir='ltr'>εἱ</span> <span class='ocrx_word' id='word_1_43' title='bbox 221 328 268 354; x_wconf 79' lang='grc' dir='ltr'><strong>καὶ</strong></span> <span class='ocrx_word' id='word_1_44' title='bbox 282 327 406 362; x_wconf 84' lang='grc' dir='ltr'>ἀνόμοιοι</span> <span class='ocrx_word' id='word_1_45' title='bbox 418 327 468 364; x_wconf 84' lang='grc' dir='ltr'><strong>τὴν</strong></span> <span class='ocrx_word' id='word_1_46' title='bbox 484 328 557 356; x_wconf 82' lang='grc' dir='ltr'>ἰδέαν</span> <span class='ocrx_word' id='word_1_47' title='bbox 575 330 654 363; x_wconf 78' lang='grc' dir='ltr'>εἰσὶν,</span> <span class='ocrx_word' id='word_1_48' title='bbox 668 330 726 357; x_wconf 77' lang='grc' dir='ltr'>ἀλλ’</span> <span class='ocrx_word' id='word_1_49' title='bbox 742 331 825 366; x_wconf 74' lang='grc' dir='ltr'>δμοιά</span> <span class='ocrx_word' id='word_1_50' title='bbox 839 340 882 365; x_wconf 79' lang='grc' dir='ltr'>γε,</span> 
     </span>
    </p>
   </div>
   <div class='ocr_carea' id='block_1_9' title="bbox 87 372 884 412">
    <p class='ocr_par' dir='ltr' id='par_1_9' title="bbox 87 372 884 412">
     <span class='ocr_line' id='line_1_9' title="bbox 87 372 884 412; baseline 0.008 -14"><span class='ocrx_word' id='word_1_51' title='bbox 87 372 128 403; x_wconf 72' lang='grc' dir='ltr'><strong>ὣς</strong></span> <span class='ocrx_word' id='word_1_52' title='bbox 141 382 218 405; x_wconf 70' lang='grc' dir='ltr'>φασι,</span> <span class='ocrx_word' id='word_1_53' title='bbox 234 373 391 408; x_wconf 71' lang='grc' dir='ltr'>βούλονταιν</span> <span class='ocrx_word' id='word_1_54' title='bbox 406 375 508 411; x_wconf 83' lang='grc' dir='ltr'><strong>χρυσοῦ</strong></span> <span class='ocrx_word' id='word_1_55' title='bbox 520 375 575 411; x_wconf 83' lang='grc' dir='ltr'><strong>γὰρ</strong></span> <span class='ocrx_word' id='word_1_56' title='bbox 588 376 708 410; x_wconf 80' lang='grc' dir='ltr'>φύλακες</span> <span class='ocrx_word' id='word_1_57' title='bbox 721 377 749 403; x_wconf 82' lang='grc' dir='ltr'>ἐν</span> <span class='ocrx_word' id='word_1_58' title='bbox 765 376 884 412; x_wconf 69' lang='grc' dir='ltr'>ἑκατέρᾳ</span> 
     </span>
    </p>
   </div>
   <div class='ocr_carea' id='block_1_10' title="bbox 87 417 845 457">
    <p class='ocr_par' dir='ltr' id='par_1_10' title="bbox 87 417 845 457">
     <span class='ocr_line' id='line_1_10' title="bbox 87 417 845 457; baseline 0.008 -14"><span class='ocrx_word' id='word_1_59' title='bbox 87 417 210 453; x_wconf 77' lang='grc' dir='ltr'>ᾅδονται,</span> <span class='ocrx_word' id='word_1_60' title='bbox 230 419 261 446; x_wconf 86' lang='grc' dir='ltr'><strong>τὺ</strong></span> <span class='ocrx_word' id='word_1_61' title='bbox 274 422 430 456; x_wconf 84' lang='grc' dir='ltr'>χρυσόγεων</span> <span class='ocrx_word' id='word_1_62' title='bbox 445 421 500 448; x_wconf 83' lang='grc' dir='ltr'><strong>τῶν</strong></span> <span class='ocrx_word' id='word_1_63' title='bbox 510 422 634 457; x_wconf 80' lang='grc' dir='ltr'>ἠπείρων</span> <span class='ocrx_word' id='word_1_64' title='bbox 647 421 845 457; x_wconf 81' lang='grc' dir='ltr'>ἀσπαζόμενοι.</span> 
     </span>
    </p>
   </div>
   <div class='ocr_carea' id='block_1_11' title="bbox 126 504 884 545">
    <p class='ocr_par' dir='ltr' id='par_1_11' title="bbox 126 504 884 545">
     <span class='ocr_line' id='line_1_11' title="bbox 126 504 884 545; baseline 0.008 -15"><span class='ocrx_word' id='word_1_65' title='bbox 126 504 266 532; x_wconf 77' lang='grc' dir='ltr'><strong>Αἰθιόπων</strong></span> <span class='ocrx_word' id='word_1_66' title='bbox 279 506 302 522; x_wconf 68' lang='grc'>⁸⁷</span> <span class='ocrx_word' id='word_1_67' title='bbox 315 506 344 533; x_wconf 79' lang='grc' dir='ltr'>δὲ</span> <span class='ocrx_word' id='word_1_68' title='bbox 364 507 412 534; x_wconf 79' lang='grc' dir='ltr'><strong>καὶ</strong></span> <span class='ocrx_word' id='word_1_69' title='bbox 435 507 592 542; x_wconf 72' lang='grc' dir='ltr'><strong>Αἰγυπτίων</strong></span> <span class='ocrx_word' id='word_1_70' title='bbox 615 509 677 543; x_wconf 85' lang='grc' dir='ltr'>ὅρια</span> <span class='ocrx_word' id='word_1_71' title='bbox 699 509 730 535; x_wconf 80' lang='grc' dir='ltr'>τὸ</span> <span class='ocrx_word' id='word_1_72' title='bbox 746 508 884 545; x_wconf 82' lang='grc' dir='ltr'>καλούμε-</span> 
     </span>
    </p>
   </div>
   <div class='ocr_carea' id='block_1_12' title="bbox 88 549 885 588">
    <p class='ocr_par' dir='ltr' id='par_1_12' title="bbox 88 549 885 588">
     <span class='ocr_line' id='line_1_12' title="bbox 88 549 885 588; baseline 0.009 -12"><span class='ocrx_word' id='word_1_73' title='bbox 88 558 136 577; x_wconf 81' lang='grc' dir='ltr'><strong>νον</strong></span> <span class='ocrx_word' id='word_1_74' title='bbox 156 550 327 586; x_wconf 75' lang='grc' dir='ltr'>Συκάμινονο</span> <span class='ocrx_word' id='word_1_75' title='bbox 349 549 380 579; x_wconf 79' lang='grc' dir='ltr'>οὖ</span> <span class='ocrx_word' id='word_1_76' title='bbox 398 553 609 588; x_wconf 82' lang='grc' dir='ltr'>παραγεγονότα</span> <span class='ocrx_word' id='word_1_77' title='bbox 635 554 681 581; x_wconf 82' lang='grc' dir='ltr'>τὸν</span> <span class='ocrx_word' id='word_1_78' title='bbox 704 555 885 583; x_wconf 79' lang='grc' dir='ltr'>Ἀπολλώνιον</span> 
     </span>
    </p>
   </div>
   <div class='ocr_carea' id='block_1_13' title="bbox 91 595 883 637">
    <p class='ocr_par' dir='ltr' id='par_1_13' title="bbox 91 595 883 637">
     <span class='ocr_line' id='line_1_13' title="bbox 91 595 883 637; baseline 0.008 -15"><span class='ocrx_word' id='word_1_79' title='bbox 91 595 157 631; x_wconf 78' lang='grc'><strong>[558</strong></span> <span class='ocrx_word' id='word_1_80' title='bbox 172 595 217 632; x_wconf 80' lang='grc' dir='ltr'><strong>Η.]</strong></span> <span class='ocrx_word' id='word_1_81' title='bbox 230 597 322 633; x_wconf 83' lang='grc' dir='ltr'>χρυσῷ</span> <span class='ocrx_word' id='word_1_82' title='bbox 337 606 366 624; x_wconf 87' lang='grc' dir='ltr'><strong>τε</strong></span> <span class='ocrx_word' id='word_1_83' title='bbox 377 599 477 634; x_wconf 82' lang='grc' dir='ltr'><strong>ἀσήμῳ</strong></span> <span class='ocrx_word' id='word_1_84' title='bbox 488 600 571 634; x_wconf 81' lang='grc' dir='ltr'>φησὶν</span> <span class='ocrx_word' id='word_1_85' title='bbox 584 600 706 635; x_wconf 76' lang='grc' dir='ltr'><strong>ἐντυχεῖν</strong></span> <span class='ocrx_word' id='word_1_86' title='bbox 722 601 769 628; x_wconf 77' lang='grc' dir='ltr'><strong>καὶ</strong></span> <span class='ocrx_word' id='word_1_87' title='bbox 784 601 850 637; x_wconf 88' lang='grc' dir='ltr'>λίνῳ</span> <span class='ocrx_word' id='word_1_88' title='bbox 861 601 883 619; x_wconf 76' lang='grc'><strong>⁸⁸</strong></span> 
     </span>
    </p>
   </div>
   <div class='ocr_carea' id='block_1_14' title="bbox 89 642 883 681">
    <p class='ocr_par' dir='ltr' id='par_1_14' title="bbox 89 642 883 681">
     <span class='ocr_line' id='line_1_14' title="bbox 89 642 883 681; baseline 0.009 -15"><span class='ocrx_word' id='word_1_89' title='bbox 89 642 139 667; x_wconf 72' lang='grc' dir='ltr'><strong>καὶ</strong></span> <span class='ocrx_word' id='word_1_90' title='bbox 171 642 300 676; x_wconf 77' lang='grc' dir='ltr'>ἐλέφαντι</span> <span class='ocrx_word' id='word_1_91' title='bbox 319 643 367 670; x_wconf 71' lang='grc' dir='ltr'><strong>καὶ</strong></span> <span class='ocrx_word' id='word_1_92' title='bbox 389 643 481 678; x_wconf 83' lang='grc' dir='ltr'><strong>ῥίζαις</strong></span> <span class='ocrx_word' id='word_1_93' title='bbox 502 645 549 671; x_wconf 78' lang='grc' dir='ltr'><strong>καὶ</strong></span> <span class='ocrx_word' id='word_1_94' title='bbox 575 644 654 680; x_wconf 83' lang='grc' dir='ltr'><strong>μύρῳ</strong></span> <span class='ocrx_word' id='word_1_95' title='bbox 669 645 716 672; x_wconf 79' lang='grc' dir='ltr'><strong>καὶ</strong></span> <span class='ocrx_word' id='word_1_96' title='bbox 742 645 883 681; x_wconf 83' lang='grc' dir='ltr'>ἀρώμασι,</span> 
     </span>
    </p>
   </div>
   <div class='ocr_carea' id='block_1_15' title="bbox 90 687 885 729">
    <p class='ocr_par' dir='ltr' id='par_1_15' title="bbox 90 687 885 729">
     <span class='ocr_line' id='line_1_15' title="bbox 90 687 885 729; baseline 0.01 -17"><span class='ocrx_word' id='word_1_97' title='bbox 90 687 201 714; x_wconf 81' lang='grc' dir='ltr'>κεῖσθαι</span> <span class='ocrx_word' id='word_1_98' title='bbox 228 688 256 714; x_wconf 86' lang='grc' dir='ltr'>δὲ</span> <span class='ocrx_word' id='word_1_99' title='bbox 273 689 363 719; x_wconf 81' lang='grc' dir='ltr'>πάντα</span> <span class='ocrx_word' id='word_1_100' title='bbox 387 690 531 724; x_wconf 78' lang='grc' dir='ltr'><strong>ἀφύλακτα</strong></span> <span class='ocrx_word' id='word_1_101' title='bbox 556 691 584 718; x_wconf 66' lang='grc' dir='ltr'>ἐν</span> <span class='ocrx_word' id='word_1_102' title='bbox 608 691 661 727; x_wconf 83' lang='grc' dir='ltr'><strong>ὀδῷ</strong></span> <span class='ocrx_word' id='word_1_103' title='bbox 675 694 781 729; x_wconf 82' lang='grc' dir='ltr'>σχιστῇ.</span> <span class='ocrx_word' id='word_1_104' title='bbox 800 693 834 720; x_wconf 86' lang='grc' dir='ltr'><strong><em>Ἦ</em></strong></span> <span class='ocrx_word' id='word_1_105' title='bbox 855 693 885 720; x_wconf 78' lang='grc' dir='ltr'>δὲ</span> 
     </span>
    </p>
   </div>
   <div class='ocr_carea' id='block_1_16' title="bbox 90 734 885 772">
    <p class='ocr_par' dir='ltr' id='par_1_16' title="bbox 90 734 885 772">
     <span class='ocr_line' id='line_1_16' title="bbox 90 734 885 772; baseline 0.008 -12"><span class='ocrx_word' id='word_1_106' title='bbox 90 734 168 760; x_wconf 83' lang='grc' dir='ltr'>αἰτία</span> <span class='ocrx_word' id='word_1_107' title='bbox 181 734 251 769; x_wconf 81' lang='grc' dir='ltr'>αὕτη</span> <span class='ocrx_word' id='word_1_108' title='bbox 265 742 272 750; x_wconf 91' lang='grc'>·</span> <span class='ocrx_word' id='word_1_109' title='bbox 290 735 393 770; x_wconf 82' lang='grc' dir='ltr'>ἀγορὰν</span> <span class='ocrx_word' id='word_1_110' title='bbox 402 736 531 768; x_wconf 78' lang='grc' dir='ltr'>Δίϐίοπες</span> <span class='ocrx_word' id='word_1_111' title='bbox 545 737 698 772; x_wconf 82' lang='grc' dir='ltr'><strong>ἀπάγουσιν</strong></span> <span class='ocrx_word' id='word_1_112' title='bbox 708 735 745 765; x_wconf 81' lang='grc' dir='ltr'>ὧν</span> <span class='ocrx_word' id='word_1_113' title='bbox 756 738 885 766; x_wconf 72' lang='grc' dir='ltr'><strong>Αἰθιοπία</strong></span> 
     </span>
    </p>
   </div>
   <div class='ocr_carea' id='block_1_17' title="bbox 88 778 884 818">
    <p class='ocr_par' dir='ltr' id='par_1_17' title="bbox 88 778 884 818">
     <span class='ocr_line' id='line_1_17' title="bbox 88 778 884 818; baseline 0.01 -15"><span class='ocrx_word' id='word_1_114' title='bbox 88 778 216 804; x_wconf 77' lang='grc' dir='ltr'>δίδωσιν·</span> <span class='ocrx_word' id='word_1_115' title='bbox 238 780 262 805; x_wconf 89' lang='grc' dir='ltr'><strong>οἰ</strong></span> <span class='ocrx_word' id='word_1_116' title='bbox 284 779 313 805; x_wconf 84' lang='grc' dir='ltr'>δὲ</span> <span class='ocrx_word' id='word_1_117' title='bbox 342 779 502 816; x_wconf 77' lang='grc' dir='ltr'><strong>ἀνελόμενοι</strong></span> <span class='ocrx_word' id='word_1_118' title='bbox 528 782 619 809; x_wconf 76' lang='grc' dir='ltr'>πᾶσαν</span> <span class='ocrx_word' id='word_1_119' title='bbox 638 782 823 818; x_wconf 83' lang='grc' dir='ltr'>ξυμφέρουσιν</span> <span class='ocrx_word' id='word_1_120' title='bbox 844 784 884 816; x_wconf 88' lang='grc' dir='ltr'><strong>εἰς</strong></span> 
     </span>
    </p>
   </div>
   <div class='ocr_carea' id='block_1_18' title="bbox 87 822 883 863">
    <p class='ocr_par' dir='ltr' id='par_1_18' title="bbox 87 822 883 863">
     <span class='ocr_line' id='line_1_18' title="bbox 87 822 883 863; baseline 0.011 -15"><span class='ocrx_word' id='word_1_121' title='bbox 87 822 135 849; x_wconf 78' lang='grc' dir='ltr'>τὸν</span> <span class='ocrx_word' id='word_1_122' title='bbox 155 824 239 850; x_wconf 75' lang='grc' dir='ltr'>αὐτὸν</span> <span class='ocrx_word' id='word_1_123' title='bbox 274 825 361 860; x_wconf 82' lang='grc' dir='ltr'>χῶρον</span> <span class='ocrx_word' id='word_1_124' title='bbox 395 826 499 862; x_wconf 77' lang='grc' dir='ltr'>ἀγορὰν</span> <span class='ocrx_word' id='word_1_125' title='bbox 525 828 677 862; x_wconf 78' lang='grc' dir='ltr'><strong>Αἰγυπτίαν</strong></span> <span class='ocrx_word' id='word_1_126' title='bbox 710 828 767 856; x_wconf 74' lang='grc' dir='ltr'>[σου</span> <span class='ocrx_word' id='word_1_127' title='bbox 795 829 883 863; x_wconf 81' lang='grc' dir='ltr'>ἀξίαν,</span> 
     </span>
    </p>
   </div>
   <div class='ocr_carea' id='block_1_19' title="bbox 88 867 920 903">
    <p class='ocr_par' dir='ltr' id='par_1_19' title="bbox 88 867 920 903">
     <span class='ocr_line' id='line_1_19' title="bbox 88 867 920 903; baseline 0.011 -9"><span class='ocrx_word' id='word_1_128' title='bbox 88 867 241 902; x_wconf 78' lang='grc' dir='ltr'><strong>ὠνούμενοι</strong></span> <span class='ocrx_word' id='word_1_129' title='bbox 263 870 317 897; x_wconf 85' lang='grc' dir='ltr'><strong>τῶν</strong></span> <span class='ocrx_word' id='word_1_130' title='bbox 337 871 429 903; x_wconf 87' lang='grc' dir='ltr'>αὐτοῖς</span> <span class='ocrx_word' id='word_1_131' title='bbox 444 871 529 899; x_wconf 83' lang='grc' dir='ltr'>όντων</span> <span class='ocrx_word' id='word_1_132' title='bbox 544 873 578 900; x_wconf 83' lang='grc' dir='ltr'><strong>τὰ</strong></span> <span class='ocrx_word' id='word_1_133' title='bbox 599 873 650 900; x_wconf 82' lang='grc' dir='ltr'><strong>οὐκ</strong></span> <span class='ocrx_word' id='word_1_134' title='bbox 665 874 740 901; x_wconf 76' lang='grc' dir='ltr'>ὄντα.</span> <span class='ocrx_word' id='word_1_135' title='bbox 753 874 784 901; x_wconf 91' lang='grc' dir='ltr'><strong>Οἰ</strong></span> <span class='ocrx_word' id='word_1_136' title='bbox 802 874 831 902; x_wconf 80' lang='grc' dir='ltr'>δὲ</span> <span class='ocrx_word' id='word_1_137' title='bbox 846 875 881 903; x_wconf 82' lang='grc' dir='ltr'><strong>τὰ</strong></span> <span class='ocrx_word' id='word_1_138' title='bbox 897 868 920 899; x_wconf 79' lang='grc' dir='ltr'><strong>Β</strong></span> 
     </span>
    </p>
   </div>
   <div class='ocr_carea' id='block_1_20' title="bbox 88 914 884 957">
    <p class='ocr_par' dir='ltr' id='par_1_20' title="bbox 88 914 884 957">
     <span class='ocr_line' id='line_1_20' title="bbox 88 914 884 957; baseline 0.01 -17"><span class='ocrx_word' id='word_1_139' title='bbox 88 914 153 949; x_wconf 74' lang='grc' dir='ltr'>ὅρια</span> <span class='ocrx_word' id='word_1_140' title='bbox 167 914 223 942; x_wconf 86' lang='grc' dir='ltr'>τῶν</span> <span class='ocrx_word' id='word_1_141' title='bbox 233 916 355 952; x_wconf 55' lang='grc' dir='ltr'><strong>⁴ἰῃπείρων</strong></span> <span class='ocrx_word' id='word_1_142' title='bbox 369 917 509 950; x_wconf 81' lang='grc' dir='ltr'>οἰκοῦντες</span> <span class='ocrx_word' id='word_1_143' title='bbox 520 918 597 946; x_wconf 77' lang='grc' dir='ltr'>οὔπω</span> <span class='ocrx_word' id='word_1_144' title='bbox 609 919 734 955; x_wconf 84' lang='grc' dir='ltr'>μέλανες,</span> <span class='ocrx_word' id='word_1_145' title='bbox 749 920 807 947; x_wconf 82' lang='grc' dir='ltr'>ἀλλ’</span> <span class='ocrx_word' id='word_1_146' title='bbox 819 921 884 957; x_wconf 84' lang='grc' dir='ltr'>ὀμό-</span> 
     </span>
    </p>
   </div>
   <div class='ocr_carea' id='block_1_21' title="bbox 89 960 883 1003">
    <p class='ocr_par' dir='ltr' id='par_1_21' title="bbox 89 960 883 1003">
     <span class='ocr_line' id='line_1_21' title="bbox 89 960 883 1003; baseline 0.011 -17"><span class='ocrx_word' id='word_1_147' title='bbox 89 960 170 994; x_wconf 77' lang='grc' dir='ltr'>φυλοι</span> <span class='ocrx_word' id='word_1_148' title='bbox 184 962 214 988; x_wconf 83' lang='grc' dir='ltr'><strong>τὸ</strong></span> <span class='ocrx_word' id='word_1_149' title='bbox 228 963 344 998; x_wconf 72' lang='grc' dir='ltr'>χρῶμα·</span> <span class='ocrx_word' id='word_1_150' title='bbox 365 964 539 999; x_wconf 80' lang='grc' dir='ltr'>μελαίνονται</span> <span class='ocrx_word' id='word_1_151' title='bbox 550 966 604 1002; x_wconf 82' lang='grc' dir='ltr'><strong>γὰρ</strong></span> <span class='ocrx_word' id='word_1_152' title='bbox 619 966 645 993; x_wconf 89' lang='grc' dir='ltr'><strong>οἰ</strong></span> <span class='ocrx_word' id='word_1_153' title='bbox 661 966 711 1002; x_wconf 87' lang='grc' dir='ltr'>μὲν</span> <span class='ocrx_word' id='word_1_154' title='bbox 729 963 811 1003; x_wconf 81' lang='grc' dir='ltr'>ἧττον</span> <span class='ocrx_word' id='word_1_155' title='bbox 833 967 883 999; x_wconf 72' lang='grc' dir='ltr'><strong>Αι-</strong></span> 
     </span>
    </p>
   </div>
   <div class='ocr_carea' id='block_1_22' title="bbox 88 1006 622 1048">
    <p class='ocr_par' dir='ltr' id='par_1_22' title="bbox 88 1006 622 1048">
     <span class='ocr_line' id='line_1_22' title="bbox 88 1006 622 1048; baseline 0.013 -16"><span class='ocrx_word' id='word_1_156' title='bbox 88 1006 206 1040; x_wconf 79' lang='grc' dir='ltr'>Θιόπων,</span> <span class='ocrx_word' id='word_1_157' title='bbox 223 1009 249 1035; x_wconf 87' lang='grc' dir='ltr'><strong>οἰ</strong></span> <span class='ocrx_word' id='word_1_158' title='bbox 264 1008 292 1035; x_wconf 79' lang='grc' dir='ltr'>δὲ</span> <span class='ocrx_word' id='word_1_159' title='bbox 306 1009 407 1045; x_wconf 82' lang='grc' dir='ltr'>μᾶλλον</span> <span class='ocrx_word' id='word_1_160' title='bbox 417 1010 587 1046; x_wconf 76' lang='grc' dir='ltr'>Αἰγυπτίων.</span> <span class='ocrx_word' id='word_1_161' title='bbox 616 1046 622 1048; x_wconf 92' lang='lat'>_</span> 
     </span>
    </p>
   </div>
   <div class='ocr_carea' id='block_1_23' title="bbox 131 1154 884 1198">
    <p class='ocr_par' dir='ltr' id='par_1_23' title="bbox 131 1154 884 1198">
     <span class='ocr_line' id='line_1_23' title="bbox 131 1154 884 1198; baseline 0.013 -17"><span class='ocrx_word' id='word_1_162' title='bbox 131 1154 277 1183; x_wconf 71' lang='grc' dir='ltr'>Ἐντεῦθεν</span> <span class='ocrx_word' id='word_1_163' title='bbox 290 1156 313 1173; x_wconf 76' lang='grc'><strong>⁸⁸</strong></span> <span class='ocrx_word' id='word_1_164' title='bbox 335 1166 402 1192; x_wconf 84' lang='grc' dir='ltr'>φησι</span> <span class='ocrx_word' id='word_1_165' title='bbox 429 1158 475 1185; x_wconf 81' lang='grc' dir='ltr'>τὸν</span> <span class='ocrx_word' id='word_1_166' title='bbox 508 1159 687 1188; x_wconf 72' lang='grc' dir='ltr'>Ἀπολλώνιον</span> <span class='ocrx_word' id='word_1_167' title='bbox 711 1164 811 1198; x_wconf 86' lang='grc' dir='ltr'>χωρεῖν</span> <span class='ocrx_word' id='word_1_168' title='bbox 836 1163 884 1191; x_wconf 69' lang='grc' dir='ltr'><strong>ἐπὶ</strong></span> 
     </span>
    </p>
   </div>
   <div class='ocr_carea' id='block_1_24' title="bbox 87 1199 881 1242">
    <p class='ocr_par' dir='ltr' id='par_1_24' title="bbox 87 1199 881 1242">
     <span class='ocr_line' id='line_1_24' title="bbox 87 1199 881 1242; baseline 0.014 -17"><span class='ocrx_word' id='word_1_169' title='bbox 87 1199 230 1233; x_wconf 78' lang='grc' dir='ltr'>Μένωνος,</span> <span class='ocrx_word' id='word_1_170' title='bbox 249 1202 374 1236; x_wconf 83' lang='grc' dir='ltr'>ἡγεῖσθαι</span> <span class='ocrx_word' id='word_1_171' title='bbox 391 1202 419 1230; x_wconf 80' lang='grc' dir='ltr'>δὲ</span> <span class='ocrx_word' id='word_1_172' title='bbox 444 1204 537 1236; x_wconf 79' lang='grc' dir='ltr'>αὐτοῖς</span> <span class='ocrx_word' id='word_1_173' title='bbox 563 1206 706 1240; x_wconf 83' lang='grc' dir='ltr'>μειράκιον</span> <span class='ocrx_word' id='word_1_174' title='bbox 722 1208 881 1242; x_wconf 81' lang='grc' dir='ltr'>Αίγύπτιον,</span> 
     </span>
    </p>
   </div>
   <div class='ocr_carea' id='block_1_25' title="bbox 87 1245 883 1289">
    <p class='ocr_par' dir='ltr' id='par_1_25' title="bbox 87 1245 883 1289">
     <span class='ocr_line' id='line_1_25' title="bbox 87 1245 883 1289; baseline 0.014 -18"><span class='ocrx_word' id='word_1_175' title='bbox 87 1245 233 1280; x_wconf 79' lang='grc' dir='ltr'>Τιμασίων</span> <span class='ocrx_word' id='word_1_176' title='bbox 256 1247 278 1263; x_wconf 84' lang='grc'><strong>¹⁰</strong></span> <span class='ocrx_word' id='word_1_177' title='bbox 308 1247 403 1282; x_wconf 79' lang='grc' dir='ltr'>δνομα.</span> <span class='ocrx_word' id='word_1_178' title='bbox 432 1250 533 1282; x_wconf 83' lang='grc' dir='ltr'>Κακῶς</span> <span class='ocrx_word' id='word_1_179' title='bbox 564 1251 593 1278; x_wconf 82' lang='grc' dir='ltr'>δέ</span> <span class='ocrx_word' id='word_1_180' title='bbox 618 1260 685 1287; x_wconf 83' lang='grc' dir='ltr'>φησι</span> <span class='ocrx_word' id='word_1_181' title='bbox 710 1254 883 1289; x_wconf 80' lang='grc' dir='ltr'>πεπραχέναι</span> 
     </span>
    </p>
   </div>
   <div class='ocr_carea' id='block_1_26' title="bbox 94 1291 883 1330">
    <p class='ocr_par' dir='ltr' id='par_1_26' title="bbox 94 1291 883 1330">
     <span class='ocr_line' id='line_1_26' title="bbox 94 1291 883 1330; baseline 0.014 -13"><span class='ocrx_word' id='word_1_182' title='bbox 94 1291 277 1320; x_wconf 72' lang='grc' dir='ltr'>Ἀπολλώνιον</span> <span class='ocrx_word' id='word_1_183' title='bbox 302 1295 468 1328; x_wconf 81' lang='grc' dir='ltr'>ἀφικόμενον</span> <span class='ocrx_word' id='word_1_184' title='bbox 490 1296 511 1312; x_wconf 88' lang='grc'><strong>⁸¹</strong></span> <span class='ocrx_word' id='word_1_185' title='bbox 539 1298 569 1329; x_wconf 84' lang='grc' dir='ltr'>ὲς</span> <span class='ocrx_word' id='word_1_186' title='bbox 587 1299 649 1330; x_wconf 84' lang='grc' dir='ltr'>τοὺς</span> <span class='ocrx_word' id='word_1_187' title='bbox 671 1299 725 1326; x_wconf 85' lang='grc' dir='ltr'>τῶν</span> <span class='ocrx_word' id='word_1_188' title='bbox 745 1299 883 1328; x_wconf 78' lang='grc' dir='ltr'>Αἰθιόπων</span> 
     </span>
    </p>
   </div>
   <div class='ocr_carea' id='block_1_27' title="bbox 88 1338 883 1380">
    <p class='ocr_par' dir='ltr' id='par_1_27' title="bbox 88 1338 883 1380">
     <span class='ocr_line' id='line_1_27' title="bbox 88 1338 883 1380; baseline 0.013 -17"><span class='ocrx_word' id='word_1_189' title='bbox 88 1338 222 1375; x_wconf 80' lang='grc' dir='ltr'>γυμνοὺς,</span> <span class='ocrx_word' id='word_1_190' title='bbox 244 1340 291 1366; x_wconf 80' lang='grc' dir='ltr'><strong>καὶ</strong></span> <span class='ocrx_word' id='word_1_191' title='bbox 307 1340 356 1376; x_wconf 85' lang='grc' dir='ltr'><strong>οὐχ</strong></span> <span class='ocrx_word' id='word_1_192' title='bbox 373 1342 453 1376; x_wconf 81' lang='grc' dir='ltr'>ὃμοια</span> <span class='ocrx_word' id='word_1_193' title='bbox 470 1339 508 1369; x_wconf 88' lang='grc' dir='ltr'>ὧν</span> <span class='ocrx_word' id='word_1_194' title='bbox 526 1343 650 1378; x_wconf 78' lang='grc' dir='ltr'>ἐξενίσθη</span> <span class='ocrx_word' id='word_1_195' title='bbox 667 1344 743 1380; x_wconf 73' lang='grc' dir='ltr'>παρὰ</span> <span class='ocrx_word' id='word_1_196' title='bbox 759 1346 815 1377; x_wconf 85' lang='grc' dir='ltr'>τοῖς</span> <span class='ocrx_word' id='word_1_197' title='bbox 828 1345 883 1373; x_wconf 84' lang='grc' dir='ltr'>τῶν</span> 
     </span>
    </p>
   </div>
   <div class='ocr_carea' id='block_1_28' title="bbox 94 1383 882 1427">
    <p class='ocr_par' dir='ltr' id='par_1_28' title="bbox 94 1383 882 1427">
     <span class='ocr_line' id='line_1_28' title="bbox 94 1383 882 1427; baseline 0.011 -18"><span class='ocrx_word' id='word_1_198' title='bbox 94 1383 185 1410; x_wconf 82' lang='grc' dir='ltr'>Ἰνδῶν</span> <span class='ocrx_word' id='word_1_199' title='bbox 198 1384 354 1420; x_wconf 80' lang='grc' dir='ltr'>Βραχμᾶσι.</span> <span class='ocrx_word' id='word_1_200' title='bbox 369 1387 405 1414; x_wconf 84' lang='grc' dir='ltr'><strong>Τὸ</strong></span> <span class='ocrx_word' id='word_1_201' title='bbox 415 1388 443 1414; x_wconf 81' lang='grc' dir='ltr'>δὲ</span> <span class='ocrx_word' id='word_1_202' title='bbox 457 1388 555 1421; x_wconf 81' lang='grc' dir='ltr'>αίτιον,</span> <span class='ocrx_word' id='word_1_203' title='bbox 569 1391 662 1424; x_wconf 67' lang='grc' dir='ltr'>φησὶν,</span> <span class='ocrx_word' id='word_1_204' title='bbox 679 1390 720 1417; x_wconf 79' lang='grc' dir='ltr'>ὅτι</span> <span class='ocrx_word' id='word_1_205' title='bbox 733 1391 882 1427; x_wconf 84' lang='grc' dir='ltr'><strong>Εὐφράτης</strong></span> 
     </span>
    </p>
   </div>
   <div class='ocr_carea' id='block_1_29' title="bbox 88 1430 882 1472">
    <p class='ocr_par' dir='ltr' id='par_1_29' title="bbox 88 1430 882 1472">
     <span class='ocr_line' id='line_1_29' title="bbox 88 1430 882 1472; baseline 0.01 -16"><span class='ocrx_word' id='word_1_206' title='bbox 88 1438 131 1462; x_wconf 82' lang='grc' dir='ltr'><strong>τις</strong></span> <span class='ocrx_word' id='word_1_207' title='bbox 149 1430 307 1466; x_wconf 81' lang='grc' dir='ltr'>φιλοσοφεῖν</span> <span class='ocrx_word' id='word_1_208' title='bbox 333 1434 502 1469; x_wconf 73' lang='grc' dir='ltr'>ἐπιτηδεύων</span> <span class='ocrx_word' id='word_1_209' title='bbox 528 1435 576 1462; x_wconf 76' lang='grc' dir='ltr'><strong>καὶ</strong></span> <span class='ocrx_word' id='word_1_210' title='bbox 592 1437 631 1467; x_wconf 91' lang='grc' dir='ltr'><strong>εἰς</strong></span> <span class='ocrx_word' id='word_1_211' title='bbox 647 1435 779 1472; x_wconf 79' lang='grc' dir='ltr'>διαφορὰν</span> <span class='ocrx_word' id='word_1_212' title='bbox 797 1437 882 1464; x_wconf 77' lang='grc' dir='ltr'>ἐλθὼν</span> 
     </span>
    </p>
   </div>
   <div class='ocr_carea' id='block_1_30' title="bbox 95 1477 883 1518">
    <p class='ocr_par' dir='ltr' id='par_1_30' title="bbox 95 1477 883 1518">
     <span class='ocr_line' id='line_1_30' title="bbox 95 1477 883 1518; baseline 0.01 -15"><span class='ocrx_word' id='word_1_213' title='bbox 95 1477 287 1514; x_wconf 80' lang='grc' dir='ltr'>Ἀπολλωνίῳ,</span> <span class='ocrx_word' id='word_1_214' title='bbox 315 1478 366 1511; x_wconf 80' lang='grc' dir='ltr'><strong>τὰς</strong></span> <span class='ocrx_word' id='word_1_215' title='bbox 395 1481 480 1513; x_wconf 75' lang='grc' dir='ltr'>ἀκοὰς</span> <span class='ocrx_word' id='word_1_216' title='bbox 504 1481 560 1508; x_wconf 81' lang='grc' dir='ltr'><strong>τῶν</strong></span> <span class='ocrx_word' id='word_1_217' title='bbox 586 1482 699 1518; x_wconf 86' lang='grc' dir='ltr'>γυμνῶν</span> <span class='ocrx_word' id='word_1_218' title='bbox 731 1484 792 1515; x_wconf 84' lang='grc' dir='ltr'>ταῖς</span> <span class='ocrx_word' id='word_1_219' title='bbox 811 1483 883 1510; x_wconf 83' lang='grc' dir='ltr'>κατὰ</span> 
     </span>
    </p>
   </div>
   <div class='ocr_carea' id='block_1_31' title="bbox 934 238 1719 276">
    <p class='ocr_par' dir='ltr' id='par_1_31' title="bbox 934 238 1719 276">
     <span class='ocr_line' id='line_1_31' title="bbox 934 238 1719 276; baseline -0.001 -8"><span class='ocrx_word' id='word_1_220' title='bbox 934 241 1026 276; x_wconf 88' lang='lat' dir='ltr'><strong>nigros</strong></span> <span class='ocrx_word' id='word_1_221' title='bbox 1048 241 1106 268; x_wconf 68' lang='lat' dir='ltr'><strong>aliae</strong></span> <span class='ocrx_word' id='word_1_222' title='bbox 1127 240 1206 268; x_wconf 80' lang='lat' dir='ltr'><strong>nullae</strong></span> <span class='ocrx_word' id='word_1_223' title='bbox 1225 239 1388 268; x_wconf 85' lang='lat' dir='ltr'><strong>continentis</strong></span> <span class='ocrx_word' id='word_1_224' title='bbox 1406 243 1501 274; x_wconf 80' lang='lat' dir='ltr'><strong>partes</strong></span> <span class='ocrx_word' id='word_1_225' title='bbox 1519 238 1626 271; x_wconf 81' lang='lat' dir='ltr'><strong>ferunt.</strong></span> <span class='ocrx_word' id='word_1_226' title='bbox 1649 244 1677 267; x_wconf 87' lang='lat' dir='ltr'><strong>et</strong></span> <span class='ocrx_word' id='word_1_227' title='bbox 1693 242 1719 267; x_wconf 92' lang='lat' dir='ltr'><strong>in</strong></span> 
     </span>
    </p>
   </div>
   <div class='ocr_carea' id='block_1_32' title="bbox 934 285 1722 322">
    <p class='ocr_par' dir='ltr' id='par_1_32' title="bbox 934 285 1722 322">
     <span class='ocr_line' id='line_1_32' title="bbox 934 285 1722 322; baseline -0.003 -8"><span class='ocrx_word' id='word_1_228' title='bbox 934 286 968 314; x_wconf 89' lang='lat' dir='ltr'><strong>iis</strong></span> <span class='ocrx_word' id='word_1_229' title='bbox 992 286 1175 322; x_wconf 75' lang='lat' dir='ltr'><strong>Pygmzeorum</strong></span> <span class='ocrx_word' id='word_1_230' title='bbox 1201 286 1286 314; x_wconf 82' lang='lat' dir='ltr'><strong>natio.</strong></span> <span class='ocrx_word' id='word_1_231' title='bbox 1314 285 1439 312; x_wconf 88' lang='lat' dir='ltr'><strong>Indorum</strong></span> <span class='ocrx_word' id='word_1_232' title='bbox 1465 292 1530 312; x_wconf 88' lang='lat' dir='ltr'><strong>vero</strong></span> <span class='ocrx_word' id='word_1_233' title='bbox 1552 286 1669 321; x_wconf 79' lang='lat' dir='ltr'><strong>gryphes</strong></span> <span class='ocrx_word' id='word_1_234' title='bbox 1694 290 1722 312; x_wconf 86' lang='lat' dir='ltr'><strong>et.</strong></span> 
     </span>
    </p>
   </div>
   <div class='ocr_carea' id='block_1_33' title="bbox 934 331 1715 368">
    <p class='ocr_par' dir='ltr' id='par_1_33' title="bbox 934 331 1715 368">
     <span class='ocr_line' id='line_1_33' title="bbox 934 331 1715 368; baseline -0.003 -8"><span class='ocrx_word' id='word_1_235' title='bbox 934 332 1091 368; x_wconf 64' lang='lat' dir='ltr'><strong>Ethiopum</strong></span> <span class='ocrx_word' id='word_1_236' title='bbox 1107 333 1237 364; x_wconf 63' lang='lat' dir='ltr'><strong>formicae,</strong></span> <span class='ocrx_word' id='word_1_237' title='bbox 1253 339 1409 367; x_wconf 76' lang='lat' dir='ltr'><strong>quanquam</strong></span> <span class='ocrx_word' id='word_1_238' title='bbox 1424 331 1478 359; x_wconf 83' lang='lat' dir='ltr'><strong>sint</strong></span> <span class='ocrx_word' id='word_1_239' title='bbox 1493 331 1579 358; x_wconf 87' lang='lat' dir='ltr'><strong>forma</strong></span> <span class='ocrx_word' id='word_1_240' title='bbox 1593 332 1715 359; x_wconf 86' lang='lat' dir='ltr'><strong>dissimi-</strong></span> 
     </span>
    </p>
   </div>
   <div class='ocr_carea' id='block_1_34' title="bbox 934 377 1723 413">
    <p class='ocr_par' dir='ltr' id='par_1_34' title="bbox 934 377 1723 413">
     <span class='ocr_line' id='line_1_34' title="bbox 934 377 1723 413; baseline -0.003 -7"><span class='ocrx_word' id='word_1_241' title='bbox 934 379 982 412; x_wconf 88' lang='lat' dir='ltr'><strong>les,</strong></span> <span class='ocrx_word' id='word_1_242' title='bbox 1001 379 1096 406; x_wconf 89' lang='lat' dir='ltr'><strong>eadem</strong></span> <span class='ocrx_word' id='word_1_243' title='bbox 1112 383 1200 406; x_wconf 84' lang='lat' dir='ltr'><strong>tamen</strong></span> <span class='ocrx_word' id='word_1_244' title='bbox 1215 386 1295 413; x_wconf 83' lang='lat' dir='ltr'><strong>agere</strong></span> <span class='ocrx_word' id='word_1_245' title='bbox 1315 378 1435 405; x_wconf 82' lang='lat' dir='ltr'><strong>Student.</strong></span> <span class='ocrx_word' id='word_1_246' title='bbox 1457 377 1524 404; x_wconf 83' lang='lat' dir='ltr'><strong>Nam</strong></span> <span class='ocrx_word' id='word_1_247' title='bbox 1536 385 1630 404; x_wconf 86' lang='lat' dir='ltr'><strong>aurum</strong></span> <span class='ocrx_word' id='word_1_248' title='bbox 1647 382 1723 404; x_wconf 90' lang='lat' dir='ltr'><strong>utro-</strong></span> 
     </span>
    </p>
   </div>
   <div class='ocr_carea' id='block_1_35' title="bbox 934 423 1720 460">
    <p class='ocr_par' dir='ltr' id='par_1_35' title="bbox 934 423 1720 460">
     <span class='ocr_line' id='line_1_35' title="bbox 934 423 1720 460; baseline -0.003 -8"><span class='ocrx_word' id='word_1_249' title='bbox 934 424 1015 459; x_wconf 89' lang='lat' dir='ltr'><strong>bique</strong></span> <span class='ocrx_word' id='word_1_250' title='bbox 1033 424 1171 452; x_wconf 83' lang='lat' dir='ltr'><strong>custodire</strong></span> <span class='ocrx_word' id='word_1_251' title='bbox 1191 424 1380 460; x_wconf 68' lang='lat' dir='ltr'><strong>perhibentur,</strong></span> <span class='ocrx_word' id='word_1_252' title='bbox 1401 428 1428 451; x_wconf 91' lang='lat' dir='ltr'><strong>et</strong></span> <span class='ocrx_word' id='word_1_253' title='bbox 1451 427 1553 452; x_wconf 90' lang='lat' dir='ltr'><strong>terram</strong></span> <span class='ocrx_word' id='word_1_254' title='bbox 1574 423 1720 450; x_wconf 82' lang='lat' dir='ltr'><strong>auriferam</strong></span> 
     </span>
    </p>
   </div>
   <div class='ocr_carea' id='block_1_36' title="bbox 934 476 1036 496">
    <p class='ocr_par' dir='ltr' id='par_1_36' title="bbox 934 476 1036 496">
     <span class='ocr_line' id='line_1_36' title="bbox 934 476 1036 496; baseline 0 0"><span class='ocrx_word' id='word_1_255' title='bbox 934 476 1036 496; x_wconf 88' lang='lat' dir='ltr'><strong>amare.</strong></span> 
     </span>
    </p>
   </div>
   <div class='ocr_carea' id='block_1_37' title="bbox 970 513 1721 548">
    <p class='ocr_par' dir='ltr' id='par_1_37' title="bbox 970 513 1721 548">
     <span class='ocr_line' id='line_1_37' title="bbox 970 513 1721 548; baseline -0.003 -6"><span class='ocrx_word' id='word_1_256' title='bbox 970 514 1038 543; x_wconf 91' lang='lat' dir='ltr'><strong>Cum</strong></span> <span class='ocrx_word' id='word_1_257' title='bbox 1055 521 1088 542; x_wconf 93' lang='lat' dir='ltr'><strong>eo</strong></span> <span class='ocrx_word' id='word_1_258' title='bbox 1099 514 1218 542; x_wconf 80' lang='lat' dir='ltr'><strong>venisset</strong></span> <span class='ocrx_word' id='word_1_259' title='bbox 1231 513 1390 547; x_wconf 80' lang='lat' dir='ltr'><strong>Apollonius</strong></span> <span class='ocrx_word' id='word_1_260' title='bbox 1402 513 1446 541; x_wconf 90' lang='lat' dir='ltr'><strong>ubi</strong></span> <span class='ocrx_word' id='word_1_261' title='bbox 1466 513 1599 548; x_wconf 70' lang='lat' dir='ltr'><strong>Egyptus</strong></span> <span class='ocrx_word' id='word_1_262' title='bbox 1612 513 1721 541; x_wconf 65' lang='lat' dir='ltr'><strong>Ethio-</strong></span> 
     </span>
    </p>
   </div>
   <div class='ocr_carea' id='block_1_38' title="bbox 934 559 1720 595">
    <p class='ocr_par' dir='ltr' id='par_1_38' title="bbox 934 559 1720 595">
     <span class='ocr_line' id='line_1_38' title="bbox 934 559 1720 595; baseline -0.004 -7"><span class='ocrx_word' id='word_1_263' title='bbox 934 560 1033 595; x_wconf 73' lang='lat' dir='ltr'><strong>pioque</strong></span> <span class='ocrx_word' id='word_1_264' title='bbox 1049 560 1210 588; x_wconf 84' lang='lat' dir='ltr'><strong>terminatur</strong></span> <span class='ocrx_word' id='word_1_265' title='bbox 1227 559 1414 595; x_wconf 82' lang='lat' dir='ltr'><strong>(Sycaminum</strong></span> <span class='ocrx_word' id='word_1_266' title='bbox 1432 565 1522 587; x_wconf 86' lang='lat' dir='ltr'><strong>autem</strong></span> <span class='ocrx_word' id='word_1_267' title='bbox 1538 560 1582 587; x_wconf 90' lang='lat' dir='ltr'><strong>illa</strong></span> <span class='ocrx_word' id='word_1_268' title='bbox 1597 559 1720 594; x_wconf 80' lang='lat' dir='ltr'><strong>vocant),</strong></span> 
     </span>
    </p>
   </div>
   <div class='ocr_carea' id='block_1_39' title="bbox 935 605 1721 640">
    <p class='ocr_par' dir='ltr' id='par_1_39' title="bbox 935 605 1721 640">
     <span class='ocr_line' id='line_1_39' title="bbox 935 605 1721 640; baseline -0.003 -6"><span class='ocrx_word' id='word_1_269' title='bbox 935 613 1030 634; x_wconf 89' lang='lat' dir='ltr'><strong>aurum</strong></span> <span class='ocrx_word' id='word_1_270' title='bbox 1045 613 1098 633; x_wconf 90' lang='lat' dir='ltr'><strong>non</strong></span> <span class='ocrx_word' id='word_1_271' title='bbox 1113 606 1248 640; x_wconf 82' lang='lat' dir='ltr'><strong>signatum</strong></span> <span class='ocrx_word' id='word_1_272' title='bbox 1260 605 1374 633; x_wconf 87' lang='lat' dir='ltr'><strong>invenit.</strong></span> <span class='ocrx_word' id='word_1_273' title='bbox 1386 605 1483 632; x_wconf 87' lang='lat' dir='ltr'><strong>Linum</strong></span> <span class='ocrx_word' id='word_1_274' title='bbox 1499 610 1626 640; x_wconf 66' lang='lat' dir='ltr'><strong>praeterea</strong></span> <span class='ocrx_word' id='word_1_275' title='bbox 1639 611 1721 640; x_wconf 84' lang='lat' dir='ltr'><strong>alque</strong></span> 
     </span>
    </p>
   </div>
   <div class='ocr_carea' id='block_1_40' title="bbox 934 651 1722 686">
    <p class='ocr_par' dir='ltr' id='par_1_40' title="bbox 934 651 1722 686">
     <span class='ocr_line' id='line_1_40' title="bbox 934 651 1722 686; baseline 0 -7"><span class='ocrx_word' id='word_1_276' title='bbox 934 654 1011 685; x_wconf 89' lang='lat' dir='ltr'><strong>ebur,</strong></span> <span class='ocrx_word' id='word_1_277' title='bbox 1028 657 1056 679; x_wconf 89' lang='lat' dir='ltr'><strong>et</strong></span> <span class='ocrx_word' id='word_1_278' title='bbox 1070 652 1175 679; x_wconf 81' lang='lat' dir='ltr'><strong>radices</strong></span> <span class='ocrx_word' id='word_1_279' title='bbox 1189 651 1300 679; x_wconf 84' lang='lat' dir='ltr'><strong>varias:</strong></span> <span class='ocrx_word' id='word_1_280' title='bbox 1317 655 1482 686; x_wconf 73' lang='lat' dir='ltr'><strong>unguentum</strong></span> <span class='ocrx_word' id='word_1_281' title='bbox 1499 651 1620 686; x_wconf 82' lang='lat' dir='ltr'><strong>insuper,</strong></span> <span class='ocrx_word' id='word_1_282' title='bbox 1637 656 1665 679; x_wconf 91' lang='lat' dir='ltr'><strong>et</strong></span> <span class='ocrx_word' id='word_1_283' title='bbox 1680 651 1722 679; x_wconf 90' lang='lat' dir='ltr'><strong>di-</strong></span> 
     </span>
    </p>
   </div>
   <div class='ocr_carea' id='block_1_41' title="bbox 934 695 1720 732">
    <p class='ocr_par' dir='ltr' id='par_1_41' title="bbox 934 695 1720 732">
     <span class='ocr_line' id='line_1_41' title="bbox 934 695 1720 732; baseline -0.004 -6"><span class='ocrx_word' id='word_1_284' title='bbox 934 705 1075 726; x_wconf 84' lang='lat' dir='ltr'><strong>versorum</strong></span> <span class='ocrx_word' id='word_1_285' title='bbox 1099 704 1228 732; x_wconf 80' lang='lat' dir='ltr'><strong>generum</strong></span> <span class='ocrx_word' id='word_1_286' title='bbox 1250 702 1383 724; x_wconf 84' lang='lat' dir='ltr'><strong>aromata.</strong></span> <span class='ocrx_word' id='word_1_287' title='bbox 1397 695 1500 724; x_wconf 87' lang='lat' dir='ltr'><strong>.Omnia</strong></span> <span class='ocrx_word' id='word_1_288' title='bbox 1520 701 1609 723; x_wconf 90' lang='lat' dir='ltr'><strong>autem</strong></span> <span class='ocrx_word' id='word_1_289' title='bbox 1630 697 1656 724; x_wconf 91' lang='lat' dir='ltr'><strong>in</strong></span> <span class='ocrx_word' id='word_1_290' title='bbox 1677 697 1720 723; x_wconf 83' lang='lat' dir='ltr'><strong>via</strong></span> 
     </span>
    </p>
   </div>
   <div class='ocr_carea' id='block_1_42' title="bbox 935 741 1722 776">
    <p class='ocr_par' dir='ltr' id='par_1_42' title="bbox 935 741 1722 776">
     <span class='ocr_line' id='line_1_42' title="bbox 935 741 1722 776; baseline -0.003 -6"><span class='ocrx_word' id='word_1_291' title='bbox 935 748 1008 771; x_wconf 86' lang='lat' dir='ltr'><strong>secta</strong></span> <span class='ocrx_word' id='word_1_292' title='bbox 1024 742 1083 770; x_wconf 89' lang='lat' dir='ltr'><strong>sine</strong></span> <span class='ocrx_word' id='word_1_293' title='bbox 1094 742 1206 770; x_wconf 83' lang='lat' dir='ltr'><strong>custode</strong></span> <span class='ocrx_word' id='word_1_294' title='bbox 1216 742 1315 776; x_wconf 86' lang='lat' dir='ltr'><strong>passim</strong></span> <span class='ocrx_word' id='word_1_295' title='bbox 1328 741 1468 775; x_wconf 73' lang='lat' dir='ltr'><strong>iacebant.</strong></span> <span class='ocrx_word' id='word_1_296' title='bbox 1482 741 1544 768; x_wconf 79' lang='lat' dir='ltr'><strong>Haec</strong></span> <span class='ocrx_word' id='word_1_297' title='bbox 1561 747 1626 768; x_wconf 89' lang='lat' dir='ltr'><strong>vero</strong></span> <span class='ocrx_word' id='word_1_298' title='bbox 1639 748 1722 768; x_wconf 89' lang='lat' dir='ltr'><strong>causa</strong></span> 
     </span>
    </p>
   </div>
   <div class='ocr_carea' id='block_1_43' title="bbox 935 786 1721 822">
    <p class='ocr_par' dir='ltr' id='par_1_43' title="bbox 935 786 1721 822">
     <span class='ocr_line' id='line_1_43' title="bbox 935 786 1721 822; baseline -0.001 -5"><span class='ocrx_word' id='word_1_299' title='bbox 935 792 995 817; x_wconf 80' lang='lat' dir='ltr'><strong>est:</strong></span> <span class='ocrx_word' id='word_1_300' title='bbox 1011 795 1114 816; x_wconf 83' lang='lat' dir='ltr'><strong>merces</strong></span> <span class='ocrx_word' id='word_1_301' title='bbox 1131 788 1264 815; x_wconf 90' lang='lat' dir='ltr'><strong>invehunt</strong></span> <span class='ocrx_word' id='word_1_302' title='bbox 1283 787 1441 822; x_wconf 62' lang='lat' dir='ltr'><strong>Ethiopes,</strong></span> <span class='ocrx_word' id='word_1_303' title='bbox 1461 794 1521 822; x_wconf 65' lang='lat' dir='ltr'><strong>quin</strong></span> <span class='ocrx_word' id='word_1_304' title='bbox 1535 787 1562 814; x_wconf 90' lang='lat' dir='ltr'><strong>in</strong></span> <span class='ocrx_word' id='word_1_305' title='bbox 1583 786 1721 821; x_wconf 69' lang='lat' dir='ltr'><strong>Ethiopia</strong></span> 
     </span>
    </p>
   </div>
   <div class='ocr_carea' id='block_1_44' title="bbox 936 834 1721 870">
    <p class='ocr_par' dir='ltr' id='par_1_44' title="bbox 936 834 1721 870">
     <span class='ocr_line' id='line_1_44' title="bbox 936 834 1721 870; baseline -0.003 -8"><span class='ocrx_word' id='word_1_306' title='bbox 936 834 1117 870; x_wconf 87' lang='lat' dir='ltr'><strong>proveniunt;</strong></span> <span class='ocrx_word' id='word_1_307' title='bbox 1130 834 1253 870; x_wconf 67' lang='lat' dir='ltr'><strong>Egyptii</strong></span> <span class='ocrx_word' id='word_1_308' title='bbox 1269 841 1333 862; x_wconf 84' lang='lat' dir='ltr'><strong>vero</strong></span> <span class='ocrx_word' id='word_1_309' title='bbox 1350 841 1398 862; x_wconf 89' lang='lat' dir='ltr'><strong>eas</strong></span> <span class='ocrx_word' id='word_1_310' title='bbox 1414 841 1508 862; x_wconf 85' lang='lat' dir='ltr'><strong>omnes</strong></span> <span class='ocrx_word' id='word_1_311' title='bbox 1524 841 1585 860; x_wconf 89' lang='lat' dir='ltr'><strong>cum</strong></span> <span class='ocrx_word' id='word_1_312' title='bbox 1603 834 1721 862; x_wconf 82' lang='lat' dir='ltr'><strong>sustule-</strong></span> 
     </span>
    </p>
   </div>
   <div class='ocr_carea' id='block_1_45' title="bbox 934 878 1722 915">
    <p class='ocr_par' dir='ltr' id='par_1_45' title="bbox 934 878 1722 915">
     <span class='ocr_line' id='line_1_45' title="bbox 934 878 1722 915; baseline -0.005 -7"><span class='ocrx_word' id='word_1_313' title='bbox 934 881 1000 914; x_wconf 90' lang='lat' dir='ltr'><strong>rint,</strong></span> <span class='ocrx_word' id='word_1_314' title='bbox 1012 881 1107 908; x_wconf 91' lang='lat' dir='ltr'><strong>eodem</strong></span> <span class='ocrx_word' id='word_1_315' title='bbox 1120 884 1291 915; x_wconf 88' lang='lat' dir='ltr'><strong>comportant</strong></span> <span class='ocrx_word' id='word_1_316' title='bbox 1302 887 1419 908; x_wconf 88' lang='lat' dir='ltr'><strong>mercem</strong></span> <span class='ocrx_word' id='word_1_317' title='bbox 1432 879 1586 915; x_wconf 63' lang='lat' dir='ltr'><strong>Egyptiam</strong></span> <span class='ocrx_word' id='word_1_318' title='bbox 1611 878 1722 913; x_wconf 76' lang='lat' dir='ltr'><strong>aequalis</strong></span> 
     </span>
    </p>
   </div>
   <div class='ocr_carea' id='block_1_46' title="bbox 934 924 1720 963">
    <p class='ocr_par' dir='ltr' id='par_1_46' title="bbox 934 924 1720 963">
     <span class='ocr_line' id='line_1_46' title="bbox 934 924 1720 963; baseline -0.005 -8"><span class='ocrx_word' id='word_1_319' title='bbox 934 927 1015 963; x_wconf 85' lang='lat' dir='ltr'><strong>pretii</strong></span> <span class='ocrx_word' id='word_1_320' title='bbox 1028 936 1034 954; x_wconf 94' lang='lat'>:</span> <span class='ocrx_word' id='word_1_321' title='bbox 1044 927 1126 954; x_wconf 86' lang='lat' dir='ltr'><strong>rebus</strong></span> <span class='ocrx_word' id='word_1_322' title='bbox 1134 927 1190 954; x_wconf 87' lang='lat' dir='ltr'><strong>suis</strong></span> <span class='ocrx_word' id='word_1_323' title='bbox 1202 934 1233 955; x_wconf 90' lang='lat' dir='ltr'><strong>ea</strong></span> <span class='ocrx_word' id='word_1_324' title='bbox 1243 927 1418 958; x_wconf 82' lang='lat' dir='ltr'><strong>redimentes,</strong></span> <span class='ocrx_word' id='word_1_325' title='bbox 1431 926 1529 961; x_wconf 88' lang='lat' dir='ltr'><strong>quibus</strong></span> <span class='ocrx_word' id='word_1_326' title='bbox 1537 929 1658 952; x_wconf 87' lang='lat' dir='ltr'><strong>careant.</strong></span> <span class='ocrx_word' id='word_1_327' title='bbox 1669 924 1720 958; x_wconf 78' lang='lat' dir='ltr'><strong>Qui</strong></span> 
     </span>
    </p>
   </div>
   <div class='ocr_carea' id='block_1_47' title="bbox 933 971 1720 1006">
    <p class='ocr_par' dir='ltr' id='par_1_47' title="bbox 933 971 1720 1006">
     <span class='ocr_line' id='line_1_47' title="bbox 933 971 1720 1006; baseline -0.005 -4"><span class='ocrx_word' id='word_1_328' title='bbox 933 981 999 1002; x_wconf 81' lang='lat' dir='ltr'><strong>vero</strong></span> <span class='ocrx_word' id='word_1_329' title='bbox 1009 974 1158 1002; x_wconf 80' lang='lat' dir='ltr'><strong>continenti</strong></span> <span class='ocrx_word' id='word_1_330' title='bbox 1172 974 1318 1003; x_wconf 84' lang='lat' dir='ltr'><strong>viciniores</strong></span> <span class='ocrx_word' id='word_1_331' title='bbox 1334 973 1466 1006; x_wconf 86' lang='lat' dir='ltr'><strong>habitant,</strong></span> <span class='ocrx_word' id='word_1_332' title='bbox 1480 972 1597 1000; x_wconf 87' lang='lat' dir='ltr'><strong>nondum</strong></span> <span class='ocrx_word' id='word_1_333' title='bbox 1613 971 1694 1006; x_wconf 81' lang='lat'><strong>330</strong></span> <span class='ocrx_word' id='word_1_334' title='bbox 1704 979 1720 998; x_wconf 75' lang='grc' dir='ltr'><strong>α</strong></span> 
     </span>
    </p>
   </div>
   <div class='ocr_carea' id='block_1_48' title="bbox 934 1015 1720 1056">
    <p class='ocr_par' dir='ltr' id='par_1_48' title="bbox 934 1015 1720 1056">
     <span class='ocr_line' id='line_1_48' title="bbox 934 1015 1720 1056; baseline -0.004 -9"><span class='ocrx_word' id='word_1_335' title='bbox 934 1020 1014 1056; x_wconf 82' lang='lat' dir='ltr'><strong>plane</strong></span> <span class='ocrx_word' id='word_1_336' title='bbox 1035 1019 1117 1055; x_wconf 81' lang='lat' dir='ltr'><strong>nigri,</strong></span> <span class='ocrx_word' id='word_1_337' title='bbox 1140 1018 1234 1046; x_wconf 87' lang='lat' dir='ltr'><strong>colore</strong></span> <span class='ocrx_word' id='word_1_338' title='bbox 1258 1026 1322 1046; x_wconf 87' lang='lat' dir='ltr'><strong>vero</strong></span> <span class='ocrx_word' id='word_1_339' title='bbox 1346 1018 1462 1046; x_wconf 75' lang='lat' dir='ltr'><strong>invicem</strong></span> <span class='ocrx_word' id='word_1_340' title='bbox 1489 1017 1668 1049; x_wconf 84' lang='lat' dir='ltr'><strong>conveniunt,</strong></span> <span class='ocrx_word' id='word_1_341' title='bbox 1688 1015 1720 1044; x_wconf 91' lang='lat' dir='ltr'><strong>ab</strong></span> 
     </span>
    </p>
   </div>
   <div class='ocr_carea' id='block_1_49' title="bbox 934 1063 1719 1101">
    <p class='ocr_par' dir='ltr' id='par_1_49' title="bbox 934 1063 1719 1101">
     <span class='ocr_line' id='line_1_49' title="bbox 934 1063 1719 1101; baseline -0.005 -6"><span class='ocrx_word' id='word_1_342' title='bbox 934 1067 995 1095; x_wconf 90' lang='lat' dir='ltr'><strong>aliis</strong></span> <span class='ocrx_word' id='word_1_343' title='bbox 1003 1067 1114 1094; x_wconf 81' lang='lat' dir='ltr'><strong>diversi.</strong></span> <span class='ocrx_word' id='word_1_344' title='bbox 1124 1065 1286 1101; x_wconf 78' lang='lat' dir='ltr'><strong>Nigrescunt</strong></span> <span class='ocrx_word' id='word_1_345' title='bbox 1293 1073 1365 1092; x_wconf 84' lang='lat' dir='ltr'><strong>eunu</strong></span> <span class='ocrx_word' id='word_1_346' title='bbox 1378 1065 1466 1092; x_wconf 84' lang='lat' dir='ltr'><strong>minus</strong></span> <span class='ocrx_word' id='word_1_347' title='bbox 1476 1072 1556 1100; x_wconf 84' lang='lat' dir='ltr'><strong>quam</strong></span> <span class='ocrx_word' id='word_1_348' title='bbox 1566 1063 1719 1097; x_wconf 65' lang='lat' dir='ltr'><strong>lEthiopes,</strong></span> 
     </span>
    </p>
   </div>
   <div class='ocr_carea' id='block_1_50' title="bbox 933 1111 1460 1150">
    <p class='ocr_par' dir='ltr' id='par_1_50' title="bbox 933 1111 1460 1150">
     <span class='ocr_line' id='line_1_50' title="bbox 933 1111 1460 1150; baseline -0.006 -9"><span class='ocrx_word' id='word_1_349' title='bbox 933 1114 1014 1150; x_wconf 90' lang='lat' dir='ltr'><strong>paulo</strong></span> <span class='ocrx_word' id='word_1_350' title='bbox 1027 1118 1117 1141; x_wconf 90' lang='lat' dir='ltr'><strong>autem</strong></span> <span class='ocrx_word' id='word_1_351' title='bbox 1134 1114 1219 1148; x_wconf 80' lang='lat' dir='ltr'><strong>magis</strong></span> <span class='ocrx_word' id='word_1_352' title='bbox 1232 1120 1310 1147; x_wconf 84' lang='lat' dir='ltr'><strong>quam</strong></span> <span class='ocrx_word' id='word_1_353' title='bbox 1330 1111 1460 1147; x_wconf 67' lang='lat' dir='ltr'><strong>Egyptii.</strong></span> 
     </span>
    </p>
   </div>
   <div class='ocr_carea' id='block_1_51' title="bbox 969 1156 1721 1192">
    <p class='ocr_par' dir='ltr' id='par_1_51' title="bbox 969 1156 1721 1192">
     <span class='ocr_line' id='line_1_51' title="bbox 969 1156 1721 1192; baseline -0.007 -4"><span class='ocrx_word' id='word_1_354' title='bbox 969 1160 1071 1188; x_wconf 89' lang='lat' dir='ltr'><strong>Deinde</strong></span> <span class='ocrx_word' id='word_1_355' title='bbox 1095 1159 1178 1187; x_wconf 78' lang='lat' dir='ltr'><strong>refert</strong></span> <span class='ocrx_word' id='word_1_356' title='bbox 1199 1159 1369 1192; x_wconf 86' lang='lat' dir='ltr'><strong>Apollonium</strong></span> <span class='ocrx_word' id='word_1_357' title='bbox 1397 1159 1424 1184; x_wconf 89' lang='lat' dir='ltr'><strong>in</strong></span> <span class='ocrx_word' id='word_1_358' title='bbox 1444 1157 1595 1184; x_wconf 82' lang='lat' dir='ltr'><strong>Memnonis</strong></span> <span class='ocrx_word' id='word_1_359' title='bbox 1619 1156 1721 1190; x_wconf 77' lang='lat' dir='ltr'><strong>regiam</strong></span> 
     </span>
    </p>
   </div>
   <div class='ocr_carea' id='block_1_52' title="bbox 933 1202 1720 1242">
    <p class='ocr_par' dir='ltr' id='par_1_52' title="bbox 933 1202 1720 1242">
     <span class='ocr_line' id='line_1_52' title="bbox 933 1202 1720 1242; baseline -0.008 -8"><span class='ocrx_word' id='word_1_360' title='bbox 933 1206 1100 1242; x_wconf 82' lang='lat' dir='ltr'><strong>pervenisse.</strong></span> <span class='ocrx_word' id='word_1_361' title='bbox 1125 1205 1242 1233; x_wconf 85' lang='lat' dir='ltr'><strong>Ducebat</strong></span> <span class='ocrx_word' id='word_1_362' title='bbox 1263 1212 1311 1232; x_wconf 90' lang='lat' dir='ltr'><strong>eos</strong></span> <span class='ocrx_word' id='word_1_363' title='bbox 1335 1203 1494 1231; x_wconf 72' lang='lat' dir='ltr'><strong>adolescents</strong></span> <span class='ocrx_word' id='word_1_364' title='bbox 1509 1202 1650 1237; x_wconf 63' lang='lat' dir='ltr'><strong>[Egyptius</strong></span> <span class='ocrx_word' id='word_1_365' title='bbox 1670 1209 1720 1229; x_wconf 93' lang='lat' dir='ltr'><strong>no-</strong></span> 
     </span>
    </p>
   </div>
   <div class='ocr_carea' id='block_1_53' title="bbox 934 1248 1721 1285">
    <p class='ocr_par' dir='ltr' id='par_1_53' title="bbox 934 1248 1721 1285">
     <span class='ocr_line' id='line_1_53' title="bbox 934 1248 1721 1285; baseline -0.008 -5"><span class='ocrx_word' id='word_1_366' title='bbox 934 1253 1007 1280; x_wconf 89' lang='lat' dir='ltr'><strong>mine</strong></span> <span class='ocrx_word' id='word_1_367' title='bbox 1018 1251 1143 1279; x_wconf 84' lang='lat' dir='ltr'><strong>Timasii.</strong></span> <span class='ocrx_word' id='word_1_368' title='bbox 1159 1251 1228 1278; x_wconf 83' lang='lat' dir='ltr'><strong>Male</strong></span> <span class='ocrx_word' id='word_1_369' title='bbox 1241 1255 1381 1285; x_wconf 84' lang='lat' dir='ltr'><strong>acceptum</strong></span> <span class='ocrx_word' id='word_1_370' title='bbox 1395 1249 1461 1277; x_wconf 89' lang='lat' dir='ltr'><strong>dicit</strong></span> <span class='ocrx_word' id='word_1_371' title='bbox 1471 1248 1643 1282; x_wconf 84' lang='lat' dir='ltr'><strong>Apollonium</strong></span> <span class='ocrx_word' id='word_1_372' title='bbox 1658 1254 1721 1274; x_wconf 90' lang='lat' dir='ltr'><strong>eun-</strong></span> 
     </span>
    </p>
   </div>
   <div class='ocr_carea' id='block_1_54' title="bbox 934 1291 1719 1332">
    <p class='ocr_par' dir='ltr' id='par_1_54' title="bbox 934 1291 1719 1332">
     <span class='ocr_line' id='line_1_54' title="bbox 934 1291 1719 1332; baseline -0.008 -8"><span class='ocrx_word' id='word_1_373' title='bbox 934 1301 988 1324; x_wconf 90' lang='lat' dir='ltr'><strong>tem</strong></span> <span class='ocrx_word' id='word_1_374' title='bbox 1005 1297 1039 1324; x_wconf 82' lang='lat' dir='ltr'><strong>ad</strong></span> <span class='ocrx_word' id='word_1_375' title='bbox 1055 1295 1298 1332; x_wconf 72' lang='lat' dir='ltr'><strong>Gymuosophistas</strong></span> <span class='ocrx_word' id='word_1_376' title='bbox 1318 1293 1494 1328; x_wconf 67' lang='lat' dir='ltr'><strong>Ethiopum,</strong></span> <span class='ocrx_word' id='word_1_377' title='bbox 1514 1298 1542 1320; x_wconf 90' lang='lat' dir='ltr'><strong>et</strong></span> <span class='ocrx_word' id='word_1_378' title='bbox 1563 1300 1616 1319; x_wconf 90' lang='lat' dir='ltr'><strong>non</strong></span> <span class='ocrx_word' id='word_1_379' title='bbox 1638 1291 1719 1319; x_wconf 85' lang='lat' dir='ltr'><strong>simili</strong></span> 
     </span>
    </p>
   </div>
   <div class='ocr_carea' id='block_1_55' title="bbox 935 1337 1718 1377">
    <p class='ocr_par' dir='ltr' id='par_1_55' title="bbox 935 1337 1718 1377">
     <span class='ocr_line' id='line_1_55' title="bbox 935 1337 1718 1377; baseline -0.008 -7"><span class='ocrx_word' id='word_1_380' title='bbox 935 1343 1038 1370; x_wconf 83' lang='lat' dir='ltr'><strong>honore</strong></span> <span class='ocrx_word' id='word_1_381' title='bbox 1048 1349 1101 1377; x_wconf 86' lang='lat' dir='ltr'><strong>quo</strong></span> <span class='ocrx_word' id='word_1_382' title='bbox 1113 1342 1147 1369; x_wconf 78' lang='lat' dir='ltr'><strong>ab</strong></span> <span class='ocrx_word' id='word_1_383' title='bbox 1159 1341 1285 1369; x_wconf 87' lang='lat' dir='ltr'><strong>lndormu</strong></span> <span class='ocrx_word' id='word_1_384' title='bbox 1301 1340 1479 1368; x_wconf 83' lang='lat' dir='ltr'><strong>Brachmanis</strong></span> <span class='ocrx_word' id='word_1_385' title='bbox 1493 1338 1605 1365; x_wconf 73' lang='lat' dir='ltr'><strong>alfectus</strong></span> <span class='ocrx_word' id='word_1_386' title='bbox 1619 1337 1718 1369; x_wconf 79' lang='lat' dir='ltr'><strong>fuerat;</strong></span> 
     </span>
    </p>
   </div>
   <div class='ocr_carea' id='block_1_56' title="bbox 933 1383 1719 1423">
    <p class='ocr_par' dir='ltr' id='par_1_56' title="bbox 933 1383 1719 1423">
     <span class='ocr_line' id='line_1_56' title="bbox 933 1383 1719 1423; baseline -0.009 -7"><span class='ocrx_word' id='word_1_387' title='bbox 933 1393 961 1416; x_wconf 83' lang='lat' dir='ltr'><strong>et</strong></span> <span class='ocrx_word' id='word_1_388' title='bbox 974 1389 1024 1416; x_wconf 80' lang='lat' dir='ltr'><strong>hac</strong></span> <span class='ocrx_word' id='word_1_389' title='bbox 1037 1389 1144 1423; x_wconf 86' lang='lat' dir='ltr'><strong>quidem</strong></span> <span class='ocrx_word' id='word_1_390' title='bbox 1158 1388 1190 1414; x_wconf 86' lang='lat' dir='ltr'><strong>de</strong></span> <span class='ocrx_word' id='word_1_391' title='bbox 1202 1395 1295 1418; x_wconf 79' lang='lat' dir='ltr'><strong>causa,</strong></span> <span class='ocrx_word' id='word_1_392' title='bbox 1310 1386 1460 1420; x_wconf 83' lang='lat' dir='ltr'><strong>Euphrates</strong></span> <span class='ocrx_word' id='word_1_393' title='bbox 1473 1384 1584 1420; x_wconf 88' lang='lat' dir='ltr'><strong>quidam</strong></span> <span class='ocrx_word' id='word_1_394' title='bbox 1599 1383 1719 1418; x_wconf 84' lang='lat' dir='ltr'><strong>philoso-</strong></span> 
     </span>
    </p>
   </div>
   <div class='ocr_carea' id='block_1_57' title="bbox 933 1427 1719 1469">
    <p class='ocr_par' dir='ltr' id='par_1_57' title="bbox 933 1427 1719 1469">
     <span class='ocr_line' id='line_1_57' title="bbox 933 1427 1719 1469; baseline -0.008 -8"><span class='ocrx_word' id='word_1_395' title='bbox 933 1435 1013 1469; x_wconf 90' lang='lat' dir='ltr'><strong>phus,</strong></span> <span class='ocrx_word' id='word_1_396' title='bbox 1041 1433 1197 1461; x_wconf 86' lang='lat' dir='ltr'><strong>inimicitias</strong></span> <span class='ocrx_word' id='word_1_397' title='bbox 1224 1440 1286 1459; x_wconf 85' lang='lat' dir='ltr'><strong>cum</strong></span> <span class='ocrx_word' id='word_1_398' title='bbox 1315 1431 1455 1466; x_wconf 89' lang='lat' dir='ltr'><strong>Apollonio</strong></span> <span class='ocrx_word' id='word_1_399' title='bbox 1480 1437 1597 1465; x_wconf 84' lang='lat' dir='ltr'><strong>gerens,</strong></span> <span class='ocrx_word' id='word_1_400' title='bbox 1619 1427 1719 1456; x_wconf 86' lang='lat' dir='ltr'><strong>famam</strong></span> 
     </span>
    </p>
   </div>
   <div class='ocr_carea' id='block_1_58' title="bbox 933 1475 1722 1513">
    <p class='ocr_par' dir='ltr' id='par_1_58' title="bbox 933 1475 1722 1513">
     <span class='ocr_line' id='line_1_58' title="bbox 933 1475 1722 1513; baseline -0.006 -7"><span class='ocrx_word' id='word_1_401' title='bbox 933 1479 1067 1513; x_wconf 85' lang='lat' dir='ltr'><strong>Apollonii</strong></span> <span class='ocrx_word' id='word_1_402' title='bbox 1089 1479 1158 1513; x_wconf 89' lang='lat' dir='ltr'><strong>apud</strong></span> <span class='ocrx_word' id='word_1_403' title='bbox 1181 1477 1425 1512; x_wconf 82' lang='lat' dir='ltr'><strong>Gyiunosophistas</strong></span> <span class='ocrx_word' id='word_1_404' title='bbox 1451 1475 1596 1503; x_wconf 89' lang='lat' dir='ltr'><strong>calumniis</strong></span> <span class='ocrx_word' id='word_1_405' title='bbox 1618 1475 1644 1501; x_wconf 96' lang='lat' dir='ltr'><strong>in</strong></span> <span class='ocrx_word' id='word_1_406' title='bbox 1661 1481 1722 1501; x_wconf 78' lang='lat' dir='ltr'><strong>eum</strong></span> 
     </span>
    </p>
   </div>
   <div class='ocr_carea' id='block_1_59' title="bbox 97 1519 881 1580">
    <p class='ocr_par' dir='ltr' id='par_1_59' title="bbox 97 1522 881 1580">
     <span class='ocr_line' id='line_1_59' title="bbox 97 1522 881 1561; baseline 0.01 -13"><span class='ocrx_word' id='word_1_407' title='bbox 97 1522 279 1550; x_wconf 71' lang='grc' dir='ltr'>Ἀπολλωνίου</span> <span class='ocrx_word' id='word_1_408' title='bbox 294 1526 493 1561; x_wconf 82' lang='grc' dir='ltr'>προκατασχὼν</span> <span class='ocrx_word' id='word_1_409' title='bbox 508 1527 656 1561; x_wconf 76' lang='grc' dir='ltr'>διαϐολαῖς,</span> <span class='ocrx_word' id='word_1_410' title='bbox 671 1529 764 1561; x_wconf 85' lang='grc' dir='ltr'>κακῶς</span> <span class='ocrx_word' id='word_1_411' title='bbox 783 1529 881 1561; x_wconf 71' lang='grc' dir='ltr'>αὐτοὺς</span> 
     </span>
     <span class='ocr_line' id='line_1_60' title="bbox 97 1568 855 1580; baseline 0 0"><span class='ocrx_word' id='word_1_412' title='bbox 97 1568 304 1580; x_wconf 36' lang='grc' dir='ltr'><strong>--ἱ-μνιμινιγ</strong></span> <span class='ocrx_word' id='word_1_413' title='bbox 347 1571 388 1580; x_wconf 77' lang='grc' dir='ltr'><strong>-Λ</strong></span> <span class='ocrx_word' id='word_1_414' title='bbox 566 1573 572 1580; x_wconf 85' lang='grc' dir='ltr'><em>ι</em></span> <span class='ocrx_word' id='word_1_415' title='bbox 651 1574 776 1580; x_wconf 57' lang='grc' dir='ltr'><strong>..ιε-μ.</strong></span> <span class='ocrx_word' id='word_1_416' title='bbox 850 1575 855 1580; x_wconf 84' lang='grc' dir='ltr'>ι</span> 
     </span>
    </p>
   </div>
   <div class='ocr_carea' id='block_1_60' title="bbox 937 1519 1717 1580">
    <p class='ocr_par' dir='ltr' id='par_1_60' title="bbox 937 1519 1717 1580">
     <span class='ocr_line' id='line_1_61' title="bbox 937 1519 1717 1557; baseline -0.006 -6"><span class='ocrx_word' id='word_1_417' title='bbox 937 1524 1012 1557; x_wconf 85' lang='lat' dir='ltr'><strong>iactis</strong></span> <span class='ocrx_word' id='word_1_418' title='bbox 1025 1525 1160 1556; x_wconf 87' lang='lat' dir='ltr'><strong>minuens,</strong></span> <span class='ocrx_word' id='word_1_419' title='bbox 1176 1523 1235 1550; x_wconf 90' lang='lat' dir='ltr'><strong>illos</strong></span> <span class='ocrx_word' id='word_1_420' title='bbox 1249 1523 1275 1549; x_wconf 95' lang='lat' dir='ltr'><strong>in</strong></span> <span class='ocrx_word' id='word_1_421' title='bbox 1292 1522 1460 1557; x_wconf 82' lang='lat' dir='ltr'><strong>Apollonium</strong></span> <span class='ocrx_word' id='word_1_422' title='bbox 1472 1521 1610 1548; x_wconf 75' lang='lat' dir='ltr'><strong>excitavit.</strong></span> <span class='ocrx_word' id='word_1_423' title='bbox 1633 1519 1717 1547; x_wconf 83' lang='lat' dir='ltr'><strong>Multo</strong></span> 
     </span>
     <span class='ocr_line' id='line_1_62' title="bbox 976 1567 1717 1580; baseline 0 0"><span class='ocrx_word' id='word_1_424' title='bbox 976 1572 994 1580; x_wconf 37' lang='grc' dir='ltr'>γε</span> <span class='ocrx_word' id='word_1_425' title='bbox 1015 1579 1019 1580; x_wconf 43' lang='grc' dir='ltr'><em>ν</em></span> <span class='ocrx_word' id='word_1_426' title='bbox 1034 1571 1117 1580; x_wconf 39' lang='grc' dir='ltr'><strong>λεΑγμλ</strong></span> <span class='ocrx_word' id='word_1_427' title='bbox 1131 1577 1186 1580; x_wconf 28' lang='grc' dir='ltr'>με-.</span> <span class='ocrx_word' id='word_1_428' title='bbox 1202 1569 1229 1580; x_wconf 79' lang='grc'><strong>1-</strong></span> <span class='ocrx_word' id='word_1_429' title='bbox 1243 1570 1281 1580; x_wconf 75' lang='grc'><strong>1--</strong></span> <span class='ocrx_word' id='word_1_430' title='bbox 1297 1568 1477 1580; x_wconf 63' lang='lat' dir='ltr'><strong>h_-_L_.-..--</strong></span> <span class='ocrx_word' id='word_1_431' title='bbox 1490 1567 1717 1580; x_wconf 63' lang='grc' dir='ltr'><strong>ρ-......,ι,..--.Ι.ἒκιὲι</strong></span> 
     </span>
    </p>
   </div>
   <div class='ocr_carea' id='block_1_61' title="bbox 90 1568 884 1610">
    <p class='ocr_par' dir='ltr' id='par_1_61' title="bbox 90 1568 884 1610">
     <span class='ocr_line' id='line_1_63' title="bbox 90 1568 884 1610; baseline 0.01 -16"><span class='ocrx_word' id='word_1_432' title='bbox 90 1568 160 1604; x_wconf 65' lang='grc' dir='ltr'>πρὸς</span> <span class='ocrx_word' id='word_1_433' title='bbox 173 1570 256 1597; x_wconf 82' lang='grc' dir='ltr'>αύτδν</span> <span class='ocrx_word' id='word_1_434' title='bbox 266 1570 421 1598; x_wconf 81' lang='grc' dir='ltr'>διακεῖσθαι</span> <span class='ocrx_word' id='word_1_435' title='bbox 434 1573 637 1609; x_wconf 82' lang='grc' dir='ltr'>παρεσκεύασε.</span> <span class='ocrx_word' id='word_1_436' title='bbox 651 1574 745 1610; x_wconf 86' lang='grc' dir='ltr'>Πολλῷ</span> <span class='ocrx_word' id='word_1_437' title='bbox 754 1575 782 1602; x_wconf 79' lang='grc' dir='ltr'>δὲ</span> <span class='ocrx_word' id='word_1_438' title='bbox 794 1575 884 1609; x_wconf 84' lang='grc' dir='ltr'>κρείτ-</span> 
     </span>
    </p>
   </div>
   <div class='ocr_carea' id='block_1_62' title="bbox 90 1615 884 1656">
    <p class='ocr_par' dir='ltr' id='par_1_62' title="bbox 90 1615 884 1656">
     <span class='ocr_line' id='line_1_64' title="bbox 90 1615 884 1656; baseline 0.009 -16"><span class='ocrx_word' id='word_1_439' title='bbox 90 1623 154 1646; x_wconf 85' lang='grc' dir='ltr'>τους</span> <span class='ocrx_word' id='word_1_440' title='bbox 169 1615 217 1642; x_wconf 75' lang='grc' dir='ltr'><strong>ἐπὶ</strong></span> <span class='ocrx_word' id='word_1_441' title='bbox 237 1616 319 1651; x_wconf 76' lang='grc' dir='ltr'>σοφίᾳ</span> <span class='ocrx_word' id='word_1_442' title='bbox 333 1625 363 1643; x_wconf 88' lang='grc' dir='ltr'><strong>τε</strong></span> <span class='ocrx_word' id='word_1_443' title='bbox 379 1618 426 1644; x_wconf 76' lang='grc' dir='ltr'><strong>καὶ</strong></span> <span class='ocrx_word' id='word_1_444' title='bbox 445 1619 501 1650; x_wconf 89' lang='grc' dir='ltr'>τοῖς</span> <span class='ocrx_word' id='word_1_445' title='bbox 517 1619 607 1650; x_wconf 76' lang='grc' dir='ltr'>ἄλλοις</span> <span class='ocrx_word' id='word_1_446' title='bbox 622 1620 685 1652; x_wconf 76' lang='grc' dir='ltr'>τοὺς</span> <span class='ocrx_word' id='word_1_447' title='bbox 698 1620 776 1656; x_wconf 78' lang='grc' dir='ltr'>παρὰ</span> <span class='ocrx_word' id='word_1_448' title='bbox 792 1620 884 1651; x_wconf 83' lang='grc' dir='ltr'>Ἰνδοῖς</span> 
     </span>
    </p>
   </div>
   <div class='ocr_carea' id='block_1_63' title="bbox 91 1661 881 1701">
    <p class='ocr_par' dir='ltr' id='par_1_63' title="bbox 91 1661 881 1701">
     <span class='ocr_line' id='line_1_65' title="bbox 91 1661 881 1701; baseline 0.01 -15"><span class='ocrx_word' id='word_1_449' title='bbox 91 1661 258 1696; x_wconf 76' lang='grc' dir='ltr'>Βραχμᾶνας</span> <span class='ocrx_word' id='word_1_450' title='bbox 276 1662 332 1689; x_wconf 85' lang='grc' dir='ltr'><strong>τῶν</strong></span> <span class='ocrx_word' id='word_1_451' title='bbox 347 1663 423 1698; x_wconf 83' lang='grc' dir='ltr'>παρὰ</span> <span class='ocrx_word' id='word_1_452' title='bbox 439 1663 548 1699; x_wconf 76' lang='grc' dir='ltr'>Αἰθίοψι</span> <span class='ocrx_word' id='word_1_453' title='bbox 563 1665 676 1701; x_wconf 81' lang='grc' dir='ltr'>γυμνῶν</span> <span class='ocrx_word' id='word_1_454' title='bbox 690 1666 881 1701; x_wconf 84' lang='grc' dir='ltr'>ἀποφαίνεται.</span> 
     </span>
    </p>
   </div>
   <div class='ocr_carea' id='block_1_64' title="bbox 90 1706 884 1747">
    <p class='ocr_par' dir='ltr' id='par_1_64' title="bbox 90 1706 884 1747">
     <span class='ocr_line' id='line_1_66' title="bbox 90 1706 884 1747; baseline 0.01 -16"><span class='ocrx_word' id='word_1_455' title='bbox 90 1707 184 1733; x_wconf 69' lang='grc' dir='ltr'>οἰκεῖν</span> <span class='ocrx_word' id='word_1_456' title='bbox 198 1706 227 1732; x_wconf 79' lang='grc' dir='ltr'>δὲ</span> <span class='ocrx_word' id='word_1_457' title='bbox 242 1708 305 1739; x_wconf 80' lang='grc' dir='ltr'>τοὺς</span> <span class='ocrx_word' id='word_1_458' title='bbox 330 1710 452 1744; x_wconf 74' lang='grc' dir='ltr'>γυμνοὺς</span> <span class='ocrx_word' id='word_1_459' title='bbox 468 1710 629 1746; x_wconf 81' lang='grc' dir='ltr'>ὑπαιθρίους</span> <span class='ocrx_word' id='word_1_460' title='bbox 645 1712 711 1747; x_wconf 84' lang='grc' dir='ltr'><strong>φησί</strong></span> <span class='ocrx_word' id='word_1_461' title='bbox 729 1712 752 1728; x_wconf 79' lang='grc'><strong>⁵¹</strong></span> <span class='ocrx_word' id='word_1_462' title='bbox 771 1712 819 1740; x_wconf 74' lang='grc' dir='ltr'><strong>καὶ</strong></span> <span class='ocrx_word' id='word_1_463' title='bbox 832 1712 884 1739; x_wconf 82' lang='grc' dir='ltr'><strong>ὑπὸ</strong></span> 
     </span>
    </p>
   </div>
   <div class='ocr_carea' id='block_1_65' title="bbox 89 1751 881 1797">
    <p class='ocr_par' dir='ltr' id='par_1_65' title="bbox 89 1751 881 1797">
     <span class='ocr_line' id='line_1_67' title="bbox 89 1751 881 1797; baseline 0.009 -20"><span class='ocrx_word' id='word_1_464' title='bbox 89 1751 130 1787; x_wconf 80' lang='grc' dir='ltr'>τῷ</span> <span class='ocrx_word' id='word_1_465' title='bbox 146 1751 256 1787; x_wconf 82' lang='grc' dir='ltr'>οὐρανῷ</span> <span class='ocrx_word' id='word_1_466' title='bbox 268 1753 354 1788; x_wconf 82' lang='grc' dir='ltr'>αὐτῷ,</span> <span class='ocrx_word' id='word_1_467' title='bbox 377 1753 423 1780; x_wconf 79' lang='grc' dir='ltr'>ἐπί</span> <span class='ocrx_word' id='word_1_468' title='bbox 440 1763 511 1786; x_wconf 80' lang='grc' dir='ltr'>τινος</span> <span class='ocrx_word' id='word_1_469' title='bbox 528 1754 556 1782; x_wconf 82' lang='grc' dir='ltr'>δὲ</span> <span class='ocrx_word' id='word_1_470' title='bbox 572 1756 691 1797; x_wconf 65' lang='grc' dir='ltr'>γηλόφου</span> <span class='ocrx_word' id='word_1_471' title='bbox 711 1756 881 1792; x_wconf 79' lang='grc' dir='ltr'>ξυμμέτρου,</span> 
     </span>
    </p>
   </div>
   <div class='ocr_carea' id='block_1_66' title="bbox 937 1567 1724 1606">
    <p class='ocr_par' dir='ltr' id='par_1_66' title="bbox 937 1567 1724 1606">
     <span class='ocr_line' id='line_1_68' title="bbox 937 1567 1724 1606; baseline -0.006 -8"><span class='ocrx_word' id='word_1_472' title='bbox 937 1571 1119 1606; x_wconf 81' lang='lat' dir='ltr'><strong>sapientiores</strong></span> <span class='ocrx_word' id='word_1_473' title='bbox 1129 1577 1189 1597; x_wconf 83' lang='lat' dir='ltr'><strong>esse</strong></span> <span class='ocrx_word' id='word_1_474' title='bbox 1202 1569 1283 1597; x_wconf 86' lang='lat' dir='ltr'><strong>Indos</strong></span> <span class='ocrx_word' id='word_1_475' title='bbox 1297 1568 1478 1596; x_wconf 83' lang='lat' dir='ltr'><strong>Brachmanas</strong></span> <span class='ocrx_word' id='word_1_476' title='bbox 1490 1567 1724 1603; x_wconf 77' lang='lat' dir='ltr'><strong>Gymuosophistis</strong></span> 
     </span>
    </p>
   </div>
   <div class='ocr_carea' id='block_1_67' title="bbox 937 1613 1723 1651">
    <p class='ocr_par' dir='ltr' id='par_1_67' title="bbox 937 1613 1723 1651">
     <span class='ocr_line' id='line_1_69' title="bbox 937 1613 1723 1651; baseline -0.005 -7"><span class='ocrx_word' id='word_1_477' title='bbox 937 1617 1084 1651; x_wconf 54' lang='lat' dir='ltr'><strong>{Ethiopian</strong></span> <span class='ocrx_word' id='word_1_478' title='bbox 1105 1616 1183 1644; x_wconf 75' lang='lat' dir='ltr'><strong>dixit.</strong></span> <span class='ocrx_word' id='word_1_479' title='bbox 1219 1614 1316 1642; x_wconf 80' lang='lat' dir='ltr'><strong>Vivere</strong></span> <span class='ocrx_word' id='word_1_480' title='bbox 1336 1615 1374 1641; x_wconf 89' lang='lat' dir='ltr'><strong>ait</strong></span> <span class='ocrx_word' id='word_1_481' title='bbox 1396 1614 1482 1641; x_wconf 89' lang='lat' dir='ltr'><strong>nudos</strong></span> <span class='ocrx_word' id='word_1_482' title='bbox 1509 1613 1567 1641; x_wconf 89' lang='lat' dir='ltr'><strong>illos</strong></span> <span class='ocrx_word' id='word_1_483' title='bbox 1591 1613 1642 1640; x_wconf 88' lang='lat' dir='ltr'><strong>sub</strong></span> <span class='ocrx_word' id='word_1_484' title='bbox 1667 1613 1723 1644; x_wconf 88' lang='lat' dir='ltr'><strong>dio,</strong></span> 
     </span>
    </p>
   </div>
   <div class='ocr_carea' id='block_1_68' title="bbox 938 1660 1723 1695">
    <p class='ocr_par' dir='ltr' id='par_1_68' title="bbox 938 1660 1723 1695">
     <span class='ocr_line' id='line_1_70' title="bbox 938 1660 1723 1695; baseline -0.006 -5"><span class='ocrx_word' id='word_1_485' title='bbox 938 1662 1057 1691; x_wconf 83' lang='lat' dir='ltr'><strong>incolere</strong></span> <span class='ocrx_word' id='word_1_486' title='bbox 1068 1666 1186 1690; x_wconf 84' lang='lat' dir='ltr'><strong>montem</strong></span> <span class='ocrx_word' id='word_1_487' title='bbox 1201 1660 1309 1695; x_wconf 84' lang='lat' dir='ltr'><strong>egregie</strong></span> <span class='ocrx_word' id='word_1_488' title='bbox 1322 1667 1337 1686; x_wconf 90' lang='lat' dir='ltr'><strong>a</strong></span> <span class='ocrx_word' id='word_1_489' title='bbox 1349 1665 1445 1687; x_wconf 74' lang='lat' dir='ltr'><strong>natura</strong></span> <span class='ocrx_word' id='word_1_490' title='bbox 1458 1660 1614 1690; x_wconf 83' lang='lat' dir='ltr'><strong>formatum,</strong></span> <span class='ocrx_word' id='word_1_491' title='bbox 1628 1666 1723 1693; x_wconf 89' lang='lat' dir='ltr'><strong>parum</strong></span> 
     </span>
    </p>
   </div>
   <div class='ocr_carea' id='block_1_69' title="bbox 938 1703 1724 1743">
    <p class='ocr_par' dir='ltr' id='par_1_69' title="bbox 938 1703 1724 1743">
     <span class='ocr_line' id='line_1_71' title="bbox 938 1703 1724 1743; baseline -0.008 -7"><span class='ocrx_word' id='word_1_492' title='bbox 938 1717 953 1736; x_wconf 90' lang='lat' dir='ltr'><strong>a</strong></span> <span class='ocrx_word' id='word_1_493' title='bbox 965 1708 1016 1735; x_wconf 87' lang='lat' dir='ltr'><strong>Nili</strong></span> <span class='ocrx_word' id='word_1_494' title='bbox 1031 1707 1096 1743; x_wconf 88' lang='lat' dir='ltr'><strong>ripis</strong></span> <span class='ocrx_word' id='word_1_495' title='bbox 1112 1707 1271 1735; x_wconf 88' lang='lat' dir='ltr'><strong>distantem.</strong></span> <span class='ocrx_word' id='word_1_496' title='bbox 1287 1704 1353 1732; x_wconf 84' lang='lat' dir='ltr'><strong>Mari</strong></span> <span class='ocrx_word' id='word_1_497' title='bbox 1369 1709 1397 1732; x_wconf 87' lang='lat' dir='ltr'><strong>et</strong></span> <span class='ocrx_word' id='word_1_498' title='bbox 1413 1704 1472 1732; x_wconf 83' lang='lat' dir='ltr'><strong>Nilo</strong></span> <span class='ocrx_word' id='word_1_499' title='bbox 1487 1703 1616 1738; x_wconf 79' lang='lat' dir='ltr'><strong>navigans</strong></span> <span class='ocrx_word' id='word_1_500' title='bbox 1629 1703 1663 1731; x_wconf 89' lang='lat' dir='ltr'><strong>ad</strong></span> <span class='ocrx_word' id='word_1_501' title='bbox 1676 1710 1724 1731; x_wconf 83' lang='lat' dir='ltr'><strong>eos</strong></span> 
     </span>
    </p>
   </div>
   <div class='ocr_carea' id='block_1_70' title="bbox 937 1753 1234 1790">
    <p class='ocr_par' dir='ltr' id='par_1_70' title="bbox 937 1753 1234 1790">
     <span class='ocr_line' id='line_1_72' title="bbox 937 1753 1234 1790; baseline -0.01 -7"><span class='ocrx_word' id='word_1_502' title='bbox 937 1755 1094 1790; x_wconf 82' lang='lat' dir='ltr'><strong>Apollonius</strong></span> <span class='ocrx_word' id='word_1_503' title='bbox 1108 1753 1234 1782; x_wconf 85' lang='lat' dir='ltr'><strong>accessit.</strong></span> 
     </span>
    </p>
   </div>
   <div class='ocr_carea' id='block_1_71' title="bbox 92 1794 1724 1838">
    <p class='ocr_par' dir='ltr' id='par_1_71' title="bbox 92 1794 1724 1838">
     <span class='ocr_line' id='line_1_73' title="bbox 92 1794 1724 1838; baseline -0.006 -6"><span class='ocrx_word' id='word_1_504' title='bbox 92 1797 191 1833; x_wconf 75' lang='grc' dir='ltr'>μικρὸν</span> <span class='ocrx_word' id='word_1_505' title='bbox 208 1799 261 1824; x_wconf 72' lang='grc' dir='ltr'><strong>ἀπὺ</strong></span> <span class='ocrx_word' id='word_1_506' title='bbox 285 1799 334 1832; x_wconf 77' lang='grc' dir='ltr'><strong>τῆς</strong></span> <span class='ocrx_word' id='word_1_507' title='bbox 361 1798 445 1835; x_wconf 76' lang='grc' dir='ltr'>ὄχθης</span> <span class='ocrx_word' id='word_1_508' title='bbox 469 1799 517 1826; x_wconf 82' lang='grc' dir='ltr'>τοῦ</span> <span class='ocrx_word' id='word_1_509' title='bbox 539 1794 646 1830; x_wconf 79' lang='grc' dir='ltr'>Νείλου.</span> <span class='ocrx_word' id='word_1_510' title='bbox 668 1802 832 1838; x_wconf 84' lang='grc' dir='ltr'>Ἐποιήσατο</span> <span class='ocrx_word' id='word_1_511' title='bbox 855 1803 884 1830; x_wconf 75' lang='grc' dir='ltr'>δὲ</span> <span class='ocrx_word' id='word_1_512' title='bbox 903 1801 952 1838; x_wconf 88' lang='grc' dir='ltr'>τὴν</span> <span class='ocrx_word' id='word_1_513' title='bbox 974 1802 1043 1838; x_wconf 82' lang='grc' dir='ltr'>πρὸς</span> <span class='ocrx_word' id='word_1_514' title='bbox 1062 1801 1161 1832; x_wconf 83' lang='grc' dir='ltr'>αὐτοὺς</span> <span class='ocrx_word' id='word_1_515' title='bbox 1187 1800 1246 1827; x_wconf 82' lang='grc' dir='ltr'>ὁδδν</span> <span class='ocrx_word' id='word_1_516' title='bbox 1266 1799 1281 1826; x_wconf 84' lang='grc' dir='ltr'>ὁ</span> <span class='ocrx_word' id='word_1_517' title='bbox 1298 1798 1320 1815; x_wconf 91' lang='grc'><strong>¹³</strong></span> <span class='ocrx_word' id='word_1_518' title='bbox 1335 1796 1514 1828; x_wconf 75' lang='grc' dir='ltr'>’Δπολλώνιος</span> <span class='ocrx_word' id='word_1_519' title='bbox 1541 1795 1595 1823; x_wconf 81' lang='grc' dir='ltr'><strong>ἀπὸ</strong></span> <span class='ocrx_word' id='word_1_520' title='bbox 1622 1794 1724 1823; x_wconf 79' lang='grc' dir='ltr'>θαλάσ-</span> 
     </span>
    </p>
   </div>
   <div class='ocr_carea' id='block_1_72' title="bbox 91 1843 445 1880">
    <p class='ocr_par' dir='ltr' id='par_1_72' title="bbox 91 1843 445 1880">
     <span class='ocr_line' id='line_1_74' title="bbox 91 1843 445 1880; baseline 0 -9"><span class='ocrx_word' id='word_1_521' title='bbox 91 1853 141 1880; x_wconf 82' lang='grc' dir='ltr'><strong>σης</strong></span> <span class='ocrx_word' id='word_1_522' title='bbox 156 1844 205 1870; x_wconf 70' lang='grc' dir='ltr'><strong>καὶ</strong></span> <span class='ocrx_word' id='word_1_523' title='bbox 217 1843 260 1870; x_wconf 81' lang='grc' dir='ltr'>διὰ</span> <span class='ocrx_word' id='word_1_524' title='bbox 276 1843 321 1869; x_wconf 84' lang='grc' dir='ltr'>τοῦ</span> <span class='ocrx_word' id='word_1_525' title='bbox 337 1844 445 1872; x_wconf 84' lang='grc' dir='ltr'>Νείλου.</span> 
     </span>
    </p>
   </div>
   <div class='ocr_carea' id='block_1_73' title="bbox 127 1886 881 1928">
    <p class='ocr_par' dir='ltr' id='par_1_73' title="bbox 127 1888 881 1928">
     <span class='ocr_line' id='line_1_75' title="bbox 127 1888 881 1928; baseline 0.005 -12"><span class='ocrx_word' id='word_1_526' title='bbox 127 1888 325 1925; x_wconf 74' lang='grc' dir='ltr'>Συνδιατρίψας</span> <span class='ocrx_word' id='word_1_527' title='bbox 341 1889 365 1905; x_wconf 72' lang='grc'><strong>⁸⁵</strong></span> <span class='ocrx_word' id='word_1_528' title='bbox 381 1889 410 1916; x_wconf 79' lang='grc' dir='ltr'>δὲ</span> <span class='ocrx_word' id='word_1_529' title='bbox 423 1890 466 1916; x_wconf 76' lang='grc' dir='ltr'><strong>ἐπ’</strong></span> <span class='ocrx_word' id='word_1_530' title='bbox 482 1890 572 1925; x_wconf 80' lang='grc' dir='ltr'>ὀλίγον</span> <span class='ocrx_word' id='word_1_531' title='bbox 585 1892 681 1927; x_wconf 83' lang='grc' dir='ltr'>χρόνον</span> <span class='ocrx_word' id='word_1_532' title='bbox 698 1893 755 1924; x_wconf 83' lang='grc' dir='ltr'>τοῖς</span> <span class='ocrx_word' id='word_1_533' title='bbox 770 1894 881 1928; x_wconf 83' lang='grc' dir='ltr'>γυμνοῖς</span> 
     </span>
    </p>
   </div>
   <div class='ocr_carea' id='block_1_74' title="bbox 937 1886 1724 1928">
    <p class='ocr_par' dir='ltr' id='par_1_74' title="bbox 970 1886 1724 1924">
     <span class='ocr_line' id='line_1_76' title="bbox 970 1886 1724 1924; baseline -0.007 -6"><span class='ocrx_word' id='word_1_534' title='bbox 970 1890 1057 1918; x_wconf 83' lang='lat' dir='ltr'><strong>Parvo</strong></span> <span class='ocrx_word' id='word_1_535' title='bbox 1073 1892 1155 1924; x_wconf 81' lang='lat' dir='ltr'><strong>.gitur</strong></span> <span class='ocrx_word' id='word_1_536' title='bbox 1170 1893 1290 1922; x_wconf 85' lang='lat' dir='ltr'><strong>tempore</strong></span> <span class='ocrx_word' id='word_1_537' title='bbox 1302 1894 1362 1914; x_wconf 88' lang='lat' dir='ltr'><strong>cum</strong></span> <span class='ocrx_word' id='word_1_538' title='bbox 1378 1886 1614 1922; x_wconf 81' lang='lat' dir='ltr'><strong>Gymuosophistis</strong></span> <span class='ocrx_word' id='word_1_539' title='bbox 1627 1892 1724 1914; x_wconf 78' lang='lat' dir='ltr'><strong>versa-</strong></span> 
     </span>
    </p>
   </div>
   <div class='ocr_carea' id='block_1_75' title="bbox 90 1932 881 1973">
    <p class='ocr_par' dir='ltr' id='par_1_75' title="bbox 90 1933 881 1973">
     <span class='ocr_line' id='line_1_77' title="bbox 90 1933 881 1973; baseline 0.005 -13"><span class='ocrx_word' id='word_1_540' title='bbox 90 1935 139 1963; x_wconf 78' lang='grc' dir='ltr'><strong>καὶ</strong></span> <span class='ocrx_word' id='word_1_541' title='bbox 160 1933 317 1970; x_wconf 82' lang='grc' dir='ltr'>προσειπὼν</span> <span class='ocrx_word' id='word_1_542' title='bbox 338 1933 397 1969; x_wconf 80' lang='grc' dir='ltr'>ἅμα</span> <span class='ocrx_word' id='word_1_543' title='bbox 411 1935 468 1966; x_wconf 87' lang='grc' dir='ltr'>τοῖς</span> <span class='ocrx_word' id='word_1_544' title='bbox 484 1935 533 1962; x_wconf 82' lang='grc' dir='ltr'><strong>σὺν</strong></span> <span class='ocrx_word' id='word_1_545' title='bbox 551 1935 637 1971; x_wconf 83' lang='grc' dir='ltr'>αὐτῷ,</span> <span class='ocrx_word' id='word_1_546' title='bbox 659 1937 822 1973; x_wconf 80' lang='grc' dir='ltr'>ἐπορεύοντο</span> <span class='ocrx_word' id='word_1_547' title='bbox 835 1937 881 1973; x_wconf 79' lang='grc' dir='ltr'><strong>τὴν</strong></span> 
     </span>
    </p>
   </div>
   <div class='ocr_carea' id='block_1_76' title="bbox 937 1932 1724 1973">
    <p class='ocr_par' dir='ltr' id='par_1_76' title="bbox 937 1932 1724 1970">
     <span class='ocr_line' id='line_1_78' title="bbox 937 1932 1724 1970; baseline -0.005 -6"><span class='ocrx_word' id='word_1_548' title='bbox 937 1942 977 1965; x_wconf 69' lang='lat' dir='ltr'><strong>ius</strong></span> <span class='ocrx_word' id='word_1_549' title='bbox 988 1940 1016 1964; x_wconf 91' lang='lat' dir='ltr'><strong>et</strong></span> <span class='ocrx_word' id='word_1_550' title='bbox 1028 1936 1169 1970; x_wconf 82' lang='lat' dir='ltr'><strong>disputans</strong></span> <span class='ocrx_word' id='word_1_551' title='bbox 1184 1941 1245 1961; x_wconf 86' lang='lat' dir='ltr'><strong>cum</strong></span> <span class='ocrx_word' id='word_1_552' title='bbox 1261 1933 1356 1965; x_wconf 88' lang='lat' dir='ltr'><strong>sociis,</strong></span> <span class='ocrx_word' id='word_1_553' title='bbox 1369 1932 1505 1968; x_wconf 83' lang='lat' dir='ltr'><strong>profectus</strong></span> <span class='ocrx_word' id='word_1_554' title='bbox 1519 1933 1603 1960; x_wconf 87' lang='lat' dir='ltr'><strong>estad</strong></span> <span class='ocrx_word' id='word_1_555' title='bbox 1618 1937 1724 1960; x_wconf 84' lang='lat' dir='ltr'><strong>montes</strong></span> 
     </span>
    </p>
   </div>
   <div class='ocr_carea' id='block_1_77' title="bbox 90 1979 881 2017">
    <p class='ocr_par' dir='ltr' id='par_1_77' title="bbox 90 1980 881 2017">
     <span class='ocr_line' id='line_1_79' title="bbox 90 1980 881 2017; baseline 0.005 -11"><span class='ocrx_word' id='word_1_556' title='bbox 90 1982 121 2012; x_wconf 82' lang='grc' dir='ltr'>ὲς</span> <span class='ocrx_word' id='word_1_557' title='bbox 133 1980 170 2007; x_wconf 78' lang='grc' dir='ltr'>τὰ</span> <span class='ocrx_word' id='word_1_558' title='bbox 195 1980 247 2016; x_wconf 75' lang='grc' dir='ltr'>ὅρη</span> <span class='ocrx_word' id='word_1_559' title='bbox 272 1980 415 2007; x_wconf 85' lang='grc' dir='ltr'>τείνουσαν</span> <span class='ocrx_word' id='word_1_560' title='bbox 439 1982 580 2017; x_wconf 78' lang='grc' dir='ltr'>ἀριστεροὶ</span> <span class='ocrx_word' id='word_1_561' title='bbox 606 1982 653 2009; x_wconf 84' lang='grc' dir='ltr'><strong>τοῦ</strong></span> <span class='ocrx_word' id='word_1_562' title='bbox 678 1983 794 2017; x_wconf 85' lang='grc' dir='ltr'>Νείλου,</span> <span class='ocrx_word' id='word_1_563' title='bbox 821 1983 881 2010; x_wconf 79' lang='grc' dir='ltr'>τάδε</span> 
     </span>
    </p>
   </div>
   <div class='ocr_carea' id='block_1_78' title="bbox 937 1979 1723 2017">
    <p class='ocr_par' dir='ltr' id='par_1_78' title="bbox 937 1979 1723 2014">
     <span class='ocr_line' id='line_1_80' title="bbox 937 1979 1723 2014; baseline -0.006 -4"><span class='ocrx_word' id='word_1_564' title='bbox 937 1983 977 2011; x_wconf 89' lang='lat' dir='ltr'><strong>via</strong></span> <span class='ocrx_word' id='word_1_565' title='bbox 990 1982 1101 2011; x_wconf 88' lang='lat' dir='ltr'><strong>sinistra</strong></span> <span class='ocrx_word' id='word_1_566' title='bbox 1114 1980 1177 2008; x_wconf 84' lang='lat' dir='ltr'><strong>Nili.</strong></span> <span class='ocrx_word' id='word_1_567' title='bbox 1195 1980 1260 2014; x_wconf 58' lang='lat' dir='ltr'><strong>Quae</strong></span> <span class='ocrx_word' id='word_1_568' title='bbox 1279 1984 1368 2007; x_wconf 86' lang='lat' dir='ltr'><strong>autem</strong></span> <span class='ocrx_word' id='word_1_569' title='bbox 1381 1979 1417 2006; x_wconf 93' lang='lat' dir='ltr'><strong>ibi</strong></span> <span class='ocrx_word' id='word_1_570' title='bbox 1430 1979 1557 2006; x_wconf 83' lang='lat' dir='ltr'><strong>viderunt</strong></span> <span class='ocrx_word' id='word_1_571' title='bbox 1572 1983 1723 2006; x_wconf 85' lang='lat' dir='ltr'><strong>memoratu</strong></span> 
     </span>
    </p>
   </div>
   <div class='ocr_carea' id='block_1_79' title="bbox 89 2023 881 2065">
    <p class='ocr_par' dir='ltr' id='par_1_79' title="bbox 89 2027 881 2065">
     <span class='ocr_line' id='line_1_81' title="bbox 89 2027 881 2065; baseline 0.003 -10"><span class='ocrx_word' id='word_1_572' title='bbox 89 2027 209 2062; x_wconf 80' lang='grc' dir='ltr'>ὁρῶντες</span> <span class='ocrx_word' id='word_1_573' title='bbox 221 2027 301 2061; x_wconf 84' lang='grc' dir='ltr'>λόγου</span> <span class='ocrx_word' id='word_1_574' title='bbox 314 2027 386 2060; x_wconf 76' lang='grc' dir='ltr'>ἄξια,</span> <span class='ocrx_word' id='word_1_575' title='bbox 396 2028 428 2053; x_wconf 84' lang='lat' dir='ltr'><strong>Ui.</strong></span> <span class='ocrx_word' id='word_1_576' title='bbox 443 2028 614 2055; x_wconf 83' lang='grc' dir='ltr'>Κατάδουποι</span> <span class='ocrx_word' id='word_1_577' title='bbox 627 2028 716 2064; x_wconf 84' lang='grc' dir='ltr'>γεώδη</span> <span class='ocrx_word' id='word_1_578' title='bbox 724 2029 786 2065; x_wconf 77' lang='grc' dir='ltr'>ὅρη,</span> <span class='ocrx_word' id='word_1_579' title='bbox 800 2038 881 2065; x_wconf 71' lang='grc' dir='ltr'><strong>παρα.⁴</strong></span> 
     </span>
    </p>
   </div>
   <div class='ocr_carea' id='block_1_80' title="bbox 937 2023 1724 2065">
    <p class='ocr_par' dir='ltr' id='par_1_80' title="bbox 937 2023 1724 2064">
     <span class='ocr_line' id='line_1_82' title="bbox 937 2023 1724 2064; baseline -0.009 -9"><span class='ocrx_word' id='word_1_580' title='bbox 937 2029 1014 2064; x_wconf 79' lang='lat' dir='ltr'><strong>digna</strong></span> <span class='ocrx_word' id='word_1_581' title='bbox 1026 2031 1091 2054; x_wconf 87' lang='lat' dir='ltr'><strong>sunt</strong></span> <span class='ocrx_word' id='word_1_582' title='bbox 1102 2026 1159 2054; x_wconf 63' lang='lat' dir='ltr'><strong>haec</strong></span> <span class='ocrx_word' id='word_1_583' title='bbox 1173 2035 1180 2053; x_wconf 91' lang='lat'>:</span> <span class='ocrx_word' id='word_1_584' title='bbox 1197 2025 1335 2060; x_wconf 89' lang='lat' dir='ltr'><strong>Catadupa</strong></span> <span class='ocrx_word' id='word_1_585' title='bbox 1349 2029 1455 2052; x_wconf 88' lang='lat' dir='ltr'><strong>montes</strong></span> <span class='ocrx_word' id='word_1_586' title='bbox 1469 2028 1532 2050; x_wconf 88' lang='lat' dir='ltr'><strong>sunt</strong></span> <span class='ocrx_word' id='word_1_587' title='bbox 1544 2023 1635 2055; x_wconf 83' lang='lat' dir='ltr'><strong>terrei,</strong></span> <span class='ocrx_word' id='word_1_588' title='bbox 1649 2023 1724 2051; x_wconf 88' lang='lat' dir='ltr'><strong>simi-</strong></span> 
     </span>
    </p>
   </div>
   <div class='ocr_carea' id='block_1_81' title="bbox 90 2068 881 2110">
    <p class='ocr_par' dir='ltr' id='par_1_81' title="bbox 90 2072 881 2110">
     <span class='ocr_line' id='line_1_83' title="bbox 90 2072 881 2110; baseline 0.003 -10"><span class='ocrx_word' id='word_1_589' title='bbox 90 2073 196 2108; x_wconf 77' lang='grc' dir='ltr'>πλήσια</span> <span class='ocrx_word' id='word_1_590' title='bbox 219 2073 257 2108; x_wconf 84' lang='grc' dir='ltr'>τῷ</span> <span class='ocrx_word' id='word_1_591' title='bbox 267 2073 375 2108; x_wconf 81' lang='grc' dir='ltr'><strong>Λυδῷ⁸⁵</strong></span> <span class='ocrx_word' id='word_1_592' title='bbox 388 2072 511 2108; x_wconf 55' lang='lat' dir='ltr'><strong>Tum-(19&#39;</strong></span> <span class='ocrx_word' id='word_1_593' title='bbox 536 2075 694 2110; x_wconf 74' lang='grc' dir='ltr'>κατάρρους</span> <span class='ocrx_word' id='word_1_594' title='bbox 722 2074 751 2101; x_wconf 83' lang='grc' dir='ltr'>δὲ</span> <span class='ocrx_word' id='word_1_595' title='bbox 770 2075 818 2102; x_wconf 83' lang='grc' dir='ltr'><strong>ἀπ’</strong></span> <span class='ocrx_word' id='word_1_596' title='bbox 834 2076 881 2102; x_wconf 87' lang='grc' dir='ltr'><strong>αὐ-</strong></span> 
     </span>
    </p>
   </div>
   <div class='ocr_carea' id='block_1_82' title="bbox 937 2068 1724 2110">
    <p class='ocr_par' dir='ltr' id='par_1_82' title="bbox 937 2068 1724 2107">
     <span class='ocr_line' id='line_1_84' title="bbox 937 2068 1724 2107; baseline -0.009 -6"><span class='ocrx_word' id='word_1_597' title='bbox 937 2074 973 2102; x_wconf 86' lang='lat' dir='ltr'><strong>Ies</strong></span> <span class='ocrx_word' id='word_1_598' title='bbox 989 2073 1099 2106; x_wconf 90' lang='lat' dir='ltr'><strong>Tmolo,</strong></span> <span class='ocrx_word' id='word_1_599' title='bbox 1118 2072 1165 2107; x_wconf 89' lang='lat' dir='ltr'><strong>qui</strong></span> <span class='ocrx_word' id='word_1_600' title='bbox 1184 2072 1210 2100; x_wconf 93' lang='lat' dir='ltr'><strong>in</strong></span> <span class='ocrx_word' id='word_1_601' title='bbox 1232 2071 1317 2107; x_wconf 85' lang='lat' dir='ltr'><strong>Lydia</strong></span> <span class='ocrx_word' id='word_1_602' title='bbox 1334 2075 1393 2104; x_wconf 83' lang='lat' dir='ltr'><strong>est,</strong></span> <span class='ocrx_word' id='word_1_603' title='bbox 1410 2071 1444 2098; x_wconf 85' lang='lat' dir='ltr'><strong>ab</strong></span> <span class='ocrx_word' id='word_1_604' title='bbox 1458 2070 1524 2104; x_wconf 80' lang='lat' dir='ltr'><strong>ipsis</strong></span> <span class='ocrx_word' id='word_1_605' title='bbox 1543 2074 1631 2096; x_wconf 77' lang='lat' dir='ltr'><strong>autem</strong></span> <span class='ocrx_word' id='word_1_606' title='bbox 1649 2068 1724 2095; x_wconf 76' lang='lat' dir='ltr'><strong>Nilus</strong></span> 
     </span>
    </p>
   </div>
   <div class='ocr_carea' id='block_1_83' title="bbox 89 2115 881 2156">
    <p class='ocr_par' dir='ltr' id='par_1_83' title="bbox 89 2119 881 2156">
     <span class='ocr_line' id='line_1_85' title="bbox 89 2119 881 2156; baseline 0.001 -9"><span class='ocrx_word' id='word_1_607' title='bbox 89 2120 144 2147; x_wconf 82' lang='grc' dir='ltr'><strong>τῶν</strong></span> <span class='ocrx_word' id='word_1_608' title='bbox 161 2120 275 2156; x_wconf 84' lang='grc' dir='ltr'>φέρεται</span> <span class='ocrx_word' id='word_1_609' title='bbox 290 2119 397 2153; x_wconf 83' lang='grc' dir='ltr'>Νεῖλος,</span> <span class='ocrx_word' id='word_1_610' title='bbox 410 2119 444 2155; x_wconf 79' lang='grc' dir='ltr'>ἢν</span> <span class='ocrx_word' id='word_1_611' title='bbox 465 2120 615 2147; x_wconf 71' lang='grc' dir='ltr'>ἐπισπᾶται</span> <span class='ocrx_word' id='word_1_612' title='bbox 633 2121 685 2156; x_wconf 82' lang='grc' dir='ltr'>γῆν</span> <span class='ocrx_word' id='word_1_613' title='bbox 699 2121 785 2148; x_wconf 84' lang='grc' dir='ltr'>ποιῶν</span> <span class='ocrx_word' id='word_1_614' title='bbox 796 2121 881 2155; x_wconf 85' lang='grc' dir='ltr'>Δίγυ-</span> 
     </span>
    </p>
   </div>
   <div class='ocr_carea' id='block_1_84' title="bbox 937 2115 1724 2156">
    <p class='ocr_par' dir='ltr' id='par_1_84' title="bbox 937 2115 1724 2153">
     <span class='ocr_line' id='line_1_86' title="bbox 937 2115 1724 2153; baseline -0.01 -5"><span class='ocrx_word' id='word_1_615' title='bbox 937 2120 1054 2148; x_wconf 85' lang='lat' dir='ltr'><strong>delluens</strong></span> <span class='ocrx_word' id='word_1_616' title='bbox 1068 2127 1102 2147; x_wconf 86' lang='lat' dir='ltr'><strong>ex</strong></span> <span class='ocrx_word' id='word_1_617' title='bbox 1115 2126 1146 2146; x_wconf 91' lang='lat' dir='ltr'><strong>ea</strong></span> <span class='ocrx_word' id='word_1_618' title='bbox 1163 2126 1243 2153; x_wconf 84' lang='lat' dir='ltr'><strong>quam</strong></span> <span class='ocrx_word' id='word_1_619' title='bbox 1259 2117 1350 2145; x_wconf 89' lang='lat' dir='ltr'><strong>avellit</strong></span> <span class='ocrx_word' id='word_1_620' title='bbox 1365 2122 1436 2144; x_wconf 88' lang='lat' dir='ltr'><strong>terra</strong></span> <span class='ocrx_word' id='word_1_621' title='bbox 1452 2115 1609 2151; x_wconf 74' lang='lat' dir='ltr'><strong>,JEgyptum</strong></span> <span class='ocrx_word' id='word_1_622' title='bbox 1627 2115 1724 2148; x_wconf 83' lang='lat' dir='ltr'><strong>impin-</strong></span> 
     </span>
    </p>
   </div>
   <div class='ocr_carea' id='block_1_85' title="bbox 89 2161 881 2205">
    <p class='ocr_par' dir='ltr' id='par_1_85' title="bbox 89 2163 881 2205">
     <span class='ocr_line' id='line_1_87' title="bbox 89 2163 881 2205; baseline 0 -11"><span class='ocrx_word' id='word_1_623' title='bbox 89 2163 172 2194; x_wconf 69' lang='lat' dir='ltr'><strong>mov.</strong></span> <span class='ocrx_word' id='word_1_624' title='bbox 199 2166 232 2193; x_wconf 82' lang='lat' dir='ltr'><strong>&#39;H</strong></span> <span class='ocrx_word' id='word_1_625' title='bbox 258 2167 287 2193; x_wconf 85' lang='grc' dir='ltr'>δὲ</span> <span class='ocrx_word' id='word_1_626' title='bbox 311 2166 371 2205; x_wconf 73' lang='grc' dir='ltr'><strong>ἠχὼ</strong></span> <span class='ocrx_word' id='word_1_627' title='bbox 387 2167 433 2194; x_wconf 82' lang='grc' dir='ltr'>τοῦ</span> <span class='ocrx_word' id='word_1_628' title='bbox 459 2167 596 2202; x_wconf 79' lang='grc' dir='ltr'>ῥεύματος</span> <span class='ocrx_word' id='word_1_629' title='bbox 621 2168 881 2203; x_wconf 78' lang='grc' dir='ltr'>καταρῤηγνυμένου</span> 
     </span>
    </p>
   </div>
   <div class='ocr_carea' id='block_1_86' title="bbox 937 2161 1724 2205">
    <p class='ocr_par' dir='ltr' id='par_1_86' title="bbox 937 2161 1724 2200">
     <span class='ocr_line' id='line_1_88' title="bbox 937 2161 1724 2200; baseline -0.009 -8"><span class='ocrx_word' id='word_1_630' title='bbox 937 2169 1012 2200; x_wconf 82' lang='lat' dir='ltr'><strong>gual.</strong></span> <span class='ocrx_word' id='word_1_631' title='bbox 1030 2164 1141 2192; x_wconf 88' lang='lat' dir='ltr'><strong>Sonitus</strong></span> <span class='ocrx_word' id='word_1_632' title='bbox 1156 2167 1247 2190; x_wconf 89' lang='lat' dir='ltr'><strong>autem</strong></span> <span class='ocrx_word' id='word_1_633' title='bbox 1261 2161 1391 2189; x_wconf 84' lang='lat' dir='ltr'><strong>ﬂuctuum</strong></span> <span class='ocrx_word' id='word_1_634' title='bbox 1403 2162 1566 2189; x_wconf 79' lang='lat' dir='ltr'><strong>ementibus</strong></span> <span class='ocrx_word' id='word_1_635' title='bbox 1578 2166 1724 2193; x_wconf 84' lang='lat' dir='ltr'><strong>erumpen-</strong></span> 
     </span>
    </p>
   </div>
   <div class='ocr_carea' id='block_1_87' title="bbox 87 2212 882 2249">
    <p class='ocr_par' dir='ltr' id='par_1_87' title="bbox 87 2212 882 2249">
     <span class='ocr_line' id='line_1_89' title="bbox 87 2212 882 2249; baseline 0 -9"><span class='ocrx_word' id='word_1_636' title='bbox 87 2213 145 2241; x_wconf 86' lang='grc' dir='ltr'><strong>τῶν</strong></span> <span class='ocrx_word' id='word_1_637' title='bbox 162 2212 245 2248; x_wconf 83' lang='grc' dir='ltr'>ὀρῶν,</span> <span class='ocrx_word' id='word_1_638' title='bbox 259 2213 307 2240; x_wconf 79' lang='grc' dir='ltr'><strong>καὶ</strong></span> <span class='ocrx_word' id='word_1_639' title='bbox 317 2213 397 2249; x_wconf 72' lang='grc' dir='ltr'>ψόφῳ</span> <span class='ocrx_word' id='word_1_640' title='bbox 414 2213 471 2248; x_wconf 72' lang='grc' dir='ltr'>ἅμα</span> <span class='ocrx_word' id='word_1_641' title='bbox 483 2213 512 2245; x_wconf 80' lang='grc' dir='ltr'>ἐς</span> <span class='ocrx_word' id='word_1_642' title='bbox 523 2213 569 2240; x_wconf 80' lang='grc' dir='ltr'>τὸν</span> <span class='ocrx_word' id='word_1_643' title='bbox 583 2213 678 2240; x_wconf 86' lang='grc' dir='ltr'>Νεῖλον</span> <span class='ocrx_word' id='word_1_644' title='bbox 689 2213 882 2248; x_wconf 79' lang='grc' dir='ltr'>ἐκπίπτοντος,</span> 
     </span>
    </p>
   </div>
   <div class='ocr_carea' id='block_1_88' title="bbox 89 2259 882 2296">
    <p class='ocr_par' dir='ltr' id='par_1_88' title="bbox 89 2259 882 2296">
     <span class='ocr_line' id='line_1_90' title="bbox 89 2259 882 2296; baseline 0.001 -10"><span class='ocrx_word' id='word_1_645' title='bbox 89 2259 197 2295; x_wconf 75' lang='grc' dir='ltr'>χαλεπὴ</span> <span class='ocrx_word' id='word_1_646' title='bbox 211 2259 285 2285; x_wconf 81' lang='grc' dir='ltr'>δοκεῖ</span> <span class='ocrx_word' id='word_1_647' title='bbox 301 2260 348 2287; x_wconf 80' lang='grc' dir='ltr'><strong>καὶ</strong></span> <span class='ocrx_word' id='word_1_648' title='bbox 370 2260 420 2287; x_wconf 81' lang='grc' dir='ltr'><strong>οὐκ</strong></span> <span class='ocrx_word' id='word_1_649' title='bbox 445 2260 546 2296; x_wconf 78' lang='grc' dir='ltr'>ἀνεκτὴ</span> <span class='ocrx_word' id='word_1_650' title='bbox 562 2259 677 2287; x_wconf 84' lang='grc' dir='ltr'>ἀκοῦσαι</span> <span class='ocrx_word' id='word_1_651' title='bbox 689 2267 697 2276; x_wconf 70' lang='grc' dir='ltr'><strong><em>ο</em></strong></span> <span class='ocrx_word' id='word_1_652' title='bbox 717 2261 764 2288; x_wconf 74' lang='grc' dir='ltr'><strong>καὶ</strong></span> <span class='ocrx_word' id='word_1_653' title='bbox 789 2259 882 2288; x_wconf 79' lang='grc' dir='ltr'>πολλοὶ</span> 
     </span>
    </p>
   </div>
   <div class='ocr_carea' id='block_1_89' title="bbox 88 2304 882 2342">
    <p class='ocr_par' dir='ltr' id='par_1_89' title="bbox 88 2304 882 2342">
     <span class='ocr_line' id='line_1_91' title="bbox 88 2304 882 2342; baseline 0.006 -12"><span class='ocrx_word' id='word_1_654' title='bbox 88 2304 145 2331; x_wconf 78' lang='grc' dir='ltr'><strong>τῶν</strong></span> <span class='ocrx_word' id='word_1_655' title='bbox 175 2305 271 2339; x_wconf 78' lang='grc' dir='ltr'>πρόσω</span> <span class='ocrx_word' id='word_1_656' title='bbox 299 2304 347 2331; x_wconf 81' lang='grc' dir='ltr'><strong>τοῦ</strong></span> <span class='ocrx_word' id='word_1_657' title='bbox 377 2305 489 2340; x_wconf 84' lang='grc' dir='ltr'>μετρίου</span> <span class='ocrx_word' id='word_1_658' title='bbox 518 2305 711 2342; x_wconf 81' lang='grc' dir='ltr'>προσελθόντες</span> <span class='ocrx_word' id='word_1_659' title='bbox 735 2306 882 2340; x_wconf 76' lang='grc' dir='ltr'>ἀνέζευξαν</span> 
     </span>
    </p>
   </div>
   <div class='ocr_carea' id='block_1_90' title="bbox 89 2349 490 2382">
    <p class='ocr_par' dir='ltr' id='par_1_90' title="bbox 89 2349 490 2382">
     <span class='ocr_line' id='line_1_92' title="bbox 89 2349 490 2382; baseline 0 -5"><span class='ocrx_word' id='word_1_660' title='bbox 89 2349 276 2381; x_wconf 77' lang='grc' dir='ltr'>ἀποϐαλόντες</span> <span class='ocrx_word' id='word_1_661' title='bbox 287 2350 311 2365; x_wconf 83' lang='grc'><strong>⁵⁸</strong></span> <span class='ocrx_word' id='word_1_662' title='bbox 325 2350 354 2376; x_wconf 85' lang='grc' dir='ltr'>τὸ</span> <span class='ocrx_word' id='word_1_663' title='bbox 369 2351 490 2382; x_wconf 73' lang='grc' dir='ltr'>ἀκούειν.</span> 
     </span>
    </p>
   </div>
   <div class='ocr_carea' id='block_1_91' title="bbox 126 2395 881 2432">
    <p class='ocr_par' dir='ltr' id='par_1_91' title="bbox 126 2395 881 2432">
     <span class='ocr_line' id='line_1_93' title="bbox 126 2395 881 2432; baseline 0.004 -11"><span class='ocrx_word' id='word_1_664' title='bbox 126 2395 252 2431; x_wconf 77' lang='grc' dir='ltr'>Προϊόντι</span> <span class='ocrx_word' id='word_1_665' title='bbox 265 2396 287 2412; x_wconf 82' lang='grc'><strong>⁸⁷</strong></span> <span class='ocrx_word' id='word_1_666' title='bbox 300 2395 328 2422; x_wconf 80' lang='grc' dir='ltr'>δὲ</span> <span class='ocrx_word' id='word_1_667' title='bbox 345 2395 384 2431; x_wconf 84' lang='grc' dir='ltr'>τῷ</span> <span class='ocrx_word' id='word_1_668' title='bbox 395 2395 565 2432; x_wconf 81' lang='grc' dir='ltr'>Ἀπολλωνίῳ</span> <span class='ocrx_word' id='word_1_669' title='bbox 581 2396 628 2423; x_wconf 71' lang='grc' dir='ltr'><strong>καὶ</strong></span> <span class='ocrx_word' id='word_1_670' title='bbox 645 2398 699 2428; x_wconf 84' lang='grc' dir='ltr'>τοῖς</span> <span class='ocrx_word' id='word_1_671' title='bbox 715 2397 784 2432; x_wconf 83' lang='grc' dir='ltr'>ἀμφ’</span> <span class='ocrx_word' id='word_1_672' title='bbox 800 2397 881 2424; x_wconf 80' lang='grc' dir='ltr'>αὑτὸν</span> 
     </span>
    </p>
   </div>
   <div class='ocr_carea' id='block_1_92' title="bbox 90 2440 882 2478">
    <p class='ocr_par' dir='ltr' id='par_1_92' title="bbox 90 2440 882 2478">
     <span class='ocr_line' id='line_1_94' title="bbox 90 2440 882 2478; baseline 0.004 -11"><span class='ocrx_word' id='word_1_673' title='bbox 90 2442 190 2476; x_wconf 75' lang='grc' dir='ltr'>μαστοὶ</span> <span class='ocrx_word' id='word_1_674' title='bbox 218 2441 289 2476; x_wconf 81' lang='grc' dir='ltr'>ὀρῶν</span> <span class='ocrx_word' id='word_1_675' title='bbox 319 2441 459 2476; x_wconf 77' lang='grc' dir='ltr'>ἐφαίνοντο</span> <span class='ocrx_word' id='word_1_676' title='bbox 487 2444 674 2477; x_wconf 82' lang='grc' dir='ltr'>παρεχόμεναι</span> <span class='ocrx_word' id='word_1_677' title='bbox 702 2443 814 2478; x_wconf 79' lang='grc' dir='ltr'>δένδρα,</span> <span class='ocrx_word' id='word_1_678' title='bbox 844 2440 882 2470; x_wconf 82' lang='grc' dir='ltr'>ὧν</span> 
     </span>
    </p>
   </div>
   <div class='ocr_carea' id='block_1_93' title="bbox 88 2487 881 2523">
    <p class='ocr_par' dir='ltr' id='par_1_93' title="bbox 88 2487 881 2523">
     <span class='ocr_line' id='line_1_95' title="bbox 88 2487 881 2523; baseline 0.003 -11"><span class='ocrx_word' id='word_1_679' title='bbox 88 2487 219 2518; x_wconf 70' lang='grc' dir='ltr'>Αἰθίοπες</span> <span class='ocrx_word' id='word_1_680' title='bbox 233 2487 267 2513; x_wconf 83' lang='grc' dir='ltr'>τὰ</span> <span class='ocrx_word' id='word_1_681' title='bbox 295 2487 384 2521; x_wconf 85' lang='grc' dir='ltr'>φύλλα</span> <span class='ocrx_word' id='word_1_682' title='bbox 401 2487 448 2513; x_wconf 74' lang='grc' dir='ltr'><strong>καὶ</strong></span> <span class='ocrx_word' id='word_1_683' title='bbox 478 2487 524 2514; x_wconf 80' lang='grc' dir='ltr'><strong>τὸν</strong></span> <span class='ocrx_word' id='word_1_684' title='bbox 539 2487 630 2521; x_wconf 79' lang='grc' dir='ltr'>φλοιὸν</span> <span class='ocrx_word' id='word_1_685' title='bbox 643 2487 691 2514; x_wconf 81' lang='grc' dir='ltr'>καὶ</span> <span class='ocrx_word' id='word_1_686' title='bbox 714 2487 744 2514; x_wconf 83' lang='grc' dir='ltr'>τὸ</span> <span class='ocrx_word' id='word_1_687' title='bbox 765 2488 881 2523; x_wconf 83' lang='grc' dir='ltr'>δάκρυον</span> 
     </span>
    </p>
   </div>
   <div class='ocr_carea' id='block_1_94' title="bbox 90 2531 883 2568">
    <p class='ocr_par' dir='ltr' id='par_1_94' title="bbox 90 2531 883 2568">
     <span class='ocr_line' id='line_1_96' title="bbox 90 2531 883 2568; baseline 0.003 -10"><span class='ocrx_word' id='word_1_688' title='bbox 90 2533 197 2568; x_wconf 70' lang='grc' dir='ltr'>καρπον</span> <span class='ocrx_word' id='word_1_689' title='bbox 214 2531 355 2568; x_wconf 75' lang='grc' dir='ltr'>ἡγοῦνται.</span> <span class='ocrx_word' id='word_1_690' title='bbox 378 2532 487 2568; x_wconf 82' lang='grc' dir='ltr'>Ἑώρων</span> <span class='ocrx_word' id='word_1_691' title='bbox 497 2532 526 2559; x_wconf 84' lang='grc' dir='ltr'>δὲ</span> <span class='ocrx_word' id='word_1_692' title='bbox 541 2533 588 2559; x_wconf 73' lang='grc' dir='ltr'><strong>καὶ</strong></span> <span class='ocrx_word' id='word_1_693' title='bbox 607 2533 717 2565; x_wconf 78' lang='grc' dir='ltr'>λέοντας</span> <span class='ocrx_word' id='word_1_694' title='bbox 732 2532 817 2568; x_wconf 83' lang='grc' dir='ltr'>ἀγχοῦ</span> <span class='ocrx_word' id='word_1_695' title='bbox 833 2533 883 2568; x_wconf 83' lang='grc' dir='ltr'>τῆς</span> 
     </span>
    </p>
   </div>
   <div class='ocr_carea' id='block_1_95' title="bbox 936 2206 1724 2244">
    <p class='ocr_par' dir='ltr' id='par_1_95' title="bbox 936 2206 1724 2244">
     <span class='ocr_line' id='line_1_97' title="bbox 936 2206 1724 2244; baseline -0.009 -6"><span class='ocrx_word' id='word_1_696' title='bbox 936 2212 1003 2238; x_wconf 90' lang='lat' dir='ltr'><strong>tium</strong></span> <span class='ocrx_word' id='word_1_697' title='bbox 1015 2215 1043 2238; x_wconf 86' lang='lat' dir='ltr'><strong>et</strong></span> <span class='ocrx_word' id='word_1_698' title='bbox 1055 2217 1117 2238; x_wconf 86' lang='lat' dir='ltr'><strong>cum</strong></span> <span class='ocrx_word' id='word_1_699' title='bbox 1135 2209 1250 2244; x_wconf 88' lang='lat' dir='ltr'><strong>strepitu</strong></span> <span class='ocrx_word' id='word_1_700' title='bbox 1267 2209 1293 2236; x_wconf 91' lang='lat' dir='ltr'><strong>in</strong></span> <span class='ocrx_word' id='word_1_701' title='bbox 1311 2208 1400 2236; x_wconf 87' lang='lat' dir='ltr'><strong>Nilqu</strong></span> <span class='ocrx_word' id='word_1_702' title='bbox 1417 2207 1570 2234; x_wconf 76' lang='lat' dir='ltr'><strong>cadentium</strong></span> <span class='ocrx_word' id='word_1_703' title='bbox 1590 2206 1724 2232; x_wconf 84' lang='lat' dir='ltr'><strong>horrenda</strong></span> 
     </span>
    </p>
   </div>
   <div class='ocr_carea' id='block_1_96' title="bbox 935 2251 1718 2292">
    <p class='ocr_par' dir='ltr' id='par_1_96' title="bbox 935 2251 1718 2292">
     <span class='ocr_line' id='line_1_98' title="bbox 935 2251 1718 2292; baseline -0.009 -8"><span class='ocrx_word' id='word_1_704' title='bbox 935 2256 1059 2292; x_wconf 58' lang='lat' dir='ltr'><strong>quaedam</strong></span> <span class='ocrx_word' id='word_1_705' title='bbox 1078 2263 1131 2288; x_wconf 85' lang='lat' dir='ltr'><strong>res,</strong></span> <span class='ocrx_word' id='word_1_706' title='bbox 1147 2259 1175 2282; x_wconf 91' lang='lat' dir='ltr'><strong>et</strong></span> <span class='ocrx_word' id='word_1_707' title='bbox 1191 2255 1283 2282; x_wconf 87' lang='lat' dir='ltr'><strong>auditu</strong></span> <span class='ocrx_word' id='word_1_708' title='bbox 1299 2253 1476 2281; x_wconf 87' lang='lat' dir='ltr'><strong>intolerabilis</strong></span> <span class='ocrx_word' id='word_1_709' title='bbox 1493 2257 1615 2287; x_wconf 83' lang='lat' dir='ltr'><strong>apparet.</strong></span> <span class='ocrx_word' id='word_1_710' title='bbox 1632 2251 1718 2278; x_wconf 87' lang='lat' dir='ltr'><strong>multi-</strong></span> 
     </span>
    </p>
   </div>
   <div class='ocr_carea' id='block_1_97' title="bbox 935 2299 1640 2338">
    <p class='ocr_par' dir='ltr' id='par_1_97' title="bbox 935 2299 1640 2338">
     <span class='ocr_line' id='line_1_99' title="bbox 935 2299 1640 2338; baseline -0.009 -7"><span class='ocrx_word' id='word_1_711' title='bbox 935 2310 988 2338; x_wconf 90' lang='lat' dir='ltr'><strong>que</strong></span> <span class='ocrx_word' id='word_1_712' title='bbox 1001 2309 1085 2338; x_wconf 88' lang='lat' dir='ltr'><strong>prope</strong></span> <span class='ocrx_word' id='word_1_713' title='bbox 1097 2302 1257 2329; x_wconf 83' lang='lat' dir='ltr'><strong>accedentes</strong></span> <span class='ocrx_word' id='word_1_714' title='bbox 1270 2301 1327 2336; x_wconf 77' lang='grc'><strong>(94)</strong></span> <span class='ocrx_word' id='word_1_715' title='bbox 1345 2301 1465 2327; x_wconf 81' lang='lat' dir='ltr'><strong>auditum</strong></span> <span class='ocrx_word' id='word_1_716' title='bbox 1480 2299 1640 2326; x_wconf 80' lang='lat' dir='ltr'><strong>uiuiserunt.</strong></span> 
     </span>
    </p>
   </div>
   <div class='ocr_carea' id='block_1_98' title="bbox 970 2390 1710 2426">
    <p class='ocr_par' dir='ltr' id='par_1_98' title="bbox 970 2390 1710 2426">
     <span class='ocr_line' id='line_1_100' title="bbox 970 2390 1710 2426; baseline -0.004 -6"><span class='ocrx_word' id='word_1_717' title='bbox 970 2392 1129 2420; x_wconf 86' lang='lat' dir='ltr'><strong>Procedenti</strong></span> <span class='ocrx_word' id='word_1_718' title='bbox 1145 2396 1234 2420; x_wconf 82' lang='lat' dir='ltr'><strong>autem</strong></span> <span class='ocrx_word' id='word_1_719' title='bbox 1248 2391 1386 2426; x_wconf 83' lang='lat' dir='ltr'><strong>Apollonio</strong></span> <span class='ocrx_word' id='word_1_720' title='bbox 1398 2391 1509 2426; x_wconf 75' lang='lat' dir='ltr'><strong>eiusque</strong></span> <span class='ocrx_word' id='word_1_721' title='bbox 1522 2390 1667 2418; x_wconf 88' lang='lat' dir='ltr'><strong>comitibus</strong></span> <span class='ocrx_word' id='word_1_722' title='bbox 1681 2394 1710 2418; x_wconf 86' lang='lat' dir='ltr'><strong>tu</strong></span> 
     </span>
    </p>
   </div>
   <div class='ocr_carea' id='block_1_99' title="bbox 936 2436 1710 2474">
    <p class='ocr_par' dir='ltr' id='par_1_99' title="bbox 936 2436 1710 2474">
     <span class='ocr_line' id='line_1_101' title="bbox 936 2436 1710 2474; baseline -0.004 -8"><span class='ocrx_word' id='word_1_723' title='bbox 936 2439 1000 2467; x_wconf 92' lang='lat' dir='ltr'><strong>muli</strong></span> <span class='ocrx_word' id='word_1_724' title='bbox 1023 2443 1206 2474; x_wconf 86' lang='lat' dir='ltr'><strong>apparuerunt</strong></span> <span class='ocrx_word' id='word_1_725' title='bbox 1225 2439 1337 2467; x_wconf 83' lang='lat' dir='ltr'><strong>arbores</strong></span> <span class='ocrx_word' id='word_1_726' title='bbox 1356 2438 1494 2465; x_wconf 80' lang='lat' dir='ltr'><strong>ferentes:</strong></span> <span class='ocrx_word' id='word_1_727' title='bbox 1511 2445 1625 2472; x_wconf 83' lang='lat' dir='ltr'><strong>quarum</strong></span> <span class='ocrx_word' id='word_1_728' title='bbox 1649 2436 1710 2464; x_wconf 83' lang='lat' dir='ltr'><strong>folia</strong></span> 
     </span>
    </p>
   </div>
   <div class='ocr_carea' id='block_1_100' title="bbox 935 2482 1724 2520">
    <p class='ocr_par' dir='ltr' id='par_1_100' title="bbox 935 2482 1724 2520">
     <span class='ocr_line' id='line_1_102' title="bbox 935 2482 1724 2520; baseline -0.005 -8"><span class='ocrx_word' id='word_1_729' title='bbox 935 2485 1122 2519; x_wconf 84' lang='lat' dir='ltr'><strong>corticemque</strong></span> <span class='ocrx_word' id='word_1_730' title='bbox 1143 2489 1172 2512; x_wconf 89' lang='lat' dir='ltr'><strong>et</strong></span> <span class='ocrx_word' id='word_1_731' title='bbox 1195 2485 1327 2520; x_wconf 86' lang='lat' dir='ltr'><strong>lacrymas</strong></span> <span class='ocrx_word' id='word_1_732' title='bbox 1351 2485 1421 2511; x_wconf 89' lang='lat' dir='ltr'><strong>inter</strong></span> <span class='ocrx_word' id='word_1_733' title='bbox 1443 2484 1545 2511; x_wconf 85' lang='lat' dir='ltr'><strong>fructus</strong></span> <span class='ocrx_word' id='word_1_734' title='bbox 1567 2482 1724 2517; x_wconf 62' lang='lat' dir='ltr'><strong>[Ethiopqu</strong></span> 
     </span>
    </p>
   </div>
   <div class='ocr_carea' id='block_1_101' title="bbox 935 2530 1715 2563">
    <p class='ocr_par' dir='ltr' id='par_1_101' title="bbox 935 2530 1715 2563">
     <span class='ocr_line' id='line_1_103' title="bbox 935 2530 1715 2563; baseline -0.003 -5"><span class='ocrx_word' id='word_1_735' title='bbox 935 2535 1090 2559; x_wconf 87' lang='lat' dir='ltr'><strong>numerant.</strong></span> <span class='ocrx_word' id='word_1_736' title='bbox 1112 2530 1241 2558; x_wconf 87' lang='lat' dir='ltr'><strong>Viderunt</strong></span> <span class='ocrx_word' id='word_1_737' title='bbox 1261 2530 1343 2559; x_wconf 87' lang='lat' dir='ltr'><strong>etiam</strong></span> <span class='ocrx_word' id='word_1_738' title='bbox 1361 2537 1441 2558; x_wconf 87' lang='lat' dir='ltr'><strong>secus</strong></span> <span class='ocrx_word' id='word_1_739' title='bbox 1455 2530 1526 2558; x_wconf 84' lang='lat' dir='ltr'><strong>viam</strong></span> <span class='ocrx_word' id='word_1_740' title='bbox 1540 2530 1644 2561; x_wconf 79' lang='lat' dir='ltr'><strong>leones,</strong></span> <span class='ocrx_word' id='word_1_741' title='bbox 1658 2534 1715 2563; x_wconf 71' lang='lat' dir='ltr'><strong>patr</strong></span> 
     </span>
    </p>
   </div>
   <div class='ocr_carea' id='block_1_102' title="bbox 713 2620 1057 2649">
    <p class='ocr_par' dir='ltr' id='par_1_102' title="bbox 713 2620 1057 2649">
     <span class='ocr_line' id='line_1_104' title="bbox 713 2620 1057 2649; baseline 0 -1"><span class='ocrx_word' id='word_1_742' title='bbox 713 2620 831 2649; x_wconf 68' lang='lat' dir='ltr'><strong>VARUE</strong></span> <span class='ocrx_word' id='word_1_743' title='bbox 852 2620 1057 2649; x_wconf 71' lang='lat' dir='ltr'><strong>LECTIONES.</strong></span> 
     </span>
    </p>
   </div>
   <div class='ocr_carea' id='block_1_103' title="bbox 127 2677 743 2714">
    <p class='ocr_par' dir='ltr' id='par_1_103' title="bbox 127 2677 743 2714">
     <span class='ocr_line' id='line_1_105' title="bbox 127 2677 743 2714; baseline 0.002 -10"><span class='ocrx_word' id='word_1_744' title='bbox 127 2678 149 2694; x_wconf 82' lang='lat'><strong>&quot;</strong></span> <span class='ocrx_word' id='word_1_745' title='bbox 162 2677 314 2714; x_wconf 74' lang='grc' dir='ltr'>Αἰθιόπων]</span> <span class='ocrx_word' id='word_1_746' title='bbox 327 2686 364 2712; x_wconf 81' lang='lat' dir='ltr'><strong>vr,</strong></span> <span class='ocrx_word' id='word_1_747' title='bbox 376 2679 404 2705; x_wconf 72' lang='grc'>2.</span> <span class='ocrx_word' id='word_1_748' title='bbox 442 2679 465 2694; x_wconf 77' lang='grc'><strong>⁸⁸</strong></span> <span class='ocrx_word' id='word_1_749' title='bbox 480 2677 528 2706; x_wconf 67' lang='grc' dir='ltr'><strong>καὶ</strong></span> <span class='ocrx_word' id='word_1_750' title='bbox 542 2679 608 2714; x_wconf 90' lang='grc' dir='ltr'>λίνῳ</span> <span class='ocrx_word' id='word_1_751' title='bbox 620 2686 675 2707; x_wconf 88' lang='lat' dir='ltr'><strong>om.</strong></span> <span class='ocrx_word' id='word_1_752' title='bbox 688 2679 743 2706; x_wconf 76' lang='lat' dir='ltr'><strong>AB.</strong></span> 
     </span>
    </p>
   </div>
   <div class='ocr_carea' id='block_1_104' title="bbox 90 2712 400 2748">
    <p class='ocr_par' dir='ltr' id='par_1_104' title="bbox 90 2712 400 2748">
     <span class='ocr_line' id='line_1_106' title="bbox 90 2712 400 2748; baseline 0 -9"><span class='ocrx_word' id='word_1_753' title='bbox 90 2712 112 2729; x_wconf 82' lang='lat'>“</span> <span class='ocrx_word' id='word_1_754' title='bbox 130 2712 339 2748; x_wconf 67' lang='grc' dir='ltr'>ἁφικόμενοςᾉ.</span> <span class='ocrx_word' id='word_1_755' title='bbox 378 2714 400 2730; x_wconf 74' lang='grc'><strong><em>⁵⁸</em></strong></span> 
     </span>
    </p>
   </div>
   <div class='ocr_carea' id='block_1_105' title="bbox 90 2747 739 2785">
    <p class='ocr_par' dir='ltr' id='par_1_105' title="bbox 90 2747 739 2785">
     <span class='ocr_line' id='line_1_107' title="bbox 90 2747 739 2785; baseline 0.002 -10"><span class='ocrx_word' id='word_1_756' title='bbox 90 2748 115 2764; x_wconf 83' lang='grc'><strong><em>⁸⁸</em></strong></span> <span class='ocrx_word' id='word_1_757' title='bbox 131 2749 190 2776; x_wconf 82' lang='lat' dir='ltr'><strong>libri</strong></span> <span class='ocrx_word' id='word_1_758' title='bbox 205 2747 427 2781; x_wconf 50' lang='grc' dir='ltr'>ἁποθάλλοντεςί</span> <span class='ocrx_word' id='word_1_759' title='bbox 459 2749 483 2765; x_wconf 82' lang='grc'>⁸⁷</span> <span class='ocrx_word' id='word_1_760' title='bbox 498 2748 631 2785; x_wconf 87' lang='grc' dir='ltr'>προῖόντι]</span> <span class='ocrx_word' id='word_1_761' title='bbox 643 2756 679 2782; x_wconf 89' lang='lat' dir='ltr'><strong>vt,</strong></span> <span class='ocrx_word' id='word_1_762' title='bbox 695 2749 739 2777; x_wconf 67' lang='grc'><strong>24.</strong></span> 
     </span>
    </p>
   </div>
   <div class='ocr_carea' id='block_1_106' title="bbox 798 2679 1068 2715">
    <p class='ocr_par' dir='ltr' id='par_1_106' title="bbox 798 2679 1068 2715">
     <span class='ocr_line' id='line_1_108' title="bbox 798 2679 1068 2715; baseline 0 -9"><span class='ocrx_word' id='word_1_763' title='bbox 798 2680 819 2697; x_wconf 64' lang='grc' dir='ltr'><strong>δ’</strong></span> <span class='ocrx_word' id='word_1_764' title='bbox 837 2679 973 2715; x_wconf 75' lang='grc' dir='ltr'>ἐντεῦθεν]</span> <span class='ocrx_word' id='word_1_765' title='bbox 987 2688 1022 2712; x_wconf 85' lang='lat'><strong>\1,</strong></span> <span class='ocrx_word' id='word_1_766' title='bbox 1041 2680 1068 2706; x_wconf 77' lang='grc'>5.</span> 
     </span>
    </p>
   </div>
   <div class='ocr_carea' id='block_1_107' title="bbox 415 2712 1724 2751">
    <p class='ocr_par' dir='ltr' id='par_1_107' title="bbox 415 2712 1724 2751">
     <span class='ocr_line' id='line_1_109' title="bbox 415 2712 1724 2751; baseline -0.002 -11"><span class='ocrx_word' id='word_1_767' title='bbox 415 2714 483 2751; x_wconf 66' lang='grc' dir='ltr'><strong>φασί</strong></span> <span class='ocrx_word' id='word_1_768' title='bbox 498 2722 528 2746; x_wconf 85' lang='grc' dir='ltr'><strong>ς.</strong></span> <span class='ocrx_word' id='word_1_769' title='bbox 566 2712 686 2751; x_wconf 63' lang='lat' dir='ltr'><strong>‘_&quot;b_om.</strong></span> <span class='ocrx_word' id='word_1_770' title='bbox 699 2715 732 2751; x_wconf 48' lang='lat' dir='ltr'><strong>5h.</strong></span> <span class='ocrx_word' id='word_1_771' title='bbox 773 2714 795 2730; x_wconf 86' lang='lat'><strong>&quot;</strong></span> <span class='ocrx_word' id='word_1_772' title='bbox 811 2712 1012 2751; x_wconf 72' lang='grc' dir='ltr'>συνδιατρ.]”νι,</span> <span class='ocrx_word' id='word_1_773' title='bbox 1027 2716 1072 2743; x_wconf 72' lang='grc'>25.</span> <span class='ocrx_word' id='word_1_774' title='bbox 1109 2716 1134 2731; x_wconf 82' lang='grc'><strong><em>³⁸</em></strong></span> <span class='ocrx_word' id='word_1_775' title='bbox 1146 2712 1184 2750; x_wconf 67' lang='grc' dir='ltr'>τῷ</span> <span class='ocrx_word' id='word_1_776' title='bbox 1201 2715 1271 2751; x_wconf 69' lang='grc' dir='ltr'>λιιδῴ</span> <span class='ocrx_word' id='word_1_777' title='bbox 1285 2716 1303 2742; x_wconf 85' lang='grc' dir='ltr'><strong><em>Β</em></strong></span> <span class='ocrx_word' id='word_1_778' title='bbox 1321 2720 1348 2742; x_wconf 90' lang='lat' dir='ltr'><strong>ct</strong></span> <span class='ocrx_word' id='word_1_779' title='bbox 1363 2722 1436 2743; x_wconf 82' lang='lat' dir='ltr'><strong>corr.</strong></span> <span class='ocrx_word' id='word_1_780' title='bbox 1454 2715 1474 2741; x_wconf 76' lang='grc' dir='ltr'><strong>Α</strong></span> <span class='ocrx_word' id='word_1_781' title='bbox 1495 2722 1501 2740; x_wconf 88' lang='lat'>:</span> <span class='ocrx_word' id='word_1_782' title='bbox 1515 2712 1570 2741; x_wconf 82' lang='grc' dir='ltr'>τῶν</span> <span class='ocrx_word' id='word_1_783' title='bbox 1582 2712 1676 2740; x_wconf 82' lang='grc' dir='ltr'>Λυδῶν</span> <span class='ocrx_word' id='word_1_784' title='bbox 1690 2720 1724 2745; x_wconf 82' lang='grc' dir='ltr'>ς,</span> 
     </span>
    </p>
   </div>
   <div class='ocr_carea' id='block_1_108' title="bbox 1108 2677 1722 2715">
    <p class='ocr_par' dir='ltr' id='par_1_108' title="bbox 1108 2677 1722 2715">
     <span class='ocr_line' id='line_1_110' title="bbox 1108 2677 1722 2715; baseline -0.005 -9"><span class='ocrx_word' id='word_1_785' title='bbox 1108 2680 1130 2696; x_wconf 76' lang='grc'><strong>⁵⁸</strong></span> <span class='ocrx_word' id='word_1_786' title='bbox 1141 2680 1275 2715; x_wconf 69' lang='grc' dir='ltr'>τιμασίων</span> <span class='ocrx_word' id='word_1_787' title='bbox 1303 2680 1358 2707; x_wconf 84' lang='lat' dir='ltr'><strong>Bet</strong></span> <span class='ocrx_word' id='word_1_788' title='bbox 1387 2687 1460 2707; x_wconf 89' lang='lat' dir='ltr'><strong>corr.</strong></span> <span class='ocrx_word' id='word_1_789' title='bbox 1489 2677 1509 2705; x_wconf 79' lang='grc' dir='ltr'>Α</span> <span class='ocrx_word' id='word_1_790' title='bbox 1531 2685 1676 2715; x_wconf 53' lang='grc' dir='ltr'>ε-τιμασιον</span> <span class='ocrx_word' id='word_1_791' title='bbox 1690 2684 1722 2709; x_wconf 81' lang='grc' dir='ltr'><strong>ς.</strong></span> 
     </span>
    </p>
   </div>
   <div class='ocr_carea' id='block_1_109' title="bbox 841 2808 954 2835">
    <p class='ocr_par' dir='ltr' id='par_1_109' title="bbox 841 2808 954 2835">
     <span class='ocr_line' id='line_1_111' title="bbox 841 2808 954 2835; baseline 0 0"><span class='ocrx_word' id='word_1_792' title='bbox 841 2808 954 2835; x_wconf 64' lang='grc' dir='ltr'>ΝΟΤλΕ.</span> 
     </span>
    </p>
   </div>
   <div class='ocr_carea' id='block_1_110' title="bbox 129 2808 1373 2890">
    <p class='ocr_par' dir='ltr' id='par_1_110' title="bbox 129 2808 1373 2890">
     <span class='ocr_line' id='line_1_112' title="bbox 841 2808 954 2835; baseline 0.009 -1"><span class='ocrx_word' id='word_1_793' title='bbox 841 2809 860 2834; x_wconf 80' lang='lat'><strong>‘\&#39;</strong></span> <span class='ocrx_word' id='word_1_794' title='bbox 937 2808 954 2835; x_wconf 90' lang='grc'>’.</span> 
     </span>
     <span class='ocr_line' id='line_1_113' title="bbox 129 2808 1373 2890; baseline 0.001 -10"><span class='ocrx_word' id='word_1_795' title='bbox 129 2852 187 2888; x_wconf 67' lang='lat' dir='ltr'><strong>(tu)</strong></span> <span class='ocrx_word' id='word_1_796' title='bbox 206 2851 280 2889; x_wconf 39' lang='lat' dir='ltr'><strong>,Vide</strong></span> <span class='ocrx_word' id='word_1_797' title='bbox 295 2853 337 2889; x_wconf 67' lang='grc' dir='ltr'><strong>,ἀι</strong></span> <span class='ocrx_word' id='word_1_798' title='bbox 351 2852 506 2890; x_wconf 82' lang='lat' dir='ltr'><strong>_Catadupia</strong></span> <span class='ocrx_word' id='word_1_799' title='bbox 529 2853 688 2883; x_wconf 71' lang='lat' dir='ltr'><strong>Ciceronem</strong></span> <span class='ocrx_word' id='word_1_800' title='bbox 716 2855 741 2882; x_wconf 88' lang='lat' dir='ltr'><strong>in</strong></span> <span class='ocrx_word' id='word_1_801' title='bbox 768 2808 1034 2890; x_wconf 47' lang='lat' dir='ltr'><strong>SouinifTSILt-ipionis</strong></span> <span class='ocrx_word' id='word_1_802' title='bbox 1045 2874 1052 2887; x_wconf 86' lang='lat'><strong>,</strong></span> <span class='ocrx_word' id='word_1_803' title='bbox 1067 2854 1114 2884; x_wconf 89' lang='lat' dir='ltr'><strong>lib.</strong></span> <span class='ocrx_word' id='word_1_804' title='bbox 1134 2863 1159 2882; x_wconf 76' lang='lat' dir='ltr'><strong>vr</strong></span> <span class='ocrx_word' id='word_1_805' title='bbox 1176 2854 1213 2884; x_wconf 74' lang='lat' dir='ltr'><strong>De</strong></span> <span class='ocrx_word' id='word_1_806' title='bbox 1229 2855 1373 2890; x_wconf 69' lang='lat' dir='ltr'><strong>republica,</strong></span> 
     </span>
    </p>
   </div>
  </div>
