1919 3096
157 104 227 138 1235

730 106 861 137 ΡΗΟἸἮ
881 107 1134 139 ΡΑΤΒΙΑΒΕΗΕ
1148 110 1203 141 CP.

1727 111 1804 145 ωδε

161 163 269 194 theras,
293 165 320 189 et
340 160 407 190 alias
420 161 575 196 hujusmodi
600 160 681 194 feras,
703 169 819 197 quarum
834 162 906 190 nulla
927 165 953 190 in

1020 164 1066 191 δοῦ
1080 166 1128 192 καὶ
1139 167 1288 202 παρδάλεις
1300 167 1346 194 καὶ
1359 167 1470 194 τοιαῦτα
1481 166 1563 203 θηρία
1574 175 1657 202 ετερα
1666 175 1675 183 ο
1687 167 1771 203 ἐπῄει
1780 168 1804 184 ⁵⁸

158 215 207 236 eos
222 208 353 244 impetum
366 207 457 235 facere
472 207 596 240 tentavit.
608 208 655 235 sed
669 211 799 243 tanquam
813 209 953 236 hominum

159 260 337 290 conspectum
355 258 496 289 stupentes
513 254 688 289 praeteribant
709 263 716 281 :
733 262 829 282 cervos
845 256 956 290 insuper

160 306 189 328 et
200 309 325 336 capreas,
339 300 564 335 struthionesque
574 304 602 328 et
616 300 712 328 asinos
726 300 867 328 silvestres
879 308 956 328 como

160 346 264 380 plures,
280 350 308 373 et
322 345 480 372 animalium
500 346 575 373 varia
590 353 688 380 genera
698 365 706 378 ,
721 345 793 373 inter
805 354 867 381 quae
881 346 957 374 fuere

161 392 300 420 silvestres
322 392 405 420 boves
423 397 450 419 et
472 392 643 420 hircoboves.
662 392 731 420 Sunt
745 399 835 421 autem
861 393 957 428 hujus-

162 438 234 466 modi
248 438 398 466 belluarum
421 438 481 465 alia:
503 446 536 466 ex
554 446 634 466 cervo
645 438 777 473 hircoque
790 439 956 474 compositae,

162 491 223 518 qua:
245 491 278 511 ex
294 484 409 511 diversis
427 485 674 512 denominalionem
692 485 803 519 capiunt
832 485 958 512 animali-

162 530 225 557 bus.
250 529 319 557 Ossa
345 530 456 565 insuper
483 531 635 565 hujusmodi
658 530 776 558 ferarum
801 535 828 558 et
851 539 958 558 semesa

163 576 320 604 earumdem
333 577 465 604 cadavera
479 577 651 604 invenerunt.
669 576 774 604 Leones
787 578 859 604 enim
872 576 959 604 calida

163 622 254 656 praeda
279 621 362 649 semel
389 622 521 655 saturati,
553 621 651 657 330i:
685 622 816 657 reliquias
845 622 960 657 amplius

166 667 303 702 attingere
314 667 505 702 dedignamur,
516 668 692 701 confidentes,
705 673 734 696 ut
744 669 850 703 opinor,
864 676 960 696 novam

166 720 263 740 rursus
275 720 304 740 sc
319 713 437 745 praedam
454 720 533 748 posse
545 714 652 740 venari.

203 757 259 785 Illic
286 757 428 794 Ethiopes
448 759 570 786 habitant
596 759 729 787 Nomades
753 761 891 795 appellati,
915 761 962 796 qui

167 804 293 831 civitates
308 804 334 830 in
350 804 476 832 curribus
491 806 594 840 positas
613 805 723 833 habent.
741 805 860 834 Proximi
873 813 961 834 autem

166 849 222 877 illis
235 854 307 884 sunt,
321 850 365 884 qui
380 850 538 885 elephantes
549 856 694 884 venantur,
708 852 822 886 illosque
838 853 865 879 in
875 852 961 880 frusta

166 896 268 924 divisos
298 898 433 930 vendunt,
454 898 526 925 unde
547 905 697 933 cognomen
718 898 808 933 adepti
830 898 962 932 Elephan-

167 943 274 978 tapltagt'
306 948 448 971 vocantur.
480 943 650 972 Nasamones
675 948 703 972 et
726 945 960 981 Anthropophagi,

165 987 286 1023 Pygmaei
309 996 417 1024 quoque
432 994 459 1017 et
473 988 635 1024 Sciapodes,
659 990 697 1022 hi,
725 990 851 1025 inquam,
868 999 962 1019 omnes

165 1033 312 1068 Ethiopian
327 1039 421 1070 gentes
433 1039 514 1068 sunt,
533 1036 696 1070 perveniunt
711 1041 803 1063 autem
826 1037 858 1064 ad
876 1037 961 1064 Ocea-

164 1087 229 1107 num
254 1080 418 1116 Ethiopiae,
441 1089 496 1117 quo
517 1082 605 1110 solum
629 1083 655 1110 vi
683 1083 854 1119 tempestatis
879 1084 962 1111 delati

166 1126 245 1154 inviti
267 1126 415 1161 trajiciunt.
958 1127 961 1130 ’

200 1172 266 1200 Cum
286 1172 323 1199 illi
345 1173 378 1200 de
398 1172 467 1200 feris
489 1181 557 1209 quas
577 1174 703 1202 viderant
722 1175 912 1210 loquerentur,
935 1180 963 1203 et

165 1222 291 1245 naturam
311 1218 524 1251 admirarentur,
541 1228 601 1255 quae
620 1226 673 1248 tam
700 1222 776 1249 varia
798 1222 963 1257 diversaque

165 1264 322 1293 animalium
348 1272 447 1299 genera
470 1267 574 1300 pascit,
605 1268 710 1295 sonitus
735 1267 844 1303 quidam
867 1275 961 1296 eorum

165 1318 246 1338 aures
268 1311 420 1345 percussit.
445 1317 574 1347 tanquam
596 1314 698 1341 tonitru
721 1315 841 1341 nondum
861 1314 962 1342 invale-

166 1357 280 1389 sceutis,
297 1357 344 1384 sed
361 1357 451 1384 adhuc
464 1358 534 1385 intra
549 1359 629 1386 nubis
641 1360 839 1387 concavitatem
854 1360 961 1388 inclusi.

166 1401 236 1429 Tum
259 1400 396 1429 Timasion
412 1411 419 1429 :
436 1401 523 1437 Prope
537 1408 585 1434 est.
603 1403 700 1438 inquit,
716 1406 799 1438 ouiri,
813 1409 961 1437 cataracta,

166 1455 227 1482 qua:
254 1448 453 1476 ascendentibus
487 1450 591 1484 prima,
618 1450 834 1477 descendentibus
866 1451 963 1478 ultima

168 1494 300 1527 occurrit,
326 1499 441 1529 quatuor
458 1496 527 1522 enim
545 1500 617 1522 sunt.
644 1496 746 1523 Deinde
767 1496 854 1523 stadia
879 1496 963 1524 ferme

169 1539 261 1567 decem
275 1540 420 1575 progressi.
435 1541 559 1569 viderunt
569 1540 679 1568 fluvium
693 1549 725 1569 ex
739 1547 829 1570 monte
840 1542 961 1570 defluen-

170 1591 235 1619 tem,
248 1586 332 1614 nihilo
349 1587 478 1621 majorem
493 1595 573 1622 quam
591 1587 699 1623 Marsya
711 1589 755 1620 sit,
771 1594 853 1623 atque
866 1588 966 1616 Mamu-

170 1632 229 1664 der,
249 1632 293 1659 ubi
312 1633 428 1667 primum
448 1634 474 1660 in
491 1642 573 1661 unum
591 1633 749 1668 confluunt,
767 1634 881 1662 ulterius
901 1642 966 1662 vero

169 1685 371 1713 processerunt,
384 1687 433 1707 nec
448 1681 517 1708 ullas
527 1681 646 1715 amplius
658 1680 730 1708 feras
744 1681 881 1708 videbant.
898 1680 965 1707 Nam

171 1732 232 1751 cum
249 1725 303 1752 sint
319 1730 415 1752 natura
435 1726 555 1760 pavidae,
574 1727 653 1761 juxta
667 1727 773 1761 quietas
787 1734 872 1761 aquas
887 1726 965 1754 habi-

170 1774 231 1798 tant
250 1772 350 1806 potius,
369 1780 449 1807 quam
461 1772 538 1808 juxta
553 1773 729 1808 confragosas
752 1778 780 1800 et
803 1774 967 1808 obstrepen-

172 1821 223 1844 tes.
241 1816 304 1844 Inde
319 1823 380 1852 post
397 1819 482 1845 stadia
500 1818 585 1846 ferme
601 1819 755 1853 quindecim
777 1818 856 1845 aliam
873 1819 967 1846 audie—

171 1868 236 1890 runt
262 1868 427 1890 cataractam:
454 1863 589 1898 ditlicilem
621 1872 686 1892 sane
715 1869 742 1891 et
771 1864 967 1892 intolerabilem

172 1909 311 1941 auditu,et
328 1917 387 1944 qua:
397 1910 514 1944 priorem
527 1911 606 1946 duplo
621 1910 706 1938 ferme
714 1917 856 1946 superaret
869 1919 967 1947 :qnam

172 1961 234 1980 cum
257 1961 290 1981 ex
306 1954 364 1982 loco
385 1955 463 1990 longe
484 1963 565 1989 quam
589 1956 662 1990 prior
685 1957 782 1985 altiore
804 1957 967 1992 pra'cipitari

171 2000 286 2028 vidisset
297 2001 401 2034 Darnis,
416 2003 530 2029 COIIIilCS
544 2002 658 2037 aliquos,
671 2007 726 2029 tum
740 2004 822 2030 etiam
835 2005 966 2038 seipsum,

173 2045 211 2073 ita
234 2046 400 2081 stupefactos
419 2049 531 2076 auribus
554 2048 654 2081 refert,
679 2054 708 2076 ut
727 2057 756 2076 se
777 2050 810 2076 al)
827 2050 969 2083 Apollonio

174 2098 357 2125 semoverent,
377 2100 559 2129 rogarentqu
571 2102 604 2121 ne
618 2095 733 2122 ulterius
747 2097 967 2130 progrederetur.

173 2138 273 2166 Verum
297 2140 342 2167 ille
366 2146 524 2168 constanter
547 2140 607 2168 ΝιΙο
629 2143 745 2176 quodam
771 2143 968 2176 Ilotllitlc‘dun-

1005 211 1035 238 δὲ
1046 212 1123 239 οὐδὲν
1146 213 1249 246 αὐτοῖς,
1269 213 1328 240 ἀλλ’
1345 213 1474 250 ὰπεπήδα
1498 213 1573 248 σφῶν
1593 213 1689 250 ὥσπερ
1716 215 1805 241 ἐκπε-

1007 257 1154 293 πληγμένα
1168 259 1232 291 τοὺς
1249 259 1422 296 ἀνθρώπους.
1437 260 1552 294 Ἐλαφοι
1568 259 1595 286 δὲ
1613 261 1660 287 καὶ
1670 260 1806 296 δορκάδες

1007 304 1055 330 καὶ
1070 304 1194 339 στρουθοὶ
1208 306 1254 332 καὶ
1271 305 1337 338 om,
1349 306 1434 333 πολλᾶ
1449 306 1499 340 μὲν
1515 306 1561 332 καὶ
1578 306 1667 333 ταῦτα
1685 307 1805 340 ἑωρᾶτο,

1007 350 1122 378 πλεῖστα
1136 351 1164 378 δὲ
1179 353 1204 378 οξ
1217 352 1329 388 βόαγροί
1342 361 1372 379 τε
1389 354 1435 380 καὶ
1450 353 1474 380 οἱ
1490 353 1649 388 βούτραγοι·
1664 352 1747 388 [1016
1755 351 1805 388 R.]

1009 396 1153 431 σύγκειται
1167 398 1196 424 δὲ
1211 399 1244 424 τὰ
1258 398 1340 434 θηρία
1359 398 1456 431 ταῦτα,
1473 399 1504 425 τὸ
1524 399 1574 433 μὲν
1592 399 1692 433 ἐλάφου
1708 407 1740 425 τε
1755 399 1806 425 καὶ

1007 443 1122 478 τράγου,
1136 444 1166 470 τὸ
1183 444 1211 471 δὲ
1234 445 1281 479 ἀφ’
1296 442 1383 481 οὗπερ
1404 445 1454 479 τὴν
1470 445 1628 480 ἐπωνυμίαν
1655 444 1756 480 εὕρηκε
1768 444 1804 472 υ.

1010 490 1066 517 Καὶ
1084 491 1174 522 ὀστοῖς
1192 491 1221 518 δὲ
1233 491 1337 518 τούτων
1354 491 1536 526 ἐνετύγχανον
1556 491 1605 518 καὶ
1634 490 1806 526 ήμιὸρώτοις

1011 533 1136 570 σώμασιν
1147 543 1154 551 ·
1170 536 1196 562 οι
1209 536 1263 572 γὰρ
1276 536 1394 570 λέοντες,
1407 536 1516 564 ἐπειδὰν
1534 537 1639 572 θερμῆς
1655 536 1704 571 τῆς
1717 535 1806 571 Θήρας

1010 580 1216 616 ἐμφορηθῶσιν,
1242 583 1421 618 ἀτιμάζουσιν
1439 583 1526 618 αὐτῆς
1548 583 1583 610 τὰ
1609 582 1739 619 περιττὰ,
1757 592 1805 609 πι-

1012 627 1164 661 στεύοντες,
1175 626 1265 664 οἶμαι,
1279 629 1310 656 τὸ
1323 629 1346 646 ⁸ο
1362 629 1410 657 καὶ
1425 627 1503 661 αὖθις
1520 629 1661 665 θηράσειν.

1055 759 1188 787 Ἐνταῦθα
1196 761 1217 777 ⁸¹
1234 759 1364 795 νομάδες
1379 759 1502 788 οἰκοῦσιν
1517 760 1656 792 Αἰθίοπες,
1673 761 1716 794 ἐφ’
1731 760 1807 795 ἅμα·

1016 805 1070 837 ξῶν
1093 806 1290 841 πεπολισμένοι
1304 807 1338 839 ⁸³,
1369 807 1416 833 καὶ
1439 806 1553 841 πλησίον
1572 806 1675 833 τούτων
1702 807 1726 833 οἱ
1742 807 1807 838 τοὺς

978 842 999 870 Β
1014 851 1163 886 ἐλέφαντας
1186 851 1344 887 θηρῶντες·
1370 850 1434 887 [559
1460 850 1506 887 IL]
1531 851 1751 881 κατακόπτοντες
1777 849 1807 876 δὲ

1012 899 1110 930 αὐτοὺς
1136 899 1277 925 ποιοῦνται
1300 898 1415 934 ἀγορὰν,
1436 897 1497 925 ὅθεν
1521 897 1662 931 ἐπώνυμοί
1686 897 1740 923 εἱσι
1756 896 1808 930 τῆς

1011 945 1067 971 τῶν
1083 945 1237 980 ἐλεφάντων
1251 944 1389 981 βρώσεως.
1414 944 1584 980 Νασαμῶνες
1597 943 1619 959 ⁸³
1637 943 1665 970 δὲ
1684 944 1731 969 καὶ
1747 943 1809 969 ’Av-

1012 991 1143 1026 δροφάγοι
1167 992 1215 1018 καὶ
1235 992 1372 1027 Πυγμαῖοι
1397 992 1446 1019 καὶ
1472 990 1638 1022 Σκιάποδες,
1661 989 1727 1023 ἔθνη
1757 988 1808 1023 μὲν

1013 1037 1150 1063 Αἰθιόπων
1166 1037 1214 1064 καὶ
1239 1037 1304 1070 οἵδε,
1334 1037 1489 1072 καθήκουσι
1512 1036 1541 1062 δὲ
1565 1037 1594 1068 ἐς
1620 1035 1666 1062 τὸν
1687 1034 1808 1062 Αἰθίοπα

1013 1082 1143 1116 ὠκεανὸν,
1168 1082 1198 1110 ὃν
1228 1083 1308 1118 μόνον
1323 1082 1485 1110 ὲσπλὲουσιν
1509 1081 1707 1120 ἀπενεχθέντες
1726 1081 1806 1110 inov-

1014 1137 1070 1161 τες.

1049 1174 1264 1210 Διαλεγομένους
1274 1174 1296 1190 ⁸³
1308 1174 1337 1202 δὲ
1352 1174 1422 1209 ὑπὲρ
1435 1174 1489 1201 τῶν
1501 1173 1603 1209 θηρίων
1616 1173 1681 1204 τοὺς
1695 1172 1811 1208 ἄνδραςὶ

1014 1221 1062 1248 καὶ
1084 1220 1297 1255 φιλοσοφοῦντας
1322 1220 1394 1257 ὑπὲρ
1421 1220 1472 1255 τῆς
1495 1220 1604 1254 φύσεως
1630 1219 1695 1246 ἄλλο
1721 1218 1809 1249 ἄλλως

1015 1266 1178 1302 βοσκούσης,
1203 1268 1263 1303 ἠχὼ
1289 1267 1477 1302 προσέϐαλλεν
1506 1264 1562 1294 οἷον
1589 1266 1704 1302 βροντῆς
1732 1265 1810 1291 οὔπω

1015 1314 1137 1349 σκληρᾶς
1151 1313 1220 1340 ἀλλὰ
1234 1313 1329 1348 κοίλης
1356 1313 1397 1340 ἐτι
1420 1313 1469 1340 καὶ
1486 1314 1516 1339 ὲν
1534 1312 1574 1348 τῷ
1600 1314 1686 1346 νέφει.
1714 1312 1770 1339 Καὶ
1795 1312 1811 1338 ὁ

1014 1359 1158 1393 Τιμασίων
1170 1368 1177 1374 ·
1200 1359 1318 1394 Ἐγγιὺς,
1341 1359 1404 1394 ἔφη.
1424 1360 1441 1385 d
1468 1357 1676 1393 κατιιρῤάκτης
1695 1359 1712 1384 ό
1730 1356 1811 1391 πρῶ-

1014 1414 1066 1438 τος
1078 1405 1139 1440 μὲν
1152 1405 1310 1436 ἀνιόντων,
1323 1404 1454 1437 ὕστατος
1465 1403 1500 1430 δὲ
1513 1405 1686 1430 κατιόντων.
1703 1403 1812 1429 Τέσσα-

1016 1459 1062 1487 ps;
1083 1451 1105 1477 δ’
1126 1451 1180 1486 ἄρα
1195 1451 1219 1477 οἱ
1241 1450 1444 1486 καταρράκται.
1474 1449 1572 1476 Στάδια
1593 1449 1621 1476 δὲ
1650 1449 1714 1481 ἴσως
1742 1457 1813 1484 προ-

1015 1496 1137 1528 ελθόντες
1158 1496 1224 1523 δέκα
1251 1496 1315 1523 ἰδεῖν
1346 1504 1412 1530 φασι
1428 1495 1551 1530 ποταμὸν
1567 1495 1740 1530 ὲκδιδόμενον
1764 1494 1814 1521 τοῦ

1016 1543 1106 1579 ὅρους,
1123 1543 1192 1578 μείω
1207 1542 1283 1569 οὐδὲν
1298 1542 1314 1577 ἢ
1331 1543 1360 1569 ὲν
1379 1542 1501 1576 πρώταις
1519 1541 1667 1575 συμϐολαῖς
1677 1541 1691 1567 ὁ
1704 1540 1815 1568 Μαίαν-

1017 1588 1089 1623 δρος.
1103 1587 1262 1623 Χωροῦντες
1275 1588 1297 1603 ⁸⁵
1313 1587 1341 1614 δὲ
1353 1588 1447 1623 πρόσω
1461 1587 1544 1622 θηρία
1565 1587 1615 1622 μὲν
1633 1586 1726 1613 οὐκέτι
1744 1587 1816 1622 ὁρᾷν,

1018 1634 1149 1669 (ψοφοδεᾶ
1167 1633 1222 1670 γὰρ
1241 1634 1321 1668 φύσει
1334 1634 1399 1660 ὄντα
1427 1635 1585 1669 προσοικεῖν
1609 1635 1665 1664 τοῖς
1684 1633 1815 1668 γαληνοῖς

1019 1679 1095 1706 ὕδασι
1115 1679 1217 1715 μᾶλλον
1243 1679 1259 1714 ἧ
1277 1680 1332 1710 τοῖς
1350 1679 1490 1713 ραγδαίοις
1504 1687 1534 1705 τε
1548 1679 1595 1705 καὶ
1611 1679 1740 1714 ὲνήχοις),
1752 1678 1814 1704 ἐτέ-

1021 1735 1067 1762 ρου
1083 1726 1111 1752 δὲ
1127 1725 1320 1761 καταρῤάκτου
1332 1725 1448 1752 ἀκοῦσαι
1464 1725 1533 1760 μετὰ
1549 1724 1748 1751 πεντεκαίδεκά
1761 1733 1818 1752 που

1020 1772 1127 1803 στάδια,
1152 1770 1272 1806 χαλεποῦ
1296 1770 1346 1806 ἤδη
1372 1770 1420 1796 καὶ
1437 1771 1488 1796 οὐκ
1510 1769 1623 1797 ἀνεκτοῦ
1640 1769 1757 1796 ἀκοῦσαι
1772 1770 1816 1785 ⁸⁸⁸

1019 1817 1160 1845 διπλάσιον
1177 1816 1226 1852 μὲν
1241 1816 1295 1852 γὰρ
1318 1814 1388 1843 εἶναι
1403 1816 1485 1843 αὑτὸν
1499 1815 1545 1842 τοῦ
1571 1816 1718 1851 προτέρου,
1742 1815 1816 1851 ὀρῶν

1018 1864 1047 1890 δὲ
1066 1863 1240 1899 ὑψηλοτέρων
1252 1863 1406 1890 ἐκπίπτειν.
1423 1862 1534 1889 Ἑαυτὸν
1553 1862 1601 1897 μὲν
1620 1862 1667 1888 οὖν
1677 1862 1724 1889 καί
1738 1871 1816 1892 τινας

1019 1910 1074 1936 τῶν
1089 1910 1206 1945 ἑταίρων
1217 1909 1239 1925 ⁸⁷
1254 1909 1325 1935 οὕτω
1341 1917 1368 1935 τι
1382 1908 1590 1942 ὲγκτυπηθῆναι
1605 1907 1639 1934 τὰ
1654 1904 1711 1934 ὦτά
1731 1915 1817 1942 φησιν

1020 1956 1034 1981 ὁ
1052 1955 1149 1990 Δάμις,
1167 1955 1205 1989 ᾡς
1220 1954 1300 1986 αὑτός
1315 1953 1338 1969 ⁸⁸
1351 1962 1380 1980 τε
1401 1954 1422 1969 ⁶⁹
1443 1953 1591 1986 ἀναζεῦξαι
1603 1952 1650 1979 τοῦ
1667 1961 1697 1978 τε
1715 1952 1816 1978 ’Δπολ-

1019 2001 1118 2028 λωνίου
1134 2000 1236 2027 δεῖσθαι
1256 1999 1293 2035 μὴ
1310 1999 1403 2035 πρόσω
1416 2000 1526 2034 χωρεῖν.
1540 1999 1592 2025 Τὸν
1602 1999 1630 2024 δὲ
1648 1998 1816 2034 ἐρρωμένως

1021 2048 1068 2082 ξύν
1080 2057 1109 2075 τε
1120 2048 1158 2082 τῷ
1175 2047 1328 2082 Τιμασίωνι
1343 2047 1391 2072 καὶ
1405 2046 1492 2080 ἑτέρῳ
1513 2046 1566 2071 τινὶ
1587 2044 1706 2080 τοῦνομα
1725 2044 1817 2078 Νείλῳ

1020 2095 1067 2121 τοῦ
1096 2094 1188 2129 τρίτου
1217 2093 1410 2129 καταρράκτου
1441 2091 1565 2126 ἔχεσθαι,
1596 2091 1659 2126 περὶ
1691 2087 1722 2117 οὗ
1752 2091 1817 2117 τάδε

1021 2141 1187 2175 ἀπαγγεῖλαι
1215 2141 1328 2176 ἥκοντα.
1356 2139 1576 2174 Ἐπικρεμᾶσθαι
1592 2138 1642 2173 μὲν
1665 2138 1703 2173 τῷ
1725 2138 1817 2172 Νείλῳ

173 2190 260 2218 taxat,
278 2185 489 2220 Timasioneque
505 2187 716 2220 comitantibus,
738 2193 881 2216 cataracta:
911 2193 964 2216 ιρι-ι

1024 2187 1146 2222 κορυφὰς
1161 2187 1220 2213 ἐκεῖ
1247 2186 1362 2212 σταδίων
1378 2186 1496 2220 μάλιστα
1518 2184 1590 2211 ὀκτὼ
1614 2183 1691 2218 ὕψος,
1713 2184 1764 2219 τὴν
1788 2183 1817 2209 δὲ

176 2231 220 2258 tite
238 2233 440 2266 propinqnavit,
457 2233 518 2260 inde
533 2234 565 2260 ad
578 2234 667 2260 socios
681 2241 817 2266 reversus,
833 2234 969 2262 nuntiavit

175 2284 323 2311 suspensos
342 2278 396 2305 illic
418 2286 479 2306 esse
496 2279 611 2306 vertices
636 2278 705 2311 Nili,
728 2279 870 2308 altitudine
886 2280 971 2308 ferme

176 2324 326 2351 stadiorum
352 2329 437 2352 octo:
462 2325 548 2360 ripam
568 2333 633 2354 vero
659 2333 719 2361 qua:
733 2327 869 2354 montibus
888 2334 971 2361 oppo-

177 2370 265 2403 nitur,
283 2371 457 2405 supercilium
484 2372 584 2399 hahere
600 2371 752 2407 lapicidinm
769 2372 970 2405 inenarrabilis,

178 2417 268 2444 fontes
282 2425 347 2445 vero
362 2424 396 2444 ex
414 2418 552 2446 montibus
570 2419 719 2454 pendentes
736 2419 861 2446 decidere
877 2419 902 2445 in
924 2427 970 2453 pe-

179 2468 281 2490 trosam
304 2464 409 2498 ripam,
431 2465 493 2492 inde
512 2465 537 2492 in
559 2464 649 2491 Nilum
668 2465 773 2492 refuudi
793 2472 889 2499 aquam
905 2473 970 2499 spn-

177 2513 296 2535 mantem
316 2514 344 2536 et
362 2514 532 2537 astuantem.
555 2510 714 2538 Accideutia
739 2517 821 2542 vero,
837 2517 897 2544 qua:
913 2510 974 2536 inde

178 2554 304 2582 oriantur
330 2555 489 2590 multiplicia
514 2561 594 2590 sunt,
621 2557 763 2591 magisque
788 2557 863 2583 varia
891 2564 973 2590 quam

179 2608 240 2635 quae
261 2601 285 2628 in
301 2601 361 2629 aliis
378 2602 524 2630 cataractis
537 2602 675 2635 eveniunt,
691 2607 716 2629 et
730 2602 776 2637 qui
792 2601 847 2629 illic
863 2609 877 2629 e
897 2609 975 2634 motu

1022 2233 1105 2268 ὄχθην
1123 2234 1174 2268 τὴν
1189 2231 1384 2267 ἀντικειμένην
1404 2233 1459 2263 τοῖς
1472 2231 1562 2265 ὕρεσιν
1583 2230 1669 2265 ὀφρὺν
1687 2227 1757 2256 εἶναι
1776 2229 1818 2256 λι-

1022 2278 1152 2313 θοτομίας
1166 2277 1300 2312 ἀρρήτου,
1313 2277 1362 2308 τὰς
1380 2276 1408 2302 δὲ
1426 2275 1517 2312 πηγὰς
1534 2276 1819 2310 ἀποκρεμαννυμένας

1020 2324 1075 2351 τῶν
1088 2324 1159 2359 ὀρῶν
1172 2323 1356 2359 ὑπερπίπτειν
1371 2323 1409 2354 εἰς
1425 2323 1473 2358 τὴν
1493 2322 1619 2358 πετρώδη
1634 2322 1728 2357 ὅχθην,
1750 2323 1818 2348 ἀνα-

1020 2370 1126 2405 χεῖσθαι
1138 2369 1166 2396 δὲ
1186 2368 1291 2396 ἐκεῖθεν
1305 2370 1334 2400 ἐς
1347 2370 1392 2396 τὸν
1411 2368 1507 2396 Νεῖλον
1524 2368 1712 2403 κυμαινούσας
1725 2376 1755 2394 τε
1771 2368 1820 2394 καὶ

1024 2415 1135 2449 λευκὰς,
1160 2415 1195 2442 τὰ
1218 2415 1246 2442 δὲ
1270 2415 1342 2450 πάθη
1367 2415 1400 2442 τὰ
1426 2416 1490 2450 περὶ
1527 2415 1612 2446 αὑτὰς
1636 2413 1820 2449 ξυμὸαίνοντα

1025 2461 1259 2496 πολλαπλασίαςῆ
1281 2462 1309 2488 αἱ
1326 2462 1459 2497 πρότεραι
1479 2461 1573 2492 οὓσας,
1592 2462 1639 2487 καὶ
1662 2461 1711 2495 τὴν
1728 2459 1820 2494 πηδῶ-

1023 2517 1072 2534 σαν
1091 2509 1123 2535 ἐκ
1142 2507 1245 2535 τούτων
1263 2507 1322 2542 ἠχὼ
1338 2509 1366 2539 ἐς
1391 2508 1424 2534 τὰ
1437 2507 1488 2542 ὅρη
1503 2507 1635 2542 δυσὴκοον
1651 2505 1821 2542 ἐργάζεσθαι

1023 2554 1071 2589 τὴν
1086 2554 1210 2590 ἱστορίαν
1228 2554 1275 2581 τοῦ
1291 2554 1437 2589 ῥεύματος.
1455 2554 1509 2588 Τὴν
1529 2554 1557 2580 δὲ
1576 2553 1670 2589 πρόσω
1692 2551 1753 2580 ὁδὸν
1772 2552 1821 2586 τὴν

1024 2601 1070 2626 ἐπὶ
1083 2600 1133 2633 τὰς
1152 2600 1265 2636 πρώτας
1287 2601 1379 2635 πηγὰς
1397 2600 1519 2635 ἄγουσαν
1541 2601 1643 2636 ἄπορον
1659 2599 1710 2635 μὲν
1729 2598 1821 2626 ἐλθεῖν

822 2692 937 2719 νΑιιιτΕ
956 2691 1158 2720 ιειγιίολεδ.

213 2761 235 2777 ⁸⁸
248 2761 335 2788 ἐποίει
349 2769 368 2793 ς-
406 2761 428 2777 ⁸⁹
445 2761 545 2796 εὕρηκε
563 2762 592 2791 Β.
607 2762 705 2797 ἥιρηκε
720 2762 757 2788 A:
773 2761 868 2795 εἴρηκε
887 2770 916 2793 ς.

180 2797 419 2831 πεπολιωμένοις.
458 2797 480 2812 ⁵³
503 2797 689 2831 Νασσάμωνες
708 2806 736 2829 ς.

180 2831 202 2848 ⁶⁷
217 2832 332 2867 ἑταίρων
345 2839 417 2860 corr.
433 2832 472 2859 A:
488 2832 588 2867 ἐτέρων
605 2841 635 2864 ς.
674 2833 696 2852 ‘8
709 2833 789 2859 αὐτόν
805 2831 834 2859 Β.
874 2832 895 2849 °-‘
910 2840 939 2858 τε
955 2831 977 2858 Α

974 2761 995 2776 ευ
1011 2760 1053 2797 τὸ]
1069 2761 1160 2787 malim
1175 2760 1223 2795 τῷ.

788 2797 810 2812 θ’
825 2795 940 2831 διαλεγλ
956 2804 980 2822 vt
994 2817 1000 2827 ,
1014 2795 1059 2823 26.

987 2839 1039 2865 εγξ
1056 2840 1085 2865 ς.

1281 2760 1302 2775 ⁹¹
1317 2759 1443 2795 ἐνταῦθα]
1461 2768 1497 2790 vt,
1513 2759 1558 2786 ‘l'i.
1607 2758 1629 2795 θξ
1647 2757 1690 2795 ἐπ’
1702 2757 1819 2795 ἁμαξῶν

1113 2797 1134 2812 ⁸⁵
1151 2791 1306 2832 χωροῦντας
1323 2804 1352 2828 ς.
1391 2796 1413 2811 ⁵⁵
1430 2791 1545 2828 ἀκοῦσαι
1561 2794 1601 2821 A:
1618 2791 1768 2830 ἀκούεσθαι
1786 2800 1819 2827 ς.
