1919 3096
60 131 118 167 ῙΖἮ

566 134 830 170 BIBLIOTHECA.
849 152 883 158 -
900 140 983 172 COD.
999 141 1120 173 CCXLI.

1616 141 1687 176 1238

58 199 139 225 φασιν,
149 190 250 226 ἄπορον
263 189 291 217 δὲ
305 189 493 226 ἐνθυμηθῆναι
505 199 514 207 ο
527 191 614 220 πολλὰ
633 193 688 229 γὰρ
706 195 754 222 καὶ
772 195 838 231 περὶ

904 196 965 224 ibus
984 202 1092 225 resonat
1110 197 1202 233 fragor
1215 197 1382 232 asperrimus
1395 201 1449 232 est,
1463 201 1490 226 et
1509 198 1682 226 inenarrabi-

56 237 179 272 δαιμόνων
202 236 323 273 ᾄδουσιν,
349 234 394 265 οἵα
419 237 468 264 καὶ
495 238 622 275 Πινδάρῳ
647 240 719 268 κατὰ
744 242 840 276 σοφίαν

56 282 163 318 ὕμνηται
180 283 245 318 περὶ
268 282 316 309 τοῦ
330 282 470 318 δαίμονος,
483 283 513 311 δν
528 285 587 316 ταῖς
603 286 708 320 πηγαῖς
727 287 838 320 ταύταις

56 329 186 364 ἐφίστησιν
197 329 221 344 τ’
235 328 306 364 ὑπὲρ
320 329 494 365 ξυμμετρίας
508 330 556 357 τοῦ
569 331 678 358 Νείλου.

894 243 947 270 lem
971 242 1023 271 Nili
1045 249 1135 272 ortum
1157 244 1254 272 reddit.
1278 243 1331 272 Iter
1349 251 1413 273 vero
1433 246 1505 280 quod
1528 245 1561 272 ad
1583 245 1686 280 primos

894 288 982 317 fontes
1011 290 1099 322 ducit,
1128 290 1292 325 perarduum
1310 293 1369 323 est,
1393 295 1421 318 et
1448 299 1500 319 non
1527 291 1614 318 solum
1643 298 1689 318 ac-

890 341 984 367 cessu,
1010 336 1110 371 331a
1133 337 1185 369 sed:
1205 337 1324 372 cogitatu
1351 337 1442 372 etiam]
1462 337 1581 364 dilIicile.
1606 337 1688 363 Multa

55 375 126 402 etiam
146 375 178 403 de
199 375 367 402 daemonibus
385 375 441 403 illic
456 377 657 410 ;exsistentibus
678 378 840 412 praedicant,
861 380 952 415 qualia
963 382 1102 416 sapienter
1113 383 1140 410 in
1151 383 1210 411 suis
1227 383 1334 419 hymnis
1344 382 1479 411 Pindarus
1505 384 1538 411 de
1566 384 1689 412 daemone

56 423 154 455 cecinit,
170 430 251 457 quem
270 422 425 457 huiusmodi
443 424 564 452 fontibus
580 433 698 460 praeesse
711 427 789 458 dixit.
805 432 835 455 ut
854 427 944 457 Nilum
959 431 1158 459 moderaretur.

85 470 142 496 Ὀτι
153 471 175 485 ⁷¹
190 471 354 506 Δομετιανόν
372 480 438 507 φησι
458 472 504 498 τὸν
526 472 639 507 βασιλέα
656 474 836 509 νομοθετῆσαι

57 516 186 550 sivo-51w;
200 525 231 543 τε
246 516 283 552 μὴ
299 518 387 544 ποιεῖν
408 517 456 544 καὶ
475 518 614 552 ἀμπέλους
635 519 673 555 μὴ
699 520 840 554 φυτεύεινι

57 562 113 588 ἀλλὰ
126 562 170 588 καὶ
191 562 242 594 τὰς
257 562 340 594 οὔσας
351 564 505 599 ἐκτέμνειν.
520 564 615 591 Είπεῖν
625 564 653 591 δὲ
670 565 739 600 πρὸς
753 565 840 594 ταῦτα

56 607 282 635 τὶνᾍπολλώνιον
309 609 347 640 ὡς
363 609 436 644 Ἐγὼ
458 610 517 645 μὲν
538 610 615 642 ἴσως
637 611 707 638 οὔτε
721 611 842 640 αἰδοίων

57 654 145 689 δέομαι
163 655 234 681 οὔτε
249 655 344 687 οἴνου,
372 655 484 690 λέληθε
507 655 542 683 δὲ
566 657 583 684 ὁ
599 657 844 692 θαυμασιώτατος

58 700 106 726 τῶν
114 700 170 735 μὲν
184 700 350 734 ἀνθρώπων
364 697 558 736 φειδόμενος,
581 702 641 737 τὴν
658 701 693 729 δὲ
712 703 771 738 γῆν
793 705 843 732 εὐ-

59 746 200 781 νουχίζων.
526 749 531 758 ‘

85 791 160 828 [1017
174 792 222 828 IL]
234 792 294 820 Ὀτι
310 792 339 819 ὲν
354 793 394 828 τῷ
410 793 432 825 ζ’
447 793 495 820 καὶ
511 797 535 829 η’
551 793 650 830 λόγῳῖὸ
660 795 841 830 Φιλόστρατος

57 838 96 874 τὴν
109 839 174 874 πρὸς
182 839 247 870 τοὺς
256 839 416 874 τυράννους,
432 839 480 866 καὶ
496 840 614 875 μάλιστα
631 841 700 876 πρὸς
712 842 844 878 Δομετια-

58 885 101 916 νὸν,
118 883 163 910 τοῦ
183 884 365 911 Ἀπολλωνίου
382 885 540 920 παρρησίαν
554 885 723 921 ἐξυμνὴσας,
741 887 789 914 καὶ
810 888 846 914 εἰ-

59 928 108 955 πὼν
119 929 191 960 ὅπως
206 937 237 956 τε
252 928 362 964 ἐγράφη
378 929 426 957 καὶ
436 929 511 961 ὅπως
523 930 690 966 αὐτόκλητος
707 931 775 966 πρὸς
796 931 845 967 τὴν

58 974 122 1010 δίκην
134 974 211 1010 ἡκεν,
225 974 301 1006 ὅπως
316 983 346 1001 τε
359 975 477 1009 γέγονεν
497 976 526 1002 ἐν
546 976 569 991 ⁷²
589 975 700 1011 ἀδέσμῳ
725 978 844 1013 φρουρᾷ,

59 1020 98 1047 καὶ
114 1021 186 1052 ὃπως
201 1020 317 1056 ὕστερον
339 1021 416 1056 ἐδέθη
433 1020 480 1048 καὶ
493 1020 575 1056 ὲλὺθη
589 1021 637 1048 καὶ
653 1022 845 1058 ἀπελογήσατο

59 1067 97 1093 καὶ
123 1067 169 1093 τοῦ
199 1066 381 1102 δικαστηρίου
406 1067 524 1102 ἀπέστη,
549 1066 638 1094 ταῦτα
670 1067 767 1102 εἰπὼν,
797 1069 845 1097 καὶ

61 1112 166 1147 μαγικῆς
174 1113 257 1139 αὐτὸν
271 1112 336 1149 [540
348 1112 395 1149 IL]
412 1113 467 1140 οὐδ’
485 1113 639 1141 ὁπωστιοῦν
646 1114 670 1130 ⁷⁸
687 1115 843 1150 μετασχεῖν,

59 1158 116 1185 ἀλλὰ
145 1159 192 1185 καὶ
210 1159 239 1186 εῐ
262 1168 306 1192 τις
329 1159 410 1191 ἄλλος
436 1160 623 1195 μυσάττεσθαι
651 1158 754 1196 ταύτην
781 1161 845 1188 ἀπι-

61 1205 259 1241 σχυρισάμενος,
276 1206 366 1233 καίτοι
384 1206 470 1234 πολλά
485 1206 626 1242 τερατώδη
646 1207 762 1242 γράφων
778 1207 843 1243 περὶ

60 1250 140 1283 αὑτοῦ,
159 1251 206 1279 τὸν
230 1251 346 1278 θάνατον
367 1251 464 1287 ἄδηλον
478 1252 527 1279 καὶ
540 1252 701 1288 πολύφημον
724 1253 845 1288 ἀναγρά-

61 1305 96 1330 φει
110 1297 131 1313 ⁷⁵
147 1297 289 1331 γενέσθαι,
313 1297 397 1324 αὑτοῦ
421 1298 526 1325 ἐκείνου
548 1297 627 1325 τοῦτο
643 1299 664 1315 ⁷⁵
681 1299 728 1326 καὶ
743 1299 845 1331 ζῶντος

60 1342 82 1367 ὲν
101 1342 193 1378 μελέτῃ
220 1343 398 1377 ποιουμένου.
424 1343 494 1378 Φησὶ
508 1343 563 1379 γὰρ
587 1343 668 1371 αὐτὸν
688 1344 778 1378 λέγειν
800 1344 846 1376 ἀεὶ

61 1387 125 1414 Διίοε
137 1388 255 1422 ,ϐιώσας
268 1397 275 1403 ·
289 1388 353 1418 εἰδὲ
372 1389 421 1424 μὴ,
434 1388 514 1417 Λάϐε
524 1389 696 1418 ἀποθανών.
717 1390 847 1425 Ἀρεταϊς

61 1432 122 1466 λέγει
144 1434 327 1469 συνεζηκέναι
346 1434 392 1461 τὸν
415 1435 511 1470 ἄνδρα,
534 1435 582 1462 καὶ
611 1436 661 1471 τὴν
683 1436 842 1472 Πυθαγόρου

61 1478 96 1505 διὰ
110 1479 163 1514 βίου
175 1481 275 1516 σοφίαν
292 1480 471 1516 ἐζηλωκέναι.

89 1523 164 1558 Οὗτος
177 1527 199 1553 δ’
214 1527 230 1553 ὁ
243 1526 432 1562 ’Φιλόστρατος
455 1527 612 1564 ἀπαγγελίᾳ
639 1527 690 1563 μὲν
710 1527 844 1563 κέχρηται

62 1569 161 1606 γλυκείᾳ.
179 1572 229 1598 καὶ
242 1571 427 1608 ποικιλωτάτη
444 1572 492 1599 καὶ
511 1571 617 1604 λέξεσιν
635 1572 843 1607 ὲμπρεπούσαις

62 1614 145 1649 φράσει
160 1615 285 1651 τοιαύτῃ,
299 1615 442 1648 συντάξεσι
465 1616 557 1652 μέντοι
571 1624 603 1650 γε
619 1616 759 1647 τοιαύταις
773 1616 844 1648 οἴαις

62 1660 153 1695 οὐκιᾶν
179 1670 224 1693 τις
253 1661 333 1693 ἄλλος
348 1662 376 1693 ἐς
395 1661 428 1688 τὺ
458 1662 632 1699 συγγράφειν
658 1661 842 1696 τεταγμένος“

61 1705 152 1733 δοκοῦσι
174 1708 229 1743 γάρ
257 1715 317 1739 πως
342 1707 519 1740 ἀσυνταξίαις
553 1707 655 1743 μᾶλλον
684 1707 801 1734 ἑοικέναι
825 1707 842 1742 ἦ

63 1751 198 1785 συντάξεως
220 1752 311 1778 ὁτιοῦν
339 1752 472 1787 μετέχειν.
495 1749 579 1784 Οὗτος
608 1752 632 1778 δ’
653 1752 732 1788 ῐσμεν
746 1753 760 1778 ὁ
774 1751 844 1787 ἀνὴρ

62 1797 92 1829 ὡς
104 1799 340 1834 πολυμαθέστατος
361 1798 399 1825 ὣν
413 1799 463 1825 οὐκ
478 1799 511 1826 ἃν
530 1799 680 1835 διαμαρτίᾳ
699 1799 747 1826 τοῦ
762 1798 843 1834 ὀρθοὖ

65 1843 96 1874 είς
107 1843 204 1880 ταύτην
232 1843 363 1881 ἐξηνέχθη
387 1845 437 1879 τὴν
454 1845 605 1880 ἰδιότροπον
620 1845 674 1871 τῶν
690 1844 843 1877 συντάξεων

63 1890 236 1923 καινοτομίαν,
258 1891 315 1917 ἀλλ’
329 1891 352 1906 ⁷⁶
370 1891 387 1922 Et
407 1899 463 1917 τισι
491 1891 546 1918 τῶν
571 1890 758 1929 ἀρχαιοτέρων
772 1899 843 1918 arta—

62 1935 137 1968 νιάκις
151 1936 216 1969 ῐσως
229 1936 347 1972 εἴρηται,
359 1936 465 1969 τούτοις
478 1932 555 1968 οὗτος
570 1937 610 1968 είς
623 1936 703 1972 κόρον
719 1937 844 1972 ἀπεχρήι

64 1987 126 2015 tta-.0,
157 1983 444 2019 πεπαρῤησιασμένην
466 1983 556 2014 αρτῶν
578 1982 628 2018 τὴν
657 1982 756 2018 χρῆσιν
780 1983 843 2008 ἐπι-

62 2024 234 2063 δεικνύμενος,
254 2028 301 2054 καὶ
329 2027 384 2054 οὐδ’
409 2028 449 2059 εἰς
477 2027 578 2063 μάτην,
604 2026 672 2053 ἀλλά
695 2026 742 2052 τοῦ
764 2026 843 2061 ἡδέος

62 2071 141 2106 χάριν·
170 2073 263 2108 έχουσι
281 2072 336 2108 γὰρ
363 2072 410 2099 καὶ
435 2072 471 2099 τά
491 2071 602 2098 τοιαῦτα
623 2070 677 2098 τῶν
699 2070 788 2105 λόγων
813 2071 844 2097 τὸ

63 2116 192 2152 ἐπαγωγὸν
208 2118 256 2145 καὶ
271 2118 462 2154 ἐπαφρόδιτον.

925 477 970 504 Ait
1002 478 1185 506 Domitianum
1217 479 1406 513 imperatorem
1421 478 1562 511 ’vetuisse,
1580 487 1612 505 ne
1626 480 1689 513 quis

891 527 1069 556 castraretur,
1082 531 1114 551 ne
1128 524 1197 552 vites
1209 524 1375 558 plantentur,
1393 524 1441 551 sed
1459 532 1518 558 quas
1531 525 1586 558 jam
1612 525 1689 559 plan-

893 571 956 595 tane
965 572 1055 595 esseut
1067 569 1149 596 etiam
1165 569 1401 601 exscinderentnr,
1416 574 1442 596 et
1466 569 1636 603 Apollonium
1653 570 1687 597 ad

895 612 952 640 lucc
969 612 1089 641 dixisse:
1108 613 1179 646 Quia
1203 622 1249 649 ego
1269 615 1381 649 forsitan
1395 623 1440 641 nec
1450 615 1588 649 pudendis,
1606 623 1689 650 neque

894 658 954 684 vino
976 658 1090 692 indigeo.
1108 659 1247 693 Ignoravit
1263 669 1323 687 vero
1339 661 1378 686 vir
1401 660 1592 694 admirandus,
1603 661 1689 688 homi-

896 703 972 730 nibus
989 712 1016 731 se
1026 713 1145 738 parcere,
1160 711 1184 732 et
1197 710 1296 732 terram
1311 711 1437 733 castrare.

931 793 1114 822 Philostratus
1144 794 1213 821 libro
1239 795 1356 830 septimo
1377 799 1405 822 et
1421 799 1518 823 octavo
1533 795 1689 823 libertatein

897 839 1003 866 dicendi
1017 839 1153 874 Apollonii
1170 848 1234 875 erga
1255 845 1398 876 tyrannos,
1415 847 1442 868 et
1455 842 1573 869 maxime
1594 841 1687 869 Domi-

896 884 1032 911 nitiauum
1055 885 1198 919 describit,
1223 890 1250 913 et
1274 888 1408 920 quomodo
1430 891 1572 914 accusatus
1593 886 1686 919 fuerit,

896 933 924 957 et
936 927 1007 956 ultro
1035 928 1060 955 in
1084 929 1216 964 judicium
1239 930 1355 957 venerit.
1371 929 1512 962 Quomodo
1529 930 1556 957 in
1575 938 1689 959 carcere

896 979 1033 1007 servatus,
1046 979 1074 1003 et
1088 976 1223 1010 quomodo
1235 976 1375 1009 liberatus,
1389 975 1494 1004 solutus
1508 981 1537 1004 et
1548 977 1688 1010 defensus,

896 1027 930 1048 ex
944 1021 1050 1056 judicio
1067 1022 1226 1049 decesserit.
1252 1021 1314 1050 Haec
1329 1023 1437 1054 asserit,
1451 1027 1479 1050 et
1493 1030 1619 1058 magnum
1635 1030 1688 1051 non

896 1065 992 1098 fuisse,
1006 1073 1099 1093 verum
1118 1067 1211 1098 etiam.
1227 1067 1251 1094 si
1266 1074 1347 1101 quem
1364 1066 1459 1100 alium,
1481 1068 1597 1102 magiam
1620 1068 1689 1095 ιιι)οη

895 1111 1028 1139 minatum
1047 1119 1108 1140 esse
1131 1112 1241 1140 fortiter
1268 1113 1374 1147 probat,
1395 1114 1446 1141 etsi
1472 1114 1556 1140 multa
1575 1119 1689 1148 porten-

896 1158 954 1182 tosa
980 1155 1013 1183 de
1039 1155 1086 1183 illo
1109 1156 1220 1184 scribat.
1235 1155 1306 1184 Dicit
1327 1157 1411 1184 etiam
1435 1157 1579 1184 obscuram
1601 1156 1689 1185 fuisse

896 1204 981 1239 ipsius
996 1209 1125 1237 mortem,
1146 1210 1173 1232 et
1188 1205 1270 1232 vitam
1297 1205 1432 1235 celebrem
1448 1214 1455 1232 :
1473 1210 1501 1234 et
1515 1213 1574 1233 eam
1589 1206 1687 1240 ipsum,

896 1249 960 1277 dum
977 1250 1090 1282 viveret,
1108 1255 1199 1278 mente
1212 1251 1341 1285 agitasse.
1361 1251 1457 1279 Dicere
1467 1251 1540 1279 enim
1556 1251 1664 1279 solitum
1679 1260 1687 1278 :

899 1293 993 1326 Vivens
1014 1295 1067 1324 Iule
1082 1303 1092 1327 ;
1105 1295 1146 1324 sin
1172 1296 1272 1329 minus,
1303 1295 1419 1323 Moriens
1441 1296 1494 1323 late
1512 1304 1522 1323 :
1544 1296 1690 1324 virtutibus

897 1342 969 1369 hunc
987 1342 1073 1370 refert
1089 1343 1238 1379 studuisse,
1253 1348 1282 1371 et
1294 1343 1477 1380 Pythagoram
1494 1344 1613 1371 maxime
1628 1343 1690 1371 imi-

896 1391 980 1415 tatum
996 1388 1081 1416 fuisse
1094 1389 1162 1424 (95).

933 1523 1009 1550 Dnlci
1033 1527 1060 1551 et
1077 1524 1150 1551 varia
1177 1524 1307 1552 narrandi
1325 1524 1433 1552 ratione
1447 1531 1514 1552 usus
1536 1527 1580 1552 est
1596 1523 1689 1552 Philo-

895 1573 996 1596 stratus
1024 1568 1092 1605 (96).
1116 1575 1144 1597 et
1159 1570 1251 1597 verbis
1272 1570 1336 1598 huic
1352 1571 1389 1598 rei
1408 1571 1644 1602 convenientibus.
1661 1575 1690 1598 et

895 1613 976 1640 simili
994 1615 1205 1648 constructione,
1222 1615 1331 1649 qualem
1347 1622 1427 1642 nemo
1441 1615 1586 1642 scribendo
1601 1615 1690 1642 inscr-

896 1659 945 1686 vit.
977 1658 1108 1688 Videntur
1130 1660 1204 1688 enim
1234 1660 1358 1688 nonnulli
1389 1661 1570 1695 incomposite
1603 1662 1690 1696 magis

895 1706 986 1733 dicere
999 1713 1080 1740 quam
1102 1706 1263 1741 composite.
1283 1706 1361 1734 llunc
1384 1714 1449 1733 vero
1465 1707 1569 1734 scimus
1583 1707 1688 1734 doctis-

895 1752 994 1779 simum
1007 1752 1101 1786 fnisse,
1114 1756 1142 1779 et
1153 1760 1168 1779 a
1184 1756 1258 1780 recto
1274 1760 1327 1779 non
1347 1752 1532 1785 aberrantem,
1549 1753 1687 1787 propriam

896 1799 1111 1826 conslructionis
1130 1798 1275 1826 novitatem
1296 1798 1472 1832 adhibuisse;
1493 1799 1540 1826 sed
1563 1807 1622 1834 qua
1639 1806 1689 1825 au-

896 1844 963 1879 tiqui
979 1844 1108 1872 dixerunt
1127 1845 1228 1876 rarius,
1256 1844 1289 1871 iis
1303 1844 1416 1872 liberius
1431 1851 1517 1879 usque
1530 1844 1564 1871 ad
1577 1845 1687 1872 satieta-

897 1893 948 1916 lem
965 1897 1042 1915 usum
1059 1897 1119 1918 esse
1135 1899 1141 1916 :
1167 1890 1268 1916 licitum
1284 1897 1345 1917 esse
1370 1897 1466 1917 eorum
1482 1898 1559 1918 usum
1577 1891 1686 1918 demon‘

895 1940 1076 1966 strans,nec
1109 1935 1135 1962 id
1171 1935 1282 1966 frustra.
1320 1936 1367 1962 sed
1403 1936 1555 1964 dulcedinis
1590 1937 1689 1972 gratia.

895 1979 1054 2014 llujusmodi
1074 1980 1144 2007 enim
1168 1981 1256 2009 oratio
1265 1981 1428 2009 conciliandi
1438 1982 1492 2010 vim
1506 1982 1588 2010 habet
1601 1987 1630 2009 et
1649 1990 1693 2011 νον

896 2028 1029 2052 nustatein
1045 2025 1201 2058 quamdam.

68 2159 110 2187 Ἐκ
129 2151 182 2189 τοῦ
190 2162 285 2189 αὑτοῦ
300 2163 371 2195 βίου
385 2162 443 2189 ὅσα
458 2161 593 2196 παρεῖται
608 2161 718 2188 κάλλει
740 2160 841 2197 ,ρημά-

901 2160 938 2188 Ετ
964 2160 1055 2197 eadem
1075 2159 1133 2197 Vita
1150 2165 1269 2193 excerpta
1286 2169 1344 2196 qua:
1369 2161 1545 2196 pra-termino
1567 2166 1638 2194 ruul,
1661 2169 1692 2190 ac

174 2206 236 2224 των
251 2197 300 2224 καὶ
316 2197 475 2232 συνθήκης
489 2196 710 2232 διαλάμποντα.

92 2243 141 2271 Καὶ
151 2245 175 2261 ⁷⁷
191 2244 355 2280 Πυθαγόρας
382 2244 465 2276 αὐτὸς
488 2244 536 2271 καὶ
559 2243 732 2279 Δημόκριτος
750 2242 848 2278 ὁμιλή-

65 2295 149 2321 σαντες
174 2291 285 2325 μάγοις,
305 2290 353 2317 καὶ
374 2288 460 2316 πολλά
476 2288 602 2324 δαιμόνια
617 2287 752 2320 εἰπόντες,
772 2286 849 2314 οῠπω

65 2333 212 2372 ὑπήχθησαν
234 2338 267 2371 τῇ
287 2336 379 2371 τέχνῃ.
397 2335 453 2362 Καὶ
477 2335 519 2366 τίς
535 2334 557 2350 ⁷³
574 2334 625 2361 οὐκ
640 2331 694 2361 οἶδε
718 2333 765 2360 τὸν
786 2333 848 2360 ’Λν-

66 2379 189 2416 αξαγόραν
213 2381 379 2417 Ὀλυμπιάσι
397 2381 447 2416 μὲν
459 2401 467 2414 ,
485 2380 567 2406 ὁπότε
582 2379 684 2415 ἥκιστα.
700 2378 754 2411 ὕοι,
776 2386 851 2413 παρ-

67 2423 165 2452 ελθόντα
175 2427 198 2443 ⁷⁹
223 2427 277 2453 ὑπὸ
296 2426 385 2461 κωδίῳ
400 2427 440 2457 εἰς
453 2425 483 2452 τὸ
497 2425 604 2453 στάδιον
621 2424 669 2451 ἐπὶ
697 2423 849 2460 προρρήσει

65 2469 173 2507 δμῦρους
193 2473 256 2508 Ὑφ’
268 2470 306 2500 ὧν
321 2473 423 2508 ἕψαυσε
440 2473 486 2499 τοῦ
503 2472 576 2503 θεῖός
589 2480 618 2498 τε
645 2471 693 2498 καὶ
706 2470 846 2505 δαιμόνιος

66 2511 133 2545 εἶναι.
145 2518 184 2554 Τῇ
197 2519 277 2554 μάγῳ
294 2518 388 2556 τέχνῃ.
412 2518 563 2553 Μετέχοντι
575 2517 598 2533 ⁵ο
613 2516 642 2544 δέ
663 2525 707 2553 μοι
720 2516 768 2543 τοῦ
784 2516 848 2552 περὶ

934 2195 1129 2230 pulchritudine
1145 2195 1325 2223 verborumst
1341 2195 1529 2231 compositione
1546 2197 1688 2224 excellunt.

933 2241 1030 2276 331!)
1049 2240 1218 2276 Pythagoras
1232 2241 1298 2276 ipse,
1316 2246 1343 2269 et
1369 2242 1540 2270 Democritus
1555 2249 1616 2270 cum
1633 2250 1692 2270 ma-

899 2287 939 2322 gis
962 2287 1075 2319 versati,
1095 2287 1235 2322 multaque
1261 2288 1393 2316 dzemouia
1414 2289 1492 2321 fassi,
1521 2287 1623 2316 nullam
1652 2293 1693 2316 tu-

901 2340 962 2360 meu
975 2332 1034 2367 eius
1050 2334 1118 2360 artis
1138 2338 1243 2367 partem
1264 2334 1422 2368 attigerunt.
1446 2333 1513 2367 Quis
1527 2335 1600 2362 enim
1616 2334 1694 2369 igno-

904 2384 946 2407 rat
972 2379 1161 2414 Anaxagoram
1190 2379 1217 2406 in
1241 2378 1376 2414 Olympia,
1402 2387 1463 2407 cum
1498 2380 1570 2407 nulla
1596 2380 1695 2414 pluvias

903 2425 1020 2459 suspicio
1057 2425 1222 2456 immineret.
1258 2425 1399 2460 pelliceam
1434 2430 1535 2453 vestem
1571 2425 1693 2452 indutum

904 2469 1071 2505 processisse
1089 2474 1118 2496 ut
1144 2469 1259 2496 imbrem
1283 2468 1468 2502 denuntiaret,
1488 2477 1538 2497 nec
1552 2470 1587 2496 ita
1611 2470 1695 2497 multo

903 2521 961 2549 post
977 2516 1113 2550 ingentem
1129 2514 1247 2549 pluviam
1268 2519 1391 2542 secutam
1408 2523 1479 2548 esse,
1500 2517 1571 2543 unde
1585 2519 1694 2550 putatus

699 2561 814 2588 VARle
833 2560 1037 2591 LECTlONES.

95 2609 116 2653 ⁷⁸
126 2611 314 2653 ἀφίστησιν
335 2612 376 2653 _'I‘
389 2610 441 2647 ὅτι]
458 2619 495 2653 ιίε
513 2611 558 2651 ιῇ
605 2610 634 2653 1‘
648 2610 676 2636 ἐν
691 2616 746 2650 om.
760 2608 814 2635 AB.

863 2608 886 2624 ⁷³
897 2608 979 2634 αὑτὸν
1009 2608 1064 2635 οὐδ’
1095 2609 1247 2636 ὁπωστιοῦν
1275 2608 1384 2636 Ατοὺδ¹
1409 2608 1482 2640 ὅπως
1506 2616 1533 2634 τι
1566 2608 1647 2634 αὐτὸν
1663 2615 1693 2638 ς·

97 2641 241 2682 ἀναγράφει
257 2646 318 2673 AB:
335 2647 386 2682 ἔφη
403 2641 446 2682 ςίν
463 2647 495 2682 7⁷⁵
512 2646 591 2673 τοῦτο
605 2645 642 2672 B:
660 2644 755 2682 τούτου
770 2652 800 2682 ς.
834 2644 862 2682 ,⁷⁵
875 2643 932 2670 ἀλλ’
943 2643 1024 2682 firm
1070 2653 1076 2671 :
1092 2644 1159 2682 ὰ).λά
1174 2653 1200 2682 τι
1213 2653 1243 2676 ς.
1288 2645 1310 2660 ⁷⁷
1323 2644 1369 2671 καὶ
1384 2643 1431 2679 11.]
1448 2651 1467 2675 I,
1480 2642 1506 2676 2,
1524 2650 1550 2678 p.
1562 2641 1652 2669 Olear.
1667 2642 1694 2668 5·

69 2677 87 2693 ’⁸
101 2677 208 2717 mea]
224 2691 251 2716 p.
269 2683 295 2708 6.
334 2677 362 2698 τί
374 2677 540 2718 προελθόντα
556 2681 654 2708 Snidas
667 2688 692 2707 v.
708 2678 904 2714 Ἀναξαγόρας.
943 2679 966 2694 ⁸⁸
982 2678 1134 2715 μετέχοντι]
1151 2687 1169 2713 ι,
1186 2680 1212 2707 5.

804 2738 922 2767 NOTAE.

100 2788 151 2826 (95)
172 2790 336 2820 Plutarchus
364 2790 494 2826 singulari
519 2790 716 2818 comtnentario
738 2789 854 2825 Epicuro
909 2788 1108 2826 sententiarum
1129 2795 1187 2826 pro
1206 2786 1296 2826 Photii
1312 2786 1526 2826 ‘libi_to)_parurln
1548 2784 1696 2826 cohaerent,

73 2825 164 2897 mallit).
185 2860 253 2898 Quia
268 2861 410 2898 sequentia
430 2861 473 2896 (ut
500 2863 627 2896 excerpta
653 2860 792 2896 phrasium
819 2867 851 2887 ac

908 2824 1061 2886 erunthaéc
1084 2824 1111 2851 in
1129 2823 1286 2851 Philostrati
1311 2820 1601 2857 libris'investiganda
1615 2825 1698 2854 atque

908 2866 972 2886 που
990 2866 1031 2886 lt!!!
1053 2866 1078 2886 il.

905 2866 1078 2888 οιευιιειιαιι.
