1919 3096
195 139 265 174 1239

794 142 925 172 ΡΗΟΤΠ
946 141 1198 172 ΡΛΤΗΙΑΒΕΗᾸΞ
1213 142 1268 173 CP.

1764 137 1838 171 ιω

194 199 238 221 est
257 193 364 222 divinus
381 193 554 229 ccclestisque
570 193 664 228 fuisse,
685 194 765 230 idque
779 201 837 223 arte
862 195 986 230 magica:

1055 195 1125 230 ,t’n'hv
1159 195 1280 222 κύκλου¹
1306 195 1352 221 καὶ
1372 194 1426 230 γὰρ
1450 195 1514 225 τοὺς
1539 194 1700 229 ρητορικυῦς
1726 194 1840 226 πάντας

195 239 262 266 mibi
279 246 387 274 quoque
409 239 454 274 qui
478 239 505 266 in
529 240 625 267 eadem
648 245 773 268 versatus
785 248 844 268 sum
859 249 865 273 :
881 241 983 268 etenim

195 293 290 313 omnes
316 286 453 313 orationes
479 285 631 313 rhetoricas
649 285 708 319 ipse
723 286 843 314 laudavit
861 292 889 314 et
911 293 986 313 ama-

194 333 244 363 \‘il,
259 339 292 358 ex
310 331 409 365 quibus
432 330 539 358 discere
559 331 622 359 licet
638 338 722 367 quam
746 331 855 360 divinus
866 331 986 367 philoso-

195 380 266 412 phus
284 377 377 405 fuerit.
395 378 480 413 Cygni
497 378 543 412 qui
561 378 587 405 in
604 383 682 413 prato
697 379 891 413 pascebantur,
907 379 987 414 quasi

196 424 222 449 in
244 424 358 450 chorum
383 423 505 458 dispositi
528 424 708 453 dormientem
722 425 857 461 Apollonii
872 429 988 453 matrem

196 470 416 502 circumstetere,
433 474 459 496 et
477 469 527 497 alis
541 470 583 504 (ut
600 477 694 497 eorum
707 478 766 498 mos
786 475 839 507 est)
860 471 986 505 sublatis,

197 516 297 550 ingenti
312 515 440 551 clangore
449 516 540 543 omnia
552 516 655 544 circum
671 516 729 544 loca
746 516 898 552 replebam,
916 517 988 545 leni-

197 567 238 588 ter
249 569 297 597 per
304 566 379 596 prata
391 562 511 596 spirante
519 561 651 597 Zephyro.
663 562 760 589 Eorum
768 568 850 590 cantu
860 563 989 591 cxsiliens

198 607 296 634 mulier
305 615 418 641 puerum
431 608 544 642 peperit.
559 607 669 641 Quaavis
680 609 751 635 enim
767 608 902 643 perculsio
918 609 989 637 valet

197 654 278 681 etiam
308 657 373 681 ante
408 658 513 687 tempus
559 658 664 689 partum
696 661 854 688 provocare.
891 654 989 682 Oculos

197 700 319 726 omnium
350 701 376 727 in
403 707 432 728 se
461 704 633 727 converterat
655 700 735 727 etiam
763 700 991 733 adversariorum,

198 747 244 780 qui
267 751 295 774 et
324 746 447 773 convicia
475 746 588 781 jacere,
618 746 799 781 iniuriamque
828 746 917 774 facere
947 754 993 773 so-

199 794 252 822 liti.
272 793 305 821 Et
321 793 406 821 linteo
429 794 562 821 dederunt
592 801 686 820 onmcs
716 793 861 828 potiuSque
891 792 992 820 doctri-

199 848 242 868 me
257 840 448 871 Athenienses,
473 840 634 867 suburbium
652 839 678 866 in
692 847 746 875 quo
762 839 901 874 elegantes
919 839 989 866 horti

199 890 288 913 erant.
310 885 424 913 Cilicum
445 890 504 912 erat
518 893 608 913 Sermo
624 895 631 912 :
650 885 708 917 Quo
721 886 805 912 curris
817 889 829 903 ι
843 885 855 911 7
870 883 943 911 Num
956 884 989 910 ad
1006 869 1027 897 Β

199 932 331 966 impubem
343 931 356 958 Ρ
369 931 440 966 quod
456 931 490 958 do
503 931 648 966 Apollonio
665 931 804 964 dicebant,
818 931 857 957 sic
869 935 898 957 ut
912 937 990 957 com-

200 977 275 1004 muni
299 977 443 1012 proverbio
466 977 663 1004 celebraretur.
690 975 804 1004 Divitias
818 975 923 1011 opimas
943 975 992 1002 ha-

200 1022 261 1050 buit
277 1021 356 1050 fratri
386 1023 515 1057 :cqnales,
533 1026 561 1049 et
578 1022 661 1049 multa
678 1026 739 1049 erat
754 1022 787 1049 de
801 1021 858 1055 ejus
872 1021 992 1055 philoso—

200 1069 263 1105 pltia
302 1069 384 1096 fama.
422 1068 605 1104 lnterroganti
637 1068 785 1102 aliquando
819 1068 990 1103 Apollonium

200 1114 325 1146 i-queno.
347 1122 397 1142 cur
416 1122 469 1141 non
491 1115 602 1149 scriptis
626 1115 728 1150 aliquid
754 1116 906 1148 mandaret,
930 1123 991 1143 cum

201 1160 337 1188 scribendi
352 1160 540 1188 characterem
559 1161 672 1195 probum
687 1165 715 1188 et
732 1161 880 1188 excitatura
895 1167 993 1188 nactus

200 1210 295 1233 esset:
317 1206 397 1239 Quia,
425 1206 523 1241 inquit,
546 1209 663 1234 nondum
685 1212 772 1234 tacere
786 1207 879 1234 didici.
893 1206 992 1234 Fames

200 1257 376 1287 oppresserat
399 1253 552 1285 civitatem,
567 1254 665 1280 venale
687 1246 747 1280 erat
763 1262 868 1285 ervum,
887 1254 994 1281 omnia-

201 1307 256 1334 que
271 1299 304 1326 ad
320 1300 421 1326 vietum
443 1299 595 1326 necessaria
615 1300 668 1326 illis
690 1300 820 1332 deerant;
836 1300 926 1327 fontes
940 1308 992 1327 non

201 1345 332 1378 ﬂuebant,
357 1346 478 1381 cupressi
498 1345 570 1373 velut
592 1347 714 1381 germina
733 1351 804 1373 terra
819 1346 913 1373 dabat.
929 1346 995 1374 Utc-

208 1391 289 1418 balur
306 1399 405 1426 genere
420 1391 527 1418 dicendi
554 1399 607 1418 non
622 1391 833 1426 ditliyrambico,
848 1396 894 1417 aut
911 1391 995 1426 poeti-

203 1437 243 1463 cis
261 1436 416 1463 nominibus
437 1435 646 1467 intumescente,
673 1443 722 1462 nec
736 1443 831 1463 rursus
855 1437 934 1463 nimis
952 1435 995 1470 jc-

200 1483 280 1517 juno,
316 1489 405 1516 neque
436 1481 661 1509 consuetudinem
688 1481 806 1509 Atticam
835 1483 994 1514 excedente,

203 1526 380 1562 injucundatn
397 1526 470 1554 enim
489 1527 601 1561 putabat
616 1527 779 1558 oralionem,
801 1535 861 1562 quae
876 1527 909 1554 ab
925 1528 995 1555 Atti-
1010 1539 1031 1568 ο

203 1580 236 1601 ca
265 1572 455 1600 mediocritate
481 1572 636 1600 decederet.
672 1573 821 1601 Sententiae
846 1573 943 1601 breves
970 1580 997 1602 et

204 1620 290 1647 fortes
318 1624 405 1646 erant.
431 1618 592 1647 Nominibus
611 1624 701 1647 autern
724 1619 852 1648 utebatur
866 1621 994 1656 propriis,

204 1671 286 1701 atque
304 1667 337 1693 ad
363 1673 406 1694 res
425 1667 497 1701 ipsas
514 1667 725 1694 accommodatis
743 1677 751 1696 :
769 1673 797 1695 et
811 1676 872 1704 quae
887 1668 921 1695 ab
936 1669 995 1703 ipso

206 1712 425 1747 proferebantur,
451 1712 574 1741 fulminis
601 1713 687 1740 instar
709 1715 885 1742 resonabant.
919 1714 996 1742 Anti—

204 1763 285 1790 quam
312 1755 410 1782 Ninum
436 1756 572 1791 profectus
598 1762 651 1790 est,
674 1757 709 1784 ibi
739 1762 856 1786 statuam
882 1759 997 1787 barbaro

205 1809 281 1829 more
298 1803 413 1837 positam
428 1804 581 1838 conspexit.
595 1803 640 1830 Est
656 1807 746 1830 autem
760 1803 807 1831 lno
822 1804 915 1832 lnachi
932 1805 998 1839 lilia,

205 1849 249 1876 eui
271 1849 304 1875 ab
319 1853 434 1883 utroque
460 1854 582 1884 tempore
600 1856 694 1884 parva,
712 1855 739 1877 et
754 1851 832 1884 quasi
857 1859 918 1878 mox
934 1859 998 1886 pro-

206 1901 345 1927 gressura,
365 1894 520 1929 prominent
542 1901 655 1922 cornua.
677 1895 763 1923 Porro
779 1895 870 1924 Damis
886 1897 967 1933 332
983 1907 999 1925 ιι

205 1940 379 1974 Apollonium
400 1939 482 1967 veluti
505 1940 590 1967 Deum
606 1940 785 1975 suspiciebat,
804 1950 858 1977 quo
871 1943 998 1972 utebatur

1038 242 1134 276 λόγους
1146 241 1241 277 ἐπῄνει
1253 242 1299 268 καὶ
1311 241 1460 277 ἠσπάζετο.
1473 240 1543 277 Παρ*
1555 236 1593 268 ὥν
1605 240 1725 276 ὑπάρχει
1737 241 1840 276 μαθεῖν

1037 287 1075 319 ὡς
1091 287 1260 320 ὑποθειάζων
1286 287 1336 323 τὴν
1355 286 1515 322 φιλοσοφίαν
1543 286 1662 320 ἐγένετο.
1691 286 1799 313 Κύκνοι
1814 287 1838 303 ¹¹

1040 333 1144 367 τοίνυν,
1157 333 1204 366 οὓς
1224 335 1238 361 ὁ
1257 333 1360 369 λειμὼν
1373 334 1481 368 ἔϐοσκε,
1505 333 1586 368 χορὸν
1600 333 1752 368 στήσαντες
1771 333 1840 367 περὶ

1037 377 1087 414 τὴν
1117 378 1298 405 Ἀπολλωνίου
1335 378 1441 414 μητέρα
1469 377 1676 410 καθεύδουσαν,
1705 377 1756 404 καὶ
1788 378 1839 408 τὰς

1039 425 1177 461 πτέρυγας
1189 425 1296 461 (ὥσπερ
1306 424 1446 460 εἰώθασιν)
1457 424 1586 460 ἄραντες,
1599 424 1697 460 ἀθρόον
1710 424 1819 460 ἤχησαν
1829 431 1837 438 ·

1041 472 1089 500 καὶ
1112 471 1168 508 γάρ
1187 480 1213 499 τι
1239 472 1286 499 καὶ
1302 472 1425 507 Ζεφύρου
1454 469 1488 507 ἦν
1506 472 1535 498 ὲν
1550 471 1589 506 τῷ
1609 471 1733 506 λειμῶνι.
1758 471 1792 497 Ἦ
1808 470 1839 496 δὲ

1043 518 1153 554 ἐξέθορε
1179 526 1208 544 τε
1225 517 1277 544 ὑπὸ
1296 518 1345 552 τῆς
1359 517 1432 553 ᾠδῆς
1450 517 1498 544 καὶ
1529 517 1675 544 ἀπέτεκεν.
1696 515 1786 552 Ἰκανὴ
1808 516 1839 543 δὲ

1043 565 1117 591 πᾶσα
1142 563 1273 598 ἔκπληξις
1307 563 1489 599 μαιεύσασθαι
1514 563 1562 590 καὶ
1589 562 1644 598 πρὸ
1672 563 1723 598 τῆς
1749 563 1838 598 ὧρας.

1049 609 1231 645 ὀφθαλμοὶ¹¹
1250 609 1279 636 δὲ
1291 610 1390 641 πάντες
1407 610 1436 641 ὲς
1450 609 1474 625 ⁸³
1489 609 1570 636 αὐτὸν
1588 608 1727 644 ἐφέροντο,
1749 617 1841 635 σκωπ-

1042 657 1118 684 τόλαι
1145 665 1173 683 τε
1198 656 1246 683 καὶ
1267 656 1394 691 ὑδρισταὶ
1425 656 1525 687 πάντες
1543 663 1550 671 ·
1578 656 1623 682 καὶ
1648 655 1782 682 δεδώκασι
1805 656 1839 690 τῇ

1043 702 1125 738 ὀθόνῃ
1144 701 1258 738 [μᾶλλον
1276 701 1312 738 ⁸³]
1331 702 1432 732 πάντες
1454 701 1471 736 ἢ
1488 700 1569 736 σοφίᾳ
1595 700 1740 735 Ἀθηναῖοι.
1766 701 1842 734 Προ-

1045 748 1152 776 άστειον
1161 745 1217 781 ὲνῷ
1224 747 1309 782 κῆποι
1316 744 1537 782 ἁπαλοὶῆςαν.”0
1544 755 1572 772 τε
1581 746 1604 762 ³⁸
1613 746 1736 778 Κιλίκιος
1745 745 1824 779 λόγος
1832 753 1840 761 ⁸

1045 795 1103 822 Ποῖ
1112 793 1226 828 τρέχεις
1239 801 1248 826 ;
1260 794 1293 821 Ἠ
1301 793 1351 820 ἐπὶ
1357 793 1380 808 ⁵⁸
1395 793 1449 819 τὸν
1457 792 1590 827 ἐφηόονς
1603 791 1650 819 ἐπὶ
1668 791 1841 826 Ἀπολλωνίῳ

1047 849 1076 867 τε
1097 841 1207 874 ἐλέγετο
1225 839 1248 856 ⁸⁷
1264 840 1312 866 καὶ
1330 838 1502 874 παροιμιώδη
1516 837 1600 874 τιμὴν
1610 837 1684 873 ἔσχε.
1703 837 1760 872 Τὴν
1776 837 1806 864 δὲ
1818 837 1843 853 ⁸⁸

1044 887 1138 913 οὐσίαν
1150 885 1280 922 λαμπρὰν
1291 884 1374 912 οὖσαν
1388 884 1494 920 διέλαχε
1509 884 1578 920 πρὸς
1589 883 1636 910 τὸν
1655 882 1781 918 ἀδελφόν.
1794 883 1842 909 Φι-

1044 933 1172 967 λοσοφίας
1188 933 1242 968 γὰρ
1260 933 1351 967 πάσης
1365 931 1426 967 ἡχὼ
1434 931 1464 957 ὲν
1481 930 1556 966 αὐτῷ
1569 928 1613 966 ἦν.
1627 931 1690 957 Ὀτι
1702 930 1726 946 ⁸⁹
1741 930 1842 965 ἐρομέ-

1043 987 1090 1006 νου
1105 979 1151 1005 τὸν
1169 977 1349 1005 ¹Ᾱτιολλώνιον
1360 977 1407 1004 τοῦ
1423 976 1540 1010 Εὐξένου
1553 976 1580 1004 τί
1595 976 1663 1011 δῆτα
1675 976 1706 1002 οὐ
1719 975 1843 1011 ξυγγρὰ-

1045 1034 1101 1060 φοι,
1133 1024 1220 1051 καίτοι
1248 1023 1406 1059 ἀπαγγελίᾳ
1432 1022 1574 1059 χρώμενος
1602 1021 1707 1056 δοκίμῳ
1733 1030 1763 1048 τε
1795 1022 1845 1048 καὶ

1042 1070 1321 1107 διεγηγερμένῃ,”οτι
1328 1069 1487 1105 οὔπω,εφη,
1496 1069 1653 1101 ἐσιώπησα
1662 1067 1756 1095 ⁹⁰.Κα’ί
1763 1067 1789 1093 λι
1794 1067 1845 1102 μὴ

1042 1114 1086 1153 ἦν,
1099 1116 1190 1151 δροῦοι
1202 1116 1231 1142 δὲ
1242 1115 1327 1148 ὤνιοι,
1342 1115 1390 1142 καὶ
1400 1115 1483 1146 ﬁsi;
1509 1114 1610 1150 βρῶσιν
1633 1112 1694 1149 [541
1711 1112 1757 1149 ll.]
1775 1114 1846 1140 ἀνα-

1043 1163 1127 1196 γκαῖα
1141 1161 1280 1188 διέδοσκεν
1293 1160 1402 1192 αὐτούς.
1416 1160 1599 1194 Κελαρύζει⁹¹
1610 1160 1665 1187 τῶν
1681 1159 1778 1194 πηγῶν
1798 1159 1848 1186 οὑ-

1044 1205 1136 1241 δεμίᾳ.
1144 1206 1317 1240 κυπαρίττου
1329 1214 1354 1232 τι
1362 1205 1439 1240 ἔρνος
1450 1206 1467 1240 ἡ
1475 1207 1509 1240 γῆ
1523 1205 1659 1232 ἀνέδωκεν
1668 1205 1788 1241 ⁹¹.[1οΞ0
1795 1203 1846 1240 IL]

1047 1251 1108 1278 ’Ὁτι
1124 1252 1148 1267 ⁸³
1163 1253 1177 1278 ό
1194 1252 1218 1268 ⁸⁸
1243 1250 1423 1282 ’Λπολλὼνιος
1437 1251 1524 1285 λόγων
1538 1251 1612 1278 ὶδέαν
1633 1251 1793 1285 ἐπήσκησεν
1812 1251 1846 1277 οὺ

1045 1297 1241 1333 διθυραμϐώδη
1263 1297 1311 1324 καὶ
1334 1296 1555 1332 φλεγμαίνουσαν
1575 1297 1727 1332 ποιητικοῖς
1743 1296 1847 1332 ὀνόμα-

1047 1350 1100 1374 σιν,
1125 1342 1180 1368 οὐδ’
1195 1341 1229 1368 αὖ
1240 1341 1517 1377 κατεγλωττισμένην
1543 1342 1591 1368 καὶ
1614 1342 1846 1378 ὑπεραττικίζου-

1047 1396 1096 1414 σαν
1110 1387 1133 1403 ⁸³
1144 1387 1225 1422 ἀηδὲς
1238 1387 1293 1423 γὰρ
1305 1387 1336 1413 τὸ
1350 1387 1420 1421 ὑπὲρ
1432 1386 1482 1422 τὴν
1494 1387 1607 1422 μετρίαν
1622 1387 1731 1415 ’Λτθίδα
1740 1389 1846 1424 ἡγεῖτο.

1049 1434 1104 1460 Καὶ
1124 1433 1153 1460 αί
1177 1433 1252 1464 δόξαι
1277 1433 1403 1469 βραχεῖαι
1430 1436 1476 1462 καὶ
1503 1435 1699 1470 ἀδαμάντινοι·
1717 1434 1801 1470 κύριά
1816 1443 1849 1461 τε

1048 1480 1167 1514 ὀνόματα
1189 1479 1237 1506 καὶ
1255 1481 1469 1516 προσπεφυκότα
1481 1483 1537 1513 τοῖς
1557 1481 1720 1517 πράγμασιν
1732 1488 1739 1495 “
1754 1481 1802 1508 καὶ
1813 1481 1851 1507 τὰ

1049 1525 1183 1561 λεγόμενα
1192 1525 1251 1561 ἠχὼ
1261 1524 1317 1561 εἶχε
1328 1525 1424 1562 ὥσπερ
1437 1526 1492 1553 ἀπὸ
1502 1528 1644 1562 σκήπτρου
1655 1526 1678 1543 ³⁵
1690 1526 1852 1560 θεμιστευό-

1052 1580 1129 1608 μενα.
1147 1572 1201 1598 Kal
1226 1572 1383 1606 ἀφικνεῖται
1404 1572 1426 1589 ⁸⁷
1451 1573 1480 1604 ἐς
1501 1573 1552 1607 τὴν
1567 1571 1685 1608 ἀρχαίαν
1703 1572 1795 1604 Νῖνον,
1819 1572 1852 1598 ἐν

1051 1616 1192 1654 ᾖᾶγαλμα
1217 1617 1322 1653 ἵδρυται
1334 1618 1436 1654 τρόπον
1455 1618 1604 1654 βάρῦαρον.
1617 1617 1696 1644 Ἐστι
1716 1618 1745 1644 δὲ
1762 1618 1853 1653 ᾶρα⁹¹⁸

1057 1663 1099 1690 Ἰὼ
1111 1664 1133 1680 ’³
1146 1665 1162 1698 ἡ
1184 1663 1301 1698 Ἰνάχου,
1314 1664 1362 1690 καὶ
1376 1664 1482 1700 κέρατα
1497 1664 1554 1690 τῶν
1566 1664 1710 1700 κροτάφων
1720 1663 1852 1699 ἐκκρούει

1053 1711 1139 1746 μικρὰ
1159 1711 1206 1737 καὶ
1226 1708 1272 1738 οἷα
1299 1710 1442 1745 μέλλοντα.
1461 1710 1490 1737 '0
1510 1710 1559 1746 μὲν
1581 1710 1614 1745 δὴ
1640 1711 1728 1745 Δάμις
1756 1709 1854 1745 ὥσπερ

1051 1757 1167 1792 δαίμονα
1176 1756 1227 1783 τὸν
1247 1756 1429 1784 Ἀπολλώνιον
1442 1756 1552 1789 ἐϐλεπε,
1568 1756 1652 1791 συνῆν
1662 1765 1692 1782 τε
1703 1756 1778 1790 αὑτῷ
1790 1756 1855 1782 ἑπι-

1051 1804 1138 1836 διδοὺς
1149 1805 1199 1838 τὴν
1216 1803 1313 1839 σοφίαν
1328 1803 1376 1831 καὶ
1387 1804 1401 1831 ὅ
1417 1812 1444 1830 τι
1460 1804 1543 1840 μάθοι
1561 1802 1752 1839 μνημονεύων,
1773 1803 1854 1838 Φωνὴ

1052 1851 1075 1877 δ’
1093 1848 1127 1886 ἢν
1150 1850 1189 1885 τῷ
1209 1850 1344 1885 ’Δσσυρίῳ
1366 1850 1517 1886 συμμέτρῳ
1530 1851 1539 1866 ¹
1559 1851 1736 1885 πράττουσα·
1750 1849 1780 1875 τὸ
1799 1850 1855 1884 γὰρ

1053 1897 1187 1931 λογοειδὲς
1211 1897 1262 1924 οὐκ
1281 1895 1369 1933 εἶχεν..
1395 1897 1528 1924 οἰκοῦσι¹
1542 1897 1597 1934 γὰρ
1617 1896 1766 1932 Ἐρετριεῖς
1778 1896 1806 1921 ὲν
1819 1897 1855 1930 τῇ

1051 1944 1173 1980 Μηδικῇ,
1184 1943 1344 1974 Βαϐυλῶνος
1351 1943 1382 1970 οὐ
1389 1943 1457 1970 πολὺ
1471 1943 1621 1979 ἀπέχοντες
1632 1942 1756 1979 δρομικῷ
1765 1942 1855 1977 ἀνδρί.

207 1987 347 2022 sapientiae
363 1986 505 2020 magistro,
535 1991 563 2022 et
580 1987 651 2021 quod
669 1988 802 2021 discebat,
825 1991 957 2022 tnentOria
995 1992 1143 2027 repetebat.
1170 1991 1235 2018 Erat
1256 1990 1294 2018 illi
1321 1997 1372 2017 vox
1401 1990 1515 2025 Assyrio
1538 1991 1742 2017 accommodata
1760 1990 1857 2014 modu—

207 2035 244 2066 lo.
263 2041 350 2069 neque
381 2033 492 2061 nimium
523 2033 632 2068 loquax.
659 2034 756 2062 Eretrii
786 2035 812 2063 in
840 2038 953 2072 regione
987 2037 1124 2066 Medorum
1153 2037 1288 2070 habitant,
1319 2044 1373 2064 non
1411 2036 1518 2072 longius
1546 2043 1561 2063 a
1592 2035 1741 2070 Babylone,
1771 2042 1857 2070 quam

208 2082 306 2112 diurno
319 2081 418 2110 itinere
428 2088 525 2109 cursor
539 2082 688 2116 expediret.

242 2144 310 2172 Cum
336 2142 434 2171 Eretrii
461 2142 591 2170 tumulutn
610 2143 802 2177 seminassent,
821 2146 902 2174 vicini
934 2147 1003 2175 Bar-

1093 2149 1125 2175 Οί
1141 2148 1282 2183 πρόσοικοι
1300 2145 1339 2181 τῷ
1356 2145 1430 2180 λόφῳ
1455 2144 1601 2180 βάρϐαροι,
1621 2142 1789 2179 σπειρόντων
1801 2143 1855 2168 τῶν

207 2190 266 2219 bari
293 2190 367 2218 circa
402 2189 499 2217 messis
532 2193 641 2225 tempus
674 2190 859 2220 discurrentes
895 2193 993 2222 adulta:

1063 2193 1224 2230 Ἐρετριέων
1245 2192 1327 2220 αὑτὸν
1341 2192 1362 2226 ³,
1385 2191 1525 2227 ἐληΐζοντο
1547 2190 1581 2218 τὰ
1604 2190 1729 2225 φυόμενα
1748 2191 1812 2224 περὶ
1824 2188 1855 2215 τὸ

205 2237 265 2272 iam
294 2237 385 2272 fruges
416 2237 616 2277 przedabamur.
630 2237 732 2265 Ferunt
753 2243 780 2266 et
794 2239 820 2266 in
841 2241 942 2268 atrium
957 2249 1003 2268 ve-

209 2284 294 2316 nisse,
320 2281 399 2316 cujus
423 2290 548 2317 suprema
579 2290 641 2317 pars
673 2283 699 2310 in
719 2283 835 2312 formam
865 2286 931 2314 tholi
957 2287 999 2314 fa~

209 2329 313 2356 bricata
344 2327 405 2357 εωΙί
442 2327 538 2355 faciem
569 2329 745 2362 imitabatur,
777 2331 888 2366 sapitiro
919 2332 1006 2367 lapide

209 2375 357 2409 adoperta,
373 2374 418 2409 qui
450 2374 518 2409 lapis
539 2375 658 2407 maxime
683 2376 815 2404 caeruleus
842 2378 904 2405 cmli
931 2379 1005 2406 colo-

210 2427 267 2447 rem
302 2419 396 2447 refert.
423 2420 524 2446 Deinde
553 2427 646 2454 parum
683 2422 835 2450 subsistens
865 2431 871 2449 :
902 2423 1006 2458 Disees,

210 2467 318 2501 inquit,
344 2473 361 2494 ο
390 2466 488 2498 Domi,
519 2467 660 2495 eunuchos
691 2474 847 2500 amare.et
878 2471 1012 2506 cupidita-

211 2518 286 2545 tem,
311 2520 370 2546 quae
404 2520 452 2547 per
494 2513 588 2540 oculos
624 2513 786 2555 inducitur,
807 2516 832 2542 in
866 2516 919 2544 illis
950 2525 1004 2545 non

210 2558 359 2593 exstingui,
376 2559 423 2586 sed
439 2558 554 2586 calidam
570 2563 598 2586 et
615 2561 750 2595 vigentem
767 2561 794 2589 in
809 2562 876 2598 ipsis
893 2571 1001 2598 perma-

265 2635 276 2649 κ
294 2627 424 2657 Pliilostr.
445 2629 493 2658 lib.
509 2636 528 2663 t,
545 2637 605 2664 cap.
625 2629 656 2669 6.~

1056 2240 1135 2276 θέρος
1148 2240 1272 2275 ἥκοντες,
1285 2239 1333 2266 καὶ
1347 2240 1444 2274 πεινῇν
1462 2237 1516 2265 ἔδει
1536 2236 1726 2272 γεωργοῦντας
1739 2236 1855 2272 ἑτέροις.

1056 2285 1124 2312 Φασὶ
1136 2285 1147 2301 ⁸
1161 2284 1188 2311 δὲ
1205 2285 1252 2311 καὶ
1265 2283 1382 2320 ἀνδρῶνι
1399 2283 1530 2318 ἐντυχεῖν,
1550 2279 1580 2309 οὗ
1591 2282 1637 2308 τὸν
1650 2281 1750 2316 ὄροφον
1762 2283 1791 2312 ἐς
1809 2280 1855 2306 θό-

1056 2332 1103 2358 λου
1115 2330 1230 2366 ἀνῆχθαι
1244 2330 1347 2366 σχῆμα,
1359 2327 1468 2364 οὐρανῷ
1480 2328 1533 2354 τινι
1546 2327 1719 2361 εἰκασμένον.
1733 2326 1856 2360 Σαπφει-

1060 2377 1122 2414 ρίνῃ
1140 2377 1168 2403 δὲ
1189 2377 1270 2404 αὑτὸν
1295 2374 1469 2411 κατηρέφθαι
1490 2373 1557 2409 λίθῳ
1570 2381 1577 2389 ³
1605 2373 1770 2408 κυανωτάτη
1788 2373 1817 2399 δὲ
1837 2373 1854 2408 ἡ

1057 2423 1131 2456 λίθος
1145 2423 1193 2450 καὶ
1215 2423 1329 2458 οὐρανία
1350 2421 1426 2449 ἰδεῖν.
1443 2420 1472 2447 '0
1485 2419 1513 2447 δὲ
1524 2421 1536 2436 ³
1549 2419 1637 2455 βραχὺ
1652 2417 1781 2453 ,ἐπισχὼν
1804 2417 1855 2446 αὗ-

1063 2479 1119 2506 ριον
1131 2471 1153 2503 “,
1173 2469 1236 2504 ἔφη,
1260 2466 1283 2496 ὦ
1307 2468 1391 2503 Δᾶμι,
1421 2466 1519 2502 μάθοις
1540 2465 1574 2492 ἂν
1599 2466 1640 2492 ὅτι
1664 2464 1712 2491 καὶ
1732 2464 1857 2499 εὐνοῦχοι

1063 2517 1159 2553 ἐρῶσι,
1169 2516 1217 2544 καὶ
1231 2515 1262 2543 τὸ
1274 2513 1483 2550 ἐπιθυμητικὸν,
1496 2512 1565 2547 ὅπερ
1575 2511 1732 2545 εἰσάγονται
1744 2510 1788 2537 διὰ
1802 2511 1857 2537 τῶν

1059 2563 1216 2598 ὀφθαλμῶν,
1237 2562 1287 2589 οὐκ
1310 2559 1529 2596 ἀπομαραίνεται
1554 2557 1640 2593 σφῶν,
1666 2556 1724 2584 ἀλλ’
1739 2556 1858 2592 ἐμμένει

868 2697 986 2725 VARI/li
999 2697 1201 2726 LECTIONES.

238 2768 261 2804 ’ξ
276 2768 369 2795 κύκνοι
384 2766 393 2804 ]
409 2775 438 2804 rt,
451 2767 487 2804 5.7
518 2766 552 2804 ξ’
573 2765 655 2804 όφθν.]
675 2770 704 2798 ’1,
733 2766 779 2804 7.__
797 2765 890 2804 _"_é;]

212 2812 230 2833 t.
247 2803 264 2830 8
282 2809 352 2830 extr.
384 2801 392 2804 ⁷
406 2802 430 2819 ⁸⁸
447 2803 493 2830 ὲπὶ
518 2801 556 2829 B:
575 2803 591 2836 ἡ
620 2801 666 2829 ἐπὶ
680 2810 710 2833 ς.
757 2801 779 2818 ⁸⁷
795 2802 904 2836 ἐγένετο
933 2810 964 2834 ς.

212 2838 317 2866 ἐσιώπα
334 2847 363 2870 ς.
381 2837 429 2865 καὶ
443 2837 534 2873 λιμὸς]
552 2845 571 2870 1,
589 2836 632 2864 15.
668 2836 818 2873 Pingue]
836 2845 856 2871 t,
873 2837 915 2863 l6.

214 2907 306 2945 ιοῦοι]
320 2916 342 2942 1,
354 2908 401 2937 2|.
432 2907 435 2909 ’
450 2909 460 2925 ³
473 2907 563 2936 αὐτῶν
578 2908 613 2936 Δ.
661 2907 672 2924 ⁸
689 2907 769 2944 φασὶ]
783 2916 800 2941 ι,
818 2908 864 2935 ‘25.

917 2765 986 2802 πρὸς
1015 2766 1045 2802 Β.

1051 2801 1099 2836 τὴν
1123 2801 1164 2836 δὲ]
1181 2809 1199 2834 1,
1227 2801 1270 2829 15.

1094 2766 1118 2782 ⁸⁸
1147 2765 1247 2801 μᾶλλον
1277 2769 1305 2793 et
1335 2766 1498 2800 προάστειον
1530 2773 1587 2793 om.
1618 2764 1674 2792 AB.

1727 2764 1752 2782 ⁸³
1778 2762 1859 2800 ὅτε]

1326 2799 1417 2837 ⁸⁸ῌδτι]
1437 2809 1454 2832 1,
1485 2801 1528 2828 14,
1580 2801 1603 2837 ⁸7³
1619 2799 1684 2837 ὲσιῴ

1687 2807 1763 2835 πησα
1794 2799 1858 2835 ABE

955 2837 978 2852 ⁹⁹
989 2834 1090 2863 ἔδωκεν
1105 2834 1163 2864 AB:
1207 2835 1294 2871 ⁹³ὅτιῙ
1311 2845 1330 2868 1,
1344 2835 1389 2863 17.
1407 2834 1417 2837 ”
1428 2836 1454 2854 ’δ
1468 2837 1483 2864 ὸ
1497 2836 1559 2864 add.
1580 2836 1614 2863 Α.
1661 2836 1684 2852 ’³
1700 2834 1859 2871 ἀττικίζου-

213 2882 263 2914 ea!
276 2882 307 2905 ς.
344 2874 368 2890 ⁰⁸
384 2871 508 2909 σκήπτου
593 2873 614 2889 "
632 2871 680 2899 καὶ
691 2871 753 2915 ἀφ.]
767 2871 785 2903 1,
803 2872 852 2915 19..
883 2873 906 2889 ³⁸
918 2872 946 2898 δὲ
961 2872 1016 2905 ἄρα
1030 2879 1085 2915 om.
1103 2871 1158 2899 AB.

214 2907 306 2943 ιουοι]
320 2916 342 2942 1,
354 2908 401 2937 2|.
450 2909 460 2925 ³
473 2908 563 2936 αὑτων
578 2908 613 2936 Δ.
661 2907 672 2924 ⁸
689 2907 769 2943 φασιῖ
783 2916 800 2941 ι,
818 2908 864 2935 2ο.
915 2908 925 2924 ⁸
941 2906 1004 2943 όδὲ]
1018 2914 1037 2942 1,
1051 2907 1095 2935 oi.
1145 2909 1158 2925 ⁸

1211 2871 1234 2887 ⁹⁹
1257 2871 1351 2907 ’1ὼᾼε
1368 2870 1429 2898 Ἰνὼ
1445 2880 1475 2904 ς.
1515 2872 1523 2887 ³
1541 2872 1589 2899 σὺν
1608 2871 1701 2907 μέτρω
1713 2871 1745 2898 Β.
1795 2871 1805 2886 ²
1817 2870 1858 2896 οἱ·

1145 2909 1158 2925 ⁸
1170 2906 1266 2943 αῡριον
1282 2906 1346 2935 add.
1362 2909 1395 2934 Δ.
