1919 3096
263 150 330 183 1251

813 151 944 185 PHOTII
962 156 1217 189 PATRIARCHAE
1238 160 1293 191 CP.

1835 167 1902 201 125?

261 209 338 240 dere,
350 211 378 235 et
393 206 497 242 figuris,
514 207 687 242 numerisque
702 209 844 237 materiam
861 211 995 238 adornare
1010 219 1019 237 τι

1146 213 1223 242 λιστά
1250 224 1332 252 φησιν
1358 217 1380 233 ⁸³
1409 217 1517 253 Ὄσιρίν
1543 227 1573 246 τε
1594 218 1641 247 καὶ
1664 217 1745 254 Ἶσιν,
1771 222 1823 249 τὸν
1858 225 1902 258 μὲν

261 252 374 285 bitrati;
393 252 463 279 hanc
478 259 542 279 vero
562 252 700 280 immensis
717 254 844 288 perennis
868 256 930 282 vitae
956 255 1050 284 rivulis

262 298 332 325 illius
350 298 480 325 fabricam
504 297 621 332 irrigare
641 305 673 325 ac
691 299 827 332 saginare.
840 299 879 326 Ex
889 299 930 327 his
945 305 1052 328 constat

260 343 433 374 Theocrasia,
450 343 501 370 hoc
524 349 566 370 est
583 343 672 371 divina
691 345 862 379 temperatio,
889 351 937 372 aut
963 346 1051 380 potius

260 389 379 424 perfecta
394 390 458 416 unio
471 394 521 420 est,
543 389 645 417 reditus
667 389 818 417 animarum
839 395 994 419 nostrarum
1015 392 1049 419 ad

260 435 342 464 Deum
356 443 534 466 reversarum,
552 440 579 462 et
592 443 607 462 e
630 436 712 463 multa
731 437 907 464 distractione
922 438 948 464 in
967 446 1049 465 unum

259 482 443 510 cullei-tarum.
453 482 555 509 Etenim
567 490 618 509 non
626 483 660 509 de
670 483 808 510 avulsione
818 483 968 511 luculenter
977 485 1048 516 dico,

258 535 310 562 qua
336 529 388 555 huc
402 528 524 554 demissae
553 533 580 555 et
595 532 732 554 terrenum
749 529 848 556 indutae
864 536 972 563 corpus,
991 537 1006 556 a
1021 538 1050 556 se

259 574 373 600 invicem
391 573 441 600 illae
467 573 577 600 divulsa:
599 578 673 606 sunt,
694 578 721 600 et
736 581 829 601 revera
845 582 860 601 a
882 574 1006 608 furiosis,
1022 579 1050 602 et

257 619 354 654 33511
365 626 379 645 a
391 619 506 645 terrenis
516 618 656 646 allectibus
666 626 713 653 per
726 620 853 646 mundum
863 627 964 654 sparsa;
974 624 1048 653 sunt,

257 667 302 700 qui
319 673 370 692 non
381 665 459 692 modo
479 673 540 692 cum
558 664 690 700 Typhone
700 666 884 700 comparandi,
902 667 949 693 sed
961 666 1049 694 adhuc

258 711 352 743 multo,
381 716 409 738 ut
432 716 506 744 puto,
529 711 741 745 perturbatiores
762 717 835 740 sunt.
854 713 953 740 Verum
970 715 1048 749 cujus

255 757 341 792 gratia
358 758 414 784 haec
426 757 603 784 omnia?Jam
620 762 725 791 tempus
734 758 891 793 adjungere,
907 764 934 787 et
950 760 1046 787 iterum

257 803 441 830 narrationem
461 807 536 830 extra
550 808 739 838 argumentum
754 804 951 838 exspatiantem
967 811 1046 831 revo-

255 856 339 876 care:
355 854 381 875 et
396 849 567 883 conjungitur
583 848 627 875 illa
640 856 656 876 e
671 850 793 876 terrestri
808 849 859 876 hac
874 849 927 876 vita
944 850 977 876 ad
991 856 1047 877 cte-

255 895 348 922 lestem
358 895 431 922 illum
445 895 574 921 l'omicem
586 894 763 921 avolans.Sed
777 895 868 922 statim
880 895 941 929 quis
950 895 1047 922 existi-

254 945 341 968 maret
355 947 385 967 ea
411 947 470 974 qua:
485 940 553 966 dicta
583 940 860 971 sunt,‘beatitudinem
891 947 1000 967 sonare.
1018 940 1047 967 ln

254 990 378 1020 promptu
390 991 431 1012 est
443 986 609 1019 interrogare
621 995 627 1012 :
639 985 727 1015 Unde.
736 993 752 1012 ο
768 987 864 1018 amice,
875 985 1046 1014 manifestum

253 1037 305 1062 est.
335 1032 407 1059 dicat
421 1031 528 1066 aliquis,
564 1036 638 1058 tuum
684 1031 759 1058 illum
787 1032 976 1066 philosophum
1012 1033 1046 1060 ab

253 1078 304 1105 hac
327 1078 403 1105 turba
431 1078 581 1104 animarum
606 1082 695 1104 ortum
725 1078 855 1105 duxisse?
882 1078 937 1112 Ego
956 1082 1045 1105 autent

252 1124 286 1151 ad
316 1123 358 1150 illa
393 1130 446 1150 non
471 1123 645 1154 decertando,
679 1129 753 1149 more
788 1122 964 1157 judiciorum,
998 1122 1045 1150 sed

252 1170 344 1197 mitius
398 1169 582 1204 respondebo,
624 1176 714 1203 neque
760 1169 968 1201 contendendo,
1014 1173 1044 1196 ut

252 1216 288 1243 sit
328 1216 354 1242 in
400 1215 596 1250 disputatione.
644 1214 688 1241 ubi
729 1215 863 1242 acerrime
904 1218 1042 1248 certatur‘,

251 1262 298 1289 sed
314 1266 343 1288 ut
361 1261 432 1293 leges
449 1266 511 1288 sunt
533 1267 637 1292 eorum,
655 1260 699 1294 qui
723 1259 796 1286 Vitas
815 1260 990 1292 describunt,
1012 1267 1042 1288 ea

250 1308 307 1335 sola
329 1315 389 1341 quae
413 1314 476 1333 vera
498 1314 560 1334 esse
586 1307 680 1339 credo,
703 1306 867 1340 produceus,
891 1313 1007 1341 quaeque
1028 1314 1042 1333 a

250 1357 418 1388 praeceptore
441 1352 544 1379 audivi.
574 1352 692 1379 Severus
722 1352 870 1386 imperator
905 1352 1043 1381 Romanus

250 1398 312 1430 fuit,
328 1398 569 1432 Romanorumque
589 1403 667 1432 pater
681 1398 750 1432 legis
766 1398 934 1433 praescripto.
950 1399 1000 1432 Qui
1016 1405 1043 1427 et

249 1443 364 1477 lapidem
391 1451 421 1471 se
447 1444 486 1470 ait
509 1444 619 1477 vidisse,
648 1444 673 1470 in
700 1451 754 1478 quo
775 1445 932 1472 continetur
955 1446 1041 1480 ﬁgura

248 1489 320 1516 lunm
332 1490 407 1516 vario
424 1489 504 1516 modo
516 1495 627 1516 mutata'
638 1497 672 1517 ex
686 1490 740 1517 alio
756 1490 782 1517 in
800 1490 884 1524 aliud,
901 1494 928 1518 et
944 1496 1040 1519 contra

248 1536 332 1564 solem
359 1541 445 1563 auctae
474 1540 502 1563 et
528 1537 649 1568 minutrc,
677 1541 705 1563 et
733 1536 817 1571 lapidi
845 1537 927 1564 etiam
955 1537 1039 1565 solem

247 1583 347 1609 inesse.
366 1581 485 1609 Isidorus
504 1582 585 1616 igitur
601 1582 776 1616 quaestionem
799 1582 871 1610 scire
886 1582 1038 1617 videbatur,

247 1629 337 1655 dicere
351 1635 415 1655 vero
438 1627 533 1661 noluit,
555 1633 582 1654 et
602 1627 652 1654 hoc
673 1635 688 1655 e
710 1635 806 1656 somno
824 1628 941 1663 quodam
957 1629 1040 1655 mira-

247 1675 293 1702 bili
316 1676 423 1702 discere
443 1677 527 1708 quam‘
543 1675 748 1702 accuratissime
766 1680 880 1703 conatus
899 1680 950 1702 est.
972 1675 1038 1702 Tam

245 1722 318 1748 enim
337 1725 462 1756 prompto
485 1721 637 1748 somniandi
656 1721 764 1756 ingentia
788 1726 816 1749 et
833 1726 893 1748 arte
910 1721 958 1748 fuit
982 1729 1038 1748 ma-

245 1775 313 1801 gnus
331 1767 460 1798 Isidorus,
481 1771 510 1793 ut
526 1767 624 1801 saepius
644 1774 724 1801 opera
747 1775 809 1801 quin
825 1767 917 1801 lipsius
936 1768 1037 1802 praedi-

245 1813 328 1840 ctioni
355 1812 532 1846 respondent,
556 1812 697 1846 explorata
721 1813 850 1839 demircr.
876 1812 945 1840 Sunt
971 1821 1037 1840 sane

244 1859 326 1886 etiam
351 1865 422 1893 pene
441 1865 535 1885 omnes
560 1858 737 1885 Alexandrini
760 1859 852 1886 felices
876 1863 904 1886 et
925 1859 980 1893 apti
1008 1859 1034 1886 in

244 1905 414 1937 somniando,
431 1908 457 1931 et
477 1904 536 1931 idco
552 1904 589 1930 illi
603 1905 685 1931 etiam
706 1912 776 1931 nunc
800 1905 903 1932 somnia
926 1905 1034 1933 oracula

244 1951 444 1985 cognominant.
463 1950 529 1977 Cum
545 1958 609 1977 vero
624 1955 802 1984 expert-cetus
824 1955 907 1983 esset,
925 1957 977 1977 non
995 1951 1036 1978 vi-

243 1999 324 2025 debat
341 1997 413 2024 illam
436 1996 654 2031 inexplicabilem
684 1996 826 2023 visionem.
845 1995 939 2032 Neque
961 1996 1033 2024 enim

243 2044 310 2071 adeo
332 2043 434 2070 clarum
462 2050 549 2077 neque
573 2042 734 2078 profundum
762 2038 887 2069 vibrabat
907 2042 1033 2076 splendo-

243 2097 312 2122 rem,
329 2094 357 2115 ut
378 2093 519 2116 contectus
543 2096 556 2115 a
581 2089 755 2116 sensibilibus
774 2089 825 2114 alio
842 2088 1032 2116 revurbe’rnre-

244 2141 297 2169 tur,
322 2138 394 2163 intus
416 2141 505 2162 tamen
531 2135 699 2162 accendatur
725 2139 752 2162 et
773 2135 870 2161 luceat.
896 2135 948 2161 Sed
971 2142 1032 2161 cum

241 2188 316 2209 extra
332 2181 388 2208 lucc
405 2181 528 2208 consistit
543 2181 646 2213 anima,
667 2187 747 2207 sensu
764 2188 817 2207 non
839 2180 954 2214 amplius
969 2188 1032 2215 ope-

242 2234 320 2256 rante
342 2229 366 2254 vi
391 2228 480 2255 somni
506 2227 673 2259 remissiore,
699 2231 762 2253 tunc
784 2226 833 2255 soli
855 2227 905 2253 sibi
930 2226 1030 2254 relictae

241 2275 339 2301 anima:
351 2274 428 2301 adest
440 2281 548 2307 semper
565 2273 679 2300 interior
696 2271 743 2299 Dei
764 2272 820 2305 lux,
836 2277 861 2298 et
884 2272 1030 2300 obstaculis

236 2320 292 2355 jam
310 2321 406 2351 libera,
422 2320 506 2354 magis
520 2319 686 2351 accenditur,
703 2322 731 2345 et
740 2318 887 2352 swpissime
905 2318 936 2344 ad
954 2323 1030 2345 exte-

239 2368 313 2395 riora
332 2366 487 2398 ell'unditur,
513 2365 598 2392 donec
622 2366 729 2392 tandem
753 2365 838 2399 ipsam
858 2365 1028 2399 imaginatio-

238 2422 300 2441 nem
315 2413 465 2440 collustret.
481 2412 618 2446 anlicem
634 2411 715 2446 336
731 2419 745 2437 a
762 2411 823 2437 inde
836 2410 969 2437 rationem
981 2411 1022 2438 di-

236 2459 360 2486 vinarum
377 2459 509 2485 visionum
533 2457 602 2484 dixit.
624 2465 630 2483 :
654 2457 724 2483 hanc
746 2455 853 2490 quidem
868 2456 1024 2485 sensibilem

237 2505 418 2541 vigilantium,
446 2503 632 2539 imaginariam
660 2502 773 2529 alteram
801 2502 991 2529 dormientium
1014 2511 1021 2530 :

236 2556 353 2585 utraque
369 2555 459 2577 autem
482 2557 573 2576 veram
588 2548 782 2576 continentiam
797 2548 925 2583 postulat.
940 2548 1020 2576 Vide-

235 2597 315 2624 batur
339 2596 448 2629 sapiens
474 2600 651 2629 maturusque
676 2593 813 2627 Isidorus,
843 2595 908 2629 quin
936 2595 1018 2622 etiam

233 2642 326 2677 gravis
339 2649 444 2668 morum
457 2641 620 2673 constantia,
633 2640 716 2668 facies
737 2648 806 2676 pene
823 2641 1018 2676 quadrangula,

233 2688 385 2723 eloquentis
404 2687 528 2716 Mercurii
545 2687 679 2722 quoddam
692 2694 800 2714 sacrum
819 2687 996 2715 simulacrum
1012 2696 1018 2715 :

1063 883 1083 910 Β

1047 2218 1070 2245 D

1102 260 1209 287 ἅπαντα
1222 261 1399 298 δημιουργεῖν
1416 264 1573 299 νομίζοντες
1585 286 1592 296 ,
1605 265 1687 293 εἴδεσι
1710 276 1740 294 τε
1770 269 1823 295 καὶ
1844 269 1903 303 ἀρι-

1102 304 1181 341 θμοῖς
1203 308 1254 343 τὴν
1274 308 1342 344 ὓλην
1358 309 1570 345 διακοσμοῦντα,
1587 312 1636 348 τὴν
1649 313 1678 340 δὲ
1706 314 1902 349 κατάρδουσάν

1102 360 1132 378 τε
1158 353 1205 379 καὶ
1234 355 1395 382 πιαίνουσαν
1415 356 1464 391 τὴν
1491 357 1587 384 τούτου
1601 358 1780 394 δημιουργίαν
1800 362 1902 387 ἀενάου

1101 396 1175 432 ζωῆς
1197 397 1220 414 ⁵⁵
1236 399 1341 434 ὀχετοῖς
1364 401 1538 436 ἀμετρήτοις.
1573 402 1621 428 Ἐκ
1636 402 1736 438 τρίτων
1763 405 1828 430 ἀντὶ
1857 405 1902 430 τοῦ

1100 443 1389 478 τρίτον.Καὶτοῦτ’ᾶν
1403 446 1444 481 ετη
1461 446 1619 482 θεοκρασία,
1638 448 1737 483 μᾶλλον
1753 449 1781 476 δὲ
1800 450 1902 480 Evam:

1100 489 1245 524 παντελὴς,
1265 491 1394 523 ἐπάνοδος
1419 492 1474 519 τῶν
1493 494 1635 529 ἡμετέρων
1660 494 1754 529 ψυχῶν
1781 498 1857 530 προς
1874 497 1902 522 τὸ

1099 533 1177 560 Θείον
1204 536 1444 571 ὲπιστρεφομένων
1470 539 1517 565 καὶ
1555 539 1810 575 συναθροιζομένων
1845 543 1900 568 ἀπὸ

1101 579 1152 606 τοῦ
1168 580 1267 607 πολλοῦ
1280 582 1415 618 μερισμοῦ
1429 584 1476 610 καὶ¹
1494 583 1520 610 τί
1531 584 1585 620 γὰρ
1598 586 1627 611 οὐ
1641 585 1714 620 λέγω
1728 587 1898 622 σπαραγμοῦ

1098 627 1256 664 διαρρήδην,
1270 629 1299 656 ὃν
1314 630 1431 658 ἐνταῦθα
1448 633 1556 668 ῥυεῖσαι
1571 633 1618 659 καὶ
1635 633 1717 666 σῶμα
1738 635 1835 669 γήϊνον
1851 635 1900 661 λα-

1099 672 1411 709 ῦοῦσαιδιεσπάσθησαν
1438 677 1523 704 αὑταὶ
1545 677 1593 712 ἀφ’
1621 677 1736 712 ἑαυτῶν,
1753 680 1803 706 καὶ
1830 680 1900 706 πολ-

1098 716 1364 756 λαχῇέδιῳκίσϐησαν
1393 722 1445 748 ὑπὸ
1455 723 1478 739 ⁸⁵
1505 723 1560 750 τῶν
1581 723 1743 758 Τυφωνείων
1772 725 1814 759 τῷ
1840 726 1900 752 Evn

1098 765 1145 790 καὶ
1158 764 1244 797 ἄλλως
1261 767 1386 801 γηγενῶν
1403 768 1585 804 παθημάτων,
1599 769 1683 796 ὄντων
1707 778 1739 804 γε
1760 771 1792 797 οὺ
1824 772 1899 798 κατὰ

1098 811 1145 836 τὸν
1161 811 1280 846 Τυφῶνα
1297 812 1388 847 μόνον,
1402 814 1458 840 ἀλλ’
1473 814 1514 840 ἔτι
1528 813 1605 850 οἶμαι
1630 815 1678 842 καὶ
1693 816 1791 843 τούτου
1809 817 1898 843 πολυ-

1098 855 1290 892 πλοκωτέρων.
1305 858 1376 885 Ἀλλ’
1389 855 1419 885 οὗ
1431 859 1462 895 δὴ
1487 859 1569 887 ἕνεκα
1586 860 1631 887 τὸν
1647 861 1725 895 λόγον
1752 862 1898 890 ἆπαντα⁶⁶

1098 902 1193 928 τοῦτον
1219 903 1382 939 ἡγείραμεν,
1408 905 1502 942 καιρὸς
1530 906 1563 933 ἂν
1591 906 1633 942 εἴη
1660 908 1896 942 προσαποδοῦναι,

1098 949 1144 974 καὶ
1159 947 1216 983 ἅμα
1228 949 1450 977 ἀνακαλέσασθαι
1474 952 1523 987 τὴν
1546 953 1671 988 διήγησιν
1687 953 1739 985 ἔξω
1771 956 1898 990 φερομέ-

1098 1002 1147 1029 νην
1161 995 1211 1029 τῆς
1223 995 1387 1028 ὑποθέσεως.
1400 997 1455 1024 Καὶ
1469 997 1559 1032 ἔχεται
1581 998 1649 1033 αὕτη
1665 1002 1831 1027 καταπτᾶσαι
1847 1003 1899 1035 τῆς

1096 1039 1225 1074 οὐρανίας
1239 1040 1333 1075 ἁψῖδος
1347 1041 1394 1067 τοῦ
1402 1041 1508 1076 χθονίου
1526 1042 1584 1077 βίου
1594 1043 1616 1058 ⁸⁷
1629 1043 1709 1070 Ἀλλὰ
1722 1044 1792 1079 τάχα
1809 1046 1843 1072 ἄν
1855 1055 1898 1078 τις

1097 1086 1228 1114 ὑπολάϐοι
1257 1088 1287 1114 τὸ
1316 1088 1461 1124 λεγόμενον
1488 1089 1562 1126 ᾄδειν
1589 1091 1738 1126 μακαρίας,
1761 1092 1899 1128 Ἔτοιμον

1096 1132 1150 1168 γὰρ
1167 1134 1207 1165 είς
1225 1134 1374 1169 ἐρώτησιν·
1396 1135 1489 1168 πόθεν,
1505 1133 1528 1162 ὧ
1544 1137 1645 1173 ἑταῖρε,
1661 1138 1750 1173 δῆλον,
1767 1140 1843 1166 εἴποι
1853 1148 1897 1171 τις

1096 1177 1140 1210 ἂν,
1153 1179 1193 1206 ὅτι
1205 1180 1270 1211 ὁσὺς
1287 1180 1431 1215 φιλόσοφος
1446 1182 1500 1208 ἀπὸ
1516 1183 1592 1210 τοῦδε
1608 1185 1656 1210 τοῦ
1669 1185 1762 1216 ἔθνους
1777 1185 1897 1221 ὥρμητο

1094 1225 1149 1251 τῶν
1165 1225 1275 1261 ψυχῶν;
1290 1227 1345 1261 ἐγὼ
1364 1227 1392 1254 δὲ
1413 1229 1481 1264 πρὸς
1507 1229 1592 1256 ταῦτα
1613 1231 1818 1266 ἀποκρινοῦμαι
1833 1232 1896 1260 οὔτι

1094 1279 1126 1305 γε
1143 1272 1305 1307 μαχητικῶς
1338 1273 1432 1309 ὥσπερ
1452 1275 1480 1301 ἐν
1495 1276 1672 1312 δικαστηρίῳ,
1690 1277 1757 1304 ἀλλὰ
1772 1279 1897 1313 πραότε-

1095 1325 1151 1351 ρον,
1169 1317 1229 1344 οὐδέ
1245 1327 1277 1352 γε
1287 1318 1331 1345 διὰ
1350 1320 1468 1355 σπουδῆς
1483 1321 1542 1352 οἵας
1566 1322 1594 1348 ἐν
1614 1322 1746 1357 διαλέκτῳ
1770 1324 1844 1358 πρὸς
1866 1324 1898 1351 τὸ

1093 1363 1290 1398 ἀκριὸἐστατον
1322 1365 1528 1400 ἁμιλλωμένης,
1546 1365 1675 1403 [10291ὶ.]
1697 1366 1820 1395 ἈλΥοῖα
1844 1370 1898 1404 μὲ-

1093 1417 1145 1443 Ιτερα
1160 1409 1333 1444 βιογραφίας,
1352 1411 1421 1438 αὑτὰ
1438 1412 1516 1446 μόνα,
1535 1412 1607 1448 ἅπερ
1633 1413 1721 1449 ἀληθῆ
1756 1412 1829 1441 εἶναι
1847 1424 1898 1442 πι-

1093 1455 1181 1482 στεύω
1193 1455 1242 1482 καὶ
1254 1456 1301 1482 τοῦ
1316 1456 1383 1491 ὲμοῦ
1402 1458 1590 1493 καθηγεμόνος
1610 1459 1729 1495 ἀκήκοα,
1749 1462 1897 1496 προφερὸ-

1094 1509 1174 1536 μενος
1189 1501 1222 1529 ⁸⁸.
1247 1499 1302 1529 Ἦν
1312 1502 1334 1528 δ’
1346 1503 1360 1530 ὁ
1384 1503 1505 1540 Σεὸῆρος
1531 1504 1665 1540 Ῥωμαῖος
1680 1507 1727 1533 καὶ
1745 1506 1897 1542 Ῥωμαίων

1053 1549 1076 1580 C
1093 1545 1183 1580 πατὴρ
1198 1546 1269 1573 κατὰ
1284 1547 1333 1583 τὴν
1356 1547 1404 1574 τοῦ
1421 1547 1443 1564 ⁸⁸
1458 1549 1541 1584 νόμου
1559 1549 1670 1582 ἀξίωσιν
1681 1558 1687 1565 ”
1703 1550 1732 1583 ὃς
1745 1551 1825 1585 ἔλεγε
1845 1554 1897 1579 καὶ

1091 1589 1164 1617 λίϐον
1177 1591 1256 1623 ἰδεῖν,
1271 1592 1301 1618 ὲν
1315 1589 1337 1626 ᾧ
1353 1593 1469 1629 σελήνης
1481 1594 1588 1628 ἐγίνετο
1601 1595 1728 1630 σχήματα
1745 1605 1895 1634 μεταμορ-

1091 1637 1230 1674 φουμένης
1244 1640 1359 1666 παντοῖα
1377 1640 1437 1675 μὲν,
1456 1640 1550 1668 ἄλλοτε
1581 1641 1609 1668 δὲ
1634 1642 1711 1675 ἄλλα,
1725 1643 1794 1678 πρὸς
1812 1644 1896 1679 ἥλιον

1089 1682 1242 1718 αὐξομένης
1255 1684 1278 1700 ⁷ο
1301 1685 1348 1712 καὶ
1377 1686 1551 1721 μειουμένης,
1571 1687 1664 1714 ἐνόντα
1691 1688 1730 1724 τῷ
1756 1688 1825 1725 λίθῳ
1846 1691 1896 1717 sui.

1088 1728 1171 1754 αὑτὸν
1193 1729 1239 1756 τὸν
1266 1731 1353 1766 ἥλιον.
1377 1730 1407 1758 ’0
1431 1732 1496 1766 γοῦν
1527 1733 1661 1769 Ἰσίδωρος
1677 1734 1761 1769 ἐῴκει
1791 1737 1842 1770 μὲν
1862 1738 1894 1763 τὸ

1088 1772 1256 1809 ζητούμενον
1283 1775 1375 1809 εἰδότι,
1401 1776 1491 1810 λέγειν
1516 1777 1601 1804 δὀὐκ
1626 1779 1757 1812 ὴὸούλετο
1772 1780 1806 1807 ⁷¹.
1835 1782 1896 1808 Καὶ

1087 1817 1167 1845 τοῦτο
1176 1819 1205 1845 δὲ
1222 1820 1317 1854 μαθεῖν
1341 1821 1370 1854 ἐξ
1387 1821 1491 1857 ὀνείρου
1513 1820 1665 1857 θαυμασίου
1681 1825 1754 1857 τινὸς
1775 1827 1896 1862 ἐναργὲ-

1088 1871 1172 1890 στατα
1188 1864 1340 1893 διετείνετο.
1359 1867 1413 1893 Καὶ
1435 1868 1489 1903 γὰρ
1507 1866 1541 1903 ἦν
1558 1869 1571 1895 ὸ
1588 1869 1675 1904 μέγας
1695 1871 1833 1908 Ἰσίδωρος
1849 1876 1893 1906 εἰς

1086 1909 1213 1936 τοσοῦτον
1227 1908 1256 1937 εὖ
1268 1911 1343 1946 ἤχων
1364 1912 1472 1947 φύσεώς
1484 1922 1513 1940 τε
1529 1915 1576 1941 καὶ
1598 1916 1683 1951 τύχης
1705 1916 1891 1953 ὀνειρωττού-

1087 1964 1147 1991 σης,
1162 1957 1231 1984 ὥστε
1246 1957 1339 1993 ἔμοιγε
1358 1958 1510 1994 θαυμάζειν
1542 1961 1630 1988 ἔπεισι
1659 1962 1800 1997 πολλάκις,
1817 1966 1892 1993 ἀπο-

1086 2003 1251 2038 πειρωμένῳ
1264 2005 1318 2031 τῶν
1335 2005 1424 2041 ἔργων
1447 2007 1666 2040 ἀποϐαινόντων,
1684 2009 1735 2044 τῆς
1757 2013 1890 2047 τοιαύτης

1089 2047 1170 2075 αὑτοῦ
1199 2050 1389 2086 προρρήσεως.
1411 2051 1471 2078 Είσὶ
1498 2053 1548 2088 μὲν
1569 2054 1600 2089 δὴ
1629 2055 1676 2081 καὶ
1698 2055 1888 2092 ’Λλεξαιιδρεῖς

1085 2093 1176 2128 ὀλίγου
1191 2095 1292 2128 πάντες
1307 2097 1418 2131 εὐῳυεῖς
1432 2107 1461 2125 τε
1491 2099 1537 2125 καὶ
1560 2101 1684 2136 εὐτυχεῖς
1701 2102 1886 2137 ὀνειροπολεῖ-

1085 2139 1160 2166 σθαι·
1174 2141 1296 2174 καὶτοὺς
1309 2143 1432 2178 ὀνείρους
1455 2145 1554 2172 ἐκεῖνοι
1581 2146 1625 2172 διὰ
1653 2147 1733 2174 τοῦτο
1760 2150 1808 2175 καὶ
1835 2150 1883 2176 νῦν

1085 2187 1228 2232 χρησμοὺς
1239 2188 1427 2222 ὀνομάζουσιν.
1445 2190 1622 2227 Ἐγρηγορὸτι
1634 2193 1683 2228 μὲν
1692 2194 1732 2229 τῷ
1755 2196 1883 2232 Ἰσιδώρῳ

1084 2231 1115 2257 οὐ
1133 2232 1224 2266 παρῆν
1238 2234 1254 2267 ἡ
1271 2234 1390 2270 ἅρῤητος
1417 2236 1549 2271 αὑτοψία⁸
1579 2238 1609 2264 οὐ
1641 2239 1695 2273 γὰρ
1714 2240 1786 2267 οὕτω
1812 2231 1883 2276 λαγμ-

1081 2276 1153 2312 πρὰν
1167 2278 1228 2305 οὐδὲ
1241 2278 1350 2313 βαθεῖαν
1362 2281 1506 2317 παρείχετο
1525 2282 1574 2317 τὴν
1598 2286 1793 2322 μαρμαρυγὴν,
1809 2288 1882 2314 ὥστε

1080 2325 1128 2351 καὶ
1145 2325 1198 2351 ὑπὸ
1227 2325 1281 2352 τῶν
1307 2326 1445 2360 αἰσθητῶν
1472 2327 1520 2354 ἐπὶ
1549 2328 1650 2365 θάτερα
1672 2331 1881 2365 ἁνταυγούντων

1078 2371 1323 2406 ἐπηλυγαζομένην
1337 2371 1399 2407 [547
1409 2371 1454 2408 [1.]
1469 2373 1534 2400 εἵσω
1546 2373 1628 2409 ¹ὅμως
1651 2375 1822 2403 ἀνάπτεσθαι
1836 2380 1880 2404 καὶ

1078 2416 1252 2452 διαλάμπειν.
1273 2417 1395 2443 Ἀλλ’ὃτε
1409 2417 1462 2450 ἔξω
1482 2417 1584 2445 τούτων
1599 2419 1776 2455 καθίσταῖοὴ
1797 2421 1879 2456 ψυχὴ,

1082 2462 1182 2497 μηκέτι
1195 2462 1245 2498 τῆς
1258 2463 1412 2498 αἰσθήσεως
1428 2464 1610 2500 ἐνεργούσης,
1622 2465 1671 2500 ἥδη
1696 2465 1726 2492 δὲ
1746 2469 1879 2502 παρειμέ-

1076 2517 1125 2543 νης
1142 2508 1195 2535 ὑπὸ
1210 2508 1257 2535 τοῦ
1269 2509 1366 2542 ὕπνου,
1383 2509 1444 2536 τότε
1462 2511 1614 2546 μονουμένη
1627 2510 1688 2537 καθ’
1702 2512 1805 2548 ἑαυτὴν
1827 2515 1843 2548 ή
1858 2515 1878 2530 τ’

1074 2554 1118 2580 ἀεὶ
1135 2553 1209 2581 ἔνδον
1224 2555 1331 2582 ἑστῶσα
1346 2556 1394 2581 τοῦ
1411 2555 1491 2582 Θείου
1516 2557 1654 2593 ἀστραπὴ,
1671 2558 1719 2584 καὶ
1735 2559 1876 2586 ἀπαλλατ-

1072 2599 1173 2633 τομένη
1181 2599 1236 2625 τῶν
1248 2599 1394 2634 ὲμποδίων,
1404 2600 1451 2627 ἐπὶ
1461 2600 1560 2635 μᾶλλον
1573 2602 1778 2638 ἀνεζωπυρεῖτο
1790 2605 1823 2636 ⁷³,
1835 2601 1878 2630 καὶ

1074 2639 1191 2678 ἐξεχεῖτο
1202 2644 1269 2678 προς
1280 2645 1309 2671 τὸ
1319 2645 1398 2676 sub;
1413 2645 1466 2672 ἐπὶ
1480 2647 1514 2673 ἂν
1522 2647 1657 2680 πλεῖστον,
1668 2648 1720 2680 ἕως
1735 2650 1784 2677 καὶ
1793 2651 1877 2685 αὐτὴν

1076 2689 1294 2725 καταπρὰψειεν
1308 2691 1468 2727 ἐπ’ὲσχάτῳ
1486 2692 1536 2728 τὴν
1552 2694 1779 2728 φαντασίαν-Ὀτι
1791 2696 1877 2722 διττὸν

873 2742 992 2771 VABUE
1013 2743 1215 2772 LECTIONES.
1233 2742 1237 2745 ’

283 2800 303 2836 θ’
318 2810 401 2836 φησιν
412 2809 467 2829 om.
482 2801 514 2829 B.
550 2835 553 2836 ν
565 2801 587 2817 “
600 2799 689 2835 ζώσης
703 2809 734 2832 ς.

229 2835 378 2871 φερόμενος
395 2845 425 2869 ς.
479 2838 502 2871 δέ
514 2835 561 2863 τοῦ
576 2845 629 2864 om.
647 2837 680 2862 Α.

228 2869 291 2899 hic
301 2869 333 2904 ζ’.
371 2873 392 2888 "
408 2873 424 2908 ἡ
438 2872 476 2900 A:
493 2869 527 2907 ἣν
541 2881 571 2903 ς.
610 2872 632 2888 ⁷³
648 2869 854 2907 ἀνεζωπυροῦτό
869 2880 898 2904 ς.

784 2801 807 2818 σε
824 2801 877 2818 ι’..νλ
895 2802 908 2818 Δ
931 2811 938 2817 .

729 2820 734 2827 .
784 2801 807 2818 ⁸⁵
824 2801 877 2827 ὑπὸ
893 2802 912 2828 Α
931 2811 938 2829 :
957 2802 1010 2829 ἀπὸ
1026 2811 1057 2835 ς.
1119 2803 1142 2819 ⁶⁶
1157 2803 1250 2830 τοῦτον
1264 2805 1372 2833 ἅπαντα
1386 2815 1416 2839 ς.
1469 2807 1490 2824 ⁸⁷
1505 2807 1563 2843 βίου
1586 2815 1641 2836 om.
1659 2808 1693 2836 Α.
1754 2809 1777 2825 ⁸⁸
1794 2817 1875 2845 προς-

729 2836 753 2852 ⁷⁰
768 2836 921 2876 αὐξομένης
935 2839 967 2871 Δ,
981 2837 1149 2874 αὑξουμένης
1164 2838 1201 2865 B-:
1219 2839 1402 2877 αὐξανομένης
1416 2851 1446 2875 ς’.
1462 2842 1497 2870 cf.
1514 2851 1542 2879 p.
1552 2842 1666 2878 8.1065,
1680 2843 1726 2871 44.
1767 2845 1787 2861 ⁷¹
1802 2844 1875 2871 e606-

1119 2803 1142 2819 “
1157 2803 1372 2843 Έοῦτον-ἆπαντα
1386 2815 1416 2839 ς.
1469 2807 1490 2843 ⁸7
1505 2807 1564 2843 βίου
1586 2815 1641 2836 om.
1659 2808 1693 2836 Α.

1754 2809 1777 2825 u
1794 2817 1875 2845 πρθς,
