1919 3096
62 154 135 188 1253
640 154 899 186 BIBLIUTHECA.
920 166 955 171 -
974 155 1055 186 COD.
1077 157 1214 188 CCXLII.
1641 157 1709 191 1254

58 215 158 248 ἔλεγεν
171 213 205 240 ἐκ
218 212 315 240 τούτου
329 213 373 240 τδν
388 212 488 249 τρόπον
500 213 553 241 τῶν
568 213 647 241 θείων
661 213 807 249 αὺτοψιῶν,

952 215 1006 248 ιιΙί,
1031 220 1062 244 ut
1085 216 1126 244 sie
1145 216 1253 252 loquar,
1273 223 1336 244 vere
1359 216 1508 252 gratiosam
1529 217 1556 244 in
1578 223 1608 246 se
1625 217 1708 246 sitam

59 260 113 296 μὲν
139 259 311 295 αἰσθητικὸν,
338 259 393 287 τῶν
411 261 614 296 ἐγρηγορότων,
643 260 817 295 φαντασιὼδη

950 268 1061 294 enerem,
1085 266 1169 296 utque
1191 262 1232 290 sic
1251 262 1376 295 efferam,
1402 263 1514 290 inlisam
1529 263 1582 291 sibi
1596 264 1708 299 sapien-

56 305 117 333 τῶν
137 306 336 338 καθευδόντων,
351 306 440 342 ἀληθῆ
453 306 616 342 δ’ἑκάτερον
631 306 666 334 ⁷⁸.
690 306 814 333 Ἀπαλλαη

948 307 1050 334 ιςίιιιοιιι
1066 307 1202 336 Palladem
1217 309 1403 336 continebant.
1420 308 1488 336 Illud
1501 316 1554 336 non
1568 309 1706 342 omittam,

55 353 121 387 ᾔτει
137 353 161 369 ⁷⁵
175 352 222 379 τοῦ
245 352 463 385 κατακλύζοντος
480 353 575 388 ὀχετοῦ
590 355 640 388 τῆς
653 354 796 388 γενέσεως.
809 351 813 356 ⁴

950 355 966 380 ;i
1004 354 1074 382 oculi
1093 362 1107 381 a
1131 355 1276 382 contrariis
1299 355 1327 382 in
1345 363 1425 382 uttatn
1446 356 1626 390 eamdemque
1645 363 1708 390 spe-

54 399 85 425 δέ
110 399 203 425 ίδείνὸ
227 399 362 434 Ἰσίδωρος
390 399 505 435 ἔμφρων
535 401 583 427 καὶ
610 400 802 437 πρεσϐυτικός,

951 406 985 426 5m
1016 399 1235 434 inexplicabilem
1258 400 1339 427 simul
1370 400 1570 433 referebantur,
1600 401 1709 429 stabant

54 444 233 479 δ’ὲμόριθὴς
266 445 313 471 καὶ
342 444 548 480 βεϐαιότροπος.
573 446 610 473 Τὸ
640 447 689 482 μὲν
719 447 812 482 πρόσω

951 445 997 472 nul
1012 445 1136 478 ﬁrmiter,
1157 450 1185 473 et
1200 446 1331 473 velociter
1345 445 1381 472 ita
1398 446 1586 478 movebantur,
1604 449 1634 472 ut
1648 453 1708 473 vcr-

54 491 154 524 ὀλίγου
167 491 338 525 τετράγωνον
354 489 399 527 ἦν,
418 492 517 527 Ἑρμοῦ
537 493 628 527 λογίου
637 493 721 526 τύπος
746 493 812 528 ίερός

949 491 970 518 ri
987 491 1146 519 viderentur
1170 491 1244 519 circa
1281 491 1404 518 eamdem
1428 492 1557 526 speciem,
1581 495 1609 518 et
1629 491 1707 524 quid-

55 537 85 562 δέ
99 536 252 572 ὀφθαλμοὶ,
280 537 339 568 πῶς
357 537 406 572 μὲν
430 537 462 564 ἂν
490 539 627 574 φράσαιμι
644 539 694 574 τὴν
717 539 747 566 ἐν
772 540 813 565 αὐ·

947 545 957 564 5
972 537 998 564 in
1010 537 1104 564 eadem
1118 537 1363 572 reprmseutahalur
1378 544 1385 563 :
1402 536 1482 563 simul
1493 542 1520 564 et
1533 536 1705 571 gravitatem,

57 582 212 617 ἱδρυμένην
243 584 394 618 χαρίεσσαν
419 583 527 618 ἀληθῶς
549 585 720 621 Ἀφροδίτην,
754 585 814 617 πῶς

951 587 1140 618 nustatemque
1156 583 1347 617 praeferebant,
1367 586 1395 609 et
1415 582 1496 609 iidem
1515 589 1576 608 cum
1594 581 1705 614 vellent,

55 628 298 664 δ’ἀπαγγείλαιμι
312 629 362 664 τὴν
378 629 492 657 ἐνοῦσαν
514 630 611 663 αὐταῖς
629 631 746 666 Ἀθηνᾶν
776 639 813 658 σοι

949 628 1076 656 ofuudius
1105 628 1191 656 abditi
1223 631 1268 654 aut
1295 627 1476 662 expeditiores
1495 635 1502 653 :
1519 631 1602 661 utque
1625 626 1707 653 verba

54 675 147 709 τὰτην
165 683 173 707 ;
189 675 240 702 οὐκ
260 675 293 702 ἂν
305 675 334 701 δὲ
352 674 484 710 φθάνοιμι
497 676 586 711 λέγων
611 677 710 709 αὐτοὺς
739 677 793 704 ἀπὸ
809 686 812 695 ί

948 682 1014 708 eam,
1037 679 1115 702 erant
1131 673 1202 701 oculi
1224 673 1260 700 illi
1282 673 1401 708 perfecta
1428 672 1526 700 animae
1548 671 1706 704 simulacra,

55 720 193 747 ἐναντίων
209 721 250 752 είς
268 721 299 747 τὸ
313 721 379 747 αὐτὸ
400 722 643 758 συνηρμοσμένους
663 723 691 749 ἓν
704 720 774 755 εἶδος
790 723 813 757 ἀι

952 729 967 747 ιι
985 720 1069 748 solius
1085 720 1182 752 animi,
1207 719 1255 747 sed
1274 724 1301 747 et
1318 718 1496 746 inhabitantis
1511 718 1538 745 in
1559 725 1591 745 ea
1608 718 1707 745 divina:

55 775 154 801 χανον,
173 766 296 798 ἑστῶτας
313 767 372 803 ἄμα
397 767 525 803 βεϐαίους
550 768 597 795 καὶ
616 768 748 804 ἐπίτροχα
775 778 813 796 uti

947 766 1071 794 ﬂuentia.
1091 766 1193 793 Sensus
1219 765 1359 792 moderate
1381 764 1409 792 in
1434 763 1481 791 illo
1504 762 1593 791 affecti
1615 767 1705 795 erant,

56 813 163 847 μένους
183 822 244 844 πως
258 813 343 847 φάναι
355 814 387 840 τὸ
404 814 458 841 πᾶν
468 815 498 840 ἐν
514 814 555 849 τῷ
580 814 655 850 αὑτῷ
669 815 718 842 καὶ
743 815 808 852 περὶ

965 812 1015 839 soli
1038 811 1197 840 necessitati
1221 811 1386 844 servientes,
1408 817 1458 838 nec
1471 809 1521 838 soli
1538 817 1645 843 sensus,
1659 808 1706 837 sed

55 858 126 885 αὐτὸ
148 858 325 893 δινουμένους
338 859 397 893 ἅμα
413 859 463 894 μὲν
476 859 506 886 τὸ
522 860 620 895 σεμνὸν
639 860 698 895 ἄμα
712 861 740 887 δὲ
765 861 796 887 τὸ
810 870 813 896 ς

949 865 996 884 am
1009 857 1177 893 imaginatio,
1195 864 1255 892 quae
1271 860 1346 884 certa
1360 856 1451 891 imago
1463 860 1505 883 est
1522 862 1531 883 :
1546 862 1634 890 neque
1649 863 1707 884 me-

55 909 117 936 ριεν
149 901 358 936 ἐπιφαίνοντας,
393 903 560 939 βαθυτέρους
594 905 658 936 τοὺς
683 905 782 937 αὐτοὺς

949 904 999 931 )ria
1015 890 1280 931 admodumrvalens
1300 910 1382 937 supra
1402 890 1497 938 vulgus
1509 922 1516 935 ,
1537 906 1564 930 et
1588 902 1623 929 ab
1638 901 1707 929 obli-

52 947 266 984 ἁπλουστέρους
292 947 361 976 είναι
387 949 577 986 βουλομένους.
603 951 712 984 ’Δπλῶς
733 952 810 980 δἐίπ

945 957 992 978 one
1002 957 1055 977 non
1066 949 1177 978 omnino
1191 953 1306 978 remota.
1318 948 1437 982 Etenim,
1454 948 1637 976 utverisimile
1652 953 1703 980 est,

51 993 208 1029 ἀγάλματα
224 992 294 1031 ἦσαν
307 995 443 1031 ὀφθαλμοὶ
466 997 564 1024 ἐκεῖνοι
580 997 630 1032 τῆς
643 997 733 1034 ψυχῆς
748 999 809 1035 ἀκρι

947 996 996 1023 luit
1005 996 1078 1023 illttm
1088 996 1158 1024 Deus
1170 996 1290 1024 animum
1302 996 1392 1031 potius
1399 995 1538 1023 declarare
1547 995 1613 1031 (99).
1623 1003 1704 1030 quam

52 1040 86 1066 οὺ
106 1039 198 1075 μόνης
214 1048 258 1074 γε,
273 1040 341 1068 ἀλλὰ
359 1041 407 1068 καὶ
434 1042 486 1077 τῆς
503 1043 662 1080 ἐνοικοὺσης
686 1044 756 1080 αὐτῇ
785 1045 810 1071 θε

946 1049 1059 1077 rumque
1079 1049 1140 1069 cum
1156 1048 1291 1076 corpore,
1312 1045 1340 1069 et
1363 1040 1564 1075 philosophiam
1582 1041 1607 1068 in
1629 1045 1704 1068 utro-

50 1085 214 1120 ἁπορῤοῆς.
234 1085 304 1113 mss
316 1095 348 1120 γε
362 1087 503 1122 αἰσθήσεις
525 1089 644 1125 μετρίως
659 1089 733 1125 αὐτῷ
743 1090 808 1117 διὲκε

946 1095 966 1115 ιο
982 1095 1033 1115 non
1050 1087 1214 1122 relinquere,
1230 1087 1276 1115 sed
1294 1086 1344 1114 soli
1361 1087 1453 1114 anitno
1470 1087 1592 1121 infigere.
1608 1086 1643 1114 Ut
1655 1094 1704 1122 ego

48 1139 82 1157 το
96 1151 106 1163 ,
125 1131 198 1165 πρὸς
217 1132 302 1167 μόνην
317 1132 502 1167 ὑπηρετοῦσαι
518 1134 568 1170 τὴν
587 1135 692 1170 χρείαν.
719 1136 774 1163 Καὶ
798 1145 806 1163 ι

947 1141 966 1161 n
988 1134 1119 1169 quosdatn
1141 1134 1243 1169 reperi,
1261 1134 1307 1168 qui
1332 1133 1454 1160 exterius
1479 1133 1705 1168 philosophantur

51 1177 81 1203 αἱ
96 1175 246 1211 αἰσθήσεις
259 1177 349 1212 μόναι,
366 1176 434 1205 ἀλλὰ
448 1178 494 1205 καὶ
507 1178 537 1205 τὸ
562 1179 673 1214 κήρινον
700 1179 809 1215 ἐκμαγεῐ

947 1181 1076 1214 culenter,
1104 1186 1132 1208 et
1154 1184 1267 1208 utuntur
1286 1179 1418 1207 memoria
1440 1179 1586 1206 nmltarmn
1610 1179 1705 1213 capaci

51 1223 68 1257 ή
87 1222 242 1256 φαντασία,
253 1222 315 1249 οὔτε
327 1223 397 1259 πρὸς
415 1225 526 1260 μνήμην
541 1233 567 1251 τι
582 1225 637 1252 τῶν
665 1225 771 1252 πολλῶν
798 1227 809 1253 δ

946 1228 1083 1259 ἠιιίοιιιιιιι,
1095 1231 1122 1254 et
1138 1226 1218 1254 facile
1234 1226 1324 1253 valent
1337 1225 1543 1260 inexplicabiles
1556 1229 1704 1253 contexere

50 1269 193 1304 φέρουσα,
204 1269 250 1296 καὶ
262 1269 312 1304 τῆς
326 1269 412 1305 λήθης
421 1271 451 1297 οὐ
463 1270 493 1297 τὸ
504 1271 637 1306 παράπαν
645 1272 808 1309 ἁπηλλαγμέ

948 1275 1099 1310 llogismos,
1135 1274 1275 1309 multaque
1305 1273 1331 1300 in
1347 1273 1380 1300 iis
1404 1273 1521 1300 facultas
1544 1277 1586 1300 est
1601 1274 1706 1300 divino-

50 1315 110 1341 Καὶ
139 1315 197 1350 γὰρ
211 1315 348 1351 ἠϐουλήθη
372 1316 454 1342 αὑτὸν
467 1317 481 1343 ὁ
506 1316 583 1350 Θεὸς,
600 1317 638 1349 ὼς
652 1317 735 1352 ἔοικε,
767 1319 808 1355 dm;

948 1329 974 1348 m
993 1328 1138 1353 sensuttm,
1159 1321 1232 1348 intus
1255 1327 1318 1346 vero
1338 1319 1426 1346 anima
1448 1324 1543 1353 egent,
1565 1323 1593 1345 et
1612 1319 1706 1353 inopes

52 1362 162 1397 μᾶλλον
175 1362 240 1388 ὄντα
256 1361 400 1394 ἐπιδεῖξαι.
416 1362 432 1398 ἢ
445 1362 475 1389 τὸ
491 1363 697 1399 συναμφότερον
722 1366 793 1400 μετὰ

949 1371 976 1394 ιιι
992 1373 1062 1394 verae
1081 1366 1215 1393 scientiae.
1240 1365 1288 1392 Sin
1309 1365 1471 1399 quandoque
1491 1365 1577 1392 iratus
1593 1364 1705 1391 videba-

53 1408 200 1444 σώματος,
225 1408 273 1435 καὶ
302 1408 353 1444 τὴν
381 1407 543 1443 φιλοσοφίαν
565 1410 596 1435 οὐ
610 1409 648 1445 τῷ
658 1412 811 1446 συναμφοτέ

946 1419 971 1444 r,
991 1411 1060 1438 ratio
1080 1411 1250 1445 itnperabat,
1269 1415 1298 1437 et
1315 1411 1356 1437 ira
1377 1410 1503 1444 parebat.
1523 1409 1616 1444 Neque
1633 1410 1704 1436 enim

52 1454 247 1487 ἐναποθεῖναι,
264 1453 332 1481 ἀλλὰ
350 1454 419 1490 αὐτῇ
446 1455 515 1491 μόνῃ
540 1456 573 1491 τῇ
606 1456 680 1492 ψυχῇ
706 1458 810 1493 ἐνιδρῢο

950 1462 1018 1485 terat
1035 1464 1236 1489 mansuescere,
1259 1464 1348 1491 neque
1368 1457 1535 1484 iracundiam
1568 1457 1594 1483 in
1619 1456 1705 1484 homi-

58 1502 107 1533 Ὠς
124 1501 215 1535 έγωγε
231 1501 314 1533 ἐνίοις
328 1501 379 1536 ήδη
392 1501 597 1537 περιτετὺχηκα
610 1502 646 1529 τὰ
664 1503 715 1538 μὲν
728 1503 789 1537 ¹ἔξω
810 1514 816 1530 ι

951 1511 977 1530 m
997 1503 1072 1530 vitiis
1092 1502 1326 1538 reprehendendis
1344 1509 1455 1530 exuere.
1478 1502 1705 1538 Fromptissimus

50 1547 207 1582 λοσοφοῦσι
236 1547 371 1582 λαμπρῶς
388 1547 418 1574 ἐν
447 1556 478 1574 τε
506 1549 602 1585 μνήμῃ
629 1540 727 1586 βαθείᾳ
751 1550 808 1578 πολί

949 1553 973 1575 at
987 1550 1056 1576 bene
1067 1549 1101 1576 de
1116 1548 1177 1576 aliis
1190 1548 1330 1581 merendo,
1342 1555 1435 1576 verum
1453 1549 1543 1576 adhuc
1557 1549 1707 1583 promptior

52 1570 237 1629 δοξασμάτων
250 1570 298 1620 κοιλ
315 1570 344 1620 έν
358 1570 370 1579 ν
379 1570 719 1632 ἀγχιστρόΓιριιίΓδέινιότητι.
741 1570 810 1625 συλλι

948 1570 973 1575 -.
987 1570 1056 1576 .,,,..ν
1069 1570 1100 1576 ..ν
1116 1570 1176 1576 _..._
1190 1570 1330 1581 ...νηημη
1347 1570 1435 1576 .-._...
1453 1570 1543 1576 -..ηπ
1557 1570 1702 1583 ...ω-...ην-

957 1594 1067 1630 ﬂagitiis
1092 1593 1237 1629 carpendis
1261 1602 1268 1620 :
1293 1594 1409 1628 ideoque
1433 1595 1579 1622 multorum
1600 1595 1706 1623 animos

54 1639 137 1675 σμῶν
151 1639 315 1675 ἀπεράντων
341 1640 388 1666 καὶ
418 1641 447 1667 ἐν
474 1640 588 1676 δυνάμει
612 1643 696 1678 συχνῇ
720 1642 812 1678 ὃαιμον

949 1649 986 1677 :pe
1005 1640 1136 1673 oﬂ'endit,
1152 1648 1247 1668 eorum
1266 1641 1370 1669 scelera
1393 1641 1499 1669 blandis
1519 1642 1610 1669 verbis
1630 1647 1707 1670 exte-

53 1686 226 1722 αἰσθήσεως,
243 1684 309 1713 είσω
333 1685 362 1713 δὲ
389 1686 425 1713 τὰ
451 1687 502 1722 τῆς
526 1686 616 1722 ψυχῆς
644 1688 778 1724 ἀποροῦσι

953 1694 999 1714 are
1019 1694 1071 1715 non
1087 1685 1238 1720 sustinens,
1256 1693 1307 1714 nec
1321 1686 1382 1714 loco
1398 1693 1469 1714 verae
1486 1686 1614 1714 amicitiae
1630 1687 1707 1714 valde

53 1732 222 1768 πενομένοις
233 1731 349 1766 ἀληθοῦς
363 1732 528 1768 ἐπιστήμης.
546 1733 577 1759 Et
599 1733 627 1760 δέ
641 1743 694 1761 που
715 1734 796 1770 [1052

949 1732 1100 1760 testandam
1114 1731 1296 1758 adulationem
1307 1731 1453 1758 adhibens.
1469 1730 1515 1758 Sic
1528 1738 1592 1766 erga
1610 1739 1706 1759 omnes

54 1778 234 1815 θυμούμενος
260 1779 366 1813 ἑωρᾶτο
385 1778 432 1805 καὶ
455 1779 628 1812 ἀγανακτῶν,
654 1779 722 1807 ἀλλὰ
752 1780 799 1808 τοῦ

950 1779 1027 1806 ’ectus
1039 1782 1109 1810 erat,
1126 1781 1156 1804 ut
1176 1783 1263 1812 neque
1285 1777 1474 1805 contentiones
1497 1777 1579 1812 336
1595 1777 1609 1803 ὸ
1631 1785 1708 1804 ama-

52 1824 162 1860 γισμοῦ
181 1824 335 1860 ἡγουμένου
352 1824 400 1851 καὶ
415 1825 429 1850 ὁ
453 1823 538 1859 θυμὸς
563 1824 596 1860 δὴ
621 1825 737 1852 κατόπιν
754 1827 810 1853 εἶπε

945 1830 965 1859 t,
978 1832 1066 1859 neque
1078 1824 1235 1851 inimicitias
1248 1827 1345 1859 sponte
1359 1823 1521 1859 susciperet,
1536 1831 1596 1859 quae
1611 1824 1702 1851 omttla

51 1871 126 1898 υῦδὲ
143 1871 200 1906 γὰρ
210 1868 266 1902 οἷός
279 1878 309 1897 τε
333 1868 368 1906 ἦν
390 1870 513 1905 γίνεσθαι
528 1871 616 1907 πρᾶος
631 1871 692 1898 οὑδέ
707 1871 809 1907 ἄθυμος

512 1890 513 1895 η
528 1871 616 1907 πρᾶος
631 1871 692 1898 οὐδὲ
707 1871 812 1907 ἄθυμος
827 1875 856 1900 ἐν
910 1873 969 1907 ejus
981 1872 1068 1899 forma
1085 1870 1167 1905 digna
1182 1874 1270 1897 erant.

50 1919 94 1954 τῷ
111 1919 219 1955 ἐλέγχῳ
230 1919 284 1945 τῶν
295 1918 473 1954 ἀνθρωπίνων
495 1919 722 1954 πονηρευμάτων.
739 1920 787 1947 Ὧν
798 1920 851 1956 γὰρ
871 1921 1048 1956 ἑτοιμότατος
1060 1918 1101 1949 είς
1125 1917 1288 1952 εὐεργεσίαν
1303 1918 1337 1950 ⁷⁷,
1354 1917 1394 1945 ἔτι
1421 1918 1470 1944 καὶ
1504 1916 1598 1944 τούτου
1640 1926 1708 1953 προ-

50 1965 215 2000 χειρότερος
230 1962 264 2000 ἦν
279 1965 318 1996 εἰς
331 1964 490 1999 ἐπιτίμησιν
524 1964 574 1999 τῆς
606 1964 751 2000 πονηρίας.
774 1966 821 1992 Διὸ
845 1967 892 1994 καὶ
912 1966 988 2001 θαμὰ
1028 1965 1061 2000 δὴ
1089 1964 1199 1996 πολλοῖς
1237 1963 1434 1999 προσέκρουεν,
1461 1964 1512 1990 οὐκ
1544 1964 1707 2000 ἀνεχόμενος

50 2012 149 2040 αὐτῶν
171 2012 220 2047 τὴν
249 2011 350 2038 κακίαν
381 2011 638 2047 ὑπονορίζεσταιη,
667 2012 728 2039 οὐδὲ
753 2013 873 2049 μελετῶν
893 2014 953 2042 ἀντὶ
985 2015 1036 2049 τῆς
1063 2012 1195 2048 ἀληθινῆς
1221 2012 1314 2047 φιλίας
1343 2012 1392 2048 τὴν
1421 2012 1591 2048 πολυάρατον
1627 2013 1708 2040 κολα-

50 2061 136 2088 κείαν
152 2060 188 2086 ⁷⁹.
204 2059 272 2086 οὔτε
288 2059 431 2093 φιλαιτίως
453 2059 515 2086 οὔτε
539 2059 708 2096 ἐθελέχθρως
729 2062 797 2097 πρὸς
811 2062 906 2090 οὐδένα
921 2061 1040 2099 [ΒΑΜ-1.]
1054 2060 1182 2088 διέκειτο.

88 2107 216 2134 Τοιαῦτα
223 2106 246 2122 ⁸ο
257 2107 272 2133 ὁ
280 2106 414 2142 ἡμέτερος
426 2106 571 2133 ἐπεπόνθει
581 2107 725 2142 φιλόσοφος
741 2108 787 2135 ὑπ’
798 2109 846 2142 ἔρα

950 2110 1011 2137 [hec
1030 2114 1123 2136 noster
1143 2108 1319 2144 philosophus
1344 2108 1379 2136 ob
1400 2108 1489 2136 zelum
1510 2110 1543 2138 ad
1564 2110 1704 2140 hominum

50 2163 100 2187 τος
115 2154 168 2189 μὲν
183 2153 234 2188 τῆς
247 2153 339 2189 περὶ,⁸¹
355 2155 389 2179 τὰ
403 2152 562 2188 ἀνθρώπινα
573 2153 726 2188 πράγματα
746 2155 805 2191 διορ

945 2163 1004 2183 ores
1030 2156 1218 2190 corrigendos,
1245 2159 1273 2182 et
1300 2155 1335 2182 ob
1362 2155 1520 2183 inimicitias
1548 2157 1703 2192 odiumque.

53 2209 138 2234 σεως,
157 2199 259 2235 ἔχθρας
278 2199 307 2226 δὲ
321 2199 367 2226 καὶ
382 2199 478 2234 μίσους
492 2198 678 2226 ἀδιαλλάκτου
687 2200 742 2228 τῶν
759 2209 811 2228 κακ

951 2203 1011 2230 ibus
1031 2201 1132 2235 ﬂagitia
1150 2201 1292 2229 hominum
1307 2202 1533 2236 prosequebatur.
1552 2201 1643 2230 Solers
1657 2203 1706 2231 fuit

51 2248 110 2275 θων
122 2246 360 2282 ἐπιτηδευμάτων.
380 2245 555 2281 Ἀγχίνουςδὲ
565 2245 602 2272 ὢν
610 2246 686 2273 “uati
695 2247 808 2284 ἐπιστρε

959 2247 1120 2281 industrius,
1141 2250 1169 2274 et
1190 2246 1299 2274 facilem
1324 2254 1353 2274 se
1374 2254 1535 2282 contemque
1557 2248 1703 2283 prabebat.

52 2295 132 2329 ὅμως
145 2302 174 2319 τι
196 2293 246 2320 καὶ
276 2292 474 2328 εὐπαράγωγον
503 2292 687 2320 ἐπεδείκνυτο.
717 2292 778 2320 Τῶν
807 2302 810 2328 ι

945 2294 1001 2321 ιοίίθ
1025 2293 1097 2321 enim
1119 2292 1342 2320 adnumeraverit
1366 2294 1427 2327 quis
1456 2300 1519 2321 eum
1544 2296 1703 2329 mansuetis,

53 2341 110 2375 γὰρ
131 2339 264 2366 ἐπιεικῶν
289 2335 359 2365 εἶναι
387 2337 631 2374 προσποιουμένων
642 2338 667 2354 ⁸³
697 2338 798 2374 ῥᾳδίως

948 2340 987 2366 asi
1004 2346 1056 2366 non
1073 2343 1202 2366 accurate
1218 2339 1277 2366 haec
1292 2338 1482 2372 investigaret,
1504 2339 1574 2373 quod
1596 2348 1651 2374 prae
1668 2342 1704 2367 le-

53 2395 95 2418 τις
115 2385 200 2413 αὐτὸν
219 2384 395 2420 παρήγαγεν,
436 2383 484 2410 ἅτε
525 2384 576 2410 οὐκ
612 2383 780 2419 ἐπιφέροντα
810 2403 811 2407 η

945 2390 996 2413 tate
1013 2386 1103 2413 minus
1117 2389 1190 2413 esset
1210 2385 1349 2420 suspicax,
1365 2385 1387 2412 si
1408 2385 1473 2420 quid
1500 2390 1590 2413 tamen
1607 2393 1703 2420 suspe-

55 2433 134 2460 τούτο
149 2432 174 2448 ⁸⁸
189 2431 273 2468 ἀριὸἦ
287 2430 413 2463 ἐξέτασιν
437 2429 481 2456 διὰ
500 2429 531 2456 τὸ
557 2428 609 2464 τῆς
635 2429 786 2461 ἐπιεικείας
809 2439 813 2456 ι

945 2431 1002 2457 ione
1020 2430 1110 2458 futura
1136 2435 1325 2458 antevertettte
1344 2431 1455 2466 digitum
1472 2431 1576 2464 fuisset,
1596 2432 1618 2459 si
1640 2432 1703 2467 quid

55 2478 189 2505 ὑποπτον·
224 2478 239 2504 ὁ
259 2477 287 2504 δὲ
298 2477 349 2511 τῆς
361 2475 608 2512 προλαμϐανούσης
619 2475 737 2511 ὑποψίας
751 2475 812 2508 ἄξιο

944 2476 965 2504 ιΙί
981 2481 1028 2504 attt
1041 2477 1201 2504 insidiarum
1216 2482 1299 2510 esset,
1313 2476 1425 2504 minime
1437 2485 1498 2504 eum
1514 2477 1619 2505 fefellit.
1634 2477 1702 2505 Cum

55 2523 105 2549 οὐκ
119 2523 155 2550 ἃν
178 2522 260 2549 αὐτὸν
276 2521 370 2549 ἐλαθεν
393 2520 546 2557 ἐνεδρεύων
558 2521 618 2548 οὐδὲ
635 2520 744 2547 πλέκων
757 2520 813 2547 δόλο

946 2527 967 2549 is
978 2522 1033 2549 sint
1044 2526 1137 2557 partes
1154 2521 1197 2548 vel
1209 2522 1314 2556 species
1329 2521 1438 2556 animas,
1455 2522 1496 2549 vel
1512 2527 1541 2550 ut
1555 2523 1598 2550 cui
1617 2522 1704 2558 placet

39 2567 149 2605 ,τριῶν
175 2568 205 2595 δὲ
233 2568 318 2595 ὀντων
350 2567 442 2603 μερῶν
483 2566 500 2602 ἢ
532 2566 612 2593 είδῶν
645 2566 695 2602 τῆς
709 2565 733 2582 ⁸⁸
749 2565 797 2601 dm)

944 2567 1061 2602 ipellare,
1077 2567 1211 2603 triplicem
1225 2567 1283 2595 fieri
1301 2567 1434 2595 rationem
1448 2567 1511 2596 vitae
1525 2568 1604 2602 dixit,
1621 2577 1702 2604 quant

38 2610 50 2632 τ
735 2614 781 2642 VA
787 2615 857 2642 RUE
875 2615 1083 2645 LECTIONES.

92 2663 274 2702 "__§xa_1épwv_
285 2662 320 2702 A__,_
332 2661 467 2697 ἑκατέραν
548 2661 572 2677 ⁷⁵
586 2659 777 2702 ᾔτει1ᾕτοι-Ιξ.
816 2661 839 2702 7f
854 2660 914 2702 πῷς
927 2661 948 2688 Α
960 2670 967 2702 :_
985 2662 1036 2689 ποῦ
1048 2671 1078 2702 ς.
1117 2661 1140 2702 ’ξ
1151 2661 1314 2702 εὐεργεσίαν
1328 2661 1368 2702 ΑΞ
1383 2661 1516 2702 ἐργασίαν
1534 2672 1575 2702 ς..
1596 2663 1626 2702 ,⁷³
1636 2663 1703 2690 ὕπο·

93 2671 117 2681 "
130 2671 213 2692 εκατε
233 2671 271 2690 ων
285 2671 318 2694 A,
332 2671 467 2697 εκατεριν
481 2671 513 2688 n.
551 2671 572 2677 ·-
586 2671 657 2697 ῃτει]
689 2671 730 2687 τοι
748 2671 777 2687 D.
818 2671 839 2678 ’ν
854 2671 914 2692 πως
927 2671 966 2688 ιιι
985 2671 1036 2689 που
1048 2671 1078 2694 ς.
1120 2671 1138 2678 "
1151 2671 1314 2698 ευεργεσιαν
1328 2671 1365 2689 ra:
1383 2671 1516 2698 εργασιαν
1534 2672 1565 2696 ς.
1605 2671 1626 2679 ’³
1636 2671 1701 2690 οπο·

56 2671 232 2739 πορίζεσθαιῖ
245 2698 281 2725 cf.
290 2697 386 2739 _Toup.
396 2697 539 2739 emendat.
556 2703 587 2724 ιι.
602 2705 628 2739 p.
645 2671 707 2739 51%.
741 2698 764 2736 7_'
778 2700 839 2730 post
856 2695 1001 2739 κολακείαν
1016 2698 1095 2739 vulgo
1107 2697 1209 2739 addunt
1225 2697 1281 2724 haec
1294 2697 1368 2739 δοκεί
1386 2697 1530 2739 μοι-ταῦτα
1542 2697 1701 2739 ἁξιόμομφμ

59 2730 236 2765 καθεστάναῖ,
251 2734 297 2773 sed
314 2730 370 2767 mg.
391 2732 411 2759 Α
423 2741 429 2756 :
438 2732 471 2772 ἐν
483 2731 522 2766 τῷ
543 2731 663 2766 μετώπῳ
681 2730 714 2766 ἦν
729 2731 780 2765 τῆς
791 2730 970 2766 πρωτοτύπου
985 2730 1098 2776 βιϐλίου·
1116 2733 1130 2760 ὁ
1154 2732 1183 2759 δὲ
1199 2732 1377 2776 μεταγράψας
1386 2730 1443 2774 ξκαὶ
1469 2732 1548 2759 τοῦτο
1569 2730 1648 2765 ἐντὸς
1659 2730 1703 2760 τέ.

59 2769 145 2797 Onus.
183 2769 207 2785 "
219 2768 370 2804 cauurarA
381 2775 487 2804 {suum
503 2775 539 2804 g._
572 2767 594 2783 “
609 2767 673 2804 περὶ
683 2767 731 2804 AA:
750 2766 818 2804 πρὸς
835 2774 865 2804 ς.
903 2766 926 2804 °‘_
940 2768 1044 2804 (171:6;
1061 2767 1114 2804 ὢν]
1131 2768 1145 2794 ὁ
1161 2767 1190 2794 δὲ
1203 2769 1267 2804 ᾁγχ.
1283 2776 1331 2804 ων
1346 2767 1445 2804 Studas
1461 2776 1486 2795 v.
1506 2768 1700 2804 Ἐπιοςτρεφής,

59 2769 145 2797 eum.
183 2769 207 2785 '°
219 2769 333 2795 τοιαῦτα
347 2769 370 2795 Δ
381 2776 388 2795 :
400 2769 487 2794 ταῦτα
503 2775 533 2798 ς.
572 2769 594 2783 ³³
609 2769 673 2802 περὶ
689 2769 731 2793 At
750 2769 818 2801 πρὸς
835 2774 865 2797 ς.
903 2769 926 2782 θ’
940 2769 1004 2802 ἀγχ.
1016 2769 1044 2794 δὲ
1061 2769 1114 2804 ὢν]
1131 2769 1145 2794 ὁ
1161 2769 1190 2794 δὲ
1203 2769 1267 2804 ἀγχ.
1283 2769 1320 2794 ὢν
1346 2769 1445 2795 Suidas
1461 2776 1486 2795 ν.
1506 2769 1700 2802 Ἐπιστρεφής,

60 2806 106 2840 qui
129 2811 190 2840 mox
216 2812 271 2832 om.
295 2803 352 2840 καί.
371 2802 412 2840 μ⁸³
426 2802 596 2840 ποιουμένων
612 2802 644 2829 Α.
666 2801 704 2840 ﬂ”
715 2801 818 2840 foﬁsov
831 2801 864 2840 A_,
881 2801 1030 2840 eodrugvrl}.
1067 2804 1090 2820 ⁸⁸
1107 2803 1262 2840 όΑ-νᾶξιος
1275 2818 1311 2824 —
1325 2803 1472 2840 ἐνεδρεύων
1486 2818 1523 2824 —-
1536 2802 1644 2831 πλέκων
1655 2803 1700 2831 A:

91 2839 212 2872 -ἄξεον
228 2854 264 2860 -
277 2837 416 2874 ἐνεδρεῦον
430 2853 464 2858 —
476 2837 577 2864 πλέκον
594 2846 625 2870 ς.
662 2838 685 2854 ⁸⁸
697 2837 747 2872 τῆς
767 2836 830 2864 add.
847 2837 882 2863 A.
897 2837 933 2864 cf.
951 2837 1051 2867 Suidas
1066 2847 1091 2867 γ.
1106 2838 1200 2874 Ψυχή’

99 2919 152 2957 (99)
167 2920 207 2949 Ex
220 2919 424 2949 Platonicorum
441 2919 587 2948 sententia.
832 2882 949 2914 NOTAE.
