1919 3096
237 158 303 190 1255

826 157 957 188 ΡΗΟΤΙΙ
973 158 1228 189 ΡΑΤΒΙΑΗΟΗᾸΞ
1246 157 1301 188 (.‘P.

1807 153 1880 186 1256

231 214 357 249 quialibet
381 214 462 241 trium
486 213 592 241 illarum
624 213 888 249 comprehenderet.
916 215 963 242 sed
989 215 1022 242 ad

1084 215 1094 250 ῆ
1110 215 1133 231 ⁸⁷
1150 215 1224 246 ὅπως
1234 215 1267 242 ἄν
1279 218 1322 246 τις
1340 212 1426 240 ἐθέλοι
1440 211 1544 243 καλεῖν.
1561 210 1673 246 τριττὴν
1695 210 1803 246 ἔφασκε
1831 211 1877 245 γί-

230 269 302 294 eam,
326 268 386 296 quae
411 268 462 288 una
488 261 578 301 omnia
605 261 729 288 vinceret
753 267 815 288 sese
840 261 1023 294 conformare,

232 308 356 342 illamque
367 312 480 334 caeteras
494 307 599 335 ratione
613 307 731 335 maxime
743 307 862 339 anteire,
880 314 962 342 quam
974 307 1025 334 ali-

231 354 292 386 quis
311 352 420 380 Saturni
438 354 520 379 vitam
537 373 544 386 ,
562 353 604 380 vel
625 360 734 380 auream
751 356 870 385 aetatem,
887 352 928 379 vel
943 360 1027 387 genus

230 400 353 434 proxime
369 400 401 427 ad
424 399 489 427 deos
512 399 645 426 accedens
676 399 812 433 appellare
834 399 929 434 possit,
944 406 1026 434 quam

231 447 327 474 I‘abulte
341 446 481 473 involucro
497 451 582 480 poeta:
596 445 634 480 (l)
650 445 675 472 in
691 445 797 480 tripode
820 445 958 473 Musarum
981 452 1025 472 se-

230 494 323 519 dentes
337 491 532 526 deprzedicant.
552 490 602 518 Hic
620 498 680 517 cum
705 491 882 525 simplicitate
902 491 942 526 (2)
962 496 1024 517 tan-

230 544 285 564 tum
303 538 443 565 veritatem
463 537 568 570 dilexit,
586 542 614 563 ut
628 544 710 571 supra
729 537 836 564 modum
853 544 935 564 verax
953 544 1024 569 esse,

230 591 280 610 nec
296 584 386 610 fictum
406 582 508 618 aliquid
526 583 551 609 in
577 590 607 609 se
623 583 765 610 coalinere
778 583 927 612 videretur.
942 582 1026 610 Pecu-

229 630 280 656 nia:
293 629 466 664 acquirondze
486 637 538 656 non
558 629 697 662 studebat,
713 629 760 656 sed
776 630 814 656 rei
837 629 995 657 domesticae
1008 636 1024 657 a

229 679 328 702 natura
342 675 523 708 gubernanda:
537 675 640 710 peritus
653 679 722 706 erat,
737 675 801 709 quin
813 675 896 702 etiam
919 675 946 702 in
963 675 1024 704 aliis

227 720 353 747 omnibus
371 727 485 754 gnavus,
502 721 598 747 domus
618 727 710 747 curam
731 721 861 755 gerebat,
885 728 1024 756 magnam-

229 773 281 800 que
291 766 342 792 dici
357 770 460 800 partem
477 766 502 792 in
523 773 556 793 eo
581 766 671 793 studio
688 767 822 801 ponebat,
845 766 943 800 partim
968 767 1026 802 ipse

228 811 346 847 agendo,
365 812 463 847 partim
486 812 645 839 ordinando.

1077 260 1170 287 νεσθαι
1188 260 1337 292 πολιτείαν,
1359 258 1477 293 ἔχουσαν
1500 257 1549 292 μὲν
1576 257 1696 291 ἑκάστην
1710 258 1761 289 τὰς
1787 260 1876 293 τρεῖς,

1076 306 1145 333 ἀλλὰ
1155 306 1195 342 τῷ
1205 305 1353 341 κρατοῦντι
1366 305 1406 331 ἐνὶ
1416 303 1446 331 τὸ
1460 304 1516 330 πᾶν
1538 303 1742 339 μορφουμένην,
1760 304 1810 331 καὶ
1826 304 1876 340 τὴν

1078 353 1127 388 μὲν
1142 352 1164 368 ⁸⁸
1176 354 1302 388 προϊέναι
1319 351 1438 387 μάλιστα
1451 350 1522 378 κατὰ
1536 350 1625 384 λόγον,
1642 350 1676 386 ἢν
1689 350 1722 377 ἄν
1740 359 1783 381 τις
1797 348 1876 384 οἶμαι

1076 399 1122 425 τὸν
1136 399 1183 425 ἐπὶ
1212 398 1318 434 Κρόνου
1347 397 1403 432 βίον
1431 396 1659 432 ὲπονομάσειενῆ
1688 397 1739 431 τὴν
1766 396 1876 432 χρυσῆν

1076 445 1172 480 γενεὰν
1187 445 1203 479 ἢ
1223 443 1254 470 τὸ
1265 443 1332 470 θεῶν
1349 443 1516 478 ἀγχίσπορον
1528 442 1617 475 γένος,
1635 439 1679 468 οἶα
1689 442 1719 468 ὲν
1748 441 1873 477 σχήματι

1078 491 1164 527 μύθου
1198 490 1377 524 σεμνύνουσιν
1391 489 1420 515 ὲν
1434 489 1473 524 τῷ
1491 488 1597 524 τρίποδι
1619 488 1668 523 τῆς
1693 488 1807 522 Μούσης
1820 496 1873 514 κα-

1080 536 1193 572 θήμενοι
1211 535 1336 570 ποιηταί.
1356 534 1386 561 ’0
1403 534 1432 560 δὲ
1446 533 1513 569 πρὸς
1524 534 1556 569 τῇ
1571 533 1685 568 ἀφελείᾳ.
1697 533 1720 549 ⁸’
1739 533 1810 560 οὕτω
1825 534 1873 560 καὶ

1075 582 1126 618 τὴν
1139 582 1285 617 ἀψεύδειαν
1301 581 1408 617 ἠγάπα,
1434 579 1504 607 ὣστε
1525 580 1571 606 καὶ
1598 579 1787 613 εὑθύγλωττος
1801 578 1872 606 εἶναι

1076 628 1148 663 πέρα
1156 626 1325 658 τοῦιδέοντος
1335 625 1520 659 ὲδοξάζετω,⁸⁰
1536 626 1584 652 καὶ
1594 625 1648 651 οὐδ’
1657 625 1747 651 ὁτιοῦν
1756 625 1829 659 ἔχειν
1843 626 1872 652 ὲν

1076 672 1166 708 ἑαυτῷ
1179 672 1424 708 προσποιούμενον.
1441 671 1542 698 Πολλοῦ
1560 679 1592 705 γε
1613 671 1659 697 καὶ
1677 671 1772 705 ἐδέησε
1793 671 1873 698 τοῦτο

1075 718 1183 746 παθεῖν.
1202 717 1259 745 Οὐκ
1285 715 1320 754 ἦν
1349 718 1371 734 ⁹¹
1387 717 1590 753 φιλοχρήματος
1601 737 1609 749 ,
1627 717 1684 743 ἀλλ’
1699 718 1872 752 οἰκονομικὰς

1074 764 1146 791 κατὰ
1160 764 1260 799 φύσιν·
1276 762 1310 799 ἦν
1325 764 1378 799 γὰρ
1395 763 1443 790 καὶ
1467 763 1502 790 τὰ
1518 763 1586 791 ἄλλα
1609 763 1697 790 πάντα
1716 765 1739 780 ⁸³
1756 765 1838 798 σοφὸς
1848 764 1871 780 ⁸³

1075 809 1150 837 οἴκου
1160 811 1357 846 διαθέτης,καὶ
1384 810 1452 836 πολύ
1476 818 1502 836 τι
1525 809 1574 846 τῆς
1588 810 1700 846 Δἡμέρας
1723 811 1763 842 είς
1782 810 1871 837 ταῦτα

1075 856 1204 892 ἀνήλισκε
1219 856 1312 892 μέρος,
1323 857 1356 884 τὰ
1366 856 1416 892 μὲν
1429 856 1599 892 αύτουργῶν,
1613 857 1647 883 τὰ
1662 857 1690 883 δὲ
1708 856 1871 884 διατὶττων.

270 901 338 928 Cum
374 908 471 928 aurora
503 905 636 936 surgeret,
656 901 737 928 etiam
761 901 913 936 surgebat,
935 902 1022 930 anima

1115 904 1194 930 Καὶό
1211 903 1261 938 μὲν
1290 902 1447 936 διαναστὰς,
1468 902 1564 937 ἐπειδὴ
1593 901 1646 934 ἕως
1667 903 1801 936 ἐγεγόνει,
1830 902 1871 929 ἔτι

225 945 313 973 adhuc
320 945 437 973 oraculis
447 946 560 978 intento,
571 950 598 973 et
610 946 738 972 narrabat
751 947 898 974 somnium.
910 947 965 982 Ego
977 955 1028 975 au-

228 996 281 1017 tetn
290 997 343 1017 n0n
353 990 516 1018 insomnium
531 990 592 1018 loco
603 991 714 1024 somnii,
724 991 782 1018 loco
795 993 918 1020 veritatis
930 993 1027 1021 verita.

226 1036 465 1072 lem,vigilantem,
475 1037 533 1065 loco
540 1037 710 1071 dormientis,
718 1039 891 1074 exaggerari,
900 1044 929 1066 ut
938 1040 1027 1068 audivi

226 1085 265 1112 sic
277 1086 417 1113 scribens:
435 1086 501 1113 Cum
519 1086 660 1114 incidisset
677 1086 703 1113 in
718 1094 778 1113 eam
799 1087 983 1114 calamitatem
998 1093 1028 1115 ut

225 1131 296 1158 bona
311 1131 557 1165 proscriberentur,
567 1131 590 1159 is
600 1131 646 1166 qui
657 1132 733 1166 prius
742 1132 892 1167 depositum
901 1131 1027 1160 fraudas-

226 1182 278 1209 set,
295 1177 339 1205 ille
351 1177 513 1211 depositum,
524 1178 648 1213 bonaque
666 1185 901 1213 sua,quaecunque
911 1183 1024 1213 poterat,

227 1222 414 1257 antecapiens,
431 1223 500 1258 apud
515 1223 601 1250 civem
618 1223 671 1250 lide
682 1223 870 1258 dignissimum
891 1223 1025 1259 deposuit,

227 1276 286 1295 una:
305 1276 366 1296 cum
389 1269 551 1304 Epidaurius
574 1277 636 1296 cum
667 1269 727 1297 aliis
761 1269 926 1302 admisisset.
954 1271 1025 1306 quod

228 1314 374 1347 fraudavit,
398 1315 548 1349 depositum
572 1315 725 1347 intellexit,
748 1320 827 1343 erant
845 1316 954 1352 quidem
977 1317 1024 1351 qui

227 1360 379 1387 suadebant
393 1368 437 1388 res
458 1360 623 1388 domesticas
641 1361 792 1394 invaderet,
810 1366 834 1390 et
862 1361 931 1390 nihil
948 1363 1025 1390 daret

227 1407 252 1433 ei
278 1406 378 1441 337a
399 1407 443 1441 qui
472 1407 551 1434 initio
572 1406 726 1435 fraudasset
752 1416 759 1434 :
790 1407 835 1435 hic
862 1416 927 1436 vero
944 1409 970 1436 in
991 1409 1024 1438 iis

229 1459 289 1486 qum
304 1452 339 1478 illi
354 1451 458 1479 credita
476 1455 567 1485 erant,
585 1460 637 1480 non
654 1453 760 1488 putavit
775 1453 872 1482 decere
887 1454 1022 1482 inlidelem

228 1503 299 1528 esse,
318 1503 366 1523 nec
382 1496 463 1524 ﬁdem
481 1497 603 1525 omnium
621 1497 751 1526 virtutum
772 1498 944 1526 utilissimam
971 1500 1023 1528 hac

229 1541 403 1574 infelicitate,
429 1550 490 1577 quae
519 1543 619 1570 rationi
644 1549 829 1572 consentanea
862 1545 1018 1578 videretur,

229 1588 426 1616 contaminare.
440 1588 555 1617 Nolebat
570 1597 633 1617 vero
649 1589 739 1624 justus
755 1591 853 1625 videri,
869 1593 916 1620 sed
930 1593 1018 1628 reipsa

228 1640 299 1666 esse,
329 1634 443 1662 veritate
472 1635 530 1669 ipsa
559 1636 699 1670 copiosum
728 1638 877 1671 prudentiae
905 1639 1022 1667 fructum

229 1679 369 1714 colligens,
383 1685 465 1716 atque
478 1683 613 1716 ostendet,
627 1688 758 1718 quantum
779 1685 889 1712 sciverit
903 1685 1023 1721 singula-

230 1733 289 1752 rum
310 1733 400 1753 rerum
418 1727 575 1761 explicatio.

264 1769 352 1798 Pauca
369 1771 477 1806 quidem
503 1772 609 1800 locutus
623 1777 674 1805 est,
688 1773 771 1800 multa
787 1781 876 1802 veroe
890 1775 1023 1803 sermoni-

229 1818 280 1844 bus
304 1817 442 1845 seniorum
461 1819 574 1847 audivit.
592 1818 705 1854 Magnus
729 1821 771 1847 vir
788 1828 839 1847 non
851 1829 963 1856 parvum
979 1823 1020 1850 di-

230 1863 347 1890 scrimen
365 1864 469 1896 adibat,
491 1865 556 1899 quin
570 1865 614 1892 ubi
633 1865 742 1900 fugaces
758 1867 803 1894 alii
822 1875 870 1902 per
884 1867 1020 1903 ignaviam

229 1907 346 1943 fugiunt,
369 1908 423 1936 illic
446 1909 596 1944 periculum
627 1911 757 1945 subibat,
776 1912 854 1947 juxta
876 1912 987 1941 Poetam
1009 1922 1017 1941 :

236 1954 325 1984 Virtus
341 1957 385 1983 ubi
400 1956 474 1984 clara
500 1957 616 1985 virorum
637 1959 764 1986 cernitur.

267 2048 300 2075 Et
312 2054 378 2076 sane
389 2054 455 2082 vero
471 2047 614 2075 videbatur
625 2048 826 2083 reprehendere
835 2054 961 2079 accurate
973 2059 1021 2079 cx-

229 2094 356 2130 pendenti
381 2102 388 2122 :
411 2094 602 2122 familiaritate
618 2101 684 2123 vero
702 2100 730 2122 et
745 2095 917 2125 humanitate
942 2105 1023 2125 mun-

227 2141 290 2168 dum
312 2141 446 2168 excedere
470 2141 545 2168 visus
562 2145 605 2168 est
628 2150 636 2168 :
659 2145 687 2168 et
703 2146 847 2176 propterea
862 2150 924 2171 eum
941 2144 1022 2172 mira-

227 2187 325 2214 bantur
348 2186 482 2219 accnsati,
503 2190 531 2214 et
551 2193 615 2221 erga
635 2194 697 2214 eum
721 2192 751 2215 ut
774 2188 862 2216 litium
881 2195 1019 2218 amantem

1079 949 1128 985 τὴν
1144 949 1233 985 ψυχὴν
1245 949 1298 976 ὑπὸ
1314 948 1365 983 τῆς
1376 949 1468 984 ὀμφῆς
1483 948 1668 983 κατεχόμενος
1681 948 1804 983 διηγεῖτο
1824 949 1872 975 τὸν

1078 995 1193 1031 ὄνειρον.
1219 994 1291 1028 Ἐγὼ
1311 995 1339 1021 δὲ
1356 995 1406 1021 οὐκ
1434 993 1501 1030 ὖναρ
1519 994 1580 1021 ἀντὶ
1604 994 1798 1030 ὐπνωττοὺσης
1823 996 1874 1022 ἐπ-

1079 1041 1192 1073 εδίδουν,
1204 1040 1277 1076 ἆπερ
1294 1040 1400 1076 ἀκήκοα
1411 1039 1526 1079 διεξιών.
1544 1039 1706 1067 ’Υποπεσὼν
1719 1040 1748 1067 δὲ
1764 1041 1788 1056 ’⁵
1803 1049 1874 1076 cup.-

1078 1087 1150 1122 φορᾷ
1181 1085 1337 1121 δημευούσῃ
1367 1085 1403 1112 τὰ
1424 1085 1489 1112 ὄντα
1511 1086 1525 1112 ό
1544 1085 1609 1121 πρὶν
1629 1085 1679 1121 τὴν
1706 1086 1872 1122 παραθήκην

1077 1132 1280 1166 ἀποστερήσας,
1290 1131 1432 1166 κακείνην,
1450 1130 1564 1158 καὶτῶν
1579 1131 1662 1158 αὑτοῦ
1678 1131 1729 1157 ὃσα
1743 1130 1871 1166 ἠδύνατο,

1078 1178 1223 1213 προλασὼν
1238 1178 1261 1193 ⁸⁸
1281 1177 1416 1211 παρέθετο
1432 1177 1471 1212 τῷ
1498 1176 1652 1212 πιστοτάτῳ
1672 1177 1726 1204 τῶν
1742 1176 1872 1204 πολιτῶν.

1083 1224 1127 1256 Ὠς
1137 1223 1166 1250 δὲ
1189 1223 1357 1258 παρεδέξατο
1378 1224 1392 1250 ὁ
1413 1215 1584 1257 Ἐπιδαύριος
1604 1222 1673 1258 μετά
1703 1222 1758 1249 τῶν
1783 1223 1874 1250 ἄλλων

1076 1271 1124 1297 καὶ
1140 1271 1173 1306 ἢν
1184 1270 1355 1305 ἀπεστέρητο
1378 1269 1553 1304 παραθήκην,
1568 1269 1614 1295 καὶ
1633 1269 1743 1303 ἐπέγνω
1756 1268 1875 1304 ταύτην,

1075 1314 1145 1352 ἦσαν
1159 1316 1209 1351 μὲν
1222 1316 1247 1342 οἳ
1267 1315 1461 1342 συνεϐούλευον
1479 1316 1604 1350 κατέχειν
1621 1315 1656 1341 τὰ
1673 1316 1762 1342 οἰκεῖα
1773 1315 1821 1342 καὶ
1834 1316 1874 1350 μὴ

1076 1362 1222 1389 ἀποδοῦναι
1241 1361 1280 1397 τῷ
1307 1361 1369 1388 κατ’
1386 1360 1473 1396 ἀρχὰς
1489 1361 1700 1396 άπεστερηκότι,
1718 1361 1732 1387 ό
1744 1360 1773 1387 δὲ
1790 1361 1820 1386 ὲν
1831 1357 1874 1392 οἷς

1075 1408 1223 1442 ἐπιστεύθη
1237 1408 1288 1435 οὐκ
1302 1407 1370 1444 ᾤετο
1381 1407 1436 1434 δεῖν
1449 1407 1563 1439 ἄπιστος
1578 1406 1717 1441 γενέσθαι,
1740 1407 1801 1433 οὐδὲ
1821 1416 1875 1433 κα-

1076 1454 1277 1491 ταρρυπαίνειν
1292 1454 1342 1489 τὴν
1360 1453 1459 1481 πασῶν
1473 1453 1580 1490 ἀρετῶν
1595 1452 1815 1488 ὠφελιμωτάτην
1829 1461 1877 1479 m-

1074 1501 1191 1536 στότητα
1207 1499 1253 1527 διὰ
1274 1499 1324 1535 τῆς
1340 1499 1452 1534 εὐλόγου
1481 1499 1648 1533 φαινομένης
1679 1498 1820 1531 ἀπιστίας,
1843 1497 1876 1524 οὐ

1072 1545 1162 1572 δοκεῖν
1175 1545 1203 1572 δὲ
1213 1545 1316 1576 δίκαιος
1329 1544 1387 1571 ἀλλ’
1398 1542 1469 1571 εἴναι
1498 1544 1591 1580 ἤθελε,
1608 1544 1722 1579 βαθεῖαν
1748 1543 1788 1578 τῷ
1815 1543 1876 1570 ὗντι

1078 1593 1126 1619 καὶ
1141 1591 1223 1623 αὐτὸς
1242 1591 1349 1618 αὔλακα
1373 1590 1418 1617 διὰ
1445 1590 1552 1626 φρενῶν
1577 1589 1778 1625 καρπούμενος.
1799 1589 1878 1616 Ἐπι-

1077 1636 1159 1670 δείξει
1170 1637 1198 1664 δὲ
1212 1637 1234 1653 ³·
1247 1638 1309 1664 ὅσον
1322 1637 1372 1664 οὐκ
1389 1636 1440 1673 ἤδη
1461 1636 1492 1664 τὸ
1505 1636 1626 1664 τοιούτον
1638 1637 1654 1671 ἠ
1669 1636 1725 1663 τῶν
1739 1636 1877 1663 καθ’ἓκα-

1078 1693 1130 1711 στα
1147 1683 1194 1711 τοῦ
1209 1683 1288 1718 λόγου
1308 1683 1435 1716 διέξοδος.

1116 1774 1283 1809 Ὲφθέγγετο
1304 1774 1354 1809 μὲν
1377 1773 1516 1809 ἐλάχιστα,
1537 1773 1572 1800 τὰ
1593 1773 1681 1800 πολλὰ
1702 1772 1731 1799 δὲ
1753 1773 1877 1808 ἠκροᾶτο

1075 1820 1162 1855 λόγων
1187 1820 1382 1856 γεγηρακότων
1407 1821 1441 1848 ’⁷.
1461 1820 1491 1847 ’0
1505 1821 1591 1855 μέγας
1606 1820 1676 1855 ἀνὴρ
1702 1819 1800 1846 οὐδένα
1829 1828 1876 1853 μι-

1075 1867 1142 1904 κρὸν
1169 1867 1262 1901 ἀγῶνα
1289 1866 1433 1902 προσίεται
1462 1866 1497 1898 ’⁵,
1514 1865 1572 1893 ἀλλ’
1589 1866 1656 1892 ὅπου
1673 1865 1792 1900 φυγάδες
1809 1865 1831 1880 "
1849 1864 1876 1891 οι

1075 1912 1150 1940 ἄλλοι
1166 1912 1201 1940 δι’
1224 1913 1376 1948 ἀνανδρίαν
1405 1912 1661 1947 ἀποδιδράσκουσιν,
1681 1911 1800 1938 ἐνταῦθα
1822 1919 1875 1938 κα-

1074 1958 1198 1986 ταϐαίνει
1215 1960 1223 1975 ¹
1237 1959 1492 1995 παραϐαλλόμενος,
1513 1958 1595 1993 [1055
1613 1957 1659 1993 1L]
1674 1959 1769 1985 Ἔνθα
1780 1957 1873 1992 ἀρετὴ

1073 2004 1233 2031 διαείδεται
1249 2005 1259 2020 ¹
1270 2003 1389 2039 ἀνδρῶν
1404 2005 1475 2031 κατὰ
1488 2004 1533 2031 τὸν
1550 2004 1679 2040 Ποιητήν.

1112 2051 1168 2077 Καὶ
1184 2051 1216 2086 δὴ
1237 2050 1326 2077 ἐδόκει
1350 2050 1390 2086 τῷ
1410 2050 1467 2077 δντι
1491 2050 1585 2077 δίκαια
1606 2050 1764 2085 μέμφεσθαι
1784 2050 1824 2085 τῷ
1840 2058 1873 2084 γε

1074 2095 1185 2131 ἀκριϐεῖ
1199 2096 1333 2131 λογισμῷ.
1358 2096 1404 2131 Τῷ
1436 2096 1465 2122 δὲ
1492 2095 1603 2130 συνήθει
1633 2096 1682 2122 καλ⁵
1707 2095 1872 2132 ἀνθρωπίνῳ

1074 2142 1196 2177 πολλαχῇ
1216 2142 1247 2168 τὸ
1263 2142 1273 2157 ³
1300 2142 1412 2177 μέτριον
1436 2141 1527 2174 ἔδοξεν
1546 2141 1579 2168 ἃν
1599 2141 1786 2176 ὑπερϐαίνειν.
1816 2142 1871 2168 Καὶ

1074 2188 1230 2224 ἐθαύμαζον
1245 2189 1292 2215 ἐπὶ
1305 2188 1413 2220 πολλοῖς
1432 2188 1458 2214 οἱ
1470 2187 1678 2224 ἐγκαλούμενοι,
1689 2189 1737 2215 καὶ
1751 2188 1790 2221 ὡς
1809 2188 1871 2223 φιλ-

227 2233 297 2261 male
319 2232 406 2261 all‘eCLi
429 2236 517 2261 erant.
536 2232 635 2260 Verum
653 2233 699 2261 ille
716 2234 855 2270 exemplar
869 2242 939 2264 vene
954 2244 1018 2264 con-

1084 2234 1161 2262 ιιτίου
1190 2235 1255 2270 περὶ
1268 2234 1350 2261 αὐτοῦ
1370 2234 1500 2262 διέκειντο
1516 2233 1589 2270 [549
1610 2233 1657 2270 it]
1680 2234 1730 2267 τὰς
1746 2235 1870 2271 γνώμας.

226 2280 326 2307 cordia;
338 2280 364 2307 in
376 2280 467 2315 seipso
478 2278 686 2314 circumferens,
697 2287 732 2308 ex
745 2280 792 2308 illo
810 2285 926 2310 cancros
947 2284 1020 2311 msti-

226 2326 330 2353 ritabat.

261 2370 326 2398 Tria
351 2377 412 2398 esse
431 2377 527 2397 omnes
558 2375 686 2398 asserunt
718 2371 851 2406 principia
879 2373 965 2407 prima
991 2378 1019 2402 et

227 2416 345 2443 maxima
357 2416 417 2450 ejus
433 2415 607 2450 cognitionis,
619 2422 679 2450 quae
693 2423 736 2443 res
746 2417 926 2451 contemplari
938 2418 1018 2451 solet,

1079 2281 1110 2308 '0
1137 2280 1166 2307 δὲ
1189 2280 1366 2316 παράδειγμα
1388 2279 1515 2315 ἀληθινὸν
1540 2280 1666 2316 ὁμονοίας
1691 2280 1823 2316 ἀληθινῆς
1843 2282 1872 2307 ὲν

1076 2327 1165 2363 ἑαυτῷ
1183 2327 1339 2363 περιφέρων
1359 2327 1429 2363 πρδς
1444 2327 1524 2354 τοῦτο
1538 2327 1601 2358 τοὺς
1617 2327 1715 2359 ἄλλους
1731 2327 1834 2362 ἔκρινε.

1109 2373 1182 2410 Τρία
1200 2373 1302 2404 πάντες
1314 2373 1478 2407 ὁμολογοῦσι
1495 2372 1593 2409 πρῶτα
1605 2374 1654 2400 καὶ
1671 2373 1789 2408 μέγιστα
1801 2382 1873 2400 στοι-

1073 2419 1135 2454 χεῖα
1160 2418 1211 2454 τῆς
1237 2418 1292 2445 τῶν
1308 2418 1393 2447 ὄντων
1417 2418 1614 2454 φιλοθεάμονος
1632 2419 1764 2454 ἱστορίας,
1784 2419 1873 2455 ἔρωτα

866 2465 981 2494 νΑιιιΑς
1016 2466 1223 2495 LECTIONES.

261 2512 314 2551 "’i“
327 2520 381 2551 om.
398 2511 428 2539 Β.
450 2547 460 2551 _
480 2511 503 2551 δξ
522 2511 572 2551 μέν
588 2512 697 2551 add._A.
714 2548 719 2551 _
749 2513 772 2529 ”
785 2513 920 2551 ἀσφαλείᾳ
935 2517 967 2543 Δ.

238 2547 260 2564 ἰ
272 2545 323 2574 οὐκ
334 2545 367 2583 ἦν
385 2562 419 2568 --
431 2547 467 2574 cf.
486 2545 586 2575 Stt‘idas
601 2545 847 2583 νηΠαρίστασθαὶ.

225 2589 289 2610 ante
310 2585 350 2614 et;
375 2583 461 2618 ponit.
511 2583 536 2600 "
551 2582 644 2620 σοφὸς]
670 2583 763 2617 σαφῶς
777 2586 808 2611 Δ.

224 2618 267 2645 A:
284 2626 314 2644 τε
332 2627 361 2651 ς.
413 2618 436 2634 ’⁷
451 2619 646 2651 γεγηρακότων
671 2620 718 2645 καὶ
736 2620 808 2651 σοφίᾳ

225 2723 237 2740 ³
250 2724 282 2752 τὸ
298 2725 360 2752 add.
386 2725 418 2751 Α.

1017 2517 1040 2533 ⁹⁰
1058 2516 1199 2550 ἐδοξάζετο
1212 2524 1268 2544 orn.
1305 2516 1405 2544 Stlidas
1435 2524 1463 2543 ν.
1485 2515 1612 2550 Ἀφέλεια
1625 2520 1654 2543 et
1666 2514 1872 2549 Εὑθύγλωττος.

899 2550 922 2568 δ’
938 2551 972 2578 τὰ
990 2552 1059 2579 ἄλλα
1074 2551 1175 2587 πάντα]
1188 2550 1273 2587 τᾶλλα
1304 2552 1403 2580 Suidas
1419 2559 1449 2587 v.7
1465 2551 1609 2586 διαθέτης,
1632 2551 1765 2587 quiimoix
1791 2551 1874 2587 μέρος

861 2585 884 2604 ³⁸
895 2587 923 2614 δὲ
935 2595 991 2614 om.
1003 2588 1036 2619 A,
1049 2589 1083 2615 de
1109 2595 1138 2614 re
1154 2585 1191 2614 cf.
1208 2586 1296 2621 Toup.
1312 2595 1333 2619 ι.
1349 2595 1376 2621 p.
1399 2586 1462 2614 ⁸517.

341 2627 361 2659 ζ.
413 2618 437 2659 ’Τ
451 2618 646 2659 γεγηρακότωῇ
671 2620 718 2645 καὶ
736 2620 817 2659 σοφίᾳ.
833 2623 901 2659 τινὶλ
912 2618 1096 2659 κεκραμένων
1111 2623 1210 2650 Suidas
1226 2631 1254 2649 ν.
1271 2618 1436 2658 Ἆκρὰατής.
1478 2622 1502 2638 ⁸⁸
1514 2618 1657 2658 προσίεται
1671 2621 1694 2648 Δ
1711 2629 1773 2659 cuni
1789 2619 1874 2648 Surda

224 2661 253 2692 Υ.
267 2654 398 2692 ζἈνσξλκις
414 2658 441 2682 ει
450 2653 550 2692 ξἰἶνςα·
563 2654 691 2692 προσίετο
700 2661 737 2692 μς.
777 2653 919 2692 ’ν’φύγαρε
931 2653 1030 2685 Su'idas
1045 2658 1135 2692 priore
1153 2658 1213 2685 loco
1226 2666 1232 2684 :
1248 2659 1293 2692 qui
1314 2653 1459 2685 articulum
1485 2659 1509 2684 ot
1522 2653 1639 2692 u'troque
1654 2663 1710 2692 om.

225 2688 314 2728 ῥαίνει
360 2696 422 2728 cuin
448 2687 551 2717 Suida:
569 2687 773 2723 καταλαμϐάνει
790 2687 869 2722 ς.ὀΕ
882 2691 971 2728 Toup.
993 2701 1013 2727 ι,
1026 2687 1052 2728 pl
1071 2693 1133 2721 121.

1513 2571 1609 2586 ""hs
1632 2571 1679 2585 ‘l"'
1701 2571 1765 2577 ’ω’-
1791 2571 1872 2585 r‘r'v

1512 2589 1536 2608 ’⁸
1556 2586 1717 2622 προσλαῦῶν
1742 2586 1772 2612 Β.
1792 2586 1834 2622 _"
1847 2586 1874 2612 δὲ

1764 2656 1772 2672 ¹
1788 2664 1874 2682 κατα-

1181 2694 1191 2708 ¹
1204 2689 1349 2719 διαείδεται
1365 2693 1388 2720 Α
1406 2697 1432 2720 et
1452 2692 1568 2721 Suidas:
1584 2689 1631 2720 διὰ
1653 2689 1707 2719 εἶδέ
1733 2699 1763 2717 τε
1779 2692 1829 2718 καὶ
1843 2699 1873 2724 ς.

982 2772 1100 2801 NOTAE.

261 2818 301 2854 (1)
319 2818 443 2854 Amplius
463 2817 527 2846 hinc
549 2818 647 2846 Suidas
676 2818 822 2854 descripsit
848 2818 874 2846 in
899 2819 1019 2847 dicti0ne

1106 2818 1144 2856 (Ξ)
1172 2818 1412 2856 Suidasctjiaec
1432 2819 1526 2856 laudat
1550 2819 1577 2847 in
1603 2819 1670 2856 dict,
1696 2819 1824 2856 ἀφέλεια,
1845 2825 1872 2848 et

224 2853 364 2892 quZﬂ-ubi‘
373 2853 449 2892 locus
464 2854 509 2882 hic
523 2854 689 2891 ἀμαρτύρως
710 2853 842 2888 aﬁcrtur,
859 2862 1015 2890 quanquam
1064 2853 1270 2892 mo‘r'qttmdam
1292 2854 1318 2882 in
1338 2853 1476 2891 διαθέτης.
1492 2855 1521 2884 ld
1535 2859 1587 2891 est,
1601 2853 1753 2892 διαιτητής,
1770 2853 1868 2883 imus-

224 2893 253 2917 οι
265 2888 340 2917 iam
356 2888 464 2924 logltur.

1064 2889 1157 2925 λητής.
