1919 3096
80 143 142 174 1⁵257

597 138 858 169 BIBLIOTHECA.
872 150 908 155 -
926 137 1008 168 COD.
1028 137 1165 168 CCXLII.

1629 140 1696 172 1258

72 199 121 224 τῶν
134 196 225 224 καλῶν
239 196 285 223 καὶ
301 194 413 230 ἀγαθῶν
421 194 572 222 δεινότατον
581 195 707 229 ίχνευτήν
720 203 727 210 ·
737 193 827 226 ὀξεῖαν
842 193 853 208 ⁸

907 199 1026 220 amorem
1041 192 1145 221 honesti
1161 197 1189 220 et
1203 193 1264 221 horti
1280 194 1476 229 peritissimum
1492 195 1694 231 indagatorem,

72 244 113 270 καὶ
128 242 254 276 ἀγχίνουν
273 241 380 275 φύσεως
394 240 517 276 δύναμιν.
538 239 585 266 ἐπὶ
609 240 695 266 πολλά
711 240 745 266 δι’
766 239 856 272 ὀλίγου

71 288 196 323 φέρεσθαι
210 287 370 322 δυναμένην,
386 276 564 321 ἑτοιμοτάτην
579 285 698 312 συνιέναι
726 285 774 312 καὶ
786 293 858 318 γνω-

72 335 150 370 ρίζειν
161 333 196 359 τὰ
216 333 276 368 ῐχνη
293 332 348 359 τῶν
369 331 547 367 θηραμάτων,
566 331 617 358 ὅσα
633 339 663 357 τε
675 332 686 347 ⁸
705 330 792 365 ἀληθῆ
809 330 857 356 καὶ

69 382 116 406 ὅσα
130 379 216 413 ψευδῆ
232 380 291 405 ἐστι
305 378 374 414 πρὸς
388 379 438 413 τὴν
459 377 548 412 ἄγραν
560 385 568 393 '
584 378 616 404 ὲκ
631 377 661 404 δὲ
679 375 712 404 αὖ
731 377 831 412 τρίτων
845 378 856 393 ⁸

70 424 221 459 φιλοπονίαν
239 423 372 458 ἄτρυτον,
390 423 441 449 οὐκ
460 423 550 450 ὲῶσαν
568 422 618 457 τὴν
638 422 727 457 ψυχὴν
742 423 856 458 ἠρεμεῖν

69 471 115 502 ἕως
132 470 165 497 ἃν
180 469 228 496 ἐπὶ
241 469 315 500 τέλος
329 469 394 505 ἔλθῃ
413 468 459 496 τοῦ
485 469 646 504 κυνηγεσίου
658 487 666 500 ,
689 468 704 495 ὃ
721 468 780 494 ἐστι
806 468 856 503 τῆς

69 515 192 551 ἀληθείας
206 516 223 550 ἡ
239 515 357 550 εὕρεσις.

101 563 161 588 Ὅτι
189 561 330 596 ἀγχίνοιαν
357 560 404 587 καὶ
426 559 543 595 ὀξύτητα
559 559 574 586 ὁ
601 559 746 594 Ἰσίδωρος,
761 559 854 595 φησιν,

70 605 153 638 ἔλεγεν
168 604 200 631 ού
217 605 267 641 τὴν
281 604 423 639 εὐκίνητον
446 603 596 638 φαντασίαν
608 623 615 635 ,
634 603 694 630 οὐδὲ
714 603 763 638 τὴν
777 602 856 635 δοξα-

71 652 160 686 στικὴν
180 651 308 685 εὐφυΐαν,
326 650 386 677 οὐδὲ
407 650 490 686 μόνην
507 649 555 684 (ὡς
570 649 603 677 ἄν
612 658 655 680 τις
666 649 783 684 οἰηθείη)
796 649 855 676 διά-

69 705 136 723 νοιαν
147 695 277 731 εὔτροχον
292 696 340 723 καὶ
360 696 472 730 γόνιμον
493 695 623 729 ἀληθείας
633 703 641 710 ·
658 695 688 722 οὺ
703 696 758 730 γὰρ
784 693 855 722 εἶναι

69 744 162 775 ταύτας
177 743 280 775 αἰτίας,
302 742 370 769 ἀλλά
380 743 413 778 τῇ
437 742 511 778 αἰτίᾳ
525 742 661 768 δουλεύειν
682 743 722 773 εἰς
735 743 828 778 νόησιν
846 749 854 757 ο

69 790 111 824 τὴν
132 789 160 816 δὲ
179 787 251 816 εἶναι
273 789 348 816 θείαν
369 787 533 823 κατοκωχὴν
556 788 577 819 ⁷,
595 788 687 824 ἡρέμα
706 787 856 821 διανοίγου-

70 845 112 862 σαν
136 835 184 862 καὶ
204 835 444 870 ἀποκαθαίρουσαν
467 834 478 849 ¹
502 834 537 860 τὰ
559 833 610 868 τῆς
623 834 713 869 ψυχῆς
732 833 853 869 ὄμματα,

69 882 110 908 καὶ
131 881 169 917 τῷ
190 881 279 916 νοερῷ
305 881 375 915 φωτί
397 880 638 915 καταλάμπουσαν,
654 881 693 911 εις
718 879 782 906 θέαν
806 879 854 906 κα)⁵

70 926 192 962 γνὼρισιν
213 927 224 942 ³
245 925 292 952 τοῦ
304 925 421 960 ἀληθοῦς
433 925 480 951 καὶ
494 923 542 950 τοῦ
560 924 686 958 ψεύδους.
704 924 853 960 Εὑμοιρίαν

70 972 165 1006 ταύτην
189 971 295 1002 ικεῖνος
321 970 457 1005 ὠνόμαζε,
475 971 520 996 καὶ
535 969 574 1002 ὡς
598 970 674 996 οὐδὲν
697 971 796 1004 γένοιτ’
819 970 853 997 ἂν

70 1017 155 1051 ὄφελος
172 1017 239 1044 ἄνευ
253 1017 406 1052 εὐμοιρίας,
420 1015 457 1047 ὡς
475 1016 535 1042 οὐδὲ
548 1015 695 1050 ὀφθαλμῶν
720 1015 854 1049 ὑγιαινόν-

70 1072 117 1090 των
132 1062 230 1097 ὕφελος
249 1063 314 1090 ἄνευ
328 1062 376 1088 τοῦ
394 1062 520 1096 οὐρανίου
536 1062 634 1096 φωτὸς,
649 1062 802 1088 διετείνετο.
816 1062 853 1088 Τδ

70 1108 213 1144 ὑψηλόνουν
229 1108 250 1123 ¹⁰
263 1107 310 1134 καὶ
325 1107 514 1143 τελεσιουργὸν
525 1104 608 1142 εἶχεν,
619 1107 649 1132 οὺ
662 1106 767 1142 περὶτὰ
778 1106 853 1134 κάτω

72 1155 258 1190 στρεφόμενον,
282 1153 340 1180 ἀλλ’
361 1153 442 1184 εὐθὺς
472 1153 649 1188 ἀναθρῶσκον
674 1153 728 1179 ἀπὸ
752 1153 852 1188 μικρᾶς

71 1201 189 1235 ἀφορμῆς
210 1200 257 1226 ἐπὶ
277 1200 311 1226 τὰ
326 1199 501 1235 πρεσϐύτατα
520 1198 574 1226 τῶν
589 1198 742 1234 θεαμάτων,
758 1199 853 1230 αὑταῖς

71 1254 98 1279 γε
114 1247 172 1278 ταῖς
194 1246 341 1277 Πλάτωνος
367 1246 517 1280 ἀκηράτοις
533 1245 648 1276 ἐννοίαις
666 1245 696 1272 οὑ
719 1244 789 1272 κατὰ
805 1246 853 1277 τὰς

73 1292 188 1327 συνήθεις
207 1291 263 1318 τῶν
283 1291 389 1318 πολλῶν
403 1291 556 1326 φιλοσόφων
573 1290 701 1322 ἐπιϐολὰς
715 1290 852 1325 ἐνεφύετο,

73 1337 133 1371 μετὰ
146 1337 175 1364 δέ
193 1345 228 1371 γε
242 1337 372 1364 Πλάτωνα
391 1336 439 1363 καὶ
455 1337 514 1367 ταῖς
540 1335 709 1371 θαυμασταῖς
737 1336 853 1371 Ἰαμὸλί-

72 1391 113 1417 χον
129 1382 290 1418 περινοίαις.
308 1381 370 1408 Ὅτι
384 1382 434 1409 οὐκ
449 1381 556 1416 ὀλίγους
567 1382 621 1408 τῶν
635 1382 854 1416 φιλοσοφούντων

72 1427 170 1462 ὁρῶμεν
194 1427 244 1455 καὶ
266 1427 421 1462 ἀκούομεν,
436 1428 499 1458 τοὺς
516 1428 565 1462 μὲν
588 1427 688 1454 ἀὸατον
712 1425 781 1454 εἶναι
808 1427 853 1454 τὸν

78 1472 223 1508 ’ίάμὸλιχον
243 1472 392 1507 οἰομένους,
411 1473 474 1504 τοὺς
489 1472 517 1499 δὲ
538 1472 650 1500 αὐθάδει
666 1472 854 1508 μεγαληγορίᾳ

72 1518 149 1553 λόγων
166 1519 198 1546 τὸ
213 1519 293 1546 πλέον
310 1519 327 1555 ἢ
344 1519 458 1554 ἀληθείᾳ
476 1520 646 1554 πραγμάτων
662 1520 852 1554 ἐπαιρόμενον.
867 1533 888 1561 C

77 1564 232 1600 Ῥητορικῆς
261 1565 310 1591 καὶ
338 1564 482 1599 ποιητικῆς
515 1564 685 1599 πολυμαθίας
713 1565 733 1580 ¹¹
767 1564 854 1599 μικρὰ

72 1610 159 1645 ἥψατο,
183 1612 226 1642 είς
251 1610 280 1637 δὲ
301 1610 352 1645 τὴν
375 1610 516 1646 θειοτέραν
533 1610 692 1645 φιλοσοφίαν
709 1608 854 1645 ἐξώρμησε

72 1655 114 1690 τὴν
127 1656 338 1692 Ἀριστοτέλους.
361 1655 448 1691 Ὀρῶν
472 1655 501 1682 δὲ
523 1655 626 1690 ταύτην
651 1655 690 1690 τῷ
713 1655 854 1690 ἀναγκαίῳ

75 1701 162 1734 μᾶλλον
182 1701 200 1736 ἢ
224 1701 263 1736 τῷ
283 1701 377 1735 οἰκείῳ
396 1700 434 1735 νῷ
452 1700 646 1733 πιστεύουσαν,
664 1701 711 1728 καὶ
726 1701 854 1736 τεχνικὴν

75 1747 116 1780 μὲν
130 1747 229 1778 ἱκανῶς
244 1745 313 1773 εἶναι
330 1746 548 1779 σπουδάζουσαν,
564 1747 593 1773 τὸ
606 1747 634 1773 δὲ
654 1746 745 1773 ἔνθεον
764 1747 781 1782 ἢ
797 1755 856 1773 νοε-

74 1793 113 1826 ρδν
128 1793 156 1818 ού
175 1794 247 1819 πάνυ
273 1791 506 1827 προϐαλλομένην,
531 1791 620 1825 ὀλίγον
643 1791 690 1818 καὶ
714 1791 815 1826 ταύτης
840 1791 856 1817 ὸ

79 1838 203 1872 Ἰσίδωρος
222 1838 371 1871 ἐποιήσατο
396 1837 487 1871 λόγον.
511 1837 556 1869 Ὠς
580 1837 608 1863 δὲ
633 1836 687 1863 τῶν
711 1836 854 1867 Πλάτωνος

73 1883 195 1916 ἐγεύσατο
203 1884 359 1918 νοημάτων,
368 1883 461 1909 οὐκέτι
472 1883 635 1909 παπταίνειν
645 1882 721 1916 ἠξίου
732 1882 854 1918 πόρσιον,

73 1928 103 1959 ὡς
117 1929 166 1963 ἔφη
183 1929 326 1964 Πίνδαρος,
342 1928 410 1955 ἀλλὰ
426 1928 502 1960 τέλος
523 1927 596 1962 ἔχειν
616 1928 739 1963 ἤλπιζεν,
760 1928 785 1953 εἰ
804 1926 854 1961 τῆς

75 1974 206 2006 Πλάτωνος
223 1975 343 2006 διανοίας
364 1975 431 2001 εἴσω
445 1974 500 2000 τῶν
520 1974 624 2000 ἀδύτων
645 1973 771 2008 δυνηθείη
798 1972 855 1999 δια-

73 2021 164 2053 ϐαλεῖν,
178 2022 225 2051 καὶ
239 2021 307 2057 πρὸς
323 2020 402 2047 τοῦτο
415 2021 436 2037 ¹¹
449 2022 462 2047 ό
480 2021 533 2052 πᾶς
548 2019 623 2055 αὐτῷ
633 2019 733 2055 δρόμος
744 2020 854 2046 ἐτέτατο

72 2067 114 2098 τῆς
131 2066 259 2101 σπουδῆς.
285 2066 347 2092 ’ωτι
373 2065 427 2092 τῶν
457 2066 506 2100 μὲν
531 2064 684 2092 παλαίτατα
709 2064 854 2099 φιλοσοφη-

74 2113 169 2138 εὰντων
188 2111 348 2147 Πυθαγόραν
365 2111 412 2138 καὶ
433 2111 565 2138 Πλάτωνα
590 2111 704 2143 θειάζει,
728 2111 774 2137 καὶ
799 2111 854 2138 τῶν

73 2157 264 2191 ὲπτερωμὲνων
284 2157 306 2172 ³⁸
336 2157 449 2183 ἐκείνων
470 2156 565 2191 ψυχῶν
593 2154 674 2187 εἶναι,
695 2157 723 2183 αἶ
749 2157 788 2188 εἰς
806 2156 852 2183 τὸν

908 243 1016 266 acutam
1030 239 1214 274 solertemque
1235 240 1335 275 ingenii
1351 240 1520 275 facultatem.
1545 250 1606 278 qua:
1621 243 1696 271 brevi

908 283 943 310 ad
961 283 1043 310 multa
1059 283 1124 311 ferri
1151 285 1247 318 possit,
1274 285 1507 320 promptissimam
1535 288 1568 314 ad
1596 288 1698 316 intelli-

907 329 1025 363 gendunt
1049 334 1076 356 et
1101 331 1315 362 cognoscendum
1340 331 1452 366 vestigia
1467 340 1558 360 rerum
1572 341 1698 368 quaren-

907 375 1012 406 darum,
1026 382 1086 409 quae
1103 382 1177 408 vera,
1193 375 1329 410 quaelalsa
1352 377 1386 405 ad
1400 377 1603 412 adipiscendum
1621 380 1695 407 sint:

907 420 1026 448 etribus
1041 421 1084 448 his
1102 421 1205 448 laboris
1230 430 1308 450 amor
1334 422 1487 451 indefessus
1512 424 1612 457 oritur,
1642 433 1696 453 non

908 466 1069 500 permittens
1088 467 1209 494 animum
1240 468 1396 502 quiescere,
1417 470 1502 497 donec
1525 470 1558 496 ad
1584 470 1697 498 iuveslio

908 512 989 546 gandi
1008 511 1090 539 linem
1102 513 1219 546 venerit,
1237 513 1340 548 quiest
1359 514 1483 542 veritatis
1505 515 1626 543 inventio
1641 517 1693 552 (ὅ).

945 556 1091 584 Solertiam
1102 558 1313 585 etacrimoniam
1324 558 1443 587 lsidorus
1450 559 1519 587 dixit
1529 567 1589 587 esse
1602 560 1697 596 imagi~

908 602 1043 630 nationem
1062 611 1114 631 non
1127 603 1208 631 facile
1217 604 1354 637 mobilem,
1366 612 1452 640 neque
1466 606 1603 641 ingenium
1616 604 1696 635 facile

907 647 1049 682 opiniones
1061 649 1284 682 comminisceus,
1313 658 1401 685 neque
1428 651 1527 684 solam,
1554 657 1583 679 ut
1598 653 1696 688 aliquis

909 693 1022 728 putarit,
1057 694 1266 730 intelligentiam
1294 696 1453 731 volubilem,
1487 701 1515 724 et
1541 698 1696 734 gignentem

907 740 1062 768 veritatem.
1079 740 1174 775 Neque
1189 741 1260 768 ettim
1275 741 1324 769 has
1346 750 1406 770 esse
1421 751 1529 777 causas,
1547 746 1594 772 sed
1605 746 1638 773 ad
1654 747 1696 774 in-

908 787 1082 822 telligendum
1105 794 1193 814 causa:
1207 787 1311 815 servire
1330 797 1337 815 :
1356 789 1476 816 divinum
1491 798 1555 819 vero
1567 798 1627 819 esse
1654 793 1696 820 in-

907 834 1047 865 stinctum,
1064 833 1158 860 sedate
1171 833 1337 867 aperientem
1353 839 1381 861 et
1393 840 1583 870 repurgautem
1597 837 1693 864 aniuue

906 878 1010 911 oculos,
1040 883 1068 906 et
1100 878 1264 914 iuteiiigibili
1295 879 1398 907 lumine
1431 880 1627 915 illustrautem,
1662 882 1696 910 ad

905 931 998 952 verum
1020 923 1170 958 falsumque
1190 929 1217 951 et
1244 924 1388 952 videndum
1411 931 1438 952 et
1468 929 1696 962 cognoscendum.

904 970 1005 998 Bonam
1028 970 1249 999 c0uslitutionem
1276 971 1332 1006 ipse
1353 972 1514 1006 appellavit,
1539 974 1696 1009 nullumque

904 1015 963 1043 sine
984 1022 1015 1042 ea
1035 1022 1095 1043 esse
1117 1015 1340 1049 emolumentum,
1371 1024 1457 1048 neque
1482 1019 1623 1046 oculorum
1652 1028 1697 1048 sa-

904 1069 1001 1088 ttorttm
1015 1061 1188 1089 commodum
1218 1062 1277 1090 sine
1305 1063 1409 1090 ccelesti
1438 1062 1541 1091 lumine
1569 1065 1696 1093 asseruit.

905 1107 1191 1142 Speculationiaptum
1203 1108 1324 1135 animum
1340 1109 1456 1136 habebat
1471 1109 1551 1137 simul
1568 1115 1595 1138 et
1615 1112 1696 1139 rebus

906 1153 1031 1187 gerendis
1050 1173 1058 1185 ,
1075 1161 1127 1181 non
1141 1153 1239 1189 337i:
1254 1155 1287 1182 ad
1306 1154 1364 1182 haec
1380 1155 1508 1183 inferiora
1527 1157 1694 1189 inclinatum.

905 1199 952 1225 sed
969 1199 1062 1226 statim
1078 1206 1108 1227 se
1132 1200 1283 1227 elevantem
1301 1201 1383 1227 etiam
1398 1208 1481 1235 parva
1502 1203 1646 1230 occasione
1663 1204 1696 1231 ad

904 1244 1143 1280 praestantissimas
1151 1245 1210 1273 illas
1218 1246 1468 1280 contemplationes.
1478 1247 1597 1283 ipsisque
1608 1248 1692 1276 Plato-

906 1291 948 1319 nis
957 1290 1084 1325 perl‘ectis
1094 1291 1249 1319 notionibus
1259 1299 1315 1322 non
1322 1294 1470 1320 secundum
1479 1298 1621 1322 consuetos
1630 1295 1696 1323 alio-

905 1344 965 1363 rum
978 1337 1202 1372 phiIOsopbormn
1213 1342 1327 1365 conatus
1349 1337 1466 1366 inhaesit.
1478 1338 1541 1366 Post
1554 1338 1694 1367 Platonem

906 1389 971 1409 vero
987 1383 1070 1409 etiam
1088 1381 1234 1410 Jamblichi
1248 1382 1418 1410 mirabilibus
1430 1385 1601 1412 commentis.
1619 1384 1696 1412 Vide-

907 1435 969 1455 mus
986 1428 1090 1456 ntultos
1102 1428 1324 1463 philosophorum
1336 1429 1505 1463 etaudimus,
1518 1430 1567 1458 ltos
1586 1431 1695 1466 quidem

905 1479 1032 1510 putantes
1047 1473 1230 1502 Jamblichum
1247 1475 1385 1502 intellectu
1394 1475 1528 1504 difﬁcilem
1544 1484 1616 1509 esse,
1638 1477 1697 1504 illos

907 1527 971 1547 vero
987 1521 1059 1547 hunc
1069 1519 1184 1554 superba
1196 1520 1432 1555 grandiloquentia
1449 1522 1591 1550 verborum
1610 1524 1697 1558 magis

906 1572 986 1599 quam
1013 1572 1104 1592 rerum
1138 1565 1256 1593 veritate
1284 1573 1314 1594 se
1341 1565 1507 1594 efferentem.
1537 1567 1696 1596 lihetoricas

906 1610 1078 1645 poeticasque
1091 1614 1164 1637 artes
1181 1617 1278 1645 parum
1292 1611 1394 1646 attigit,
1410 1612 1457 1639 sed
1479 1613 1513 1639 ad
1533 1614 1695 1641 sanctiorem

905 1656 1062 1684 Aristotelis
1083 1656 1283 1691 philosophiam
1312 1664 1342 1684 se
1371 1658 1518 1690 convertit,
1550 1659 1697 1693 vidensque

906 1702 979 1729 illam
1011 1702 1178 1729 necessariis
1212 1702 1469 1730 ratiocinationibus
1504 1704 1590 1738 tnagis
1614 1712 1696 1739 qualn

906 1748 1015 1782 proprio
1031 1748 1121 1776 sensui
1145 1749 1277 1782 credere,
1308 1753 1336 1776 et
1354 1753 1382 1776 ut
1397 1749 1440 1776 via
1467 1757 1499 1776 ac
1515 1749 1620 1777 ratione
1635 1758 1698 1785 pro-

905 1793 995 1826 cedat,
1012 1793 1110 1821 divinis
1123 1798 1214 1821 autem
1230 1794 1473 1828 imaginationibus
1487 1802 1539 1822 non
1564 1795 1630 1822 adeo
1645 1796 1696 1827 uti,

905 1845 1000 1872 parutn
1016 1839 1098 1865 etiam
1113 1838 1146 1865 de
1162 1838 1213 1865 hac
1226 1838 1358 1865 sollicitus
1371 1838 1443 1865 fuit:
1466 1839 1511 1866 ubi
1527 1843 1616 1866 autem
1634 1838 1697 1866 Pla-

906 1883 975 1910 tonis
989 1882 1140 1910 sententias
1160 1884 1294 1918 gustavit,
1311 1891 1364 1910 non
1384 1884 1440 1918 jam
1456 1885 1589 1919 aspicere,
1616 1889 1646 1912 ut
1658 1886 1697 1912 ait

906 1926 1039 1955 Pindarus
1053 1927 1105 1962 (4),
1124 1927 1254 1962 dignatus
1266 1933 1308 1955 est
1320 1928 1443 1956 ulteritts.
1459 1928 1512 1956 Sed
1540 1929 1619 1956 ﬁnem
1634 1937 1700 1956 cou-

906 1977 1064 2001 sccuturum
1089 1973 1230 2007 speravit,
1251 1973 1273 2000 si
1299 1973 1326 2000 in
1355 1973 1475 2002 Platonis
1502 1975 1698 2002 sententiarum

906 2021 985 2055 adyta
1010 2023 1156 2054 penetrare
1169 2018 1313 2053 potuisset,
1331 2023 1357 2045 et
1379 2026 1412 2046 eo
1429 2027 1509 2046 omne
1533 2028 1612 2047 suum
1639 2025 1699 2048 stu»

905 2066 979 2094 diutn
993 2085 1000 2098 ,
1026 2065 1210 2100 impetumque
1225 2066 1370 2093 convertit.
1385 2067 1597 2101 Antiquissitnos
1610 2067 1698 2102 philo—

904 2111 1004 2146 sophos
1019 2110 1201 2146 Pythagoram
1218 2116 1246 2139 et
1263 2111 1401 2140 Platonem
1424 2117 1453 2139 ιιι
1467 2112 1533 2141 deos
1552 2114 1653 2145 coluit,
1670 2117 1698 2141 et

905 2164 998 2184 eorum
1027 2156 1132 2183 animas
1157 2155 1254 2189 alatus,
1284 2164 1352 2190 quas
1379 2157 1405 2183 in
1435 2157 1524 2184 loctttn
1557 2165 1695 2192 superae-

73 2202 259 2238 ὑπερουράνιον
271 2203 365 2234 τόπον,
384 2204 424 2234 εἰς
445 2203 475 2229 τὸ
497 2202 588 2229 πεδίον
602 2203 651 2237 τῆς
665 2202 801 2237 ἀληθείας,
817 2202 854 2233 si;

910 2203 1017 2234 lcsletn,
1028 2201 1110 2236 inque
1120 2208 1245 2236 campum
1256 2202 1389 2234 veritatis,
1405 2207 1432 2229 et
1461 2208 1565 2236 pratqu
1579 2203 1698 2231 cievatas

72 2249 110 2274 τὸν
122 2249 243 2285 λειμῶνα
258 2249 312 2276 τῶν
330 2249 410 2276 θείων
430 2249 558 2284 νέμονται
574 2248 662 2280 εἰδῶν,
681 2248 735 2275 τῶν
757 2250 854 2275 νεωστὶ

72 2294 95 2321 δὲ
114 2295 266 2331 Πορφύριον
279 2296 326 2321 καὶ
342 2287 497 2330 Ίάμσλιῄν
512 2295 560 2321 καὶ
576 2295 707 2329 Συριανὸν
721 2294 768 2321 καὶ
783 2295 854 2330 Πρό-

74 2341 127 2366 κλον
138 2350 145 2357 ·
167 2342 215 2368 καὶ
228 2341 325 2372 ἄλλους
341 2340 370 2367 δὲ
391 2341 419 2366 ὲν
439 2340 513 2375 μέσῳ
529 2339 576 2366 τοῦ
594 2339 690 2375 χρόνου
709 2340 792 2367 πολὺν
805 2339 854 2375 θη-

74 2388 163 2423 σαυρὺν
182 2387 307 2419 συλλέξαι
331 2386 397 2422 [550
416 2386 463 2422 H.]
481 2385 555 2419 λέγει
571 2386 725 2421 ἐπιστήμης
741 2385 855 2421 θεοπρε-

75 2433 143 2464 ποῦς.
160 2435 230 2465 Τοὺς
248 2433 341 2469 μέντοι
353 2432 439 2467 θνητὰ
457 2432 506 2459 καὶ
522 2431 680 2467 ἀνθρώπινα.
696 2432 854 2465 φιλοπονου-

75 2481 161 2515 μένους
187 2480 271 2517 [1056
299 2479 345 2516 R.]
368 2479 539 2514 ἢσιινιέντας
559 2479 642 2511 ὀξέως
661 2479 677 2514 ἦ
697 2478 855 2513 φιλομαθεῖς

908 2247 1009 2274 divinis
1029 2246 1139 2282 putavit
1167 2246 1236 2274 ideis
1253 2247 1339 2281 pasci.
1355 2247 1392 2275 De
1412 2249 1610 2277 recentioribus
1632 2257 1697 2277 vero

907 2293 1099 2328 Porphyrium,
1114 2291 1308 2326 Jatublicltutn,
1323 2293 1480 2328 Syriauum,
1507 2294 1647 2328 Proclum,
1669 2302 1698 2324 et

909 2339 978 2365 alios
994 2338 1090 2365 media:
1110 2337 1210 2368 aetatis.
1230 2345 1357 2373 magnum
1376 2339 1531 2367 thesaurum
1552 2342 1697 2377 collegisse

907 2385 1004 2412 divina:
1029 2384 1150 2411 scientiae
1169 2383 1246 2411 dicit.
1264 2383 1318 2412 Eos
1341 2390 1430 2413 autem
1456 2387 1502 2421 qui
1531 2388 1558 2414 itt
1588 2389 1698 2416 caducis

907 2436 933 2457 ct
959 2430 1084 2457 humanis
1110 2429 1208 2456 studiis
1237 2429 1355 2458 libenter
1378 2437 1560 2467 occupantur,
1586 2434 1627 2461 vel
1652 2435 1697 2468 qui

911 2475 1061 2509 intelligere
1076 2479 1156 2502 acute
1173 2482 1206 2502 ac
1216 2475 1287 2502 scire
1303 2477 1387 2504 multa
1400 2478 1508 2511 volunt,
1519 2487 1570 2507 non
1588 2488 1698 2515 tnagnn-

690 2537 731 2565 VA
738 2537 805 2564 RH}
826 2536 1030 2564 LECTIONES.

103 2589 208 2626 ftiiaigv
220 2589 248 2616 δὲ
268 2589 314 2616 καὶ
340 2587 438 2626 Suidas
454 2595 481 2626 ν.
504 2585 704 2626 ’Δγχίνριαειοίζ
735 2585 806 2612 idem
820 2594 847 2626 ν.
866 2585 955 2620 Ἔρως
969 2585 1257 2626 θξΣτριχείαρρχαί.
1281 2620 1287 2626 ¹
1308 2585 1319 2601 ⁸
1330 2585 1397 2626 1‘s}
1411 2591 1418 2610 :
1435 2585 1482 2626 τοῦ
1495 2593 1524 2626 ς.
1563 2585 1618 2626 “nep

257 2627 266 2643 ⁷
284 2622 442 2658 κατοκωχὴν
455 2622 486 2649 Αμ
507 2619 678 2658 κατοχὴνΔΒε
698 2621 862 2658 κατακωχὴν
878 2619 976 2658 scunt
990 2619 1073 2658 §u_idn
1092 2619 1305 2658 “bratteatum:
1365 2620 1516 2658 ἀποξιμθφλ
1530 2625 1556 2646 et
1569 2619 1698 2658 ‘Suidasﬂi

274 2659 284 2674 '
299 2655 441 2694 γνώρισιν]
462 2657 555 2694 νόησιν
567 2655 671 2694 _Su_idas
687 2664 712 2682 v.
732 2655 875 2694 Εὐμοιρία.

78 2624 164 2650 τούτων
176 2624 205 2651 Β.

75 2658 180 2685 amuli.
200 2667 220 2691 ς

77 2694 94 2708 ¹¹
107 2695 188 2729 τούτῳ
205 2690 236 2726 ζ.
291 2690 313 2710 ’δ
323 2690 533 2728 ἐπτερωμένων]
548 2692 584 2719 cl.
602 2690 689 2725 Toup.
708 2698 739 2722 tt,
755 2698 780 2724 p.
797 2690 857 2717 118.

1308 2585 1319 2601 ⁸
1330 2593 1359 2621 τλε
1372 2584 1397 2621 Α
1411 2591 1418 2610 :
1435 2584 1482 2621 τοῦ
1495 2593 1524 2617 ς.
1563 2585 1697 2621 [τρίτων]

924 2656 947 2671 ¹⁰
965 2654 1128 2690 ὑψηλόνουν]
1164 2654 1324 2690 ὑψηλδνγοω
1337 2655 1369 2681 Δ.
1423 2654 1443 2669 ¹⁶
1459 2654 1641 2688 πολυμαθείας
1667 2655 1697 2682 Β.

801 2736 916 2764 NOTAE.

106 2786 139 2819 l3)
151 2786 245 2814 Snidas
260 2785 376 2812 dictione
393 2784 528 2819 ἀγχίνοος,
541 2788 569 2810 et
581 2783 664 2811 iienr.
674 2782 768 2819 Steph.
785 2783 857 2810 The-

77 2827 159 2847 saurus
175 2823 199 2848 in
215 2823 293 2848 ὲπιστ
298 2820 392 2855 ρεφής.

106 2857 139 2891 (ί)
153 2857 206 2885 Oda
228 2858 246 2882 Δ
263 2853 366 2889 Olynip.
385 2854 481 2888 μηκέτι
505 2854 638 2881 πάπταινε
665 2853 786 2889 πόρσιον.
815 2853 854 2880 Ne

219 2904 353 2934 PATROL.
378 2902 435 2931 Gn.
459 2902 535 2932 (Illi.

915 2783 1030 2815 amplius
1050 2783 1218 2815 cirrumspice
1227 2782 1339 2817 longius.
1354 2782 1445 2809 Utitur
1455 2780 1540 2808 PtO‘la
1553 2781 1698 2817 3cxtrema

910 2823 936 2844 ct
953 2819 978 2844 iu
993 2818 1095 2852 l‘ythiis
1109 2818 1157 2844 oda
1174 2818 1190 2844 3
1209 2816 1304 2849 ’Ὅστις
1317 2818 1453 2853 alexi,va
1466 2823 1513 2843 elc.
1527 2821 1555 2842 ut
1565 2816 1698 2850 proverbii

909 2853 1025 2887 speciem
1034 2853 1156 2881 obtinere
1171 2853 1303 2880 videatur.

1465 2899 1502 2929 Μ)
