1919 3096
225 127 294 157 1259

810 127 940 158 ΡΗΟΤῘΙ
957 127 1212 158 PATRIARCILE
1233 128 1287 158 (ΣΡ.

1787 127 1859 160 1260

222 190 287 218 pere
305 182 430 211 conferre
447 183 481 210 ad
498 182 640 211 sublimem
658 191 690 211 ac
703 184 822 213 divinam
835 186 996 221 sapientiam

1061 183 1132 213 εἶναι
1161 186 1339 222 βουλομένους
1366 184 1443 212 οὐδὲν
1468 184 1540 220 μέγα
1561 184 1671 212 ἁνύτειν
1693 184 1718 201 *⁵
1739 185 1778 217 είς
1808 187 1860 220 τὴν

225 229 404 264 Antiquorum
424 229 496 257 enim
513 229 690 257 Aristotelem
717 235 745 258 et
769 231 954 268 Chrysippum
969 233 1011 260 in-

220 275 424 310 geniosissimos
444 279 472 302 et
492 275 613 303 discendi
629 277 829 312 cupidissimos,
845 279 910 313 quin
927 279 1010 306 etiam

223 321 383 352 laboriosos,
399 327 449 348 nec
463 325 553 348 tamen
575 321 687 348 omnino
705 323 737 350 ad
756 330 893 351 summum
910 331 1007 350 ascen-

221 366 302 394 disse.
321 366 478 394 Recentium
492 374 557 394 vero
568 367 734 400 Hieroclem,
750 372 778 395 et
789 368 903 402 similes,
919 370 1010 397 scien-

221 411 265 439 tiis
281 412 407 440 humanis
422 412 486 439 nulli
501 412 610 448 quidem
631 412 718 441 fuisse
746 414 900 448 inferiores,
918 417 964 443 sed
982 416 1008 443 in

229 457 330 485 divinis
357 458 511 486 notionibus
528 467 580 486 non
610 459 754 487 admodum
777 460 863 489 fuisse
886 468 1010 490 versatos

222 503 314 531 tradit.
327 503 471 531 Librorum
487 504 594 538 copiam
612 506 797 540 reprehendit,
827 514 888 542 quae
913 509 1005 543 potius

220 549 365 576 multarum
391 549 559 584 opinionum,
588 558 669 585 quam
695 552 884 586 cognitionum
924 561 1008 582 causa

220 599 272 622 est.
297 594 358 623 Uno
385 603 449 623 vero
475 596 534 624 solo
558 601 723 632 praeceptore
755 599 947 634 acquiescens,
974 601 1008 628 ad

216 641 288 668 hunc
299 649 382 668 unum
394 641 492 677 338a
506 643 624 678 seipsum
638 643 792 680 eiIingebat,
812 645 886 674 illius
907 646 1008 674 dictata

215 688 405 716 exscribenda.
421 688 576 722 Praesentia,
588 694 617 716 ut
630 695 753 725 apparet,
762 692 819 720 haec
830 699 883 720 non
895 692 1006 725 amavit,

217 741 267 762 nec
287 738 391 761 statuas
418 735 533 762 adorare
560 735 688 763 volebat:
713 737 760 764 sed
785 736 843 772 jam
866 738 899 765 ad
931 739 1007 773 ipsos

215 781 333 808 accessit
351 782 414 808 deos
438 781 511 808 intus
523 781 650 815 latentes,
674 790 727 810 non
749 784 774 810 in
791 784 884 820 adyto,
909 785 956 812 sed
975 784 1001 811 in

214 833 314 853 arcano
329 826 382 859 sui,
401 827 472 861 quod
490 826 635 862 aliquando
650 835 763 856 summa:
777 829 1002 864 estignorantiae.

1063 231 1204 267 θεοπρεπῆ
1221 231 1268 258 καὶ
1290 231 1412 267 μεγάλην
1432 231 1539 266 σοφίαν.
1564 231 1626 257 Τῶν
1651 230 1707 267 γὰρ
1732 231 1859 258 παλαιῶν

1068 276 1246 311 Ἀριστοτέλη
1265 276 1313 302 καὶ
1333 276 1496 311 Χρύσιππον
1521 275 1722 310 εὐφυεστάτους
1740 276 1859 310 γενομέ-

1061 328 1134 351 νους,
1156 319 1223 346 ἀλλὰ
1244 321 1291 346 καὶ
1311 319 1561 354 φιλομαθεστάτους
1582 319 1744 353 γεγονότας,
1768 319 1811 346 ἔτι
1830 319 1859 346 δὲ

1061 365 1109 391 καὶ
1131 365 1304 400 φιλοπόνους,
1321 365 1372 392 οὐκ
1387 364 1521 400 ἀναϐῆναι
1538 365 1613 399 ὅμως
1633 365 1682 400 τὴν
1703 364 1769 400 ὃλην
1789 365 1859 392 ἀνά-

1061 410 1151 439 ϐασιν.
1180 411 1240 437 Τῶν
1265 411 1293 438 δὲ
1309 411 1450 447 νεωτέρων
1476 410 1613 446 Ἱεροκλέα
1638 419 1667 437 τε
1690 410 1738 437 καὶ
1762 411 1790 437 ετ
1815 419 1857 442 τις

1061 457 1164 491 ὅμοιος,
1179 457 1256 484 οὐδὲν
1277 456 1326 492 μὲν
1344 457 1519 488 ἐλλείποντας
1541 457 1582 488 είς
1602 456 1652 491 τὴν
1679 456 1856 492 ἀνθρωπίνην

1061 503 1251 539 παρασκευὴν,
1270 504 1324 530 τῶν
1339 503 1367 529 δὲ
1393 503 1538 539 μακαρίων
1563 497 1708 537 νοημάτων
1729 503 1854 538 πολλαχῆ

1059 547 1166 574 πολλῶν
1181 548 1280 580 ἐνδεεῖς
1299 547 1462 583 γενομένους
1482 547 1576 582 φησίν.
1597 547 1660 574 ’Ότι
1684 547 1732 575 καὶ
1756 549 1778 564 ¹⁵
1800 548 1854 574 τῶν

1060 592 1171 627 βιϐλίων
1185 594 1231 620 τὸν
1256 593 1357 628 ὁμαδὺν
1382 594 1542 629 παρῃτεῖτο,
1567 592 1728 626 πολυδοξίας
1752 593 1853 628 μᾶλλον

1059 639 1146 666 αἴτιον
1158 639 1224 666 ὅντα
1237 639 1254 674 ἢ
1269 638 1424 670 πολυνοίας.
1446 639 1502 665 Ἑνὶ
1512 638 1541 665 δέ
1557 639 1631 673 μόνῳ
1645 638 1684 673 τῷ
1698 639 1853 674 διδασκάλῳ

1058 684 1305 720 ἐπαναπαυόμενος
1320 684 1389 720 πρὸς
1407 684 1488 718 μόνον
1508 685 1612 710 ἐκεῖνον
1629 684 1770 711 ἀπετύπου
1787 686 1855 712 ἐαυ-

1057 728 1114 762 τὸν,
1128 728 1162 755 τὰ
1177 729 1243 763 παρ’
1256 727 1339 754 αὑτοῦ
1354 727 1491 763 λεγόμενα
1505 728 1532 751 ¹⁴ι
1543 728 1782 763 ἀπογραφόμενος.
1803 729 1853 764 Δῆ-

1057 773 1103 805 λος
1120 773 1143 800 δ¹
1157 771 1192 809 ἦν
1209 773 1260 800 οὑκ
1270 773 1385 808 ἀγαπῶν
1395 773 1429 801 τὰ
1441 773 1566 809 παρόντα
1584 772 1645 800 οὗτε
1660 773 1694 800 τὰ
1705 775 1854 809 ἀγάλματα

1057 820 1221 855 προσκυνεῖν
1238 819 1348 852 ἐθέλων,
1373 820 1440 846 ἀλλὰ
1460 820 1510 855 ἤδη
1526 819 1570 846 ἐπ’
1586 819 1684 851 αὐτοὺς
1696 820 1760 851 τοὺς
1774 820 1854 852 θεοὺς

214 872 271 905 Qua
290 872 396 900 ratione
425 872 508 906 igitur
522 873 554 900 ad
567 881 626 906 eos,
647 881 709 901 cum
732 874 772 901 sic
793 881 893 909 essent,
916 876 1001 903 adiit?

1059 865 1166 901 ἱέμενος
1182 865 1249 892 εἵσω
1263 865 1480 901 κρυπτομένους,
1495 865 1545 891 οὐκ
1568 864 1597 892 ἐν
1618 864 1738 897 ἀδύτοις,
1749 865 1807 892 ἀλλ’
1824 867 1855 892 ἐν

212 919 366 947 vehementi
379 926 482 951 amore,
495 926 582 954 eoque
593 920 707 948 latente.
723 921 756 948 Et
772 921 907 955 quisalius
922 929 1000 949 amor

213 965 265 993 nisi
289 964 434 993 occultus?
451 969 477 992 et
494 973 640 1000 quemnam
667 967 739 994 hunc
758 967 884 1001 dicimus,
913 968 1003 995 sciunt

212 1012 259 1047 qui
272 1012 376 1046 experti
393 1016 474 1039 sunt:
492 1012 583 1039 dicere
597 1016 686 1040 autem
712 1020 764 1040 non
789 1020 943 1048 possumus,
971 1022 1003 1042 ac

212 1065 246 1086 ne
266 1059 388 1094 cogitare
406 1059 527 1094 quidem.
556 1058 660 1087 Dixerit
687 1059 822 1095 quispiam
848 1060 924 1087 illum
949 1068 1001 1088 non

210 1103 305 1136 verba,
319 1104 367 1132 sed
380 1111 471 1132 rerum
487 1105 578 1132 dicere
595 1104 773 1132 substantias.
791 1103 998 1140 Promptissime

209 1149 365 1177 inveniebat
380 1149 414 1177 de
428 1149 527 1184 quibus
541 1149 598 1184 ipse
612 1149 754 1177 dubitabat
776 1150 852 1184 apud
879 1150 958 1183 alios,
975 1155 1003 1178 et

209 1195 244 1222 de
260 1194 358 1229 quibus
373 1193 418 1221 alii
434 1195 504 1229 apud
524 1194 611 1228 ipsum
631 1194 831 1229 disceptabant,
849 1202 902 1222 non
933 1195 1003 1222 mul-

209 1245 298 1267 tarum
312 1240 421 1275 quidem
438 1247 528 1268 rerum
541 1240 705 1275 cognitione,
727 1244 756 1267 et
782 1239 934 1268 alienarum
951 1241 1001 1269 do-

208 1286 359 1313 ctrinarum
375 1286 488 1313 scientia
501 1286 642 1313 obruendo
660 1287 814 1319 veritatem,
839 1287 996 1315 dubitantes

208 1335 300 1358 autem
323 1330 498 1363 conlutando,
523 1330 572 1358 sed
600 1331 759 1358 excellentis
772 1331 873 1367 ingenii
901 1333 940 1366 vi,
967 1341 1001 1361 ac

207 1378 288 1412 plane
302 1378 412 1409 divina;
438 1382 466 1405 et
483 1377 619 1405 immenso
645 1377 783 1406 desiderio
811 1379 903 1406 divina
932 1387 997 1415 per-

207 1421 356 1456 vestigandi
374 1421 519 1448 veritatem
531 1426 710 1456 compertam,
724 1423 882 1451 vaticinanti
902 1424 1000 1452 similis

206 1470 276 1493 erat.
302 1466 412 1494 Paterat
441 1466 596 1501 perspicere
618 1467 682 1502 quid
698 1469 868 1496 reconditum
893 1474 998 1505 tegeret

206 1513 304 1545 oratio,
328 1512 426 1547 quidve
443 1520 538 1540 sanum
561 1513 674 1541 inesset.
694 1513 826 1549 Marinus,
843 1516 890 1550 qui
903 1515 992 1544 Procli

205 1563 349 1583 successor
360 1556 410 1592 (5),
424 1561 452 1584 et
467 1556 563 1584 lsidori
577 1565 639 1585 cum
652 1559 760 1586 caeteris
774 1561 801 1586 in
821 1560 996 1590 Aristoteleis

206 1600 311 1635 doctor,
324 1610 385 1630 cum
400 1603 498 1630 librutn
522 1603 668 1631 multorum
683 1612 810 1633 versuum
834 1606 995 1642 scripsisset

205 1648 233 1676 in
255 1648 396 1676 Philebum
411 1649 541 1682 Platonis,
563 1657 683 1685 eumque
704 1650 794 1684 legere
813 1651 922 1685 juberet
939 1653 991 1680 lsi-

205 1698 313 1729 dorum,
330 1702 357 1724 et
379 1697 512 1732 judicium
531 1697 602 1725 ferre
625 1706 661 1725 an
680 1698 800 1734 evulgari
817 1705 919 1733 posset,
949 1700 994 1728 ille

203 1743 274 1771 libro
286 1744 367 1778 lecto,
385 1744 547 1771 sententiam
559 1751 636 1771 snam
651 1744 735 1772 libere
746 1745 884 1779 patefecit,
895 1745 996 1774 nullam

203 1795 293 1817 tamen
318 1790 508 1817 inconcinnam
537 1797 631 1818 vocem
657 1790 759 1822 emisit,
776 1790 847 1818 hanc
870 1796 993 1820 tantum:

201 1836 287 1863 videri
319 1835 448 1871 magistro
477 1836 570 1870 digna.
600 1834 722 1863 Marinus
755 1835 807 1863 hoc
830 1836 993 1872 intelligens,

201 1881 298 1908 librum
318 1881 373 1916 igni
392 1880 512 1908 tradidit.

1056 911 1132 948 αὐτῷ
1150 911 1190 947 τῷ
1212 913 1372 948 ἀπορρήτῳ,
1395 911 1504 938 ότιποτέ
1530 911 1599 944 ἐστι,
1624 911 1674 946 τῆς
1698 909 1852 944 παντελοῦς

1055 958 1203 992 ἀγνωσίας.
1219 958 1282 990 Πῶς
1297 955 1345 985 οὖν
1359 958 1402 984 ἐπ’
1417 957 1517 989 αὐτοὺς
1534 957 1589 983 ἵετο
1599 956 1738 988 τοιούτους
1752 957 1854 991 lii/mg;

1056 1005 1159 1040 Ἔρωτι
1171 1004 1261 1040 δεινῷ,
1273 1004 1421 1041 ἀπορρήτῳ
1433 1003 1480 1030 καὶ
1492 1003 1590 1038 τούτῳ.
1604 1003 1659 1030 Καὶ
1672 1003 1716 1036 τίς
1724 1003 1753 1030 δέ
1769 1003 1854 1036 ἄλλος

1053 1050 1070 1085 ἢ
1088 1050 1228 1084 ἄγνωστος
1245 1049 1293 1076 καὶ
1309 1050 1323 1076 ό
1338 1049 1430 1085 ἐρως;
1453 1049 1509 1076 Καὶ
1535 1048 1596 1075 τίνα
1619 1045 1715 1076 toi/ltiti
1744 1058 1851 1084 φαμεν,

1054 1095 1143 1122 ἴσασιν
1165 1095 1191 1121 οἱ
1213 1095 1399 1130 πειραθέντες,
1413 1095 1500 1121 εἰπεῖν
1519 1094 1548 1120 δὲ
1563 1094 1705 1127 ἀδύνατον,
1722 1095 1770 1122 καὶ
1789 1096 1854 1131 νοῆ-

1054 1141 1099 1168 σαί
1116 1150 1149 1176 γε
1167 1141 1244 1168 οὐδὲν
1260 1142 1360 1177 μᾶλλον
1380 1141 1481 1177 ῥᾴδιον.
1500 1139 1585 1167 Εἶπεν
1597 1141 1631 1168 ἄν
1645 1150 1688 1173 τις
1699 1142 1730 1168 οὺ
1754 1141 1854 1177 λόγους

1053 1188 1149 1221 αὐτὸν,
1166 1188 1236 1215 ἀλλὰ
1250 1188 1422 1224 πραγμάτων
1437 1187 1604 1222 φθέγγεσθαι
1620 1188 1724 1220 οὐσίας.
1743 1186 1798 1215 Ἦν
1821 1189 1854 1215 δὲ

1053 1235 1101 1262 καὶ
1122 1234 1237 1271 εὑρετὴς
1256 1235 1432 1270 ἑτοιμότατος
1453 1231 1491 1261 ὧν
1510 1242 1541 1260 τε
1558 1233 1638 1266 αὐτὸς
1657 1234 1756 1270 ἠπόρει
1780 1235 1854 1270 πρὸς

1052 1281 1174 1316 ἐτέρους,
1188 1281 1235 1308 καὶ
1243 1278 1281 1308 ὧν
1290 1280 1379 1316 ἕτεροι
1391 1280 1460 1315 πρὸς
1474 1279 1566 1312 αὑτὸν,
1580 1280 1611 1306 οὐ
1629 1279 1786 1315 πολυμαθία
1801 1280 1853 1306 καὶ

1051 1329 1199 1365 ἀλλοτρίων
1216 1328 1394 1364 δοξασμάτων
1414 1328 1436 1343 ¹⁷
1462 1326 1568 1363 ἱστορίᾳ
1594 1326 1770 1363 καταχωννὺς
1796 1327 1850 1362 μὲν

1049 1375 1099 1411 τὴν
1113 1375 1245 1411 ἀλήθειαν
1265 1375 1287 1392 ¹⁸
1299 1396 1306 1408 ,
1322 1373 1505 1409 ἐπιστομίζων
1525 1373 1553 1399 δέ
1568 1374 1632 1405 τοὺς
1652 1373 1825 1409 ἀποροῦντας
1841 1381 1849 1387 ·

1050 1422 1118 1449 ἀλλά
1127 1421 1208 1458 ῥώμῃ
1216 1422 1344 1456 γενναίας
1361 1421 1468 1456 φύσεως
1484 1420 1531 1447 καὶ
1543 1419 1612 1447 θεῶν
1624 1419 1794 1454 ἀγχισπόρου
1813 1419 1849 1451 ’⁸,

1051 1466 1128 1502 πόθῳ
1147 1475 1177 1493 τε
1190 1465 1325 1502 ἀμηχάνῳ
1339 1465 1389 1500 τῆς
1404 1464 1470 1500 περὶ
1490 1464 1522 1491 τὸ
1539 1463 1610 1490 θεῖον
1630 1463 1772 1498 βακχείας,
1790 1459 1851 1489 οἷον

1050 1513 1302 1549 ἀπομαντευομένῳ
1328 1511 1409 1548 ἐῴκει
1432 1511 1482 1547 τὴν
1498 1511 1548 1546 τῆς
1565 1509 1696 1545 ἀληθείας
1723 1509 1850 1545 εὕρεσιν.

1050 1558 1103 1586 Ἦν
1126 1560 1149 1586 δ’
1165 1559 1260 1590 ἱκανὸς
1276 1559 1368 1585 διιδεῖν
1383 1558 1406 1574 ²⁰
1419 1557 1474 1593 ὅπη
1490 1565 1521 1583 τε
1537 1556 1638 1591 σαθρὸν
1655 1556 1677 1572 ¹¹
1693 1555 1850 1589 φθέγγεται

1049 1607 1064 1633 ὀ
1082 1605 1170 1639 λόγος,
1187 1605 1235 1631 καὶ
1246 1605 1300 1639 ὅπη
1317 1604 1403 1638 ὑγιές.
1424 1604 1545 1639 Μαρῖνος
1564 1602 1593 1628 δὲ
1612 1602 1628 1628 ὁ
1648 1601 1772 1635 Πρόκλου
1785 1601 1850 1628 διά-

1048 1653 1135 1688 δοχος,
1160 1653 1175 1678 ὁ
1193 1652 1216 1668 ⁸³
1240 1651 1288 1678 καὶ
1311 1649 1448 1686 Ίσιδώρου
1477 1649 1560 1684 (μετὰ
1588 1648 1636 1674 καὶ
1658 1647 1758 1683 ἄλλων)
1788 1648 1848 1674 τῶν

1057 1697 1260 1734 Ἀριστοτέλους
1286 1697 1373 1731 λόγων
1401 1695 1572 1727 διδάσκαλος,
1595 1694 1746 1729 ὑπόμνημα
1764 1693 1849 1720 πολύ-

1049 1753 1140 1779 στιχον
1152 1745 1192 1776 είς
1206 1743 1322 1778 Φίληϐον
1338 1742 1471 1775 συντάξας
1485 1740 1532 1768 τοῦ
1547 1740 1701 1772 Πλάτωνος,
1716 1736 1794 1771 οὗτος
1805 1739 1848 1775 τῷ

1056 1790 1185 1827 Ἰσιδώρῳ
1201 1791 1323 1825 ἐντυχεῖν
1345 1797 1374 1816 τε
1390 1788 1430 1824 τῷ
1454 1787 1631 1822 ὑπομνήματι
1652 1786 1770 1817 κελεύει,
1795 1786 1847 1813 καὶ

1048 1838 1187 1872 ἐπικρῖναι
1209 1837 1233 1864 el
1254 1835 1398 1869 ἐξοιστέον.
1428 1834 1458 1861 Ὀ
1479 1833 1508 1860 δὲ
1529 1832 1662 1867 ἀναγνοὺς
1681 1831 1759 1859 οὐδὲν
1789 1832 1847 1858 ἀπ-

1050 1883 1188 1920 εκρύψατο
1204 1883 1259 1910 τῶν
1271 1882 1346 1918 αὐτῷ
1360 1880 1520 1912 δοκούντων,
1529 1880 1559 1906 οὐ
1574 1879 1665 1914 μέντοι
1678 1878 1738 1905 οὐδὲ
1752 1877 1843 1912 ἄμου-

200 1938 246 1957 σον
268 1930 358 1965 ἀφῆκε
389 1929 490 1964 φωνὴν.
506 1928 674 1956 τοσοῦτονδὲ
690 1928 771 1965 μόνον
788 1929 852 1965 ἔφη,
869 1930 949 1958 ίκανὰ
965 1929 1035 1959 εἶναι
1062 1932 1096 1959 τὰ
1119 1931 1167 1958 τοῦ
1185 1929 1355 1957 διδασκάλου.
1377 1929 1407 1956 Ὀ
1433 1927 1462 1955 δὲ
1492 1927 1616 1963 Μαρῖνος
1649 1925 1739 1957 συνεὶς
1773 1925 1844 1961 πυρὶ

198 1976 336 2012 διέφθειρε
349 1976 380 2003 τὸ
399 1976 512 2012 βιῦλίον.

235 2022 293 2050 Hoc
307 2022 388 2049 etiam
402 2022 531 2049 ac‘eteris
547 2020 714 2056 philosophis
730 2021 845 2049 distabat
862 2021 991 2056 lsidorus,

1086 2021 1242 2057 Ἐξαίρετον
1255 2020 1277 2046 δ’
1290 2017 1324 2053 ἦν
1338 2017 1412 2053 αὐτῷ
1423 2017 1499 2053 παρὰ
1513 2017 1577 2048 τοὺς
1591 2015 1687 2047 ἄλλους
1699 2015 1748 2042 καὶ
1760 2015 1842 2043 τοῦτο

199 2069 270 2103 quod
287 2075 340 2096 non
354 2068 412 2095 sola
429 2068 656 2103 syllogismorum
672 2068 698 2095 vi
712 2075 741 2095 se
756 2073 803 2095 aut
834 2076 899 2097 suos
911 2069 992 2097 vellet

1059 2068 1206 2102 ιιλοσόφους
1218 2076 1223 2081 ”
1235 2067 1285 2093 οὐκ
1305 2064 1434 2100 ἠϐούλετο
1450 2063 1639 2097 συλλογισμοῖς
1667 2061 1840 2096 ἀναγκάζειν

199 2114 338 2142 adhaerere
357 2114 465 2141 veritati
480 2122 488 2142 :
505 2121 624 2148 cumque
643 2114 743 2141 veritas
758 2122 810 2141 non
830 2122 883 2141 una
895 2115 988 2143 vidca-

1059 2114 1122 2141 ,όνον
1136 2112 1198 2139 οὔτε
1216 2111 1311 2139 ἐαυτὸν
1329 2110 1392 2137 οὒτε
1408 2109 1471 2141 τοὺς
1488 2107 1617 2139 συνόντας
1643 2107 1840 2134 ἐπακολουθεῖν

198 2167 242 2188 tur
262 2161 316 2192 via,
333 2160 441 2188 nolebat
457 2167 504 2187 eos
522 2160 638 2192 ratione,
655 2159 738 2187 veluti
755 2167 826 2188 caeca
840 2161 867 2188 in
886 2166 987 2189 rectam

1059 2161 1073 2195 ῇ
1090 2159 1204 2194 ἀληθείᾳ
1221 2158 1258 2193 μὴ
1279 2157 1407 2193 ὁρωμένη
1425 2156 1458 2188 ’³,
1475 2154 1546 2181 κατὰ
1563 2154 1629 2189 μίαν
1645 2152 1705 2179 ὁδὸν
1721 2153 1839 2187 πορεύε-

197 2208 267 2234 viam
283 2207 414 2237 duclrice,
428 2205 540 2241 impelli.
555 2205 608 2233 Sed
624 2206 787 2241 persuadere
804 2212 914 2241 semper
940 2206 987 2233 ad-

1060 2205 1104 2232 Θαι
1125 2204 1372 2238 συνελαυνομένους
1385 2202 1437 2229 ὑπὸ
1451 2201 1499 2228 τοῦ
1510 2200 1601 2234 λόγου,
1613 2196 1669 2226 οἷον
1683 2199 1803 2234 τυφλοὺς
1815 2200 1838 2216 ²⁴

197 2255 274 2282 nisus
296 2259 348 2286 est,
365 2258 393 2280 ct
414 2253 507 2280 oculos
530 2253 563 2279 ad
591 2253 709 2280 animam
734 2252 839 2280 referre
857 2261 864 2280 :
893 2257 940 2279 aut
962 2253 1001 2280 si‘

1059 2252 1090 2288 ὴν
1107 2251 1190 2287 ὀρθὴν
1203 2250 1354 2285 ἀγομένους
1376 2247 1508 2284 πορείαν·
1528 2245 1596 2273 ἀλλὰ
1617 2245 1722 2272 πείθειν
1737 2246 1839 2272 ἐσπού-

195 2300 328 2331 inessent,
347 2306 504 2334 repurgare.
522 2297 590 2326 Cum
610 2299 804 2332 imperatorum
823 2305 865 2326 res
894 2302 986 2333 gestas

1059 2298 1121 2330 αζεν
1146 2298 1190 2324 ἀεὶ
1207 2297 1254 2323 καὶ
1274 2295 1334 2331 ὄψιν
1362 2294 1495 2321 ἐντιθέναι
1519 2294 1553 2328 τῇ
1573 2292 1660 2327 ψυχῇ,
1682 2292 1786 2327 μᾶλλον
1808 2292 1838 2319 δὲ

194 2347 314 2375 scribere
324 2347 427 2381 jussus,
449 2346 593 2373 obsecutus
606 2349 648 2373 est
660 2353 668 2372 :
683 2346 716 2372 tle
730 2353 784 2380 quo
792 2351 874 2379 opere
884 2345 984 2377 dicam,

1059 2343 1153 2370 νοῦσαν
1183 2341 1380 2376 διακαθαίρειν.
1408 2337 1577 2374 Ὑπηρεσίαν
1607 2334 1741 2373 ἐτέλει,ᾖ
1767 2337 1838 2371 πρὸς

193 2393 265 2428 quod
290 2393 358 2424 scin.
371 2400 432 2419 cum
452 2399 484 2418 eo
502 2391 631 2426 perducta
648 2392 700 2418 erit
715 2392 824 2418 oratio:
854 2399 906 2418 non
924 2391 985 2418 dico

1059 2390 1121 2425 άχος
1146 2388 1312 2415 ἐπετέτακτο
1327 2387 1350 2403 ³⁵
1382 2386 1498 2422 γράφειν
1520 2385 1555 2412 τὰ
1577 2384 1632 2411 ὑπὸ
1655 2384 1710 2411 τῶν
1734 2384 1835 2419 ἀρχόν-

194 2427 284 2472 modo,
300 2439 376 2474 quasi
405 2446 437 2466 ne
463 2437 556 2465 audire
573 2437 681 2472 quidem
707 2437 859 2465 debuerim.
885 2437 983 2472 Neque

1059 2446 1092 2464 ων
1124 2434 1349 2472 προσταττόμενα
1369 2433 1404 2461 ⁸⁸.
1443 2432 1511 2467 Περὶ
1541 2427 1571 2458 οἷ’)
1607 2431 1663 2466 ἐρῶ
1690 2431 1763 2458 κατὰ
1787 2431 1835 2457 τὸν

194 2482 333 2516 Leontius,
351 2483 395 2518 qui
411 2484 511 2518 optinte
525 2482 609 2519 338
621 2483 635 2510 b
651 2482 701 2510 sibi
728 2482 880 2511 consultum
896 2488 973 2516 puta-

1059 2480 1187 2515 νούμενον
1199 2478 1288 2512 λόγον.
1303 2478 1336 2503 '0
1349 2476 1426 2509 εἰδὼς
1437 2477 1468 2502 οὺ
1482 2476 1563 2510 λέγω,
1590 2475 1629 2508 ὠς
1653 2475 1721 2511 μηδὲ
1751 2475 1835 2501 ἀκοί-

845 2541 960 2568 VARle
979 2538 1181 2568 LECTIONES.

227 2601 249 2617 ¹⁶
260 2601 368 2629 ἀνύτειν
385 2602 421 2629 B:
435 2601 560 2629 ἀνύττειν
576 2610 606 2633 ς.
660 2601 682 2617 ¹⁰
697 2601 744 2627 καὶ
769 2601 832 2630 add.
845 2602 878 2627 A.
931 2601 952 2616 ¹⁶
964 2600 1006 2628 Cf.
1027 2599 1126 2627 Suidas
1142 2607 1169 2626 v.
1186 2593 1411 2635 ii’lotp‘t’va¢_o§tqc_.
1466 2592 1830 2635 "_6_o§at‘cp&twv]_§pqu-

188 2645 242 2663 των
259 2636 357 2664 Suidas
369 2646 395 2665 ν.
412 2638 543 2699 Εὑρετέὲς.
580 2629 604 2656 ῖε
614 2635 754 2673 ἀλήθειαν]
766 2629 895 2672 ἀλήθειαν
908 2636 957 2662 καὶ
973 2635 1160 2670 ἀποκρύπτων
1173 2634 1210 2662 id.
1237 2629 1267 2673 "ft
1280 2633 1324 2659 (11⁷-
1335 2632 1434 2672 βυίιιοε
1445 2638 1471 2657 v.
1495 2629 1686 2664 Ἀγχίσπορος,
1704 2629 1831 2676 Ἀμήχα-

188 2680 244 2699 νον.
258 2672 422 2699 Πολυήκοος.
459 2673 482 2693 ιο
501 2673 507 2699 ἰ
525 2673 565 2698 εἴν
577 2671 674 2699 Suidas
690 2679 715 2698 v.
733 2671 875 2699 ιιοόσοιτο.
929 2671 951 2686 ’ί
965 2671 1065 2699 σαθρὸν
1079 2672 1101 2696 Α
1125 2677 1188 2696 cum
1215 2668 1316 2695 Sutda:
1332 2666 1470 2699 θησαυρὸν
1491 2674 1511 2698 ς
1538 2669 1719 2692 correxerunt
1745 2668 1830 2690 ett-Im

188 2680 244 2703 νονν
258 2672 422 2708 Πολυήκοοςι
452 2666 487 2708 ἰον
501 2666 565 2699 ἰδεῖν
577 2666 674 2699 ὃυὶίίιειέ
688 2679 715 2708 v.
733 2666 884 2708 ιίρόσὸιτο.Δ
929 2671 951 2686 ἰ
965 2666 1065 2708 σαθρὸν
1079 2672 1101 2696 Α
1125 2677 1188 2708 cum
1215 2668 1316 2708 Suida:
1332 2666 1478 2708 θησαυρὸν.
1491 2674 1511 2707 ς
1538 2669 1719 2708 correxerunt
1737 2666 1830 2708 getiam

191 2699 460 2734 lli-inslorliitsin's'ad
477 2707 579 2735 Pollnc.
592 2714 651 2740 vui,
667 2706 730 2738 104,
747 2699 775 2733 ἐι
793 2706 932 2739 Leichius,
947 2714 972 2740 p.
987 2699 1042 2732 Vl].
1093 2710 1115 2724 υ
1136 2705 1251 2730 alterum
1266 2704 1279 2729 ὁ
1299 2699 1402 2730 υιηξιι.
1425 2699 1430 2701 ’
1456 2700 1479 2717 ’³
1499 2700 1642 2736 ὁρωμένην
1663 2707 1695 2732 ς.
1737 2699 1759 2714 ⁸⁸
1781 2705 1830 2723 τυ-

693 2742 715 2762 "
727 2742 896 2769 ἀπετέτακτο
911 2743 943 2769 Α.
978 2744 1001 2760 ια
1014 2740 1188 2776 πραττόμενα
1212 2748 1242 2771 ς.

951 2786 1066 2815 ΝΟΤΛῖ.
1458 2818 1506 2820 ἣν
1547 2818 1558 2820 μ
1585 2818 1609 2820 ,,
1668 2817 1674 2820 .
1711 2815 1731 2820 ..
1769 2815 1774 2820 .

222 2825 261 2858 (3)
277 2826 362 2860 (Iiijits
380 2831 407 2852 ct
433 2825 516 2852 vitam
530 2824 649 2852 Marinus
664 2822 832 2859 Neapolitcs,
850 2832 909 2859 quae
930 2830 1030 2855 Chii“,
1054 2822 1216 2856 conscripsit
1228 2829 1287 2856 sup.
1306 2820 1365 2849 cod.
1385 2820 1444 2847 l8l.
1458 2818 1526 2846 Vide
1544 2818 1653 2846 Suidam
1668 2817 1694 2844 iu
1711 2815 1827 2843 Marino-

190 2743 257 2776 ᾳλοῦ
271 2752 342 2775 τινος
355 2743 437 2779 ὀρθὴν
450 2743 584 2778 ἀγομένου
611 2751 642 2775 ς.
