1919 3096
59 144 130 177 ιῇἰὸ

609 145 871 175 BlBLlOTIIECA.
880 158 913 162 -
926 144 1009 176 COD.
1026 147 1163 178 CCXLII.

1621 144 1688 176 1266

60 202 191 236 γώτατον,
204 201 245 227 ὅτι
263 200 356 235 φασὶν,
373 200 467 235 ἐπειδὴ
485 199 664 227 πεπτώκασιν
680 201 703 227 οἱ
728 200 849 236 μαχόμε-

914 206 1023 236 ntegras
1041 208 1134 230 noctes
1151 206 1178 230 et
1192 202 1261 234 dies,
1294 203 1362 230 nihil
1381 201 1533 229 viventibus
1545 201 1688 234 pugnando

56 255 107 279 νοι,
120 247 178 277 τοῖς
187 245 311 280 σώμασιν
319 245 494 277 ἀπειπόντες,
501 245 541 271 ἔτι
553 247 623 277 ταῖς,
634 246 734 281 ψυχαῖς
745 246 854 272 ἵσταντο

57 291 244 326 πολεμοῦντες
270 291 317 318 ἐπὶ
339 291 415 326 τρεῖς
441 291 549 326 ἡμέρας
575 290 640 322 ὅλας
670 291 717 317 καὶ
740 290 853 324 νύκτας,

56 338 136 364 οὐδὲν
149 337 204 364 τῶν
227 337 337 368 ζώντων
362 338 403 368 εἰς
424 336 520 370 ἀγῶνα
543 336 775 371 ἀπολειπόμενοι,
791 335 854 362 οὔτε

56 383 133 411 κατά
157 383 252 418 χεῖρας
278 381 341 408 οὔτε
365 381 437 408 κατά
454 381 550 416 θυμόν.
572 381 694 416 Ἑωρᾶτο
717 380 783 415 γοῦν
806 381 854 408 καὶ

57 428 178 464 ἠκούετο
192 429 227 456 τὰ
237 427 336 454 εἴδωλα
351 427 406 454 τῶν
420 426 513 462 ψυχῶν
526 426 726 462 ἀντιφερόμενα
735 427 782 453 καὶ
797 428 854 458 τοῖς

55 475 154 506 ὅπλοις
175 473 412 508 ἀντιπαταγοῦντα
424 473 460 500 ⁸³.
475 472 530 499 Καὶ
546 473 649 507 ἀρχαῖα
673 471 701 499 δὲ
716 471 785 499 ἄλλα
800 480 855 499 τοι-

56 520 131 548 αὔτα
159 521 290 554 φάσματα
319 519 342 535 εδ
369 519 496 554 πολέμων
527 518 608 554 μέχρι
638 518 685 544 νῦν
709 518 854 552 φαίνεσθαί

57 576 128 602 φησι
137 567 173 598 ⁸⁸,
189 565 260 601 πλὴν
274 567 316 592 ὃτι
336 564 424 592 ταῦτα
437 564 474 591 τὰ
492 565 515 580 ⁸⁸
529 564 578 600 μὲν
592 563 670 596 ἄλλα,
686 565 736 591 ὅσα
753 563 855 596 ζῶντες

57 613 200 648 ἄνθρωποι
225 612 298 638 κατά
324 611 443 646 πόλεμον
468 610 587 646 δρῶσιν,
613 610 691 637 οὐδὲν
717 610 853 645 ὑστερεῖν,

57 657 231 694 φθέγγεσθαι
240 658 268 684 δὲ
284 657 345 684 οὐδὲ
358 657 380 673 ⁶¹¹
394 657 440 683 ἐπὶ
451 655 560 692 μικρόν.
573 655 628 683 Καὶ
639 655 668 682 ἓν
685 655 734 691 μὲν
746 655 856 690 ἐπιφαί-

56 705 155 732 νεσθαι
176 703 240 731 ὲν⁸⁸
254 703 294 739 τῷ
315 703 381 738 περὶ
400 703 504 737 Σόγδαν
514 703 538 719 ⁶⁹
562 703 628 729 ποτὲ
649 701 750 737 λίμνην
771 701 855 729 οὖσαν

57 750 156 785 πεδίῳ,
169 749 314 784 φαίνεσθαι
338 749 360 775 δ’
375 749 428 776 ὑπὸ
440 749 491 783 τὴν
506 748 544 775 ἔω
555 748 592 779 ζτδ
602 748 626 764 ⁷⁸
640 748 745 783 φάσμα,
766 747 855 782 φωτὸς

56 797 111 832 ήδη
129 796 197 832 [555
213 795 260 832 H.]
276 796 326 832 τὴν
342 796 395 831 γῆν
411 795 627 830 ὑπαυγάζοντος,
642 794 769 830 δεύτερον
784 795 807 821 δ’
824 795 854 821 ἐν

59 841 198 876 Κούρσοις
222 841 243 857 ⁷⁸
266 841 358 876 χωρίῳ
371 841 396 857 ⁴¹¹
421 840 472 875 τῆς
497 839 620 876 Καρίας·
641 840 670 866 ὲν
689 838 776 875 τούτῳ
800 839 854 874 γὰρ

59 867 208 922 βαίνεσθαι
222 886 253 912 οὐ
267 867 331 913 ζωὸν
344 867 470 920 εκάστην
491 867 611 920 ἡμέραν,
624 884 682 911 ἁλλ’
697 867 783 911 ἐνίοτε
797 867 855 911 διαὶ
871 867 893 897 Β

906 244 1060 276 inferiores,
1091 253 1180 280 neque
1212 246 1348 277 manibus,
1376 253 1463 280 neque
1494 244 1595 271 animo.
1619 243 1688 271 Visae

905 289 988 324 igitur
1010 295 1036 318 et
1057 290 1156 318 audita
1178 291 1329 317 animarum
1357 290 1451 317 forma:
1472 293 1633 324 pugnantes,
1659 292 1688 316 et

906 336 991 363 armis
1006 341 1168 371 strepentes,
1185 340 1212 363 et
1226 337 1362 371 antiquas,
1379 335 1536 370 similesque
1555 335 1686 362 bellorum

904 380 988 408 facies
998 380 1023 408 in
1034 381 1105 408 hunc
1118 381 1374 416 usquediemvideri
1387 381 1473 412 aiunt,
1485 380 1535 406 nisi
1546 379 1616 413 quod
1628 386 1688 406 om-

906 426 949 453 nia
968 427 1011 453 illa
1026 426 1160 460 faciendo,
1172 434 1232 462 qua
1245 426 1297 454 vivi
1310 426 1434 453 homines
1445 425 1569 452 bellando
1585 423 1687 456 solent,

906 478 941 498 ne
955 478 1068 506 parvam
1084 471 1194 506 quidem
1207 472 1288 498 edere
1310 477 1403 498 vocem
1421 469 1538 505 possint,
1565 473 1593 496 et
1606 475 1690 496 unum

905 521 1042 550 spectrum
1057 516 1164 550 quidem
1178 516 1263 543 videri
1288 515 1314 542 in
1324 520 1419 549 campo
1430 515 1507 548 juxta
1523 514 1625 541 Sudam
1641 512 1690 548 [αι.

906 561 1033 598 Soedam]
1047 581 1054 593 ,
1070 562 1188 596 quiolim
1207 561 1282 597 palus
1296 561 1346 588 fuit
1360 571 1367 589 :
1386 561 1469 588 videri
1494 564 1583 587 autem
1612 566 1692 586 mane

906 607 1052 639 visionem,
1066 614 1164 634 aurora
1188 606 1245 641 jam
1264 611 1364 634 terram
1377 606 1541 634 illustrante.
1566 605 1692 632 Secundo

906 652 932 679 in
945 651 1029 680 Gubis
1044 659 1140 687 campo
1158 651 1254 679 Cariae.
1272 651 1311 680 Ibi
1336 652 1408 679 enim
1427 658 1479 679 non
1494 650 1624 685 quotidie,
1645 650 1691 677 sed

906 698 1041 725 interdum
1067 697 1204 732 aliquibus
1225 697 1331 729 diebus,
1362 704 1412 725 nec
1427 696 1481 725 illis
1492 696 1586 728 certis,
1620 695 1693 722 circa

905 742 1095 777 crepusculum
1119 743 1284 770 matutinum
1314 749 1411 769 aurora
1436 741 1553 773 oriente,
1570 740 1597 767 in
1630 745 1694 767 aere

906 787 1059 822 frequentia
1070 788 1223 815 animarum
1239 791 1347 822 spectra
1361 787 1517 814 umbrarum
1530 785 1614 821 ﬁgura
1624 784 1695 811 inter

907 841 937 862 se
947 834 1096 870 pugnantia
1111 834 1207 862 videri.
1219 834 1251 861 Et
1263 838 1356 861 nostra
1369 837 1529 868 tempestate
1543 831 1619 859 multi
1633 837 1696 858 nar-

907 885 1001 908 rarunt
1019 880 1142 907 homines
1155 881 1231 907 bona:
1247 879 1319 912 lidei,
1332 879 1407 913 juxta
1420 878 1542 906 Siciliam
1559 877 1586 904 in
1595 883 1691 910 campo

59 933 194 960 λείποντα
208 932 303 965 ὀλίγας
318 933 405 964 τινὰς,
416 931 477 958 οὐδὲ
491 931 648 966 ὡρισμένας
658 931 682 947 ⁷⁸
697 939 729 965 γε
741 930 855 963 ταύτας,

913 927 1045 954 nominato
1055 925 1161 962 34.οο
1177 924 1366 960 Tetrapyrgio,
1381 929 1408 951 et
1422 925 1448 951 in
1462 923 1523 950 aliis
1535 931 1587 950 non
1600 921 1696 957 paucis

60 977 127 1012 περὶ
147 977 248 1013 ὄρθρον
277 977 329 1009 ἕως
344 977 420 1012 ἡλίου
439 976 569 1012 λαμπρᾶς
586 976 719 1011 ἀνατολῆς
739 977 769 1002 έν
795 976 857 1010 ἀέρι

913 973 974 1001 locis
991 973 1076 999 videri
1097 972 1217 1006 equitum
1241 970 1422 1006 pugnantium
1438 968 1596 1001 simulacra,
1610 967 1692 1002 idque

60 1023 244 1058 διαφοιτῶντα
271 1023 365 1058 ψυχῶν
394 1023 462 1050 ἄττα
492 1022 612 1057 σκιοειδῆ
641 1022 822 1056 φαντάσματα
835 1021 858 1037 ’δ

913 1019 1026 1047 maxime
1041 1018 1145 1045 astatis
1173 1022 1302 1052 tempore,
1327 1023 1389 1043 cum
1420 1014 1632 1043 ardentissimus
1652 1018 1696 1041 est

61 1068 237 1103 πολεμοῦντα
254 1068 390 1103 ἀλλήλοις.
406 1069 462 1095 Καὶ
477 1069 506 1095 έν
518 1068 575 1098 τοῖς
590 1067 651 1094 καθ’
663 1067 739 1104 ἡμᾶς
754 1067 782 1094 δὲ
796 1067 859 1102 χρό-
910 1065 1047 1093 meridies.

61 1123 118 1147 νοις
132 1115 226 1142 πολλοὶ
240 1115 417 1150 διηγήσαντο,
435 1113 483 1149 οὑχ
494 1111 546 1140 οἷοί
560 1120 590 1139 τε
604 1103 851 1147 ὅντεςνψεύδεσθαι,
873 1112 944 1140 κατὰ
960 1111 1085 1139 Σικελίαν
1106 1111 1135 1137 ὲν
1167 1108 1206 1144 τῷ
1225 1107 1363 1144 λεγομένῳ
1381 1107 1464 1141 πεδίῳ
1504 1103 1699 1141 τετραπυργίῳ

61 1161 111 1189 καὶ
127 1162 158 1188 ὲν
173 1161 263 1192 ἄλλοις
277 1149 327 1187 οὐκ
343 1160 445 1193 ὀλίγοις
470 1159 555 1194 αὐτῆς
565 1158 588 1174 ⁷⁵
605 1158 718 1193 μέρεσιν
741 1158 855 1193 ὁρᾶσθαι
876 1156 998 1184 ἱπποτῶν
1013 1155 1151 1191 πολεμίων
1168 1153 1370 1181 ἐπελαυνόντων
1386 1151 1528 1187 φάσματα,
1549 1149 1620 1177 κατά
1649 1150 1696 1176 τὸν

61 1207 109 1235 τοῦ
128 1207 225 1243 θέρους
243 1207 360 1242 μάλιστα
376 1207 484 1240 καιρὸν,
501 1205 674 1241 μεσημϐρίας
691 1205 827 1241 σταθηρᾶς
835 1205 858 1221 ⁷⁸
877 1205 1033 1240 ἱσταμένης.

99 1253 163 1280 Ὅτι
185 1252 232 1279 τὸν
246 1252 366 1287 Σεόήρου
382 1250 405 1267 ⁷⁷
425 1251 508 1277 ἵππον
527 1250 595 1286 φησὶ
610 1250 764 1286 (Ῥωμαῖος
785 1248 807 1276 δ’
820 1247 855 1285 ἦν

945 1249 1038 1278 Severi
1052 1255 1138 1284 equus
1155 1247 1211 1284 (qui
1225 1247 1365 1275 Romanus
1384 1249 1453 1277 erat,
1477 1252 1552 1279 spem
1582 1243 1698 1271 faciente

62 1296 162 1333 οὗτος,
187 1299 236 1326 καὶ
262 1297 405 1332 ’Δνθεμίου
432 1296 619 1332 παρασχόντος
643 1296 754 1327 ἐλπίδας
776 1295 814 1327 ὡς
839 1295 856 1331 ή

913 1293 1065 1325 Anthemio,
1081 1292 1193 1319 Romam
1209 1297 1332 1318 eversam
1354 1290 1451 1316 iterum
1468 1295 1516 1322 per
1540 1287 1626 1322 ipsum
1639 1287 1694 1314 eri-

68 1344 167 1380 Ῥώμη
192 1343 313 1371 πεσοῦσα
343 1343 423 1370 πάλιν
444 1342 478 1368 δι’
494 1340 577 1368 αὐτοῦ
602 1341 795 1376 ἀναστήσεται,
811 1340 857 1366 ἐπὶ

913 1339 1026 1374 gendam
1044 1338 1171 1369 Romam,
1188 1336 1242 1363 hac
1264 1342 1312 1369 spe
1326 1341 1388 1361 cum
1414 1333 1489 1368 prius
1516 1332 1697 1363 discessisset,

70 1390 195 1426 Ῥώμην,
205 1389 308 1423 ταύτης
318 1388 566 1424 προαναχωρήσας,
579 1387 701 1422 ἐπανῆκε
716 1386 763 1413 καὶ
773 1386 857 1422 τιμῆς

913 1393 1037 1415 reversus
1049 1385 1218 1413 consulatum
1235 1382 1358 1417 adeptus)
1375 1390 1383 1409 τ
1399 1380 1479 1415 hujus
1493 1380 1576 1415 igitur
1602 1387 1698 1413 equus,

65 1437 204 1471 ὑπατικῆς
215 1434 317 1470 ἔτυχε),
338 1435 433 1461 τούτου
447 1434 538 1461 τοίνυν
548 1434 562 1460 6
577 1433 669 1466 ἵππος,
684 1429 706 1467 ᾧ
718 1432 753 1459 τὰ
771 1431 859 1459 πολλά

913 1440 966 1469 quo
979 1431 1091 1459 multum
1108 1438 1172 1458 usus
1188 1435 1240 1462 est,
1253 1434 1383 1456 tractatus
1404 1426 1537 1454 scintillas
1553 1433 1567 1454 e
1583 1432 1697 1460 corpore

67 1484 166 1519 ἐχρῆτο
180 1502 187 1515 ,
218 1481 374 1517 ψηχόμενος
400 1479 553 1516 σπινθῆρας
577 1479 632 1506 ἀπὸ
655 1478 703 1505 τοῦ
734 1478 860 1514 σώματος

914 1478 1022 1510 multas,
1036 1481 1065 1504 et
1077 1483 1192 1510 magnas
1207 1474 1300 1509 eiecit,
1320 1474 1404 1501 donec
1417 1472 1455 1499 illi
1483 1476 1637 1506 portentum
1652 1471 1703 1497 hoc

68 1528 182 1559 πολλοὺς
189 1536 221 1554 τε
230 1528 277 1554 καὶ
293 1526 427 1562 μεγάλους
437 1526 523 1560 ἠφίει,
534 1525 587 1557 ἕως
597 1524 671 1559 αὐτῷ
685 1524 715 1550 τδ
725 1525 808 1559 τέρας
820 1524 860 1555 εἰς

914 1524 947 1551 ad
960 1522 1134 1551 consularem
1148 1520 1309 1555 dignitatem
1328 1518 1420 1545 Roma:
1440 1517 1515 1544 illum
1530 1516 1620 1544 evexit
1633 1516 1701 1551 (ll).

67 1575 116 1611 τήν
127 1573 264 1609 ὑπατικὴν
279 1561 367 1608 ἀρχὴν
376 1573 405 1598 έν
414 1573 447 1607 τῇ
461 1571 556 1607 Ῥώμῃ
570 1569 725 1605 κατηνύσθη
736 1569 768 1597 ⁷⁸.
783 1569 861 1596 Ἀλλὰ

914 1568 968 1596 Sed
981 1573 1009 1596 et
1022 1566 1131 1595 Tiberio
1144 1566 1251 1598 asinus,
1267 1569 1297 1592 ut
1312 1564 1395 1592 refert
1412 1562 1576 1590 Plutarchus
1591 1561 1702 1589 Charo-

68 1620 117 1647 καὶ
127 1619 248 1655 Τιϐερίῳ
261 1618 331 1650 ὖνος,
340 1618 378 1649 ὡς
389 1617 564 1655 Πλούταρχος
573 1616 587 1642 6
596 1614 754 1651 Χαιρωνεύς
767 1622 860 1649 φησιν,

69 1665 109 1692 ἔτι
124 1653 260 1700 μειρακίῳ
274 1664 332 1696 ὁντι
346 1664 392 1690 καὶ
419 1653 448 1689 ὲν
465 1661 557 1697 Ῥώδῳ
572 1661 619 1688 ἐπὶ
639 1661 728 1694 λόγοις
752 1661 862 1695 ῥητορι-

70 1712 128 1742 κοῖς
154 1709 321 1745 διατρίϐοντι
337 1709 416 1745 μοιι
433 1708 492 1744 IL],
512 1707 562 1743 τὴν
589 1706 728 1743 βασιλείαν
746 1706 791 1733 διὰ
815 1705 862 1732 τοῦ

71 1755 154 1783 αὐτοῦ
167 1756 192 1772 τ’
213 1755 375 1790 παθήματος
390 1755 593 1790 προεμήνυσεν.
614 1752 696 1780 Ἀλλὰ
712 1751 826 1779 καὶτῶν
840 1752 864 1768 ⁸⁸

71 1802 139 1837 περὶ
165 1800 290 1828 ’Δττίλαν
307 1800 355 1827 ἕνα
376 1799 440 1826 ὄντα
465 1800 512 1826 τὸν
531 1797 679 1833 Βαλίμεριν
700 1798 722 1814 ⁸⁸
741 1798 795 1824 ἀπὸ
817 1797 864 1824 τοῦ

71 1848 172 1875 οικείου
189 1846 315 1881 σώματος
332 1845 504 1873 ’ἀποπάλλειν
533 1844 701 1880 σπινθῆραςσ
717 1845 731 1871 6
752 1844 780 1870 δὲ
802 1841 836 1879 ἦν
851 1843 865 1869 6

73 1891 221 1929 Βαλίμερις
246 1891 409 1927 Θευδερίχου
427 1891 538 1926 πατὴρ,
566 1890 600 1922 ὃς
621 1889 712 1916 νῦντὸ
736 1889 865 1924 μέγιστον

73 1938 130 1974 ἔχει
148 1938 250 1974 κράτος
269 1937 384 1969 Ἰταλίας
408 1939 498 1972 πάσης
512 1937 546 1962 ⁸⁸.
572 1936 655 1970 Λέγει
678 1934 706 1961 δὲ
734 1935 781 1961 καὶ
802 1934 866 1969 περὶ

74 1983 172 2011 ἑαυτοῦ
189 1984 204 2009 6
224 1982 399 2018 συγγραφεὺς
425 1982 464 2014 ὼς
482 1982 537 2009 Kal
556 1980 622 2015 ἐμοὶ
642 1979 814 2014 ἐνδυομένῳ
835 1987 866 2005 τε

73 2029 123 2056 καὶ
133 2028 314 2063 ἐκδυομένῳ,
328 2029 355 2055 εὶ
371 2027 421 2054 καὶ
443 2027 574 2054 σπάνιον
590 2025 679 2053 τοῦτο
692 2025 863 2059 συμϐαίνει,

74 2074 235 2110 συμϐαίνει
245 2074 272 2101 δ’
283 2072 340 2101 οὖν
350 2073 520 2107 σπινθῆρας
528 2070 690 2105 ἀποπηδᾶν
701 2070 866 2103 ἐξαισίους,

75 2121 139 2148 ἔσθ’
156 2120 207 2147 ὅτε
223 2121 273 2148 καὶ
287 2121 403 2148 κτύπον
413 2119 612 2154 παρέχοντας,
628 2118 724 2144 ἐνίοτε
739 2116 772 2143 δὲ
783 2117 807 2132 ⁸³
818 2115 869 2142 καὶ

75 2167 193 2202 φλόγας
209 2167 283 2200 ὅλας
298 2166 505 2201 καταλάμπειν
520 2165 554 2192 τὸ
569 2164 697 2199 ἱμάτιον,
712 2163 752 2196 μὴ
764 2162 869 2198 μέντοι

77 2214 235 2247 ποιούσας.
250 2214 305 2240 Καὶ
321 2214 352 2240 τὸ
367 2213 450 2249 τέρας
476 2213 583 2247 ἀγνοεῖν
606 2212 646 2242 είς
669 2210 684 2236 ὃ
698 2209 868 2244 τελευτήσει,

79 2259 143 2287 ἰδεῖν
170 2260 201 2287 δὲ
226 2260 301 2294 λέγει
331 2260 379 2286 καὶ
402 2258 546 2294 ἄνθρωπόν
573 2265 635 2284 τινα
666 2255 721 2282 ἀπὸ
747 2255 798 2289 τῆς
824 2262 870 2281 κε-

79 2306 167 2341 φαλῆς
195 2305 310 2340 ἀφιέντα
343 2303 496 2339 σπινθῆρας
511 2323 518 2335 ,
547 2302 615 2329 ἀλλά
638 2301 687 2328 καὶ
717 2301 804 2335 φλόγα
825 2300 872 2326 ἀν-

80 2351 214 2384 άπτοντα,
229 2351 274 2378 ὅτε
291 2350 422 2386 βούλοιτο,
439 2350 538 2384 ἱματίῳ
551 2348 605 2375 τινὶ
621 2348 715 2383 τραχεῖ
734 2353 871 2381 παρατρι-

80 2398 209 2434 ϐομὲνης.
226 2398 345 2425 Ἤλαυνε
360 2397 405 2424 τὸν
421 2396 514 2427 ἵππον,
530 2396 591 2422 ὅσον
607 2392 663 2429 εἶχε
676 2393 775 2428 τάχους
786 2400 794 2408 ⁸
814 2389 872 2426 εἶχε

82 2445 109 2471 δὲ
122 2445 177 2471 τῶν
192 2443 281 2472 ἄλλων
295 2443 477 2478 ἐνδεέστερον.
498 2441 558 2468 Τῶν
576 2439 723 2468 πολιτικῶν
739 2437 872 2473 πραγμά-

84 2500 138 2519 των
150 2490 307 2526 ἀποτυχὼν,
321 2490 368 2516 ὲπὶ
386 2489 432 2516 τὸν
449 2488 559 2524 ἡσύχιον
573 2488 620 2513 καὶ
632 2486 800 2522 ἀπράγμονα
815 2483 872 2519 βίον

914 1615 1016 1648 nensis,
1037 1614 1125 1642 adhuc
1150 1612 1242 1647 juveni
1257 1631 1265 1642 ,
1279 1615 1307 1638 et
1327 1611 1354 1637 in
1381 1609 1477 1636 Rhodo
1489 1615 1600 1643 operam
1629 1607 1703 1634 danti

913 1659 1085 1694 eloquentiae,
1098 1658 1241 1692 imperium
1252 1656 1347 1684 eodem
1362 1659 1458 1682 eventu
1471 1652 1701 1688 prmsigniticavit.

916 1704 971 1732 Sed
988 1709 1016 1732 et
1031 1703 1184 1731 Balemerin
1208 1709 1290 1729 unum
1304 1708 1338 1727 ex
1365 1699 1455 1726 Attila:
1479 1697 1576 1725 aulicis
1594 1697 1628 1724 de
1653 1704 1703 1724 suo

916 1756 1031 1785 corpore
1045 1749 1145 1784 jecisse
1158 1746 1306 1775 scintillas.
1322 1745 1371 1772 llic
1388 1743 1538 1772 Balemeris
1563 1747 1639 1777 pater
1654 1741 1704 1768 fuit

916 1792 1079 1826 Theoderici
1095 1796 1165 1830 ejus,
1188 1794 1232 1828 qui
1258 1799 1330 1820 nunc
1353 1799 1488 1819 summum
1518 1790 1600 1818 totius
1622 1789 1704 1816 Italiae

917 1842 1059 1877 imperium
1079 1845 1161 1869 tenet.
1178 1839 1248 1868 Dicit
1262 1845 1350 1866 autem
1360 1838 1442 1866 ctiam
1456 1838 1489 1864 de
1497 1837 1588 1871 seipso
1596 1841 1702 1864 auctor:

917 1889 1004 1916 Etiam
1030 1888 1094 1915 mihi
1119 1894 1180 1914 cum
1197 1890 1225 1913 et
1239 1885 1349 1918 induor,
1365 1889 1393 1912 et
1407 1891 1492 1912 exuor
1505 1903 1512 1916 ,
1528 1882 1578 1910 etsi
1600 1881 1627 1908 id
1642 1888 1704 1908 raro

917 1933 1062 1960 admodum
1085 1931 1197 1963 accidit,
1224 1930 1324 1958 accidit
1348 1935 1449 1961 tamen,
1464 1932 1494 1955 ut
1523 1927 1648 1954 scintilla:
1663 1927 1705 1954 iu-

918 1984 1011 2013 gentes
1026 1977 1163 2009 exsiliant,
1180 1975 1328 2011 aliquando
1357 1982 1418 2002 cum
1446 1974 1546 2007 sonitu,
1569 1973 1704 2000 interdum

918 2023 1000 2050 etiam
1013 2020 1128 2048 ﬂammae
1137 2021 1250 2055 integra:
1263 2024 1366 2047 vestem
1378 2019 1525 2052 illustrem,
1536 2018 1603 2045 nihil
1615 2023 1705 2045 tamen

918 2072 1045 2098 exurant.
1062 2071 1090 2094 et
1115 2074 1145 2094 se
1165 2066 1291 2100 ignorare
1312 2073 1367 2100 quo
1388 2066 1439 2093 hoc
1461 2069 1618 2099 portentum
1646 2068 1705 2090 ten-

919 2114 1005 2140 deret.
1020 2111 1128 2139 Vidisse
1140 2118 1169 2138 se
1180 2111 1217 2138 ait
1234 2115 1262 2138 et
1275 2110 1412 2138 hominem
1430 2109 1573 2144 quemdam
1588 2115 1603 2136 ο
1621 2108 1709 2142 capite

919 2157 1050 2185 scintillas
1072 2157 1253 2189 evibrautem,
1281 2160 1309 2182 et
1325 2155 1472 2189 ﬂammam,
1502 2161 1563 2181 cum
1587 2153 1678 2184 vellet,
1693 2159 1709 2178 e

922 2205 1011 2240 capite
1025 2207 1100 2232 veste
1125 2203 1264 2238 asperiore
1277 2202 1371 2228 attrito
1394 2201 1570 2228 excitantem.
1600 2197 1710 2232 Impulit

925 2258 1023 2286 equum
1047 2256 1128 2284 quam
1147 2249 1235 2283 potuit
1269 2247 1421 2278 celerrime,
1451 2245 1567 2280 inuliguit
1597 2249 1624 2271 et
1649 2243 1709 2270 aliis

925 2296 1016 2324 rebus.
1037 2294 1203 2329 Reipublicae
1240 2291 1477 2320 administratione
1507 2289 1650 2320 excideris,
1677 2288 1710 2314 ad

924 2342 1046 2376 quietam
1061 2340 1231 2373 otiosamque
1244 2338 1327 2365 vitam
1352 2343 1381 2364 se
1396 2334 1522 2368 contulit,
1542 2334 1605 2361 odio
1618 2340 1711 2361 eormn

924 2387 969 2421 qui
984 2386 1011 2413 in
1022 2384 1160 2420 republica
1172 2383 1279 2411 molesti
1289 2386 1375 2409 erant.
1389 2380 1530 2408 Venerunt
1538 2379 1571 2406 ad
1580 2378 1711 2406 Severum

927 2430 1109 2459 Brachmauni
1123 2429 1200 2465 juxta
1214 2426 1418 2458 Alexandriam,
1434 2430 1462 2452 et
1472 2424 1582 2459 proprio
1594 2422 1713 2457 hospitio

928 2479 987 2506 illos
998 2480 1026 2504 et
1050 2475 1142 2504 debito
1161 2473 1235 2502 cultu
1262 2472 1391 2506 suscepit.
1416 2470 1449 2498 Hi
1472 2471 1506 2498 de
1529 2469 1618 2505 gentis
1640 2475 1713 2496 more

722 2549 837 2578 VARIE
856 2544 1059 2575 LECTIONES.

136 2613 159 2629 ⁶¹
170 2612 263 2643 ὅπλοις
276 2611 324 2639 καὶ
336 2611 396 2638 ἀντ.
411 2611 444 2637 Δ.

89 2653 110 2669 ι’
129 2648 230 2682 Σόγδαν
245 2648 267 2674 Δ
285 2656 292 2674 :
314 2646 414 2673 Σούδαν
429 2654 459 2677 ς.

88 2686 111 2703 ⁷⁸
138 2677 225 2716 αὐτῆς
241 2683 261 2708 A
296 2689 303 2707 :
326 2682 417 2712 αὐτοῖς
432 2689 462 2712 ς.
500 2680 522 2695 ⁷⁵
538 2678 746 2716 σταθῃρᾷςριιι.
771 2677 804 2703 Α.

90 2755 129 2780 At
143 2754 189 2780 τὸν
200 2748 243 2785 ς(
281 2752 303 2768 ¹¹
317 2748 468 2787 Βαλέμεριν
485 2759 515 2782 ς.
561 2749 584 2765 θ’
601 2748 710 2782 ἁπάσης
733 2755 764 2779 ς.

497 2609 519 2625 ⁸⁸
532 2608 715 2643 φαντάσματα
730 2615 777 2643 ῖς.
803 2605 836 2643 _‘_'
853 2612 917 2637 φασι
933 2612 972 2643 ς...
1002 2605 1026 2616 ⁵³
1039 2605 1073 2643 τὰ
1084 2605 1189 2643 θρα.θί
1221 2605 1322 2643 ’ἮὩΟΗΟΞ
1343 2605 1376 2643 ιιιἱ

497 2645 520 2660 το
532 2631 715 2670 etiam?”
725 2631 870 2670 τιᾬούεοιξ
882 2647 911 2670 ς.
937 2631 973 2653 ’τι
987 2636 1086 2671 χῳρίον
1096 2635 1128 2671 Α,
1164 2633 1187 2648 ⁷³
1201 2631 1231 2658 οὐ
1245 2631 1496 2671 διιιξριςμέχαςςτμ

842 2661 869 2690 π
882 2661 1018 2707 ξεῦήροδ]
1029 2661 1155 2707 ⁵Τιϐερίου
1168 2673 1195 2694 et
1209 2674 1271 2707 {nox
1287 2661 1536 2707 t'itplét'l‘iustatltius
1545 2661 1581 2707 ad
1598 2661 1712 2707 “hu-rp:

90 2709 169 2746 ltum.
181 2709 246 2750 5i3,
259 2717 291 2744 ὗε
304 2717 380 2749 cuius
393 2709 512 2742 errorem
528 2709 634 2741 notavi't'
647 2712 781 2743 Leichius,
795 2719 821 2745 p.
832 2709 891 2736 XV.
929 2709 952 2723 "‘
965 2709 993 2733 ὲν

93 2755 106 2771 Δ
121 2763 127 2769 -
143 2754 189 2771 ηλυ
200 2761 221 2771 .-
281 2752 303 2768 n
317 2751 468 2771 ηηὶιιιειιω
485 2759 514 2771 ι-.
561 2749 584 2765 θ’
601 2748 710 2771 ἁπάσης
733 2755 764 2771 ς.
817 2745 840 2761 ⁸³
851 2744 879 2771 δὲ
894 2751 949 2771 om.
966 2743 999 2768 Α.

1002 2600 1026 2616 ⁶⁶
1039 2600 1073 2626 τὰ
1084 2598 1146 2626 add.
1156 2597 1189 2625 A.
1227 2595 1248 2612 ⁵⁷
1260 2595 1322 2622 οὐδέ
1343 2593 1383 2620 At
1400 2593 1450 2620 οὐκ
1461 2601 1490 2625 ς.
1529 2591 1551 2607 ⁸³
1565 2592 1592 2617 ὲν
1603 2590 1664 2617 add.
1678 2589 1710 2614 Λ.

1505 2628 1527 2643 "'
1538 2626 1669 2661 φάσματα
1681 2632 1700 2655 ς

929 2694 1108 2741 τ’έΓὲῖέιῑῶμξ
1117 2694 1284 2738 κατηνύσθαι
1365 2699 1388 2715 ⁷⁸
1399 2698 1480 2724 αὑτοῦ
1495 2705 1550 2724 υιιι.
1565 2696 1598 2722 Δ.
1623 2695 1646 2710 ⁸ο
1661 2694 1715 2720 τῶν

845 2798 961 2828 NOTAE.

127 2856 193 2897 (tl).
202 2855 288 2890 Quem
305 2853 407 2883 Tiberii
425 2853 491 2888 imp.
512 2852 611 2884 Vitam,
629 2851 677 2880 sed
695 2857 754 2885 qua:
782 2847 930 2879 intercidit,
946 2843 1139 2879 conscripsisse
1159 2842 1243 2870 refert
1255 2840 1281 2868 in
1294 2838 1422 2872 Catalogo
1433 2833 1570 2870 Lamprid.
