1919 3096
217 112 284 145 1267

793 113 925 144 ΡΗΟΤΙΙ
941 113 1193 145 ΡΛΤΗΙΛΒεΗίΕ
1207 113 1262 143 CP.

1765 110 1834 143 1268

215 168 286 198 domi
319 167 464 195 admodum
481 168 600 204 graviter
626 168 762 203 vixerant,
787 177 876 205 neque
902 170 996 198 balnea

1055 169 1193 204 ἐτράπετο,
1222 168 1297 203 μίσει
1323 167 1378 194 τῶν
1392 168 1421 194 ἐν
1441 168 1473 202 τῇ
1496 166 1619 202 πολιτείᾳ
1643 166 1835 202 δυσχερασμά-

215 214 332 249 publici,
353 220 438 248 neque
457 219 633 247 conspectum
659 214 742 241 ullum
763 214 898 242 urbanum
922 223 997 250 qum-

215 263 316 290 rvnles,
332 259 379 284 sed
393 263 535 286 externum
556 266 637 287 omne
654 259 790 294 fugerunt.
815 260 998 288 Comedebant

218 303 323 337 palmas
336 307 363 329 et
376 309 499 337 oryzam,
512 310 609 338 aquam
631 303 769 332 bibebam.
789 304 875 331 Erant
889 304 928 332 illi
945 313 996 332 non

214 357 229 374 e
248 348 456 382 Brachmannis,
469 349 514 383 qui
532 349 558 375 in
581 350 717 377 montibus
731 351 841 385 degunt,
863 358 951 386 neque
964 359 997 378 ex

213 393 298 425 indis,
313 395 357 428 qui
373 394 454 420 urbes
478 394 620 422 incolunt:
642 396 689 422 sed
703 399 880 431 utrorumque
913 397 996 424 vitam

213 446 325 473 prorsus
337 439 524 473 sectabantur,
541 439 788 467 Brachmannorum
803 440 901 477 mh
929 441 997 476 apud

215 483 342 517 populum
358 484 476 518 negotia,
493 484 514 512 si
545 485 642 518 quibus
668 485 832 518 indigerent,
861 490 890 513 et
908 485 998 520 populi

214 529 283 563 apud
314 529 517 557 Bracbmaunos
541 535 717 565 peragentes.
747 531 877 558 Dixerunt
899 531 938 558 illi
965 531 999 559 de

213 572 412 602 Brachmannis
423 575 570 607 montanis,
581 582 748 610 qumcunque
763 576 795 603 de
808 576 840 604 iis
851 577 999 611 scriptores

215 618 355 653 divulgant
372 627 378 645 :
398 618 499 646 imbres
518 620 644 654 precibus
667 620 726 648 illos
742 625 843 654 petere.
866 626 893 648 et
917 621 998 648 etiam

213 663 322 690 eosdem
332 668 467 698 avertere,
481 664 591 698 famem,
612 670 780 700 pestemque.
799 666 905 700 aliaque
919 667 998 699 mala,

214 715 274 742 qua:
289 709 378 735 curarl
397 717 448 736 non
474 715 598 744 possunt,
615 710 738 744 precibus
752 718 830 745 posse
852 711 997 746 depellere.

215 752 344 779 Dixerunt
356 753 435 780 iidem
449 754 578 788 unipedes
597 755 724 782 homines
736 755 807 790 apud
825 763 855 782 se
870 763 947 788 esse,
974 762 1001 784 et

213 798 348 825 dracones
362 799 481 833 ingentis
499 800 692 834 magnitudinis
703 800 882 835 septicipites,
896 805 924 828 et
949 801 999 829 alia

212 843 291 870 valde
304 843 441 871 inusitata.

1047 224 1101 242 των
1113 215 1146 242 ³⁸.
1159 211 1246 241 Ἧκον
1255 213 1283 240 δὲ
1301 213 1369 248 πρὸς
1384 213 1430 240 τὸν
1444 213 1563 248 Σεόῆρον
1578 213 1626 239 κα)⁵
1641 212 1804 248 Βραχμᾶνες
1813 211 1834 227 ⁸⁵

1050 259 1122 287 κατὰ
1147 259 1196 295 τὴν
1224 258 1437 294 Ἀλεξάνδρειαν,
1462 259 1510 285 καὶ
1533 258 1642 291 ἐδέξατο
1670 259 1742 293 σφᾶς
1771 258 1838 292 οἴκῳ

1051 306 1110 341 ἰδίῳ
1125 306 1173 332 καὶ
1197 305 1330 341 θεραπείᾳ
1354 306 1388 339 τῇ
1403 304 1597 340 προσηκούσῃ·
1614 303 1639 330 οἱ
1657 304 1728 330 κατὰ
1745 304 1839 338 χώραν

1048 351 1092 378 ἐπ’
1106 352 1182 378 οἴκου
1201 350 1274 386 μάλα
1293 349 1398 384 σεμνῶς
1413 349 1520 385 έμενον,
1534 349 1596 376 οὔτε
1610 348 1732 384 λουτρῶν
1744 348 1840 382 δεόμε-

1048 405 1088 422 νοι
1095 396 1242 431 δημοσίων,
1255 395 1318 423 οὔτε
1328 396 1411 431 ἄλλης
1421 395 1545 430 ἐπόψεως
1558 394 1689 429 οὐδεμιᾶς
1699 394 1754 420 τῶν
1767 393 1839 419 κατὰ

1049 442 1116 469 ἄστυ
1129 442 1291 477 γινομένων,
1314 441 1383 469 ἀλλὰ
1405 441 1458 467 πᾶν
1472 440 1495 456 ³⁸
1508 439 1538 466 τὸ
1561 438 1671 475 θυραῖον
1685 439 1707 454 ⁸⁷
1732 437 1841 472 ἐξετρέ-

1049 495 1143 514 ποντο,
1162 486 1315 513 Ἐσιτοῦντο
1334 486 1362 512 δὲ
1382 485 1506 520 φοίνικας
1532 485 1580 511 καὶ
1603 484 1718 519 ἦρυζαν,
1739 484 1788 510 καὶ
1805 481 1840 516 ἦν

1049 532 1139 563 αὐτοῖς
1152 531 1228 567 πόμα
1252 531 1284 558 τὸ
1299 531 1386 566 ὕδωρ.
1402 529 1494 558 Ἦσαν
1507 530 1536 557 δέ
1559 527 1631 557 οὗτοι
1646 529 1708 556 οὗτε
1731 529 1786 555 τῶν
1810 530 1840 554 ἐν

1049 576 1156 613 opseri"
1166 577 1355 612 διατριϐόντων
1365 575 1543 611 Βραχμάνων,
1560 574 1623 601 οὔτε
1639 574 1693 601 τῶν
1703 575 1733 600 ἐν
1744 573 1839 599 πόλεσι

1051 621 1256 657 κατῳκημένων
1276 621 1375 655 Ἰνδῶν,
1395 621 1453 649 ἀλλ’
1477 620 1597 655 ἀτεχνῶς
1623 618 1762 653 ἀμφίΰιοι,
1783 620 1841 649 τοῖς

1052 666 1228 702 Βραχμάνοις
1248 666 1466 702 ὺπηρετούμενοι
1482 665 1517 691 τὰ
1532 665 1601 700 πρὸς
1620 660 1669 695 τὰς
1685 664 1794 695 πόλεις,
1816 663 1843 688 εἰ

1053 721 1105 739 που
1119 711 1254 748 δεήσειεν,
1273 712 1322 738 καὶ
1346 712 1407 743 ταῖς
1426 711 1535 737 πόλεσιν
1547 709 1580 737 αὖ
1591 711 1613 726 θ’
1628 710 1663 736 τὰ
1683 709 1751 744 πρὸς
1776 709 1842 739 τοὺς

1054 757 1221 792 Βραχμᾶνας
1228 756 1262 783 ⁸⁸.
1279 756 1392 790 Ἔλεγον
1411 755 1439 782 δέ
1449 756 1497 782 καὶ
1507 753 1579 782 οὗτοι
1596 755 1660 791 περὶ
1672 753 1727 780 τῶν
1740 753 1842 788 ὀρείων

1052 802 1221 837 Βραχμάνων
1240 802 1290 828 ὅσα
1306 802 1330 828 οι
1357 802 1525 836 συγγραφεῖς
1546 801 1609 836 περὶ
1622 799 1710 826 αὐτῶν
1730 798 1844 834 Optaui-

1015 841 1036 870 Β
1052 855 1105 880 σιν,
1120 847 1240 882 ὖμὸρους
1259 856 1287 873 τε
1306 847 1354 874 καὶ
1366 846 1515 882 ἀνομϐρίας
1529 846 1620 881 εὐχαῖς
1639 845 1844 880 καταπράττειν

214 888 262 914 καὶ
275 887 363 923 λιμῶν
376 889 423 916 καὶ
441 889 544 926 λοιμῶν
563 889 626 927 [554
638 890 685 928 H.]
699 891 859 925 ἀποδιώξεις
873 891 961 919 ἄλλων
973 900 1003 918 τε
1023 893 1116 919 κακῶν
1128 893 1298 927 ἀποτροπὰς,
1314 893 1364 918 ὅσα
1383 891 1420 927 μὴ
1442 891 1550 918 ἀνίατον
1586 890 1642 925 ἔχει
1675 891 1725 924 τὴν
1743 890 1846 923 εἱμαρ-

215 934 310 969 μένην.
327 935 438 969 ”Ε).εγον
458 935 486 962 δὲ
505 932 577 963 οὗτοι
603 937 650 964 καὶ
675 938 824 972 μονόποδας
859 938 1019 973 ἀνθρώπους
1056 937 1132 972 παρὰ
1160 938 1251 973 σφίσιν
1276 936 1434 973 ἱστορῆσαι,
1455 936 1503 963 καὶ
1533 936 1681 971 δράκοντας
1706 934 1845 968 ἐξαισίους

213 980 284 1007 κατά
306 981 420 1015 μέγεθος
433 982 651 1016 ἑπτακεφάλους,
666 984 713 1010 καὶ
724 983 790 1010 ἄλλα
809 984 876 1011 ἄττα
890 983 956 1010 πολὺ
971 984 1001 1010 τὸ
1018 983 1171 1019 παράλογον
1184 982 1279 1018 ἔχοντα
1294 983 1326 1010 ⁹¹.

249 1027 322 1054 Dixit
343 1026 460 1054 Severus
474 1027 560 1054 videri
576 1027 775 1060 Gorgoniadem
789 1029 913 1061 herbam,
928 1029 1000 1064 ejus-

213 1079 266 1105 que
289 1072 408 1098 radicem
428 1071 539 1098 omnino
562 1072 677 1099 similem
702 1080 762 1100 esse
785 1073 891 1107 puellm,
921 1078 1002 1108 caput

214 1118 335 1145 crinibus
352 1122 452 1144 tectum
470 1118 634 1150 serpentinis
659 1118 780 1145 habenti.
801 1117 998 1146 Divinationem

214 1171 230 1190 e
245 1163 370 1194 nubibus,
387 1163 506 1196 antiquis
517 1170 550 1189 ne
564 1163 656 1190 auditu
669 1163 777 1198 quidem
791 1169 893 1195 notam,
907 1171 1001 1198 quam-

214 1209 276 1236 dam
293 1209 434 1235 mulierem
454 1208 604 1235 Anlhusam
623 1209 789 1242 temporibus
804 1207 903 1236 Leonis
918 1209 1002 1242 impe-

215 1255 315 1282 ratoris
328 1254 442 1281 Romani
468 1256 552 1282 refert
569 1255 717 1282 invenisse.
734 1254 799 1287 Quae
814 1255 839 1282 in
861 1253 937 1289 Egis
956 1254 1002 1281 Ci-

215 1300 285 1327 liciis
303 1305 367 1326 nata
383 1299 535 1332 dicebatur,
552 1300 683 1334 originem
701 1300 814 1334 primam
831 1307 846 1326 a
863 1299 1002 1334 Cappado-

213 1346 291 1372 cibus
300 1345 486 1372 habitantibus
499 1345 531 1371 ad
541 1345 688 1372 Cumanum
703 1351 819 1372 montem
831 1344 1000 1372 Oresliadum

215 1391 338 1423 trahens,
355 1390 474 1418 referens
485 1398 568 1425 genus
577 1398 654 1417 suum
670 1391 702 1417 ad
719 1390 855 1426 Pelopem.
873 1391 936 1418 Hac
949 1393 1002 1418 sol-

214 1435 288 1463 licita
310 1436 343 1463 de
359 1436 428 1469 viro,
445 1437 487 1463 cui
511 1437 627 1463 militare
646 1436 752 1471 aliquod
774 1444 872 1464 munus
888 1438 999 1464 demano

215 1482 319 1513 datum,
334 1483 434 1516 quique
453 1482 486 1509 ad
507 1482 604 1509 bellum
621 1480 740 1509 Siculum
757 1489 817 1509 cum
829 1482 889 1509 aliis
905 1483 1004 1510 missus

1090 1028 1150 1054 Ὀτι
1167 1027 1259 1061 ἔλεγεν
1278 1028 1292 1053 ὁ
1307 1026 1425 1062 Σεὸῆρος
1447 1024 1594 1052 τεθεᾶσθαι
1610 1024 1777 1060 Γοργονιάδα
1798 1024 1846 1059 βο’

1052 1073 1146 1107 τάνην,
1163 1070 1197 1108 ἧς
1210 1069 1282 1099 εἶναι
1298 1072 1348 1107 τὴν
1362 1072 1439 1107 ῥίζαν
1454 1071 1583 1106 ἄντικρυς
1595 1069 1692 1105 ὁμοίαν
1714 1069 1845 1104 παρθένῳ

1054 1119 1104 1154 τὴν
1116 1118 1237 1154 κεφαλὴν
1250 1117 1348 1153 ἐχούσῃ
1359 1117 1501 1152 κατηρεφῆ
1511 1117 1536 1133 "
1546 1115 1726 1151 δρακοντείοις
1737 1115 1845 1140 πλοκά-

1054 1172 1124 1199 μοις.
1138 1163 1201 1190 ¹¹Οτι
1212 1163 1263 1198 τὴν
1275 1163 1298 1180 ³³
1314 1163 1358 1190 διὰ
1372 1163 1427 1189 τῶν
1442 1162 1533 1196 νεφῶν
1561 1160 1696 1196 μαντικὴν
1715 1159 1846 1194 οὐδαμῶς

1052 1210 1109 1240 τοῖς
1123 1209 1249 1240 παλαιοῖς
1261 1209 1317 1235 οὐδ’
1333 1209 1402 1243 ἀκοῇ
1426 1207 1600 1242 ἐγνωσμένην
1616 1205 1765 1232 Ἀνθουσάν
1780 1213 1846 1231 τινα.

1053 1256 1169 1289 γυναῖκα
1203 1255 1324 1289 ἐξευρεῖν
1352 1255 1381 1281 ἐν
1406 1254 1467 1285 ταῖς
1503 1253 1620 1288 ἡμέραις
1648 1251 1760 1282 Λέοντος
1794 1250 1845 1277 τοῦ

1061 1300 1205 1335 Ῥωμαίων
1231 1300 1382 1335 βασιλέως·
1399 1298 1428 1332 ἐξ
1452 1298 1543 1332 Αἰγῶν
1575 1298 1604 1324 δὲ
1628 1298 1763 1332 κατήγετο
1788 1297 1846 1323 τῶν

1055 1345 1189 1373 Κιλικίων
1201 1347 1217 1382 ὴ
1227 1346 1306 1380 γυνὴ,
1322 1345 1352 1372 τὺ
1366 1345 1394 1372 δὲ
1405 1345 1536 1371 ἀνέκαθεν
1550 1345 1603 1372 ἀπὸ
1617 1344 1670 1370 τῶν
1684 1345 1713 1370 ὲν
1726 1344 1847 1370 Καππα-

1056 1391 1134 1426 δοκίᾳ
1151 1391 1378 1418 κατοικισθέντων
1391 1391 1437 1417 ἐπὶ
1451 1391 1496 1417 τὸν
1508 1390 1633 1426 Κομανδν
1647 1390 1678 1417 τὺ
1690 1390 1752 1425 ὅρος
1770 1391 1848 1425 Ὀρε-

1057 1437 1172 1464 στιαδῶν
1184 1445 1192 1452 ·
1217 1438 1265 1464 καὶ
1289 1436 1400 1471 ἀνάγειν
1418 1436 1449 1463 τὸ
1466 1436 1544 1471 γένος
1568 1437 1608 1467 είς
1628 1437 1746 1462 Πέλοπα.
1766 1435 1846 1468 Αὕτη

1057 1483 1240 1518 φροντίζουσα
1252 1483 1317 1517 περὶ
1335 1482 1447 1517 τάνδρὸς
1461 1482 1486 1498 ⁸⁸
1501 1482 1737 1518 ἐπιτετραμμένον
1758 1490 1844 1516 στρα-

215 1530 285 1560 erat,
307 1527 394 1554 oravit
415 1528 441 1554 in
465 1535 572 1558 somno,
599 1533 627 1554 ut
651 1526 742 1554 futura
769 1533 955 1562 cognosceret,
977 1533 1001 1555 et

1055 1528 1184 1563 τιωτικήν
1195 1536 1255 1554 τινα
1268 1527 1354 1563 ἀρχὴν
1370 1528 1418 1554 καὶ
1434 1528 1480 1554 ἐπὶ
1496 1528 1542 1555 τὸν
1559 1527 1631 1555 κατὰ
1650 1527 1776 1554 Σικελίαν
1792 1528 1848 1554 ἀπ-

216 1573 305 1602 oravit
319 1573 352 1600 ad
363 1573 446 1600 solem
461 1574 593 1600 orientem
609 1580 703 1606 versa;
724 1576 801 1607 pater
821 1581 886 1600 vero
903 1573 960 1607 ejus
978 1574 1002 1601 in

216 1618 321 1647 somnis
343 1619 426 1654 jussit
453 1620 524 1647 illam
553 1620 586 1646 ad
611 1619 696 1647 solem
724 1620 805 1646 etiam
833 1619 1003 1646 occidentem

216 1671 306 1697 orare,
331 1670 358 1692 et
384 1665 429 1691 illa
456 1670 563 1698 orante,
588 1673 636 1699 per
652 1673 780 1693 serenum
804 1665 893 1693 subito
920 1667 1004 1694 nubes

215 1709 290 1737 circa
303 1710 387 1738 solent
404 1716 463 1737 orta
487 1715 539 1743 est,
562 1716 589 1738 et
609 1711 705 1738 deinde
726 1715 807 1738 aucta
826 1711 852 1738 in
869 1711 1003 1739 hominem

215 1756 332 1784 formata
348 1761 410 1790 est;
428 1757 480 1784 alia
501 1764 566 1784 vero
588 1756 673 1784 nubes
694 1761 767 1791 orta,
781 1761 808 1785 et
829 1758 857 1785 in
873 1758 1004 1792 aequalem

217 1808 344 1829 crescens
364 1801 590 1836 magnitudinem,
613 1802 640 1829 in
661 1802 765 1830 leonem
789 1803 877 1830 ferum
900 1806 1004 1830 mutata

217 1852 269 1874 est.
285 1847 339 1875 Leo
351 1855 416 1875 vero
432 1848 533 1882 ingenti
549 1849 622 1876 hiatu
639 1848 696 1876 oris
719 1847 790 1876 facto
804 1849 938 1876 hominem
956 1849 1005 1876 de-

217 1891 306 1927 glutit.
325 1891 435 1926 Species
453 1892 496 1919 illa
512 1892 631 1919 hominis
647 1899 663 1920 e
679 1892 749 1920 nube
764 1892 836 1920 facta
852 1892 941 1920 Gotho
954 1893 1005 1920 fuit

217 1937 328 1964 similis.
341 1937 411 1964 Nam
427 1942 488 1972 post
504 1938 583 1972 paulo
600 1937 655 1966 Leo
677 1945 725 1965 rex
739 1938 835 1966 ducem
855 1938 1005 1966 Gothorum

217 1984 358 2016 Asperem.
373 1987 400 2010 et
417 1983 484 2010 lilios
499 1983 686 2011 fraudulenter
696 1983 811 2010 necavit.
823 1983 863 2010 Ex
877 1983 923 2011 illo
939 1989 1006 2011 tem-

219 2036 285 2064 pore
301 2029 327 2055 in
342 2029 412 2056 hunc
429 2036 516 2062 usque
538 2028 608 2056 diem
636 2029 759 2056 Anthusa
783 2028 892 2056 assidue
919 2029 1006 2056 medi-

220 2077 275 2099 tata
290 2077 341 2104 est,
359 2081 412 2107 qua
425 2074 530 2100 ratione
543 2081 557 2100 e
573 2073 687 2100 nubibus
703 2074 849 2107 praedicere
862 2074 1006 2101 divinando

219 2123 319 2152 posset.
346 2117 464 2153 Egyptii
495 2118 590 2146 Sothin
619 2117 671 2146 lsin
693 2118 750 2154 (l2)
775 2126 835 2146 esse
867 2123 1005 2150 asserunt,

218 2163 305 2191 Graeci
327 2163 396 2190 banc
412 2163 446 2190 ad
469 2162 569 2191 Sirium
586 2164 692 2191 stellam
715 2164 846 2197 referunt,
862 2169 890 2191 et
903 2164 1005 2191 Sirium

1054 1574 1219 1609 εσταλμένου
1233 1574 1301 1609 μετὰ
1318 1575 1365 1600 καὶ
1393 1573 1480 1601 ἄλλων
1498 1574 1616 1608 πόλεμον
1627 1593 1635 1607 ,
1651 1573 1748 1606 εὔξατο
1775 1583 1848 1608 πρε-

1055 1621 1122 1647 ῖδεϊν
1149 1620 1246 1655 ὀνείρῳ
1270 1620 1306 1646 τὰ
1332 1619 1539 1654 συμϐησόμενα,
1564 1619 1661 1652 εὔξατο
1683 1620 1706 1636 ⁰⁵
1723 1619 1752 1646 δὲ
1776 1620 1849 1654 πρὸς

1054 1666 1129 1701 ἥλιον
1145 1665 1299 1700 ἀνίσχοντα.
1320 1665 1350 1691 'O
1367 1665 1395 1691 δέ
1412 1664 1502 1699 πατὴρ
1519 1665 1586 1700 ὖναρ
1606 1665 1675 1700 αὐτῇ
1695 1664 1810 1695 ἐπιστὰς
1822 1665 1850 1680 ’⁸

1054 1710 1164 1737 ἐκέλευε
1182 1711 1228 1736 καὶ
1245 1710 1312 1745 πρὸς
1326 1710 1455 1744 δυόμενον
1471 1709 1611 1743 εὖξασθαι.
1629 1710 1683 1735 Καὶ
1693 1709 1850 1744 εὐχομένης

1055 1756 1084 1788 ἐξ
1098 1756 1206 1791 αἰθρίας
1217 1756 1289 1787 τινὸς
1303 1755 1383 1790 νέφος
1395 1756 1525 1790 συστῆναι
1540 1757 1605 1791 περὶ
1615 1755 1660 1782 τὸν
1673 1755 1760 1790 ἥλιον,
1774 1755 1851 1781 ἐκεῖ-

1056 1802 1101 1829 θεν
1117 1801 1139 1828 δ’
1158 1801 1309 1836 αὐξηθῆναι
1324 1801 1372 1828 καὶ
1389 1801 1428 1832 είς
1449 1801 1593 1836 ἄνθρωπον
1616 1800 1828 1834 διατυπωθῆναι
1839 1809 1848 1816 ·

1055 1847 1150 1882 ἕτερον
1165 1847 1187 1874 δ’
1201 1846 1283 1873 αὑτοῦ
1299 1846 1379 1881 νέφος
1394 1847 1571 1874 ἀποσπασθὲν
1585 1847 1607 1863 °"
1623 1846 1744 1872 ἐπεδίδου
1759 1854 1788 1872 τε
1807 1848 1848 1879 εἰς

1057 1891 1174 1927 μέγεθος
1189 1892 1256 1923 ἴσον,
1277 1891 1325 1917 καὶ
1341 1891 1380 1922 εἰς
1397 1890 1493 1918 λέοντα
1511 1890 1737 1926 διεσχηματίζετο
1755 1892 1778 1907 ³⁸
1799 1890 1850 1924 θη-

1059 1938 1116 1972 ρίον
1129 1946 1136 1952 ·
1152 1937 1166 1963 ὁ
1182 1936 1210 1963 δὲ
1236 1936 1374 1971 ὴγρίαινε,
1391 1936 1437 1962 καὶ
1458 1935 1529 1970 μέγα
1552 1937 1645 1970 χάσμα
1662 1935 1850 1970 πεποιημένος

1057 1984 1072 2010 ὁ
1088 1983 1157 2010 λέων
1183 1982 1328 2009 καταπίνει
1351 1981 1396 2009 τὸν
1422 1981 1582 2017 ἄνθρωπον·
1597 1981 1687 2016 Γότθῳ
1715 1981 1796 2016 ἐῴκει
1818 1983 1850 2007 τὺ

1057 2028 1228 2063 ἀνθρώπειον
1248 2026 1296 2054 καὶ
1313 2026 1490 2061 νεφοποίητον
1503 2025 1622 2053 εἴδωλον.
1651 2024 1713 2051 Ἐπὶ
1736 2025 1765 2051 δέ
1791 2026 1849 2056 τοῖς

1059 2074 1200 2109 φάσμασιν
1215 2073 1318 2106 ὀλίγον’
1333 2071 1428 2098 ἔπειτα
1455 2071 1500 2098 τὸν
1522 2072 1644 2106 ἡγεμόνα
1666 2071 1721 2098 τῶν
1740 2071 1849 2097 Γότθων

1060 2120 1185 2154 ’Λσπερα
1197 2120 1220 2135 ⁹⁹
1243 2119 1370 2154 βασιλεὺς
1389 2119 1466 2146 Λέων
1489 2118 1680 2152 ἐδολοφόνησεν
1702 2117 1783 2144 αὑτὸν
1801 2117 1849 2142 καὶ

1058 2164 1164 2196 παῖδας.
1177 2163 1258 2200 [1044
1269 2163 1314 2199 IL]
1323 2163 1367 2195 Ἐξ
1379 2164 1482 2190 ἐκείνου
1490 2161 1535 2190 οὖν
1546 2163 1592 2190 τοῦ
1604 2163 1700 2198 χρόνου
1714 2163 1849 2197 διέμεινεν

219 2214 347 2243 tanquam
370 2216 466 2236 canem
496 2209 605 2237 Orionis
632 2212 771 2238 venatoris
799 2210 925 2238 comitem
946 2210 1001 2244 pin‘

1061 2210 1078 2244 ἡ
1095 2209 1231 2235 Ἀνθουσα
1245 2207 1310 2243 ἄχρι
1323 2207 1401 2243 δεῦρο
1415 2208 1460 2234 ἀεὶ
1472 2208 1668 2243 έπιτηδεύουσα
1686 2207 1732 2234 τὸν
1746 2208 1850 2242 τρόπον

218 2259 307 2288 gnnt:
336 2255 401 2288 quin
430 2255 519 2289 potius
545 2255 572 2282 in
591 2256 660 2283 caelo
684 2256 819 2291 depictum
848 2257 1006 2283 ostendunt.

218 2299 318 2335 341a
327 2300 415 2334 Aliqui
437 2308 486 2335 per
509 2301 703 2336 impudentiam
722 2305 825 2328 statuas
836 2302 1008 2337 fregeruntet

190 2335 197 2340 ’
219 2344 408 2377 perdiderunt,
419 2350 446 2371 et
456 2352 533 2372 sacro
545 2345 646 2372 auxilio
657 2345 778 2373 destituti
795 2335 1006 2378 cives,rhumana

219 2396 301 2423 opera
321 2393 349 2416 et
372 2394 431 2417 arte
445 2395 552 2425 portum
567 2392 611 2418 vix
626 2391 678 2418 sibi
697 2396 805 2418 servant
825 2390 956 2427 Egyptii.
974 2391 1006 2419 lli

219 2433 462 2469 persequebantur,
485 2435 587 2468 uxoris,
608 2436 729 2470 inquam,
756 2436 883 2468 ministri,
912 2443 1007 2463 canem

220 2485 254 2506 ex
276 2479 367 2507 Africa
389 2480 535 2516 fugientem
556 2481 718 2509 struthionis
743 2481 915 2516 diripientem
945 2489 1009 2509 car-

1060 2254 1110 2289 τῆς
1126 2253 1170 2280 διὰ.
1179 2253 1233 2279 τῶν
1253 2252 1340 2286 νεφῶν
1362 2253 1495 2287 μαντικῆς
1519 2253 1710 2287 προγνώσεως.
1723 2253 1785 2279 Ὅτι
1799 2252 1849 2286 τὴν

1060 2299 1146 2328 Σῶθιν
1167 2300 1313 2334 Αἰγύπτιοι
1332 2299 1382 2334 τὴν
1400 2296 1471 2325 Ἶσιν
1490 2296 1559 2325 εἶναι
1576 2299 1758 2333 θεολογοῦσιν,
1778 2299 1803 2325 οἱ
1820 2299 1849 2324 δὲ

1060 2345 1191 2379 ’Έλληνες
1207 2346 1247 2376 εἰς
1260 2345 1306 2371 τὸν
1322 2345 1428 2380 Σείριον
1448 2345 1580 2378 ἀνάγουσι
1601 2344 1681 2370 τοῦτο
1695 2344 1726 2370 τὸ
1738 2345 1847 2379 ἄστρον,

1061 2391 1108 2418 καὶ
1124 2391 1161 2422 ὡς
1180 2391 1249 2418 κύνα
1264 2391 1310 2418 τὸν
1329 2391 1443 2426 Σείριον,
1461 2391 1560 2418 ὀπαδὸν
1577 2391 1625 2417 τοῦ
1642 2392 1769 2426 Ὠρίωνος
1783 2392 1847 2417 ὄντα

1063 2437 1292 2472 κυνηγετοῦντος,
1319 2437 1391 2464 οὕτω
1419 2437 1660 2472 διαζωγραφοῦσι,
1689 2438 1790 2472 μᾶλλον
1820 2437 1848 2464 δὲ

1064 2482 1285 2518 ἐντετυπωμένον
1322 2482 1361 2518 τῷ
1378 2482 1486 2519 οὐρανῷ
1504 2483 1666 2510 δεικνύουσι.
1694 2483 1774 2515 Τινὲς
1797 2483 1825 2509 δὲ
1838 2484 1845 2498 ¹

857 2556 976 2584 νΑιιιιΕ
995 2556 1198 2585 LECTIONES.

298 2613 520 2659 δυρχερξξνξντων
581 2658 584 2659 ν
600 2617 630 2659 “In
648 2617 808 2659 Βραχμᾶνες
828 2618 885 2659 ’B‘:
913 2619 1074 2659 Βραχμάναι
1095 2618 1187 2659 Ξ,“⁸⁶
1219 2619 1273 2659 πᾷν
1299 2626 1354 2659 om.
1372 2617 1411 2659 BL
1486 2618 1608 2659 θυραῖον]
1638 2619 1751 2659 θεωρεῖν
1780 2617 1800 2644 Β
1822 2623 1848 2659 r_t

222 2655 294 2676 corr.
307 2651 356 2687 _A.
394 2650 426 2687 "_
440 2649 516 2687 ορεσι
535 2651 586 2687 Ill:
619 2649 676 2687 ὅρεὶ
701 2649 730 2684 ἐξ
768 2654 789 2668 ⁸⁵
808 2651 840 2679 αὖ
857 2655 875 2679 Λ

901 2662 906 2679 :
924 2653 1012 2680 αὑτῶν
1028 2662 1057 2685 ς.
1095 2654 1118 2670 ³ο
1134 2653 1312 2688 Βραχμάνους
1326 2653 1354 2680 Β.
1390 2653 1412 2668 ⁹¹
1432 2653 1491 2689 libri
1507 2653 1627 2688 ἔχοντας.
1673 2655 1695 2673 "
1710 2655 1846 2689 κατερεφῇ

224 2691 255 2714 ς’.
331 2683 380 2724 τῂν
395 2683 507 2724 ιιιίιΠ-ᾼ.
540 2683 678 2724 λ’ξλάνδρὸς
762 2688 784 2704 ³⁵
799 2688 898 2722 ηὔξατο
911 2698 942 2721 ς.
979 2688 1002 2705 ³⁸
1017 2683 1129 2719 ἐπιστὰς
1140 2683 1244 2715 ᾺῘΜΪᾸ.
1281 2683 1492 2714 ’τγὺποσπασθέν
1504 2683 1538 2720 qv:
1572 2689 1595 2704 "
1608 2683 1693 2723 διεσχ.
1707 2689 1738 2715 τὸ
1753 2683 1847 2724 θήριοῦ

224 2726 253 2750 ς.
291 2718 314 2735 ³³
331 2719 461 2755 Ἀσπαρα
470 2719 499 2746 Β.
539 2718 649 2748 ¹δὲί›ιιί.
665 2724 698 2750 Α.

980 2770 1095 2799 NOTAE.

980 2771 1001 2797 N
1027 2771 1048 2798 Τ
1089 2793 1095 2799 .

260 2813 315 2847 (12)
336 2813 386 2841 Isis
407 2814 465 2842 dea.
486 2813 631 2847 Canicula.
656 2815 794 2844 Plutarch.
816 2817 859 2844 lib.
881 2817 917 2844 De
936 2771 1179 2846 Isidcoctdozsiride.
1198 2818 1349 2853 llorapollo,
1365 2819 1412 2847 lib.
1429 2827 1450 2853 ι,
1470 2818 1642 2855 llicroglyplt.
1655 2827 1715 2854 cap.
