1919 3096
77 149 146 181 1269
607 150 871 181 BIBLIOTHECA.
891 164 925 169 —
944 151 1026 182 COD.
1045 152 1182 183 CCXLII.
1458 142 1474 159 \
1643 146 1708 179 12το

73 205 170 232 ἔλαθον
182 205 210 231 τὸ
226 205 333 241 ίέρωμα
347 205 514 238 κατάξαντες
528 205 575 232 καὶ
585 206 801 242 διαφθείραντες,
815 207 863 233 καὶ

922 215 963 234 tes
983 216 990 235 :
1009 208 1173 235 fodientibus
1195 214 1258 235 vero
1275 210 1399 242 apparet,
1415 204 1604 240 prominetquc
1638 202 1709 229 aliti—

70 252 255 287 ἀπορούμενοι
271 251 431 287 τελεστικῆς
453 251 580 287 βοηθείας
601 254 626 278 οι
650 253 793 289 ἐπιχώριοι
815 253 862 279 άν-

922 254 1041 288 quissimi
1057 254 1148 289 templi
1166 253 1351 288 piunaculum.

71 299 195 334 θρωπίνῃ
208 297 310 333 σπουδῇ
325 298 371 324 καὶ
386 299 469 334 τέχνῃ
485 298 531 325 τὸν
547 299 645 334 λιμένα
660 299 738 334 μόλις
753 300 860 332 ἑαυτοῖς
880 299 1079 336 περισώζουσιν
1100 301 1125 326 οἱ
1145 299 1300 334 Αἰγύπτιοι.
1327 299 1358 325 Οἱ
1393 297 1421 324 δὲ
1450 296 1572 326 ἐδίωκον,
1598 296 1623 322 οἱ
1658 297 1711 331 τῆς

69 345 201 378 γυναικὸς
215 340 392 382 θεράποντες,
411 344 457 370 τὸν
471 344 540 371 κύνα
556 344 704 379 φεύγοντα,
734 345 784 379 τῆς
817 345 942 382 Λιϐυκῆς
962 345 1093 382 στρουθοῦ
1129 345 1164 372 τὰ
1189 345 1257 380 κρέα
1285 344 1458 379 ἁρπάσαντα.
1479 341 1663 377 Ὀρυττόντων
1677 343 1708 369 es

70 390 223 418 ἀνακύπτει
239 381 287 417 καὶ
304 390 463 424 ὲκφαίνεται
485 390 653 418 παλαιτάτου
672 391 723 418 νεὼ
738 392 864 427 ὰὲτωμα.

104 439 169 465 Ὅτι
184 439 199 464 6
216 437 345 473 Ἑρμείας
355 438 365 453 ³
384 439 462 472 γένος
478 438 528 473 μὲν
541 435 575 473 ἦν
592 437 796 474 Ἀλεξανδρεὺς.
809 447 863 466 πα·
894 454 897 457 ν

70 485 121 518 τὴρ
135 484 160 510 δ’
168 484 326 519 Ἀμμωνίου
341 484 388 510 καὶ
405 483 580 518 Ἡλιοδώρου.
596 480 680 516 Οὗτος
695 485 820 519 ἐπιεικὴς
829 483 864 520 ἦν

70 531 119 564 τὴν
132 529 216 563 φύσιν
230 530 276 555 καὶ
289 528 390 560 ἁπλοῦς
406 528 437 555 τὺ
451 526 529 564 ἦθος,
541 530 695 564 ἠκροάσατο
708 530 737 557 δὲ
751 530 799 556 καὶ
811 531 865 557 Συ-

71 574 167 610 ριανοῦ
191 575 241 601 σὺν
255 574 378 611 Πρόκλῳ.
394 575 541 610 Φιλοπονια
557 574 606 609 μὲν
618 572 695 607 οὗτος
709 575 817 608 οὐδενος
830 573 864 611 ἦν

70 621 209 656 δεύτερος,
234 622 362 655 ἀγχίνους
386 620 414 646 δὲ
433 620 508 646 οὕτι³
522 620 625 656 σφόδρα
644 618 689 656 ἦν,
702 621 762 648 οὐδὲ
778 621 865 655 λόγων

70 666 188 702 εὑρετὴς
214 666 429 698 ἀποδεικτικῶν,
452 666 512 692 οὐδὲ
529 667 652 700 γενναῖος
670 666 724 700 ἄρα
747 666 869 702 ζητητὴς

71 712 220 747 ἁληθείας²
245 712 343 739 οὔκουν
369 713 424 738 οὐδ’
441 710 496 744 οἶός
521 721 551 739 τε
574 713 694 746 ἐγεγόνει
709 713 779 748 πρὸς
799 714 867 740 ἁπο-

71 758 188 793 ροῦντας
200 758 269 785 κατὰ
280 758 310 784 τὸ
322 759 456 794 καρτερὴν
467 758 806 792 άνταγωνίζεσθαι,καίτοι
815 760 866 794 ὲμ-

71 803 176 838 έμνητο
183 804 222 836 ὡς
237 805 323 831 εἰπεῖν
339 805 448 831 πάντων
461 801 499 831 ὧν
515 812 544 831 τε
551 804 666 839 ἀκηκόει
679 804 727 830 τοῦ
741 803 806 840 [555
819 804 864 841 H.]

69 851 234 878 διδασκάλου
259 851 442 886 ἐξηγουμένου
471 853 519 878 καὶ
549 851 604 878 τῶν
620 853 648 878 ὲν
677 851 866 887 βιϐλίοιςάνα-

952 437 1076 465 Hermias
1088 436 1197 463 natione
1209 434 1423 466 Alexandrinus,
1441 439 1516 468 pater
1530 434 1667 460 Ammonii
1682 439 1710 461 et.

916 483 1065 512 Heliodori.
1083 483 1132 510 llic
1144 481 1194 509 fuit
1211 486 1307 508 natura
1323 480 1412 508 bonus
1422 485 1449 507 et
1462 479 1587 514 simplex,
1602 481 1710 511 auditor

917 529 1024 566 Syriani
1040 529 1096 564 (13)
1116 536 1177 556 cum
1193 527 1300 554 Proclo.
1317 526 1431 554 Laboris
1451 526 1541 553 studio
1558 525 1622 552 nulli
1640 525 1710 553 inl'e-

916 576 972 603 rior
984 585 992 603 :
1011 575 1098 602 solers
1116 578 1206 600 tamen
1218 579 1272 599 n0u
1286 572 1430 598 admodum
1444 570 1504 603 fuit,
1522 578 1572 598 nec
1585 570 1661 598 ﬁrma
1676 571 1708 597 ad

917 629 973 649 rem
986 624 1147 655 argumenta
1159 618 1281 646 invenire
1291 622 1408 652 poterat,
1427 625 1515 652 neque
1530 625 1644 652 magnus
1659 624 1708 644 ve-

916 666 1005 694 ritatis
1019 665 1206 700 investigator.
1225 663 1315 697 Quare
1330 670 1382 690 non
1400 667 1506 698 poterat
1521 667 1616 690 contra
1630 662 1710 690 dubi-

917 715 1005 739 tantes
1016 709 1124 738 fortiter
1141 709 1282 741 dimicare,
1299 709 1424 743 quamvis
1442 716 1473 736 ea
1489 708 1619 736 memoria
1635 708 1711 736 vale-

917 761 968 788 ret,
984 762 1013 785 ut
1033 756 1162 784 recitaret
1186 763 1355 790 quatcunqne
1376 763 1390 782 a
1411 760 1576 790 prmccptore
1597 755 1711 782 docente

915 803 1082 836 audivisset,
1110 810 1223 838 quaeque
1248 802 1358 837 scriptis
1388 802 1514 828 mandata
1531 806 1632 829 essent.
1657 801 1710 829 Sed

919 850 1017 877 mentis
1040 850 1166 877 celeritas
1190 856 1252 876 cum
1266 847 1389 875 discendi
1407 848 1497 875 studio
1515 855 1568 875 non
1590 848 1708 882 vigebat.

70 898 286 933 γεγραμμένων.
296 885 376 924 Ἃλλά
391 897 421 923 τὺ
439 897 616 933 αὐτοκίνητον
628 897 658 924 οὐ
673 885 820 933 προσήνθει
831 900 864 933 τῇ

922 895 1021 923 Virtuti
1045 896 1180 930 egregiam
1207 902 1318 929 cperant
1345 893 1465 926 navavit,
1494 897 1524 921 ut
1547 893 1614 920 nihil
1635 893 1661 921 in
1677 901 1711 921 eo

71 943 230 978 πολυμαθία
239 943 260 970 ⁸.
279 943 320 970 Τὰ
344 943 372 969 δὲ
394 942 462 977 πρὸς
488 943 588 979 ἀρετὴν
610 941 640 970 εὖ
665 943 779 978 ἤσκητο,
795 943 865 971 ὥστε

72 989 132 1023 μηδ’
148 989 184 1015 ἂν
200 989 246 1016 τὸν
268 988 362 1024 μῶμον
385 988 467 1015 αὐτὸν
483 989 714 1025 ὲπιμωμήσασθαι
732 990 800 1024 μηδὲ
822 999 867 1025 μι-

71 1036 152 1070 σῆσαι
179 1034 226 1061 τδν
251 1034 359 1069 φθόνον.
383 1030 468 1066 Οὗτος
494 1034 600 1061 ἰδιώτου
624 1036 689 1062 ποτὲ
713 1035 866 1069 πωλοῦντος

71 1081 144 1116 αὑτῷ
158 1081 274 1116 βιϐλίον,
290 1081 337 1108 καὶ
351 1080 462 1107 ἔλαττον
476 1081 549 1116 ἥπερ
570 1078 604 1116 ἦν
627 1080 702 1113 ἀξιον
714 1082 866 1115 αἰτοῦντος,

71 1125 258 1161 ὲπηνώρϐωσέ
279 1135 310 1153 τε
332 1127 380 1161 τὴν
403 1126 508 1161 πλάνην
529 1127 577 1153 καὶ
594 1126 716 1158 πλείονος
731 1127 866 1163 ὠνήσατο.

71 1173 124 1199 Καὶ
139 1173 193 1207 οὐχ
211 1172 284 1204 ἅπαξ
301 1172 348 1207 τὴν
363 1172 537 1207 δικαιοσύνην
556 1172 657 1208 ταύτην
669 1193 676 1206 ,
690 1171 724 1209 ἧς
743 1175 799 1206 τοῖς
820 1175 868 1202 άλ-

72 1218 124 1250 λοις
136 1217 201 1244 οὐδέ
217 1226 258 1249 τις
272 1215 324 1253 ἦν’
341 1218 503 1253 ἐπιστροφὴ,
515 1217 583 1244 ἀλλὰ
597 1218 727 1250 πολλάκις
739 1220 759 1252 ⁸,
773 1220 868 1252 ὁσάκις

74 1264 232 1290 συνέϐαινεν
250 1264 359 1298 ἀγνοεῖν
381 1263 427 1290 τὸν
449 1263 642 1299 πιπράσκοντα
656 1264 686 1291 τὺ
699 1265 804 1292 δίκαιον
825 1266 868 1293 τί-

75 1317 167 1344 μημα,
186 1308 371 1340 ἐπεδείκνυτο.
386 1309 417 1335 οὐ
433 1308 502 1334 κατὰ
515 1308 578 1340 τοὺς
592 1308 689 1341 ἄλλους
709 1310 825 1344 ἀγαπῶν
838 1311 869 1338 τὸ

73 1354 199 1390 ἕρμαιον,
211 1354 271 1381 οὐδὲ
284 1354 401 1389 οῐηθεὶςτ
410 1353 464 1389 ἄρα
474 1354 556 1389 μηδὲν
569 1355 682 1388 ἀδικεῖν,
692 1357 716 1382 εἰ
723 1355 793 1383 ἑκὼν
800 1364 855 1392 παρ
863 1357 870 1366 ‘

74 1400 184 1430 ἑκόντος
204 1400 294 1427 ὁτιοῦν
313 1401 452 1436 ἐωνήσατο
465 1408 472 1415 ·
489 1400 604 1436 καὶγὰρ
623 1400 735 1436 ἐνεδράν
752 1410 813 1428 τινα
829 1400 870 1429 εῖ-

75 1446 136 1472 ναι⁸
153 1446 196 1481 τῷ
211 1446 356 1482 πράγματι
369 1447 417 1473 καὶ
431 1446 552 1481 ἀπάτην,
568 1447 599 1473 οὐ
613 1447 746 1482 λέγουσαν
761 1449 791 1474 τὸ
803 1447 871 1483 ψεῦ-

75 1491 128 1523 δος,
146 1491 219 1519 ἀλλὰ
234 1492 380 1519 σιωπῶσαν
394 1491 443 1527 τὴν
456 1492 596 1527 ἀλήθειαν,
613 1493 775 1526 καὶξὰδικίαν
788 1491 871 1520 οὖσαν

75 1539 219 1565 λανθάνειν
233 1538 296 1570 τοὺς
310 1538 434 1572 πολλοὺς,
446 1540 476 1566 οὒ
489 1540 587 1575 βίαιον,
600 1540 667 1567 ἀλλὰ
673 1540 839 1575 κλοπιμαίαν
848 1541 869 1574 ³,

76 1583 163 1609 οὐδ’¹⁰
187 1583 357 1610 ἐπικίνδυνόν
379 1592 441 1611 τινα
463 1585 560 1620 λῃστοῦ
588 1585 666 1619 δίκην
691 1584 869 1617 κλέπτουσαν,

77 1628 132 1655 ἀλλ’
143 1628 199 1655 ὑπὸ
215 1628 264 1664 μὲν
280 1629 326 1655 τοῦ
339 1629 422 1664 νόμου
441 1630 604 1665 ἀφειμένην,
614 1630 645 1656 τὸ
655 1630 683 1656 δὲ
693 1629 795 1656 δίκαιον
807 1630 872 1656 ἀνα-

77 1675 242 1710 τρέπουσαν.
275 1674 337 1701 Ὅτι
361 1677 375 1701 ό
394 1676 414 1691 ¹¹
441 1676 554 1711 ἀδελφδς
577 1676 706 1711 Ἑρμείου
722 1675 873 1711 Γρηγὸριος

79 1720 149 1747 Eum;
163 1718 200 1756 ἦν
215 1721 383 1752 τούναντίον,
398 1722 527 1756 ὀξύτατος
544 1721 593 1757 μὲν
604 1722 643 1754 εἰς
659 1721 812 1757 ὑπερϐολὴν
825 1720 874 1748 καὶ

79 1766 222 1801 εὐκίνητος
238 1767 316 1792 est"
333 1767 382 1798 τὰς
397 1767 525 1802 ζητήσεις
541 1767 650 1799 καὶτὰς
664 1767 812 1802 μαθήσεις,
827 1766 875 1794 ἄλ-

79 1812 131 1844 λως
140 1812 172 1840 δὲ
181 1814 230 1848 οὺχ
245 1813 356 1848 ἠσύχιος
368 1814 429 1840 οὐδὲ
444 1815 566 1851 γαλήνην
579 1816 609 1842 ὲν
622 1816 679 1847 τοῖς
690 1815 769 1851 ἤθεσι
783 1815 874 1850 φέρων

79 1857 148 1890 τινὰ,
164 1858 234 1885 ἀλλά
246 1867 271 1884 τι
285 1860 331 1885 καὶ
342 1860 618 1896 παρακεκινηκώς¹⁹·
631 1860 745 1896 ὕστερον
754 1861 776 1876 ¹⁸
788 1860 815 1886 δὲ
828 1859 875 1886 κα)⁴

79 1905 111 1938 τῇ
124 1904 198 1939 νόσῳ
209 1904 281 1931 ἑάλω
291 1905 337 1931 ἐπὶ
351 1906 442 1938 πλέον,
454 1906 524 1933 ὥστε
534 1906 703 1942 δύσχρηστον
717 1905 800 1932 αὑτοῦ
819 1905 874 1936 τοῖς

80 1950 222 1985 λογισμοῖς
233 1951 280 1977 καὶ
292 1951 358 1977 πολὺ
371 1952 557 1986 παραλλάττον
568 1952 695 1986 γενέσθαι
706 1952 735 1978 τὸ
745 1952 871 1986 ὄργανον.

81 1995 140 2023 Ὀτι
163 1995 204 2030 τῷ
219 1997 333 2032 Ἑρμείᾳ.
355 1998 387 2024 ὲκ
409 1998 459 2032 τῆς
474 1998 600 2029 Λιδεσίας
617 1997 803 2033 πρεσὸύτερον
820 1997 875 2023 τὼν

81 2041 236 2077 φιλοσόφων
253 2042 335 2068 υἱέων
349 2043 470 2069 τίκτεται
487 2042 605 2075 παιδίον,
621 2042 668 2069 καὶ
681 2043 698 2077 ἡ
714 2042 823 2068 Λίδεσία
837 2041 876 2077 τῷ

80 2088 133 2114 υἱεῖ
148 2088 220 2114 ἑπτὰ
231 2088 320 2123 μῆνας
335 2089 389 2116 ἀπὸ
404 2089 538 2122 γενέσεως
553 2088 646 2122 ἄγοντι
663 2087 831 2123 προσέπαιζὲ
845 2097 875 2114 τε

80 2130 123 2159 οἷα
136 2134 223 2165 είκὸς.
238 2134 284 2160 καὶ
298 2133 392 2168 βάϐιον
410 2135 457 2161 καὶ⁴
472 2134 578 2162 παιδίον
589 2134 716 2162 ἀνεκάλει
728 2134 760 2166 ”,
776 2134 877 2160 ὑποκο-

81 2179 195 2214 ρίζουσα
209 2179 258 2215 τὴν
273 2181 375 2215 φωνήν.
386 2180 414 2207 Ὁ
436 2180 465 2207 δὲ
488 2180 608 2212 ἀκούσας
632 2180 807 2215 ἠγανάκτησε
829 2180 876 2206 καὶ

81 2226 232 2261 ἐπετίμησε
252 2226 298 2253 τὸν
321 2226 445 2253 παιδικὸν
458 2228 551 2253 τοῦτον
568 2226 753 2262 ὑποκορισμὸν
766 2245 774 2256 .
794 2227 842 2252 καὶ
855 2226 876 2242 ⁸⁵

80 2271 288 2307 διηρθρωμένην
308 2272 357 2308 τὴν
374 2273 533 2309 ἐπιτίμησιν
550 2272 710 2307 ἐξενεγκὼν.
730 2272 786 2299 Καὶ
806 2272 876 2310 ἄλλα

80 2317 108 2343 δὲ
121 2316 210 2343 πολλὰ
223 2317 288 2352 περὶ
302 2318 348 2344 τοῦ
361 2318 456 2349 παιδος
470 2318 565 2345 τούτου
577 2318 760 2353 τερατολογεῖ,
773 2319 821 2344 καὶ
834 2318 875 2344 ὃτι

81 2363 129 2389 οὐκ
144 2364 309 2398 ἀνεχόμενος
322 2364 372 2399 τὴν
394 2365 424 2391 ἐν
448 2365 554 2400 σώματι
570 2364 642 2400 ζωὴν
657 2365 727 2391 ἐπτά
741 2364 810 2391 ἐτῶν
827 2364 875 2391 τοῦ

82 2409 138 2443 βίου
153 2410 260 2445 ἀπέστη
271 2417 278 2425 ·
291 2410 322 2436 οὺ
334 2411 389 2445 γὰρ
404 2410 502 2445 ἐχώρει
518 2411 602 2437 αὐτοῦ
617 2411 667 2445 τὴν
679 2410 768 2445 ψυχὴν
782 2411 795 2436 ὁ
811 2411 874 2446 περὶ

80 2454 132 2488 γῆν
147 2455 191 2482 ἃδε
205 2455 296 2487 τόπος.
312 2455 398 2483 Βάϐια
414 2456 442 2483 δὲ
457 2458 481 2483 οἱ
495 2456 594 2492 Σύροι,
609 2457 656 2483 καὶ
672 2456 789 2490 μάλιστα
802 2457 827 2482 οί
844 2457 873 2483 ὲν

83 2501 230 2537 Δαμασκῷ,
244 2503 278 2530 τὰ
293 2503 389 2537 νεογνὰ
412 2503 524 2530 καλοῦσι
540 2503 643 2537 παιδία,
660 2503 709 2539 ἤδη
724 2503 752 2530 δὲ
771 2503 819 2530 καὶ
839 2503 875 2530 τὰ

919 943 1023 970 Momus
1036 942 1094 976 ipse
1108 941 1317 976 reprehendere,
1339 947 1389 967 nec
1409 939 1479 967 livor
1498 939 1588 967 odisse
1607 945 1709 974 posset.

917 991 984 1018 Cum
999 989 1140 1024 imperitus
1154 989 1177 1016 ei
1192 988 1289 1015 librum
1301 988 1440 1021 venderet,
1451 992 1477 1014 et
1491 987 1607 1022 pretium
1622 987 1710 1014 minus

918 1044 997 1071 quam
1014 1036 1117 1063 valeret
1144 1035 1275 1070 exigeret,
1292 1034 1411 1061 hominis
1435 1041 1557 1061 errorem
1579 1033 1708 1065 correxit.

918 1088 945 1110 et
959 1083 1044 1118 pluris
1069 1081 1144 1109 emit.
1175 1081 1229 1109 Nec
1254 1081 1339 1108 semel
1368 1080 1440 1107 hanc
1461 1079 1605 1114 justitiam,
1633 1079 1710 1114 cujus

919 1127 1018 1154 nullam
1040 1127 1085 1154 alii
1107 1127 1239 1154 rationem
1265 1126 1375 1158 hahent,
1388 1132 1481 1152 verum
1496 1125 1577 1152 etiam
1594 1124 1706 1159 saepius,

919 1173 1023 1208 quoties
1035 1173 1202 1200 venditorem
1225 1171 1346 1199 debitum
1364 1171 1482 1206 pretium
1498 1171 1623 1205 ignorare
1642 1177 1709 1196 cou—

919 1216 1035 1253 tigisset,
1050 1218 1170 1245 ostendit
1188 1226 1194 1244 :
1210 1224 1264 1244 non
1279 1217 1393 1244 aliorum
1413 1224 1489 1244 more
1502 1215 1616 1243 fortuito
1634 1215 1711 1242 lucro

919 1265 1035 1298 deditus,
1053 1269 1128 1291 ratus
1142 1264 1261 1298 aliouam
1274 1270 1303 1291 se
1319 1263 1445 1298 iniuriam
1461 1262 1607 1294 facturum,
1622 1261 1646 1290 si
1661 1268 1708 1289 vu-

919 1311 977 1339 lens
991 1311 1128 1341 a,volente
1146 1310 1229 1337 etiam
1244 1309 1342 1345 quovis
1358 1309 1438 1336 modo
1453 1313 1565 1335 emeret.
1582 1307 1649 1334 Nam
1664 1307 1711 1334 do-

920 1358 974 1384 lum
994 1357 1139 1392 quemdam
1155 1363 1215 1384 esse
1238 1356 1265 1383 in
1289 1361 1430 1383 contractu
1457 1360 1484 1382 et
1504 1354 1639 1387 fraudant,
1656 1361 1711 1381 non

920 1404 1043 1431 indicare
1056 1410 1190 1435 errorem,
1212 1402 1260 1429 sed
1274 1401 1417 1429 veritatem
1432 1400 1583 1432 occultare.
1606 1404 1634 1427 et
1650 1407 1713 1426 cum

921 1449 958 1476 sit
975 1448 1074 1483 iniuria
1096 1456 1148 1475 non
1164 1448 1282 1475 violenta
1304 1448 1350 1475 sed
1372 1446 1494 1480 fortuita,
1512 1447 1656 1481 plerosque
1670 1445 1714 1472 la-

921 1499 992 1527 tere,
1005 1502 1055 1522 nec
1067 1495 1151 1522 furari
1171 1494 1283 1529 aliquid,
1302 1494 1388 1520 instar
1403 1492 1548 1521 latronum.
1564 1499 1624 1519 cum
1640 1491 1717 1525 peri-

924 1541 994 1572 culo,
1014 1541 1062 1568 sed
1090 1547 1104 1568 a
1130 1540 1188 1574 lege
1211 1539 1320 1573 quidem
1341 1538 1456 1570 absolvi,
1472 1538 1605 1573 justitiam
1622 1541 1712 1564 autem

923 1592 1106 1620 corrumpere.
1138 1584 1238 1611 Habuit
1268 1583 1381 1610 fratrem
1411 1583 1574 1617 Gregorium
1600 1582 1714 1609 omnino

923 1633 1094 1664 dissimilem,
1118 1632 1180 1667 plus
1203 1631 1287 1658 nimio
1307 1636 1429 1663 acutum,
1445 1636 1473 1657 et
1494 1631 1528 1657 ad
1550 1630 1715 1665 quaestiones

923 1685 950 1707 et
974 1679 1132 1714 disciplinas
1155 1678 1330 1713 expeditum;
1360 1676 1526 1710 ceteroquin
1550 1676 1713 1710 inquietum,

924 1733 974 1753 nec
987 1724 1101 1760 placidis
1122 1723 1253 1755 moribus,
1276 1722 1322 1750 sed
1340 1721 1461 1749 nonnihil
1486 1725 1583 1748 emotae
1605 1720 1714 1748 mentis.

925 1771 988 1800 Post
999 1775 1090 1798 autem
1106 1770 1203 1797 crebro
1220 1769 1315 1796 morbo
1330 1773 1473 1803 correptus
1486 1772 1538 1798 est,
1554 1771 1584 1794 ut
1601 1767 1716 1794 rationis

925 1825 974 1845 usu
990 1824 1085 1852 parum
1099 1815 1211 1848 valeret,
1223 1814 1322 1850 θήιίι
1340 1818 1369 1842 et
1386 1821 1517 1849 organum
1533 1812 1611 1840 valde
1625 1816 1714 1839 muta-

925 1867 1009 1890 retur.
1025 1862 1110 1889 Natus
1127 1865 1168 1889 est
1182 1861 1299 1888 Hermia:
1314 1868 1347 1888 ex
1375 1860 1486 1888 [Edesia
1504 1860 1587 1893 ﬁlius,
1603 1864 1716 1887 cmteros

925 1907 1147 1941 philosophorum
1162 1906 1231 1933 ﬁlios
1245 1913 1397 1940 superans:
1411 1910 1437 1933 et
1455 1905 1564 1933 [Edesia
1582 1913 1642 1932 cum
1660 1905 1717 1932 lilio

922 1953 979 1987 jam
994 1956 1099 1986 septem
1117 1955 1180 1978 nato
1195 1957 1313 1984 menses,
1330 1955 1360 1977 ut
1382 1950 1440 1978 fieri
1463 1955 1548 1983 amat,
1561 1950 1716 1984 jocabatur,

925 2001 952 2024 et
972 1997 1084 2024 Babium
1106 1999 1134 2023 et
1150 1995 1267 2031 puellum
1289 2002 1355 2022 voce
1375 1994 1537 2022 diminutiva
1554 1994 1715 2030 appellabat.

926 2044 1006 2071 Pater
1029 2042 1141 2070 audiens
1173 2047 1342 2076 conquestus
1362 2045 1415 2074 est,
1436 2046 1465 2068 et
1486 2040 1623 2075 increpuit
1645 2040 1720 2068 hanc

927 2089 1058 2125 puerilem
1079 2088 1299 2120 diminutionem,
1319 2092 1346 2114 et
1363 2086 1535 2114 articulatam
1553 2086 1717 2120 increpando

926 2143 1019 2163 vocem
1038 2134 1172 2169 protulit:
1195 2133 1304 2168 aliaque
1324 2133 1407 2160 multa
1423 2133 1457 2160 de
1481 2132 1526 2159 illo
1548 2139 1633 2166 puero
1647 2131 1716 2158 mira

927 2183 1063 2214 dicuntur,
1087 2187 1149 2207 eum
1174 2179 1280 2208 scilicet
1305 2179 1387 2206 vitam
1411 2179 1437 2206 in
1454 2185 1568 2213 corpore
1580 2185 1634 2205 non
1647 2177 1716 2205 tole-

893 2228 914 2256 D
931 2233 1014 2259 rasse,
1038 2226 1086 2253 sed
1104 2225 1218 2260 septimo
1237 2231 1310 2251 anno
1330 2225 1424 2252 vivere
1446 2224 1571 2256 desiisse,
1589 2230 1640 2251 nec
1657 2222 1718 2257 eius

927 2273 1047 2299 animam
1062 2274 1219 2298 terrestrem
1234 2270 1351 2304 aliquem
1378 2270 1467 2296 locum
1483 2269 1632 2303 excepisse.
1655 2268 1716 2304 Syri

927 2323 955 2346 et
969 2318 1086 2345 maxime
1098 2317 1144 2351 qui
1161 2317 1187 2343 in
1206 2316 1337 2343 Damasco
1355 2315 1490 2347 habitant,
1512 2322 1610 2350 pueros
1623 2322 1719 2342 recens

927 2369 1007 2392 natos
1029 2363 1112 2390 Babia
1137 2367 1244 2390 vocant.
1269 2361 1328 2390 Jam
1356 2369 1420 2389 vero
1442 2366 1469 2389 et
1495 2361 1681 2389 adolescentes
1702 2369 1716 2387 a

926 2411 977 2437 dea
994 2409 1086 2441 Babiu,
1104 2415 1166 2443 quae
1179 2407 1249 2442 apud
1265 2408 1326 2435 illos
1341 2411 1452 2442 pittatur
1465 2414 1535 2439 esse,
1554 2406 1595 2434 sic
1608 2410 1716 2433 vocant.

927 2455 987 2482 ΙΙιιιιι
1005 2455 1076 2482 enim
1093 2453 1211 2481 nonnulli
1223 2461 1328 2485 eorum,
1344 2453 1390 2488 qui
1401 2459 1481 2480 aures
1492 2451 1594 2480 fractas
1605 2451 1716 2484 habent,

927 2508 954 2530 et
975 2508 1086 2528 sensum
1103 2500 1289 2534 depravatum,
1311 2499 1337 2526 in
1353 2499 1517 2527 comoediam
1538 2503 1567 2525 et
1588 2497 1614 2524 in
1634 2498 1717 2525 risum

722 2559 837 2587 VARUE
854 2556 1057 2586 LECTIONES.

141 2605 152 2619 ²
172 2603 314 2640 Ἑρμείας]
334 2604 368 2648 cf.
382 2604 479 2632 Snidas
507 2606 535 2633 11.
564 2613 590 2633 v.

85 2639 144 2666 add.
178 2642 207 2667 Α.
265 2641 276 2656 ⁸
293 2641 361 2666 ἀλλα
375 2642 422 2666 καὶ
441 2640 517 2668 πολλ.
547 2649 575 2672 ς.

657 2605 667 2620 ³
677 2604 735 2631 οὕτι
745 2621 780 2624 -
791 2604 852 2630 οὐδέ
862 2604 901 2630 A:
917 2602 979 2630 οὔτε
998 2618 1030 2624 -
1043 2600 1104 2629 οὔτε
1118 2610 1148 2633 ς.

635 2641 645 2656 ⁷
659 2640 713 2674 ἄρα
726 2642 746 2666 Α
760 2647 822 2666 cum
851 2640 932 2665 Suida
948 2647 972 2665 v.
992 2638 1147 2674 Ἑρμαῖον-ε
1165 2636 1205 2663 ὅτι
1217 2645 1251 2674 ς.

1207 2602 1218 2616 ⁸
1246 2599 1395 2635 φιλομαοίᾳ.
1410 2608 1441 2631 ς.
1455 2599 1502 2635 τὰ]
1520 2599 1550 2625 τὸ
1561 2599 1590 2626 Β.
1658 2596 1717 2635 ⁵-ἧν

1322 2635 1332 2651 ⁸
1350 2633 1440 2662 nonne
1453 2633 1573 2661 ἐνεῖναιῖ
1625 2635 1636 2650 ⁹
1652 2633 1716 2660 κλοη

85 2677 195 2709 πιμςιῐον
207 2674 239 2703 Α.
279 2676 301 2691 ¹⁰
317 2675 374 2703 οὗθ’
389 2684 419 2708 ς.
459 2677 479 2692 ι’
496 2677 510 2702 ὁ
521 2669 575 2702 om.
596 2676 628 2702 Λ.
669 2669 689 2690 ιδ
705 2675 761 2725 ἐπὶ]
776 2674 822 2700 ἐπί
838 2683 867 2701 τε
882 2674 980 2700 Suidas
991 2669 1030 2706 (vi
1044 2669 1196 2707 Γρηγόριος
1212 2670 1351 2705 ἁδελφός),
1379 2670 1425 2703 qui
1449 2671 1499 2697 hoc
1532 2669 1716 2704 fragmentum

85 2717 99 2725 Δ
116 2711 248 2725 ιιι-...ηοηιι
264 2711 374 2725 ιειμιημς..
396 2711 576 2725 ..ιιιιηιηιηιάηη
593 2711 700 2725 nam...“
764 2710 774 2725 3
787 2709 1008 2725 --r.-..,......~.A-
1027 2707 1046 2725 η
1113 2707 1135 2722 ιδ
1153 2706 1266 2725 Τις-ηοω
1281 2705 1319 2725 ΞΗ
1341 2707 1399 2725 emt
1427 2705 1453 2725 ι’ἴέ
1484 2703 1634 2725 ’νὶίὶῆυγῦςν
1649 2701 1716 2725 ᾗκεν

85 2717 99 2735 e
116 2711 248 2738 ttamaScii
264 2711 375 2737 historia
396 2711 578 2745 philosophica
592 2711 712 2745 apponit.

101 2745 170 2755 ςεηιε

764 2710 774 2725 ³
787 2709 1008 2744 παρακεκινηκός
1027 2707 1056 2734 Β.

1113 2701 1266 2741 ἰ’δ’ὕστερον
1281 2701 1402 2741 deflet-tsi.
1427 2705 1456 2741 δὲ
1484 2701 1634 2741 ’Λοήνῆοεν
1649 2701 1716 2741 ἧκεν

85 2745 122 2781 εἰς
131 2745 337 2780 Ἀλεξάνδρειαν
356 2738 470 2781 ὕστερον
488 2738 584 2774 είιιΜτιε
599 2738 691 2773 ;’ἱί1θιιι
704 2753 764 2773 mox
780 2738 835 2771 om'.
849 2745 904 2775 τοῖς
915 2738 1066 2779 λογισμοῖς.
1106 2742 1128 2757 ¹³
1144 2738 1282 2778 ἀνεκάλει]
1294 2738 1328 2768 αὖ
1343 2740 1435 2768 ὲκὰλει
1451 2740 1481 2767 Β.
1520 2738 1548 2755 ¹⁰⁷
1558 2738 1639 2766 ὑποκ.
1659 2738 1717 2774 καὶ]

840 2811 956 2841 NOTAE.

87 2779 165 2808 ὑποκ.
182 2779 266 2816 τορὸνν
275 2781 307 2808 Β.

121 2863 174 2898 (1⁸5)
196 2863 291 2891 Suidas
313 2864 338 2891 in
356 2862 464 2890 Hermia
483 2861 620 2896 legendus.
