1919 3096
188 112 252 145 127i

776 111 907 143 PHOTII
925 110 1178 142 PATRIARCHE
1195 111 1250 142 (ΣΡ.

1752 103 1822 137 1272

188 169 409 205 philosophorum
453 176 553 197 arcana
602 173 805 198 converterunt.
847 169 973 197 Panicum

1035 168 1161 203 μειράκια
1177 167 1232 194 ἀπὸ
1244 167 1294 202 τῆς
1308 166 1373 202 παρ’
1385 166 1478 198 αὐτοῖς
1492 164 1672 202 νομιζομένης
1686 163 1789 194 Βαϐίας
1801 163 1822 179 ι⁷

186 216 320 250 quoddam
337 215 436 242 animal
458 215 559 243 vidisse
588 216 627 243 ait
651 215 794 243 llieracem
816 215 978 242 Alexandri-

187 269 251 288 num
273 260 418 288 Ammonio
438 261 569 296 aequalem
589 269 651 288 cum
674 269 707 289 ex
721 261 860 296 Ethiopia
876 260 979 297 Byzan-

186 309 254 335 tium
268 306 498 342 proficisceretur,
510 307 582 341 quod
599 307 714 342 depictis
729 312 757 335 et
772 307 915 334 delineatis
930 307 978 334 ad<

186 354 294 380 modum
315 353 414 385 simile,
426 357 453 380 et
469 353 579 380 audisse
593 353 667 381 illum
679 361 773 381 vocem
787 353 914 380 animalis
930 353 980 380 hu-

183 399 229 434 jus
242 399 314 426 circa
338 397 546 431 Alexandriam,
562 398 643 426 veluti
667 399 689 426 si
712 399 849 426 strideret.
872 399 979 426 Ammo-

186 447 247 474 nius
271 445 321 473 l‘uit
343 444 588 480 diligentissimus,
611 449 639 473 et
659 445 760 473 multos
783 444 977 480 explicatores,

185 493 230 528 qui
247 492 310 520 oiitn
325 491 490 525 ﬂoruissent,
505 491 585 526 juvil.
598 491 715 519 maxime
734 495 825 518 autem
840 491 976 518 Aristote-

187 539 238 566 lem
258 539 424 566 sectabatur.
448 538 603 572 Quinetiam
632 536 685 565 non
712 537 799 564 solum
829 536 978 572 aequalibus

186 585 253 618 suis,
268 593 360 613 verum
374 584 455 612 etiam
471 584 532 611 aliis
547 583 643 611 Proclo
660 583 860 618 antiquioribus
870 582 977 616 praesti-

187 631 228 663 tit,
242 638 326 665 prope
345 629 461 657 dixerim
476 629 520 663 qui
543 636 660 663 unquam
675 628 851 661 exstiterunt,
869 628 894 654 in
911 634 977 662 geo-

185 675 280 702 metria
298 679 323 702 el
345 673 519 701 astronomia.
543 672 656 700 Proclus
668 680 700 700 os
722 672 829 704 lsitlori,
846 677 976 707 tanquam

185 720 306 748 tlivinum
330 724 356 747 et
379 719 486 754 plenum
512 717 704 754 philosophica:
719 719 784 745 vitm
801 738 808 751 ,
826 719 977 746 admiratus

184 770 227 793 est
241 775 248 792 :
265 765 334 793 oculi
354 764 520 792 celeritatem
540 764 638 791 mentis
649 764 881 798 demonstrantes,
895 770 922 792 et
933 764 977 799 ju-

184 813 272 840 cunda
289 812 408 847 gravitas
425 811 559 843 emicans.
585 810 764 846 sincerusque
786 811 874 846 pudor
890 811 976 847 philo-

183 858 299 893 sopitum
313 858 345 884 ad
364 857 451 891 ipsum
472 856 660 884 convertebat.

1032 213 1105 241 θεοῦ.
1129 213 1210 249 [1045
1224 212 1270 248 R.]
1298 213 1368 248 Ἤδη
1400 211 1455 248 γὰρ
1465 211 1546 243 ἐνίοις
1568 211 1622 239 τῶν
1637 213 1672 238 τὰ
1684 207 1742 238 ὦτα
1754 218 1823 237 κατ-

1031 259 1152 294 εαγότων
1179 259 1225 286 καὶ
1247 258 1337 294 ἆμα¹⁸
1352 258 1558 294 διεφθαρμένων
1570 257 1620 289 τὰς
1641 256 1762 288 διανοίας
1785 257 1826 287 εἰς

1031 305 1177 341 κωμῳδίαν
1191 305 1298 341 ἐτράπη
1312 305 1359 332 καὶ
1375 304 1482 338 γέλωτα
1499 304 1584 332 πολὺν
1597 303 1631 330 τὰ
1648 303 1700 338 τῆς
1716 302 1827 337 φιλοσο-

1031 352 1095 387 φίας
1111 352 1263 387 ἀπόρρητα.
1296 351 1357 377 Ὅτι
1388 349 1504 378 Πανικόν
1530 358 1556 376 τι
1577 349 1646 382 ζῶον
1667 347 1826 383 διακομιζό-

1031 405 1112 433 μενον
1122 398 1142 414 ¹⁹
1160 396 1310 424 θεάσασθαί
1329 404 1413 430 φησιν
1427 397 1440 422 6
1457 395 1545 431 Ἰέραξ
1563 396 1578 422 6
1593 393 1798 428 Ἀλεξανδρεὺς,
1812 394 1826 420 6

1030 443 1208 478 συνακμάσας
1226 442 1383 478 Ἀμμωνίῳ,
1399 442 1428 475 ἐξ
1451 441 1594 473 Αἰθιοπίας
1618 441 1658 472 είς
1675 440 1705 467 τὸ
1722 439 1826 471 Βυζάν·

1028 498 1097 521 τιον,
1113 489 1202 521 ἐοικὸς
1217 489 1338 525 ἀκριϐῶς
1351 490 1408 521 τοῖς
1423 488 1606 524 γραφομένοις
1625 487 1672 514 καὶ
1685 486 1825 521 τυπουμέ-

1029 544 1101 568 νοις·
1126 536 1275 571 ἀκηκοέναι
1295 543 1325 562 τε
1339 534 1422 562 αὑτοῦ
1437 534 1487 569 τῆς
1502 533 1595 568 φωνῆς
1609 533 1652 560 διὰ
1668 532 1716 567 τῆς
1734 530 1825 563 Ἀλεξ-

1028 582 1154 618 ανδρείας
1187 581 1336 617 φερομένου
1357 580 1440 607 οἱονεύ⁴
1469 578 1625 615 τριζούσης.
1652 579 1713 605 Ὀτι
1727 579 1742 604 6
1759 577 1825 611 ’Δμ-

1030 627 1130 663 μώνιος
1153 627 1372 662 φιλοπονώτατος
1396 626 1506 660 γέγονε,
1521 625 1570 652 καὶ
1590 624 1734 655 πλείστους
1749 623 1823 657 ὠφέ-

1028 674 1092 710 λησε
1107 675 1161 701 τῶν
1175 673 1284 701 πώποτε
1305 672 1497 708 γεγενημένων
1509 671 1666 706 ἐξηγητῶν·
1683 670 1782 705 μᾶλλον
1795 669 1825 695 δὲ

1027 721 1063 748 τὰ
1077 721 1282 756 Ἀριστοτέλους
1295 719 1508 755 ἐξήσκητοιἜτι
1523 718 1553 745 δὲ
1568 717 1709 753 διήνεγκεν
1723 717 1753 743 οὐ
1767 715 1824 742 τῶν

1027 767 1090 795 καθ’
1107 767 1203 795 ἑαυτὸν
1221 767 1302 802 μόνον
1316 786 1324 798 ,
1336 766 1405 793 ἀλλά
1426 765 1474 792 καὶ
1491 764 1547 791 τῶν
1559 763 1753 800 πρεσϐυτέρων
1775 760 1824 788 τοῦ

1028 813 1152 849 Πρόκλου
1168 813 1286 848 ἑταίρων
1296 813 1329 846 ιθ,
1344 812 1435 847 ὀλίγου
1449 810 1478 838 δὲ
1496 810 1603 838 ἀποδέω
1624 810 1673 837 καὶ
1693 808 1748 835 τῶν
1764 806 1825 834 πώ-

989 850 1010 878 Β
1024 867 1088 886 ποτε
1101 859 1292 894 γεγενημένων
1304 859 1402 890 εἰπεῖν,
1417 858 1452 885 τὰ
1464 857 1537 892 ἀμφὶ
1550 855 1722 890 γεωμετρίαν
1732 863 1762 881 τε
1776 853 1826 880 καὶ¹

182 905 375 941 ἀστρονομίαν.
399 904 454 931 Καὶ
468 905 482 931 6
496 904 615 940 Πρόκλος
639 903 778 939 ἐθαύμαζε
790 904 820 931 τδ
831 905 968 942 Ἰσιδὼρου
989 908 1145 942 πρόσωπον,
1161 908 1199 940 ὡς
1218 907 1309 935 ἔνθεον
1322 906 1356 944 ἦν
1367 906 1430 944 [556
1445 906 1493 942 H.]
1507 905 1553 932 καὶ
1566 904 1668 939 πλῆρες
1704 901 1772 928 ετσω

183 951 328 986 φιλοσόφου
342 950 431 985 ζωῆς·
447 950 515 977 οἵτε
529 949 663 985 ὀφθαλμοὶ
678 950 709 977 τὸ
729 952 779 986 τῆς
793 951 930 985 ,διανοίας
956 953 1085 989 εὔτροχον
1116 955 1337 989 ἀποσαφοῦντες,
1372 954 1420 981 καὶ
1434 952 1494 989 ἅμα
1506 951 1598 983 αὐτοῖς
1613 948 1761 977 ὲπιθέουσσ.
1776 955 1825 973 σε·

183 998 284 1034 μνότης
302 997 378 1032 ἡδεῖα
398 997 445 1024 καὶ
459 996 596 1029 ἄπλαστος
608 996 690 1028 αἰδὼς
706 997 858 1035 ἐπέστρεφε
868 1001 892 1016 ¹¹
906 1000 974 1036 πρὸς
993 1000 1074 1027 αὐτὸν
1092 1001 1138 1028 τὸν
1156 1001 1310 1036 φιλόσοφον.

221 1045 343 1074 Eunoius
365 1045 449 1072 tarda:
475 1044 574 1073 mentis
590 1044 650 1077 fuit,
670 1044 749 1072 modo
765 1045 880 1080 juvenili
898 1046 972 1073 inso-

181 1091 267 1119 lentia
287 1095 405 1124 tumens,
423 1095 451 1118 et
478 1092 505 1118 ln
531 1090 702 1118 orationibus
726 1091 862 1127 turgidus.
885 1091 974 1127 Supe-

181 1137 343 1172 rianuejam
363 1136 474 1172 triginta
493 1143 627 1164 annorum
649 1136 785 1164 rhetorica
810 1138 968 1172 auspicatus

180 1187 234 1216 est,
250 1189 407 1217 quanquam
422 1181 533 1217 ingenio
551 1181 654 1209 tardior
670 1187 752 1214 esset,
776 1187 866 1210 tamen
887 1183 972 1211 nimio

180 1228 271 1256 studio
284 1229 392 1255 tandem
407 1227 522 1255 Athenis
539 1227 613 1255 clara
629 1232 656 1254 et
683 1227 785 1256 celebri
808 1228 877 1256 urbe
889 1229 964 1257 desi-

179 1279 278 1308 gnatur
289 1274 420 1309 sophista,
433 1273 533 1310 352a
554 1281 606 1301 non
618 1273 731 1301 multum
743 1273 828 1309 gloria
841 1273 966 1310 Lachare

180 1319 303 1348 inferior.
334 1320 470 1348 Lachares
500 1320 591 1348 studio
628 1320 714 1355 magis
748 1327 830 1355 quam
857 1321 965 1356 ingenio

180 1365 280 1394 claruit
299 1370 409 1400 orator;
430 1366 532 1400 ingenii
546 1366 606 1401 ejus
621 1366 776 1394 tarditatem
785 1366 889 1401 scripta
905 1368 973 1395 satis

179 1417 309 1447 arguunt.
325 1419 435 1439 sacrum
449 1411 535 1440 fuisse
549 1412 649 1445 virum,
665 1416 692 1438 et
713 1419 793 1441 sacro
818 1413 972 1441 divinarum

179 1465 272 1486 rerum
286 1458 417 1493 ﬂagrasse
431 1465 533 1486 amore.
550 1458 742 1493 Metrophanes
759 1453 882 1494 sophista
894 1465 974 1489 natus

180 1512 212 1533 ex
227 1504 358 1533 Lacliare.
385 1504 479 1532 Refert
493 1510 589 1533 auctor
615 1506 717 1534 vidisse
737 1513 768 1534 se
794 1506 972 1534 simulacrum

1061 1047 1121 1074 Ὅτι
1133 1047 1244 1079 Εὑνόῖος
1256 1048 1270 1074 6
1281 1047 1374 1082 ῥήτωρ
1397 1043 1543 1081 βραδύνους
1561 1041 1680 1078 ἦν.Ἧδη
1697 1040 1825 1068 νεανικοῦ

1024 1092 1197 1127 φρονήματος
1220 1091 1364 1123 ὑπόπλεως
1387 1090 1434 1118 καὶ
1455 1089 1542 1116 σοϐῶν
1568 1089 1597 1114 ἐν
1629 1087 1729 1121 λόγοις.
1762 1087 1825 1113 Ὀτι

1024 1137 1210 1173 Σουπηριανὺς
1221 1137 1369 1173 τριάκοντα
1385 1135 1454 1163 ἑτῶν
1467 1135 1521 1162 τῶν
1529 1135 1553 1151 ⁸³
1568 1133 1720 1170 ῥητορικῶν
1738 1131 1825 1167 ἀρξά-

1026 1192 1116 1219 μενος,
1129 1183 1218 1211 καίτοι
1238 1183 1288 1219 τὴν
1302 1183 1383 1218 φύσιν
1397 1180 1617 1216 ὐπονωθέστερος
1634 1179 1683 1211 ὢν,
1695 1179 1769 1213 ὅμως
1780 1177 1823 1204 δι’

1024 1229 1178 1265 ὑπερϐολὴν
1199 1229 1358 1264 φιλοπονίας
1382 1227 1496 1263 ὕστερον
1511 1227 1540 1254 ἐν
1554 1227 1613 1258 ταῖς
1632 1225 1761 1259 λιπαραῖς
1776 1223 1826 1250 καὶ

1023 1276 1157 1311 ἀοιδίμοις
1174 1275 1302 1312 ’Δθήναις
1327 1273 1510 1310 ἀνηγορεύετο
1533 1272 1673 1306 σοφιστὴς,
1696 1271 1726 1297 οὑ
1750 1269 1824 1296 πάνυ

1023 1322 1075 1357 τῆς
1095 1321 1223 1357 Λαχάρου
1246 1321 1270 1338 ’⁸
1294 1320 1374 1356 δόξης
1400 1318 1629 1353 ἀπολειπόμενος.
1656 1316 1718 1343 Ὀτι
1743 1315 1790 1342 καὶ
1800 1316 1824 1331 ’⁸

1024 1367 1155 1404 Λαχάρης
1168 1367 1198 1400 ἐξ
1211 1366 1372 1402 ἐπιμελείας
1389 1365 1489 1400 μᾶλλον
1501 1364 1519 1399 ἢ
1535 1363 1643 1398 φύσεως
1658 1361 1731 1395 εδοξε
1752 1360 1826 1388 κατά

1026 1413 1075 1448 τὴν
1092 1413 1242 1449 ῥητορικὴν
1261 1412 1451 1448 εὐδοκιμῆσαι.
1469 1411 1550 1446 Δηλοῖ
1571 1410 1600 1437 δὲ
1618 1408 1702 1436 αὑτοῦ
1725 1408 1757 1434 τὸ
1772 1408 1825 1442 τῆς

1029 1461 1135 1497 φύσεως
1149 1460 1375 1496 ἀγεννέστερον²⁸
1387 1460 1434 1486 καὶ
1450 1459 1484 1485 τὰ
1500 1457 1708 1493 συγγράμματα
1727 1454 1823 1483 αὐτοῦ.

1029 1507 1132 1543 Ἀνδρα
1162 1507 1234 1543 ἱερὸν
1255 1507 1302 1534 καὶ
1331 1506 1446 1542 περὶτὰ
1470 1505 1529 1533 Θεῖα
1548 1503 1716 1540 βακχεύοντα
1736 1510 1826 1536 μεγα-

182 1549 307 1584 Veneris,
320 1551 393 1586 quod
409 1551 435 1578 in
449 1551 551 1586 templo
570 1551 693 1580 Herodes
715 1552 839 1587 sophista
865 1552 973 1579 dedica-

1035 1553 1180 1589 tonpsm'bc.
1199 1554 1261 1580 ’Ότι
1288 1554 1472 1589 Μητροφάνης
1500 1553 1514 1579 6
1529 1551 1658 1586 σοφιστὴς
1668 1550 1778 1583 ἔκγονος
1789 1546 1825 1584 ἧν

179 1602 232 1626 rat.
249 1597 317 1632 Hoc,
334 1598 431 1633 inquit.
448 1599 650 1633 contemplans,
667 1599 762 1627 sudavi
787 1607 844 1635 prae
859 1604 973 1635 stupore

179 1648 208 1672 et
222 1644 405 1672 admiratione
419 1653 426 1679 ;
449 1645 572 1680 adeoque
584 1645 683 1679 gaudio
697 1645 823 1680 perfusus
846 1653 918 1678 sum,
947 1651 977 1673 ιιι

180 1689 289 1717 domum
312 1689 402 1718 redire
426 1697 477 1717 non
499 1697 628 1724 possein;
646 1695 674 1717 et
699 1690 798 1724 saapins
823 1690 976 1719 abiturieas

179 1735 214 1762 ad
231 1734 375 1762 videndum
393 1736 523 1764 redirem.
540 1735 656 1763 Tantam
682 1735 719 1763 illi
746 1735 975 1770 pulchritudinem

179 1779 278 1808 artifex
295 1780 482 1808 immiscuerat
500 1800 508 1813 ,
522 1789 575 1808 non
591 1780 718 1808 blandum
734 1781 798 1816 quid
813 1786 860 1808 aut
882 1781 974 1814 molle,

179 1827 227 1854 sed
250 1831 370 1854 tortuum
395 1832 423 1854 et
441 1826 604 1861 masculum,
623 1831 757 1855 armatam
786 1827 910 1862 quidem,
927 1828 974 1855 sed

180 1871 325 1907 velutquaz
340 1880 355 1900 a
384 1873 499 1901 victoria
517 1873 672 1901 laetabunda
691 1874 848 1903 revertitur.
863 1873 973 1902 Hierum

182 1916 320 1946 Plutarchi
336 1918 422 1946 ﬁlium
432 1918 483 1946 sub
496 1918 592 1946 Proclo
600 1919 838 1954 philosophantem
854 1920 880 1948 in
894 1920 974 1948 domo

179 1965 291 1999 Quirini
306 1965 405 1994 vidisse
414 1965 498 1993 refert
510 1967 578 1994 adeo
592 1974 704 2002 parvum
720 1971 803 2002 caput
813 1968 972 2001 humanum.

179 2016 210 2039 ut
219 2011 295 2040 cicer
316 2012 473 2047 adaequaret
498 2013 685 2048 magnitudine
701 2017 731 2041 et
746 2014 845 2046 forma,
861 2014 931 2043 unde
945 2019 973 2042 et

179 2064 278 2085 nomen
302 2058 386 2092 capiti
413 2065 446 2085 ex
467 2058 682 2086 cicereiudittnn
698 2065 775 2086 esse:
804 2061 970 2095 ceteroquin

179 2103 329 2130 humanum
346 2107 428 2137 caput
443 2110 514 2138 esse,
530 2104 625 2131 oculos
645 2109 673 2131 et
690 2103 798 2131 vultum
813 2105 926 2138 habere,
942 2110 971 2133 et

178 2149 305 2184 superius
330 2149 432 2182 crines,
456 2154 486 2177 et
513 2150 650 2184 integrum
671 2157 714 2184 os,
737 2154 764 2178 et
790 2157 839 2178 ore
866 2155 969 2178 tantam

176 2201 272 2222 vocem
290 2195 429 2228 emittere,
445 2200 574 2230 quantam
591 2195 666 2223 mille
681 2195 817 2223 homines.
848 2195 912 2222 llaec
936 2196 970 2223 de

1028 1600 1172 1636 Λαχάρους
1193 1600 1228 1626 ’⁷.
1253 1599 1315 1626 Ὅτι
1333 1600 1417 1634 φησὶν
1433 1598 1456 1614 ’⁸
1481 1598 1495 1624 ὁ
1517 1597 1694 1632 συγγραφεὺς
1710 1595 1824 1629 ἄγαλμα

1028 1647 1078 1681 τῆς
1091 1645 1254 1680 Ἀφροδίτης
1275 1645 1340 1671 ἰδεῖν
1349 1645 1372 1660 ³³
1388 1643 1533 1680 ἱδρυμένον
1550 1642 1670 1677 Ἡρώδου
1687 1640 1733 1667 τοῦ
1748 1648 1825 1674 609:—
1859 1647 1861 1650 ‘

1027 1691 1091 1718 στοῦ
1108 1691 1247 1727 ἀνάθημα.
1266 1690 1350 1718 Τοῦτο
1367 1690 1424 1722 οὖν,
1445 1691 1523 1726 φησι,
1541 1688 1708 1723 θεασάμενος
1719 1687 1824 1722 ἵδρωσα

1029 1737 1079 1773 μὲν
1094 1737 1146 1764 ὑπὸ
1161 1737 1209 1764 τοῦ
1227 1737 1349 1774 θάμϐους
1371 1737 1418 1763 καὶ¹
1427 1736 1450 1752 ³⁸
1465 1734 1632 1771 ἐκπλήξεως,
1649 1733 1721 1760 οὕτω
1733 1733 1760 1759 δὲ
1772 1732 1824 1767 τὴν

1025 1782 1115 1818 ψυχὴν
1137 1782 1260 1818 διετέθην
1277 1783 1330 1810 ὑπὸ
1344 1783 1394 1819 τῆς
1410 1781 1592 1817 εὐφροσύνης,
1613 1779 1683 1807 ὥστε
1704 1779 1753 1814 οὺχ
1767 1776 1825 1810 οἶός

1025 1830 1050 1856 τ’
1060 1827 1094 1865 ἦν
1106 1829 1197 1856 οἴκαδε
1206 1829 1358 1862 ἐπανιέναι,
1369 1828 1500 1859 πολλάκις
1514 1827 1542 1854 δὲ
1555 1826 1644 1854 ἀπιὼν
1656 1824 1825 1859 ἐπαναστρέ-

1025 1883 1087 1910 φειν
1100 1875 1146 1902 ἐπὶ
1155 1875 1186 1902 τὸ
1196 1875 1287 1910 θέαμα
1296 1884 1304 1890 ·
1319 1874 1448 1901 τοσοῦτον
1459 1874 1535 1909 αὐτῷ
1547 1873 1646 1904 κάλλος
1660 1871 1824 1906 ἐνεκέρασεν

1024 1922 1039 1948 6
1053 1921 1189 1957 τεχνίτης,
1205 1922 1235 1948 οὐ
1247 1920 1335 1955 γλυκύ
1349 1929 1376 1948 τι
1390 1920 1438 1948 καὶ
1452 1919 1619 1956 ἀφροδίσιον,
1638 1918 1707 1944 ἀλλὰ
1722 1917 1821 1952 βλοσυ-

1026 1967 1071 2003 ρόν
1088 1976 1118 1994 τε
1134 1968 1181 1994 καὶ¹
1196 1967 1334 2003 ἀνδρικὸν,
1348 1966 1459 1994 ἔνοπλον
1476 1966 1543 2002 μὲν,
1558 1963 1615 1992 οἷον
1631 1964 1661 1991 δὲ
1674 1963 1727 1991 ἀπὸ
1742 1962 1823 1997 νίκης

1023 2013 1218 2049 ὲπανηγμένης
1234 2013 1254 2029 ³³
1280 2013 1326 2040 καὶ
1361 2013 1392 2039 τὸ
1431 2012 1548 2047 γεγηθὸς
1578 2009 1774 2045 ὲπιφαινούσης
1788 2009 1823 2036 ³³.

1024 2058 1087 2086 Ὅτι
1103 2059 1198 2094 Ὶὲριον
1221 2059 1268 2085 τὸν
1293 2058 1480 2095 Πλουτάρχου,
1496 2057 1548 2084 ὑπὸ
1572 2056 1688 2092 Πρόκλῳ
1714 2055 1825 2090 φιλοσο-

1023 2104 1126 2139 φοῦντα
1135 2105 1167 2138 ³³,
1184 2106 1213 2137 ἐς
1225 2105 1275 2140 τὴν
1288 2105 1407 2140 Κυρίνου
1417 2105 1440 2121 ³⁸
1453 2103 1604 2139 λεγομένην
1619 2102 1708 2130 οίκίαν
1720 2101 1823 2128 θεάσα-

1023 2150 1085 2178 σθαι
1099 2159 1167 2186 φησι
1185 2150 1287 2186 μικρὰν
1303 2151 1376 2178 οὕτω
1391 2151 1514 2186 κεφαλὴν
1528 2150 1612 2185 μόνην
1622 2148 1780 2184 ἀνθρώπου,
1792 2147 1824 2174 τό

1022 2206 1052 2224 τε
1064 2198 1181 2233 μεγέθος
1192 2199 1241 2225 καὶ
1255 2199 1285 2225 τὸ
1299 2196 1370 2230 εἶδος
1383 2197 1610 2233 οὐδὲνηὲρεϐίνθου
1625 2196 1823 2231 διαφέρουσαν·

177 2240 275 2268 ciceris
290 2240 343 2268 hoc
362 2242 452 2276 capite
466 2242 624 2277 prodigiose
638 2241 723 2269 refert
739 2245 846 2273 auctor,
863 2241 972 2276 aliaque

1035 2244 1065 2271 it.6
1076 2245 1122 2271 καὶ
1139 2245 1277 2280 ἐρέϐινθον
1291 2245 1377 2281 αὐτὴν
1391 2243 1533 2271 καλεῖσθαι
1543 2252 1550 2260 ο
1565 2243 1598 2270 τὰ
1613 2243 1636 2269 δ’
1651 2242 1720 2269 ἄλλα
1735 2250 1826 2276 κεφα-

177 2286 400 2321 innnmerabilia,
415 2288 496 2324 digna
520 2287 595 2323 impii
619 2287 755 2316 Damascii
775 2290 803 2315 et
823 2288 972 2322 scriptione

177 2338 205 2358 et
226 2333 288 2360 title.

1025 2291 1075 2326 λὴν
1090 2291 1263 2326 ἀνθρωπείαν
1277 2289 1360 2324 εἶναι,
1373 2291 1530 2326 ὀφθαλμούς
1545 2299 1575 2316 τε
1586 2290 1659 2324 ἔχειν
1674 2288 1722 2315 καὶ
1738 2288 1827 2323 πρόσ-

1025 2346 1100 2365 ωπον
1116 2338 1164 2365 καὶ
1186 2339 1284 2374 τρίχας
1299 2338 1355 2366 ἀνω
1370 2339 1417 2365 καὶ
1435 2338 1524 2373 στόμα
1542 2338 1607 2369 πᾶν,
1626 2335 1676 2363 καὶ
1698 2334 1753 2363 ἀπὸ
1777 2336 1826 2360 τοῦ

181 2379 316 2414 στόματος
328 2378 421 2414 φωνὴν
432 2378 555 2414 ἀφιέναι,
574 2379 636 2406 ὅσον
666 2377 820 2414 ἀνθρώπων
844 2379 948 2415 χιλίων,
979 2383 1107 2410 τοσοῦτον
1139 2383 1272 2418 μεγάλην.
1307 2383 1392 2410 Τοῦτο
1422 2382 1656 2419 τερατευσάμενος
1683 2380 1748 2415 περὶ
1778 2382 1826 2407 τοῦ

180 2423 319 2458 ἐρεείνθου
334 2425 348 2450 ὁ
362 2423 538 2458 συγγραφεὺς
556 2423 606 2458 τῆς
624 2423 757 2458 κεφαλῆςε
772 2424 821 2451 καὶ
835 2424 904 2452 ἀλλα
921 2426 1006 2461 μυρία
1020 2428 1084 2463 περὶ
1101 2428 1187 2464 αὐτῆς
1201 2428 1264 2461 ἀξια
1279 2427 1428 2464 Δαμασκιῳ
1456 2426 1494 2462 τῷ
1525 2426 1652 2454 δυσσεϐεῖ
1681 2425 1730 2452 καὶ
1757 2423 1827 2459 γρά-

182 2478 243 2504 φειν
261 2470 309 2496 καὶ
328 2469 467 2496 πιστεύειν
487 2469 750 2505 προστιρατεύεται.

219 2515 356 2544 Salustius
399 2515 518 2551 Cynicus
557 2524 610 2543 ll0l|
655 2518 749 2545 tritam
797 2518 975 2553 philosophia:

1071 2518 1100 2545 '0
1122 2518 1284 2551 Σαλούστιος
1311 2518 1428 2551 κυνίξων
1450 2518 1481 2544 οὺ
1508 2517 1558 2553 τὴν
1582 2515 1740 2551 εἰθισμένην
1767 2515 1826 2542 666v

838 2575 956 2603 VABIAE
981 2574 1186 2603 LECTIONES.

219 2620 240 2636 "
257 2619 378 2657 Βαϐαίας
396 2620 429 2647 Δ.
468 2620 490 2636 ’⁸
505 2620 562 2657 ἀμα
575 2628 628 2647 om.
647 2621 743 2648 Suidas
758 2630 782 2648 v.
799 2620 870 2649 Ὦτα
888 2622 1046 2657 κατεαγότα
1057 2627 1085 2649 et
1100 2621 1141 2648 Τὰ
1155 2619 1212 2648 ὦτα
1227 2622 1274 2648 ἐπὶ
1292 2621 1346 2649 τῶν
1365 2621 1458 2657 ὡμῳν.
1497 2620 1519 2636 ¹⁹
1534 2616 1759 2657 διακομιζόμενρν
1775 2616 1796 2642 Β
1817 2626 1824 2644 :

182 2654 409 2692 διακομιζόμενος
427 2664 456 2687 ς’.
503 2656 528 2692 _’°
545 2656 647 2692 ἐτέρων
662 2665 691 2689 ς.
730 2658 751 2673 ¹¹
768 2658 833 2684 εἴσω
843 2666 896 2685 om.
917 2659 947 2685 Β.

181 2691 268 2717 ἐποίει
283 2691 357 2725 αὺτῷ
368 2690 413 2717 τὸν
432 2690 574 2717 νεανίσκον
588 2690 687 2718 διιὶιΙιις
706 2700 731 2719 v.
759 2694 924 2724 Ἀπλαστος.

184 2726 208 2742 ’δ
223 2725 378 2760 Λαχάρους]
408 2725 468 2752 Vid.
488 2726 519 2752 ad
538 2725 636 2752 Mariti.
654 2728 700 2754 vit.
717 2728 804 2756 Procli
820 2736 845 2760 p.
867 2729 912 2756 89.

999 2659 1022 2673 ²²
1038 2658 1185 2692 ἐπέτρεχεν
1209 2657 1309 2688 ἱκανῶς
1331 2657 1376 2683 τὸν
1389 2652 1539 2692 φιλόσοφον.
1554 2654 1600 2680 καὶ
1621 2653 1670 2692 ᾔδη
1686 2652 1825 2692 γνώριμον

963 2693 986 2709 ⁸⁸
1002 2692 1067 2729 τῶν]
1084 2687 1122 2718 ὦτί
1137 2687 1169 2719 Ᾰ.
1186 2693 1222 2719 cf.
1241 2693 1338 2729 Sninlus
1357 2700 1383 2729 ν.
1396 2687 1607 2729 "postiemum
1625 2687 1824 2729 Σονπηριανό..

962 2729 985 2744 ’⁵
1003 2728 1049 2755 καὶ
1061 2727 1122 2754 add.
1152 2729 1185 2754 Α.
1200 2735 1262 2755 mox
1291 2727 1307 2761 ἦ

1324 2727 1371 2754 καὶ
1389 2723 1453 2759 φύσζ
1466 2723 1497 2757 ζ.
1539 2723 1543 2724 ν
1557 2725 1581 2740 ²θ
1595 2723 1775 2759 ἀγενέστερον
1789 2723 1825 2748 Α.

222 2757 350 2799 ᾼαὶάρου
414 2761 454 2799 ρι’,-
467 2761 565 2799 Suidas
575 2768 599 2786 ν.
618 2761 805 2799 Μητροφάνης
817 2757 936 2796 ἔκγονος.
974 2763 998 2779 ³⁵
1008 2764 1095 2799 φησὶν
1111 2763 1184 2799 addo
1194 2764 1226 2789 A.
1246 2798 1250 2799 ν
1264 2764 1288 2779 ¹⁹
1303 2757 1381 2799 Ἰδεῖν]
1394 2757 1484 2788 ἷδοιΑ.
1506 2795 1513 2799 _
1523 2759 1548 2799 “_
1560 2760 1605 2785 και
1654 2767 1673 2799 3‘
1683 2765 1713 2784 τε
1727 2757 1824 2799 7ft"?-

187 2795 211 2834 ’ξ
232 2796 481 2834 ἐπανηγμὲνηςᾲΛε
514 2795 736 2834 ἐπανερχομένηξ
749 2807 780 2831 ς,

186 2830 405 2866 ρένου1Δωρινου
419 2830 438 2857 Β
456 2835 482 2858 et
498 2837 570 2858 corr.
588 2831 621 2858 A.

844 2799 865 2814 ³¹
883 2798 1068 2834 ὲπιφανούσης
1087 2806 1117 2830 ς.

1176 2798 1199 2814 ³³
1214 2792 1410 2833 φιλοσοφοῦντα
1425 2801 1490 2823 ante
1503 2794 1555 2822 ὑπὸ
1565 2795 1639 2829 ponit
1654 2793 1684 2822 Β.
1734 2793 1756 2809 ³⁸
1769 2792 1828 2819 Κυ-
