1919 3096
66 146 124 177 ma
590 128 850 174 BIBLIOTlIECA;
865 157 899 161 —
911 144 990 174 COD.
1009 144 1147 174 CCXLII.
1613 143 1682 176 1274

66 199 202 236 ἐπορεύετο
224 199 273 235 τῆς
297 199 466 234 φιλοσοφίας,
481 198 550 226 ἀλλὰ
564 199 613 234 τὴν
637 201 841 235 κεχαραγμένηη

900 200 972 227 viam
990 201 1088 232 tenuit,
1106 200 1152 226 sed
1169 206 1228 233 quae
1251 199 1383 226 adversus
1412 198 1633 232 reprehensiones
1658 204 1687 227 et

63 247 124 281 πρὸς
147 245 257 280 ἓλεγχόν
279 253 310 271 τε
332 245 381 272 καὶ
403 245 539 280 λοιδορίαν
555 245 603 271 καὶ
619 245 661 271 τὸν
677 245 796 278 μάλιστα
811 245 841 279 δὴ

897 245 1012 272 risiones
1039 250 1095 272 tuta
1117 249 1158 272 est
1175 244 1317 278 lirmaque,
1335 250 1362 272 et
1377 245 1410 271 ad
1426 244 1546 272 laborem
1565 253 1614 279 pro
1630 247 1685 273 vir-

62 293 134 319 πόνον
151 291 221 327 ὑπὲρ
235 291 346 327 ἀρετῆς.
356 291 514 318 Ὑπεδέδετο
527 291 550 317 δ’
564 287 641 322 οὗτος
655 291 812 323 σπανιάκις,
825 291 841 325 ἢ

899 295 955 318 tute
964 291 1174 325 suspiciendum.
1183 290 1282 318 Rarius
1295 290 1433 324 induebat,
1441 291 1484 318 vel
1498 291 1687 326 iphicratidas,

64 340 103 369 ιὰς
115 337 236 368 Ἀττικὰς
259 337 430 372 ξφικρατίδας
453 337 470 372 ἦ
496 337 531 363 τὰ
554 337 657 372 συνήθη
682 337 810 363 σανδάλια
821 336 841 353 ⁸⁸

897 335 940 363 vel
960 337 1057 363 usitata
1075 336 1194 363 sandalia
1211 333 1368 370 (μη-Ἥβης
1378 341 1419 364 est
1429 343 1687 371 corporenunquam

63 383 267 417 περιδεδεμένος.
281 382 362 419 [1048
375 382 421 419 H.]
434 382 574 417 Ἐφαίνετο
583 383 606 399 ³⁸
615 383 643 410 δὲ
657 383 785 409 οὐδέποτε
797 382 841 408 ἐπὶ

901 382 945 408 diu
961 382 1096 415 inﬁrmus,
1126 389 1175 410 nec
1194 383 1285 410 animo
1304 389 1386 417 aeger.
1409 381 1473 414 Sed,
1495 387 1524 408 ul
1536 382 1588 408 dici
1605 382 1685 415 solet,

63 430 178 456 πλεῖστον
188 429 283 464 χρόνον
296 429 359 456 οὔτε
376 430 526 465 ἀρρωστῶν
538 429 570 455 τδ
585 429 664 464 σῶμα
676 428 738 455 οὔτε
753 428 841 455 ταλαι-

899 433 988 454 erecta
1012 428 1119 455 cervice
1144 428 1263 455 laborem
1289 428 1408 458 subibat.
1434 428 1545 454 honesta
1569 425 1635 454 it'em
1661 433 1688 455 et

62 475 229 509 θεωρούμενος
244 475 293 509 τὴν
306 475 406 510 ψυχὴν,
422 474 489 501 ἀλλὰ
505 474 552 508 (τὸ
563 475 720 509 λεγόμενον)
739 473 841 508 εὐλόφῳ

901 473 1044 501 laudabilia
1058 475 1158 507 studia,
1170 480 1197 502 et
1212 475 1238 502 id
1255 482 1340 509 genus
1353 474 1404 500 alia
1421 473 1530 500 homine
1547 474 1636 508 digna.

61 521 145 556 αὐχένι
171 520 222 555 τὴν
238 520 354 556 ἄσκησιν
379 521 507 556 ὑπέμενε.
533 520 613 547 Καλὰ
641 521 689 547 καὶ
717 519 864 552 ἁξιὲπαινα
878 520 1075 556 πολιτεύματα,
1109 521 1156 548 καὶ
1184 521 1234 547 ὅσα
1265 520 1378 548 τοιαῦτα
1408 519 1686 555 φιλανθρωπεύματαθ

92 567 149 603 [557
181 567 228 603 Η.]
255 568 285 594 '0
310 569 503 603 Καρχηδονίων
518 568 646 603 βασιλεὺς
665 567 841 603 Γεζέριχοςηη

936 567 1186 604 Carthaginiensium
1212 575 1258 595 rex
1275 566 1451 597 Gezerichus,
1467 565 1560 592 audito
1588 564 1688 591 Roma-

61 615 171 645 ἀκούσας
188 614 227 645 ὡς
252 614 277 640 οἱ
296 614 426 648 Ῥωμαῖοι
446 614 492 640 τὸν
515 614 658 649 σύμμαχον
671 614 764 645 αὐτοῖς
781 621 833 640 κατ

901 621 951 640 nos
974 614 1034 642 dolo
1054 619 1082 642 et
1098 614 1195 650 3421)
1216 619 1314 649 przeter
1328 613 1511 648 juramentum
1527 631 1535 644 ,
1572 610 1686 638 hlarch-

62 659 134 686 αὑτοῦ
148 659 337 695 Μαρκελλῖνον
345 660 368 676 ⁸⁸
383 659 450 695 δόλῳ
464 660 511 686 καὶ
524 661 600 695 παρὰ
610 660 674 692 τοὺς
686 660 785 695 ὅρκους
799 660 841 686 αν·

905 657 1003 690 linum,
1015 659 1063 693 qui
1079 664 1173 686 contra
1188 666 1218 686 se
1233 666 1295 686 cum
1313 659 1353 686 eis
1376 658 1550 692 belligeraret
1585 657 1688 684 intere-

62 705 132 738 εἷλον,
147 705 221 740 ἥσθη
237 713 267 731 τε
285 705 355 740 ἄγαν
369 706 416 732 ὲπὶ
432 706 492 737 ταῖς
515 705 606 732 ὲλπίσι
626 707 676 741 τῆς
691 706 779 740 νίκης,
796 705 841 732 καὶ

904 704 996 735 misse,
1018 711 1118 739 magno
1138 704 1236 739 gaudio
1247 704 1334 732 elatus
1357 708 1408 737 est,
1437 710 1486 737 spe
1511 703 1640 734 victorim,
1660 707 1688 730 et

62 750 139 783 ἔδοξεν
154 750 296 786 εἰρηκέναι
318 750 397 784 λόγον
417 750 448 776 οὐ
471 750 648 786 Καρχηδονίῳ
669 751 841 786 προσήκοντα

898 747 1006 776 locutus
1029 755 1071 776 est
1089 750 1171 785 verba
1192 757 1244 776 non
1253 749 1507 784 Carthagineusem,
1523 747 1571 775 sed
1584 747 1686 775 Roma-

62 797 119 823 ἀλλὰ
133 797 264 831 Ῥωμαίῳ
275 796 392 831 βασιλεῖ·
406 797 469 828 τοὺς
478 797 533 832 γάρ
543 805 584 823 τοι
599 797 749 832 Ῥωμαίους
761 797 841 831 ἔφατο

898 802 960 821 ntttn
978 795 1168 830 imperatorem
1185 796 1307 823 decentia
1330 804 1337 823 :
1355 794 1484 827 Romani,
1501 795 1600 829 inquit,
1617 794 1687 821 sini-

61 844 87 876 τῇ
102 843 234 878 ἀριστερᾷ
250 842 322 877 χειρὶ
336 842 473 877 ἀποκόψαι
495 843 545 878 τὴν
569 842 708 875 δεξιάν.’0
720 843 748 869 δὲ
761 843 841 878 Μαρ-

896 845 951 866 stra
964 848 1046 867 manu
1061 842 1194 868 dexteram
1209 845 1390 874 amputarunt.
1424 840 1596 867 Marcellinus
1620 847 1686 867 vero

61 887 169 918 χελλίνος
196 887 248 921 τῆς
271 887 451 922 Δαλμάτων³⁹
475 885 510 923 ἦν
532 887 623 923 χώρας
649 887 841 919 αὐτοδέσποτος

898 884 1047 918 Dalmatiae,
1055 887 1097 913 eui
1107 893 1168 913 cum
1179 886 1292 920 imperio
1301 886 1482 920 prmerat,dux
1491 886 1612 918 erat,sed
1621 893 1687 921 gen-

61 933 172 967 ἡγεμὼν,
184 919 287 968 Ἕλλην
301 919 350 968 τήν
357 932 380 949 ⁸⁸
401 919 494 966 δόξαν.⁷
510 919 601 960 ’ότίὸ
615 932 777 964 Σαλούστιος
799 933 840 964 είς

897 931 961 958 tilis.
975 931 1108 958 Salustius
1118 919 1263 965 inspiciens
1274 919 1416 958 obviorum
1436 930 1541 962 oculos,
1556 919 1688 965 [praedixit

60 978 114 1009 τοὺς
122 977 176 1004 τῶν
189 979 410 1013 ἐντυγχανόντων
425 978 582 1014 ὀφθαλμοὺς
595 979 706 1015 ἀφορῶν
726 978 840 1015 προέλεο

898 977 1055 1011 frequenter
1063 976 1176 1011 singulis
1191 981 1303 1003 mortem
1311 976 1465 1003 violentam.
1483 975 1597 1003 Causam
1607 983 1686 1007 vero.

60 1031 100 1057 γεν
113 1024 243 1050 ἑκάστοτε
259 1024 308 1059 τὴν
333 1024 406 1059 βίᾳδι
422 1024 607 1060 γενησομένην
619 1024 727 1059 ἑκάστῳ
742 1024 839 1050 τελευ-

895 1031 942 1058 qua
967 1027 1030 1050 ante
1051 1027 1233 1057 praenosceret
1249 1043 1257 1055 ,
1272 1031 1306 1050 ne
1331 1023 1388 1058 ipse
1403 1023 1510 1057 quidem
1531 1024 1621 1050 dicere
1640 1030 1689 1056 po-

59 1070 111 1104 τήν.
130 1070 186 1104 Τὴν
206 1069 230 1096 δ’
246 1070 335 1096 αἰτίαν
356 1070 406 1103 τῆς
427 1069 607 1104 προγνώσεως
620 1069 675 1096 οὐδ’
689 1069 770 1100 αὐτὸς
783 1066 840 1104 εἶχε

61 1115 162 1150 φράζειν
171 1122 180 1130 '
198 1115 290 1142 καίτοι
303 1116 432 1151 ἐπειρᾶτο
441 1115 464 1132 δ’
474 1115 650 1151 ἐρωτώμενος
658 1115 689 1142 τὸ
702 1115 839 1142 σκοτεινὸν

60 1160 105 1186 τῶν
116 1160 263 1195 ὀφθαλμῶν
280 1161 418 1188 αἰτιᾶσθαι
431 1161 479 1187 καὶ
492 1160 627 1196 ἀχλυῶδες
643 1161 690 1187 καὶ
709 1159 837 1195 νοτισμοῠ

62 1207 159 1241 μεστὸν,
173 1205 230 1233 οἷον
247 1207 293 1234 ἐπὶ
306 1207 416 1234 πένθεσι
430 1208 488 1238 ταῖς
501 1208 595 1242 κόραις
609 1207 703 1239 αὐταῖς
718 1207 838 1242 ἐμφερό-

63 1262 141 1287 μενον.
153 1254 211 1280 Καὶ
227 1253 358 1289 Οὐράνιόν
371 1261 432 1280 τινα
446 1254 541 1288 ὄνομα,
549 1253 702 1287 Ἀπαμείας
710 1252 734 1269 ⁵³
747 1253 797 1288 τῆς
809 1253 838 1280 ὲν

62 1300 134 1335 Συρίᾳ
150 1299 267 1334 πολίτην
281 1300 327 1327 καὶ¹
347 1300 467 1335 ἄρξαντα
483 1299 652 1334 Καισαρείας
671 1299 721 1334 τῆς
740 1300 769 1325 ὲν
783 1299 839 1325 Πα-

61 1343 182 1382 λὶιστίνῃ,
198 1347 255 1373 ἀπὸ
275 1346 330 1372 τῶν
353 1346 501 1381 ὀφθαλμῶν
512 1345 655 1382 γνωρίζειν
674 1345 722 1372 τὸν
745 1346 838 1381 ὅμοιον

61 1392 148 1427 τρόπον
161 1393 227 1424 τοὺς
241 1392 426 1428 πολυαράτους
437 1392 538 1426 γόητας
549 1400 626 1427 φησι.
641 1391 696 1418 Καὶ
709 1391 801 1426 Νόμου
810 1391 839 1418 δέ

62 1446 113 1465 τινα
132 1438 269 1473 τοῠνομα,
286 1438 400 1474 πολίτην
413 1438 488 1471 ἴδιον,
503 1439 517 1465 ὁ
534 1438 709 1473 συγγραφεὺς
732 1437 840 1472 λέγειδδ

61 1485 107 1510 ἀπὸ
129 1485 177 1520 τῆς
202 1485 274 1512 κατὰ
294 1485 329 1511 τὰ
342 1485 453 1520 ὄμματα
471 1484 525 1512 τῶν
539 1484 758 1519 ἐντυγχανόντων
775 1484 839 1515 θέας

61 1531 114 1560 τοὺς
138 1530 323 1562 λανθάνοντας
345 1530 536 1565 ἐπιγινώσκειν
557 1530 665 1564 φονέας.
691 1529 720 1556 '0
742 1530 770 1556 δὲ
794 1530 839 1556 τὸν

62 1576 158 1609 Αἰγαῖον
181 1575 404 1611 διαπεραιωθεὶς,
429 1577 443 1602 ό
460 1575 604 1610 Ἰσίδωρος,
629 1575 677 1602 καὶ
702 1574 783 1606 αὐτὸς
810 1574 839 1601 δὲ

67 1603 273 1656 Ἀσκληπιάδης,
288 1603 408 1655 ἔφασκεν
427 1603 733 1656 ἑωρακέναι-πλόκαμον
757 1603 788 1647 ὲν
807 1620 846 1655 τῷ
860 1603 881 1632 c

62 1665 139 1702 Νείλῳ
152 1665 271 1702 ποταμῷ
280 1666 303 1683 ⁸⁵
316 1666 455 1701 δαιμόνιον
467 1666 497 1692 τὸ
510 1665 625 1701 μέγεθος
635 1664 681 1692 καὶ
692 1665 723 1691 τὸ
735 1665 843 1697 κάλλος.

62 1711 134 1744 Αὖθις
153 1712 183 1739 δέ
206 1720 271 1739 ποτε
287 1711 363 1747 παρὰ
376 1711 415 1747 τῷ
428 1711 516 1746 Νείλῳ
525 1711 547 1727 ⁸⁸
562 1711 737 1745 ἑστιωμένοις
754 1712 845 1746 ἀμφο-

62 1758 139 1794 τέροις
149 1758 255 1795 (παρῆν
264 1759 293 1785 δὲ
305 1760 337 1785 ὲκ
351 1758 452 1794 τρίτων
467 1757 515 1785 καὶ
526 1757 548 1773 ⁸⁷
563 1758 577 1784 ὁ
590 1758 724 1792 ἡμέτερος
737 1758 844 1792 φιλόσο-

62 1805 111 1840 φος)
125 1805 277 1841 ἀνέδραμεν
292 1804 346 1832 ἀπὸ
367 1804 416 1831 τοῦ
429 1803 552 1839 ποταμοῦ
569 1803 710 1838 πλόκαμος
727 1804 766 1836 ὡς
781 1804 844 1831 ἰδεῖν

62 1851 236 1887 πεντάπηχυς.
259 1851 313 1878 Καὶ
345 1849 431 1877 πολλὰ
459 1849 572 1876 τοιαῦτα
600 1849 732 1884 φάσματα
758 1850 843 1883 λέγει.

63 1896 113 1924 ὀτι
124 1899 193 1926 κατὰ
206 1898 255 1933 τὴν
270 1896 440 1924 Ἡλιούπολιν
452 1895 502 1930 τῆς
514 1895 614 1931 Συρίας
624 1896 664 1927 είς
680 1895 742 1931 ὅρος
755 1895 785 1922 τὸ
797 1896 843 1922 τοῦ

63 1942 166 1970 Λιὸάνου
183 1943 230 1970 τὸν
244 1941 445 1977 Ἀσκληπιάδην
462 1940 582 1967 ἀνελθεῖν
604 1948 689 1974 φησι,
703 1940 752 1966 καὶ
779 1940 843 1968 ἰδεῖν

62 1988 137 2015 πολλὰ
148 1988 206 2014 τῶν
222 1987 377 2022 λεγομένων
394 1985 565 2022 βαυιιυλίιιυνδ⁸
580 1984 597 2020 ἢ
615 1984 763 2020 βαιτύλων,
780 1988 845 2022 περὶ

62 2033 93 2063 ὦν
107 2037 189 2073 μυρία
203 2036 378 2071 τερατολογιῐ
389 2036 452 2069 ἀξια
466 2036 591 2072 γλώσσης
607 2036 769 2072 ἁσεὸούο-ης.
784 2038 865 2073 Λέγει
892 2039 921 2065 δὲ
946 2037 994 2064 καὶ
1019 2036 1114 2063 ἑαυτὸν
1149 2035 1197 2062 καὶ

896 1074 976 1101 terat.
992 1076 1148 1104 quanquam
1161 1069 1343 1104 interrogatus
1353 1071 1532 1104 pretenderet
1546 1069 1686 1096 oculorum

889 1114 1083 1142 obscuritatem
1109 1119 1137 1142 et
1157 1115 1292 1147 tenebras,
1311 1119 1338 1141 et
1369 1114 1482 1141 humore
1501 1114 1594 1148 plenos
1614 1121 1686 1140 esse!

889 1159 978 1194 qualis
993 1160 1019 1186 in
1032 1160 1104 1187 luctu
1126 1159 1234 1194 pupillis
1251 1160 1316 1194 ipsis
1330 1160 1470 1187 oculormn
1487 1161 1684 1186 contineretur.

889 1206 923 1233 Et
936 1205 1126 1240 aitquemdam
1144 1204 1272 1232 Urauium
1289 1206 1408 1236 nomine,
1421 1205 1587 1239 Apamenum
1599 1205 1686 1232 civem

889 1253 915 1280 iu
924 1252 1231 1288 Syria,etdominantem
1241 1251 1370 1278 Cassareae
1378 1252 1403 1278 in
1412 1251 1566 1283 Palmstina,
1575 1259 1607 1278 ex
1620 1259 1687 1278 ocu—

889 1299 922 1327 lis
939 1306 1020 1326 nosse
1030 1298 1123 1326 eodem
1142 1298 1221 1325 modo
1231 1298 1361 1332 plurimos
1371 1298 1578 1332 praestigiatores
1591 1298 1689 1325 admo‘

889 1344 952 1372 dunt
964 1344 1146 1372 exsecrandos
1156 1352 1164 1377 ;
1174 1347 1201 1371 et
1213 1344 1358 1378 quemdam
1373 1343 1488 1371 Nomum
1501 1345 1603 1377 civem,
1618 1344 1684 1372 Sum

890 1396 997 1423 auctor,
1023 1390 1072 1422 ait,
1090 1397 1123 1417 ex
1137 1390 1196 1417 visu
1209 1389 1351 1417 oculorum
1374 1391 1584 1423 occurrentium,
1601 1391 1687 1417 laten-

891 1442 932 1463 tes
942 1436 1091 1463 homicidas
1102 1437 1253 1470 aguovisse.
1263 1435 1381 1464 Isidorus
1392 1442 1418 1463 et
1429 1437 1485 1471 ipse
1499 1437 1684 1471 Asclepiades,

893 1490 955 1509 cum
973 1482 1144 1517 traiecissent
1157 1490 1233 1509 mare
1241 1482 1362 1518 Eg'eum
1378 1502 1385 1515 ,
1403 1484 1477 1509 aiunt
1500 1491 1530 1510 se
1541 1483 1640 1511 vidisse
1658 1483 1686 1510 in

899 1527 1010 1554 ﬂumine
1023 1526 1082 1554 Nilo
1093 1527 1243 1559 cmsariem,
1256 1528 1322 1554 mira
1333 1528 1522 1562 magnitudine
1535 1532 1563 1554 et
1582 1528 1681 1556 forma.

899 1574 997 1600 Statim
1008 1580 1071 1600 vero
1085 1573 1245 1600 comedente
1255 1575 1454 1608 utroquejuxta
1471 1574 1559 1600 Nilum
1580 1574 1684 1609 (aderat

897 1625 926 1647 et
934 1620 1028 1646 tertius
1034 1624 1129 1646 noster
1136 1619 1322 1655 philosophus)
1330 1620 1468 1647 accurrita
1480 1620 1540 1647 Nilo
1547 1621 1685 1652 caesaries,

899 1670 928 1692 ιιι
952 1665 1104 1697 videbatur,
1119 1665 1239 1699 quinque
1261 1664 1412 1692 cubitorum
1429 1670 1478 1692 :et
1501 1665 1552 1692 alia
1563 1671 1683 1693 monstra

897 1717 1000 1739 narrat.
1010 1709 1090 1738 Juxta
1099 1710 1250 1745 Heliopolin
1261 1710 1357 1746 Syriae,
1375 1711 1413 1738 ait
1441 1711 1629 1746 Asclepiadem
1652 1711 1680 1738 iu

897 1764 1014 1786 montem
1029 1756 1125 1784 Libani
1145 1758 1310 1790 ascendisse,
1325 1762 1353 1785 et
1367 1758 1465 1784 vidisse
1481 1758 1565 1784 multa
1587 1756 1685 1785 betulia

895 1804 937 1830 vel
952 1803 1059 1835 baetula,
1083 1802 1118 1829 de
1131 1803 1230 1836 quibus
1246 1803 1328 1830 utnulla
1357 1803 1527 1838 prodigiose,
1551 1803 1686 1838 dignaque

897 1849 1035 1884 lmpioore
1048 1850 1231 1884 prosequitur,
1250 1850 1369 1884 dicitque
1381 1857 1410 1877 se
1427 1855 1454 1876 et
1475 1849 1605 1876 lsidorum
1629 1850 1687 1876 lucc

897 1899 990 1931 postea
1001 1895 1110 1922 vidisse.
1120 1893 1204 1921 Sacra
1218 1896 1359 1930 progenies
1365 1903 1413 1930 pcr
1423 1902 1453 1922 se
1462 1895 1616 1922 vixitvitam
1625 1895 1686 1922 feli-

896 1949 955 1969 cem
972 1946 997 1967 et
1022 1940 1104 1975 piam,
1117 1940 1331 1975 philosophicam
1342 1960 1350 1974 ,
1374 1941 1580 1975 divinarumque
1596 1948 1685 1968 rerutn

900 1986 1140 2020 invastigatricem,
1158 1992 1252 2012 sancto
1269 1987 1331 2020 igne
1348 1993 1411 2013 aras
1427 1986 1618 2013 accenderunt.

1238 2034 1284 2061 τὸν
1316 2035 1450 2071 Ἰσίδωρον
1488 2037 1575 2063 ταῦτα
1599 2036 1687 2073 χρόνῳ

62 2080 162 2117 ὕστερον
170 2081 330 2109 θεάσασθαι.
338 2081 370 2107 Ἥ
380 2081 408 2107 δὲ
421 2080 482 2115 ιερὰ
494 2081 575 2115 γενεὰ
585 2081 645 2107 καθ’
654 2081 752 2117 ἑαυτὴν
762 2081 836 2119 διέζη
858 2083 915 2118 βίον
931 2081 1042 2117 θεοφιλῆ
1057 2081 1105 2108 καὶ
1116 2081 1274 2117 εὐδαίμονα,
1291 2081 1337 2108 τόν
1369 2090 1399 2108 τε
1415 2082 1613 2117 φιλοσοφοῦντα
1639 2080 1689 2110 καὶ

61 2127 98 2155 τὸν
108 2128 140 2155 τὰ
150 2128 212 2155 θεῖα
226 2127 421 2162 θεραπεύοντα.
442 2127 580 2154 ’Δνέκαιον
594 2127 661 2162 ὁσίῳ
674 2128 741 2163 πυρὶ
753 2129 815 2161 τοὺς
836 2130 954 2166 βωμούς.

91 2176 148 2202 Ὅτι
161 2177 178 2211 ἡ
189 2175 213 2192 ⁸⁵
227 2174 359 2210 πάρδαλις
374 2174 428 2207 ἀεὶ,
441 2175 518 2210 φησὶ,
535 2173 599 2210 διψῇ
609 2174 643 2206 ⁸ο,
664 2175 678 2200 ό
694 2174 770 2210 ῑέραξ
792 2175 838 2202 οὺ-

929 2175 1050 2203 Pardalis
1059 2182 1167 2210 semper
1179 2175 1247 2206 sitit,
1259 2175 1390 2209 accipiter
1399 2183 1535 2210 nunquam
1548 2197 1556 2208 ,
1570 2176 1685 2211 ideoque

61 2221 143 2248 νέποτε
154 2230 161 2237 ·
179 2221 221 2249 διὸ
245 2221 390 2252 σπανιάκις
413 2221 508 2256 ὁρᾶται
522 2221 619 2248 πίνων.
642 2219 671 2247 '0
686 2221 840 2248 ἱπποπόταιι

63 2276 102 2301 μος
124 2268 217 2295 ἄδικον
240 2267 325 2301 ζῶον,
347 2267 408 2294 ὅθεν
432 2267 481 2294 καὶ
503 2268 532 2293 ἐν
557 2268 615 2298 τοῖς
640 2267 842 2302 ίερογλυφικοῖς

62 2314 213 2348 γράμμασιν
232 2313 339 2340 ἀδικίαν
352 2312 447 2348 δηλοῖ·
462 2312 508 2339 τὸν
522 2312 576 2348 γὰρ
592 2312 699 2348 πατέρα
711 2313 842 2340 ἀποκτεί-

62 2368 101 2391 νας
115 2360 236 2395 βιάζεται
256 2359 305 2396 τὴν
328 2360 443 2394 μητέρα.
465 2359 494 2386 '0
512 2359 608 2394 σοῦχος
620 2359 740 2391 δίκαιος
757 2359 844 2394 ὄνομα

63 2404 84 2432 τὲ
93 2407 260 2442 κροκοδείλου
273 2407 320 2434 καὶ
334 2404 403 2438 εἶδος
413 2407 427 2433 ὁ
437 2405 546 2441 σοῦχος·
560 2406 589 2432 οὺ
603 2405 657 2442 γὰρ
671 2405 760 2433 ἀδικεί
772 2406 842 2438 ζῶον

891 2221 980 2250 rarius
987 2221 1094 2248 videtur
1102 2219 1205 2252 bibere,
1221 2219 1432 2255 Hippopotamus
1443 2219 1499 2256 (15)
1517 2221 1615 2254 lnjusta
1628 2221 1685 2248 bel-

895 2267 951 2300 lua,
970 2267 1041 2294 unde
1057 2270 1084 2293 et
1110 2266 1136 2292 in
1163 2266 1378 2302 hieroglyphicis
1394 2267 1449 2301 (l6)
1465 2266 1563 2294 litteris
1586 2268 1684 2294 crude-

900 2313 1002 2340 litatem
1026 2311 1173 2346 signiﬁcat,
1204 2316 1310 2346 patrent
1336 2316 1426 2344 necat,
1452 2317 1566 2339 matrem
1591 2312 1684 2340 violat.

897 2358 1004 2385 Suchus
1015 2364 1081 2384 vero
1089 2356 1179 2390 justus
1187 2362 1240 2390 est,
1256 2358 1327 2391 quod
1340 2364 1435 2384 nomen
1443 2357 1541 2394 3‘3a
1555 2358 1686 2386 crocodili

896 2408 924 2431 et
937 2403 1043 2436 species
1059 2406 1116 2429 est:
1137 2401 1238 2429 nullum
1259 2403 1331 2429 enim
1349 2403 1449 2429 animal
1468 2403 1550 2430 Iazdit.
1573 2403 1679 2431 Duode-

265 2495 267 2497 _
709 2460 827 2488 vanus
846 2448 1051 2488 LECTIONES.

90 2521 111 2537 "
123 2521 250 2549 σανδάλια
262 2519 299 2546 B:
314 2519 431 2546 σάνδαλα
442 2519 480 2551 Ac
490 2526 550 2546 cum
565 2518 647 2545 Suiila
660 2527 686 2546 ν,
702 2518 892 2553 Ἰφικρατὶδες.
930 2517 952 2534 ³⁸
965 2517 999 2545 cf.
1022 2517 1120 2553 Suidas
1133 2525 1159 2545 ν.
1172 2517 1309 2552 Εὐλόφως.
1349 2518 1371 2534 ³⁷
1386 2518 1528 2553 Γιζέριχος
1539 2519 1572 2545 Α.
1613 2519 1636 2535 ³⁸
1653 2519 1687 2552 de

64 2554 210 2583 Marcellino
225 2556 262 2583 cf.
280 2555 379 2582 Suidas
393 2556 420 2582 lt.
436 2562 462 2582 ν.
514 2553 535 2570 ’θ
546 2553 590 2580 δελ

595 2554 686 2587 μάτων
699 2551 734 2580 Αζ
770 2551 793 2569 ⁸ο
806 2553 866 2588 τὴν]
879 2561 908 2578 τε
924 2553 953 2581 Β.
991 2553 1012 2568 ⁸¹
1026 2551 1082 2588 βίᾳ]
1093 2552 1182 2587 βιαίαν
1194 2553 1226 2579 Α.
1265 2553 1287 2568 ⁸¹
1305 2551 1469 2588 ἑπεπείρατο
1481 2551 1510 2585 gr.

1550 2554 1573 2570 “
1595 2554 1684 2580 Ἀπα-

65 2592 131 2626 μείας
142 2592 191 2626 τῆς
204 2591 233 2623 Β,
242 2591 368 2626 Ἀπάμας
381 2590 431 2626 τῆς
448 2589 470 2616 Δ
483 2589 656 2626 εἈπανάστη
671 2597 702 2626 ιςἶ
715 2623 720 2626 _
739 2588 763 2626 δξ
776 2587 868 2626 λέγει]
881 2588 1002 2626 φησιν
1040 2588 1063 2603 ⁵⁵
1073 2587 1247 2626 ίέχτῷνῌλῳ
1255 2588 1405 2626 ἑωρακέναι
1417 2588 1533 2626 ποταμῷ
1546 2589 1687 2626 πλόκαμον

64 2624 89 2652 Β.
121 2627 143 2642 ⁸⁸
159 2622 204 2654 τὸν
215 2622 359 2658 Νεῖλονξ.
398 2622 420 2640 ⁸⁷
437 2625 484 2651 καὶ
493 2629 520 2651 et
530 2631 592 2651 mox
606 2622 655 2658 τῆς
670 2623 733 2651 add.
746 2624 779 2650 Α.
817 2624 840 2639 ⁸⁸
855 2622 1014 2657 βαιτουλίων
1025 2631 1056 2655 ς.
1093 2622 1115 2638 δ’
1130 2624 1146 2658 ὴ
1160 2624 1222 2650 add.
1234 2622 1267 2651 Α.
1294 2622 1330 2639 7⁸⁸
1341 2624 1407 2659 φησὶ
1426 2622 1496 2659 διψῇ
1510 2622 1551 2650 A:
1575 2622 1640 2659 διψᾷ
1650 2624 1685 2656 ς,

816 2681 933 2709 NOTA'I.
950 2700 953 2703 ~

94 2741 145 2778 (Η)
177 2743 213 2770 De
239 2743 289 2770 hoc
308 2742 482 2778 calceamenti
515 2748 621 2777 genere,
638 2748 699 2778 nos
723 2748 757 2768 ex
768 2739 841 2768 Julio

66 2773 171 2807 Polluce.
186 2778 299 2812 aliisque
317 2779 349 2804 ad
367 2777 453 2804 Procli
463 2773 720 2812 Chrisstmnalhiam.

95 2812 145 2847 (ίὸ)
164 2810 386 2847 Hippopotamus.
401 2812 439 2839 De
452 2813 502 2840 hoc
521 2811 642 2847 ﬂuviatili
661 2818 732 2845 equo
745 2810 838 2847 eadem

68 2843 167 2882 Plinius,
186 2843 304 2882 solidus,
320 2853 346 2875 et
357 2848 516 2876 Ammianus
526 2843 707 2880 Marcellinus,
730 2850 758 2874 et
774 2844 837 2873 Plu-

895 2742 1006 2777 tarchus
1018 2740 1044 2767 in
1070 2740 1140 2767 Iside
1164 2741 1303 2777 etllsiride
1324 2740 1459 2777 Egyptiis
1489 2741 1687 2777 impudentiam

894 2775 1048 2817 sig'ttuicare
1059 2776 1106 2806 ait,
1117 2781 1149 2817 et
1165 2776 1299 2817 ‘Qlemens
1314 2775 1392 2817 mg
1410 2775 1540 2817 Str-amat.

930 2809 986 2844 (16)
1007 2809 1151 2845 Ilerapollo
1165 2811 1212 2837 lih.
1230 2819 1248 2843 ι,
1264 2820 1325 2845 cap.
1341 2812 1385 2845 56,
1398 2821 1477 2848 quem
1503 2813 1584 2840 etiam
1617 2820 1689 2840 conv

894 2845 953 2873 sule
961 2846 993 2873 de
1004 2846 1151 2879 crocodio,
1164 2846 1257 2881 aeluro,
1268 2853 1321 2875 etc.
1612 2873 1616 2877 .
