1919 3096
219 125 288 159 1279

786 127 916 158 ΙἮΟΤΙΙ
938 127 1191 157 ΡΑΤΒΙΑΒΟΗᾹΞ
1211 128 1265 157 CP.

1776 130 1844 163 1980

216 185 333 220 pessima
357 183 448 211 ulcera
462 183 538 211 diaeta
554 183 702 218 pellebant,
715 190 843 210 venarum
867 184 1003 210 sectiones

1062 183 1085 209 5s
1108 183 1208 218 σιδήρῳ
1223 183 1270 210 καὶ
1284 182 1352 217 πυρὶ
1366 183 1397 209 οὐ
1423 182 1484 209 λίαν
1498 180 1569 218 ἦσαν
1592 183 1707 219 ἕτοιμοι,
1721 185 1791 212 ἀλλὰ
1804 186 1850 214 καὶ

218 230 403 264 repudiabant.
433 230 535 257 Divites
561 236 662 257 sanans
689 229 812 257 hortatus
827 235 881 261 est,
897 233 1006 264 ulpau-

217 277 326 312 perihus
347 276 539 311 :egrotantibus
562 283 641 310 opem
668 275 781 309 ferrent,
807 280 835 302 et
856 275 901 303 ille
931 274 1004 302 nulla

219 323 342 350 mercede
361 323 478 353 sanavit,
501 322 608 356 publico
624 327 767 349 contentus
795 321 944 348 frumento.
960 321 1005 347 Ait

216 373 321 398 auctor,
350 367 449 394 vidisse
467 375 496 394 se
516 367 630 394 Athenis
649 371 768 393 statuam
793 364 887 393 Jacobi
914 369 941 392 et
964 365 1003 392 vi-

217 419 273 438 Sam
289 410 373 438 fuisse
401 412 451 438 sibi
475 411 619 438 admodum
651 411 785 446 ingeniosi
811 411 939 443 hominis,
962 418 1006 438 se-

215 457 285 487 veri,
315 462 343 483 et
369 458 469 491 gravis.
503 457 553 484 llic
582 456 702 484 Jacobus
734 457 851 484 celebris
880 456 1005 483 Proclum

1059 229 1094 256 τὰ
1109 228 1296 265 μοχθηρότερα
1315 228 1369 255 τῶν
1385 228 1472 256 έλκῶν
1497 229 1589 264 διαίτῃ
1611 231 1847 266 κατηγωνιζοντο·

1059 274 1241 310 φλεϐοτομίαν
1263 275 1285 301 δ’
1310 275 1340 301 οὐ
1366 274 1502 309 προσίετο.
1532 274 1661 302 Ἐπειθεν
1687 277 1702 302 6
1723 277 1852 310 Ἰάκωϐος

1058 321 1121 352 τοὺς
1136 321 1280 352 πλουσίους
1295 320 1428 356 ἰατρεύων
1437 321 1544 356 βοηθεῖν
1554 322 1588 357 τῇ
1601 321 1717 359 νοσούσῃ
1730 321 1795 359 ζὸῧο
1807 324 1851 360 IL]

1059 367 1149 403 πενίᾳ,
1164 367 1211 394 καὶ
1228 367 1308 399 αὐτὸς
1323 368 1422 402 προῖκα
1440 367 1559 402 ίάτρευε,
1578 368 1618 403 τῷ
1631 368 1754 405 δημοσίῳ
1781 370 1853 405 μόνῳ

1058 414 1226 449 ἀρκούμενος
1242 413 1398 449 σιτηρεσίῳ.
1422 414 1483 440 Ὀτι
1504 414 1598 454 ’φησὶν
1620 415 1635 441 6
1665 416 1852 450 συγγραφεὺς,

1061 457 1138 486 Εἶδον
1153 459 1246 486 εἰκόνα
1262 459 1310 485 τοῦ
1330 458 1462 486 Ἰακώϐου
1478 459 1619 495 Ἀθήνῃσι,
1633 460 1681 486 καί
1701 469 1748 495 μοι
1762 461 1852 494 ἔδοξεν

215 502 328 529 Athenis
355 508 484 536 aegrotum
513 510 622 536 curans,
641 502 722 537 jussit
748 502 823 529 illum
852 509 867 529 a
895 502 1006 529 crambe

1062 505 1074 531 ὑ
1088 505 1159 540 ἀνὴρ
1173 505 1275 539 εὐφυὴς
1292 504 1340 539 μὲν
1358 505 1389 531 οὐ
1414 505 1487 532 πάνυ
1502 503 1582 538 εἶναι,
1601 506 1700 540 σεμνὸς
1719 506 1749 532 δὲ
1765 507 1788 522 ³¹
1805 508 1852 533 καὶ

214 547 364 581 abstinere,
380 548 456 575 olera
470 548 583 582 plurima
597 547 749 575 comedere.
784 547 844 581 Hic,
870 555 945 575 more
956 546 1007 583 Py-

1062 550 1202 586 ὲμϐριθής.
1231 546 1316 581 Οὗτος
1340 549 1369 576 δὲ
1385 550 1400 576 ό
1423 549 1551 582 Ἰάκωϐος
1584 550 1699 585 Πρόκλῳ
1719 551 1851 584 νοσοῦντι,

215 593 347 629 thagorae,
377 593 491 620 malvam
521 595 663 621 comedere
691 593 787 621 noluit.

1062 597 1087 622 έν
1112 596 1238 631 Ἀθήναις
1251 597 1273 612 ⁸¹
1293 595 1438 631 διατρίϐων
1451 596 1499 622 καὶ
1520 595 1729 630 θαυμαζόμενος
1740 617 1748 630 ,
1768 606 1852 628 προσ-

214 639 312 672 έταξεν
327 639 478 675 ἀπέχεσθαι
499 639 548 674 μὲν
572 639 715 675 κράμϐης,
733 638 914 675 ἐμφορεῖσθαι
941 639 970 666 δὲ
984 639 1038 667 τῶν
1053 641 1195 678 λαχάνων·
1211 642 1225 669 6
1243 641 1272 668 δὲ
1290 643 1361 669 κατὰ
1374 642 1420 668 τὸν
1435 640 1618 677 Πυθαγόρειον
1650 642 1731 677 νόμον
1750 642 1774 658 ⁸³
1805 643 1854 670 οὐκ

214 685 345 720 ἠνέσχετο
362 685 485 721 μαλάχην
498 686 522 702 ⁸⁸
537 685 649 713 ἐσθίειν.

254 731 462 765 Asclepiodotus
486 739 538 759 non
559 732 671 759 omnino
687 731 855 766 ingeniosus,
871 736 900 759 ut
913 732 1007 760 multis

1101 729 1156 758 Ἦν
1169 729 1197 756 δὲ
1223 729 1238 756 6
1271 729 1496 764 ’Λσκληπιόδοτος
1518 730 1568 766 οὐχ
1587 730 1734 766 ὁλόκληρος
1747 732 1798 768 τὴν
1810 731 1854 758 εὐν

216 775 371 804 hominibus
399 778 485 804 visum
501 783 553 810 est,
573 779 619 805 sed
645 777 672 804 in
702 777 916 806 dubitationibns
941 786 1007 805 acu-

1062 777 1151 812 φυῖαν,
1164 777 1202 808 ῶς
1214 777 1270 807 τοῖς
1285 776 1423 807 πλείστοις
1445 776 1518 809 ἔδοξε
1533 776 1587 803 τῶν
1615 777 1778 812 ἀνθρώπων,
1795 777 1854 804 ἀλλ’

217 822 348 855 tissimus,
365 823 398 849 ad
416 823 618 861 intelligendum
645 831 697 850 non
716 824 785 851 adeo
800 824 898 857 solers,
922 831 1007 859 neque

1062 822 1174 857 ἀπορεῖν
1192 821 1241 857 μὲν
1259 820 1398 854 ὀξύτατος,
1417 822 1536 848 συνεῖναι
1548 821 1576 848 δὲ
1593 822 1624 849 οὐ
1643 822 1704 849 λίαν
1721 823 1852 858 ἀγχίνους

218 868 275 903 ipse
290 869 331 895 sui
357 869 464 902 similis,
487 870 606 905 alioquin
621 875 649 898 et
665 877 708 898 res
725 870 849 903 divinas,
865 871 1007 902 obscuras,

1062 867 1122 894 οὐδὲ
1136 866 1217 898 αὐτὸς
1231 867 1321 902 ἑαυτῷ
1342 867 1446 901 ὅμοιος,
1473 867 1593 894 ἄλλωστε
1607 869 1657 894 καὶ
1670 868 1705 895 τὰ
1729 868 1854 903 θειότερα

214 920 244 942 et
263 914 360 951 3446
388 915 437 942 sub
462 916 667 950 intelligentiam
685 915 825 948 cadentes,
848 921 876 944 et
896 916 1010 943 eximios

217 960 277 988 illus
304 969 402 988 sensus
423 960 546 989 Platonis
572 961 741 996 intelligebat
767 969 774 988 :
799 963 832 989 ad
862 961 1009 997 Orphicam

217 1004 448 1039 Chaldaicamque
479 1005 603 1032 altiorem
630 1006 826 1040 cognitionem,
846 1013 907 1040 qua:
933 1013 1009 1034 com-

217 1056 326 1076 munem
356 1050 574 1084 philosophorum
610 1056 720 1085 captum
751 1052 906 1086 excederet,
933 1052 1011 1088 longe

215 1102 278 1122 erat
302 1095 424 1122 inferior.
438 1095 469 1124 ln
486 1097 610 1132 physicis
631 1098 754 1126 omnium
780 1099 821 1126 sui
836 1098 928 1126 saeculi
951 1104 1011 1127 erat

217 1142 407 1171 doctissimus:
433 1144 559 1171 similiter
572 1149 600 1172 et
614 1145 641 1172 in
658 1145 785 1178 mathesi,
805 1146 875 1174 unde
897 1151 926 1174 et
941 1153 1010 1180 pra:-

217 1192 258 1215 ter
279 1189 332 1215 alia
363 1197 488 1224 magnatn
515 1190 614 1224 ingenii
629 1191 742 1226 gloriam
763 1195 928 1219 consecutus
951 1195 1006 1219 est.

216 1234 245 1261 In
269 1235 364 1262 morali
389 1236 571 1271 philosophia,
589 1241 617 1264 et
631 1244 691 1271 quae
716 1238 749 1265 de
778 1238 926 1266 virtutibus
956 1242 1007 1270 est,

216 1288 326 1313 semper
347 1288 445 1308 novum
471 1281 537 1316 quid
558 1283 690 1314 invenire,
705 1287 732 1310 et
754 1283 1008 1318 contemplationem

216 1326 250 1354 ad
268 1326 394 1354 inferiora
420 1328 588 1363 visibiliaque
616 1329 725 1356 trahere
748 1329 896 1357 conabatur
918 1329 1009 1356 :nihil

216 1372 337 1406 quidem,
360 1378 389 1400 ut
413 1373 450 1400 ita
478 1375 583 1408 loquar,
608 1382 642 1402 ex
667 1375 785 1410 antiquis
820 1374 1008 1409 intelligentiis

216 1424 339 1450 servans,
368 1417 458 1444 omnia
488 1419 661 1446 condensans
680 1424 713 1451 et,
730 1419 860 1454 colligens
876 1419 902 1446 in
929 1425 1008 1446 natu-

216 1469 273 1489 ram
304 1463 408 1490 mundi.
443 1463 529 1491 Natus
551 1466 584 1491 ad
615 1465 747 1492 musicam
779 1466 1007 1500 Asclepiodotus,

218 1507 386 1541 deperditum
405 1513 493 1535 tamen
518 1509 716 1536 enarmonicum
743 1518 799 1537 non
819 1511 905 1545 potuit
934 1518 1010 1538 revo-

1061 913 1116 940 τῶν
1131 912 1313 948 πραγμάτων.
1324 912 1375 939 ὅσα
1390 912 1482 947 ἀφανῆ
1495 913 1542 939 καὶ
1552 913 1636 948 νοητὰ
1647 914 1694 940 καὶ
1707 914 1759 949 τῆς
1778 915 1853 941 Πλά-

1061 966 1145 989 τωνος
1155 957 1283 992 ἐξαίρετα
1301 956 1439 988 ιδιανοίας.
1458 957 1530 992 Πρὸς
1556 957 1585 983 δὲ
1605 957 1653 993 τὴν
1673 958 1805 993 Ὀρφικήν
1823 967 1855 985 τε

1061 1004 1108 1031 καὶ
1120 1003 1276 1038 Χαλδαῑκὴν
1299 1002 1349 1038 τὴν
1375 1002 1398 1018 ⁸⁵
1427 1001 1598 1037 ὑψηλοτέραν
1620 1003 1725 1038 σοφίαν,
1747 1005 1856 1031 καὶτὸν

1061 1050 1151 1077 κοινὸν
1177 1048 1336 1083 φιλοσοφίας
1356 1047 1418 1074 νοῦν
1441 1047 1656 1083 ὑπεραίρουσαν,
1686 1049 1726 1075 ἑτι
1753 1049 1854 1084 μᾶλλον

1063 1095 1195 1123 ἐλείπετο.
1210 1094 1282 1131 Πρὸς
1296 1094 1324 1121 δὲ
1341 1093 1517 1129 φυσιολογίαν
1530 1094 1585 1120 τῶν
1599 1094 1661 1121 καθ’
1675 1095 1770 1121 ἑαυτὸν
1784 1095 1854 1122 πάν-

1060 1150 1116 1168 των
1133 1139 1167 1177 ἧν
1183 1140 1438 1176 ὲρρωμενέστατος·
1452 1139 1583 1171 ὡσαύτως
1597 1139 1643 1166 καὶ
1655 1139 1683 1165 ὲν
1693 1140 1748 1170 τοῖς
1766 1139 1855 1175 μαθή-

1062 1195 1156 1223 μασιν,
1175 1187 1222 1221 ἀφ’
1240 1183 1277 1214 ὦν
1293 1187 1339 1212 καὶ
1355 1186 1401 1212 ἐπὶ
1419 1186 1454 1213 τὰ
1471 1185 1538 1213 ἄλλα
1552 1185 1583 1212 τδ
1594 1184 1666 1219 μέγα
1681 1185 1730 1220 τῆς
1748 1185 1855 1219 φύσεως

1061 1233 1237 1268 ἀπηνέγκατο
1251 1232 1339 1264 κλέος.
1359 1232 1403 1259 Ἐν
1414 1233 1470 1263 τοῖς
1486 1232 1551 1267 περὶ
1560 1231 1634 1266 ἠθῶν
1643 1230 1672 1257 δὲ
1683 1232 1730 1258 καὶ
1747 1231 1855 1266 ἀρετῶν

1060 1279 1103 1306 ἀεί
1113 1288 1140 1306 τι
1155 1279 1329 1314 καινουργεῖν
1341 1277 1490 1313 ἐπεχείρει,
1509 1278 1556 1304 καὶ
1575 1277 1643 1312 πρὸς
1658 1277 1692 1304 τά
1714 1278 1791 1303 κάτω
1806 1277 1855 1303 καὶ

1060 1324 1095 1351 τὰ
1111 1325 1133 1340 ⁸⁸
1144 1324 1297 1359 φαινόμενα
1313 1323 1467 1350 συστέλλειν
1480 1323 1529 1358 τὴν
1546 1323 1676 1358 θεωρίαν,
1709 1322 1787 1350 οὐδὲν
1803 1322 1855 1357 μὲν

1061 1370 1110 1407 (ὡς
1127 1369 1190 1401 ἔπος
1199 1369 1298 1404 εἰπεῖν)
1327 1369 1381 1397 τῶν
1401 1369 1522 1405 ἀρχαίων
1545 1369 1689 1403 νοημάτων
1712 1369 1858 1396 άποικονο-

1066 1416 1212 1451 μούμενος,
1226 1416 1315 1443 πάντα
1329 1415 1358 1442 δὲ
1375 1415 1504 1442 συνωθῶν
1519 1416 1567 1442 καὶ
1580 1415 1707 1449 κατάγων
1720 1416 1760 1446 είς
1775 1415 1856 1451 τήνδε

1059 1463 1109 1497 τὴν
1123 1462 1204 1496 φύσιν
1238 1461 1288 1497 τὴν
1323 1461 1511 1496 περικόσμιον.
1537 1461 1598 1487 Ὀτι
1634 1460 1816 1496 εὐφυέστατος
1841 1461 1857 1487 6

1066 1509 1291 1545 ’Δσκληπιόδοτος
1307 1509 1373 1544 περὶ
1387 1508 1519 1544 μουσικὴν
1536 1507 1658 1542 γεγονὼς
1681 1508 1711 1534 τδ
1728 1507 1857 1541 ἐναρμό-

216 1559 290 1585 care,
317 1560 473 1587 quanquam
500 1554 551 1581 alia
573 1555 625 1583 duo
650 1561 750 1583 cantus
776 1563 875 1591 genera
904 1557 1007 1584 rescin-

1062 1564 1126 1582 νων
1150 1555 1228 1589 γένος
1243 1554 1382 1585 ἀπολωλὸς
1406 1555 1456 1589 οὐχ
1472 1551 1560 1580 οἷόστε
1587 1553 1695 1587 ἐγένετο
1711 1552 1858 1579 ἀνασώσα-

216 1598 292 1625 deret
313 1603 340 1626 et
365 1600 537 1634 reprimeret,
558 1601 673 1628 alterum
699 1602 891 1629 chromaticum
920 1603 1007 1637 appel-

216 1643 312 1678 latum,
333 1645 447 1672 alterum
467 1646 653 1680 diatonicum;
669 1647 838 1675 harmoniam
852 1653 941 1675 tamen
955 1656 1006 1675 non

217 1689 332 1722 invenit,
359 1691 484 1724 quamvis
512 1693 651 1726 magades,
681 1697 711 1720 ut
731 1693 812 1726 dixit,
835 1693 956 1725 mutarit,
981 1698 1009 1720 et

217 1737 431 1769 transposuerit,
460 1745 511 1764 non
539 1739 628 1766 minus
656 1746 738 1772 quam
763 1738 857 1773 viginti
881 1744 910 1766 et
928 1739 1005 1765 duas.

216 1779 303 1807 Causa
318 1788 367 1807 cur
383 1789 433 1809 non
462 1782 605 1816 inveniret,
633 1783 690 1810 haec
717 1787 779 1810 est:
794 1783 932 1810 minimam
950 1791 1008 1811 mo-

216 1827 385 1854 derationem
418 1829 635 1856 harmonicarum
677 1829 887 1861 dimensiouum,
924 1837 1004 1864 quam

215 1873 302 1900 diesin
327 1873 389 1908 (hoc
407 1879 459 1906 est,
484 1875 601 1910 primum
629 1883 738 1909 sonum,
766 1876 812 1911 qui
834 1876 862 1903 in
878 1876 1004 1904 cantibus

216 1919 374 1954 percipitur)
406 1926 513 1953 vocant,
531 1928 547 1949 e
578 1926 672 1949 nostro
711 1929 792 1950 sensu
822 1922 950 1956 perdidit,
979 1925 1007 1949 et

216 1965 298 1993 etiam
330 1966 403 1993 aliud
421 1974 506 2001 genus
530 1968 734 1995 enarmonicum
763 1967 843 1996 simul
874 1968 1007 2003 corrupit.

216 2010 422 2045 Asclepiodotus
438 2019 452 2038 a
475 2011 576 2039 Jacoho
598 2013 758 2040 medicinam
782 2012 892 2040 discens
908 2012 943 2041 ad
966 2020 1009 2041 ve-

216 2057 326 2091 stigium
351 2057 424 2084 illttm
453 2057 586 2092 sequitur,
614 2058 640 2085 in
667 2057 758 2086 multis
774 2058 855 2086 etiam
885 2063 1007 2094 superat.

217 2100 284 2128 Nam
299 2103 430 2129 amissum
444 2103 508 2129 olim
533 2110 612 2130 usum
629 2103 685 2130 albi
716 2103 839 2135 ellebori,
853 2111 904 2132 nec
925 2104 1007 2131 etiam

217 2155 232 2174 a
257 2147 360 2175 Jacobo
389 2148 574 2181 observatum,
600 2149 657 2184 ipse
682 2149 832 2183 renovavit,
851 2154 880 2177 et
908 2149 1009 2177 illoin-

217 2193 354 2222 sanabiles
374 2194 483 2222 morbos
514 2190 643 2222 inusitato
675 2195 756 2223 modo
780 2196 896 2223 sanavit.
914 2195 1008 2222 Ascle-

1061 1601 1134 1634 σθαι,
1151 1601 1240 1628 καίτοι
1256 1599 1340 1628 τᾶλλα
1352 1600 1399 1628 δύο
1409 1601 1475 1636 γένη
1485 1598 1646 1634 κατατεμὼν
1660 1599 1708 1625 καὶ
1718 1599 1858 1634 ἀνακρου-

1061 1647 1189 1682 σάμενος.
1219 1646 1250 1673 τό
1273 1654 1303 1673 τε
1334 1645 1522 1680 χρωματικὸν
1540 1643 1742 1679 ὀνομαζόμενον
1759 1643 1806 1669 καὶ
1824 1644 1858 1670 τδ

1060 1692 1243 1719 διατονῑκόν.
1261 1692 1298 1718 Τὸ
1316 1692 1344 1719 δὲ
1367 1691 1528 1726 ἐναρμόνιον
1539 1690 1589 1725 οὐχ
1602 1687 1676 1725 εὗρε,
1691 1689 1781 1715 καίτοι
1801 1698 1859 1724 μα-

1061 1739 1157 1772 γάδας,
1187 1739 1226 1770 ὡς
1254 1738 1358 1772 ἔλεγεν,
1395 1736 1553 1770 ὑπαλλάξας
1584 1737 1633 1763 καὶ
1654 1735 1783 1770 μεταθεὶς
1804 1736 1859 1762 οὐκ

1062 1784 1189 1816 ἐλάττους
1199 1783 1286 1811 εῐκοσι
1310 1783 1357 1811 καὶ
1384 1782 1539 1810 διακοσίων.
1562 1780 1644 1817 [1055
1662 1780 1707 1816 IL]
1724 1781 1815 1808 Αἴτιον
1827 1780 1860 1807 δὲ

1061 1831 1112 1865 τῆς
1128 1830 1165 1865 μὴ
1183 1830 1322 1865 εὑρέσεως
1347 1829 1378 1855 τὸ
1392 1827 1534 1862 ἐλάχιστον
1549 1827 1650 1862 μέτρον
1666 1826 1722 1853 τῶν
1737 1827 1860 1862 ἐναρμο-

1062 1875 1126 1903 νίων
1136 1875 1340 1910 διαστημάτων,
1357 1874 1425 1910 ὅπερ
1440 1873 1523 1900 δίεσιν
1538 1871 1712 1907 ὀνομάζουσι.
1731 1871 1817 1898 Τοῦτο
1825 1872 1859 1906 δὴ

1062 1921 1202 1953 ἀπολωλὸς
1216 1923 1249 1948 ὲκ
1263 1920 1313 1956 τῆς
1323 1920 1460 1955 ἡμετέρας
1471 1918 1625 1954 αἰσθήσεως
1635 1919 1683 1945 καί
1692 1918 1722 1944 τὺ
1731 1917 1796 1944 ἄλλο
1809 1917 1859 1951 γέ-

1061 1978 1106 2001 νος
1123 1969 1155 1995 τδ
1181 1967 1342 2002 ἐναρμόνιον
1365 1965 1577 2002 προσαπώλεσεν
1589 1965 1623 1991 ⁸⁷.
1648 1964 1710 1990 Ὀτι
1736 1963 1859 1997 Ἰακώϐῳ

1060 2015 1096 2042 τὰ
1113 2015 1184 2042 κατὰ
1195 2014 1244 2049 τὴν
1277 2012 1404 2048 ἰατρικὴν
1426 2010 1608 2047 μαθητευθεὶς
1624 2011 1639 2037 6
1659 2009 1859 2044 Ἀσκληπιόδσ-

1061 2069 1107 2093 τος
1121 2061 1155 2094 ⁸⁸,
1171 2061 1219 2087 καὶ
1233 2059 1294 2087 κατ’
1311 2059 1371 2094 ἴχνη
1390 2059 1490 2093 βαίνων
1515 2057 1633 2091 ἐκείνου,
1662 2056 1736 2082 ἔστιν
1757 2052 1799 2086 οἷς
1811 2055 1860 2082 καὶ

1062 2107 1248 2143 ὑπερεϐάλετο
1259 2106 1292 2133 ⁸⁸.
1313 2105 1371 2132 Καὶ
1396 2104 1451 2139 γάρ
1474 2103 1521 2130 καὶ
1537 2102 1585 2130 τοῦ
1599 2101 1698 2129 λευκοῦ
1714 2101 1858 2136 ἐλλεϐόρου

1063 2153 1147 2180 πάλαι
1174 2153 1224 2188 τὴν
1255 2152 1354 2187 χρῆσιν
1378 2151 1551 2178 ἀπολωλυίαν
1576 2150 1622 2177 καὶ
1643 2149 1704 2184 μηδ’
1734 2148 1858 2182 Ἰακώϐῳ

1063 2197 1250 2225 ἀνασωοείσαν
1270 2195 1352 2227 αὐτὸς
1381 2195 1547 2228 ἀνεκαίνισε,
1562 2195 1611 2221 καὶ
1624 2194 1659 2221 δι’
1680 2193 1763 2220 αὑτοῦ
1778 2193 1859 2219 ἀνιά-

218 2240 344 2273 piodotus
370 2240 472 2266 nullum
489 2247 504 2267 e
524 2241 601 2268 novis
631 2241 757 2274 medicis,
793 2246 894 2275 praeter
928 2240 1007 2268 Jaco-

1062 2252 1122 2275 τους
1135 2243 1227 2274 νόσους
1247 2241 1407 2277 παραδόξως
1428 2241 1554 2273 ὲξιάσατο
1566 2241 1600 2268 ⁸ο.
1627 2240 1688 2266 Ὅτι
1708 2240 1723 2266 6
1741 2239 1858 2273 ’Δσκλη-

218 2284 292 2317 bum,
313 2286 447 2320 probavit,
463 2293 496 2313 ex
512 2287 632 2321 antiquis
661 2292 721 2321 post
734 2287 937 2322 Hippocratem,
953 2288 1003 2315 So-

218 2339 314 2358 ranum
331 2331 453 2365 Cilicem,
471 2332 613 2360 Maleoten.
641 2332 774 2366 Quocirca
790 2341 902 2362 uxorem
930 2342 1008 2362 suam

219 2376 367 2405 Damianen
383 2378 590 2414 Asclepiodotus
606 2379 820 2415 pudicissimam,
834 2385 862 2407 et
875 2380 948 2415 quod
962 2388 1008 2407 ra-

217 2431 279 2450 rum
302 2429 354 2458 est,
379 2424 588 2459 magnanimam,
615 2425 758 2460 virilisque
787 2431 888 2454 mentis
911 2427 937 2454 in
959 2427 1008 2454 ad-

220 2470 424 2498 ministratione
440 2471 560 2503 fantilim,
573 2472 800 2506 quemadmodum
822 2472 850 2499 in
870 2477 1012 2500 consuetu-

219 2515 281 2542 dine
309 2521 413 2543 castam
437 2524 486 2544 nec
506 2517 702 2552 voluptuariam
732 2519 859 2546 reddidit.
877 2518 1013 2553 Hierapoli

219 2563 249 2591 in
277 2562 393 2598 Phrygia
422 2563 549 2598 templum
581 2568 641 2591 erat
662 2564 810 2599 Apollinis;
842 2564 941 2591 subtus
956 2563 1013 2598 spi—

1062 2289 1182 2319 πιόδοτος
1193 2286 1246 2313 τῶν
1259 2287 1306 2321 μὲν
1315 2286 1455 2320 νεωτέρων
1465 2285 1565 2321 ἰατρῶν
1574 2286 1628 2312 τὸν
1636 2284 1766 2312 Ἰάκωϐον
1777 2285 1858 2319 μόνον

1064 2334 1223 2369 ἀπεδέχετο,
1243 2332 1298 2359 τῶν
1317 2332 1346 2358 δὲ
1366 2331 1559 2367 πρεσϐυτέρων
1589 2331 1658 2366 μετὰ
1680 2331 1726 2358 τὸν
1763 2330 1858 2356 Ἰππο-

1062 2380 1166 2416 κράτην
1178 2379 1302 2415 Σωρανὸν
1323 2378 1368 2405 τὸν
1382 2378 1481 2404 Κίλικα
1497 2377 1543 2404 τὸν
1568 2376 1720 2411 Μαλεώτην
1735 2376 1770 2403 ⁹¹.
1795 2374 1859 2401 Τοι-

1067 2427 1163 2461 γάρτοι
1182 2425 1229 2452 καὶ
1244 2424 1407 2451 ἀπετέλεσεν
1423 2425 1437 2450 6
1451 2422 1678 2459 ’Δσκληπιϐδοτος
1692 2422 1742 2457 τὴν
1754 2422 1860 2456 Δαμια-

1067 2473 1115 2508 νὴν
1128 2470 1360 2506 αἰδημονεστάτην
1375 2470 1422 2496 καὶ
1431 2470 1584 2505 παράλογον
1596 2469 1618 2485 ”
1632 2467 1724 2499 οὖσαν,
1736 2467 1786 2502 τὴν
1797 2468 1861 2493 ἑαυ-

1067 2517 1114 2544 τοῦ
1129 2516 1252 2552 γαμετὴν
1262 2536 1270 2548 ,
1286 2515 1461 2551 ὺψηλόφρονα
1478 2515 1526 2542 καὶ
1536 2514 1714 2549 ἀνδρόϐουλον
1725 2514 1767 2543 εἰς
1785 2513 1859 2539 οἱκο-

1067 2563 1173 2598 νομίαν,
1184 2561 1278 2598 ὥσπερ
1289 2556 1415 2597 σώφρονα
1431 2562 1478 2588 καὶ
1495 2561 1633 2596 ἄθρυπτον
1642 2560 1681 2591 εἰς
1691 2558 1858 2594 συμϐίωσιν.

868 2629 987 2657 VARIE
1008 2629 1212 2658 LECTIONES.

258 2703 279 2719 “
291 2702 319 2728 δὲ
333 2709 389 2729 om.
399 2702 430 2729 C.
467 2702 490 2718 δ’
513 2702 642 2737 ’Λθήναις
652 2701 672 2727 Β
689 2710 695 2728 :
714 2700 864 2735 Ἀθηναίοις
873 2700 964 2737 ςπλη
977 2700 1057 2737 νόμον
1078 2707 1131 2726 om.
1144 2700 1185 2737 A.A
1199 2699 1237 2737 ff

1261 2698 1390 2733 μαλαχῶν
1403 2699 1434 2725 Α.
1451 2698 1485 2725 de
1496 2707 1525 2725 re
1535 2698 1570 2725 cf.
1585 2697 1742 2733 Jamblich,
1755 2697 1790 2724 de
1800 2696 1859 2725 vita

222 2737 383 2772 l‘ylhagora:
398 2746 423 2772 p.
438 2737 548 2764 linstvr.
607 2737 652 2764 Μ.
667 2732 839 2772 etfprotrept.
855 2744 882 2771 p.
899 2735 959 2772 159.
973 2770 978 2772 _
997 2735 1081 2772 “{th
1098 2741 1160 2772 ante
1175 2732 1344 2772 ὑψηλοτέραν
1362 2734 1425 2772 addt
1438 2734 1469 2761 A.
1508 2734 1578 2772 ’λτᾲ
1591 2742 1646 2772 om.
1715 2769 1721 2772 _
1734 2732 1758 2772 αἶ
1770 2741 1856 2772 προσς

221 2771 365 2799 απὼλεσεν
384 2771 560 2807 άγυμνάστου
586 2771 751 2807 πρδςῗαῦτὸ
777 2771 827 2807 τῆς

223 2809 300 2834 Suid.
319 2809 346 2835 h.
359 2816 385 2835 V.

222 2850 251 2870 γ.
268 2843 393 2878 Σωρανὺς
433 2842 565 2878 Ἐφέσιος.

423 2805 446 2824 ’θ
460 2805 642 2842 ὑπερεϐάλετο
659 2806 698 2834 B:
724 2806 925 2842 ὑπερεϐάλλετο
939 2814 984 2842 g.»
1008 2806 1031 2822 '°
1050 2805 1145 2831 ἰάσατο
1157 2814 1186 2836 ς.

612 2843 634 2859 ⁹¹
654 2838 825 2878 παράλογον]
846 2842 961 2869 fortasse
978 2840 1120 2876 legendum
1139 2838 1214 2875 παρὰ
1228 2839 1316 2873 λιὲγον.

852 2767 936 2805 ἆκοῆς
967 2767 1204 2805 ἀπολελειμμένης
1223 2767 1322 2805 Suidas
1344 2777 1369 2805 υ.
1382 2769 1481 2805 Διέσιν.
1520 2769 1542 2783 ⁸⁸
1557 2769 1589 2795 ile
1606 2767 1857 2805 Asclepiodotorf.

1237 2805 1258 2820 “
1271 2803 1432 2839 Μαλεώτην]
1449 2804 1502 2831 imo
1517 2803 1668 2839 Μαλλώτην
1697 2811 1760 2830 cum
1774 2802 1859 2829 Sttith
