1919 3096
70 146 130 179 1281

558 145 821 176 BIBLIOTHECA.
837 157 873 165 -
892 145 974 177 COD.
991 148 1128 180 CCXLIi.

1629 156 1699 189 1282

73 204 130 229 Ὅτι
160 202 190 228 ἐν
221 200 369 236 Ἱεραπόλει
406 201 456 236 τῆς
474 202 595 237 Φρυγέας
625 202 697 237 ἱερὸν
713 199 844 238 ἦν’Λπόλ

912 203 1034 231 raculutu
1072 211 1133 233 erat
1164 206 1280 236 lethil'eri
1319 209 1442 244 spiritus.
1472 208 1606 244 Spelunca
1644 214 1701 242 heec

68 249 157 279 λωνος,
174 247 227 274 ὑπὸ
238 247 266 273 δὲ
284 247 331 274 τὸν
344 246 408 273 ναδν
423 247 592 274 καταϐάς-ιον
619 248 747 275 ὑπέκειτο
774 248 856 275 θανα-

68 296 158 329 σίμους
172 293 310 325 ἀναπνοὰς
341 293 540 329 παρεχόμενον.
567 294 669 321 Τοῦτον
694 294 740 321 τὸν
760 294 857 330 βόθρον

66 342 116 368 οὐδ’
135 340 238 367 ἄνωθέν
255 341 329 366 ἐστιν
345 339 406 376 [561
423 339 468 376 11.]
484 340 625 367 ἀκίνδυνον
637 341 698 367 οὺδέ
711 342 768 373 τοῖς
785 350 855 376 πτη-

66 388 114 419 νοῖς
124 387 178 414 τῶν
193 385 270 418 ζώων
286 386 412 416 διελθεῖν.
430 387 546 414 ἀλλ’ὃσα
564 387 625 414 κατ’
642 387 724 413 αὐτὸν
735 388 854 421 γίνεται,

65 434 219 462 ἀπόλλυται.
233 433 296 464 Τοῖς
312 433 340 459 δέ
359 432 580 468 τετελεσμένοις,
597 433 675 467 φησὶ,
695 433 810 459 δυνατὸν
820 430 855 468 ἦν

64 479 201 510 κατιόντας
222 478 270 505 καὶ
283 479 322 509 εἰς
337 478 418 506 αὑτὸν
434 478 479 504 τὸν
499 478 584 513 μυχὸν
595 478 724 511 ἀϐλαϐῶς
738 479 853 512 διάγειν.

63 527 139 560 Λέγει
150 525 173 552 δ’
198 526 214 552 ό
241 526 418 560 συγγραφεὺς
430 525 469 557 ὡς
488 525 571 557 αὑτός
583 534 613 552 τε
630 525 678 552 καὶ
694 526 787 561 Δῶρος
802 526 825 542 ’³
839 526 853 552 ὁ

63 573 212 606 φιλόσοφος,
227 572 281 598 ὑπὸ
292 571 447 607 προθυμίας
471 571 673 607 ἐκνικηθέντες,
695 571 853 607 κατέϐησάν

62 627 87 645 τε
99 618 143 644 καὶ
158 617 276 649 ἀπαθεῖς
290 617 384 644 κακῶν
399 617 547 652 ἀνέϐησαν.
569 617 652 651 Λέγει
667 618 689 644 δ’
700 619 714 644 ὁ
728 626 850 653 συγγρα-

62 665 121 698 osi);
136 664 178 691 ὅτι
199 664 269 690 Τότε
285 665 317 699 τῇ
343 657 492 698 Ἱεραπόλει
517 663 721 699 ἐγκαθευδήσας
737 665 847 692 ἐδόκουν

61 711 118 745 ὄναρ
133 711 148 737 ό
178 710 283 745 Ἄττης
305 709 442 744 γενέσθαι.
459 709 505 737 καί
518 719 564 745 μοι
579 710 759 738 ἐπιτελεῖσθαι
773 711 851 746 παρὰ

61 757 103 790 τῆς
120 757 224 792 μητρὸς
231 757 285 783 τῶν
298 756 367 783 θεῶν
380 756 430 792 τὴν
442 756 498 783 τῶν
514 756 625 791 ῑλαρίων
637 757 813 792 καλουμένων
825 757 849 773 ’⁸

61 803 148 837 ἐορτὴν
160 811 166 818 ’
184 803 255 838 ὅπερ
288 802 383 837 ἐδήλου
412 803 463 838 τὴν
477 803 507 835 ἐξ
526 803 589 839 ᾅδου
612 805 756 837 γεγονυῖαν
769 804 848 838 ἡμῶν

62 848 202 883 σωτηρίαν.
210 849 392 883 Διηγησάμην
400 848 428 875 δὲ
439 847 478 883 τῷ
492 849 723 884 ’Ᾱσκληπιοδότῳ,
733 849 848 876 ἐπανελ-

908 256 1025 285 superne
1041 259 1091 279 uec
1118 253 1212 281 avibus
1235 255 1490 289 prmtervolantibus
1506 258 1565 285 sine
1579 260 1700 294 periculo

907 300 962 328 est,
988 296 1034 323 sed
1058 305 1228 334 quascunque
1257 300 1318 328 illac
1340 302 1446 334 volant,
1473 305 1636 332 moriuntur.
1663 307 1699 333 At

907 340 952 374 iis,
980 342 1024 376 qui
1050 344 1192 372 sacriﬁciis
1209 350 1271 373 sunt
1294 346 1413 380 initiati,
1429 347 1528 384 345a
1546 349 1624 377 facile
1648 351 1700 378 fuit

908 387 1024 422 ingredi,
1037 393 1064 416 et
1083 389 1110 416 in
1132 389 1178 416 illa
1198 391 1328 425 spelunca
1341 392 1400 419 sine
1417 393 1469 420 ulla
1497 401 1565 421 noxa
1583 396 1692 429 degere.

907 431 1001 460 Refert
1027 439 1123 461 auctor
1135 442 1166 462 se
1179 439 1206 463 et
1217 436 1317 463 Dorum
1333 437 1534 473 philosophum,
1549 441 1700 474 cupiditate

905 481 999 512 captos
1031 478 1156 512 intrasse,
1188 485 1215 507 et
1245 481 1342 509 ilhcsos
1370 489 1494 517 egressos
1523 492 1593 512 esse.
1628 486 1699 514 Dicit

905 523 1021 558 scriptor
1043 531 1103 551 eum
1130 530 1194 553 tunc
1226 525 1363 562 Hierapoli
1386 528 1529 562 dormiret,
1546 531 1572 558 in
1593 532 1699 560 somnis

904 569 955 596 sibi
981 570 1068 597 visum
1104 578 1166 599 esse
1188 571 1277 604 Attin,
1304 574 1411 608 sibique
1432 582 1446 601 a
1471 581 1560 604 matre
1584 578 1697 605 deorum

903 614 1014 647 festum,
1036 616 1107 650 quod
1128 616 1228 644 dicitur
1246 617 1422 652 llilariorum,
1438 622 1606 656 mandatum,
1624 624 1698 657 quod

903 659 1041 689 indicabat
1058 667 1180 690 nostram
1209 665 1446 693 conservationem
1463 668 1498 695 ab
1514 668 1619 696 inferis.
1643 669 1697 698 Re-

902 713 998 735 versus
1019 708 1110 742 itaque
1130 709 1155 735 in
1181 708 1294 738 Veneris
1310 712 1403 739 urbem
1422 714 1530 740 narravi
1555 714 1696 750 Asclepio-

901 752 964 779 doto
979 752 1132 781 visionem:
1158 754 1203 782 ille
1221 756 1259 782 rei
1276 756 1408 784 miraculo
1422 758 1572 793 obstupuit,
1589 765 1617 787 et
1630 761 1697 788 mihi

899 805 949 832 pro
964 798 1015 826 hoc
1031 800 1136 828 somnio
1149 808 1202 828 non
1221 802 1357 829 somnium
1373 803 1502 836 narravit,
1522 805 1571 832 sed
1584 806 1697 835 minoris

899 843 938 870 rei
954 845 1136 873 narrationem
1155 847 1278 881 rependit
1293 848 1405 882 majore.
1420 848 1493 876 Dixit
1506 858 1535 878 se
1545 851 1693 880 etiamnum

61 894 106 921 θὼν
135 895 164 926 ἐς
193 893 398 930 Ἀφροδισιάδα,
428 894 478 928 τὴν
497 894 543 921 τοῦ
554 895 660 930 ὀνείρου
681 895 753 930 ὄψιν.
775 894 805 921 Ὀ
816 894 845 921 δὲ

898 887 1022 922 iuvenem
1040 889 1066 917 in
1079 889 1149 918 hanc
1165 892 1301 927 regionem
1317 894 1434 926 venisse,
1450 899 1477 922 et
1492 900 1615 924 naturam
1635 897 1693 931 ejus

61 940 192 976 ἐθαύμασέ
219 950 248 967 τε
259 941 283 957 ⁹¹
294 941 325 967 τὺ
349 940 533 976 συμϐεϐηκὸς,
555 941 603 968 καὶ
625 941 775 977 διηγήσατο
795 941 846 968 οὐκ

60 986 116 1021 δναρ
130 986 192 1013 ἀντὶ
205 986 356 1021 ὀνείρατος,
384 986 452 1013 ἀλλὰ
473 986 568 1021 θαῦμα
581 986 675 1022 μεῖζον
692 987 845 1015 ἁντὶμέλάτ-

59 1040 134 1063 τονος.
154 1031 297 1068 Νεώτερος
327 1032 382 1068 γὰρ
409 1033 504 1067 ἔλεγεν
529 1034 570 1065 εἰς
594 1033 625 1060 τὸ
643 1033 744 1068 χωρίον
757 1033 845 1060 ἐλθεῖν

60 1077 137 1111 τοῦτο,
164 1078 213 1106 καὶ
238 1078 463 1114 ἀποπειραθῆναι
496 1078 580 1106 αὐτοῦ
598 1078 648 1113 τῆς
663 1079 781 1113 φύσεως.
799 1077 846 1110 Δὶς

60 1122 98 1149 οὖν
113 1123 157 1150 καὶ
185 1123 247 1159 τρὶς
274 1123 429 1157 ἐπιπτὺξας
443 1124 474 1150 τὸ
496 1124 604 1159 ἱμάτιον
616 1124 680 1159 περὶ
694 1124 744 1155 τὰς
756 1125 844 1159 ῥῖνας,

61 1169 105 1202 ἴνα,
121 1169 171 1196 κᾶν
181 1170 305 1206 ἀναπνέῃ
323 1170 467 1202 πολλάκις,
479 1170 517 1205 μὴ
531 1169 578 1197 τὸν
591 1169 789 1206 διεφθαρμένον
798 1170 845 1196 καὶ

61 1214 216 1249 λυμαντικδν
230 1215 300 1251 ἀέρα
334 1215 357 1232 ³⁸
385 1216 504 1252 ἀναπνῇ,
526 1215 594 1242 ἀλλὰ
620 1215 667 1242 τὸν
686 1215 780 1250 ἀπαθῆ
798 1215 846 1242 καὶ

61 1260 195 1294 σωτήριον,
208 1259 238 1287 ὃν
257 1260 357 1293 ἔξωθεν
377 1261 510 1295 εἰσήγαγε
521 1260 678 1296 περιλαϐὼν
692 1261 768 1295 ἐντῷ
781 1261 845 1296 ἱμάς

61 1304 111 1338 ιίῳ,
122 1304 193 1332 οὕτω
202 1306 310 1341 πράξας
326 1306 414 1342 εἰσῄει
424 1315 453 1333 τε
466 1307 496 1333 ἐν
504 1308 538 1342 τῇ
549 1306 706 1339 καταδύσει,
716 1308 749 1342 τῇ
761 1307 843 1342 ἐκροῇ

61 1349 106 1375 τῶν
122 1349 234 1386 θερμῶν
246 1351 351 1379 ὑδάτων
365 1352 571 1384 ἐπακολουθῶν,
595 1353 642 1379 ἐπὶ
653 1352 780 1379 πλεῖστον
793 1352 841 1379 τοῦ

61 1395 152 1422 ἀϐάτου
171 1396 271 1432 μυχοῦ,
298 1397 329 1424 οὺ
347 1398 403 1432 μὴν
416 1398 455 1429 εἰς
465 1397 542 1429 τέλος
567 1397 681 1432 ἀφίκετο
692 1397 744 1432 τῆς
757 1405 843 1424 κατα-

62 1441 155 1474 ϐάσεως
164 1451 171 1457 ·
201 1444 219 1477 ή
241 1444 296 1478 γὰρ
310 1443 413 1475 εῖσοδος
438 1443 596 1479 ἀπερρώγει
609 1444 632 1460 ’⁷
643 1443 710 1479 πρὸς
723 1443 804 1479 βάθος
819 1443 842 1460 ’⁸

61 1487 102 1522 ἠδη
117 1489 182 1515 πολὺ
203 1489 258 1516 τῶν
269 1489 384 1522 ὑδάτων,
398 1489 447 1517 καὶ
471 1489 609 1525 ἀνθρώπῳ
621 1497 653 1524 γε
669 1490 700 1516 οὐ
718 1488 845 1516 διαϐατὸν

62 1529 98 1567 ἦν,
111 1534 166 1561 ἀλλ’
175 1536 190 1562 ό
206 1535 375 1570 καταιϐάτης
389 1536 412 1552 ³⁸
422 1535 569 1562 ἐνθουσιῶν
579 1536 692 1571 ἐφέρετο
702 1535 783 1571 μέχρι
795 1535 843 1561 τοῦ

63 1579 177 1615 πέρατος.
198 1582 228 1608 ’0
245 1581 337 1617 μέντοι
359 1581 587 1617 Ἀσκληπιόδοτος
617 1581 722 1608 ἐκεῖθεν
745 1581 844 1616 ἀνῆλθε

63 1626 132 1662 σοφίᾳ
150 1628 184 1662 τῇ
211 1627 294 1653 αὐτοῦ
324 1626 420 1654 κακῶν
450 1626 569 1662 ἀπαθής.
582 1625 663 1653 Ἀλλὰ
686 1626 733 1653 καὶ
760 1625 845 1661 πνοὴν

62 1672 248 1707 παραπλησίαν
262 1672 377 1707 ὕστερον
392 1673 426 1708 τῇ
441 1672 585 1707 θανασίμῳ
600 1672 632 1698 ἐκ
650 1671 786 1706 διαφόρων
806 1672 845 1698 ει-

61 1716 105 1744 δῶν
129 1718 407 1753 κατασκευασάμενος
434 1718 637 1754 ἐμηχανήσατο.
666 1717 759 1752 Χωρὶς
783 1717 792 1733 ¹
810 1716 847 1745 τὰ

62 1761 203 1798 φιλοσόφων
222 1765 268 1790 καὶ
285 1763 319 1790 τὰ
332 1763 386 1790 τῶν
405 1763 502 1799 ἱερέων
515 1763 662 1798 ὁρίσματα,
674 1763 751 1789 οὐδὲν
762 1759 844 1798 ἦττον

61 1807 116 1842 ῆιιὰ
128 1808 264 1844 λεγόμενα
289 1809 390 1836 Μυσῶν
415 1809 465 1836 καὶ
486 1809 611 1845 Φρυγῶν.
639 1808 711 1836 Ἀλλ’
734 1809 810 1844 ὅμως
829 1810 843 1836 ὸ

62 1853 198 1890 Πατρίκιος
213 1855 312 1890 ἑτόλμη
318 1864 357 1887 σε,
373 1856 449 1891 παρὰ
459 1855 541 1890 νόμον
550 1855 596 1881 τὸν
610 1855 780 1890 φιλοσοφίας,
797 1855 843 1881 ἐπὶ

60 1899 134 1927 ταῦτα
140 1901 228 1936 ρυείς.
238 1901 268 1927 Ἠ
276 1901 304 1927 δέ
313 1901 375 1937 ἐφη,
384 1901 456 1935 Ἐγὼ
461 1901 573 1937 χωρῖτίς
581 1901 638 1936 ειμι
648 1901 696 1927 καὶ
701 1901 841 1936 ἄγροικος.

61 1944 128 1972 Ἀλλὰ
138 1946 285 1978 διαναστὰς
300 1947 354 1973 ἀπὸ
369 1947 417 1973 τοῦ
433 1946 520 1973 ὕπνου
528 1946 578 1973 καὶ
592 1947 843 1981 διαγκωνισάμενος

60 1990 97 2016 ἐπὶ
109 1991 154 2018 τοῦ
167 1992 319 2027 σκίμποδος
341 1991 404 2027 ἔφη.
420 1992 540 2023 ’Δστεῖός
554 2000 584 2018 τε
597 1989 631 2027 ἦν
641 1992 689 2018 καὶ
703 1991 840 2027 εὐόμιλος,

59 2036 83 2062 οὺ
98 2038 173 2072 μόνον
188 2038 258 2074 πρὸς
272 2039 322 2074 τὴν
338 2038 552 2070 σπουδάζουσαν,
568 2037 635 2064 ἀλλὰ
649 2038 697 2064 καὶ
713 2037 781 2072 πρὸς
791 2037 842 2073 τὴν

60 2083 196 2115 παίζουσαν
212 2084 297 2111 ἐνίοτε
321 2084 475 2115 συνουσίαν,
494 2083 564 2111 ὥστε
580 2083 627 2110 καὶ
645 2083 755 2119 ἥδιστος
771 2081 841 2110 εἶναι

59 2130 105 2161 τοῖς
121 2130 302 2167 πλησιάζουσι
317 2130 387 2166 πρὸς
401 2130 440 2166 τῷ
453 2130 596 2166 ὠφελίμῳ.
609 2129 662 2157 Τὸν
678 2129 743 2156 Θεδν
755 2129 839 2164 πρού-

60 2175 156 2203 καλεῖτο
178 2177 226 2204 ἐπὶ
248 2176 330 2204 πάθει
345 2176 504 2212 περιωδύνῳ
523 2178 575 2212 τῆς
598 2177 654 2203 τῶν
675 2176 805 2203 ὀπισθίων
829 2177 840 2192 ²

60 2221 147 2255 ὀχετῶν
173 2223 308 2257 ἀφέσεως.
329 2221 412 2258 [1056
426 2222 474 2258 Ιί.]
495 2223 626 2249 Ἐπὶτεκα
650 2222 661 2238 ³
680 2220 763 2249 οὖσαν
787 2222 836 2257 τὴν
851 2235 878 2265 D

60 2269 169 2304 γαμετὴν
201 2268 364 2302 συνεπῆγεν.
394 2268 457 2295 Ἐπὶ
476 2268 526 2303 τῆς
544 2267 639 2303 κλίνης
665 2268 838 2304 ἀνακειμένῳ

61 2313 177 2351 ἐξαπίνης
185 2316 235 2350 τὴν
242 2315 320 2351 δίκην
328 2315 393 2342 ἰδεῖν
402 2315 501 2350 συνέϐη
507 2337 513 2346 ,
521 2315 651 2350 λαμπρὰν
659 2314 752 2350 κόρην,
759 2314 842 2347 εὔζω-

62 2370 112 2394 νον,
135 2362 247 2388 κολοϐὸν
270 2362 372 2397 χιτῶνα
395 2361 575 2397 μηλινόχρουν
592 2362 604 2377 ⁸
631 2360 838 2396 ἀνεζωσμένην,

858 1562 880 1594 C

62 2409 197 2443 πορφυροῖς
211 2407 326 2434 πλατέσι
341 2407 485 2442 σημαδίοις
510 2406 726 2442 κεκοσμημένον,
741 2406 838 2433 ἀναδε-

60 2453 161 2490 δεμὲνην
175 2454 225 2490 μὲν
238 2454 287 2488 τὴν
298 2453 419 2489 κεφαλὴν
434 2452 584 2488 άναδέσμῃ,
599 2453 706 2488 γυμνὴν
719 2452 749 2478 δὲ
762 2461 840 2486 περι-

61 2498 166 2532 ϐολαίου,
189 2499 320 2535 βλοσυρόν
341 2508 368 2525 τι
384 2498 492 2534 ὁρῶσαν
512 2497 560 2525 καὶ
582 2497 818 2532 συνωφρυωμένον
830 2518 838 2530 ,

61 2543 109 2572 sim
120 2554 150 2580 γε
171 2546 239 2581 πρὸς
257 2545 338 2573 αὐτὸν
352 2565 359 2578 ,
375 2545 445 2571 ἀλλὰ
464 2544 532 2580 πρὸς
545 2544 557 2560 ⁵
583 2544 634 2579 τὴν
648 2543 761 2571 εἴσοδον.
775 2543 839 2570 Ὀτι

67 2590 278 2628 Ἀσκληπιόδοτος
303 2593 318 2619 ὀ
346 2591 501 2627 φιλόσοφος,
521 2591 535 2617 ό
558 2590 681 2627 Πρόκλου
705 2590 841 2626 μαθητὴς,

901 938 1055 968 expertum.
1080 935 1126 963 Bis
1140 936 1230 972 itaque
1255 942 1282 965 et
1298 943 1338 966 ter
1353 944 1455 967 vestem
1481 941 1595 969 naribus
1611 943 1696 977 appli-

898 987 976 1014 cans,
1000 988 1045 1014 ue,
1067 981 1130 1009 licet
1152 983 1301 1018 respiraret
1319 985 1429 1020 saepius,
1457 992 1616 1022 corruptqu
1644 997 1696 1016 no-

899 1026 1029 1061 xiumque
1057 1035 1147 1056 aerem
1163 1029 1324 1062 attraheret,
1349 1032 1396 1058 sed
1427 1039 1518 1060 aerem
1548 1033 1649 1061 bonunl
1663 1039 1694 1062 et

898 1072 1056 1105 salutarem,
1079 1082 1159 1109 quem
1174 1071 1284 1103 aliunde
1307 1077 1456 1105 adduxerat
1481 1078 1506 1106 in
1531 1084 1605 1106 veste
1624 1087 1694 1108 con-

898 1118 1028 1152 eludens,
1056 1119 1194 1155 ingressus
1223 1126 1266 1149 est
1300 1122 1326 1150 in
1354 1123 1509 1158 speluncam
1539 1130 1693 1154 scatentem

899 1165 995 1193 calidis
1008 1167 1097 1201 aquis,
1121 1174 1238 1202 sequens
1266 1175 1376 1204 semper
1402 1170 1500 1197 inviam
1519 1172 1690 1207 voraginem,

898 1215 926 1238 et
950 1212 983 1239 ad
1007 1212 1087 1240 ﬁnem
1117 1213 1264 1242 descensus
1290 1216 1425 1250 pervenit.
1445 1217 1493 1244 Via
1521 1219 1593 1245 enim
1617 1219 1695 1247 circa

898 1255 1109 1290 profunditatem
1133 1260 1248 1295 abrupta
1268 1266 1327 1288 est:
1344 1265 1372 1288 at
1398 1267 1462 1289 utne
1478 1262 1514 1289 ob
1541 1262 1693 1291 multitudi-

899 1309 958 1329 nem
990 1310 1123 1338 aquarum
1152 1306 1235 1333 etiam
1261 1306 1364 1334 homini
1389 1308 1460 1336 invia
1482 1314 1551 1337 erat.
1575 1309 1628 1338 Sed
1646 1310 1693 1338 de-

898 1354 1009 1376 scensor
1022 1349 1133 1379 fatidico
1158 1351 1250 1379 furore
1280 1359 1419 1388 correptus
1440 1354 1473 1382 ad
1491 1355 1572 1384 llnem
1599 1364 1691 1385 acces-

899 1394 944 1422 sit.
973 1395 1182 1429 Asclepiodotus
1207 1398 1289 1434 igitur
1314 1400 1445 1435 sapientia
1473 1409 1522 1429 sua
1548 1402 1692 1430 incolumis

902 1441 964 1468 hinc
993 1442 1089 1476 evasit,
1119 1443 1166 1471 sed
1181 1448 1208 1471 et
1223 1450 1314 1479 postea
1339 1446 1464 1480 spiritum
1494 1447 1589 1475 lethali
1617 1449 1693 1476 simi—

899 1486 950 1514 lem
965 1494 980 1515 e
995 1488 1077 1516 variis
1096 1490 1238 1524 speciebus
1256 1492 1424 1519 miscendum
1450 1494 1623 1529 excogitavit,
1641 1502 1691 1522 ne-

899 1532 1002 1567 gligens
1015 1538 1043 1560 et
1059 1534 1280 1569 philosophorum
1313 1538 1542 1574 sacerdotumque
1557 1541 1689 1573 rationes,

898 1578 964 1605 nihil
983 1585 1062 1606 secus
1086 1584 1168 1614 atque
1199 1579 1336 1615 Mysorum
1368 1582 1560 1620 Phrygemque
1590 1586 1660 1614 dicta
1681 1596 1691 1615 :

896 1623 943 1651 sed
965 1629 1053 1652 tamen
1078 1625 1213 1654 Patricius
1240 1634 1323 1655 ausus
1340 1627 1391 1655 fuit
1406 1629 1501 1657 eodem
1517 1636 1610 1659 contra
1626 1633 1692 1668 phi-

896 1670 1071 1705 losophorum
1097 1671 1206 1699 decreta
1234 1681 1358 1709 pergere.
1385 1674 1511 1708 Quaedam
1529 1678 1612 1706 dixit:
1633 1678 1689 1713 Ego

895 1716 1012 1750 agrestis
1033 1721 1062 1744 et
1091 1717 1189 1745 rustica
1214 1726 1285 1746 sum.
1313 1719 1366 1746 Sed
1395 1728 1510 1754 surgens
1526 1729 1541 1748 e
1566 1729 1686 1757 somno,

896 1766 923 1789 et
938 1763 1066 1796 innitens,
1083 1764 1182 1800 inquit,
1209 1767 1326 1794 scabello
1339 1786 1347 1799 ,
1369 1767 1456 1795 civilis
1472 1773 1500 1795 et
1522 1769 1607 1796 comis
1623 1768 1690 1802 fuit,

895 1817 947 1835 non
965 1809 1052 1837 solum
1067 1811 1093 1837 in
1109 1812 1192 1844 serio,
1215 1812 1262 1840 sed
1277 1813 1357 1840 etiam
1375 1814 1401 1840 in
1422 1813 1518 1849 puerili
1540 1815 1691 1849 aliquando

894 1855 1040 1890 colloquio,
1069 1861 1098 1883 ut
1114 1862 1142 1884 et
1156 1856 1372 1892 jucundissimus
1402 1866 1464 1885 cutn
1494 1860 1594 1894 quibus
1620 1868 1685 1888 ver-

894 1905 1012 1934 saretur,
1043 1909 1105 1929 cum
1130 1903 1249 1930 utilitate
1267 1908 1349 1931 esset.
1383 1904 1467 1931 Deum
1502 1905 1638 1933 invocavit
1659 1906 1690 1934 in

895 1947 971 1980 gravi
999 1948 1130 1982 periculo,
1147 1953 1176 1976 ut
1193 1953 1347 1977 cataractas
1374 1957 1507 1984 aquarum
1524 1959 1584 1986 qua:
1595 1951 1686 1979 adhuc

896 1997 1042 2026 restarent,
1058 1999 1208 2021 amoveret.
1221 1994 1340 2022 Uxorem
1365 1996 1482 2025 vicinam
1507 1998 1597 2032 partui
1631 2006 1685 2026 una

892 2037 1016 2066 adduxit.
1048 2039 1144 2067 Adhuc
1169 2040 1195 2067 in
1215 2040 1317 2075 sponda
1339 2041 1440 2075 jnceuti
1466 2042 1579 2077 cantigit
1609 2043 1647 2070 illi
1669 2051 1688 2071 e

892 2085 1006 2120 vestigio
1041 2085 1121 2113 Dicen
1151 2086 1255 2119 videre,
1282 2087 1420 2122 egregiam
1447 2088 1576 2122 puellam,
1606 2097 1691 2124 expe~

892 2132 985 2165 ditam,
1013 2131 1111 2168 35.56
1142 2132 1235 2160 tunica
1261 2133 1320 2160 sine
1339 2133 1463 2168 manicis,
1488 2134 1551 2162 lutei
1575 2136 1684 2167 coloris,

891 2182 918 2205 et
941 2178 1084 2213 purpureis
1104 2178 1190 2206 clavis
1206 2179 1375 2207 exstantibus
1401 2181 1555 2208 decoratam
1574 2188 1583 2209 :
1604 2187 1687 2217 caput

891 2223 957 2250 vitta
969 2223 1092 2258 ligatum,
1109 2224 1169 2251 sine
1182 2224 1309 2257 amiculo,
1328 2226 1401 2252 vultu
1417 2227 1539 2253 nonnihil
1555 2235 1649 2255 severo
1657 2234 1686 2255 et

895 2269 984 2296 fronte
996 2274 1148 2297 contracta.
1170 2269 1227 2297 Non
1243 2270 1343 2305 aliquid
1357 2271 1389 2298 ad
1402 2271 1487 2304 illum.
1500 2273 1546 2300 sed
1559 2278 1586 2300 et
1598 2274 1631 2301 ad
1644 2275 1687 2301 iu-

895 2316 1016 2343 troitum.
1030 2316 1237 2351 Asclepiodotus
1257 2316 1343 2345 Procli
1363 2318 1520 2353 discipulus,
1532 2320 1558 2347 in
1572 2321 1692 2349 summis

896 2361 1015 2389 tenebris
1031 2362 1088 2388 sine
1105 2361 1207 2388 lumine
1223 2361 1296 2396 legit,
1309 2366 1484 2397 astantesque
1502 2363 1624 2391 homines
1643 2365 1692 2392 di-

894 2406 997 2441 guovit.
1010 2406 1163 2442 Aliquando
1177 2407 1269 2441 itaque
1280 2407 1306 2434 iu
1323 2407 1402 2435 Caria
1421 2409 1462 2435 ait
1475 2417 1504 2437 se
1521 2414 1602 2444 caput
1621 2410 1686 2438 dra-

893 2453 971 2481 conis
983 2454 1008 2480 in
1022 2461 1115 2489 :Igrum
1126 2453 1235 2490 Pythe:e
1243 2454 1320 2482 Caris
1328 2454 1438 2488 cadens,
1447 2461 1475 2483 et
1487 2456 1597 2484 allatum
1608 2464 1623 2484 a
1635 2457 1691 2493 Py-

895 2499 956 2526 tbea
973 2499 1045 2534 ipso,
1060 2500 1244 2533 magnitudine
1277 2501 1387 2527 maximi
1413 2502 1513 2529 taurini
1527 2503 1624 2537 capitis
1648 2505 1690 2532 vi-

895 2544 978 2572 disse.
994 2543 1087 2572 Refert
1097 2545 1179 2572 etiam
1206 2545 1427 2581 Asclepiodotum
1443 2548 1543 2576 vidisse
1556 2554 1580 2577 et
1597 2550 1691 2576 vivum

896 2592 1040 2618 draconem
1051 2591 1194 2620 sublimem
1208 2592 1234 2619 in
1244 2600 1306 2621 aere
1315 2598 1482 2628 concretum,
1497 2603 1512 2623 a
1524 2601 1603 2624 vento
1618 2603 1692 2624 cou—

698 2688 818 2717 νΑιιιλΕ
838 2689 1040 2718 LECTIONES.

92 2747 112 2764 "
123 2749 155 2776 de
169 2749 240 2777 Doro
247 2749 309 2777 vide
323 2749 433 2777 Suidam
449 2749 477 2776 h.
491 2756 517 2776 v.
555 2748 578 2765 "
590 2747 761 2783 καλουμένην
779 2748 807 2775 Β.
832 2748 868 2784 β’
883 2757 914 2784 τε
926 2755 994 2784 Αοιη.
1008 2746 1040 2775 Β.
1066 2747 1101 2784 7“
1115 2747 1283 2784 λυμαντικδν
1297 2748 1366 2784 ἀέρα
1381 2748 1429 2775 καὶ
1440 2748 1637 2784 διεφθαρμένον
1652 2750 1685 2777 Β.

64 2781 231 2826 ιιιάπερέἁγη
263 2785 294 2816 Β,
324 2785 452 2820 ἀπεραγη
468 2788 511 2846 an
524 2784 704 2835 correctﬂA.

64 2824 93 2843 τι
102 2818 207 2846 Μυσων.
245 2821 255 2837 ⁵
269 2820 413 2846 ὀπισθίων]
430 2829 466 2846 πυ
487 2820 535 2846 ίων
555 2818 585 2846 Β.
655 2819 701 2844 ἐπί

64 2818 93 2855 fit
102 2818 207 2855 Μυσῶν.
226 2818 230 2820 Ἴ
245 2821 255 2837 ⁵
269 2818 414 2855 autcum]
424 2818 535 2846 πυθίων
555 2818 585 2847 Β.

755 2783 778 2800 ⁸³
791 2783 860 2809 πρὸς
876 2783 906 2809 τὸ
923 2783 948 2809 Β.
963 2791 993 2809 ς.

632 2785 658 2814 ο)
672 2784 704 2809 A.
755 2783 778 2800 ”
791 2783 860 2818 πρὸς
876 2783 906 2809 τὸ
923 2782 948 2818 β.
963 2791 993 2814 ς.
1051 2783 1073 2799 ⁹⁹
1089 2783 1247 2818 καταϐάτης
1271 2793 1300 2816 ς·.
1332 2782 1338 2784 ⁷
1353 2785 1361 2800 ί
1388 2784 1424 2811 cl.
1439 2782 1575 2812 Sui'das'v.
1591 2785 1687 2821 Χωρὶς.

630 2819 641 2835 ³
655 2819 770 2845 ἐπίτεκα
780 2817 863 2846 οὖσαν
880 2826 947 2851 mg.,
961 2817 1079 2846 ἐπίτοκα
1086 2816 1171 2846 οὖσαν
1188 2818 1220 2852 (ὲ,
1236 2819 1330 2846 ἔπειτα
1337 2819 1501 2847 κλάουσανΒ
1518 2824 1545 2848 et
1557 2827 1635 2848 corr.
1647 2822 1687 2848 Α.

1051 2783 1073 2799 ⁹⁹
1089 2783 1247 2821 καταϐάτης
1271 2793 1300 2816 ς·.
1333 2783 1337 2784 ⁷
1353 2785 1361 2821 ξ
1380 2784 1424 2821 ei.
1439 2783 1575 2821 Sublas’v.
1591 2785 1687 2821 Χωρὶς.

64 2850 242 2892 ⁶μιλινόχρουν
254 2855 277 2884 Α
291 2865 296 2883 :
313 2850 484 2891 μιλινόῂξρουν
495 2863 525 2886 ς’.
564 2855 574 2869 ⁵
588 2852 657 2881 ἀλλὰ
670 2854 737 2890 πρὸς
755 2854 775 2880 Β
792 2864 798 2881 ;
819 2853 886 2881 ἀλλὰ
897 2850 943 2880 καί
958 2861 988 2884 ς.
