1919 3096
204 136 276 168 128'!

736 135 867 166 ΡΗΟΤΙΙ
879 136 1018 166 PATRIA
1025 134 1135 165 RCILE
1151 135 1205 164 (ΖΡ.

1763 129 1831 162 128i

204 198 323 227 ceptum,
346 192 461 219 nubibus
481 190 652 218 condensatis
671 190 835 218 immobilem
854 197 937 223 stare,
963 196 991 218 et

1050 199 1071 216 εν
1089 189 1177 223 σκότῳ
1203 188 1281 224 βαθετ
1293 186 1445 223 γράμματά
1466 195 1495 212 τε
1511 185 1702 219 ἀνεγίνωσκεν,
1721 187 1804 220 φησιν
1814 187 1835 219 ⁸,

207 239 295 265 instar
317 238 407 272 magni
425 237 496 264 conti
518 241 669 264 extensum.
699 236 773 264 Hune
792 237 883 272 itaque
909 242 937 264 et
952 237 975 264 vi

206 284 290 315 disse,
304 283 509 317 astantibusque
527 288 688 316 montrasse,
704 290 819 317 cumque
836 283 920 311 nubes
937 291 994 309 ma-

207 329 248 362 gis
281 328 422 362 magisque
451 327 681 362 constiparentur,
712 328 797 355 feram
838 329 992 356 evanuisse.

207 373 329 401 Marinus
347 374 416 409 (18),
432 374 528 408 inquit.
555 373 642 401 Procli
666 382 816 404 successor.
832 382 918 408 genus
945 375 994 401 dn-

206 419 287 445 Ce-bat
316 418 425 453 Neapoli
453 419 479 445 in
507 418 666 451 Palaestina,
692 420 769 453 juxta
800 425 917 447 montem
950 419 995 446 cui

206 472 303 491 nomen
330 464 493 498 llargarizus
509 464 575 497 (19).
595 464 695 491 Deinde
722 465 923 499 blaspbentans,
943 465 995 492 im-

207 510 277 543 pius,
311 509 408 543 inquit,
432 509 478 536 ille
500 510 618 544 scriptor
644 510 735 536 addit:
764 509 792 536 In
820 518 874 544 qtto
905 514 996 537 monte

193 553 279 580 vJovis
301 552 399 579 summi
422 553 636 580 sacratissimum
674 553 801 588 templum
831 559 884 587 est,
908 554 944 581 ibi
969 559 996 582 et

205 599 341 626 Abraham
367 598 423 633 (‘20)
441 599 545 632 primus
574 599 748 634 antiquorum
773 599 927 626 Iudaeorum
950 608 996 627 sa-

206 649 297 671 cratus
321 645 380 676 fuit,
399 650 426 670 ut
442 645 510 671 idem
536 645 602 671 dixit
644 645 776 673 Marinus.
807 645 997 672 Samaritanus

209 690 285 716 initio
306 689 393 716 factus
415 697 474 716 cum
490 695 564 717 esset
580 689 710 722 Marinus,
725 698 818 717 eorum
841 690 996 724 opinionem

209 735 369 769 repudiavit,
399 735 474 768 quasi
504 736 538 762 ab
564 735 701 762 Abraham
737 735 879 763 sacriﬁciis
905 743 998 763 recens

209 781 234 807 in
255 788 350 807 nevam
379 782 571 815 degenerasset
606 782 778 815 opinionem:
813 785 840 808 et
856 781 888 808 ad
911 781 999 816 genti-

208 826 314 854 lisnnnu
351 835 379 853 se
405 827 551 854 convertit.
579 826 771 854 Verumtamen
799 826 883 854 labori
909 831 937 853 et
956 834 998 854 as-

1045 235 1108 262 ἄνευ
1139 234 1227 269 φωτὸς
1262 233 1310 260 καὶ
1352 233 1414 264 τοὺς
1440 232 1576 266 παρ’ῐντας
1603 230 1667 266 [562
1702 230 1751 266 IL]
1784 231 1838 256 τῶν

1046 279 1198 314 ἀνθρώπων
1227 279 1397 312 διεγὶνωσκε.
1431 276 1560 311 Κεφαλήν
1585 276 1650 310 γοῦν
1682 284 1747 302 ποτε
1776 276 1838 311 δρα-

1046 326 1172 352 κοντείαν
1201 325 1231 351 ἐν
1260 324 1352 359 Καρίᾳ
1384 323 1424 354 είς
1458 323 1542 357 ἀγρὸν
1567 321 1704 348 πεσοῦσαν
1734 321 1837 347 Πυθέου

1044 370 1092 397 τοῦ
1122 371 1231 405 Καρὸς,
1259 370 1414 405 ἐνεχθεῖσαν
1437 368 1466 394 δὲ
1492 368 1568 403 αύτῷ
1596 367 1635 402 τῷ
1657 367 1766 402 Πυθέᾳ,
1792 367 1838 394 καὶ

1047 417 1127 447 αὐτὸς
1139 416 1192 451 ἔφη
1204 416 1352 443 θεάσασθαι
1365 415 1479 450 μέγεθος
1494 412 1576 441 οὖσαν
1589 414 1690 449 ταύρου
1709 413 1838 449 μεγίστου

1047 463 1118 490 κατὰ
1143 462 1276 497 κεφαλήν.
1307 461 1382 488 Ἰδεῖν
1412 461 1440 487 δὲ
1465 460 1511 486 τὸν
1535 459 1763 494 Ἀσκληπιόδοτον
1791 460 1838 486 καὶ

1046 508 1136 540 ζῶντα
1151 508 1285 543 δράκοντα
1309 506 1444 542 μετέωρον
1465 505 1494 531 ὲν
1517 505 1577 540 ἀέρι
1603 506 1730 540 συννεφεί
1747 513 1837 540 πεπη-

1046 555 1113 589 γότα
1129 555 1177 581 καὶ
1194 553 1408 589 συνειλημμένον
1427 553 1480 579 ὑπὸ
1495 552 1541 579 τοῦ
1557 553 1713 587 πνεύματος
1731 575 1738 582 .
1759 553 1788 580 έν
1806 555 1836 588 τῇ

1047 599 1196 634 πυκνότητι
1207 599 1262 625 τῶν
1277 598 1366 633 νεφῶν
1378 597 1506 632 ἀκίνητον
1522 598 1637 630 ἑστῶτα,
1653 598 1714 624 ὅσον
1728 597 1760 633 δὴ
1775 607 1837 624 κον-

1047 644 1092 669 τόν
1108 651 1170 670 τινα
1186 643 1273 678 μέγαν
1294 642 1508 677 ἀποτεταμένον.
1537 643 1613 669 Ἰδεῖν
1628 651 1657 669 τε
1671 642 1777 673 τοῦτον,
1794 644 1839 669 καὶ

1048 687 1181 720 ἐπιδεῖξαι
1193 688 1240 714 καὶ
1251 688 1308 719 τοῖς
1319 687 1447 722 παροῦσι,
1459 687 1657 714 πυκνωθέντων
1671 688 1700 714 δὲ
1715 689 1761 714 ἐπὶ
1774 687 1840 722 μᾶλ-

1048 733 1093 759 λον
1103 733 1158 759 τῶν
1174 733 1262 768 νεφῶν
1275 733 1455 768 ἀφανισθῆναι
1475 733 1506 760 τδ
1522 733 1626 768 θηρίον.
1644 733 1705 760 Ὀτι
1720 735 1734 760 ό
1750 733 1840 761 διάδο-

1049 788 1096 814 χος
1112 779 1245 814 Πρόκλου,
1261 779 1354 814 φησὶν,
1369 780 1382 805 ὁ
1395 779 1526 814 Μαρῖνος,
1540 779 1618 812 γένος
1635 777 1669 814 ἦν
1683 779 1737 806 ἀπὺ
1750 780 1800 814 τῆς
1811 781 1840 806 ὲν

1050 823 1214 858 Παλαιστίνῃ
1237 823 1310 853 Νέας
1327 824 1441 857 πόλεως,
1466 824 1534 858 πρὸς
1553 823 1611 859 ὄρει
1631 824 1840 860 κατῳκισμένης

207 872 291 898 siduis
323 872 395 899 curis
427 873 605 904 incumbens,
631 872 776 900 multorum
815 873 896 900 etiam
923 872 996 906 inge-

1051 869 1091 904 τῷ
1107 869 1263 905 Ἀργαρίζῳ
1275 869 1446 904 καλουμένῳ.
1461 867 1526 895 Εἶτα
1540 869 1705 904 βλασφημῶν
1717 871 1731 896 ὁ
1743 870 1840 896 δυσσε-

208 917 422 944 niosissimorum
454 922 481 946 et
516 918 764 953 antiquissimorum
800 918 912 954 gloriam
945 925 995 945 suo

207 962 314 988 nomine
337 963 458 989 Marinus
472 963 635 990 obscuravit.
659 963 748 990 Noluit
770 971 834 990 vero
857 963 930 991 illum
947 963 997 990 lsi-

206 1007 289 1034 dorus
309 1008 475 1043 interrogare
493 1009 651 1036 inﬁrmitate
668 1010 790 1044 corporis
814 1010 993 1041 laborantem,

207 1058 332 1080 metuens
356 1061 389 1081 ne
416 1054 498 1081 homo
528 1056 692 1082 turbaretur.
714 1055 735 1082 E
763 1055 843 1082 dictis
864 1059 952 1081 tamen
969 1058 996 1081 et

206 1098 316 1132 scriptis
342 1098 400 1132 ejus
420 1099 490 1133 (qnzc
502 1107 554 1126 non
570 1101 713 1127 admodum
729 1100 811 1127 multa
825 1099 899 1135 sunt)
918 1099 998 1126 facile

205 1148 264 1169 erat
292 1143 419 1178 colligere
446 1144 577 1171 Marinum
614 1153 668 1172 non
696 1145 839 1172 fecundum
864 1149 891 1171 et
915 1144 998 1178 probe

206 1188 348 1215 subactum
363 1195 516 1216 noematum
532 1198 625 1224 agrum
643 1190 726 1218 fuisse
737 1211 744 1223 ,
759 1191 804 1225 qui
818 1194 936 1225 segetem
952 1196 997 1215 sa-

207 1233 305 1266 pientis
320 1242 410 1260 rerunt
423 1236 584 1262 naturalium
598 1236 836 1269 contemplationis
851 1234 998 1270 proferret.

1051 915 1103 948 6ης
1118 923 1200 948 φησιν
1211 915 1225 941 ό
1245 915 1430 948 συγγραφεὺς,
1445 914 1473 940 ὲν
1521 915 1581 946 Διὸς
1591 914 1702 948 ὑψίστου
1719 914 1841 948 ἁγιώτα-

1049 967 1095 985 τον
1111 958 1194 993 ἱερὸν,
1206 954 1228 992 ᾧ
1240 958 1391 994 καθιέρωτο
1410 958 1552 993 Ἅϐραμος
1570 960 1583 985 ὁ
1603 959 1658 985 τῶν
1680 959 1763 986 πάλαι
1796 959 1841 986 Ἐ-

1051 1004 1154 1040 ὗραίων
1170 1004 1312 1038 πρόγονος,
1325 1004 1362 1035 ὡς
1376 1004 1456 1036 αὐτὸς
1469 1004 1561 1038 ἔλεγεν
1577 1006 1590 1030 ὁ
1601 1005 1731 1040 Μαρίνος.
1744 1006 1840 1040 Σαμα-

1050 1051 1142 1086 ρείτης
1159 1048 1205 1076 οὖν
1218 1050 1248 1076 τὸ
1262 1050 1309 1076 ἀπ’
1323 1049 1410 1084 ἀρχῆς
1424 1051 1438 1076 ὁ
1453 1051 1573 1085 Μαρίνος
1584 1050 1703 1085 γεγονὼς
1716 1071 1723 1082 ,
1737 1051 1841 1078 ἀπετά-

1051 1096 1115 1129 ξατο
1136 1096 1185 1131 μὲν
1207 1095 1275 1131 πρὸς
1294 1095 1342 1130 τὴν
1361 1095 1472 1122 ἐκείνων
1486 1096 1576 1128 δόξαν,
1592 1097 1639 1123 ἅτε
1656 1098 1695 1128 εἰς
1717 1105 1842 1123 καινοτο-

1052 1142 1117 1177 μίαν
1128 1141 1183 1168 ἀπὸ
1195 1142 1244 1177 τῆς
1263 1141 1402 1177 Ἀὃράμου
1417 1141 1564 1177 θρησκείας
1576 1142 1586 1158 '
1597 1143 1793 1178 ἀπορῤυεῖσαν,
1805 1143 1842 1169 τὰ

1049 1188 1078 1214 δὲ
1114 1187 1247 1221 Ἑλλήνων
1268 1187 1421 1222 ἠγάπησεν.
1437 1187 1533 1222 Ὅμως
1555 1188 1697 1223 φιλοπονίᾳ
1718 1189 1729 1203 ⁸
1744 1197 1774 1214 τε
1793 1188 1842 1214 καὶ

1049 1233 1176 1269 ἀτρύτοις
1187 1233 1276 1264 πόνοις
1288 1233 1445 1268 ἐγκείμενος
1463 1233 1650 1268 εύφυεστέρων
1665 1234 1716 1269 ἤδη
1734 1233 1842 1259 πολλῶν

205 1279 328 1305 καὶτῶν
359 1280 552 1316 πρεσσυτέρων
583 1283 721 1317 κατέχωσε
745 1281 823 1313 δόξας
848 1280 887 1316 τῷ
909 1279 1007 1306 ἑαυτοῦ
1037 1279 1149 1313 ὀνόματι
1181 1279 1195 1304 ὁ
1227 1279 1358 1313 Μαρῖνος.
1382 1279 1439 1306 Οὐκ
1469 1279 1512 1305 εἴα
1531 1278 1558 1305 δὲ
1587 1279 1668 1305 αὑτὸν
1694 1280 1800 1314 ἐρωτᾷν
1827 1281 1843 1305 ό

212 1326 345 1361 Ἰσίδωρος
371 1327 496 1361 ἀσθενείᾳ
515 1326 640 1362 σώματος
669 1327 877 1362 ἐνοχλούμενον,
895 1326 1023 1361 εὐλαϐείᾳ
1039 1325 1086 1351 τοῦ
1106 1324 1250 1360 ὀχλώδους.
1269 1325 1342 1359 Πλὴν
1365 1326 1379 1352 ό
1402 1326 1523 1361 Μαρϊνος
1543 1325 1573 1357 ἐξ
1583 1322 1621 1352 ὧν
1635 1334 1665 1352 τε
1680 1326 1689 1342 ³
1706 1326 1845 1360 διελέγετο

207 1370 255 1397 καὶ
269 1371 299 1402 ἐξ
310 1368 347 1397 ὦν
359 1371 477 1405 ἔγραψεν
491 1372 579 1406 (ὀλίγα
592 1373 620 1399 δὲ
643 1373 729 1399 ταῦτά
757 1373 825 1407 ἐστι)
836 1373 914 1406 δῆλος
925 1370 959 1407 ἦν
976 1372 1007 1398 ού
1026 1371 1134 1406 βαθεῖαν
1144 1370 1251 1398 αὔλακα
1263 1370 1317 1397 τῶν
1330 1379 1376 1406 νοη
1381 1371 1473 1405 μάτων
1487 1371 1676 1406 καρπούμενος
1689 1390 1696 1402 ,
1713 1370 1744 1403 ἐξ
1755 1368 1793 1398 ὧν
1806 1371 1844 1397 τὰ

209 1416 279 1448 σοφὰ
300 1415 444 1449 βλαστάνει
467 1415 591 1450 θεάματα
606 1417 654 1450 τῆς
668 1417 722 1443 τῶν
736 1416 820 1443 ὄντων
832 1418 950 1451 φύσεως.

245 1460 405 1488 Ptolemaeus
429 1461 485 1496 (2|)
512 1463 701 1490 astronomica:
728 1463 848 1490 scientiae
871 1463 1031 1498 princepsc

208 1505 328 1538 scripsit.
345 1509 373 1531 ut
391 1504 510 1539 loquitur
526 1506 612 1537 Plato,
635 1507 732 1540 placita
758 1507 938 1542 interpretum
965 1508 998 1534 ad

209 1550 357 1577 senectutis
387 1551 560 1583 oblivionem,
584 1551 740 1586 relinquens
761 1553 812 1580 sibi
829 1558 855 1580 et
879 1553 998 1581 condens

209 1601 395 1623 monumenta.
421 1597 518 1632 346a
537 1597 649 1625 Proclus
660 1599 755 1626 videns
771 1600 851 1627 istum
863 1598 998 1626 deﬁuxurn

209 1642 342 1674 corporis,
368 1643 533 1670 adolescenti
563 1644 668 1671 metuit.
695 1644 743 1672 llic
764 1646 848 1678 igitur
867 1650 998 1678 mortuus,

210 1689 274 1713 ιιιιιε
285 1687 390 1719 beatus,
404 1688 504 1719 anima,
516 1688 636 1723 inquam,
648 1691 799 1725 animaeque
809 1691 895 1726 imago
906 1695 999 1725 aperte

210 1731 276 1758 mihi
291 1732 316 1758 in
336 1732 385 1759 hoc
403 1733 522 1760 scabello
538 1735 640 1761 sedenti
657 1735 747 1762 astitit
761 1744 769 1762 :
784 1736 896 1763 credere
907 1740 997 1763 autent

209 1781 317 1810 oportet
337 1778 467 1810 sermoni,
488 1786 567 1813 quem
593 1779 663 1806 visio
689 1779 842 1814 philosophi
866 1780 997 1815 principis

210 1822 356 1850 conﬁrmat
375 1827 402 1850 et
422 1831 516 1850 recens
531 1824 643 1851 alterius
659 1823 729 1851 fama
743 1831 805 1852 vere
813 1826 923 1852 secundi
939 1831 1000 1861 post

211 1867 285 1893 illum
303 1873 329 1894 et
352 1868 465 1903 insuper
481 1870 579 1897 tertius
595 1877 750 1905 suggestus,
763 1875 790 1899 et
803 1873 848 1906 qui
864 1873 919 1899 haec
932 1874 999 1899 scri-

211 1913 263 1946 psit
275 1918 383 1948 propter
398 1923 490 1941 eorum
506 1923 565 1950 quae
579 1916 774 1948 nuntiavimus,
789 1924 914 1951 pompam
926 1918 999 1945 veri-

212 1959 273 1985 tatis
288 1960 448 1987 studiosam.
465 1960 576 1989 Proclus
597 1969 627 1988 ea
644 1969 700 1996 spe,
721 1969 802 1996 quam
818 1963 851 1990 de
865 1970 896 1989 se
906 1963 998 1990 conci-

211 2008 280 2030 tarat
301 2012 349 2031 nec
365 2004 484 2032 Platonis
501 2002 672 2039 dignitatem‘
686 2006 838 2040 aspernari,
862 2014 911 2034 nec
925 2006 999 2034 Jam-

211 2048 304 2080 lilichi.
320 2057 368 2077 nec
384 2049 518 2078 Plutarchi
530 2051 660 2085 judicium
673 2058 839 2086 oppugnare,
853 2059 903 2078 nec
917 2059 999 2085 Supra

210 2096 389 2123 communiter
400 2096 464 2124 utile
476 2097 620 2124 censilium
635 2105 732 2132 sapere
749 2098 847 2131 potuit:
858 2098 904 2124 sed
914 2106 999 2132 quan-

1095 1462 1125 1489 ¹0
1141 1462 1248 1498 ἄριστος
1263 1463 1374 1498 ἡγεμὼν
1386 1463 1552 1498 Πτολεμαῖος
1561 1463 1612 1498 τῆς
1624 1464 1846 1499 ἀστροθεάμονος

1049 1507 1214 1543 ἐπιστήμης.
1234 1508 1274 1535 Τὰ
1289 1509 1440 1544 ἀρέσκοντα
1462 1510 1519 1540 τοῖς
1544 1508 1692 1544 ἐξηγηταῖς
1715 1510 1846 1544 ἀπεγρά-

1050 1561 1126 1587 φετο,
1142 1554 1182 1585 εἰς
1196 1553 1226 1580 τδ
1238 1553 1287 1588 τῆς
1306 1553 1391 1589 λήθης
1408 1555 1507 1590 γῆρας,
1518 1554 1556 1585 ὡς
1570 1554 1621 1589 ἔφη
1634 1555 1757 1587 Πλάτων,
1773 1556 1846 1582 ὐπο-

1052 1599 1184 1633 μνήματα
1221 1599 1242 1614 ”
1258 1598 1429 1626 καταλείπων
1454 1599 1543 1634 ἐαυτῷ
1560 1599 1607 1626 καὶ
1626 1600 1849 1634 ἀποθησαυριζὸ-

1051 1652 1141 1678 μενος.
1166 1644 1221 1670 Καὶ
1248 1644 1298 1679 τὴν
1319 1645 1368 1671 τοῦ
1388 1644 1514 1679 σώματος
1531 1645 1668 1680 ἀπορροὴν
1694 1645 1801 1679 βλέπων
1831 1646 1848 1672 ὁ

1050 1689 1170 1724 Πρόκλος
1182 1689 1275 1716 ἐδεδίει
1284 1691 1348 1725 περὶ
1357 1690 1395 1725 τῷ
1406 1690 1547 1725 νεανίσκῳ.
1556 1691 1585 1717 '0
1595 1691 1683 1717 τοίνυν
1691 1691 1846 1726 τεθνηκὼς,

1049 1736 1063 1762 ὁ
1083 1736 1198 1771 εὐτυχὴς
1212 1733 1288 1767 οὗτος
1311 1736 1369 1769 νῦν,
1385 1738 1400 1770 ὴ
1416 1736 1488 1772 ψυχή
1507 1745 1577 1772 φημι
1590 1737 1638 1763 καὶ
1651 1738 1680 1763 τὸ
1693 1738 1742 1772 τῆς
1752 1737 1849 1773 ψυχῆς

1050 1782 1171 1815 εἴδωλον,
1189 1782 1311 1818 παρέστη
1330 1791 1374 1818 μοι
1390 1783 1543 1817 ἀναφανδὸν
1557 1783 1604 1809 ἐπὶ
1613 1783 1689 1810 τοῦδε
1701 1784 1748 1810 τοῦ
1763 1785 1849 1818 σκίμ-

1050 1828 1131 1858 ποδος
1144 1828 1328 1862 ἀνακειμένῳ.
1345 1828 1484 1854 Ἀπιστείν
1499 1828 1528 1854 δὲ
1543 1829 1573 1854 οὐ
1589 1828 1693 1855 δίκαιον
1711 1828 1750 1863 τῷ
1762 1829 1846 1864 Λόγῳ

1051 1873 1237 1908 βεϐαιουμένῳ
1250 1873 1303 1908 θέᾳ
1315 1881 1345 1899 τε
1359 1874 1471 1908 ὲναργεῖ
1479 1873 1526 1899 τοῦ
1540 1874 1689 1908 κορυφαίου
1700 1874 1783 1908 σοφοῦ
1795 1876 1847 1902 καὶ

1049 1918 1118 1953 ἀκοῇ
1134 1919 1286 1954 προσφάτῳ
1302 1919 1348 1945 τοῦ
1362 1919 1489 1954 δευτέρου
1503 1920 1561 1953 μετ’
1577 1920 1680 1946 ἐκεῖνον
1694 1921 1762 1956 πρὸς
1776 1920 1848 1957 ἁλή-

1052 1963 1129 1990 θειαν
1155 1964 1187 1997 ⁸³,
1207 1964 1254 1990 καὶ
1273 1963 1314 1990 ἔτι
1335 1964 1373 1999 τῷ
1388 1964 1473 1999 τρίτῳ
1493 1964 1596 1999 βήματι
1615 1965 1662 1991 καὶ
1676 1966 1717 1996 είς
1740 1965 1846 2002 ταύτην

1052 2009 1254 2044 καταϐεϐηκότι
1268 2009 1317 2044 τὴν
1330 2009 1493 2045 συγγραφὴν
1505 2010 1557 2036 ὑπὸ
1571 2011 1604 2044 τῇ
1621 2010 1847 2046 φιλαλήθειπομ-

1050 2055 1088 2090 πῇ
1105 2055 1155 2089 τῆς
1171 2054 1241 2089 ἐμῆς
1256 2054 1396 2088 ἀγγελίας.
1411 2055 1466 2081 Καὶ
1484 2055 1498 2081 ὁ
1514 2054 1636 2089 Πρόκλος
1648 2054 1770 2080 ἐπεδίδου
1783 2057 1846 2088 ταῖς

1051 2100 1091 2130 είς
1106 2099 1186 2125 αὑτὸν
1200 2099 1317 2134 ὁρώσαις
1331 2100 1422 2126 ἐλπίσι
1438 2100 1505 2135 μηδὲ
1519 2100 1549 2126 τὸ
1565 2099 1611 2127 τοῦ
1628 2100 1770 2132 Πλάτωνος
1782 2101 1845 2128 du—

212 2146 268 2167 tum
284 2141 424 2169 crescebat
437 2143 550 2169 instituti
572 2127 729 2177 magniiudo
743 2143 769 2170 in
785 2144 909 2176 dicendo,
925 2149 996 2171 tanta

1053 2127 1149 2179 μάζειν
1173 2127 1292 2180 ἀξίωμα,
1308 2127 1386 2179 -μηδὲ
1407 2127 1640 2181 την”“1αμ6λίχου
1660 2127 1749 2181 κρίσιν
1761 2127 1845 2181 ,μηξὲ

212 2187 300 2214 minus
325 2189 488 2222 persuadere
514 2189 566 2216 sibi
593 2190 746 2223 patiebatur
769 2189 898 2223 Isidorus,
926 2192 996 2225 quod

1050 2190 1099 2224 τὴν
1123 2190 1298 2225 Πλουτάρχου
1320 2190 1552 2222 κατανωτίζεσθαι
1573 2192 1606 2223 ¹¹,
1621 2191 1681 2226 μηδ’
1694 2189 1727 2217 αὖ
1749 2192 1843 2225 μεῖζον

212 2233 300 2268 majus
312 2239 385 2261 esset
397 2242 478 2266 onus,
492 2242 572 2268 quam
589 2234 661 2262 l‘erre
672 2240 771 2269 posset.
785 2235 923 2263 Sollicitus
935 2243 996 2264 vero

1052 2236 1160 2269 φρονεῖν
1179 2235 1228 2270 τῆς
1248 2235 1431 2270 κοινωφελοῦς
1459 2236 1656 2271 προαιρέσεως.
1692 2237 1763 2263 Ἀλλ’
1784 2236 1842 2271 ὅσῳ

211 2283 271 2305 erat
286 2278 398 2306 Proclus
412 2279 445 2307 de
463 2287 546 2307 aurea
567 2287 660 2307 revera
678 2280 798 2307 Platonis
814 2285 908 2308 eatena
928 2281 996 2316 (2‘2),

1050 2280 1146 2314 ηὔξετο
1155 2280 1205 2315 τῆς
1219 2280 1342 2317 διαδοχῆς
1356 2281 1386 2308 τδ
1400 2281 1420 2297 ⁸³
1438 2281 1552 2316 μέγεθος
1565 2283 1594 2308 ὲν
1608 2282 1647 2316 τῷ
1662 2281 1749 2316 λόγῳ,
1763 2281 1841 2320 [565]

213 2330 247 2350 ne
263 2323 342 2351 nobis
357 2324 449 2351 urbem
470 2325 662 2352 Atheniensem
690 2324 865 2359 relinqueret.
891 2325 996 2353 Sollici-

1050 2326 1168 2358 τοσούτφ
1183 2327 1283 2362 μᾶλλον
1302 2328 1316 2353 ὁ
1352 2327 1484 2363 Ἰσίδωρος
1504 2329 1570 2364 πρὸς
1597 2328 1646 2364 τὴν
1673 2329 1760 2355 πειθὼ
1781 2338 1844 2355 συν-

215 2373 256 2394 tus
267 2369 349 2396 etiam
368 2370 401 2397 de
414 2369 516 2397 Marino
532 2375 642 2405 propter
658 2370 781 2405 corporis
798 2370 994 2400 inﬁrmitatem.

1050 2373 1187 2399 εστέλλετο
1205 2373 1297 2408 μεῖζόν
1312 2382 1344 2408 γε
1359 2373 1389 2400 ὂν
1399 2374 1460 2401 καθ’
1475 2375 1570 2401 ἑαυτὸν
1582 2374 1700 2411 ἄρασθαι
1720 2375 1843 2410 φορτίον.

851 2425 970 2454 VAKMS
986 2426 1189 2456 LECTIONES.

259 2468 268 2483 ⁸
278 2469 367 2512 ςφησὶν
380 2469 488 2512 add.
505 2505 512 2512 ι
526 2471 536 2485 ⁷
550 2469 699 2512 θρησκείας
750 2479 757 2497 :
778 2470 873 2503 θυσίας
885 2480 924 2512 ‘g.’
959 2472 970 2488 ⁸
983 2473 1123 2512 eguit:qu
1142 2473 1238 2512 Suidas
1253 2482 1288 2512 v,_
1299 2476 1442 2510 Ἀτρυτος,
1463 2476 1508 2510 ηιιί
1523 2484 1582 2503 mox
1601 2484 1655 2503 om.
1669 2478 1686 2512 ἦ

214 2507 240 2529 et
256 2504 319 2530 τῶν.
356 2504 409 2549 θχτε
425 2505 485 2546 add.
499 2505 531 2532 A.
557 2505 602 2549 ﬂ”
620 2506 802 2549 ὑπομνηματα
813 2504 1144 2549 καταλείπωνὸιιὶιίιιξξν.
1169 2509 1265 2549 Λήθηκ
1278 2504 1462 2549 ὑπομνήματα
1472 2504 1634 2549 καταλιπὼν
1657 2504 1697 2538 Α’;
1713 2504 1843 2549 ἆπομνῆέ

216 2538 663 2588 μανταὲκαέαλιτξώρἃ...ῌῆἐπρδς
676 2538 805 2575 ἀλήθειαν
832 2541 891 2575 μετ’
904 2542 1007 2569 ἐκεῖνον
1024 2551 1053 2574 ς.
1094 2544 1114 2559 ¹¹
1130 2538 1367 2572 κατανωέίσασθαι
1378 2538 1494 2573 uSuidas
1524 2548 1551 2574 lt.
1566 2554 1592 2573 v.
1621 2552 1648 2574 et
1664 2538 1726 2574 moi

247 2572 372 2608 διαδοχῆς
391 2574 421 2600 τὸ
434 2575 456 2600 Δ
467 2581 474 2600 :
487 2572 627 2610 διαγωγῆς
649 2584 678 2606 ς.

1687 2477 1719 2512 δη
1734 2478 1844 2506 πολλῶν

986 2631 1103 2659 NOTAE.

251 2674 305 2716 (liii
324 2674 441 2716 Marinus
467 2674 552 2702 Procli
565 2683 738 2716 successor:
766 2676 842 2711 cujus
861 2681 949 2704 exstat
969 2678 1001 2704 de
1057 2713 1063 2716 _
1092 2678 1150 2716 (2i)
1163 2679 1322 2716 Ptolemaeus
1333 2681 1493 2716 astrologus.
1505 2682 1572 2711 Tres
1581 2683 1624 2710 hic
1632 2684 1844 2715 versusaliunde

217 2709 371 2753 vitia-libonli
393 2709 462 2750 illius
481 2710 604 2753 aureolps
619 2710 741 2753 libellus.
768 2747 773 2752 .
794 2709 806 2752 ι’
863 2746 881 2753 h
1057 2709 1206 2753 inculcatos
1226 2715 1297 2753 docti
1323 2709 1513 2753 observarunt,

252 2744 309 2784 (191
330 2744 405 2784 Mons
423 2746 447 2770 in
463 2746 548 2784 sacris
567 2745 683 2784 _l_.it_leris
711 2746 832 2784 Garizin.
863 2746 940 2775 Deut.
958 2755 998 2781 XI,
1055 2750 1213 2784 detruncata
1228 2750 1254 2776 in
1270 2751 1319 2777 hac
1335 2751 1389 2784 ipsa
1401 2752 1466 2778 vita.

215 2778 384 2819 29;“.tudic.
402 2787 439 2819 ιι,
463 2780 492 2810 7;
519 2785 545 2806 et
567 2779 586 2819 ll
615 2779 736 2819 Machab.
762 2790 799 2814 vr,
814 2784 840 2809 δι.
991 2778 996 2781 ’
1091 2783 1146 2819 (‘22)
1163 2783 1292 2813 Proverb.
1307 2778 1457 2814 et'liouier.

255 2814 311 2850 (‘20)
327 2815 497 2841 Abrahamus
515 2816 679 2849 patriarcha.
