1919 3096
229 130 295 165 1291
311 143 315 147 ’

225 189 378 217 tumefacto
392 189 516 222 moritur,
528 195 662 223 nemoque
671 195 787 223 unquam
800 195 907 223 poenam
917 189 1012 216 evasit.

786 130 915 161 PHOTII
931 129 1184 160 PATRIARCH/E
1204 128 1258 158 (ΞΡ.

1782 121 1858 160 ’1292

1066 186 1164 222 πείρας
1180 186 1204 213 οἱ
1221 185 1374 221 ἐπιχώριοι,
1390 185 1429 212 διὸ
1457 185 1504 212 καὶ
1530 185 1632 218 ἣκιστα
1647 184 1805 221 ὀμνύουσιν.
1827 186 1859 212 Εἰ

223 235 252 261 δί
268 235 333 262 ποτέ
347 244 389 267 τις
413 236 574 271 ἐπιορκήσει
591 235 625 267 ⁸³,
649 235 715 262 εἴσω
742 233 866 261 ἐνιαυτοῦ
882 235 1042 266 ἀπόλλυται,
1059 233 1136 268 φασὶ,
1164 233 1295 269 φυσηθεὶς
1311 232 1397 268 ὑδέρῳ
1410 233 1440 259 τὸ
1456 232 1546 268 σῶμα,
1556 233 1603 260 καὶ
1617 232 1704 264 οὐδεὶς
1717 232 1767 268 τὴν
1782 232 1859 266 δίκην

224 281 361 316 διέφυγεν.

260 338 360 366 Fertur
371 345 398 366 et
413 339 535 366 Bacchus
556 339 709 375 Lycurgum
724 344 752 366 et
768 344 882 367 caeteros
909 345 1010 366 Amnes

1100 339 1162 365 Ὀτι
1178 338 1314 369 Διόνυσος,
1327 337 1436 372 moi“,
1447 338 1604 371 Λυκουργον
1618 335 1666 362 καὶ
1677 337 1739 367 τοὺς
1755 336 1858 370 ἑπομέ-

227 385 343 412 comites
365 384 423 418 ejus
439 385 504 412 vino
517 385 665 418 domuisse,
677 392 736 412 cum
747 392 780 412 ex
795 389 856 412 utre
869 385 1016 413 exercitum

226 429 371 456 irrorasset
395 428 532 460 hostilem,
565 428 636 456 unde
657 433 685 456 et
721 428 815 455 urbem
855 428 1016 455 Damascum

228 474 385 510 appellavit.
401 474 518 507 Quidam
535 475 594 502 urbi
611 481 711 502 nomen
736 482 753 501 ι
776 474 893 509 quodam
910 475 1019 510 gigante

227 522 360 553 tribuunt,
380 521 423 547 cui
436 527 532 547 nomen
561 520 657 552 Aecus,
677 526 757 554 quem
779 519 884 554 Jupiter
897 520 953 548 illic
971 520 1018 547 do-

227 567 296 594 muit
313 566 378 599 ;a|ii
394 566 461 592 alias
490 565 572 599 hujus
602 564 719 592 nominis
739 565 860 592 rationes
887 565 1013 593 reddunt.

227 613 330 639 Auctor
342 618 376 637 ex
397 611 446 637 hac
473 610 540 636 urbe
565 609 697 645 originem
721 610 807 638 duxit.
840 609 876 638 Ut
896 610 1015 638 studium

228 664 320 692 aptum
334 657 367 683 ad
384 655 558 687 rhetoricam,
579 663 741 691 omnemque
756 664 849 683 curam
871 656 904 683 ad
933 663 965 683 os
989 660 1016 683 et

229 704 347 738 linguam
365 706 534 735 convertere,
549 701 583 729 ab
607 702 697 728 anima
729 707 817 729 autem
847 710 936 729 rerum
954 709 1017 728 san-

229 755 333 777 ctarum
356 757 387 776 ac
409 748 560 776 divinarum
576 748 769 782 cogitationem
789 751 924 775 avertere.
940 747 1013 780 Haec,

229 797 316 829 inquit
328 799 433 827 auctor,
451 794 613 829 intelligens,
631 793 778 828 aliquando
791 793 925 821 oratorias
936 800 1015 821 eam.

1068 391 1129 414 νους
1155 382 1230 417 αὖτῷ
1245 381 1367 414 Ἀραὸας
1394 381 1600 415 κατηγωνίσατο
1619 380 1694 415 οἴνῳ⁹
1711 381 1759 407 ἀπ’
1771 380 1858 407 ἀσκοῦ

1069 429 1243 464 καταρρἀνας
1262 428 1311 463 τὴν
1332 427 1464 462 πολεμίαν
1481 426 1611 461 στρατιάν
1622 434 1630 442 ”
1654 426 1684 458 ἐξ
1695 423 1726 453 οὖ
1744 427 1793 454 καὶ
1809 427 1858 462 τὴν

1068 475 1145 501 πόλιν
1171 474 1284 501 ἐκάλεσε
1309 473 1464 508 Δαμασκόν.
1479 473 1512 499 οι
1527 473 1556 499 δὲ
1570 472 1620 508 τὴν
1641 473 1803 507 ἐπωνυμίαν
1817 472 1858 499 δι-

1068 521 1144 548 δόασι
1159 521 1192 556 τῇ
1208 521 1284 547 πόλει
1296 519 1350 546 ἀπὸ
1363 519 1490 554 γίγαντάς
1501 527 1586 551 τινος,
1603 515 1625 552 ᾧ
1645 519 1731 554 δνομα
1750 519 1855 549 Ἄρητος.

1070 567 1100 594 ὃν
1111 568 1125 594 6
1136 567 1203 598 Ζεὺς
1218 566 1352 601 ἐδάμασεν
1365 564 1587 592 ἐνταῦθα.”Λλλοι
1601 564 1629 591 δὲ
1640 564 1688 591 καὶ
1706 564 1792 595 ἄλλας
1814 563 1857 590 λέ-

1071 620 1148 646 γουσι
1175 612 1225 647 τῆς
1252 611 1413 646 ἐπωνυμίας
1427 610 1564 642 αίτίας.⁸0
1577 610 1606 637 δέ
1628 610 1805 645 συγγραφεὺς
1826 609 1857 636 ἐκ

1070 658 1169 692 ταύτης
1187 656 1301 692 ὥρμητο
1316 657 1365 692 τῆς
1377 656 1491 688 πόλεως.
1501 656 1544 687 Ὧς
1557 656 1573 690 ἠ
1584 655 1698 690 ἀσχολία
1710 655 1759 682 τοῦ
1776 656 1856 690 ῥητο-

1071 703 1161 738 ρεύειν
1171 703 1256 738 δεινὴ,
1265 702 1418 737 στρέφουσα
1432 702 1481 737 μὲν
1492 703 1557 737 περὶ
1571 702 1659 736 στόμα
1673 702 1721 728 καὶ
1734 701 1857 735 γλῶτταν

1069 749 1120 785 τὴν
1140 749 1204 784 δλην
1229 757 1278 784 μου
1299 748 1425 784 σπουδὴν,
1439 747 1648 783 ἀποστρέφουσα
1661 747 1689 774 δέ
1704 747 1755 782 τῆς
1767 747 1858 782 ψυχῆς

1069 795 1118 822 καὶ
1139 795 1194 822 τῶν
1220 794 1460 830 ἀποκαθαιρόντων
1482 793 1567 830 αὐτὴν
1588 793 1732 829 μακαρίων
1757 801 1790 819 τι
1812 793 1858 820 καὶ

229 841 372 868 citationes
393 839 500 875 reliqui,
529 844 553 866 et
575 840 614 866 sic
630 847 725 866 novem
743 840 807 867 anni
829 839 915 874 elapsi
935 844 1010 872 sunt,

1069 841 1200 876 θεοφιλῶν
1230 841 1420 876 ἀκουσμάτων.
1437 840 1528 867 Ταῦτα
1554 840 1577 867 δ’
1589 839 1698 873 ἐννοῶν,
1725 839 1812 874 φησὶν
1843 840 1857 865 6

228 887 345 914 viximus
354 885 432 913 simul
443 886 568 913 omnibus
591 889 619 912 et
634 885 758 913 noctibus
777 889 804 912 et
820 885 1012 917 diebus,men-

228 939 272 959 scs
289 937 360 959 octo.
372 931 509 964 Videram,
526 931 624 966 inquit,
634 932 760 959 bzetulum
773 932 799 959 in
817 939 881 960 aere
898 936 1011 964 motum,

228 977 348 1004 vestibus
373 976 506 1004 interdum
541 982 651 1009 tet-tum,
690 976 835 1010 aliquando
856 977 1011 1004 veroetiatn

229 1023 357 1050 manibus
377 1022 475 1050 medici
491 1027 640 1057 portatum.
656 1022 759 1049 Nomen
775 1022 884 1054 medici,
900 1021 945 1056 qui
960 1023 1013 1048 lim-

231 1068 316 1095 tulum
331 1068 465 1102 gestabat,
483 1073 542 1095 erat
553 1068 697 1101 Eusebius,
713 1067 757 1102 qui
784 1067 866 1095 etiam
883 1067 952 1094 dixit
967 1074 1013 1094 ac-

228 1113 327 1141 cidisse
336 1113 386 1140 sibi
394 1113 537 1148 aliquando
549 1120 599 1141 nec
615 1113 737 1148 opinanti
752 1113 870 1141 subitum
883 1113 1012 1147 impetum

227 1159 335 1186 errandi
350 1159 383 1185 ab
405 1159 502 1186 Emesa
521 1159 597 1190 urbe,
619 1166 688 1193 pene
711 1158 798 1186 media
828 1163 918 1190 nocte,
931 1165 1011 1193 quam

227 1203 380 1240 longissime
394 1206 426 1231 ad
441 1210 559 1232 montem
574 1205 659 1237 illum,
676 1205 702 1231 in
725 1212 779 1240 quo
805 1204 923 1232 Palladis
944 1209 1012 1231 tem-

227 1251 299 1284 plum
313 1251 395 1278 veleri
414 1251 612 1286 magniﬁcentia
636 1251 775 1277 conditum
795 1256 846 1283 cst,
873 1255 901 1278 et
931 1252 1013 1278 ivisse

227 1303 288 1323 sese
298 1297 440 1323 celerrime
466 1297 499 1323 ad
523 1304 652 1324 cacumen
670 1297 779 1329 montis.
794 1301 821 1323 et
837 1297 935 1324 ibidem
952 1301 1012 1323 tan-

227 1348 308 1375 quam
321 1348 338 1368 e
365 1342 408 1368 via
429 1341 530 1368 fessum
557 1341 704 1374 desedisse,
720 1347 749 1369 et
770 1342 870 1369 vidisse
901 1342 1011 1376 globum

227 1386 296 1421 ignis
316 1385 442 1413 celeriter
472 1386 659 1418 decidentem.
687 1391 714 1414 et
736 1386 842 1414 leonetn
876 1388 1010 1421 ingentem

227 1432 255 1459 in
270 1431 348 1466 globo
361 1431 549 1464 constitutum,
563 1437 590 1459 et
623 1431 696 1458 illuttt
720 1433 811 1459 statim
844 1433 987 1460 evanuisse
1003 1440 1009 1457 :

227 1483 310 1511 seque
325 1475 422 1511 34Βὸ
437 1495 444 1507 ,
462 1476 522 1510 igne
541 1476 595 1511 jam
615 1477 759 1508 exstincto,
775 1477 807 1504 ad
832 1477 939 1511 globum
962 1485 1010 1504 cu-

164 1511 170 1518 ’
226 1523 395 1555 currisse,et
420 1522 492 1549 illmn
518 1526 644 1556 tanquam
663 1522 789 1549 baatulum
814 1523 964 1556 accepisse.
983 1513 1045 1550 etc

227 1575 337 1602 rogasse
352 1567 428 1601 cujus
447 1567 489 1594 dei
510 1572 594 1600 esset,
609 1572 636 1594 et
661 1568 832 1602 respondisse
854 1567 926 1594 illum
951 1575 1011 1595 esse

225 1612 345 1640 Gennaei.
365 1612 510 1639 Geminium
523 1611 687 1646 Heliopolitaa
709 1613 810 1645 colunt,
841 1618 930 1640 erecta
949 1621 1012 1648 qua-

225 1658 286 1684 dam
307 1657 393 1684 leonis
416 1657 502 1684 forma
525 1657 552 1684 in
576 1657 676 1692 templo
700 1657 785 1685 Jovis.
810 1658 893 1685 ivisse
915 1659 1009 1685 eadem

225 1709 306 1731 nocte
320 1703 362 1730 via
379 1711 430 1730 non
454 1704 543 1730 minus
563 1712 642 1738 quant
663 1703 755 1730 decem
782 1709 809 1730 et
831 1704 1009 1730 ducentorum

225 1750 386 1782 stadiorum,
407 1749 549 1782 utaiebat,
564 1750 702 1776 continuo.
729 1748 861 1776 Eusebius
878 1757 929 1776 non
951 1754 1010 1777 erat

225 1796 349 1823 dominus
360 1795 449 1822 bailuli
470 1800 601 1826 motuum,
623 1799 651 1821 ut
681 1793 724 1820 alii
746 1794 871 1826 aliorum,
896 1793 943 1821 sed
965 1794 1010 1821 hic

225 1841 333 1876 petebat
357 1846 385 1867 ct
403 1841 499 1868 orabat
515 1849 523 1867 :
541 1840 586 1867 ille
595 1847 659 1867 vero
673 1839 761 1867 locuut
786 1841 866 1867 dabat
878 1840 1008 1868 oraculis.

225 1887 289 1914 ΙΙωο
312 1892 338 1914 et
351 1886 432 1913 ntttlta
462 1887 560 1914 similia
577 1891 692 1922 nugatur
708 1887 804 1922 dignus
819 1886 939 1921 profecto
953 1887 1009 1914 bat-

225 1933 299 1959 tuliis
315 1932 450 1968 lapidibus
465 1941 472 1959 :
490 1933 647 1968 quinetiam
667 1933 777 1959 formam
796 1932 854 1966 ejus
868 1931 1006 1959 describit.

225 1977 326 2006 Globus
338 1979 456 2012 quidem,
475 1979 572 2013 inquit,
587 1979 721 2012 egregius,
734 1979 823 2006 colore
831 1978 1006 2011 subcattdido,

225 2024 357 2051 diametro
371 2025 466 2059 longus
485 2024 585 2059 palmo,
601 2024 647 2050 sed
664 2023 797 2050 interdum
827 2022 912 2057 major
925 2030 1008 2058 appa-

226 2073 313 2104 rebat,
327 2072 463 2099 interdum
478 2071 576 2103 minor,
593 2071 728 2098 interdum
750 2079 910 2106 purpureus.
928 2075 956 2098 et
964 2070 1008 2098 lit-

226 2125 300 2147 teras
314 2120 434 2146 ostendit
444 2119 521 2146 nobis
536 2120 562 2146 in
576 2119 664 2154 lapide
677 2119 836 2153 descriptas.
863 2119 942 2154 idque
958 2126 1006 2147 co-

224 2164 283 2192 lore
301 2163 487 2199 tingabarino,
500 2168 528 2190 ut
540 2168 648 2197 vocant,
665 2169 693 2192 et
710 2166 735 2191 in
747 2171 824 2192 muro
837 2164 907 2192 ﬁxit.
929 2163 1007 2192 Unde

225 2210 374 2237 sciscitanti
388 2209 527 2236 oraculum
542 2209 625 2241 dedit.
644 2214 670 2236 et
680 2217 774 2237 vocem
803 2210 920 2237 emisite
933 2210 1005 2238 tenui

225 2254 327 2287 ﬁstula,
359 2262 439 2288 quant
463 2255 656 2289 interpretatus
683 2259 725 2282 est
752 2254 896 2282 Eusebius.
926 2255 1006 2283 Vana:

225 2300 323 2327 mentis
339 2300 383 2327 ille
399 2301 450 2327 alia
467 2302 548 2327 multa
576 2302 697 2328 miranda
719 2302 752 2328 de
770 2301 868 2328 bmtulo
892 2306 1006 2329 narrat:

225 2345 355 2381 Equidem
371 2351 493 2380 putaram
519 2346 632 2373 divinius
661 2354 716 2373 eue
742 2348 878 2374 oraculum
905 2347 1006 2379 bwtuh’,

225 2390 347 2418 Isidorus
363 2392 521 2418 dwmoniuut
530 2392 616 2426 potius
632 2400 686 2419 esse
701 2392 777 2418 dixit.
794 2391 860 2420 Esse
870 2393 938 2420 enim
954 2393 1005 2419 uli-

224 2438 300 2471 qtteitt
313 2436 458 2462 du’mouem
475 2441 618 2463 mouentem
630 2436 714 2468 illum,
733 2445 783 2464 non
798 2445 881 2464 unum
898 2445 930 2464 es;
957 2438 1007 2464 ad-

224 2479 330 2508 modum
346 2481 433 2514 malu,
447 2489 500 2508 non
512 2481 618 2508 omnino
633 2481 830 2513 immateriatis,
844 2490 890 2509 nec
901 2484 1007 2510 omnino

223 2525 308 2560 puris.
324 2525 487 2554 Batulorum
500 2526 581 2553 alium
598 2526 644 2554 alii
661 2527 828 2559 incumbere,
850 2532 879 2555 ut
891 2528 936 2555 ille
954 2529 1008 2556 cri-

225 2580 334 2599 nttnans
345 2572 422 2605 dicit,
439 2573 502 2606 deo,
516 2573 647 2605 Saturno,
662 2572 812 2606 Jovi,.Soli,
822 2579 848 2601 et
864 2574 935 2602 aliis.

1063 888 1249 923 συγγραφεὺς.
1265 888 1352 914 ἐνίοτε
1366 887 1551 922 διεκοπτόμην
1567 887 1623 914 τῶν
1641 886 1798 922 ῥητορικῶν
1813 885 1856 917 ξε-

1062 933 1318 969 ηγήσεων.Ἕνστον
1340 933 1399 965 ἐτος
1422 932 1494 959 οὕτω
1517 941 1562 968 μοι
1578 931 1747 967 διεληλύθεν.
1763 932 1856 958 Συνδι-

1062 979 1166 1014 ήγομεν
1189 979 1315 1014 ἀλλήλοις
1339 979 1400 1006 ὅσαι
1420 987 1452 1005 τε
1474 979 1576 1014 ἡμέραι
1599 979 1647 1004 καὶ
1669 979 1731 1005 ὅσαι
1747 978 1856 1010 νύκτες,

1062 1025 1110 1052 ἐπὶ
1128 1025 1216 1060 μῆνας
1228 1028 1264 1060 η’.
1281 1023 1369 1057 Εἶδον,
1386 1024 1471 1060 φησὶ,
1485 1024 1531 1051 τὺν
1548 1024 1674 1059 βαίτυλον
1688 1024 1734 1051 διὰ
1751 1023 1801 1050 τοῦ
1812 1024 1858 1051 ἀέ-

1063 1077 1110 1104 ρος
1123 1069 1292 1104 κινούμενον,
1304 1069 1369 1096 ποτέ
1379 1069 1401 1095 δ’
1411 1070 1441 1095 ἐν
1454 1069 1510 1100 τοῖς
1525 1068 1643 1104 ἱματίοις
1652 1068 1855 1104 κρυπτόμενον,

1062 1114 1112 1150 ἢδη
1121 1114 1150 1142 δέ
1159 1123 1224 1141 ποτε
1233 1115 1281 1141 καὶ
1291 1115 1320 1141 ἐν
1330 1114 1409 1150 χερσὶ
1423 1114 1625 1149 βασταζόμενον
1632 1113 1679 1140 τοῦ
1689 1113 1857 1148 θεραπεύον-

1061 1161 1227 1194 τος.”υνομα
1240 1159 1262 1186 δ’
1277 1157 1311 1194 ἦν
1322 1159 1361 1194 τῷ
1377 1159 1584 1194 θεραπεύοντι⁷⁰
1599 1159 1645 1185 τὸν
1663 1157 1792 1193 βαίτυλον
1807 1158 1859 1184 Εὑ-

1063 1206 1162 1239 σέὸιος,
1177 1206 1206 1238 ὃς
1221 1207 1267 1234 καὶ
1283 1206 1377 1240 ἔλεγεν
1398 1205 1521 1232 ἐπελθεῖν
1540 1203 1614 1239 αὑτῷ
1637 1212 1703 1231 ποτε
1723 1204 1857 1240 ἀδόκητον

1062 1253 1192 1288 ἐξαίφνης
1203 1251 1359 1288 προθυμίαν
1368 1250 1595 1286 ἀποπλανηθῆναι
1605 1250 1651 1277 τοῦ
1664 1243 1761 1282 ἄστεος
1776 1249 1857 1284 Ἐμέ-

1063 1298 1142 1333 σης⁷¹
1163 1299 1193 1324 ἐν
1209 1298 1285 1324 νυκτὶ
1300 1297 1421 1332 μεσούσῃ
1436 1297 1528 1332 σχεδον
1546 1297 1584 1328 ὡς
1599 1297 1771 1332 πορρωτάτω
1788 1297 1857 1332 πρὸς

1061 1344 1092 1369 τὸ
1107 1343 1169 1379 ὅρος
1185 1342 1260 1374 αὐτὸ,
1272 1343 1300 1369 ἐν
1315 1339 1335 1376 ᾧ
1347 1343 1397 1378 τῆς
1417 1342 1533 1377 Ἀθηνᾶς
1545 1341 1648 1377 ἵδρυται
1662 1341 1730 1374 νεὼς
1744 1343 1856 1378 ἀρλαιο-

1063 1389 1170 1424 πρεπής
1180 1397 1187 1404 ·
1198 1388 1344 1423 ἀφικέσθαι
1356 1389 1384 1415 δὲ
1395 1389 1443 1424 τὴν
1453 1388 1585 1423 ταχίστην
1598 1389 1637 1419 είς
1649 1388 1699 1423 τὴν
1714 1388 1858 1424 ὑπώρειαν

1060 1434 1108 1460 τοῦ
1123 1434 1213 1470 ὅρους,
1230 1435 1275 1461 καὶ
1287 1434 1380 1461 αὐτόθι
1396 1435 1546 1461 καθίσαντα
1554 1435 1576 1450 ⁷⁸
1592 1434 1785 1461 ἀναπαύεσθαι
1798 1434 1856 1460 ὦσ-

1063 1488 1115 1515 περ
1129 1479 1158 1512 ἐξ
1169 1479 1230 1506 όδοῦ
1242 1488 1249 1494 ·
1265 1481 1383 1515 σφαῖραν
1394 1480 1422 1506 δὲ
1435 1480 1520 1515 πυρὸς
1535 1479 1634 1514 ὑψόθεν
1647 1479 1859 1515 καταθοροῦσαν

1064 1525 1194 1560 ἐξαίφνης
1222 1525 1296 1557 ίδείν,
1314 1525 1361 1552 καὶ
1387 1525 1481 1552 λέοντα
1506 1525 1592 1560 μέγαν
1606 1526 1639 1561 τῇ
1656 1526 1761 1561 σφαίρᾳ
1784 1535 1859 1562 παρ-

1063 1571 1207 1606 ιστάμενον
1217 1580 1224 1586 ·
1247 1571 1293 1598 τὸν
1310 1571 1360 1605 μὲν
1372 1571 1404 1606 δὴ
1420 1571 1591 1607 παραχρῆμα
1606 1571 1697 1606 ἀφανῆ
1713 1572 1858 1606 γενέσθαι,

1062 1616 1144 1643 αὐτὸν
1165 1617 1193 1643 δὲ
1218 1617 1264 1643 ἐπὶ
1287 1617 1337 1653 τὴν
1361 1619 1478 1652 σφαῖραν
1504 1618 1618 1652 δραμεῖν
1638 1617 1689 1653 ἤδη
1705 1617 1753 1644 τοῦ
1768 1618 1859 1653 πυρὲς

1062 1662 1308 1698 ἀποσϐεννυμένου,
1325 1663 1373 1689 καὶ
1396 1662 1560 1690 καταλαϐεῖν
1585 1662 1670 1697 αὗτὴν
1695 1661 1781 1690 οὖσαν
1810 1663 1858 1689 1:6;

1061 1706 1198 1742 βαίτυλον,
1216 1709 1262 1734 καὶ
1275 1708 1421 1735 ἀναλαϐεῖν
1435 1708 1526 1740 αὐτὸν,
1543 1708 1625 1744 [1064
1633 1708 1679 1744 ll.]
1694 1711 1742 1736 καὶ
1756 1709 1858 1745 διερω-

1060 1753 1142 1788 τῆσαι
1164 1754 1226 1780 ὅτου
1252 1753 1320 1781 θεῶν
1335 1754 1368 1781 ἂν
1383 1754 1438 1790 εἴη,
1453 1755 1536 1789 φάναι
1559 1754 1582 1780 δ’
1597 1755 1703 1781 ἐκεῖνον
1719 1754 1792 1782 εἶναι
1807 1757 1858 1783 τοῦ

1060 1799 1186 1826 Γενναίου
1210 1800 1273 1836 (τὸν
1288 1800 1317 1827 δὲ
1332 1800 1456 1827 Γενναϊον
1473 1800 1673 1829 Ἠλιουπολῐται
1689 1802 1808 1836 τιμῶσιν
1827 1803 1858 1829 ὲν

1059 1845 1121 1876 Διὸς
1133 1845 1303 1881 ἱδρυσάμενοι
1317 1847 1424 1882 μορφήν
1436 1855 1498 1873 τινα
1510 1846 1639 1882 λέοντος),
1655 1848 1813 1882 ἀπαγαγεῖν
1825 1857 1857 1875 τε

1059 1890 1152 1917 οἴκαδε
1174 1893 1223 1927 τῆς
1246 1891 1331 1926 αὐτῆς
1355 1893 1452 1925 νυκτὸς
1465 1892 1517 1920 οὒκ
1533 1893 1635 1920 ἐλάττω
1649 1894 1765 1922 σταδίων
1784 1894 1855 1922 δέκα

1059 1938 1105 1964 καὶ
1120 1938 1276 1971 διακοσίων,
1289 1939 1326 1970 ὼς
1339 1938 1401 1974 ἔφη,
1414 1939 1555 1974 διηνεκῶς.
1564 1941 1622 1967 Οὐκ
1637 1938 1671 1976 ἦν
1683 1940 1712 1967 δὲ
1730 1941 1827 1977 κύριος
1841 1942 1856 1968 6

1058 1985 1187 2016 Εὑσέὄιος
1204 1984 1253 2020 τῆς
1268 1985 1314 2012 τοῦ
1322 1986 1344 2001 ⁷⁸
1359 1985 1485 2020 βαιτύλου
1499 1987 1651 2022 κινήσεως,
1665 1987 1762 2023 ὥσπερ
1775 1988 1855 2015 ἄλλοι

1058 2029 1161 2056 ἄλλων·
1175 2029 1235 2056 ἀλλ’
1246 2031 1260 2056 6
1274 2030 1324 2065 μὲν
1338 2030 1424 2057 ἐδεῖτο
1440 2031 1487 2058 καὶ
1501 2030 1612 2067 ηὔχετο,
1628 2033 1642 2059 6
1654 2032 1681 2059 δὲ
1693 2033 1819 2068 ὑπήκουε
1830 2034 1855 2048 ⁷⁸

1058 2076 1128 2111 πρὸς
1152 2076 1202 2108 τὰς
1226 2076 1410 2112 χρησμῳδίας.
1427 2077 1520 2104 Ταῦτα
1544 2077 1666 2113 ληρήσας
1690 2078 1738 2105 καὶ
1765 2078 1854 2106 πολλα

1057 2121 1170 2148 τοιαῦτα
1179 2122 1194 2147 6
1206 2122 1260 2148 τῶν
1271 2122 1416 2157 βαιτυλίων
1427 2123 1465 2154 ὡς
1475 2123 1584 2158 ἀληθῶς
1594 2124 1679 2157 ἄξιος,
1687 2125 1732 2151 τὴν
1745 2124 1821 2152 λίθον
1829 2126 1854 2143 ⁷³

1022 2187 1044 2215 D
1057 2167 1202 2203 διαγράφει
1216 2167 1298 2194 καὶτὸ
1307 2166 1376 2200 εἶδος
1390 2169 1484 2196 αὑτοῦ.
1498 2169 1605 2204 Σφαῖρα
1619 2170 1669 2205 μὲν
1682 2171 1748 2205 γὰρ,
1756 2172 1852 2206 φησιν,

1059 2212 1175 2249 ἀκριϐὴς
1195 2213 1342 2248 ἐτύγχανεν
1368 2214 1430 2250 [567
1444 2214 1462 2242 b
1477 2214 1525 2251 IL]
1549 2215 1597 2247 ὢν,
1613 2215 1765 2248 ὑπόλευκος
1777 2216 1806 2243 δέ
1821 2221 1853 2243 τ’)

1060 2259 1170 2296 χρῶμα,
1185 2260 1352 2295 σπιθαμιαία
1367 2260 1394 2287 δὲ
1407 2260 1455 2296 τὴν
1468 2261 1614 2296 διάμετρον
1629 2263 1699 2288 κατὰ
1715 2263 1849 2296 μέγεθος·

1060 2304 1118 2331 ἀλλ’
1135 2304 1218 2332 ἐνίοτε
1236 2305 1336 2340 μείζων
1357 2306 1462 2339 ἐγίνετο
1475 2304 1522 2332 καὶ
1534 2305 1665 2339 ἐλάττων,
1681 2307 1729 2333 καὶ
1742 2315 1852 2342 πορφυ-

1061 2350 1167 2386 ροειδὴς
1191 2351 1295 2378 ἀλλοτε.
1308 2351 1362 2378 Καὶ
1375 2351 1526 2387 γράμματα
1549 2351 1715 2384 ἁνέδειξενν⁶
1733 2353 1800 2387 ἡμῖν
1821 2354 1852 2379 ὲν

1061 2395 1099 2430 τῷ
1115 2396 1181 2432 λίθῳ
1196 2397 1386 2433 γεγραμμένα,
1402 2397 1528 2433 χρώματι
1551 2397 1590 2433 τῷ
1614 2397 1776 2433 καλουμένῳ
1790 2407 1852 2432 τιγ-

1056 2442 1197 2478 γασαρίνῳ
1213 2443 1474 2478 κατακεχρωσμένα,
1489 2443 1536 2470 καὶ
1551 2444 1580 2470 ὲν
1591 2443 1674 2478 τοίχῳ
1687 2443 1718 2470 δὲ
1731 2444 1851 2479 ἐγκρού-

1056 2496 1106 2519 σας
1114 2495 1121 2503 ’
1136 2487 1170 2514 δι’
1179 2497 1216 2515 ων
1227 2487 1353 2515 ἀπεδίδου
1363 2488 1409 2515 τὸν
1423 2488 1588 2524 ζητούμενον
1599 2487 1639 2524 τῷ
1652 2487 1853 2524 πυνθανομένῳ

1055 2533 1195 2568 χρησμὸν.
1212 2534 1260 2560 καὶ
1277 2533 1369 2569 φωνὴν
1382 2534 1485 2568 ἡφίειττ
1508 2533 1608 2561 λεπτοῦ
1624 2534 1804 2570 συρίσματος,
1817 2535 1851 2569 ἦν

1055 2577 1212 2613 ἡρμήνευεν
1219 2579 1233 2605 6
1242 2578 1609 2614 Εὑσέὸιος.Τερατολογήσας
1616 2577 1663 2606 οὖν
1672 2579 1708 2607 τά
1715 2580 1851 2615 εἰρημένα

223 2617 237 2643 6
259 2617 399 2654 κενόφρων
426 2615 502 2649 οὗτος
528 2619 576 2644 καὶ
601 2618 684 2653 μυρία
710 2618 777 2646 ἄλλα
803 2620 1019 2657 παραλογώτερα
1032 2623 1156 2658 περὶτοῦ
1170 2623 1307 2659 βαιτύλου,
1325 2625 1440 2660 ἐπάγεισ
1462 2624 1535 2660 Ἐγὼ
1544 2625 1603 2660 μὲν
1631 2625 1715 2660 ᾤμην
1740 2626 1849 2653 θειότει

875 2689 990 2717 VARle
1010 2689 1210 2719 LECTIONES.

259 2744 687 2790 Em°9fi€°:‘¥:__‘°§°a<:i€:
725 2745 947 2790 ἴῗηοεράῑῑονιις-
985 2749 1656 2790 ἰζεμέσηςιξ.ί“εμισηςε-μεθιςήσαντας-
1695 2754 1718 2790 ’ξ
1735 2754 1849 2789 τοῦεεο

216 2773 324 2821 ὀψίίῶ.
361 2773 384 2794 θλ
405 2773 542 2814 ὖπήκουσε
558 2773 589 2812 ςὶ
625 2780 648 2795 τ·
661 2773 707 2806 τὸν
725 2773 800 2808 λίθοι]
827 2782 847 2808 ts
867 2773 902 2810 eti
921 2773 991 2812 ἒὸτιι.
1010 2773 1134 2812 [Γἐῶ
1149 2773 1576 2821 ἷίὸωῖιᾞ’¹’τῖ’ἀνεὲὧέιὲέῦᾜῖ

227 2816 357 2850 μήνευσεν
377 2823 404 2846 ς.

1627 2789 1649 2805 ⁷⁷
1662 2789 1739 2823 ἀφίει
1754 2803 1790 2810 -ο
1801 2790 1849 2824 ιρ-
