1919 3096
207 148 276 190 1295

778 152 911 183 ΡΗΟΤΠ
932 150 1071 180 PATRIA
1077 150 1151 179 ΒοΗ
1159 149 1187 177 Ε
1207 149 1261 178 CP.

1768 142 1836 175 1:296

203 217 319 249 primunt
340 214 466 242 homines
491 221 552 242 esse
576 214 640 241 deos
664 212 770 239 futuros
805 217 918 238 necesse
938 213 990 236 est.

1053 208 1088 234 ἱὲδ
1102 208 1149 234 καὶ
1171 206 1343 240 ἀτοπώτερον
1364 205 1433 240 ἔχων
1458 205 1474 240 ἢ
1498 203 1557 231 κατ’
1576 201 1837 237 ἱδιώτην.⁹Δσθενὼν

203 261 318 297 Ideoque
334 267 361 289 et
374 261 450 289 Plato
461 261 529 288 dixit
543 259 738 294 majushonum
751 257 853 285 homini
868 256 994 283 accidere

204 315 256 335 non
273 314 362 341 posw,
396 314 476 340 quam
502 304 712 340 philosophiam.
734 303 787 330 Sed
814 302 867 330 hoc
881 301 994 336 contigit

202 360 274 381 nunc
286 357 360 380 stare
379 351 435 388 (50)
450 352 476 379 in
491 352 560 383 acie,
574 358 626 377 non
646 351 796 380 novaculae.
821 348 868 376 sed
892 347 993 374 ultimae

206 407 299 426 revera
312 399 472 426 senectutis.
486 397 631 432 lgnorabat
645 405 675 425 se
690 396 799 431 aggredi
811 395 843 422 ad
854 395 993 428 corrigen-

204 445 253 472 das
268 451 311 472 res
333 443 496 471 incurabiles
511 448 539 470 et
567 442 762 477 nequissimus,
789 440 856 467 nihil
872 439 989 474 amplius

208 497 271 517 vero
286 490 410 525 profecit.
422 489 490 516 Vere
506 489 626 519 ineunte,
649 492 755 514 mortuo
777 485 894 517 Marino,
909 483 994 510 voluit

207 536 324 563 Isidorus
338 535 460 562 Athenas
484 536 633 565 deserere;
655 531 783 558 monebat
799 537 888 558 autem
903 529 995 565 Syria-

205 588 269 608 num
294 584 322 607 et
344 579 454 614 llegiam
482 577 614 610 Isidorus,
638 583 718 610 Quam
748 574 930 602 necessarium
947 573 994 605 sil,

206 626 406 663 philosophiam
422 624 555 651 labentem
573 622 727 650 restituere.

205 661 393 713 πραγματεία,
407 676 477 710 φημὶ
495 676 544 710 μὲν
555 674 634 701 τοῦτο
647 672 724 708 κάγώ
733 681 739 688 ·
753 672 821 699 ἀλλὰ
833 672 941 707 πρῶτον
955 671 1115 707 ἀνθρώπους
1127 670 1253 704 γενέσθαι
1265 669 1328 699 τοὺς
1339 665 1485 701 ἐσομένους
1515 662 1592 693 θεοὺς
1603 661 1653 688 δεῖ.

1043 253 1125 284 αὐτὸς
1141 251 1172 278 τδ
1192 250 1273 286 σῶμα
1297 251 1344 277 καὶ
1362 250 1393 276 οὐ
1410 249 1506 285 πόρρω
1521 249 1616 275 τείνων
1629 248 1756 274 θανάτου.
1766 246 1796 273 '0
1809 246 1837 272 δὲ

1043 297 1112 332 πρὸς
1129 296 1179 332 μὲν
1191 296 1222 323 τὸ
1239 295 1396 330 παραυτίκα
1411 292 1550 329 δυσχερῶς
1560 293 1660 328 ήκουσε
1675 291 1724 327 τῆς
1739 290 1839 317 ἀπολο-

1042 343 1105 378 γίας
1116 363 1124 376 ,
1141 343 1189 370 ἅτε
1210 341 1283 379 [6'11']
1306 341 1343 376 μὴ
1361 341 1420 367 κατ’
1438 339 1549 371 ἐλπίδας
1571 338 1645 374 αὐτῷ
1661 337 1837 373 πραττούσης

1041 389 1092 424 τῆς
1109 387 1283 423 ἀγαθοειδοῦς
1302 385 1499 422 προαιρέσεως.
1514 384 1635 411 Τοιαῦτα
1650 383 1737 410 πολλὰ
1751 383 1838 416 λέγων

1046 444 1077 462 τε
1095 435 1142 461 καὶ
1160 434 1266 469 ἐπᾴδων
1281 432 1373 459 ἔπεισε
1389 432 1435 459 τὸν
1452 431 1587 467 Ἰσίδωρον
1600 431 1615 457 ὁ
1630 429 1748 464 Μαρῒνος
1762 427 1839 460 δέξαι

1048 481 1110 507 σθαι
1125 480 1156 506 τὸ
1170 480 1300 515 ψήφισμα
1315 479 1365 513 τῆς
1378 478 1504 513 διαδοχῆς
1514 485 1522 492 '
1538 471 1590 504 ut
1601 475 1738 511 ἐψηφίσθη
1752 474 1841 501 διάδο·

1047 534 1092 562 χος
1104 525 1146 552 ἐπ’
1159 525 1294 559 ἀξιώματι
1308 524 1407 560 μᾶλλον
1418 524 1435 560 ἢ
1447 524 1590 559 πράγματι
1602 522 1652 557 τῆς
1662 519 1839 554 Πλατωνικῆς

1042 571 1209 607 ἐξηγήσεως.
1233 569 1266 597 El.
1291 569 1320 596 δὲ
1338 569 1475 605 θειότερον
1500 569 1594 604 χρῆμα
1606 588 1613 600 ,
1633 567 1671 599 ὡς
1689 567 1721 593 σὺ
1738 566 1804 601 φῂς,
1818 561 1840 591 ὦ

1048 617 1138 652 Ἦγία,
1163 616 1240 650 ἔλεγε
1269 616 1337 651 πρὸς
1363 615 1444 642 αὑτὸν
1469 615 1484 641 ὁ
1504 614 1648 649 Ἰσίδωρος,
1670 613 1687 647 ή
1715 611 1839 646 ἱερατικὴ

1685 659 1734 685 Διὰ
1762 657 1841 684 τοῦτο

208 705 254 753 καὶ
268 705 418 753 emerui
514 723 551 758 μὴ
568 722 655 749 ἐλθεῖν
670 705 709 752 είς
726 705 884 755 ἀνθρώπους
903 719 995 755 μεῖζον
1007 705 1117 754 ’ἀγαθὸν
1132 717 1301 752 φιλοσοφίας.
1329 714 1409 742 Ἀλλὰ
1428 712 1507 739 τοῦτο
1531 708 1688 745 συμὸέσηκε
1727 706 1777 733 νῦν
1797 705 1841 734 ἐπὶ

207 773 288 809 ξυροῦ
307 772 415 799 ἑστάναι
426 755 460 798 ού
546 755 654 804 ἆκμῆς,
669 769 716 796 τοῦ
730 770 758 796 δὲ
774 769 889 803 ἐσχάτου
902 769 994 803 γήρως
1013 767 1050 799 ὡς
1065 764 1336 803 ἁληθῶς.Ὲλάνθανε
1361 763 1390 789 δέ
1413 759 1508 788 ἐαυτὸν
1539 755 1841 809 divinat-1:94:31.le

206 819 255 847 καὶ
278 818 371 854 πόρρω
394 816 545 852 μοχθηρίας
570 815 781 850 προόεῦηκότατ
815 813 1012 850 διορθώσασθαι

1049 800 1213 849 ἐπιχειρῶν*
1231 812 1313 847 ἥνυτε
1323 810 1333 826 ⁸
1356 809 1384 836 δὲ
1401 807 1478 835 οὐδὲν
1492 804 1556 832 ἐπὶν
1572 800 1734 837 πλέον.Ἦρι
1749 800 1779 827 δὲ
1794 800 1841 834 ἀρ·

206 847 400 902 χομένῳ“,.τοῦ“
411 847 534 899 Νίαρίνου
559 847 597 889 τδγ
611 847 691 898 σῶμα
714 847 902 893 ἀπολιπόντος,
922 860 1080 888 ἐϐουλεύετο
1166 860 1282 894 Ἀθήνας
1299 856 1443 885 ἀπολιπεῖν
1458 855 1472 880 ό
1509 851 1654 886 Ἰσίδωρος.
1672 848 1795 884 Παρῄνει
1814 847 1842 874 δξ

208 916 338 950 Συριανὺν
350 914 396 939 καὶ
413 912 510 947 Ἡγίαν
523 912 537 938 ὁ
557 911 692 947 Ἰσίδωρος
714 910 752 942 ὼς
767 910 855 946 χρεὼν
874 910 917 945 εἴη
939 909 1097 944 φιλοσοφίαν
1116 908 1304 944 ὑπορρέουσαν
1322 902 1524 932 ἀνασώσασθαι.

209 961 275 994 Quae
302 959 385 986 verbis
409 963 505 985 ornata
531 958 711 994 prwlerinism
732 962 812 994 aunt,
835 965 866 984 ea
895 964 998 984 necesse

1053 958 1130 984 Ὅσα
1141 943 1275 990 παρεῖται
1292 955 1312 969 ¹⁰
1326 952 1430 994 χρεών,
1450 950 1514 982 ταῖς
1536 946 1674 994 elatio-mir;
1697 943 1843 972 συντιντά-

395 999 432 1020 est
443 1001 501 1020 cum
523 993 652 1026 excerptit
677 992 812 1026 conjungi.

244 1041 296 1068 Per
309 1044 394 1067 artem
414 1038 558 1074 quamdam
576 1038 698 1070 dubiam,
714 1041 741 1064 et
763 1042 839 1064 extra
854 1035 999 1062 humanam

211 1095 287 1123 spem
308 1086 496 1116 constitutam,
519 1084 547 1111 in
573 1083 686 1111 secretis
707 1090 805 1110 arcana
823 1089 873 1117 pro
890 1089 919 1109 se
935 1081 1001 1116 ipsis

210 1134 307 1160 divinae
321 1132 378 1166 Spei
392 1135 553 1166 quzereutes,
568 1135 596 1157 et
613 1137 661 1164 pro
678 1129 739 1156 aliis
757 1128 903 1164 Egyptiis,
918 1128 1001 1154 totius

210 1179 323 1206 ordinis.
341 1177 393 1204 Sed
415 1177 477 1204 hinc
496 1176 619 1203 alicunde
638 1183 652 1202 a
674 1175 755 1202 tertio
769 1180 841 1207 ortu,
860 1174 906 1209 qui
928 1174 1000 1201 circa

211 1224 340 1252 mundum
365 1226 408 1250 est
432 1222 516 1257 ligare
548 1221 638 1248 funem
667 1225 800 1248 revocata:
828 1220 1000 1248 servationis.

211 1271 329 1298 Severus
343 1268 474 1304 patricius
493 1267 632 1295 Romanus
648 1272 676 1294 et
696 1266 749 1293 alia
767 1265 896 1293 narrabat
915 1265 999 1292 multa

211 1317 382 1344 Alexamlrize
408 1322 501 1349 agens,
519 1319 547 1340 et
570 1313 686 1348 lapidem
706 1320 736 1340 se
760 1313 869 1344 vidisse,
897 1312 923 1338 iu
949 1318 1002 1346 quo

213 1363 283 1388 luna:
299 1365 376 1388 erant
389 1364 524 1386 mutantes
535 1358 610 1386 varie
620 1358 733 1385 formam
747 1358 893 1385 secundutu
905 1355 1001 1388 solem,

213 1407 375 1443 quandoque
398 1408 562 1436 crescentes,
584 1404 717 1431 interdum
739 1403 944 1434 decrescentes;
961 1402 1003 1428 la-

214 1453 269 1488 pidi
285 1453 341 1486 ipse
357 1451 440 1478 etiam
457 1449 498 1477 sol
509 1449 606 1477 iuerat.
622 1448 700 1476 Unde
713 1449 838 1475 dicuntur
855 1447 881 1474 hi
901 1447 1003 1481 lapides

214 1498 347 1533 synoditze
365 1496 455 1523 vocari
474 1504 480 1522 :
494 1499 521 1522 et
539 1494 606 1522 dixit
623 1502 652 1522 se
664 1494 744 1521 etiam
757 1493 872 1520 solarem
888 1493 1002 1528 lapidem

215 1541 327 1572 vidisse,
344 1547 396 1566 non
417 1538 524 1573 qualem
543 1538 619 1565 multi
641 1539 767 1571 vidimus,
792 1537 882 1564 radios
897 1546 929 1564 ex
945 1545 1003 1565 sese

214 1593 312 1613 aureos
325 1585 520 1617 effundentem,
535 1585 583 1612 sed
599 1584 703 1611 discum
720 1583 785 1611 solis
802 1583 887 1610 forma
904 1583 930 1610 iu
946 1591 1003 1610 Ine-

1229 992 1296 1025 χθαι
1322 984 1520 1015 ἇᾶιλλιέπειαν
1544 984 1663 1018 ἔχοντα.

1085 1038 1134 1065 Διὰ
1154 1024 1278 1073 μηχανῆς
1293 1043 1365 1066 τινος
1392 1032 1493 1068 ἀπόρου
1518 1030 1566 1057 καὶ
1582 1024 1845 1073 άνθρωπίνηςέλπί-

1049 1084 1093 1116 δος
1105 1072 1160 1116 εξαέ
1170 1072 1372 1116 καθεστηκυίας
1389 1079 1419 1105 ἐν
1442 1075 1612 1112 ἀπορρήτοις
1635 1073 1671 1100 τὰ
1697 1072 1846 1107 ἀπόρρητα

1050 1127 1308 1164 διαμηχανωμένους
1324 1125 1394 1160 ὑπέρ
1410 1132 1441 1150 τε
1453 1122 1529 1157 σφῶν
1543 1120 1633 1147 αὐτῶν
1648 1118 1699 1153 τῆς
1713 1117 1846 1164 οὐρανίας

1051 1163 1158 1206 ἐλπίδος
1185 1175 1234 1201 καὶ
1260 1173 1331 1207 ὑπὲρ
1359 1170 1414 1198 τῶν
1437 1169 1524 1196 ἄλλων
1540 1165 1700 1202 Αἰγυπτίων
1714 1164 1765 1198 τῆς
1781 1163 1847 1197 ὅλης

1051 1221 1249 1257 εὐθημοσύνης.
1272 1218 1343 1246 Ἀλλ’
1358 1215 1483 1244 ἐντεῦθέν
1503 1213 1585 1240 ποθεν
1609 1212 1663 1239 ἀπὸ
1680 1210 1738 1257 τῆς
1748 1210 1846 1245 τρίτης

1052 1267 1098 1293 καὶ
1112 1256 1293 1301 περικοσμίου
1310 1263 1444 1298 γενέσεως
1457 1258 1643 1294 ἀναδήσασθαι
1659 1256 1692 1283 τὰ
1703 1256 1847 1290 πείσματα

1051 1312 1101 1347 τῆς
1117 1310 1260 1345 ἀναγωγοῦ
1289 1309 1436 1344 σωτηρίας.
1466 1307 1520 1334 Καὶ
1557 1304 1589 1340 δὴ
1619 1301 1847 1347 Σεόἧροςςὰνὴρ

1051 1345 1102 1391 τῆς
1122 1355 1231 1390 Ῥώμης
1251 1354 1407 1389 πατρίκιος,
1422 1351 1489 1379 ἄλλα
1502 1358 1532 1377 τε
1546 1349 1666 1384 διηγεῖτο
1677 1347 1706 1373 ὲν
1724 1345 1847 1378 Ἀλεξαν-

1052 1402 1128 1439 δρείᾳ
1151 1401 1380 1435 συνδιαιτώμενος
1397 1399 1435 1431 “,
1459 1397 1505 1424 καὶ
1521 1396 1563 1424 ὅτι
1578 1394 1651 1422 λίθον
1671 1392 1805 1421 ἐθεάσατο
1819 1392 1849 1418 ἐν

1052 1445 1075 1483 ᾧ
1090 1448 1206 1484 σελήνης
1219 1447 1324 1482 ἐγίνετο
1338 1445 1466 1481 σχήματα
1486 1440 1753 1479 μεταμορφουμένης
1775 1448 1849 1465 παν-

1052 1496 1113 1522 τοῖα
1132 1495 1191 1530 μὲν,
1208 1494 1300 1522 ἄλλοτε
1313 1493 1335 1519 δ’
1349 1492 1417 1519 άλλα
1433 1490 1501 1526 πρὸς
1530 1489 1605 1524 ἥλιον
1623 1486 1776 1522 αὐξομένης
1799 1486 1849 1512 καὶ

1055 1539 1222 1576 μειουμένης
1245 1538 1340 1565 ὲνόντα
1363 1537 1402 1571 τῷ
1435 1534 1502 1570 λίθῳ
1527 1534 1574 1561 καὶ
1594 1533 1674 1560 αὑτὸν
1689 1532 1734 1558 τὸν
1751 1532 1848 1566 ἥλιον·

1054 1585 1115 1612 ὅθεν
1126 1586 1143 1619 ἡ
1154 1585 1230 1619 φήμη
1247 1584 1310 1615 τοὺς
1322 1582 1459 1614 τοιούτους
1467 1581 1558 1612 λίθους
1569 1580 1646 1606 καλεῖ
1659 1578 1802 1609 συνοδίτας
1814 1578 1848 1604 ¹¹.

214 1632 259 1659 dio
273 1631 362 1666 lapide
378 1638 449 1663 esse,
466 1635 492 1657 et
511 1630 573 1658 inde
590 1629 660 1664 ignis
675 1629 782 1664 globum
797 1629 895 1664 videri,
913 1631 947 1656 ab
960 1629 1000 1656 ille

1056 1630 1111 1656 Kal.
1126 1630 1221 1664 ήλίτην
1235 1629 1264 1656 δὲ
1280 1628 1353 1655 λίθον
1367 1627 1459 1662 ἔλεγεν
1475 1626 1639 1661 ἑωρακέναι,
1662 1625 1712 1659 οὐχ
1738 1622 1797 1650 οἷον
1821 1624 1849 1650 οι

215 1685 278 1704 vero
298 1677 387 1704 radios
410 1675 531 1708 exsilire,
559 1683 643 1711 nsque
670 1675 703 1702 ad
731 1674 1004 1703 circumferentiam:

214 1729 276 1750 esse
299 1722 371 1750 enim
390 1723 528 1758 globosmn
545 1726 572 1748 et
602 1722 734 1755 integrent
753 1721 879 1755 lapidem.
900 1719 1006 1747 Vidisse

216 1773 244 1796 et
265 1769 390 1797 lunarem
412 1777 465 1796 non
483 1777 551 1802 aqua
569 1772 746 1800 maceratum,
762 1767 807 1801 qui
822 1766 919 1793 deinde
932 1765 1006 1793 exhi-

216 1815 262 1842 bet
279 1815 399 1842 lunulam
413 1834 420 1846 ,
449 1819 475 1841 et
501 1814 560 1840 ideo
586 1813 770 1847 aquiluuarem
793 1816 918 1839 vocatum
935 1820 942 1838 :
958 1811 1005 1838 sed

217 1866 313 1889 natura
330 1869 360 1888 se
375 1865 527 1888 vertentem
544 1859 692 1886 secundum
716 1863 806 1886 motus
825 1857 906 1885 lutum.
925 1857 1006 1884 Mira-

216 1905 270 1932 bile
283 1905 387 1933 esthoc
403 1913 471 1940 opus
486 1909 600 1937 naturae,
617 1904 662 1931 sed
677 1903 760 1931 multa
774 1903 887 1931 obscura
904 1907 932 1930 et
951 1910 1003 1930 non

217 1950 393 1986 intelligibilia
410 1951 443 1978 de
461 1958 494 1977 eo
517 1955 672 1977 narrantur.
689 1948 765 1976 Multi
782 1949 877 1976 dicunt
892 1948 1006 1984 periisse

216 1995 381 2033 Egyptium.
401 1995 483 2023 Fama
502 2001 590 2024 tamen
609 1995 704 2023 salutis
718 1994 818 2030 350a
838 1994 933 2022 nuntia
946 1995 1005 2021 vul-

218 2043 341 2077 gabatur,
365 2048 393 2070 et
416 2042 528 2070 forsitan
554 2049 597 2069 res
619 2041 802 2069 involuntaria
824 2042 870 2074 sit,
892 2045 920 2068 et
935 2041 1004 2068 idem

218 2088 334 2116 fortasse
348 2089 430 2116 etiam
448 2089 529 2116 rebus
545 2088 745 2116 immortalibus
765 2087 863 2115 accidit
880 2095 887 2114 :
903 2087 1005 2121 optima

218 2142 342 2168 mouens,
362 2139 389 2161 et
408 2134 531 2162 oratione
556 2135 668 2162 hortans
688 2141 736 2161 eos
750 2132 796 2168 qui
811 2133 837 2160 in
852 2140 934 2168 opere
948 2137 1005 2160 tor-

217 2186 370 2215 pescerent.

219 2228 334 2263 εφέρετο
358 2228 387 2255 δὲ
411 2228 486 2262 ὅμως
513 2227 560 2254 καὶ
586 2227 723 2262 σωτηρίας
748 2234 788 2258 τις
803 2225 920 2260 ἄγγελος
935 2227 1024 2262 φήμη.

1057 1675 1150 1702 πολλοὶ
1175 1675 1349 1711 ἑωράκαμεν,
1368 1674 1482 1704 άκτῖνας
1511 1671 1686 1706 διαφαίνοντα
1714 1669 1769 1696 ἀπὸ
1799 1669 1849 1696 τοῦ

1058 1721 1155 1757 βάθους
1184 1721 1352 1756 χρυσίδιτας,
1383 1719 1450 1746 ἀλλὰ
1480 1718 1571 1745 δίσκον
1585 1716 1702 1752 ἡλιοειδῆ
1718 1716 1850 1751 κείμενον

1058 1769 1140 1803 μέσον
1157 1767 1204 1793 τοῦ
1218 1766 1302 1800 λίθου,
1320 1767 1440 1801 σφαῖραν
1466 1764 1579 1791 αὐτόθεν
1596 1762 1680 1797 πυρὸς
1700 1762 1738 1793 ὡς
1757 1762 1822 1789 ίδείν
1840 1770 1848 1777 ·

1056 1814 1104 1842 ἀπ’
1118 1812 1202 1848 αὐτῆς
1213 1812 1242 1840 δὲ
1265 1813 1315 1844 τὰς
1341 1813 1455 1844 ἀκτῖνας
1483 1809 1651 1845 ἐκθρώσκειν
1670 1808 1721 1839 ἕως
1735 1808 1784 1834 ἐπὶ
1799 1808 1850 1842 τὴν

1057 1859 1133 1887 ίτυν·
1160 1858 1230 1886 εἶναι
1259 1859 1314 1895 γὰρ
1337 1857 1495 1893 σφαιροειδῆ
1519 1856 1566 1882 καὶ
1598 1855 1658 1882 ὅλον
1689 1854 1736 1880 τὸν
1760 1853 1849 1881 λίθον.

1055 1907 1131 1934 Ἰδεῖν
1158 1906 1188 1933 δὲ
1209 1906 1257 1933 καὶ
1286 1905 1439 1941 σεληνίτην,
1465 1905 1496 1930 οὺ
1510 1903 1556 1929 τὸν
1570 1902 1647 1928 ὕδατι
1667 1900 1849 1935 τεγγόμενον,

1057 1952 1119 1988 [569
1136 1952 1181 1989 ΙΙ.]
1198 1951 1257 1980 εἶτα
1271 1951 1435 1987 ὲκφαίνοντα
1445 1950 1490 1977 τὸν
1502 1948 1645 1986 μηνίσκον,
1657 1947 1705 1974 καὶ
1714 1947 1758 1974 διὰ
1767 1946 1852 1973 τοῦτο

1056 1999 1265 2035 ὕδροσεληνίτην
1295 1997 1472 2033 καλούμενον,
1503 1995 1571 2023 ἀλλὰ
1599 1994 1670 2021 κατά
1701 1993 1782 2029 φύσιν
1798 1992 1851 2027 τὴν

1057 2043 1153 2070 ἑαυτοῦ
1170 2043 1338 2079 τρεπόμενον
1354 2043 1396 2069 ὅτε
1412 2042 1460 2069 καὶ
1470 2042 1543 2072 ὅπως
1558 2041 1575 2076 ή
1590 2039 1688 2075 σελήνη
1709 2038 1850 2074 τρέποιτο,

1054 2089 1206 2124 θαυμάσιον
1234 2089 1328 2125 χρῆμα
1353 2088 1431 2115 τοῦτο
1471 2095 1503 2121 γε
1536 2086 1653 2121 φύσεως.
1681 2083 1791 2119 Τυφλῆς
1819 2083 1850 2109 δὲ

1055 2135 1102 2162 καὶ
1129 2134 1253 2170 ἀσαφοῦς
1263 2135 1311 2170 τῆς
1336 2135 1431 2169 φήμης
1459 2131 1714 2167 περιπλανωμένης.
1740 2130 1769 2161 ὐ
1799 2129 1851 2164 μὲν

1056 2179 1103 2208 οὖν
1129 2181 1255 2213 πλεῖστος
1280 2181 1358 2215 λόγος
1378 2179 1546 2206 ἀπολωλέναι
1569 2177 1616 2205 τὸν
1631 2176 1793 2211 Αίγύπτιον.
1810 2176 1851 2202 δι-

1057 2228 1113 2255 Kal.
1136 2228 1206 2263 τάχα
1222 2229 1255 2255 ἂν
1269 2228 1316 2264 ἥδε
1333 2228 1351 2263 ή
1376 2227 1450 2262 πάθη
1463 2225 1642 2262 άπροαίρετος
1660 2225 1694 2252 ἂν
1708 2224 1769 2259 εῐη,
1801 2230 1850 2256 καὶ

218 2272 262 2301 διὰ
277 2274 358 2301 τοῦτο
376 2273 520 2309 συμϐαίνοι
546 2273 580 2300 ἂν
609 2273 673 2305 ἴσως
707 2272 755 2299 καὶ
783 2273 842 2304 ταῖς
880 2273 1039 2308 ἀκηράτοις.
1062 2275 1102 2302 Τὰ
1119 2274 1245 2310 βέλτιστα
1254 2274 1405 2310 παραινῶν,
1417 2274 1464 2300 καὶ
1479 2272 1639 2309 παροξύνων
1650 2270 1689 2306 τῷ
1703 2271 1775 2307 λόγῳ
1784 2270 1848 2302 τοὺς

219 2321 248 2346 ἐν
266 2318 305 2354 τῷ
320 2319 392 2354 ἔργῳ
408 2318 597 2353 βλακεύοντας.

255 2365 323 2393 Cum
346 2370 401 2392 tres
416 2365 470 2392 sint
483 2365 581 2391 anima:
597 2365 713 2404 species,
730 2364 828 2399 triplex
845 2363 926 2392 etiam
939 2364 1000 2399 poli.

1095 2363 1252 2399 Ὄτιτριων
1276 2362 1361 2389 δντων
1376 2361 1454 2388 εἰδῶν
1477 2361 1526 2396 τῆς
1550 2359 1650 2394 ψυχῆς,
1667 2357 1762 2394 τριττὴ
1771 2358 1847 2393 καὶὴ

221 2411 280 2439 licae
303 2412 384 2442 ratio,
409 2418 523 2445 quarum
545 2411 672 2445 quaelibet
691 2414 746 2437 tres
769 2409 830 2437 illas
846 2409 938 2442 habet.
958 2410 1000 2437 sed

1060 2410 1192 2443 πολιτεία,
1204 2410 1251 2436 καὶ
1270 2408 1327 2445 ἔχει
1342 2409 1391 2444 μὲν
1417 2407 1519 2443 ἑκάστη
1539 2406 1589 2438 τὰς
1605 2406 1691 2441 τρεῖς,
1704 2403 1788 2441 [1068
1802 2404 1850 2440 R.]

220 2466 271 2485 una
287 2458 420 2492 praecipua
434 2457 522 2485 forma
543 2462 594 2489 est,
609 2465 624 2484 a
635 2465 686 2491 qua
701 2456 860 2490 appellatur,
877 2463 908 2483 ac
921 2457 1000 2490 prima

1059 2456 1118 2483 ἀλλ’
1139 2456 1179 2483 ἐνὶ
1206 2454 1402 2490 διαμορφοῦται
1418 2454 1465 2481 καὶ
1490 2451 1652 2487 ὀνομάζεται
1671 2449 1710 2484 τῷ
1732 2450 1851 2484 ἐπικρα-

219 2504 328 2538 quidem
346 2504 478 2531 rationem
498 2509 590 2530 secula
606 2510 647 2530 εει
663 2503 769 2535 ducem,
785 2502 935 2537 cuiusmodi
951 2501 1000 2529 vita

1059 2502 1162 2529 τοῦντι.
1191 2501 1247 2528 Καὶ
1275 2501 1346 2536 λόγῳ
1371 2501 1419 2536 μὲν
1445 2499 1574 2530 ἰθύνεται,
1599 2497 1636 2528 ὼς
1650 2498 1664 2523 ὁ
1680 2496 1727 2522 ἐπὶ
1742 2497 1850 2531 Κρὸνου

218 2553 243 2574 et
259 2549 410 2583 respublica
424 2548 473 2575 sub
490 2547 606 2575 Saturno
618 2548 679 2581 fuit,
691 2555 750 2582 qua:
761 2555 842 2573 aurea
857 2552 923 2574 mtas
940 2547 1000 2574 diei-

1059 2547 1126 2582 βίος,
1143 2547 1159 2582 ή
1175 2546 1310 2582 λεγομένη
1326 2546 1413 2582 χρυσῆ
1425 2544 1516 2580 γενεὰ,
1529 2544 1546 2579 ἢ
1556 2544 1587 2570 τὸ
1601 2543 1670 2570 θεῶν
1680 2541 1850 2576 ἁγχίσπορον

218 2598 273 2627 tur,
290 2596 331 2623 vel
343 2603 427 2630 genus
440 2596 592 2629 proximum
608 2594 668 2627 diis,
679 2599 709 2621 ut
721 2593 817 2621 fabula:
830 2593 909 2620 modo
920 2598 1000 2627 poeta

1059 2593 1148 2627 γένος,
1162 2590 1206 2621 οἷα
1219 2593 1249 2620 ἐν
1265 2593 1384 2628 σχήματι
1412 2590 1498 2626 μύθου
1522 2588 1699 2625 σεμνύνουσιν
1725 2588 1750 2614 οἱ
1766 2588 1796 2614 ἐν
1811 2587 1850 2621 τῷ

873 2659 989 2687 νΑῐῖΙιΕ
1010 2659 1213 2688 LECTIONES.

733 2707 744 2719 “
757 2706 866 2749 ἀνίατα]
885 2706 941 2733 ἄνω
955 2706 990 2732 τά
1006 2706 1037 2733 Α.
1075 2707 1085 2721 ⁷
1101 2706 1292 2768 προδεδιὸκότα
1309 2714 1366 2733 om.
1384 2705 1414 2732 B.
1453 2704 1464 2720 ³
1478 2705 1558 2740 ἥνυτε
1569 2703 1589 2730 Β
1605 2711 1612 2728 :
1628 2702 1691 2736 ἡνυε
1707 2709 1738 2742 ς.
1779 2700 1789 2715 ’
1805 2700 1852 2737 ἐπὶ

733 2741 906 2768 διαιτώμενος
927 2743 960 2768 Α.
980 2741 1185 2768 ἐνδιαιτώμενος
1248 2750 1255 2768 :
1278 2740 1512 2768 συνδιαιτούμενος
1525 2748 1554 2768 ς.
1595 2738 1615 2752 ⁸⁸
1639 2734 1794 2768 συνοθίτας]
1813 2736 1849 2760 (ει-

254 2709 264 2724 ‘
280 2708 318 2744 δὲ]
331 2708 360 2734 δέ
375 2717 401 2744 τι
418 2708 455 2734 id.
493 2708 504 2723 ⁸
518 2707 550 2742 δή
565 2715 619 2744 ραι.

682 2734 906 2776 συνδιαιτώμένος
927 2743 960 2773 Α,
980 2734 1185 2776 ἐνδιαιτώμενος
1210 2734 1230 2768 Β
1248 2750 1255 2769 :
1278 2734 1512 2775 συνδιαιτούμενός
1525 2748 1554 2772 ς.
1595 2738 1615 2752 ⁸⁸
1639 2734 1794 2770 συνοδίτας]
1813 2736 1849 2760 (εί.

220 2743 282 2770 add.
294 2741 328 2770 Κ.
366 2743 387 2759 ¹⁰
402 2741 548 2778 παρεῖνται
566 2741 596 2768 Β.
637 2741 656 2756 “

221 2778 380 2807 Boissonad.
399 2777 496 2805 Mariu.
513 2785 538 2811 p.
555 2777 600 2804 90.

969 2821 1082 2849 NtlT/E.

257 2871 313 2906 (30)
323 2871 392 2898 Vide
409 2871 480 2906 apud
495 2870 601 2898 Platon.
615 2874 642 2897 et
656 2870 781 2904 proverb.
