1919 3096
79 158 148 192 129⁸1
596 163 858 195 BIBLIOTHECA.
878 177 913 184 -
932 166 1014 196 COD.
1035 166 1172 197 CCXLII.
1640 165 1710 199 1298

73 216 183 251 τρίποδι
197 217 248 252 τῆς
261 217 373 252 Μούσης
390 218 541 254 καθήμενοι
566 220 686 255 ποιηταί.
703 220 787 256 Θυμῷ
798 221 827 248 δὲ

953 221 1058 257 tripode
1071 229 1154 249 musae
1162 222 1287 250 sedentes
1297 221 1416 250 tradunt.
1429 221 1487 250 Alia
1497 228 1558 257 quae
1568 220 1708 250 iracundia

72 263 288 299 διανισταμένην
314 264 454 292 πολιτείαν
467 265 517 302 τὴν
531 266 579 293 ἐπὶ
591 266 727 301 πολέμους
749 268 798 295 καὶ
816 276 830 304 μ

949 267 1095 300 ﬂammata,
1109 268 1134 294 in
1152 267 1220 295 bella
1232 271 1260 294 et
1274 275 1377 303 pugnas
1391 267 1494 300 ruit,et
1506 272 1535 295 ut
1550 268 1707 295 summatim

74 320 137 345 χας,
151 311 202 338 καὶ
218 311 258 343 ὡς
283 312 389 339 ὲπίπαν
403 313 499 347 φάναι,
513 313 564 347 τὴν
584 313 650 349 περὶ
665 313 807 348 πρωτείων
820 322 832 340 ν

947 320 1015 344 eam.
1042 313 1210 348 principatus
1235 318 1262 340 et
1281 313 1373 347 gloriae
1395 314 1542 348 cupiditate
1565 318 1705 342 aestuans:

73 354 155 392 δόξης
161 357 377 394 ἀγωνιζομένην,
390 359 449 385 οἵαν
460 359 483 375 ¹⁸
491 358 619 393 γενέσθαι
630 359 678 393 τὴν
685 360 730 386 ἐπὶ
739 361 787 395 τῆς
800 360 831 387 ῑσι

949 358 1070 392 jnsmodi
1099 359 1183 386 fuisse
1209 358 1361 386 audivimus
1384 366 1457 391 eam,
1480 358 1514 386 de
1529 366 1582 393 qua
1603 359 1707 387 crebra:

74 402 140 437 ρίας
156 403 288 430 ἑκάστοτε
297 404 484 440 θρυλουμένην
491 404 638 440 ἀκούομεν.
650 405 802 441 Ἐπιθυμίᾳ
809 406 830 422 ¹¹

948 405 1089 432 ιττοιίοιιοε
1105 404 1294 432 historiarum.
1308 404 1367 431 Alia
1381 411 1441 439 quae
1453 404 1574 439 appetitu
1590 405 1706 438 regitur.

74 448 126 482 τὴν
143 449 271 484 πανταχῆ
282 449 461 485 διαῤῥέουσαν
473 450 521 477 καὶ
535 450 589 477 ὑπὸ
602 451 707 487 τρυφῆς
717 451 832 479 ἀκολάστ

949 458 980 477 ιιι
1000 455 1027 478 et
1046 450 1152 478 deliciis
1170 450 1302 484 diﬂluens,
1324 455 1464 486 corrupta,
1479 450 1586 485 abiecto
1605 455 1632 478 et
1646 458 1707 478 mu-

73 493 288 531 διεφθαρμίνην,
313 496 430 523 ταπεινὰ
455 496 504 523 καὶ
530 498 674 531 γυναικεῖα
702 497 831 533 φρονοῦσα

948 496 994 523 ebri
1017 497 1108 524 animo
1130 496 1243 530 ignaviae
1261 496 1364 529 dedita,
1381 496 1484 524 incerta
1498 500 1574 524 sorte
1592 496 1706 532 iactata,

74 539 163 574 δειλία
175 540 298 569 σύνοικον
309 542 356 568 καὶ
366 542 395 569 ιν
405 541 478 578 πάσῃ
496 542 593 577 ὑηνείᾳ
608 543 630 559 ¹⁶
642 543 832 578 καλινδουμέντ

946 549 1010 573 'ara,
1027 541 1097 575 vilis,
1112 542 1231 574 servilis,
1241 541 1329 576 qualis
1342 548 1414 569 nunc
1429 547 1470 569 est
1482 541 1623 569 hominum
1639 542 1704 570 vita.

75 586 276 622 φιλοχρήμονα,
292 587 479 623 μικροπρεπῆ.
505 587 643 615 δουλεύειν
662 588 791 622 ἀσφαλῶς
806 589 833 616 ιι

947 587 1106 621 'opendebat
1126 587 1151 614 in
1171 586 1432 621 peregrinationem.
1453 593 1506 614 non
1528 594 1636 619 vanam,
1657 593 1705 616 aut

75 633 176 660 λουσαν
192 633 225 665 ¹¹,
255 633 298 660 οῖα
310 634 365 660 τῶν
377 635 406 660 ὲν
420 635 453 669 τῇ
467 633 516 660 νῦν
529 634 635 668 γενέσει
649 634 833 669 πολιτευομένη

947 632 1090 665 :liciosam.
1112 633 1260 660 inhiantem
1290 633 1429 660 hominum
1459 632 1705 660 substructionibus

74 680 92 715 ἡ
118 679 188 714 ζωή.
223 679 430 715 Προθυμύτατος
453 680 493 711 είς
505 680 661 714 ἀποδημίαν
685 680 716 706 οὐ
742 681 791 715 τὴν
812 689 832 716 μ

946 679 1079 711 cctandis,
1103 683 1149 706 aut
1174 678 1292 706 urbibus
1307 678 1412 713 magnis
1438 685 1470 705 ac
1495 677 1637 712 pulchris:
1657 679 1704 706 scil

74 732 153 752 ταιον
177 725 225 751 καὶ
252 723 411 759 τρυφῶσαν,
426 724 466 756 είς
487 723 646 759 ἀνθρώπινα
663 723 830 760 οἱκοδομήμα

946 724 1002 752 subi
1017 724 1081 759 quid
1097 725 1248 752 mirandum
1275 724 1392 756 audiret,
1412 723 1455 751 vel
1477 728 1633 758 angustum,
1646 724 1704 751 sive

75 769 123 797 καὶ
144 770 249 805 μεγέθη
267 770 315 797 καὶ
331 770 418 805 κάλλη
435 769 540 797 πόλεων
554 769 761 806 διαχαίνουσαν·
775 770 833 797 ἀλλ’

946 770 1060 802 cultum,
1076 770 1134 798 sive
1150 775 1285 805 apertum,
1305 770 1428 805 ipsisniet
1442 769 1529 797 oculis
1543 769 1635 797 videre
1655 777 1704 797 vo-

75 817 127 842 πού
146 825 175 844 τι
192 816 349 852 θαυμαστὸν
361 815 508 852 ἀκήκοενῆ
536 816 710 852 ἱεροπρεπὲς,
729 816 831 851 ἀφανὲς

946 816 995 843 hat.
1007 815 1094 850 Ipsam
1107 815 1224 843 animam
1239 816 1265 842 in
1275 816 1360 843 sacris
1369 815 1494 849 precibus
1509 820 1592 843 totum
1607 815 1704 842 divini-

73 862 91 897 ἢ
103 862 189 897 φανὸν
205 862 238 895 “,
255 862 393 898 αὐτόπτης
407 862 540 897 ἠϐούλετο
553 862 680 896 γενέσθαι
696 862 744 889 τοῦ
757 863 831 898 θαύμ

947 861 980 888 tis
1000 868 1130 888 oceanum
1145 869 1206 889 esse
1230 861 1317 888 dixit:
1346 861 1434 895 primo
1460 868 1474 888 ο
1495 868 1609 895 corpore
1631 861 1657 887 in
1674 868 1704 888 se

71 896 129 940 ¹ξος.
144 908 236 943 Αὐτὴν
247 907 276 934 δὲ
290 907 338 943 τήν
346 896 436 943 ψυχὴν
447 909 476 935 ὲν
487 909 549 939 ταῖς
566 909 652 944 ἱεραῖς
678 908 770 943 εὐχαῖς
796 896 829 944 πρ

943 905 1068 937 ιΙΙθοιιιιω
1086 907 1182 934 deinde
1200 913 1215 933 a
1231 906 1287 934 suis
1308 906 1429 933 moribus
1443 906 1627 939 recedentem,
1646 911 1673 933 et
1687 913 1701 933 a

71 953 134 980 ὅλον
164 953 195 980 τὺ
220 953 292 981 θεῖον
313 954 432 988 πέλαγος
460 953 549 988 ἔλεγε,
575 954 610 980 τὰ
627 954 675 989 μὲν
689 954 786 989 πρῶτα
799 963 829 981 συ

948 951 1092 979 tionalibus
1119 952 1275 983 nationibus
1300 951 1486 979 deﬂectentem
1510 951 1544 978 ad
1566 959 1620 984 res,
1643 959 1703 987 qmu

71 1000 258 1036 αγειρομένην
270 999 324 1028 ἀπὸ
349 999 398 1027 τοῦ
424 999 551 1035 σώματος
564 1000 604 1032 είς
618 1000 726 1036 ἑαυτὴν,
743 999 822 1033 αὖθις

945 997 997 1024 enti
1011 1001 1131 1032 cognata:
1145 1003 1217 1030 sunt;
1236 999 1314 1025 tertio
1326 999 1455 1026 divinitus
1470 997 1586 1026 alnatam
1599 1003 1626 1026 et
1643 1006 1703 1026 Inu-

71 1045 256 1080 ἐξισταμένην
269 1045 324 1073 τῶν
348 1045 422 1073 ἰδίων
444 1045 518 1081 ήθῶν
533 1045 581 1073 καὶ
604 1046 826 1082 ἀναχωροῦσανά

944 1046 997 1069 tam
1014 1042 1040 1070 in
1054 1044 1188 1070 insolitam
1207 1045 1391 1078 serenitatem,
1412 1052 1465 1072 non
1481 1045 1637 1077 humanam,
1654 1046 1701 1073 sed

68 1091 126 1117 τῶν
140 1090 260 1124 λογικῶν
274 1091 385 1118 ἐννοιῶν
402 1092 450 1118 ἐπὶ
469 1092 519 1123 τὰς
543 1091 582 1127 τῷ
599 1092 637 1127 νῷ
658 1094 811 1127 συγγενεῖς,

943 1095 970 1115 eo
989 1088 1205 1116 convenientem.
1230 1089 1306 1117 llunc
1329 1090 1443 1117 laudans
1466 1089 1585 1118 Isidorus
1608 1090 1634 1117 in
1653 1098 1701 1118 ore

69 1135 141 1162 δἀὖ
159 1135 262 1172 τρίτων
286 1136 468 1164 ἐνθουσιῶσαν
489 1137 536 1165 καὶ
558 1139 800 1174 παραλλάττουσαν
824 1149 827 1165 ι

943 1133 1017 1161 ibuit.
1033 1133 1207 1162 Commodior
1226 1134 1297 1161 enim
1318 1135 1469 1170 persuasio,
1499 1136 1701 1170 prrceptioqnc

70 1182 144 1217 ἀήθη
169 1182 230 1210 τινὰ
253 1183 373 1218 γαλήνην
397 1183 446 1211 καὶ
467 1183 518 1211 οὐκ
549 1184 732 1220 ἀνθρωπίνην.
763 1185 828 1211 Τοῦτ

942 1186 968 1205 ’ω
982 1178 1042 1206 aliis
1063 1180 1194 1212 materiis,
1212 1179 1291 1215 vulgo
1311 1180 1344 1207 ab
1366 1180 1490 1214 historia,
1512 1185 1540 1208 et
1557 1181 1673 1208 maxime
1685 1189 1700 1208 a

73 1227 197 1254 ἐπαινῶν
220 1227 356 1262 Ἰσίδωρος
382 1229 397 1255 ό
428 1228 573 1264 φιλόσοφος
591 1229 663 1256 κατὰ
679 1230 767 1265 στόμα
793 1228 831 1265 si;

945 1223 1064 1251 centiore
1084 1225 1172 1259 potius
1195 1232 1275 1259 quam
1300 1226 1463 1260 antiquiore,
1480 1230 1507 1253 et
1530 1227 1701 1254 audientibus

71 1272 254 1308 Μετριωτέρα
277 1273 331 1309 γὰρ
356 1273 442 1300 πειθὼ
468 1275 516 1301 καὶ
538 1274 699 1310 παραίνεσις
711 1277 760 1310 τῆς
774 1275 796 1291 ¹⁰
809 1276 829 1302 ά·

942 1268 1014 1303 iquid
1031 1269 1120 1296 notius
1136 1269 1262 1298 alierens.
1283 1270 1319 1297 At
1343 1271 1380 1298 illi
1401 1271 1426 1298 in
1451 1271 1599 1305 disciplinis
1618 1272 1699 1299 etiam

71 1317 126 1345 τῶν
142 1318 232 1345 ἀλλων
250 1318 338 1353 λόγων
364 1320 420 1351 τοῖς
441 1320 550 1352 πολλοῖς
562 1321 580 1355 ή
599 1320 652 1347 ἀπὸ
666 1321 716 1355 τῆς
730 1321 829 1357 ἱστορία

944 1313 1045 1348 Lgyptiis
1053 1313 1184 1341 lsidorum
1194 1315 1307 1348 socium,
1315 1315 1487 1351 sodalernque
1496 1322 1702 1351 assumpserunt

72 1363 121 1390 καὶ
133 1364 237 1398 μᾶλλον
252 1364 301 1399 τῆς
314 1364 496 1400 παλαιοτέρας
509 1366 525 1399 ή
536 1365 591 1392 άπὸ
600 1366 651 1400 τῆς
663 1367 799 1402 νεωτέρας
816 1375 830 1393 κ

943 1360 1091 1395 vestigandi
1108 1361 1248 1389 veritatem
1261 1369 1379 1394 sacram,
1397 1370 1456 1397 qua:
1472 1363 1498 1390 in
1516 1362 1648 1397 profundo
1662 1363 1701 1390 la-

70 1410 129 1441 τοῖς
156 1409 344 1445 ἀκροωμένοις
379 1411 499 1446 φέρουσά
528 1419 555 1438 τι
585 1411 806 1448 γνωριμώτερον.

941 1410 992 1438 ret,
1005 1411 1032 1433 et
1049 1406 1102 1434 illis
1122 1414 1194 1442 saepe
1216 1407 1242 1434 in
1261 1408 1457 1442 quaestionibus
1472 1409 1589 1443 antiquae
1603 1409 1699 1445 350i:

70 1454 100 1481 δὲ
116 1454 165 1482 καὶ
177 1455 207 1481 ιν
218 1456 275 1487 τοῖς
288 1455 449 1489 Διγυπτιοῖς
475 1456 678 1491 φιλοσοφήμασι
697 1457 744 1484 τὸν
762 1457 826 1484 Ίσίδ

940 1451 1051 1486 ιρίοηιίεε
1065 1451 1153 1480 lumen
1173 1454 1306 1481 accendit.
1329 1453 1424 1482 Omnis
1439 1455 1475 1482 illi
1493 1455 1603 1483 solertia
1618 1463 1669 1482 non
1683 1463 1698 1483 rt

72 1507 120 1534 ρον
134 1499 267 1535 συνεργὸν
276 1500 323 1526 καὶ
335 1501 539 1536 συγκυνηγίτην
551 1501 761 1536 παρελάμϐανον
778 1502 799 1518 ¹¹
813 1511 828 1529 τ

942 1497 989 1524 πίε
1015 1501 1043 1525 et
1064 1497 1214 1532 disciplinis
1233 1499 1329 1527 alienis
1349 1507 1397 1534 per
1418 1502 1578 1528 memoriam
1604 1509 1700 1536 suppe-

70 1544 99 1570 ιν
113 1544 190 1580 βυθῷ
214 1545 412 1580 κεκρυμμένης
435 1544 474 1577 ὡς
490 1545 599 1580 άληθῶς
623 1546 698 1581 ἱερᾶς
711 1546 828 1582 ἀληθεία

942 1543 997 1575 bat,
1012 1544 1059 1570 sed
1085 1544 1205 1572 habitum
1220 1546 1362 1579 quemdam
1379 1546 1486 1573 llrmum
1502 1552 1530 1574 et
1542 1547 1700 1576 fecundissi-

70 1589 119 1616 καὶ
133 1589 270 1625 πολλαχοῦ
282 1590 340 1625 φῶς
351 1590 473 1626 ἀνῆπτεν
493 1591 586 1622 αὐτοῖς
606 1591 636 1618 ιν
651 1592 711 1623 ταῖς
729 1591 828 1628 ζητήσι

942 1596 998 1621 nm,
1017 1589 1062 1623 qui
1085 1589 1177 1616 omnia
1201 1590 1444 1624 comprehenderet
1467 1592 1546 1627 hujus
1567 1593 1698 1626 veritatis,

69 1636 120 1670 τῆς
135 1636 338 1672 ἀρχαιοτρὸπου
356 1636 464 1671 σοφίας.
486 1636 523 1663 Τὸ
549 1636 578 1664 δὲ
595 1636 705 1673 σύμπαν
722 1637 797 1673 αὐτῷ
813 1647 827 1664 τ

942 1642 946 1659 ι
960 1633 1037 1660 initio
1054 1633 1158 1661 habuit.
1172 1633 1206 1661 Et
1215 1634 1320 1662 occidet
1333 1635 1498 1668 hominibus,
1512 1641 1542 1663 ut
1561 1637 1607 1672 qui
1631 1637 1700 1664 divi-

70 1681 203 1716 sumpta;
217 1681 266 1707 οὐκ
276 1681 330 1708 άπὸ
346 1681 456 1716 βιϐλίων
465 1681 512 1708 καὶ
523 1681 701 1716 δοξασμάτων
719 1681 828 1717 ὲπορίζε

940 1686 976 1715 rm
990 1678 1048 1712 ejus
1063 1684 1152 1706 ortum
1167 1679 1240 1707 ferre
1254 1685 1406 1714 nequeant:
1423 1686 1535 1709 coactus
1549 1686 1590 1709 est
1603 1689 1698 1710 curam

69 1726 223 1761 ἀλλοτρίων
234 1726 278 1753 διὰ
291 1727 413 1762 μνήμης,
441 1726 500 1754 ἀλλ’
523 1726 580 1759 ἕξιν
613 1727 674 1755 τινὰ
688 1728 801 1762 βεϐαίαν
816 1738 827 1757 ν

942 1725 1028 1752 iorum
1049 1733 1155 1760 gerere,
1179 1731 1209 1753 ut
1230 1726 1297 1753 bene
1315 1726 1532 1755 instituerentur.
1548 1727 1699 1756 Verborum

70 1772 218 1807 πάμφορον
231 1772 362 1808 ἀληθείας
387 1773 437 1807 τῆς
462 1781 494 1808 γε
515 1773 645 1809 τοιαύτης
666 1774 714 1800 ἀπ’
731 1773 797 1810 [570
815 1775 828 1802 Ε

953 1771 1112 1806 explicando
1125 1771 1233 1806 parcior
1249 1772 1312 1805 fuit,
1328 1780 1408 1808 qnam
1426 1778 1455 1800 ιιι
1467 1774 1533 1801 satis
1549 1781 1628 1801 sensa
1639 1774 1699 1801 ani-

69 1817 159 1853 άρχῆς
173 1818 316 1853 ἐκτήσατο.
329 1818 385 1845 Καὶ
399 1817 509 1845 δύσιται
522 1819 579 1850 τοῖς
590 1818 755 1854 ἀνθρώποις,
768 1819 817 1847 ἅτε

942 1817 1116 1852 iexplicaret
1138 1827 1144 1845 ε
1183 1825 1269 1852 neque
1289 1819 1362 1846 enim
1390 1824 1496 1850 natura.
1524 1819 1698 1846 exercitatio-

67 1863 231 1898 δυναμένοις
261 1863 345 1890 αὐτοῦ
371 1863 466 1899 φέρειν
487 1864 536 1900 τὴν
564 1864 640 1891 θείαν
663 1866 686 1881 ⁹¹
716 1866 825 1893 άνατολί

941 1870 964 1891 re
990 1871 1052 1891 eum
1079 1864 1122 1891 hic
1152 1864 1331 1897 destituebat,
1356 1864 1403 1891 sed
1433 1864 1554 1892 studium
1582 1865 1640 1899 ipse
1665 1865 1699 1894 ad

68 1908 259 1943 Ἦναγκάξετο
285 1909 309 1925 ’³
330 1909 520 1944 ἐπιμελεῖσθαι
537 1910 587 1945 τῆς
602 1910 658 1938 τῶν
687 1911 792 1938 παίδων
815 1920 826 1938 ε

942 1908 1129 1943 :rspicuitatem
1153 1909 1339 1936 convertebat.
1363 1908 1506 1937 Nominum
1532 1910 1700 1938 concinnita-

67 1955 205 1989 αγωγίας.
234 1955 290 1982 Καὶ
325 1955 379 1991 μὴν
406 1956 453 1983 καὶ
465 1956 495 1982 ὲν
523 1957 584 1988 ταῖς
609 1956 772 1992 ἐξηγήσεσιν
790 1958 825 1984 ἑνί

940 1961 965 1981 m
979 1958 1006 1980 et
1018 1953 1226 1981 ostentationem
1244 1953 1304 1980 aliis
1319 1953 1487 1989 relinquens,
1504 1962 1562 1981 rem
1578 1960 1697 1983 sectatus

66 2002 182 2037 (crepo;
215 2002 254 2038 τῷ
280 2002 381 2038 λόγῳῆ
409 2003 480 2030 ὥστε
497 2004 661 2039 ἑρμηνεύειν
673 2005 710 2032 τὰ
728 2005 823 2032 δοκοῦν

939 2003 954 2026 ,t
969 2007 977 2027 :
991 2007 1043 2026 non
1063 1999 1141 2033 plura
1166 1998 1249 2026 verba
1270 1998 1375 2026 locutus
1398 2007 1480 2034 quam
1498 2007 1579 2027 sensa
1600 2001 1697 2028 mentis

65 2046 263 2082 ἀποχρώντως.
276 2048 313 2074 Οὐ
331 2048 384 2083 μὴν
401 2048 456 2075 οὐδ’
468 2048 587 2075 ἐνταῦθα
601 2048 753 2085 ἀϐοήθητος
764 2047 798 2086 ἦν
807 2050 823 2076 ὑ

942 2049 1011 2078 sent,
1028 2052 1116 2080 neque
1136 2045 1210 2079 plura
1228 2052 1306 2072 sensa
1329 2052 1410 2079 quam
1429 2052 1519 2072 rerum
1538 2050 1631 2073 natura
1655 2054 1699 2081 pa-

65 2091 118 2127 ·ιῆς
132 2091 242 2126 φύσεως
257 2092 368 2128 καὶτῆς
383 2092 467 2128 ἄλλης
483 2093 611 2129 μελέτης,
638 2094 708 2121 ἀλλὰ
721 2095 823 2122 κατεϐά

940 2097 1024 2123 retur,
1041 2091 1186 2125 justitiam,
1210 2100 1270 2126 qua:
1290 2092 1373 2119 Dentri
1395 2097 1553 2126 veneratur,
1569 2093 1595 2119 in
1611 2093 1698 2120 lucem

65 2139 131 2165 λετο
145 2137 171 2154 ³⁵
187 2138 238 2173 μὲν
260 2137 379 2173 σπουδήν
413 2138 482 2174 πρὸς
505 2139 555 2174 τήν
581 2139 743 2174 σαφήνειαν,
763 2142 813 2176 τὴν

941 2145 1009 2165 rens.
1026 2137 1166 2165 Gaudebat
1185 2137 1301 2164 Isidorus
1327 2137 1385 2164 viso
1407 2137 1511 2169 Proclo,
1530 2142 1605 2165 ratus
1626 2138 1699 2165 ineo

64 2185 123 2211 τῶν
132 2184 274 2219 ὀνομάτων
289 2184 441 2220 εὐρυθμίαν
465 2185 558 2220 ἀφιεὶς
586 2185 691 2221 ἑτέροις
717 2186 786 2220 πρὸς
802 2187 822 2213 ὲτ

957 2183 1138 2211 venerandum
1161 2188 1188 2210 et
1205 2190 1314 2218 gravem
1330 2183 1506 2218 philosophiae
1523 2183 1624 2210 vultum
1637 2190 1700 2211 vere

64 2229 151 2262 δειξιν
174 2230 262 2264 εἴχετο
287 2229 342 2256 τῶν
364 2231 548 2266 πραγμάτων,
567 2231 598 2258 οὐ
619 2231 716 2265 λόγους
725 2231 756 2258 τδ
777 2231 822 2259 πλέ

942 2230 1013 2256 dere.
1043 2229 1110 2256 Cum
1143 2228 1224 2256 etiam
1262 2227 1372 2256 Proclus
1412 2228 1506 2256 lsirlori
1541 2229 1638 2257 faciem
1670 2233 1700 2256 ut

64 2276 80 2311 ἢ
99 2276 212 2311 νοήσεις
223 2274 409 2310 φθεγγόμενος
423 2276 457 2308 ³⁸,
467 2276 527 2303 οὐδὲ
542 2277 649 2312 νοήσεις
663 2276 764 2311 μᾶλλον
779 2276 796 2312 ἢ
810 2286 822 2304 τ

940 2273 1028 2300 vinam
1060 2271 1142 2300 fuerit
1169 2273 1302 2305 miratus,
1329 2273 1463 2308 plenaque
1493 2274 1567 2302 intus
1609 2274 1697 2309 philo-

65 2318 162 2350 οὐσίας
191 2318 282 2345 αὐτῶν
320 2318 376 2345 τῶν
416 2319 588 2354 πραγμάτων
620 2319 695 2354 άγων
715 2320 756 2351 είς
790 2320 823 2353 φᾶ

943 2319 1012 2354 phiae
1037 2319 1108 2346 vita.
1141 2318 1276 2346 Salustius
1297 2327 1350 2346 non
1368 2319 1484 2354 amplius
1499 2319 1600 2347 forensi
1618 2339 1626 2352 ,
1651 2320 1698 2347 sed

65 2364 124 2399 Τὴν
137 2363 240 2399 περὶτδ
255 2363 332 2390 Θεῖον
345 2364 369 2381 ’⁸
380 2364 578 2399 ἅγιστεύουσαν
587 2364 676 2400 θέμιν.
692 2365 823 2400 Εὑφραίνε

939 2365 1037 2392 ἰιιοι-ἰω
1058 2364 1110 2390 arti
1143 2363 1258 2391 intendit
1278 2365 1411 2392 animum.
1436 2364 1591 2392 Publicatas
1614 2365 1697 2393 etiam

64 2409 93 2437 δι
113 2409 188 2445 ὁρῶν
201 2409 247 2436 τδν
278 2409 399 2444 Πρόκλον
415 2411 429 2436 ό
443 2410 578 2446 Ἰσίδωρος
604 2411 703 2438 αίδοίόν
720 2410 744 2427 ¹¹
754 2419 784 2437 τε
800 2411 818 2438 ἆ

941 2409 1100 2437 :mosthenis
1130 2410 1267 2437 orationes
1303 2410 1442 2438 memoriae
1470 2410 1610 2438 mandavit
1640 2417 1699 2438 om-

65 2456 115 2482 καὶ
128 2455 218 2482 δεινὸν
234 2455 310 2488 ἰδεῖν.
323 2455 390 2482 αὐτὸ
403 2455 490 2483 δοκῶν
503 2457 562 2482 ἐκεῖ
575 2456 642 2492 ὸρᾷν
663 2456 686 2472 ¹⁷
701 2456 733 2483 τδ
751 2456 823 2490 φιλοι

940 2465 970 2484 :s.
999 2455 1097 2484 Adhaec
1125 2455 1191 2484 satis
1212 2460 1272 2484 erat
1297 2456 1425 2489 disertus,
1448 2464 1503 2484 non
1532 2457 1698 2485 recentiores

65 2501 133 2535 φίας
155 2500 196 2536 τῷ
235 2501 293 2527 ὄντι
330 2501 488 2537 πρόσωπον.
514 2501 594 2528 Ἐπεὶ
616 2502 664 2529 καὶ
690 2502 705 2529 ὸ
736 2502 823 2537 Πρόκλ

942 2503 1047 2537 phistns
1067 2502 1189 2535 imitans,
1205 2502 1251 2530 sed
1266 2510 1326 2530 cum
1340 2507 1432 2530 vetere
1444 2503 1602 2538 scriptionis
1611 2503 1700 2538 splen—

66 2546 210 2581 ἐθαύμαζε
223 2546 271 2573 τοῦ
288 2546 426 2582 Ἰσιδώρου
437 2547 468 2574 τὺ
481 2545 550 2579 εἶδος
568 2547 606 2579 ὡς
621 2547 714 2574 ἔνθεον
729 2549 775 2574 καὶ
789 2548 823 2574 π).

941 2557 978 2576 πο
989 2553 1108 2580 certans.
1133 2549 1326 2583 orationesque
1347 2549 1458 2585 scripsit
1477 2557 1530 2577 non
1545 2549 1630 2577 multo
1647 2549 1699 2576 illis

68 2601 114 2626 ρες
142 2593 166 2609 ’⁸
204 2593 270 2619 simu
294 2592 441 2628 φιλοσόφου
465 2592 548 2628 ζωῆς.
578 2593 608 2620 '0
635 2593 664 2620 δὲ
695 2593 826 2621 Σαλούστι

943 2595 1065 2623 feriores.
1087 2593 1173 2623 Nudis
1192 2594 1304 2629 pedibus
1320 2595 1414 2622 orbein
1433 2599 1580 2627 terrarum,
1598 2600 1627 2622 ut
1645 2595 1699 2622 ler-

66 2638 159 2665 οὺκέτι
182 2638 222 2673 τῷ
236 2638 376 2675 δικανικῷ,
397 2639 456 2666 ἀλλ’
479 2639 530 2675 ήδη
562 2639 602 2675 τῷ
631 2639 779 2675 σοφιστικῷ
805 2640 820 2675 β

942 2648 965 2674 r,
978 2641 1083 2668 ambiit.
1098 2640 1166 2675 ’Ἑδη
1195 2640 1266 2674 capit
1281 2648 1330 2676 pro
1348 2640 1414 2675 ipsis
1437 2640 1567 2668 delubris.
1587 2639 1699 2667 Ponitur

710 2717 827 2746 VARIIE
846 2718 1045 2747 LECTIONES.

102 2761 110 2776 ‘
139 2761 168 2788 δὲ
178 2768 234 2800 om.
245 2761 280 2790 Δ.
308 2761 342 2800 ff
357 2760 460 2800 oiov_A.
498 2763 521 2800 ξ’
532 2763 679 2798 ἐπιθυμίαν
691 2763 721 2800 Β,
735 2799 740 2800 γ
760 2763 783 2800 ’ξ
801 2763 897 2800 ὑηνείᾳ
906 2763 944 2800 Α)
958 2763 1079 2800 κυϐείαν
1096 2763 1128 2800 γξ⁷
1140 2763 1270 2792 θέλουσαν
1285 2772 1316 2800 ςι
1355 2763 1378 2781 ¹³
1389 2761 1503 2800 ἀφανὲς]
1510 2763 1536 2800 ’ἢ
1551 2762 1654 2800 deus;
1664 2763 1697 2789 Δ.

102 2771 110 2776 -
139 2771 168 2788 οε
178 2771 234 2789 om.
245 2771 280 2790 ts.
320 2771 342 2778 ’τ
357 2771 413 2790 οιον
428 2771 460 2790 Α.
500 2771 521 2780 ··
532 2771 679 2798 επιυυμιαν
691 2771 721 2790 rs.
760 2771 783 2780 "
801 2771 944 2799 υηνειᾳΑε
958 2771 1036 2790 κυοει
1060 2783 1065 2790 .
1107 2771 1126 2780 ι’
1140 2771 1270 2792 υεΑουσαν
1285 2772 1316 2796 ς.
1355 2771 1378 2781 ι’
1389 2771 1406 2791 α
1427 2771 1502 2799 ανες]
1519 2771 1536 2799 η
1551 2771 1652 2797 αφανες
1664 2771 1697 2789 Δ.

68 2796 90 2834 'A’
107 2796 225 2834 φανερόν
237 2805 288 2834 ς.η
307 2797 332 2814 ’⁸
343 2798 394 2832 τῆς
407 2798 432 2834 AV
446 2806 453 2825 :
470 2799 527 2830 τοῖς
540 2808 570 2831 ς.
608 2800 629 2815 ’³
647 2798 848 2834 συνελάμϐανον
861 2798 889 2826 Β.
928 2799 951 2815 ’³
960 2772 1182 2834 θείανῖάλήθειαν
1193 2800 1226 2826 Α.
1264 2800 1287 2816 ³³
1302 2771 1483 2834 ήναγκάῖετο]
1496 2796 1699 2834 εῖναιῄεἰχάζετο

69 2831 107 2869 ᾼη
137 2831 343 2869 "pessum
355 2831 388 2860 Α.
401 2868 404 2869 ν
426 2833 449 2869 '_'
469 2833 654 2869 φθεγγόμενος
667 2834 727 2861 οὐδὲ
742 2831 850 2868 νοήσεις
865 2842 918 2869 orn.
937 2834 970 2860 A.
1007 2831 1105 2861 ¹⁶”τῶν’
1117 2833 1196 2862 θείων
1203 2835 1236 2863 Λ.
1283 2831 1415 2862 ¹⁷ὶιίδοῖον
1430 2831 1574 2869 -δεινὺν1
1588 2833 1699 2861 αἰδοῖ-

69 2864 153 2901 δείμω
164 2865 196 2894 Β.
234 2866 258 2883 ⁸⁸
272 2868 376 2895 ἐκεῖνον
394 2867 464 2903 ὁρῶν
475 2864 509 2896 Ἀ.
527 2864 533 2869 ’
546 2864 580 2885 ’π
593 2864 695 2904 πλῆρες
719 2864 816 2898 διιίιίίιε
830 2864 854 2896 v.
877 2866 952 2901 Εἶδος
967 2879 973 2896 ;
993 2869 1099 2905 πλήρης
1111 2877 1141 2901 ς.
