1919 3096
213 157 286 199 1299'
575 156 578 159 ’
793 165 923 196 PHOTII
942 163 1196 195 mammona:
1212 164 1265 193 cp.
1770 159 1835 193 1300

212 226 305 252 eadem
323 230 375 251 vox
395 227 420 250 et
438 230 487 258 pro
507 222 605 251 statuis
623 231 629 250 :
655 222 718 250 itetn
741 231 789 256 pro
812 222 903 256 templi
927 229 970 257 pm

1080 222 1176 256 νοσεῖχε
1191 220 1237 247 τὸν
1249 218 1463 254 νοῦν.¹Εξέμαθε
1484 218 1513 244 δὲ
1538 217 1585 244 καὶ
1610 217 1673 248 τοὺς
1691 216 1838 251 δημοσίους

213 274 311 297 mento.
331 268 425 296 Millies
445 269 578 296 insomnia
595 269 671 302 vidit,
690 274 719 296 ut
735 277 788 296 uno
802 268 884 295 verbo
897 267 971 295 dicar

1081 274 1173 298 πάντας
1188 265 1235 292 τοῦ
1244 265 1435 300 Δημοσθένους
1451 263 1559 298 λόγους.
1578 263 1634 289 Καὶ
1657 262 1689 297 δὴ
1703 262 1794 296 λέγειν
1805 259 1839 296 ἦν

213 315 301 342 Semel
317 322 381 342 vero
394 313 475 341 etiam
492 321 584 341 verum
606 315 694 341 visum
718 314 846 349 apparuit
862 313 970 340 homine

1083 311 1154 343 ανὺς,
1170 311 1200 337 οὐ
1212 311 1276 341 τοὺς
1293 309 1368 340 νέους
1383 309 1406 325 ⁸⁸
1424 308 1605 346 μιμούμενος,
1616 306 1757 341 σοφιστὰς,
1772 306 1841 333 ἀλλά

213 361 454 394 circumspiciens,
480 368 529 395 pro
543 364 670 388 accurate
689 359 883 394 contemplans,
901 362 971 392 preti

1081 357 1119 388 aeq
1135 356 1180 383 τὸν
1199 357 1313 391 ἀρχαῖον
1327 356 1403 382 τόνον
1417 355 1437 371 ³¹
1451 354 1501 390 τῆς
1519 353 1704 388 λογογραφίας
1717 351 1839 388 ἁμιλλώ-

211 410 370 433 rousuetum
387 413 489 433 morem
504 405 643 440 loquendi.
658 405 747 432 Liberi
759 409 838 432 erant
855 405 888 430 ab
903 404 965 430 ltum

1083 410 1142 434 :vo;.
1158 402 1268 437 Ἀμέλει
1296 401 1344 428 καὶ⁸
1357 400 1459 436 ἔγραψε
1474 399 1571 433 λόγους
1581 400 1612 425 οὐ
1637 398 1705 425 πολύ
1723 407 1750 425 τι
1767 398 1841 424 ἐκεί-

211 451 254 478 nis
273 451 484 485 impedimentis,
509 458 568 486 qua:
595 451 753 486 plerumque
771 455 843 478 sunt.
867 449 950 477 Nemo

1082 457 1104 476 »ν
1129 447 1315 481 λειπομένους,
1345 445 1426 482 [1069
1453 443 1499 481 8.]
1530 444 1696 475 ἀνυπόδετος
1726 442 1840 478 περιιὼν

210 495 310 523 divinis
326 496 408 524 rebus
427 497 494 524 adeo
513 497 596 524 hebes
614 502 664 528 est,
682 496 747 530 quin
768 495 869 523 sentiat
890 501 968 521 omne

1082 503 1101 530 ιν
1132 492 1308 528 οίκουμένην,
1334 491 1371 524 ὡς
1399 491 1483 526 φάναι
1495 490 1573 525 λόγον
1587 491 1620 524 ³⁸,
1641 490 1762 517 ἅπασαν.
1781 489 1840 515 Ὀτι

212 539 259 568 Dei
275 542 340 574 vim,
359 542 476 569 maxime
493 546 581 569 autem
598 542 624 569 in
637 541 779 576 puniendis
792 540 929 575 improbis.
939 539 970 566 Νι

1081 549 1086 566 ι
1099 539 1143 574 ἕδη
1157 539 1205 565 καὶ
1217 538 1264 565 ἐπὶ
1273 537 1363 565 αὐτῶν
1377 537 1512 572 λαμϐάνει
1526 536 1580 563 τῶν
1595 536 1727 571 τεμενῶν,
1742 535 1839 562 τάττε-

212 587 352 614 aberraret
366 595 380 614 a
400 594 462 614 vera
476 594 564 619 musa,
580 587 621 614 vel
637 594 650 613 a
670 594 747 614 sacra
761 587 886 613 veritate.
901 584 970 620 35]

1083 594 1095 611 .I
1110 585 1138 611 δὲ
1152 585 1200 612 καὶ
1215 585 1261 610 ἐπὶ
1276 583 1330 610 τῶν
1345 583 1529 619 ἀγαλμάτων·
1545 582 1653 617 λέγεται
1672 582 1701 608 δέ
1716 581 1777 614 ἐδος
1794 581 1841 608 καὶ

213 634 285 661 Socii
307 633 377 661 alius
400 633 545 668 opinionis,
567 638 595 660 et
613 637 773 663 sectatores,
793 635 820 658 et
834 632 867 658 ad
880 631 971 665 philos

1092 630 1189 664 ἐδαφος
1214 629 1261 656 τοῦ
1291 629 1352 655 νεώ.
1371 629 1455 664 Ὀναρ
1475 628 1524 663 μὲν
1547 628 1677 664 μυριάκις
1697 627 1790 663 παρῆν
1804 627 1840 658 ὡς

212 681 303 714 phiam
339 679 549 711 roborabantur,
587 685 740 712 quanquam
776 677 853 704 initio
882 676 970 710 philos

1082 676 1135 702 ivat
1145 675 1176 701 τὸ
1188 674 1264 708 ἔπος,
1275 674 1350 706 απαξ
1358 674 1387 701 δέ
1402 674 1449 701 καὶ
1461 674 1536 709 ὕπαρ
1548 673 1570 690 ³³
1583 673 1670 707 ἐφάνη
1685 672 1717 699 τὸ
1731 672 1840 707 φάσμα.

214 725 313 759 phandi
333 724 518 752 dexteritatem
537 731 589 750 non
605 726 825 757 assequerentur.
844 722 909 750 Voto
925 730 972 750 ustt

1084 719 1258 755 εριορώμενον
1299 720 1345 746 τὸν
1377 720 1521 755 ἄνθρωπον
1549 719 1609 745 ἀντὶ
1631 718 1678 745 τοῦ
1704 718 1842 753 ἐμϐλέπον

213 770 246 797 ad
266 770 424 798 familiarem
445 770 646 803 humanumque
670 776 780 796 sensum
798 776 812 795 a
837 773 971 803 portetttos

1083 767 1185 802 ιριϐῶς,
1198 765 1366 792 ὲπισκοποῦν
1380 765 1414 797 ³³,
1445 765 1574 797 ἐναντίως
1592 765 1642 800 τῆς
1658 764 1711 790 τῶν
1735 763 1841 790 πολλῶν

213 816 330 850 spectris
346 815 437 848 rediit,
468 820 495 842 et
520 815 636 842 elocavit
651 815 684 841 ad
705 819 814 849 tempus
829 814 971 841 matrimon

1083 813 1186 847 μήσεως.
1200 811 1348 839 Ἀκώλυτοι
1359 811 1483 846 διέμενον
1498 811 1550 838 ὑπὸ
1561 811 1615 837 τῶν
1625 810 1760 837 εἰωθότων
1771 810 1841 837 κατά

214 868 317 898 aptum.
332 863 384 890 Sed
400 863 481 889 etiam
502 860 680 896 philosophia:
703 859 798 887 induto
823 859 914 894 pallio,
941 864 972 886 tal

1100 858 1269 893 ἀνθρώπινον
1291 857 1315 875 ³⁸
1341 857 1522 892 κωλυμάτων.
1551 857 1645 888 Οὐδείς
1671 857 1747 883 ἐστιν
1771 855 1842 882 οὕτω

213 890 294 941 quam
308 914 406 942 sponsa
420 906 605 941 philosophica
619 907 644 932 in
658 905 758 933 divinis
767 905 847 932 rebus
858 913 971 932 exerceo

1082 918 1083 926 ι
1097 904 1176 931 Θεῖον
1196 902 1437 938 ἐκκεκωφημένος,
1464 901 1494 934 ὃς
1508 902 1559 929 οὐκ
1583 901 1742 928 αἰσθάνεται
1758 901 1840 928 αὑτοῦ

217 950 358 986 religione,
376 955 403 978 et
418 957 587 985 quacunque
601 949 703 982 cﬂ'erri,
720 955 747 976 et
765 957 931 984 quaecunque
949 958 975 978 ιι(

1084 958 1104 984 ις
1116 949 1258 984 ἐνεργείας
1275 949 1366 983 πάσης
1378 948 1439 984 μὲν,
1455 949 1505 983 οὐχ
1528 948 1630 983 ἥκιστα
1658 947 1687 974 δὲ
1699 948 1750 981 τῆς
1762 948 1842 974 κολα-

213 991 304 1021 eﬂ‘erri
317 998 440 1028 possunt.
458 994 504 1021 Ille
516 993 742 1027 Aphrodisiadem
758 994 880 1027 secessit,
896 1000 922 1021 et
940 1002 971 1021 cu

1087 996 1154 1029 ύσης
1173 994 1236 1025 τοὺς
1247 993 1466 1028 ἁμαρτάνοντας.
1483 992 1540 1019 Οὐκ
1551 992 1584 1018 ἃν
1592 991 1712 1027 ἁμάρτοι
1728 991 1842 1026 Μούσης

213 1046 298 1066 uxore
314 1039 374 1066 sine
387 1039 481 1067 liberis
493 1039 569 1066 vixit.

1087 1038 1179 1073 ηθοῠς,
1192 1038 1209 1074 ἢ
1221 1038 1271 1064 οὐκ
1297 1037 1330 1064 ἂν
1357 1038 1476 1074 ἁμάρτοι
1499 1037 1627 1072 ἀληθείας
1641 1038 1728 1072 ἱερᾶς.
1744 1037 1779 1065 Ol
1795 1036 1843 1071 τῆς

212 1085 363 1120 ἀλλοφύλου
399 1087 477 1123 δόξης
505 1087 608 1122 ἑταῖροι
642 1087 688 1114 καὶ
718 1087 911 1115 συστασιῶται.
942 1087 997 1114 Καὶ
1016 1087 1084 1122 πρὸς
1101 1087 1124 1103 ³⁵
1136 1086 1296 1121 φιλοσοφίαν
1316 1087 1446 1122 ἐρῥωντο,
1463 1086 1552 1112 καίτοι
1576 1086 1661 1122 ἀρχὴν
1681 1084 1845 1120 ἀτυχοῦντες

213 1132 367 1167 εὐαγωγίας
381 1133 537 1168 φιλοσόφου.
560 1134 614 1161 Καὶ
637 1135 669 1169 τῇ
689 1134 754 1169 εὐχῇ
771 1134 942 1168 χρησάμενος
956 1134 997 1165 είς
1016 1133 1065 1168 τὴν
1078 1133 1179 1168 συνήθη
1203 1133 1252 1160 καὶ
1280 1133 1454 1168 ἀνθρωπίνην
1483 1131 1609 1167 αἴσθησιν
1633 1132 1687 1160 ἀπὸ
1709 1133 1765 1159 τῶν
1797 1131 1845 1159 ἀλ-

213 1178 330 1205 λοκότων
356 1178 445 1213 δψεων
465 1179 610 1213 ἐπανῆλθε.
641 1179 696 1206 Καὶ
713 1180 744 1214 δὴ
762 1179 892 1211 ἐξέδωκεν
907 1179 1058 1214 ἱκνουμένῳ
1073 1179 1095 1195 ³⁸
1128 1178 1168 1215 τῷ
1191 1179 1238 1206 τοῦ
1279 1179 1370 1214 γάμου
1406 1178 1507 1213 καιρῷ.
1542 1178 1622 1204 Ἀλλὰ
1643 1178 1690 1204 καὶ
1722 1178 1845 1213 τρίϐωνα

213 1222 369 1258 περιϐαλὼν
385 1223 542 1258 φιλοσοφίας
556 1224 588 1257 ³⁷,
603 1224 640 1256 ὡς
651 1224 803 1259 φιλόσοφον,
818 1224 866 1259 τὴν
876 1223 994 1258 νύμφην.
1028 1224 1083 1260 Τῆς
1105 1225 1169 1260 περὶ
1191 1225 1225 1251 τὰ
1249 1224 1308 1251 θεῖα
1333 1224 1526 1259 διατριϐούσης
1552 1223 1711 1259 θρησκείας,
1736 1224 1787 1258 δση
1815 1226 1844 1250 τε

214 1270 283 1305 ῥητὴ
316 1271 363 1296 καὶ
383 1271 433 1306 δση
451 1271 616 1306 ἀπόρρητος.
644 1270 706 1298 Οὐδ’
721 1271 744 1287 ³⁵
760 1271 800 1302 είς
811 1270 1002 1305 Ἀφροδισιάδα
1022 1272 1197 1307 μετεχώρησε
1226 1271 1402 1306 παράκλητος
1416 1271 1448 1298 ³⁹.
1465 1270 1585 1297 ’Δπαιδα
1603 1270 1659 1297 ϐίον
1669 1272 1702 1306 τῇ
1734 1270 1846 1304 γυναικὶ

215 1315 417 1351 συμϐεϐίωλεν.

248 1361 367 1389 llilarius
381 1361 566 1396 philosopltus,
579 1368 672 1388 amans
687 1361 837 1396 voluptates
850 1368 995 1393 venereos,

1090 1361 1109 1386 0
1115 1359 1144 1386 δὲ
1155 1358 1267 1394 Ἰλάριος
1274 1358 1297 1374 ⁸ο
1307 1358 1457 1393 φιλοσοφῶν
1467 1358 1668 1393 μὲν,ἐκδεδιῃτη
1672 1357 1754 1392 μένος
1759 1357 1789 1384 δὲ
1796 1358 1846 1390 τὰς

215 1407 312 1436 Proelo
323 1415 375 1435 non
386 1412 427 1436 est
442 1415 506 1435 usus
521 1408 660 1442 magistro.
677 1408 750 1435 Dixit
765 1415 922 1442 persuasum
938 1409 973 1435 lot

1086 1405 1249 1440 λογαστρίους
1261 1404 1369 1440 ἡδονὰς,
1385 1404 1436 1431 οὐκ
1451 1404 1529 1438 ἐτυχε
1539 1403 1660 1438 Πρόκλου
1672 1403 1844 1432 διδασκάλω.

215 1453 316 1487 giorem
330 1453 382 1480 sibi
397 1452 455 1480 fore
469 1453 495 1480 in
512 1460 625 1488 corpore
645 1454 738 1486 vitam,
756 1454 791 1481 ob
808 1454 969 1481 dexteritate

1090 1450 1197 1477 πεῖσθαι
1222 1450 1298 1484 ἔλεγε
1324 1449 1572 1485 πολυχρονιώτερόν
1595 1450 1621 1476 oi
1642 1450 1773 1484 γενέσθαι
1800 1451 1846 1478 τὸν

215 1499 308 1526 uxoris
323 1508 331 1526 :
348 1503 376 1526 et
394 1499 451 1526 haec
473 1499 550 1531 dixit,
571 1506 622 1526 non
637 1504 742 1534 gratum
765 1500 815 1528 sibi
832 1507 892 1527 esse
917 1502 973 1526 conl

1089 1496 1122 1523 τὰ
1133 1497 1180 1523 τοῦ
1200 1496 1326 1531 σώματος
1339 1495 1395 1531 βίον
1416 1495 1460 1522 διὰ
1482 1495 1531 1531 τὴν
1549 1496 1689 1532 δεξιότητα
1721 1497 1773 1532 τῆς
1798 1505 1847 1531 γυ-

217 1551 286 1578 tens,
299 1549 328 1572 ut
340 1544 420 1572 alicui
436 1545 520 1572 videri
539 1545 632 1579 possit,
649 1546 695 1572 sed
710 1553 780 1581 :egre
793 1545 883 1573 ferens
896 1553 971 1573 mora

1089 1542 1154 1573 ικός.
1167 1542 1223 1568 Καὶ
1245 1541 1331 1568 ταῦτα
1358 1541 1449 1575 ἐλεγεν
1468 1541 1498 1568 οὐ
1526 1541 1606 1576 χάριν
1635 1541 1787 1577 ὁμολογῶν,
1808 1542 1847 1573 ὡς

216 1591 243 1618 in
256 1597 379 1625 corpore,
393 1594 421 1618 et
433 1591 466 1617 ad
479 1598 589 1618 uxorem
604 1590 734 1623 referens,
749 1595 879 1626 quantum
897 1592 969 1618 homi

1084 1596 1135 1623 πτῳ
1149 1587 1262 1621 δόξειεν,
1281 1588 1350 1615 ἀλλὰ
1372 1587 1554 1622 δυσχεραίνων
1571 1587 1637 1622 πρὸς
1653 1587 1714 1623 [571
1730 1587 1780 1623 Η.]
1790 1588 1842 1623 τὴν

215 1636 290 1669 licet,
307 1636 402 1663 mortis
426 1636 595 1669 dilationem,
613 1637 761 1671 uxorisque
779 1637 899 1664 laudavit
915 1637 973 1664 facil

1098 1634 1205 1669 σώματι
1215 1634 1367 1668 διατριϐὴν,
1387 1634 1433 1660 καὶ
1448 1634 1488 1664 είς
1502 1633 1609 1667 ἐκείνην
1622 1633 1779 1668 ἀναφέρων,
1794 1634 1846 1660 ὅσα

215 1685 311 1714 tatem,
326 1684 354 1708 et
373 1680 523 1708 colla-tatus
548 1687 600 1708 est.
616 1681 688 1709 Deus
703 1682 816 1715 primam
838 1683 971 1709 matrimm

1098 1680 1138 1710 είς
1158 1679 1319 1714 ἄνθρωπον,
1344 1678 1393 1714 τὴν
1410 1678 1456 1704 τοῦ
1481 1678 1596 1704 θανάτου
1622 1678 1767 1713 ἀναϐολήν.
1790 1679 1846 1705 Καὶ

215 1732 291 1760 apem
310 1725 465 1759 miseratus,
477 1726 551 1753 dedit
568 1726 605 1760 illi
622 1727 729 1761 signqu
746 1726 843 1754 futurae
855 1727 958 1761 stirpis,

1088 1734 1102 1757 ς
1119 1725 1249 1759 γυναικὸς
1266 1723 1361 1759 ἐπῄνει
1391 1724 1440 1760 τὴν
1465 1724 1630 1758 εὐαγωγίαν,
1639 1724 1686 1750 καὶ
1703 1724 1844 1759 συνήδετο.

215 1772 322 1799 tandem
333 1779 444 1799 uxorem
457 1779 532 1799 suam
547 1773 662 1800 maritus
674 1773 813 1807 gravidam
822 1773 899 1801 vidit.
909 1773 973 1800 Ascli

1088 1771 1230 1806 ιτελεήσας
1253 1769 1300 1796 τοῦ
1315 1769 1405 1805 γάμου
1422 1769 1471 1801 τὰς
1497 1769 1608 1805 πρώτας
1625 1769 1735 1801 ἐλπίδας
1750 1771 1765 1796 δ
1777 1769 1846 1802 Θεὸς

215 1815 327 1850 piodoto
352 1817 479 1849 tenebrae,
503 1817 648 1851 quominus
674 1816 786 1850 legeret,
812 1817 971 1852 impedinten

1087 1817 1139 1843 ἷδου
1156 1815 1289 1850 σύμϐολον
1306 1816 1355 1850 τῆς
1373 1815 1505 1851 ἐσομένης
1524 1816 1614 1850 γονῆς·
1631 1816 1679 1842 καὶ
1694 1815 1745 1850 τὴν
1757 1824 1845 1851 γαμε-

216 1868 268 1888 non
281 1865 367 1889 erant.
382 1860 509 1889 Narravit
520 1866 548 1890 et
562 1862 624 1895 alia,
642 1870 702 1897 qum
714 1863 853 1897 audiisset,
864 1869 890 1891 et
904 1865 936 1891 de
944 1864 974 1898 Cit

1087 1870 1101 1888 ν
1120 1861 1212 1888 λοιπὸν
1227 1860 1301 1896 ἑώρα
1312 1861 1425 1887 ἐπίτεκα
1440 1859 1523 1887 οὖσαν
1547 1861 1561 1887 ό
1583 1861 1662 1895 ἀνήρ.
1679 1861 1736 1887 Καὶ
1766 1860 1845 1887 οὐδὲν

216 1907 274 1933 visa
293 1906 378 1933 multa
393 1907 473 1941 digna
492 1907 684 1935 admiratione.
702 1907 757 1935 Vox
770 1908 912 1942 cujusnam
929 1917 973 1936 ess

1086 1907 1180 1934 .110st
1201 1907 1268 1942 πρὸς
1283 1908 1333 1942 τὴν
1363 1907 1517 1940 ἀνάγνωσιν
1541 1906 1581 1941 τῷ
1598 1906 1817 1941 ’Δσκληπιοδότῳ
1831 1907 1844 1932 ό

217 1951 361 1983 incertum,
386 1959 481 1979 navem
494 1953 590 1980 sistere
598 1953 689 1988 jussit,
707 1959 735 1982 et
753 1954 787 1981 de
804 1955 935 1989 ὁμακοῖου
949 1962 975 1982 es

1085 1952 1150 1983 ιότος
1162 1952 1267 1985 ἐγίνετο
1280 1952 1312 1978 ⁵¹.
1331 1952 1456 1986 Διηγεῐτο
1471 1952 1499 1978 δὲ
1526 1951 1593 1977 ἄλλα
1611 1960 1640 1977 τε
1671 1947 1708 1977 ὧν
1727 1952 1843 1986 ἀκήκοε,

216 1997 287 2032 quod
311 1997 362 2032 ipsi
385 1997 507 2025 videmus
523 2002 551 2025 et
574 1999 709 2026 audimus.
727 1999 762 2026 Et
780 2007 865 2034 usque
879 2000 912 2026 ad
929 2007 972 2027 mo

1086 1999 1100 2024 εἰ
1113 1998 1145 2034 δὴ
1161 1997 1267 2031 καὶτῆς
1295 1997 1377 2024 αὑτοῦ
1401 1996 1488 2032 ὅψεως
1519 1997 1569 2022 οὐκ
1596 1997 1674 2030 ὀλίγα
1702 1996 1844 2031 θαύματος

218 2047 272 2069 tem
297 2046 389 2069 castus
408 2042 486 2074 vixit,
512 2049 562 2069 nec
589 2042 732 2077 quisquam
756 2048 808 2075 est,
831 2045 911 2071 etiatn
933 2045 976 2071 ἰιιι‹

1089 2052 1125 2070 ια.
1148 2042 1178 2069 Ἦ
1190 2043 1212 2069 δ’
1229 2042 1367 2076 ἄγνωστος
1380 2042 1455 2076 φωνὴ
1469 2043 1530 2068 ὅτου
1547 2041 1590 2076 εῐη
1602 2042 1652 2076 τὴν
1678 2041 1747 2069 ναῦν
1779 2043 1845 2068 ἀνα-

218 2085 354 2119 inimicos,
376 2086 422 2120 qui
441 2093 502 2113 eum
524 2087 739 2121 reprehenderit.
770 2088 890 2116 Marinus
909 2089 976 2124 iuep‘

1085 2087 1188 2124 ›χάζειν
1205 2088 1326 2115 ἐκέλευε.
1339 2087 1392 2114 Τοῦ
1407 2088 1429 2103 ⁸³
1441 2087 1592 2122 ὀμμακοῒου
1611 2087 1633 2103 ⁸³
1645 2087 1695 2121 τῆς
1710 2088 1843 2121 αὺτοψίας

217 2131 338 2166 ingenio,
359 2138 410 2158 nec
424 2131 600 2160 excellentem
621 2132 792 2161 Parmenidis
804 2134 973 2168 expositione

1085 2135 1100 2160 ιὶ
1112 2134 1196 2169 ἀκοῆς
1208 2135 1276 2168 ἅμα.
1290 2134 1343 2161 Καὶ
1356 2133 1504 2160 διετέλεσεν
1516 2134 1580 2169 ἄχρι
1595 2133 1711 2161 θανάτου
1737 2134 1843 2169 ἀμιγὴς

217 2177 391 2210 praeceptoris
402 2175 443 2202 sui
459 2175 530 2209 tulit,
540 2176 573 2203 ad
587 2175 661 2204 ideas
672 2184 735 2203 vero
746 2177 974 2211 contemplatione

1085 2180 1155 2211 ιντδς
1181 2179 1316 2215 σώματος.
1343 2179 1403 2206 οὐδ’
1429 2180 1501 2206 ἐστιν
1528 2180 1600 2211 ὅστις
1624 2172 1843 2215 ἐσυκοφάντησεν

218 2221 337 2253 demisit,
357 2227 371 2246 a
395 2221 645 2254 supernaluralibus
671 2221 845 2249 unitatibus:
870 2221 952 2249 Firmi

1084 2226 1136 2252 »τὸν
1148 2225 1194 2252 ἐπὶ
1207 2226 1345 2257 τοιαύταις
1356 2225 1503 2257 διαϐολαῖς,
1519 2225 1579 2252 οὐδὲ
1593 2225 1647 2252 τῶν
1666 2225 1799 2260 ἐχθίστων
1809 2225 1842 2252 ⁸⁵.

218 2267 313 2295 Galeni
334 2267 490 2295 notionibus
510 2273 538 2296 ut
557 2269 701 2304 pluritnutn
720 2275 821 2302 motus,
844 2274 891 2297 aut
914 2270 973 2297 ineo

1084 2275 1091 2297 ι
1111 2272 1139 2298 δέ
1155 2272 1275 2306 Μαρϊνος
1287 2271 1311 2288 ’⁵⁵
1324 2271 1363 2306 τῷ
1380 2271 1467 2307 ἀτόνῳ
1497 2272 1546 2306 τῆς
1573 2272 1681 2306 φύσεως
1708 2272 1770 2298 οὐδὲ
1796 2272 1842 2297 τοῦ

219 2315 308 2349 ruptis
320 2314 497 2349 conceptibus
512 2317 610 2342 mentis
621 2315 761 2343 beatorum
774 2317 903 2344 virorum.
921 2315 977 2343 Just

1084 2317 1225 2352 αρμενίδου
1236 2318 1285 2352 τὴν
1299 2317 1499 2352 ὑπεραίρουσαν
1511 2317 1641 2352 ἐξήγησιν
1656 2317 1704 2344 τοῦ
1712 2317 1842 2345 διδασκά-

219 2360 284 2386 Iiam
298 2359 392 2393 coluit,
410 2365 437 2388 et
453 2368 512 2395 quae
531 2361 719 2396 philosophum
737 2363 843 2394 decent,
862 2369 915 2389 non
935 2362 977 2388 adt

1085 2370 1103 2387 νυ
1119 2361 1244 2396 ἡνεγκεν,
1262 2361 1308 2387 ἐπὶ
1324 2362 1358 2388 τὰ
1372 2362 1430 2396 εῐδη
1441 2362 1470 2388 δέ
1483 2362 1533 2396 τὴν
1546 2361 1663 2397 θεωρίαν
1685 2363 1843 2398 κατήγαγεν

218 2405 331 2434 latorios
346 2413 446 2439 mores,
464 2412 511 2433 aut
525 2407 659 2434 sordidos.
673 2406 792 2433 Marinus
804 2410 914 2441 propter
929 2406 976 2433 sed

1086 2407 1111 2434 τὸ
1122 2407 1176 2433 τῶν
1189 2407 1358 2441 ὑπερουσίων
1371 2407 1472 2433 ἐνάδων
1485 2407 1518 2439 ⁸⁸,
1530 2409 1591 2439 ταῖς
1604 2407 1707 2442 Φίρμου
1731 2408 1781 2434 καὶ
1794 2408 1844 2434 Γα-

216 2452 318 2480 tionem
344 2452 460 2480 Athenis
484 2453 648 2487 Epidaurum
672 2453 796 2484 secessit,
821 2452 974 2480 subodoratt

1085 2451 1138 2486 ινοῠ
1153 2452 1182 2478 τὸ
1202 2451 1282 2478 πλέον
1306 2451 1421 2483 ἐννοίαις
1450 2451 1642 2486 ἐπισπώμενος
1667 2452 1684 2487 ἢ
1701 2453 1763 2483 ταῖς
1775 2452 1843 2487 ἀκη-

218 2499 332 2526 insidias
358 2499 420 2526 vitae
437 2503 618 2532 comparatas.
634 2499 753 2526 Marinus
770 2503 796 2526 et
814 2499 872 2533 ipse
893 2497 976 2525 Proclt

1086 2497 1148 2528 ἰτοις
1172 2496 1310 2529 ἐπιϐολαῖς
1345 2496 1399 2524 τῶν
1423 2497 1567 2532 μακαρίων
1591 2496 1705 2532 ἀνδρῶν.
1733 2497 1844 2533 Ἐθερά-

218 2552 272 2571 non
289 2552 340 2572 una
357 2544 453 2578 solum,
468 2544 565 2580 351!)
588 2546 635 2572 sed
658 2545 788 2572 ambabus
804 2544 928 2571 manibus
951 2543 976 2570 is

1084 2551 1125 2568 ευε
1141 2543 1162 2558 ⁵⁷
1177 2542 1211 2569 τὰ
1225 2542 1317 2569 δίκαια.
1339 2543 1387 2569 καὶ
1398 2543 1542 2578 φιλοσοφίᾳ.
1564 2543 1714 2577 πρέποντα,
1742 2543 1800 2568 ἀλλ’
1813 2543 1842 2568 οὐ

219 2590 314 2617 dorunt
337 2589 455 2625 amplexi
480 2595 552 2618 sunt.
575 2590 686 2618 Proclus
709 2590 803 2617 videns
824 2589 894 2617 illius
917 2589 977 2617 anin

1082 2597 1101 2616 ιν
1114 2588 1193 2616 θῶπα
1211 2589 1310 2625 τρόπον
1322 2589 1369 2616 καὶ
1395 2589 1539 2624 βάναυσον.
1569 2590 1619 2616 Διὰ
1640 2589 1690 2624 τὴν
1715 2589 1812 2616 στάσιν
1827 2588 1840 2614 ti

845 2677 886 2705 VA
893 2678 961 2705 “le
979 2677 1180 2706 LECTIONES.

256 2750 278 2765 '°
287 2749 374 2784 νέους]
391 2748 538 2782 νεωτέρους
555 2748 777 2784 ἐκμιμησάμενος
792 2747 895 2784 Suidas
906 2755 932 2784 ν.
945 2749 1022 2784 Πῖνος
1036 2767 1044 2780 ,
1061 2746 1209 2784 νεωτέρους
1222 2746 1424 2784 ἐκμιμούμενος
1441 2746 1509 2784 idem
1526 2752 1552 2771 ν.
1572 2742 1732 2784 Solito-gnto;
1755 2739 1842 2774 οὗτος.

219 2784 243 2801 ³*
254 2785 329 2811 τόνον
341 2776 386 2811 Au:
399 2776 483 2810 πόνον
494 2791 513 2814 ς
530 2776 642 2816 praestat
652 2776 741 2818 Sunia:
754 2776 840 2818 πῖνον.
877 2783 897 2798 ³¹
909 2783 980 2818 λόγῳ
995 2776 1026 2808 B'.
1037 2776 1043 2780 ’
1063 2782 1085 2797 ³¹
1104 2776 1277 2818 υπαργέφάνῃ
1290 2776 1319 2807 Ἀ
1336 2776 1514 2818 ίύπερεφάνη
1531 2789 1561 2812 ς.
1571 2815 1590 2818 __
1601 2779 1631 2818 u‘
1641 2776 1802 2818 διεσκόπρυν
1812 2786 1842 2810 ς’.

197 2821 205 2826 ’
256 2819 301 2845 τὸν
320 2818 466 2856 ἄνθρωπον.
477 2812 508 2845 Αἰ
525 2812 569 2856 ξπ
577 2816 670 2856 argos]
686 2818 725 2849 εἰς
799 2817 831 2856 ,³⁸
852 2812 1018 2856 ιιι-ανουμὲνῳ
1041 2825 1095 2856 ς..Δ
1110 2817 1131 2856 ξ⁷
1147 2812 1479 2856 φιλοσοφίαςΔπεριϐαλᾷξν
1554 2815 1591 2856 1³⁸
1606 2812 1660 2856 οὐδ’
1683 2812 1726 2856 Α]
1747 2812 1841 2856 δέξξῦ

221 2855 242 2870 "
254 2844 438 2888 παρακληθεὶς
454 2853 485 2879 Α.
524 2852 546 2868 ⁸⁰
558 2852 593 2879 cf.
607 2844 744 2880 'Stiidas'v.
756 2844 1036 2888 ΊλάριοςξΛντιοχεῦς.
1045 2844 1055 2848 ⁷
1075 2851 1095 2868 ⁸¹
1108 2844 1216 2888 ἐγένετο
1228 2844 1272 2888 At,
1292 2844 1377 2888 τῴ
1388 2859 1433 2878 om
1443 2851 1491 2888 _B._
1549 2847 1680 2888 δμακοῒου
1687 2855 1727 2887 ξς·
1767 2848 1841 2882 "€1-

221 2882 319 2918 θίστών
333 2882 387 2916 οιιί.
406 2888 437 2916 Β.
473 2887 495 2904 ⁸⁵
505 2887 643 2923 Μαριανὺς
659 2888 692 2915 Λ.
731 2888 753 2903 ⁸⁵
771 2882 880 2923 aviam]
896 2889 923 2914 ἐν
935 2882 998 2923 ᾇδῖυ
1015 2882 1036 2913 Β
1050 2891 1077 2915 et
1092 2882 1164 2915 corr.
1179 2887 1212 2914 A.
1251 2886 1273 2903 "
1290 2885 1450 2922 ἐθεράπευεὶ
1465 2885 1498 2914 cf.
1510 2882 1608 2913 Suidas
1620 2891 1646 2911 v.
1660 2882 1768 2914 Θῶπες.
