1919 3096
77 167 143 201 1301

613 171 875 202 BIBLIOTHECA.
888 176 930 189 ‘—
953 171 1035 201 COD.
1056 171 1194 201 CCXLI].

1639 169 1706 201 1302

73 225 196 260 Μαρίνος
208 224 239 259 ὲξ
254 225 375 260 Ἀθηνῶν
394 225 433 256 είς
450 225 612 260 Ἐπίδαυρον
637 226 805 262 ἀνεχώρησε,
819 227 868 259 τάς

924 226 1083 254 indefessam
1101 226 1281 259 alacritatem,
1304 226 1425 254 discendi
1452 231 1577 253 ardorem
1593 225 1706 253 Insatia-

72 269 138 304 ἄχρι
149 269 202 296 τοῦ
212 269 340 305 σώματος
356 269 538 301 ὲκὸαινούσας
550 270 696 303 ὲπιὸουλὰς
723 271 866 307 ὑφορώμε-

72 322 129 346 νος.
154 314 184 341 '0
196 315 226 342 δὲ
255 315 388 351 Μαρῖνος,
411 316 460 343 καὶ
486 316 567 348 αὐτὸς
592 317 607 343 ὁ
628 316 759 352 Πρόκλος,
782 316 813 343 οὐ
833 317 865 352 τῇ

73 360 157 396 ἑτέρᾳ
179 361 271 396 μόνον,
281 360 339 387 ἀλλ’
349 361 451 396 ἀμφοῖν
463 363 519 388 τοῖν
529 362 552 378 ⁸⁵
566 364 655 397 χεροῖν
665 363 711 389 τοῦ
730 364 748 389 Ί
753 362 865 398 σιδὼρου

74 405 257 440 περιείχοντο.
277 406 306 433 '0
319 407 349 433 δὲ
362 407 483 442 Πρόκλος
501 407 575 443 ὑρῶν
597 408 681 435 αὑτοῦ
695 407 744 443 τὴν
761 408 864 444 προθυ-

74 451 143 486 μίαν
157 452 274 486 ἄτρυτον
284 450 367 479 οὖσαν
380 453 426 480 καὶ
446 454 496 488 τὴν
511 453 689 488 φιλομάθειαν
706 454 865 489 ἀκόρεστον,

73 496 169 530 πηγὰς
181 497 269 531 λόγων
285 498 325 528 είς
337 497 387 533 τὴν
401 498 505 525 ἐκείνου
523 498 612 533 ψυχὴν
624 498 715 532 ἀφιεὶς
743 498 823 533 ἱερῶν
836 507 865 524 τε

72 542 122 569 καὶ
135 541 300 577 φιλοσόφων,
328 542 496 577 γαννύμενος
520 542 594 578 αὐτῷ
610 543 722 570 διετέλει
734 544 866 570 πλατεῖαν

73 587 202 622 ὖττέχοντι
218 588 266 614 καὶ
278 588 408 624 ἀριήκοον
421 589 471 624 τὴν
491 589 541 623 τῆς
569 588 688 620 διανοίας
718 589 865 625 ὑποδοχήν.

74 631 139 665 Eii:
153 633 248 664 δεδιὼς
261 634 311 669 τὴν
323 634 455 669 ἑκατέρου
467 633 627 669 ἐπιτίμησιν
640 635 688 661 καὶ
701 634 759 670 ἃμα
774 634 864 671 λύπην

74 677 293 712 ἀγανακτοῦσαν.
307 679 433 705 Ἕσεισεν
458 679 589 715 ὑπερφυῆ
603 688 665 707 τινα
693 680 804 715 σεισμὸν
818 681 866 707 καὶ

74 724 105 750 οὐ
115 723 224 757 φύσεως
238 723 359 758 ἔκγονον.
371 720 425 750 Ἦν
433 724 488 760 ἄρα
499 733 541 756 τις
555 724 664 759 Ἀττικὴ
672 725 752 759 γυνὴ,
767 725 868 757 πολλὰς

74 770 163 796 εἰδυῖα
181 769 306 805 μηχανὰς
326 771 367 802 είς
382 769 464 806 [1072
473 769 521 806 [1.]
535 770 633 803 πειθὼ,
645 770 682 801 ὡς
696 770 822 803 διέδειξεν
832 770 865 798 δ’.

75 816 112 841 Οὺ
125 816 177 851 μιᾷ
192 815 215 831 ¹⁰
228 816 300 851 χειρὶ
313 815 482 851 δωρούμενος
501 815 564 851 ἀλλ’,
574 816 687 850 ἀμφοῖν,
716 815 788 842 κατὰ
813 816 863 851 τὴν

74 860 239 896 παροιμίαν.
255 861 380 893 Τοιοῦτος
389 859 424 896 ἦν
435 861 466 888 τό
479 869 510 888 τε
530 860 553 877 ¹¹
577 860 658 896 σῶμα
682 861 730 887 καὶ
752 860 801 896 τὴν
814 860 868 896 ψυ-

918 271 1114 304 bilem,multas
1126 271 1153 298 in
1166 271 1240 298 illius
1253 270 1372 298 animum
1388 271 1513 298 derivare
1529 270 1667 297 doctrinas
1678 274 1707 296 et

891 346 895 350 _
922 324 1016 344 sacras
1023 321 1050 344 et
1063 316 1261 351 philosophicas
1270 317 1390 352 gaudens
1399 317 1530 351 perrexit,
1543 317 1618 344 sinus
1628 324 1706 344 men-

918 364 953 390 tis
970 363 1007 389 illi
1022 363 1175 397 pandentis,
1193 367 1220 389 et
1241 363 1366 390 audiendi
1386 363 1539 397 cupidinem
1557 362 1705 391 alterentis.

917 406 1006 433 Cessit
1018 412 1139 434 metuens
1150 407 1289 442 utriusque
1299 407 1548 442 reprehensionem,
1568 407 1706 442 querelam

917 454 945 478 et
958 450 1180 484 indignationem.
1193 450 1345 478 Concitavit
1363 451 1548 478 incredibilem
1561 451 1706 486 quemdam

920 499 1035 528 motum,
1053 503 1168 528 eumque
1182 500 1234 523 n‘on
1255 503 1270 522 a
1287 501 1383 523 natura
1401 496 1564 530 profectum.
1584 495 1646 523 Fuit
1662 503 1707 522 sa-

919 549 953 568 ne
966 541 1055 569 Attica
1077 541 1182 574 mulier,
1205 549 1265 576 quae
1283 542 1381 570 multas
1403 546 1483 569 norat
1504 546 1576 569 artes
1590 549 1707 576 persua-

917 586 1009 620 dendi,
1027 592 1056 613 ut
1077 587 1135 621 ipse
1154 587 1294 619 docuerat,
1314 595 1368 614 non
1385 594 1437 614 una
1461 594 1552 619 manu,
1572 591 1602 614 ut
1619 586 1707 621 loqui-

918 639 989 663 mur,
1014 632 1061 659 sed
1084 632 1216 660 ambabus
1236 632 1366 667 largiens.
1389 632 1464 660 Talis
1484 632 1535 659 fuit
1550 639 1665 667 corpore
1680 637 1707 659 et

917 677 1020 710 animo,
1047 682 1076 705 ut
1102 677 1131 710 ii,
1157 684 1217 705 eum
1243 678 1342 712 quibus
1364 677 1575 712 colloqueretur,
1600 677 1708 712 quando

920 727 1025 757 tempus
1037 727 1106 755 erat,
1123 723 1267 750 severitate
1281 728 1308 750 et
1328 723 1481 751 constantia
1495 730 1599 750 momm
1612 723 1708 750 verbo-

918 776 1032 803 rumque
1055 769 1257 803 obsmpuerint.
1277 768 1419 796 Gratiosus
1434 774 1493 796 erat
1509 769 1578 803 apud
1603 768 1708 803 gratio-

918 819 972 840 sos.
999 811 1071 840 Loco
1085 812 1262 847 philosophia;
1278 812 1380 847 otiique
1397 811 1493 845 felicis,
1509 812 1542 839 ad
1558 812 1707 846 rempubli-

918 866 977 886 cam
1001 858 1120 893 seipsum
1153 864 1181 886 et
1208 859 1240 886 ad
1266 860 1441 894 magistratus
1458 859 1582 887 contulit.
1605 859 1707 887 Natura

74 905 136 941 χὴν,
152 906 223 934 ὥστε
236 906 458 941 καταπληγνύναι
472 907 495 923 ⁵¹
507 907 541 942 τῇ
561 905 670 941 συννοίᾳ
685 906 748 937 τοὺς
769 906 865 939 ἐντυγ-

924 903 1101 932 :ontentiosus
1113 908 1181 938 erat,
1196 908 1223 931 et
1237 904 1426 939 insuperabilis
1440 904 1465 931 in
1484 904 1580 939 quavis
1603 912 1642 936 re.
1664 905 1707 931 cui

75 952 220 986 χάνοντας,
243 951 325 987 ἡνίκα
355 952 450 987 καιρδς
461 949 496 987 ἦν
519 951 683 987 σεμνότητος
705 951 752 977 καὶ
770 950 869 985 ὲμὸρι-

75 997 214 1032 θεστέρων
234 997 310 1031 ἠθῶν
327 1006 357 1024 τε
370 998 417 1024 καὶ
431 998 528 1032 λόγων·
544 997 652 1033 χαρίεις
675 994 739 1023 δἀὕ
760 997 783 1013 ⁸³
800 997 869 1032 πρδς

74 1041 138 1073 τοὺς
148 1041 305 1077 χαρίεντας.
314 1042 386 1069 ’Δντὶ
395 1043 450 1078 γὰρ
462 1043 622 1078 φιλοσοφίας
635 1042 680 1069 καὶ
691 1042 872 1077 ἀπραγμοσύ-

75 1095 125 1122 νης
140 1087 301 1123 εὐδαίμονος
318 1089 358 1120 είς
376 1089 514 1116 πολιτείαν
536 1089 632 1116 ἑαυτὴν
654 1090 705 1127 οιαὶ
726 1089 767 1120 εἰς
785 1089 872 1124 ἀρχὰς

76 1133 178 1165 ἐξέωσε
191 1134 294 1170 φέρων.
305 1133 387 1161 Φύσει
403 1134 433 1161 δὲ
447 1133 486 1161 ὢν
507 1134 656 1168 φιλόνεικος
668 1135 716 1162 καὶ
734 1135 869 1170 ἀήττητος

75 1178 119 1212 ἐφ’
133 1179 148 1205 ὃ
163 1187 191 1205 τι
204 1178 238 1205 ἂν
249 1179 393 1215 ὁρμήσειε,
405 1180 452 1207 καὶ
467 1179 607 1214 φιλόδοξος
620 1180 659 1212 ὡς
674 1180 725 1206 οὒκ
747 1177 796 1206 οἶδ⁸
808 1181 832 1206 εί
844 1179 867 1196 ⁸⁸

75 1223 170 1259 ἕτερος
190 1224 238 1251 ἐπὶ
252 1225 354 1260 τιμίοις
365 1226 389 1242 ⁵⁵
405 1226 498 1260 ἔργοις
523 1234 553 1253 τε
576 1227 622 1252 καὶ
641 1225 733 1260 λόγοις
756 1226 804 1252 καὶ
818 1225 868 1260 τὴν

78 1269 179 1305 ἀρετὴν
186 1271 224 1301 είς
235 1270 266 1298 τὸ
276 1270 328 1303 ἔξω
339 1271 489 1306 προάγουσι
501 1272 550 1307 τῆς
560 1271 658 1306 ψυχῆς,
673 1279 867 1306 προσκρουοτι-

79 1315 125 1346 ub;
138 1315 183 1342 ἀεὶ
198 1316 244 1343 καὶ
257 1317 436 1351 ἀμιλλητικδς
460 1317 528 1353 πρδς
539 1317 604 1350 τοὺς
620 1317 804 1352 ὑπερέχοντας
819 1315 864 1352 ἦν.

923 950 1043 978 animum
1065 950 1248 985 applicuisset.
1270 949 1370 977 Gloriae
1390 957 1486 977 amans
1506 950 1529 977 si
1551 950 1612 985 quis
1626 950 1695 977 alius

922 996 1114 1032 objurgatoriis
1135 996 1224 1024 verbis
1246 995 1428 1030 operibusque
1445 1003 1520 1027 usus,
1539 999 1566 1022 et
1580 1002 1639 1029 qua:
1651 995 1708 1021 vir-

924 1046 1007 1068 tutem
1026 1041 1108 1068 animi
1132 1041 1206 1068 foras
1224 1041 1414 1076 producerent.
1437 1040 1503 1068 Cum
1523 1039 1708 1074 superioribus

923 1093 1029 1120 semper
1042 1086 1190 1114 contendit.
1206 1086 1285 1113 Solus
1296 1086 1378 1114 voluit
1391 1086 1417 1113 in
1435 1086 1520 1120 pretio
1533 1085 1636 1117 haberi,
1645 1091 1708 1111 cum

923 1132 1029 1159 deesset
1057 1131 1093 1159 illi
1123 1132 1247 1164 comitas,
1270 1139 1330 1166 quae
1353 1132 1522 1166 superiorem
1545 1135 1706 1158 reveretur:

921 1176 1031 1211 plurimi
1054 1183 1121 1204 vero
1153 1177 1322 1211 respiciendo
1353 1177 1386 1204 ad
1411 1177 1522 1211 antiqua
1550 1174 1707 1210 sperabant.

922 1224 1097 1259 Pamprepius
1121 1223 1332 1252 instrumentum
1363 1224 1488 1251 idoneum
1515 1222 1565 1250 fuit
1589 1223 1709 1250 necessi-

924 1270 986 1297 tatis
1000 1269 1122 1297 reﬂantis
1141 1269 1287 1297 honestati.
1303 1269 1470 1298 Procedente
1488 1274 1609 1303 tempore
1629 1266 1708 1300 dixit,

921 1324 969 1350 pro
982 1323 1014 1344 eo
1031 1316 1102 1350 quod
1117 1316 1209 1343 instat.

83 1363 230 1391 Ἡσούλετο
242 1364 272 1392 δὲ
291 1365 370 1400 μόνον
390 1365 538 1400 ἀξιωθῆναι
555 1366 569 1392 ὸ
593 1364 718 1400 δεόμενος
740 1364 790 1399 τῆς
814 1364 860 1391 τδν
876 1364 994 1399 ἄρχοντα
1027 1363 1233 1399 προσκυνούσης
1249 1363 1404 1396 ἐντεύξεως.
1428 1362 1459 1389 Ol
1489 1362 1518 1389 δὲ
1535 1362 1558 1378 ⁵⁸
1591 1362 1711 1388 πλεῖστοι

78 1409 215 1444 ὠρθοῦντο
229 1411 298 1446 πρὸς
321 1411 356 1437 τὰ
378 1412 480 1447 ἀρχαῖα.
494 1412 555 1444 ταῖς
576 1411 693 1438 ὲλπίσιν.
710 1411 846 1446 Ὀργανον
874 1411 888 1437 6
909 1410 1091 1445 Παμπρέπιος
1122 1409 1272 1445 ἐπιτήδειον
1291 1409 1340 1444 τῆς
1363 1409 1431 1444 πρὸς
1448 1408 1480 1435 τὸ
1501 1408 1609 1435 κάλλιον
1637 1409 1712 1434 ἀντιο

79 1455 214 1489 πνεοϐσης
224 1455 347 1490 ἀνάγκης
357 1453 402 1491 ἦν.
422 1456 500 1483 Κατά
529 1456 568 1482 τὸν
591 1456 748 1491 ἱκνούμενον
762 1455 868 1491 χρόνον,
887 1455 948 1482 ἀντὶ
961 1454 1006 1481 τοῦ
1022 1454 1091 1481 κατὰ
1110 1454 1155 1481 τὸν
1167 1454 1288 1481 ἐπιόντα.

114 1500 180 1537 [572
190 1499 238 1536 IL]
255 1499 317 1527 Ὅτι
338 1501 401 1532 τοὺς
436 1501 507 1528 κατὰ
539 1501 589 1536 τῆς
622 1502 698 1536 ίερᾶς
722 1501 800 1536 ἡμῶν
825 1500 873 1528 καὶ

80 1545 252 1573 ἀκαταλύτου
280 1546 399 1577 πίστεως
424 1546 657 1582 ὲπιλυττήσαντας
680 1548 694 1573 ὁ
714 1547 872 1582 Δαμάσκιος

80 1590 298 1636 ἀριθμούμενοςς
320 1591 369 1618 καὶ
396 1591 471 1619 ἄκων
483 1592 531 1627 (ὡς
548 1592 630 1628 ἔοικε)
650 1593 673 1608 ⁸⁷
693 1593 740 1619 καὶ
755 1593 806 1619 ὑπὸ
822 1593 872 1628 τῆς
884 1605 906 1636 C

83 1635 153 1662 κατά
182 1635 233 1671 τὴν
255 1635 399 1671 ἐνάργειαν
414 1637 437 1654 ⁵⁸
459 1637 588 1672 ἀληθείας
621 1637 781 1672 βιαζόμενος
806 1638 870 1665 τάδε

82 1680 247 1716 ἀναγράφει.
269 1682 445 1718 Ἐπεχείρησε
480 1683 529 1718 μὲν
552 1683 607 1718 γὰρ
621 1684 668 1710 καὶ
682 1684 706 1700 ³⁸
728 1683 871 1716 Ἰουλιανὸς

82 1726 97 1751 ὁ
108 1725 248 1762 βασιλεὺς,
263 1726 320 1752 ἀλλ’
333 1727 415 1754 ἐτέων
440 1728 490 1755 οὐκ
511 1728 597 1763 ἐπέϐη
621 1728 754 1765 πισύρων,
767 1730 873 1764 ἐπεχεί-

85 1781 151 1809 ρησε
170 1774 201 1800 δὲ
219 1772 325 1809 χρόνοις
336 1773 450 1810 ὕστερον
462 1775 509 1801 καὶ
528 1774 652 1808 Λούκιος,
672 1775 740 1811 ἀνὴρ
764 1776 794 1801 ὲν
821 1775 872 1802 Βυ-

85 1819 187 1854 ζαντίῳ
200 1819 250 1854 τὴν
269 1820 436 1855 στρατηγίδα
447 1820 534 1856 ἀρχὴν
548 1821 570 1837 ⁸ο
591 1821 644 1847 ὑπὸ
657 1820 764 1855 βασιλεῖ
779 1821 874 1848 Θεοδο-

86 1864 137 1900 cup
151 1865 275 1899 κοσμῶν,
289 1864 317 1896 ὃς
349 1866 489 1900 πειραθεὶς
504 1866 549 1892 τὸν
563 1865 675 1901 βασιλέα
688 1866 793 1893 ἀνελεῖν
808 1865 873 1893 είσω

84 1910 140 1936 τῶν
156 1909 303 1945 βασιλείων
316 1910 447 1946 παρῆλθε,
457 1911 505 1938 καὶ
520 1911 582 1947 τρὶς
601 1911 718 1948 θελήσας
730 1912 873 1946 ἐξελκύσαι

83 1954 132 1981 τοῦ
146 1955 242 1982 κολεοῦ
255 1955 277 1971 ⁶¹
295 1956 326 1982 τὸ
365 1955 441 1990 ξίφος
454 1956 625 1991 ἀπετρέπετο
640 1957 875 1993 καταπεπληγμέ-

82 2008 130 2031 νος
143 2008 151 2015 ·
161 1999 235 2035 ἑώρα
245 2000 300 2035 γὰρ
313 1999 444 2034 ἐξαίφνης
456 2002 572 2034 γυναῖκα
593 2001 714 2037 μεγάλην
739 2001 787 2028 καὶ
812 2002 874 2036 βλο-

85 2046 176 2081 συράν
191 2046 448 2081 περιπτυσσομένην
474 2046 545 2073 κατὰ
568 2046 660 2074 νώτων
675 2047 698 2062 "
715 2047 760 2074 τὸν
772 2047 796 2063 ⁸³
808 2047 874 2074 Θεο-

83 2090 187 2118 δόσιον.
201 2091 280 2118 Μετὰ
298 2091 383 2118 ταῦτα
400 2092 414 2117 ὁ
427 2091 514 2126 μέγας
540 2092 590 2127 τῆς
614 2092 652 2119 ἔω
685 2092 876 2128 στρατηλάτης

83 2135 281 2172 ἐπεχείρησεν,
297 2137 354 2163 ἀλλ’
366 2136 502 2172 ἐπεσχέθη
519 2137 607 2172 βίαιον
629 2137 780 2173 εὑράμενος
795 2138 877 2166 θάνα-

84 2190 134 2208 τον
145 2190 152 2197 ·
171 2181 226 2209 ἀπὸ
239 2181 293 2216 γὰρ
307 2181 354 2208 τοῦ
369 2182 453 2208 ἵππου
470 2182 560 2208 πεσὼν
575 2183 622 2208 καὶ
648 2182 679 2208 τὺ
711 2181 807 2213 σκέλος
824 2191 876 2209 κοι-

85 2227 145 2258 κῶς
157 2227 292 2259 διατεθεὶς
307 2227 467 2262 ἐτελεύτησε
482 2227 527 2254 τὸν
540 2227 608 2261 βίον.
620 2226 686 2254 Εῐτα
701 2227 876 2263 Σεϐηριανὺς,

963 1500 1118 1526 Damaseius
1144 1506 1308 1527 enumerans
1326 1506 1373 1527 eos
1388 1499 1433 1534 qui
1450 1506 1557 1526 sacram
1579 1501 1606 1526 et
1625 1498 1711 1527 indiS‘

925 1544 1068 1572 solubilem
1080 1543 1159 1571 ﬁdem
1174 1549 1295 1572 nostram
1310 1544 1404 1572 insane
1422 1545 1711 1580 oppugnarunt,etiam

924 1595 953 1617 ut
971 1594 1091 1624 apparet,
1109 1589 1209 1617 invitus
1224 1594 1251 1616 et
1269 1595 1379 1617 coaetus
1393 1590 1515 1618 veritatis
1531 1590 1556 1617 vi
1575 1591 1632 1617 Ιιεεο
1646 1591 1711 1618 scri-

924 1636 972 1663 bit.
985 1636 1107 1663 Conatus
1120 1640 1161 1663 est
1173 1634 1299 1663 Julianus
1313 1636 1470 1670 imperator,
1493 1636 1541 1663 sed
1562 1636 1630 1662 ultra
1644 1644 1712 1670 qua-

921 1685 982 1709 tuor
989 1689 1074 1709 annos
1083 1689 1136 1709 non
1147 1689 1304 1716 progressus
1312 1680 1530 1716 est.Gogitavitet
1540 1681 1610 1709 idem
1621 1687 1711 1716 postea

923 1727 1021 1755 Lucius
1028 1729 1081 1755 dux
1091 1727 1194 1755 militiae
1203 1728 1326 1764 Byzantii
1334 1728 1384 1755 sub
1393 1728 1555 1761 Theodosio,
1568 1729 1612 1762 qui
1630 1735 1713 1755 cona-

924 1777 965 1800 tus
977 1773 1340 1808 imperatoreminterllcere,
1352 1774 1379 1801 in
1394 1773 1525 1809 palatium
1535 1773 1609 1801 venit
1626 1778 1652 1800 et
1671 1777 1712 1800 ter

924 1823 1032 1845 tentans
1049 1817 1166 1853 gladium
1183 1819 1309 1851 educere,
1324 1819 1484 1854 perterritus
1498 1819 1625 1847 decessit.
1641 1819 1715 1846 Vidit

924 1864 995 1891 enim
1020 1869 1130 1898 repente
1160 1865 1300 1892 mulierem
1320 1864 1456 1892 inusitatae
1476 1864 1673 1899 magnitudinis
1687 1868 1715 1892 et

927 1908 1087 1941 terribilem,
1106 1918 1120 1936 a
1138 1914 1213 1946 tergo
1226 1910 1405 1937 Theodosium
1425 1910 1634 1944 amplexantem.
1651 1909 1717 1937 Post

925 1955 982 1982 haec
996 1963 1109 1990 magnus
1131 1956 1244 1983 orientis
1268 1956 1364 1982 ductor
1380 1954 1456 1983 Zeno
1479 1956 1505 1983 id
1526 1961 1639 1983 conatus
1660 1961 1714 1986 est.

925 2001 972 2028 sed
990 2001 1105 2028 violenta
1121 2006 1207 2028 morte
1222 2001 1383 2036 praepeditus
1395 2001 1454 2028 fuit.
1468 2000 1535 2028 Nam
1547 2001 1647 2036 352a
1668 2009 1716 2028 ca-

926 2046 992 2074 dens
1018 2052 1051 2073 ex
1067 2053 1137 2080 equo
1159 2053 1223 2073 crus
1238 2046 1594 2081 confringens'exspiravit.
1616 2047 1716 2074 Deinde

928 2092 1093 2120 Severianus
1115 2097 1205 2119 noster
1221 2092 1288 2119 civis
1307 2096 1402 2119 nostro
1424 2097 1555 2127 tempore,
1578 2099 1638 2119 cum
1655 2092 1716 2120 aliis

928 2137 1065 2164 nonnullis
1078 2136 1275 2172 compluribus,
1292 2145 1386 2172 parum
1402 2137 1488 2165 abluit
1500 2138 1566 2172 qttin
1585 2137 1716 2164 multare-

929 2187 973 2208 tur
991 2187 1077 2209 morte
1093 2186 1203 2216 propter
1216 2183 1386 2209 consciorum
1397 2182 1552 2217 perﬁdiam,
1565 2186 1591 2209 et
1603 2182 1716 2209 aliorum

929 2227 1056 2259 fortasse,
1072 2231 1099 2255 et
1114 2227 1265 2254 Armorichi
1287 2227 1334 2254 lilii
1352 2228 1474 2262 Asperis,
1487 2228 1532 2262 qui
1549 2228 1717 2262 conjuratio-

86 2273 184 2308 φησὶν,
198 2273 336 2308 όπολίτης
366 2273 444 2308 ἡμῶν
459 2274 488 2300 ὲν
514 2274 571 2305 τοῖς
598 2273 658 2300 καθ’
682 2274 755 2309 ἡμᾶς
772 2274 870 2309 χρόνοις

931 2281 990 2301 nem
1010 2273 1112 2301 Zenoni
1131 2273 1243 2300 deterit.
1262 2273 1362 2301 Praeter
1381 2273 1430 2300 bos
1448 2277 1475 2300 et
1492 2272 1596 2300 Marsus
1605 2277 1632 2299 et
1642 2271 1716 2302 lllus,

88 2318 161 2354 μετά
182 2319 230 2345 καὶ
243 2318 330 2345 ἀλλων
348 2318 464 2353 συχνῶν·
479 2318 501 2335 ⁸⁸
514 2319 572 2345 ἀλλ’
585 2319 675 2353 ὀλίγου
697 2319 753 2346 δεῖν
770 2320 876 2355 θανάτῳ

87 2363 234 2399 ἐζημιώθη
260 2364 294 2390 δι’
312 2364 442 2391 ἀπιστίαν
465 2364 520 2391 τῶν
547 2364 716 2398 συνειδότων,
739 2364 826 2392 ἄλλων
846 2374 877 2392 τε

89 2410 169 2441 ῐσως,
183 2410 230 2436 καὶ
256 2410 448 2445 Ἑρμενερίχου
469 2410 491 2425 ⁸⁵
516 2409 562 2436 τοῦ
578 2410 715 2446 Ἀσπερος
729 2411 752 2426 ⁸⁸
783 2411 879 2442 παιδὸς

87 2455 245 2488 ἐξειπόντος
268 2455 318 2490 τὴν
344 2456 515 2490 συνωμοσίαν
538 2455 577 2491 τῷ
602 2457 716 2491 Ζήνωνι.
743 2456 816 2492 Πρὸς
837 2454 879 2488 οἷς

89 2501 206 2535 Μάρσος
219 2500 266 2526 καὶ
293 2500 407 2532 Ἰλλουςσ
422 2497 459 2527 ὧν
471 2501 485 2526 ὸ
510 2501 559 2535 μὲν
591 2501 702 2536 Μάρσος
719 2501 748 2528 ἐν
761 2501 829 2537 αὐτῇ
844 2502 878 2537 τῇ

90 2545 278 2572 ἐπαναστάσει
302 2545 372 2580 νόσῳ
395 2546 535 2580 τέθνηκεν,
563 2546 578 2572 ὸ
607 2545 634 2572 δὲ
653 2545 755 2578 ’ίλλους
783 2547 878 2582 συλλη-

91 2590 172 2624 φθεὶς
196 2590 268 2625 ξίφει
297 2591 343 2618 τὺν
361 2591 418 2626 βίον
444 2591 637 2626 κατέστρεψεν.
657 2591 803 2624 Ἀκοντίζει
832 2592 881 2629 τὴν

931 2325 1046 2353 quorum
1071 2319 1187 2351 Marsus,
1212 2320 1238 2347 in
1269 2319 1327 2352 ipsa
1362 2318 1520 2350 rebellione,
1545 2317 1639 2345 morbo
1668 2325 1717 2344 ex-

931 2365 1048 2392 stinctus
1062 2369 1113 2392 est.
1125 2364 1213 2400 Caput
1229 2365 1255 2392 itt
1277 2364 1393 2392 hostium
1410 2364 1560 2392 exercitum
1571 2363 1717 2397 jaculatur,

931 2416 1048 2443 superne
1061 2418 1077 2437 e
1093 2418 1159 2445 rupe
1170 2410 1364 2445 praecipitatur.
1380 2411 1540 2438 Ammonius
1551 2418 1646 2437 atuans
1663 2415 1720 2436 tur-

932 2455 973 2489 pis
997 2455 1076 2489 lucri,
1096 2461 1122 2483 et
1133 2456 1222 2483 omnia
1239 2456 1271 2483 ad
1286 2463 1475 2490 quamcunque
1489 2456 1631 2483 utilitatem
1647 2454 1722 2481 τετε-ι

933 2508 1009 2534 rens,
1024 2502 1171 2536 paciscitur
1185 2509 1245 2530 cum
1268 2509 1311 2534 eo,
1337 2502 1383 2536 qui
1405 2507 1467 2529 tune
1484 2502 1655 2537 inspecturus
1671 2507 1722 2528 ve-.

933 2553 1009 2574 neral
1021 2567 1028 2580 ,
1045 2553 1167 2581 quanam
1197 2551 1269 2575 esset
1291 2547 1461 2582 praevalitura
1476 2547 1577 2582 opinio.
1595 2545 1718 2580 Supelle-

934 2593 1006 2621 ctilia
1020 2597 1096 2620 erant
1105 2593 1194 2620 omnis
1202 2593 1309 2628 generis
1321 2592 1462 2625 librorum,
1477 2600 1537 2620 cum
1550 2591 1641 2619 liberis
1652 2597 1719 2625 ope-

732 2672 849 2701 VABUE
863 2672 1063 2701 LECTIONES.

130 2728 154 2744 ⁸⁸
167 2728 228 2754 ταῖν
239 2728 270 2756 Β.
290 2763 296 2766 _
308 2729 332 2745 ⁸⁹
347 2728 491 2766 διεδίδαεεν
509 2738 541 2762 ς.
557 2763 563 2766 _
578 2729 602 2746 ‘°
616 2730 646 2758 οὐ
664 2729 725 2766 μιᾷ]
742 2730 852 2757 Suidam
864 2738 890 2758 ν.
906 2729 1306 2766 Θεαγένηςκεοῃῐετι-ιοίειιὶυξ
1325 2736 1352 2766 pf
1370 2727 1441 2766 X_X_l.
1458 2763 1467 2766 _
1479 2728 1501 2766 ’ξ
1516 2727 1547 2766 τό
1557 2735 1587 2754 τε
1601 2727 1663 2766 add.
1675 2727 1718 2766 Ἀ,

93 2762 117 2778 ’τ
136 2763 342 2799 καταπηγνύναι

366 2764 403 2801 Β,
420 2761 610 2801 καταπηγύναι
632 2761 674 2797 A',
700 2761 906 2801 καταπλαγῆναι
921 2774 952 2798 ς.
967 2761 973 2764 ⁷
989 2761 1062 2792 "ac
1085 2765 1109 2801 ᾼ
1137 2762 1265 2801 εκῆνμςη
1286 2764 1309 2780 ⁵⁵
1325 2761 1352 2790 ει
1369 2764 1432 2801 add,
1456 2762 1592 2801 Le_i_cb_iu_s.
1631 2762 1654 2777 "
1673 2761 1721 2788 ἐπὶ

93 2797 206 2835 Ὲέμίοιλς]
227 2796 364 2835 ἕπιῖιμοις
385 2799 408 2826 Α
432 2808 439 2826 :
463 2796 609 2834 ἐπιτιμίοις
634 2796 673 2835 ς(
709 2801 732 2818 ⁸⁸
747 2801 771 2827 οι
789 2800 817 2827 δὲ
831 2796 867 2820 '—'
886 2796 992 2827 ἐλπίσιν
1010 2808 1065 2828 om.
1086 2799 1116 2827 B.
1145 2796 1234 2835 λ⁸⁷ίώς
1252 2799 1324 2835 ἔοικε
1339 2806 1394 2835 om.
1417 2798 1451 2825 Α.
1488 2796 1671 2835 ⁸⁸ηένέργειαν
1686 2804 1718 2835 ς,

136 2831 258 2871 χαὶ-ὀυκ
276 2831 310 2871 ᾼζ
333 2834 383 2860 οὐκ
399 2842 421 2871 Διι
443 2831 597 2871 correctore
615 2831 711 2862 habent
730 2835 783 2862 All.
822 2836 844 2852 ⁶⁰
866 2835 960 2871 ἄρχειν
980 2844 1010 2869 ς.
1028 2835 1070 2871 _“
1094 2833 1206 2871 κουλεού
1228 2843 1258 2870 ς.
1297 2834 1319 2849 θ’
1336 2833 1420 2871 νωτου
1444 2842 1474 2864 ς’.
1511 2831 1589 2871 ⁶³Ξὸν
1608 2838 1664 2860 om.
1683 2833 1717 2870 Δρ

95 2866 119 2882 ⁴⁴
132 2866 219 2895 ἄλλων
232 2868 312 2895 τινῶν
327 2869 431 2905 συχνῶν
445 2878 474 2902 ς’.
513 2871 534 2887 ⁸¹
558 2870 747 2906 Ἐρμενερίχου
763 2873 794 2904 A,
816 2866 1005 2907 Ἀρμὲῧερίχου
1022 2869 1042 2899 C
1065 2879 1071 2897 :
1095 2867 1255 2906 ’Δρμερίχου
1271 2878 1302 2903 ς.

1347 2869 1369 2884 ⁸⁸
1391 2869 1530 2903 ’Δσπαρος
1542 2866 1571 2894 Β.
