1919 3096
185 122 259 158 1303

767 118 899 149 ΡΗΟΤΠ
917 117 1170 154 PATRIARCH/E
1187 118 1242 147 ΟΡ.

1744 120 1811 154 13114

184 187 242 221 ram
260 178 342 206 dabat
362 178 450 213 gratia
462 175 628 211 reipublicm.
655 175 750 203 Verbis
773 176 903 209 primum,
928 175 969 202 ln-

1036 175 1143 210 εεφαλὴν
1159 176 1198 207 εἰς
1210 174 1240 201 τὺ
1262 175 1316 202 τῶν
1344 174 1481 210 πολεμίων
1499 176 1692 211 στρατόπεδον,
1706 176 1810 205 ἄνωθεν

185 225 243 259 quit
262 228 367 256 auctor,
386 223 522 258 specimen
542 221 624 254 edidi,
645 221 787 248 rhetorica:
803 220 913 255 pallium
930 220 972 246 in-

185 271 271 298 (luens
294 264 408 304 z'quare
432 271 491 295 erat
516 266 626 302 pallium
650 266 732 294 etiam
760 266 918 298 oratorium,
946 270 981 300 ut,

187 316 413 350 philosophieum.
438 313 540 353 Natura
555 313 679 341 homines
698 312 792 341 otiosas
811 312 873 339 vita:
891 311 976 339 virtu-

187 366 242 389 tem
261 362 395 393 tribuunt,
411 368 472 388 cum
497 367 557 388 meo
576 359 685 394 quidem
705 358 808 392 judicio
823 357 862 385 sic
875 365 904 385 se
922 365 974 384 non

188 405 297 433 habeat.
312 404 406 432 Virtus
420 404 492 432 enim
509 405 535 432 in
554 404 640 432 media
654 402 790 438 republica
805 403 830 429 in
851 402 976 430 civilibus

190 449 285 478 ofﬁciis
303 453 330 478 et
347 449 517 477 sermonibus
534 455 657 479 versans,
681 446 800 474 animum
819 445 852 472 ad
868 446 976 472 fortitu-

190 495 279 523 dinem
303 500 423 527 exercet,
447 498 474 522 et
499 493 664 529 experientia
690 492 775 527 magis
801 491 978 520 conﬁrmatur

190 542 254 577 quid
274 549 370 569 sanum
394 542 431 569 sit
453 545 481 568 et
507 540 641 575 integrum
663 548 671 567 :
697 539 816 573 quidque
837 537 928 566 ﬁctum
951 541 978 565 et

190 587 372 615 adulterinum
389 586 477 614 latitet
490 586 517 613 in
534 585 672 612 hominum
687 585 754 612 vita.
771 583 828 611 Hoc
839 591 919 611 omne
933 590 977 610 re-

190 634 379 669 prehenditur.
406 638 434 661 et
458 632 537 659 citius
560 631 746 658 emendatur:
775 630 837 657 boni
851 633 925 667 ,vem
951 634 979 656 et

192 679 317 707 utilitatis
337 683 468 714 quantttm
483 681 525 704 est
553 677 579 704 in
599 677 681 704 rebus
697 675 825 710 publicis,
847 680 977 710 quantum

193 729 221 752 et
243 724 412 752 conﬁdentiae
424 729 450 751 et
464 722 641 750 fortitudinis.
661 722 752 755 Quare
767 721 906 749 orationes
921 721 979 756 pri-

194 771 275 798 vatim
289 770 431 803 habentes,
447 774 475 797 et
492 769 574 796 multa
590 768 692 804 optime
705 772 732 796 et
745 767 866 803 graviter
886 768 920 795 de
934 767 980 803 ju-

193 815 267 843 stitia
283 820 310 843 et
329 814 506 849 temperantia
525 812 756 848 philosophantes,
776 812 809 839 ad
831 819 875 839 res
891 812 978 840 coacti

1024 220 1079 247 ἀπ),
1096 222 1146 256 τῆς
1170 221 1272 255 πέτρας
1301 220 1522 254 ἀποδισκεύσσς.»
1540 221 1571 249 '0
1595 222 1624 249 δὲ
1656 223 1812 259 Ἀμμώνιος

1024 266 1220 302 αἰσχροκερδὴς
1231 265 1269 293 ὣν
1290 267 1336 293 καὶ
1349 267 1438 294 πάντα
1462 266 1533 301 ὁρῶν
1552 268 1592 299 είς
1621 270 1813 304 χρηματισμὸν

1025 311 1176 345 ὁντιναοῦν,
1193 312 1338 347 ὁμολογίας
1349 311 1454 340 τίθεται
1469 313 1538 349 πρὸς
1549 314 1596 341 τὸν
1609 314 1812 342 ἐπισκοποῦντα

1025 357 1056 384 τδ
1063 358 1086 373 "
1096 357 1247 393 τηνικαῦτα
1255 359 1305 394 τὴν
1318 359 1471 395 κρατοῦσαν
1481 360 1572 392 δόξαν.
1583 360 1710 396 Γρυμαία
1724 361 1813 389 ἔκειτο

1027 403 1204 430 παντοδαπῶν
1222 403 1343 438 βιϐλίων.
1360 404 1444 432 Ὅταν
1470 405 1650 441 ἀφροδισιάζῃ
1678 405 1726 432 tul.
1749 414 1813 433 παι-

1026 448 1133 484 δοποιίᾳ
1162 448 1297 484 πολιτικῇ.
1323 449 1426 482 Λόγους
1439 449 1473 483 ⁸⁸,
1488 451 1572 485 φησιν
1588 451 1603 477 ὁ
1626 452 1814 486 συγγραφεὺς,

1028 493 1227 530 ὲπεδεικνύμην
1242 495 1384 531 πρότερον,
1409 495 1456 523 τὸν
1472 497 1519 524 ἐπὶ
1535 498 1668 534 ῥητορικῇ
1696 497 1817 533 τρίϐωνα

1027 539 1216 575 περιθέμενος,
1234 541 1304 577 ῷστε
1325 539 1359 578 ἦν
1374 542 1420 569 καὶ
1435 543 1538 579 τρίϐων
1553 545 1710 579 ῥητορικὸς.
1723 544 1817 576 ὢςκαὶ

1028 586 1183 621 φιλόσοφος.
1198 587 1341 620 Πεφύκασι
1356 589 1385 616 δὲ
1399 589 1422 606 ⁸⁸
1433 590 1573 626 ἄνθρωποι
1603 592 1638 626 τῇ
1659 590 1816 626 μισοπρὰτ-

1030 638 1092 665 μονι
1099 630 1154 666 ζωῇ
1162 632 1212 666 τὴν
1223 632 1323 668 ἀρετὴν
1330 633 1518 670 ἐπιφημίζειν,
1527 635 1577 670 οὐχ
1584 635 1670 668 οὕτως
1678 635 1740 671 ἔχον
1749 636 1820 662 κατά

1029 684 1061 709 γε
1073 675 1124 712 τὴν
1136 677 1205 712 ἐμὴν
1231 677 1322 712 κρίσιν
1335 679 1369 706 ⁷ο.
1395 679 1428 707 Ἦ
1444 680 1499 716 γὰρ
1514 681 1544 708 ιν
1561 681 1631 717 μέσῃ
1643 683 1677 717 τῇ
1693 681 1818 717 πολιτείᾳ

1029 721 1073 748 διὰ
1088 721 1142 748 τῶν
1156 722 1304 750 πολιτικῶν
1324 723 1413 759 ἔργων
1425 734 1455 753 τε
1471 727 1518 753 καὶ
1534 726 1629 761 λόγων
1647 728 1818 762 ἀναστρεφο-

1032 767 1100 802 μένη
1111 767 1194 804 ἀρετὴ
1206 769 1340 803 γυμνάζει
1356 779 1387 797 τε
1400 771 1451 807 τὴν
1461 771 1551 807 ψυχὴν
1564 772 1633 807 πρὸς
1642 772 1673 798 τὺ
1690 772 1820 808 ἐρρωμε-

1031 812 1168 848 νέστερον,
1183 815 1231 841 καὶ
1250 815 1406 851 βεϐαιοῦται
1423 816 1524 851 μᾶλλον
1557 816 1636 843 sui“
1652 816 1703 851 τῆς
1712 815 1821 850 πείρας,

193 860 369 892 descendere,
383 860 461 887 valde
476 860 567 894 inepte
583 866 613 886 se
634 862 742 893 gerunt.
758 857 883 885 Proclum
898 857 983 885 Athe-

1036 857 1096 885 δσον
1109 859 1284 901 «etaiam;
1300 870 1330 888 τε
1345 862 1392 889 καί¹
1405 862 1561 898 ὁλόκληρον
1575 863 1637 889 ὅσον
1647 862 1676 889 δὲ
1693 861 1822 897 κίϐδηλον

194 912 244 932 nas
260 905 299 932 iro
312 905 401 932 adhuc
417 904 443 931 in
463 911 575 938 corpore
597 903 784 930 exsistentem.

1036 903 1083 930 καὶ
1094 904 1260 934 ἐπίπλαστον
1275 907 1429 942 ὲμφωλεύει
1442 909 1501 939 ταῖς
1514 907 1700 944 ἀνθρωπίναις
1727 908 1821 939 ζωαῑς.

192 949 272 978 τοῦτο
284 950 337 977 πᾶν
357 949 522 985 διελέγχεται
538 948 585 976 καὶ
600 947 770 987 ἑτοιμότερον
784 947 807 963 ⁷¹
816 947 978 974 καθίσταται
998 947 1066 983 πρὸς
1080 948 1234 983 διόρθωσιν.
1249 951 1287 978 Τὸ
1304 951 1333 978 δὲ
1356 952 1523 988 ἀγαθοεργόν
1537 961 1567 979 τι
1598 953 1646 980 καὶ
1686 952 1826 986 ώφελητι-

193 996 240 1023 κον
252 996 314 1023 ὅσον
329 995 403 1022 ἐστὶν
419 996 447 1021 ἐν
461 995 517 1026 τοῖς
542 992 754 1028 πολιτεόμασινί
774 993 806 1019 τὸ
824 992 853 1019 δὲ
869 992 1020 1028 θαρραλέον
1037 995 1085 1021 καὶ
1116 994 1225 1030 βέϐαιον
1238 996 1262 1013 ⁷³
1295 996 1407 1033 ήλίκονί
1446 998 1593 1034 τοιγαροῦν
1620 998 1646 1025 οῑ
1688 999 1719 1024 ὲν
1737 997 1827 1034 γωνίᾳ

193 1041 341 1078 καθήμενοι
365 1041 438 1075 λόγοι
452 1041 486 1072 ’⁵,
508 1039 591 1077 [1075
617 1039 663 1075 R.]
678 1038 725 1066 καὶ
753 1038 838 1066 πολλὰ
863 1038 1071 1074 φιλοσοφοῦντες
1087 1037 1116 1067 εὖ
1135 1040 1208 1076 μάλα
1239 1042 1347 1078 σεμνῶς
1375 1043 1440 1079 περὶ
1460 1043 1566 1071 δικαίου
1601 1044 1649 1071 καὶ
1681 1043 1826 1079 σωφροσύ-

193 1095 253 1122 νης,
265 1087 400 1114 ἐκϐαίνειν
414 1087 461 1114 ἐπὶ
472 1086 522 1118 τὰς
533 1086 648 1122 πράξεις
663 1084 882 1127 αναγκαζόμενοι
897 1084 973 1112 δεινὰ
990 1086 1204 1118 ἀσγτιιιονοῦσιν.
1220 1089 1267 1121 Εἰς
1287 1088 1402 1117 Ἀθίιναι
1413 1090 1460 1117 καὶ
1490 1089 1612 1117 Ποόκλον
1648 1089 1762 1118 ἀπαίρει
1775 1089 1817 1117 ἔτι

193 1133 421 1170 διακρατούμενον
434 1135 464 1161 ὲν
481 1134 520 1170 τῷ
534 1133 663 1170 σώματι.·
920 1144 937 1155 ~-

230 1181 348 1216 Agapius
359 1181 450 1217 gravis
469 1181 550 1208 simul
579 1185 607 1209 et
637 1180 738 1212 facilis.
765 1180 906 1215 antiquam
930 1180 983 1210 lin-

195 1234 369 1264 guamlsupra
385 1228 521 1262 vulgarem
537 1227 670 1259 imitatus,
685 1234 780 1254 omnes
794 1227 819 1253 in
832 1234 861 1253 se
876 1225 982 1261 Byzan-

196 1274 266 1301 tinos
279 1273 424 1300 convertit.
439 1272 621 1306 Admirationi
639 1272 689 1299 l'ttit
705 1271 877 1299 Alexandriae
896 1272 983 1299 diser-

197 1318 233 1346 tia
263 1317 438 1345 hominibus:
455 1317 583 1344 omnibus
612 1316 685 1344 enim
710 1316 815 1343 artibus
832 1316 981 1343 instructus

196 1367 266 1390 erat.
300 1362 414 1390 Volebat
442 1361 539 1397 352i)
575 1362 767 1396 grammaticos
794 1366 822 1388 et
857 1361 984 1388 rhetores

198 1408 357 1436 examinare
369 1413 396 1436 et
413 1408 550 1443 judicare,
570 1413 608 1441 et,
642 1412 671 1435 ut
699 1401 794 1442 paucis
822 1407 925 1439 dicam,
956 1406 985 1434 in

198 1454 334 1489 sapientia
362 1453 565 1489 quadrangulus
586 1461 656 1492 esse,
674 1443 827 1486 'videbatur,
851 1457 879 1479 et
902 1452 984 1480 etiam

198 1505 269 1527 erat.
283 1499 411 1534 Magnum
426 1499 556 1527 honorem
569 1498 668 1526 Gesius
680 1503 842 1526 consecutus
856 1502 908 1531 est,
930 1505 989 1526 non.

199 1545 287 1573 solum
307 1546 379 1580 quod
405 1549 464 1572 arte
490 1544 596 1572 medica
616 1543 731 1578 valeret,
757 1549 784 1571 et
811 1543 932 1572 docendo
958 1548 986 1571 et

200 1591 337 1625 operando
352 1600 359 1618 :
373 1590 420 1617 sed
433 1591 516 1617 etiam
534 1589 569 1617 ob
580 1597 687 1617 onmem
700 1589 781 1617 aliam
791 1589 986 1622 eruditionem,

200 1635 350 1662 dialecticis
363 1642 423 1663 sese
438 1635 584 1662 instruens.
606 1634 709 1662 Isidoro
727 1634 858 1662 Domnam
874 1640 985 1660 uxorem

200 1682 323 1713 ducente,
338 1685 417 1708 natus
434 1686 476 1709 est
494 1681 577 1713 illius,
596 1688 675 1715 quem
691 1679 816 1707 Proclum
827 1679 986 1706 nominavit.

189 1726 303 1758 ~Damna
319 1727 414 1762 quinto
435 1732 494 1762 post
512 1731 617 1761 partum
645 1727 689 1753 die
711 1731 816 1753 mortua
834 1745 842 1758 ,
860 1724 987 1752 maritum

202 1772 392 1808 philosophum
415 1772 484 1800 mala
502 1773 569 1806 fera,
598 1779 746 1806 amaroque
762 1771 890 1807 coniugio
919 1771 990 1798 libe-

202 1819 282 1846 ravit.
297 1818 472 1853 Esculapius
493 1818 581 1854 Beryti
608 1826 660 1845 non
688 1822 730 1846 est
749 1817 871 1850 Gravcus,
902 1824 989 1850 neque

201 1861 357 1900 Egyptius,
374 1866 422 1893 sed
437 1866 506 1892 alius
521 1864 633 1893 Phcenix
648 1864 784 1899 indigena.
803 1863 870 1890 Nam
882 1862 990 1890 Saduco

203 1911 259 1937 nati
279 1915 342 1938 sunt
361 1910 420 1942 ﬁlii,
435 1918 503 1945 quos
516 1910 661 1938 Dioscuros
677 1914 705 1937 et
718 1909 831 1937 Cabiros
853 1910 990 1943 interpre-

205 1960 306 1983 tantur.
324 1956 443 1985 Octavus
458 1961 537 1984 natus
547 1961 589 1984 est
605 1956 752 1990 Esmunus,
767 1962 847 1990 quem
864 1955 990 1983 Escula‘

203 2003 277 2038 pium
312 2005 537 2039 interpretantur.
563 2001 614 2029 Hic
640 2002 700 2029 visu
721 2001 935 2037 pulcherrimus,
963 2005 991 2028 et

202 2051 322 2085 iuvenis,
339 2051 385 2086 qui
399 2050 474 2077 visus
493 2048 703 2076 admirationem
727 2048 873 2080 excitaret,
892 2054 985 2081 quem,

205 2102 234 2125 nt
252 2097 289 2125 ait
303 2096 405 2130 fabula,
424 2096 559 2123 Astronoe
573 2094 621 2121 dea
638 2093 780 2121 Phcenissa
802 2098 889 2120 mater
909 2094 988 2119 deum

205 2142 353 2170 adamavit.
381 2140 540 2174 Solitusque
561 2139 589 2166 in
603 2139 720 2166 saltibus
738 2139 848 2171 venari,
874 2143 904 2165 ut
923 2138 991 2166 vidit

1071 1180 1173 1216 Σεμνὺς
1181 1179 1219 1208 ὢν
1233 1181 1292 1217 ἅμα
1303 1181 1350 1208 καὶ
1363 1181 1489 1217 εὐόμιλος
1506 1182 1521 1209 ό
1541 1181 1672 1216 Ἀγάπιος
1683 1181 1718 1214 ⁷⁸,
1731 1181 1783 1217 τήν
1794 1189 1828 1208 τε

1027 1226 1153 1262 ’ἀρχαίαν
1167 1226 1290 1260 γλῶτταν
1300 1227 1370 1262 ὑπὲρ
1382 1227 1446 1263 [575
1463 1226 1511 1263 H.]
1521 1226 1568 1254 τὸν
1583 1227 1691 1261 ίδιώτην
1710 1226 1828 1261 μελετη-

1038 1279 1096 1304 σας,
1111 1271 1278 1305 ἐπέστρεψεν
1306 1271 1346 1302 εις
1366 1271 1463 1298 ἑαυτὸν
1473 1271 1537 1303 τοὺς
1553 1272 1582 1297 ὲν
1611 1271 1752 1305 Βυζαντίῳ
1780 1271 1830 1297 ἀν-

1036 1316 1173 1352 θρώπους,
1190 1316 1282 1352 θαῦμα
1292 1317 1320 1344 δὲ
1335 1317 1433 1344 ἑαυτοῦ
1449 1316 1604 1352 παρέσχετο
1616 1317 1665 1343 καὶ
1683 1318 1713 1344 ὲν
1731 1316 1832 1350 Ἀλεξ-

1035 1362 1146 1399 ανδρείᾳ
1168 1364 1223 1393 τοῖς
1249 1363 1455 1398 λογιμωτέροις-
1474 1362 1589 1398 ὥρμητο
1611 1363 1665 1397 γὰρ
1683 1363 1738 1390 ὰπδ
1772 1363 1828 1391 πά-

1037 1417 1086 1445 σης
1099 1408 1149 1444 τῆς
1159 1409 1293 1441 παιδείας,
1301 1409 1447 1445 ζητητικός
1459 1417 1488 1435 τε
1496 1410 1543 1435 καὶ
1552 1409 1676 1444 κριτικδς
1691 1408 1829 1444 ἠϐούλετο

1037 1452 1108 1482 εἶναι
1120 1455 1322 1491 γραμματικῶν
1332 1464 1363 1482 τε
1379 1456 1426 1482 καὶ
1433 1455 1598 1491 ῥητορικῶν,
1610 1456 1657 1482 καὶ
1674 1455 1831 1490 συλλήϐδην

1038 1501 1136 1533 είπετν,
1150 1501 1238 1528 ἐδόκει
1248 1503 1420 1536 τετράγωνος
1442 1499 1512 1529 εἶναι
1528 1502 1574 1530 καὶ
1596 1500 1631 1537 ἦν
1650 1502 1699 1537 τὴν
1717 1502 1833 1537 σοφίαν.

1038 1546 1094 1573 Καὶ
1105 1547 1145 1578 είς
1157 1546 1235 1578 κλέος
1249 1547 1264 1573 6
1275 1546 1369 1579 Γέσιος
1385 1547 1458 1582 μέγα
1478 1547 1574 1581 ἀνέϐη,
1586 1547 1617 1574 οὺ
1634 1547 1715 1582 μόνον
1743 1548 1835 1582 ίατρι-

1037 1589 1091 1626 κῆς
1124 1591 1217 1618 εἵνεκα
1227 1591 1250 1607 ⁷⁸
1262 1592 1452 1625 παρασκευῆς,
1467 1593 1516 1626 τῆς
1529 1600 1558 1617 τε
1568 1591 1762 1626 διδασκαλικῆς
1783 1592 1835 1619 καὶ

1037 1637 1088 1672 τῆς
1115 1637 1268 1672 ἐργάτιδος,
1299 1636 1367 1664 ἀλλὰ
1387 1637 1435 1663 καὶ
1453 1637 1502 1672 τῆς
1524 1636 1606 1672 ἄλλης
1622 1636 1713 1672 πάσης
1727 1637 1751 1652 "
1764 1645 1834 1663 παι-

1039 1682 1123 1714 δείας.
1133 1682 1321 1713 Διαλεκτικαῖς
1336 1682 1490 1714 συνουσίαις
1505 1682 1653 1717 ἀρδόμενος
1665 1682 1714 1717 τὴν
1728 1682 1833 1717 ψυχήν.

1040 1728 1103 1754 Ὅτι
1115 1727 1278 1763 ἀγαγομένῳ
1285 1728 1308 1744 ⁷⁸
1327 1728 1453 1763 Ἰσιδώρῳ
1465 1728 1570 1762 Δόμναν
1582 1729 1699 1762 γυναῖκα
1707 1729 1835 1755 τίκτεται

1040 1773 1115 1809 αὐτῷ
1141 1775 1206 1805 παῖς
1229 1774 1259 1806 ἐξ
1288 1774 1382 1808 αὐτῆς·
1402 1773 1523 1809 Πρόκλον
1535 1775 1558 1791 ⁷³
1577 1774 1608 1800 τὸ
1637 1774 1746 1801 παιδίον
1782 1775 1835 1801 ἑπ-

1040 1819 1165 1854 ωνὸμασε
1175 1819 1209 1846 ⁸⁸.
1227 1819 1283 1846 Καὶ
1296 1820 1313 1854 ἡ
1341 1819 1431 1854 Δὸμνα
1447 1820 1493 1845 ἐπὶ
1520 1827 1552 1853 γε
1573 1819 1613 1854 τῷ
1625 1819 1647 1835 ⁸⁸
1671 1820 1744 1854 τόκῳ
1760 1820 1835 1854 πέμ-

1040 1873 1095 1900 πτῃ
1109 1863 1133 1880 ⁸²
1158 1863 1271 1901 ὕστερον
1297 1865 1388 1900 ἡμέρᾳ
1413 1865 1590 1899 ἀποθνήσκει,
1619 1864 1705 1892 κακοῦ
1735 1864 1835 1899 θηρίου

1041 1911 1089 1938 καὶ
1103 1910 1203 1946 πικροῦ
1234 1911 1404 1937 συνοικεσίου
1431 1910 1641 1946 ἐλευθερώσασα
1655 1910 1701 1936 τὸν
1719 1909 1834 1944 φιλόσο-

1041 1965 1091 1992 φον
1105 1957 1216 1990 ἑαυτῆς.
1234 1956 1297 1983 Ὀτι
1315 1957 1330 1982 ό
1343 1957 1372 1983 ὲν
1387 1956 1514 1991 Βηρυτῷ,
1532 1956 1629 1991 φησὶν,
1665 1956 1835 1990 Ἀσκληπιὸς

1042 2000 1092 2026 οὐκ
1111 1999 1184 2026 ἐστιν
1202 1999 1303 2034 Ἕλλην
1326 1999 1387 2026 οὐδὲ
1415 2000 1575 2034 Αἰγύπτιος,
1591 2000 1659 2028 ἀλλὰ
1671 2009 1713 2032 τις
1727 2000 1834 2036 ἐπιχώ-

1042 2053 1100 2081 ριος
1129 2045 1229 2077 Φοῖνιξ.
1266 2045 1380 2080 Σαδὺκῳ
1405 2046 1459 2081 γὰρ
1495 2046 1620 2079 ἐγένοντο
1653 2046 1761 2078 παῖδες,
1786 2045 1834 2078 οὖς

1043 2090 1222 2126 Διοσκούρους
1239 2090 1262 2106 ⁸⁸
1277 2090 1461 2127 ἐρμηνεύουσι
1476 2091 1524 2117 καὶ
1540 2091 1700 2126 Καϐείρους.
1719 2092 1834 2125 Ὄγδοος

1042 2136 1071 2163 δὲ
1101 2136 1209 2170 ἐγένετο
1223 2136 1269 2163 ἐπὶ
1286 2136 1390 2168 τούτοις
1419 2137 1434 2163 ὁ
1464 2137 1626 2171 Ἐσμουνος,
1658 2137 1688 2163 ὃν
1716 2137 1833 2171 ’Δσκλη-

206 2187 285 2214 deam
299 2185 349 2213 sibi
367 2185 550 2217 insidiantem,
563 2188 591 2212 et
603 2192 634 2212 se
645 2184 707 2212 dum
723 2184 827 2220 fugeret
843 2184 983 2218 insequen-

1046 2181 1107 2209 πιὸν
1126 2182 1333 2217 ἑρμηνεύουσιν.
1353 2178 1437 2213 Οὗτος
1464 2182 1607 2214 κάλλιστος
1634 2181 1672 2209 ὣν
1692 2182 1759 2209 θέαν
1787 2183 1834 2210 καὶ

207 2237 273 2265 tem,
290 2236 317 2260 et
327 2231 437 2266 iamjam
470 2231 738 2266 comprehensuram,
757 2231 882 2265 pudenda
902 2230 991 2257 securi

206 2277 260 2305 sibi
276 2281 410 2311 amputat.
426 2275 485 2311 Ipsa
498 2276 550 2303 hoc
565 2283 628 2303 casu
649 2275 752 2308 dolens,
769 2279 795 2302 et
819 2274 917 2302 Paeana
944 2282 992 2302 vo-

207 2330 274 2351 cans
287 2322 425 2357 juvenem,
443 2326 594 2349 recreatum
609 2321 681 2348 vitali
693 2320 784 2348 calore
796 2321 822 2347 in
843 2321 907 2348 deos
916 2324 992 2347 retu-

207 2369 249 2402 lit,
272 2376 287 2396 a
304 2367 478 2396 Phoenicibus
499 2368 646 2394 Esmunum
673 2370 799 2392 vocatum
816 2366 851 2393 ob
869 2365 990 2393 calorem

207 2413 279 2441 vitaz.
300 2413 352 2440 Alii
375 2413 520 2446 dignantur
534 2411 680 2438 Estnuuum
703 2415 829 2438 octavum
856 2410 988 2444 interpre-

208 2459 271 2486 tari.
287 2457 406 2486 Octavus
422 2458 493 2485 [ilius
506 2457 613 2484 Saduco
627 2461 696 2489 erat,
717 2457 761 2490 qui
785 2456 811 2482 in
840 2456 932 2482 densis
948 2460 989 2482 te-

208 2506 301 2534 nebris
313 2513 437 2540 magnam
454 2505 541 2532 lucem
560 2504 693 2531 accendit.
714 2502 788 2530 Hauc
802 2503 910 2537 juvenis
929 2509 993 2529 ora—

208 2551 309 2578 tionem
320 2553 483 2584 exceperunt
501 2552 528 2575 el.
539 2548 617 2575 valde
626 2547 751 2574 admirati
765 2551 827 2573 sunt
839 2544 994 2572 Mariuiani.

1043 2227 1153 2259 νεανίας
1183 2227 1247 2254 ἰδεῖν
1282 2227 1457 2261 ἀξιάγαστος,
1482 2227 1620 2263 ἐρώμενος
1647 2228 1771 2261 γέγονεν,
1796 2227 1834 2259 ὦς

1045 2281 1127 2307 φησιν
1151 2272 1165 2298 ὁ
1193 2271 1288 2307 μῦθος,
1323 2271 1485 2307 ’Δστρονόης
1514 2271 1575 2298 θεοῦ
1605 2271 1760 2306 Φοινίσσης,
1785 2280 1834 2305 μη-

1044 2318 1108 2353 τρδς
1119 2317 1197 2344 θεῶν.
1218 2317 1327 2349 Εἰωθώς
1339 2326 1369 2344 τε
1382 2312 1542 2352 κυνηγετεῖν
1567 2318 1595 2343 ἐν
1609 2317 1699 2343 ταῖσδε
1711 2319 1771 2348 ταῖς
1783 2317 1831 2344 νά-

1044 2372 1120 2397 παις,
1136 2363 1230 2399 ἐπειδὴ
1259 2362 1391 2390 ἐθεάσατο
1405 2363 1455 2398 τὴν
1483 2363 1544 2389 θεὸν
1567 2363 1649 2390 αὐτὸν
1678 2363 1834 2396 ἐκκυνηγε-

1043 2409 1144 2436 τοῦσαν
1156 2409 1202 2436 καὶ
1217 2409 1354 2443 φεύγοντα
1368 2408 1568 2435 ὲπιδιώκουσαν
1583 2408 1631 2435 καὶ
1644 2408 1695 2443 ιἤδη
1709 2408 1833 2442 καταλη-

1043 2453 1175 2489 ψομένην,
1202 2454 1350 2490 ἀποτέμνει
1380 2453 1491 2480 πελέκει
1522 2453 1572 2489 τὴν
1601 2453 1683 2485 αὐτὸς
1711 2452 1796 2480 αὐτοῦ
1810 2452 1834 2468 ⁸⁸

1043 2499 1226 2534 παιδοσπόρον
1241 2500 1332 2534 φύσιν.
1352 2499 1383 2525 ’ίί
1399 2499 1428 2525 δὲ
1443 2498 1483 2533 τῷ
1508 2499 1590 2526 πάθει
1607 2498 1832 2533 περιαλγήσασα,

1045 2546 1091 2572 καὶ
1105 2545 1211 2572 Παιᾶνα
1224 2545 1364 2572 καλέσασα
1378 2545 1412 2577 ⁸⁵,
1421 2544 1466 2570 τὸν
1486 2544 1626 2570 νεανίσκον
1639 2544 1662 2559 ⁸⁸
1677 2545 1712 2579 τῇ
1722 2552 1754 2569 τε
1768 2543 1833 2576 ζωο-

858 2592 899 2619 VA
906 2591 974 2619 Rl/E
994 2591 1140 2619 LECTION
1145 2593 1195 2620 ES.

243 2644 266 2660 "’
288 2644 319 2670 τὸ
344 2642 442 2670 οιτι.Δ.
481 2640 504 2656 ⁸⁸
517 2640 606 2674 λόγοις
619 2647 649 2670 ς.
687 2639 710 2654 ⁶¹
732 2637 759 2674 δὲ

209 2686 265 2706 om.
294 2679 392 2705 Suidas
405 2678 423 2705 I.
445 2676 556 2711 propius
568 2675 585 2701 l.

187 2727 192 2735 -
209 2715 233 2731 "
247 2713 332 2747 λόγιοι
349 2707 458 2739 ειιῑιιιιεῖ
495 2707 525 2726 ’⁷⁸
537 2707 738 2747 ’.Αγάπιοςῌρς
752 2707 891 2747 _Su_idas_h.
903 2715 929 2747 νε

186 2757 190 2772 ι
211 2740 322 2776 Suidas.
357 2747 380 2763 ⁷⁸
391 2740 589 2780 ἁναγαγομένῴ
602 2744 635 2770 Α.
672 2744 695 2759 ⁷³
708 2743 829 2783 Πρόκλος
844 2743 873 2768 Β.
912 2742 934 2758 ⁸⁰
943 2742 1118 2804 ἐπωνόμασει
1132 2741 1320 2804 ὲπονοὲιασθέν
1332 2741 1365 2768 Α.
1411 2740 1434 2757 ⁸¹
1448 2741 1487 2777 τῷ
1501 2741 1563 2768 add.
1579 2741 1611 2767 A.

210 2797 246 2804 _.
257 2782 363 2804 suam“
380 2781 432 2804 Alt.
470 2781 494 2796 ⁸³
508 2778 680 2804 Διοσκόρους]
694 2778 730 2804 cl'.
743 2777 836 2804 Muller
849 2777 1014 2804 Orchomen.
1028 2786 1055 2804 ι).
1071 2778 1105 2804 ιδ
1128 2797 1134 2804 .
1172 2777 1195 2793 ’⁸
1227 2785 1307 2803 αυτου
1323 2777 1355 2803 Α.
1407 2776 1430 2792 ⁸⁸
1441 2777 1489 2803 καὶ
1503 2776 1607 2803 Παιᾶνα

210 2797 246 2807 ..-
257 2782 363 2814 ἡμέραν
379 2781 432 2809 ΑΒ.
450 2777 456 2780 ⁷
470 2777 494 2796 ⁸⁵
508 2777 680 2814 Διοσκόρους]
694 2778 730 2805 cl'.
743 2777 1014 2814 Miiller-Orchomen.
1028 2786 1055 2812 p.
1071 2778 1105 2805 ιδ

211 2797 246 2807 ιιι-
277 2791 311 2811 με
349 2791 363 2808 ν
379 2791 432 2809 AD.
470 2791 494 2796 "'
508 2791 668 2814 Διοοκυρυυς
694 2791 730 2805 ut.
743 2791 836 2805 tuuucr
849 2791 1014 2805 υιυιιυιιιιτιι.
1028 2791 1055 2812 μ.
1071 2791 1134 2805 θυι.
1175 2791 1191 2793 ⁷·
1211 2791 1307 2804 ιιιυιυυ
1323 2791 1355 2803 n.
1409 2791 1427 2792 η
1443 2791 1489 2803 ιιυιι
1503 2791 1544 2802 uu.

211 2817 245 2847 Α.
257 2791 385 2847 Eumer
399 2817 447 2844 ml.
462 2815 542 2847 πόαις
558 2791 758 2841 ἀνακαλέσασα.
822 2813 845 2828 ⁸⁸
862 2812 906 2841 τὸν
918 2813 1060 2841 νεανίσκον
1080 2817 1140 2841 post
1165 2812 1410 2847 ἀναζωπυρήσασα
1427 2811 1502 2847 ponit
1515 2811 1545 2838 Β.

337 2824 385 2853 ger
399 2817 447 2844 ml.
462 2815 542 2847 πόαις
558 2814 758 2841 ἀνακαλέσασα.

769 2637 781 2673 ]
799 2638 823 2664 οἱ
837 2637 934 2664 Suidas
947 2645 973 2665 ν.
991 2637 1209 2672 Μισοπράγμων,
1236 2637 1289 2671 γὰρ
1299 2637 1324 2663 οἱ
1336 2645 1362 2664 v.
1379 2636 1533 2673 Οὐλπιανός
1540 2635 1664 2673 ξιδελφόςἼ

636 2674 657 2689 ⁷⁸
674 2672 809 2708 mugire
835 2673 904 2699 idetn
931 2673 948 2699 l.
976 2674 1075 2707 priore.

1702 2635 1726 2650 "
1742 2635 1832 2669 κρίσιν

1112 2669 1326 2707 ’θ’ὲτοιμότατον
1342 2672 1378 2698 id.
1401 2673 1448 2707 ih,
1485 2673 1507 2688 ⁷³
1522 2669 1642 2707 βέϐαιον]
1660 2669 1771 2707 ίσχυρὸν
1799 2671 1829 2696 Α.

978 2708 1002 2724 ⁷⁸
1017 2707 1110 2734 εἵνεκα
1124 2707 1164 2735 Ax
1179 2706 1262 2734 ἕνεκα
1278 2715 1298 2739 ς·
1311 2714 1372 2733 cum
1385 2706 1467 2734 Snida
1484 2715 1511 2734 ν.
1529 2706 1631 2737 Γέσιος.
1685 2706 1707 2721 '"
1722 2706 1832 2735 ἁπάσης

978 2742 1116 2774 ωνόμασεΙ
1132 2741 1320 2774 ὲπονομασθέν
1332 2741 1365 2768 Α.
1411 2740 1434 2757 ⁸¹
1448 2741 1487 2774 τῷ
1501 2741 1563 2768 add.
1579 2741 1611 2767 A.
1662 2740 1686 2756 ⁸¹
1701 2740 1833 2774 πέμπτην

1172 2777 1195 2793 τι

1227 2777 1307 2803 αυτοῦ
1323 2777 1355 2803 Α.
1407 2776 1430 2792 ⁸⁸
1441 2775 1489 2803 καὶ
1503 2776 1607 2803 Παιᾶνα
1621 2775 1764 2803 καλέσασα
1777 2782 1832 2803 om.
