1919 3096
79 156 142 189 1305

619 161 880 192 ΒΙΒΙΛΟΤΗΕΟΛ.
895 173 931 180 -·
947 162 1028 192 COD.
1045 160 1200 191 CCXLIII.

1631 154 1701 188 1306

79 211 144 246 γόνῳ
155 210 243 248 θέρμῃ
257 211 499 248 ἀναζωπυρήσασα
516 213 577 240 θεὸν
589 215 728 250 ἐποίησεν,
738 216 854 249 Ἐσμου-

910 215 1035 242 Nondum
1058 221 1148 242 tamen
1173 212 1329 240 ditﬁcultate
1352 210 1505 247 argumenti
1535 214 1612 245 rupta
1629 232 1637 244 ,
1658 218 1702 238 me

76 266 117 284 νον
132 257 184 283 ὑπὸ
211 258 345 285 Φοινίκων
373 258 569 294 ὠνομασμένον
587 261 633 286 ἐπὶ
647 262 679 296 τῇ
697 261 786 298 θέρμῃ
810 262 859 297 τῆς

76 303 154 338 ζωῆς.
173 304 204 330 Ol
219 304 248 330 δὲ
266 304 311 330 τὸν
331 305 484 339 Ἔσμουνον
510 305 604 340 ὃγδοον
625 306 747 339 ἀξιοῦσιν
772 308 859 343 ἑρμη-

74 346 157 386 νεύειν
175 346 216 373 ὅτι
232 347 325 381 δγδοος
339 346 374 384 ἦν
399 349 438 384 τῷ
466 349 581 385 Σαδύκῳ
600 352 673 382 παῖς.
693 352 739 378 ‘Ev
768 352 857 388 σκότῳ

75 391 205 428 διωλυγίῳ
222 393 289 419 πολὺ
305 394 364 427 φῶς
384 394 500 429 ἀνάψας.
516 395 619 423 Τοῦτον
633 397 797 429 ἀπεδέξαντο
808 398 855 425 τοῦ

72 436 209 462 νεανίσκου
221 437 266 463 τὸν
278 437 358 472 λόγον
373 440 421 466 καὶ
437 440 598 476 ἠγάσθησαν
609 442 634 468 οἱ
647 442 718 477 ἀμφὶ
732 442 777 469 τὸν
794 443 855 470 Μα-

73 482 150 516 ρτνον,
162 481 221 514 πῶς
233 482 283 509 οἴει
299 484 402 520 σφόδρα
417 485 440 501 ⁸⁷
454 494 462 518 ;
484 486 568 513 Οὔπω
580 487 729 523 ὲξερρώγει
743 489 776 515 τὰ
794 489 857 515 δύσ-

72 525 131 552 κολα
155 526 208 561 τῆς
231 527 399 560 ὑποθέσεως.
426 529 491 564 Ἐμὲ
514 530 543 556 δὲ
567 531 857 568 ὲπεσπάσατοὴρύμη

70 571 112 598 τοῦ
123 571 203 606 λόγου
220 573 290 609 πρὸς
305 575 340 601 τὰ
357 575 428 609 μετὰ
448 575 534 602 ταῦτα
549 576 721 612 ἐκϐεϐηκότα
737 578 760 594 ⁸⁸
779 579 858 614 ποιή-

71 617 162 645 σασθαι
180 619 230 654 τὴν
247 620 374 656 ὲκὸολὴν,
391 621 650 657 ἐπακολουθήσαντα
675 624 800 659 παριόντι
816 625 856 660 τῷ

71 662 115 697 βίῳ
129 663 183 690 τῶν
207 663 348 700 διαδόχων,
363 664 412 696 οὒς
438 666 525 693 εἵλετο
557 667 688 702 Πρόκλος.
703 669 736 694 '0
759 668 786 694 δὲ
806 669 852 695 καὶ

913 262 1045 290 orationis
1065 261 1106 288 vis
1128 261 1252 294 attraxit,
1282 264 1311 286 nt
1327 259 1360 286 ad
1385 259 1527 292 sequentia
1551 265 1594 285 me
1608 259 1641 285 ab
1655 257 1699 284 illa

911 315 1078 340 remearem,
1093 312 1121 335 et
1141 307 1260 335 instante
1277 307 1344 340 vita,
1368 313 1416 333 eos
1441 312 1616 333 successores
1638 303 1701 330 inti-

912 357 994 384 tarer,
1010 360 1079 388 quos
1089 352 1200 380 Proclus
1208 351 1337 387 elegerat.
1350 351 1481 386 Quodque
1491 357 1588 377 novum
1596 349 1700 381 auditu,

909 405 970 426 cum
986 406 1116 433 generosa
1138 398 1278 432 solidaque
1294 398 1428 432 gravitate
1453 396 1597 423 videbatur
1625 402 1698 429 prat-

912 444 1035 471 senlibns
1057 449 1162 479 gratus.
1187 443 1308 471 Plurima
1324 447 1438 470 conatus
1463 443 1497 469 ad
1526 448 1698 468 communem

911 489 1082 516 auditoribus
1104 489 1262 521 utilitatem,
1281 489 1417 516 interdum
1438 495 1503 514 vero
1523 486 1641 529 jqcando
1666 485 1699 513 de

911 534 954 561 illa
970 535 1104 570 gravitate
1116 536 1269 568 remittens,
1285 539 1312 562 et
1329 538 1473 569 peccantes
1489 532 1628 567 ingeniose
1639 538 1699 558 car-

909 588 987 615 pens,
1006 585 1035 608 nt
1061 581 1115 608 risu
1131 581 1347 615 increpationem
1366 584 1480 614 tegeret.
1508 578 1608 613 353a
1632 577 1700 604 Alti-

910 627 1002 653 tudine
1017 631 1044 655 et
1054 627 1220 663 longitudine
1230 627 1365 663 egregius,
1378 626 1524 660 utantiqna
1536 631 1563 652 et
1576 623 1699 651 fabulosa

904 669 959 703 jam
974 679 1038 698 vera
1050 672 1170 704 sint,eta
1184 680 1227 699 me
1238 671 1483 706 petebatoccnltam
1493 670 1697 697 admissionem.

70 707 214 741 παράδοξον
228 708 354 741 ἀκοῦσαι,
373 710 441 744 μετὰ
452 711 616 746 σεμνότητος
636 711 764 746 εὐγενοῦς
787 713 832 739 καὶ
846 713 958 748 βεϐαίας
974 717 1098 751 ἐφαίνετο
1118 719 1174 749 τοῖς
1199 716 1317 752 παροῦσι
1343 716 1460 752 χαρίεις,
1478 716 1512 742 τὰ
1535 715 1585 751 μὲν
1614 713 1699 741 πολλά

71 754 222 786 σπουδάζων
242 755 282 786 είς
304 754 334 782 τὸ
358 755 450 782 κοινὸν
477 757 533 788 τοῖς
563 756 708 783 ἀκούουσιν
735 758 841 792 ὄφελος.
861 760 946 793 ἀνιεὶς
961 762 988 788 δὲ
1007 763 1091 790 ἐνίοτε
1107 763 1146 798 τῷ
1161 763 1286 796 παίζοντι
1301 762 1350 798 τὴν
1381 761 1510 797 σπουδήν,
1544 761 1591 788 καὶ
1629 759 1701 787 σκώ-

70 808 139 852 πξων
152 800 262 852 εὐφυῶς
284 801 347 852 τοίς
379 802 599 852 ἁμαρτανοντας,
629 803 699 830 ὥστε
717 804 914 833 ὲπικαλὺπτειν
943 808 982 844 τῷ
1007 809 1105 844 γελοίῳ
1137 809 1182 836 τδν
1208 809 1331 844 ἔλεγχον.
1370 808 1417 840 Εἰς
1447 806 1513 841 ὕψος
1539 806 1586 832 καὶ
1613 806 1700 841 μῆκος

69 845 117 871 οἷον
127 845 288 880 θαυμάσιον.
306 846 387 873 Ὥστε
405 846 440 873 τὰ
466 847 568 883 ἀρχαῖα
585 850 632 876 καὶ
657 849 725 885 πρὸς
745 850 776 876 τὸ
799 850 922 885 μυθῶδες
945 854 1140 890 ἐκνενικηκότα
1171 854 1270 890 μηκέτι
1304 853 1407 881 ἄπιστα
1440 850 1520 878 εἶναι.
1545 851 1602 878 Καὶ
1639 851 1699 887 ᾔτει

69 893 127 927 παρ’
135 893 199 927 ἐμοὶ
215 893 349 929 ὑποδοχὴν
362 893 494 921 λανθάνου
499 903 559 921 σαν.

99 937 160 974 [574
185 938 232 975 [1.]
254 939 283 965 '0
309 939 338 966 δὲ
361 940 504 972 Θεοσέσιος
524 940 570 967 τδν
595 942 645 976 τῆς
671 943 850 979 σωφροσύνης

938 943 1106 973 Thenscbius
1131 943 1266 972 castitatis
1286 944 1414 971 annulum
1431 963 1439 976 ,
1460 950 1539 978 quem
1563 942 1698 970 accedens

69 984 216 1017 δακτύλιον,
230 984 260 1011 ὃν
271 985 284 1010 ό
295 985 427 1016 Χαλδαῖος
443 985 467 1002 ⁸⁹
486 985 579 1012 εἰσιὼν
597 987 773 1022 παραδίδωσι,
790 989 852 1016 τοῦ·

69 1038 108 1056 τον
122 1026 201 1060 οὗτος
226 1031 514 1066 κατασκευασάμενος,
529 1033 686 1067 προσελθὼν
699 1035 731 1069 τῇ
746 1035 855 1068 γυναικὶ

69 1074 115 1110 εφη
127 1084 133 1090 ·
152 1075 251 1103 Πάλαι
262 1075 321 1110 μέν
338 1083 388 1103 σοι
408 1076 573 1104 ἐπιδέδωκα
589 1077 752 1106 δακτύλιον
766 1080 855 1114 ἁρμο-

69 1121 140 1156 στὴν
153 1122 339 1158 παιδουρτοῦ
351 1124 546 1158 συμϐιώσεως
558 1131 565 1138 ·
582 1125 618 1152 τὰ
631 1125 690 1152 νῦν
699 1125 733 1152 δὲ
747 1127 856 1153 τοῦτον

69 1168 218 1203 ἐπιδίδωμί
233 1177 283 1196 σοι
303 1169 529 1204 σωφρονιστὴν,
550 1170 715 1204 ἐπίκουρον
735 1172 758 1187 ⁸⁸
780 1180 854 1206 παρ-

70 1215 214 1248 εσόμενον
232 1214 313 1250 [1076
329 1214 373 1250 ιι.]
386 1214 442 1248 τῆς
459 1215 616 1249 σώφρονος
641 1216 802 1250 οἰκουρίας.
823 1217 855 1243 'H

70 1260 94 1286 δὲ
117 1261 247 1294 ἀσμένως
276 1260 397 1292 ἐδέξατο,
418 1261 465 1287 καὶ
486 1261 617 1297 ωνέζησε
643 1262 682 1298 τῷ
707 1263 784 1297 ἀνδρὶ
810 1264 856 1290 τὸν

70 1306 156 1332 λοιπὸν
185 1307 283 1341 χρόνον
312 1307 376 1333 ἄνευ
402 1307 565 1342 σωματικῆς
593 1308 746 1340 κοινωνίας.
761 1309 806 1344 Τῷ
827 1311 855 1337 δὲ

71 1350 244 1386 φυλακτηρίῳ
257 1350 345 1386 τούτῳ
363 1350 394 1377 τὸ
414 1350 579 1386 δραστήριον
596 1353 646 1379 οὐκ
659 1353 705 1380 ἐπὶ
721 1354 754 1389 τῇ
770 1354 791 1369 ⁹¹
805 1363 855 1388 γα-

72 1396 131 1430 μετῇ
150 1395 245 1429 μόνον,
259 1395 328 1423 ἀλλὰ
345 1396 391 1423 καὶ
402 1396 445 1432 ἐφ’
458 1397 555 1424 ἑαυτοῦ
571 1398 654 1425 πάλαι
679 1399 770 1426 εἰώθει
787 1409 857 1435 μαρ-

71 1443 175 1476 τυρεῖν·
201 1442 250 1469 καὶ
275 1442 330 1476 γὰρ
358 1442 402 1469 ὅτε
430 1442 563 1478 νεώτερος
581 1441 627 1479 ἦν,
654 1445 788 1480 ὡμολόγει
809 1447 856 1473 καὶ

73 1487 145 1518 αὐτὸς
159 1487 342 1522 ἀγωνιεῖσθαι
357 1488 380 1503 ¹¹
395 1488 441 1515 τὸν
460 1489 586 1521 παιδείας
599 1489 693 1524 ἀγῶνα
707 1491 775 1526 πρὸς
793 1493 856 1524 τοὺς

71 1534 277 1569 γενεσιουργοὺς
302 1534 468 1568 πολεμίους,
484 1535 548 1567 τούς
569 1545 598 1562 τε
618 1536 718 1568 ἔξωθεν
737 1538 856 1565 ἐπιτιθε-

72 1579 160 1613 μένους
178 1580 228 1606 καὶ
247 1580 311 1612 τοὺς
320 1580 394 1608 ἔνδον
407 1581 431 1597 ⁹³
447 1582 633 1617 προδιδόντας.
650 1583 800 1610 Καταϐοῶν
825 1585 854 1610 δὲ

905 991 966 1019 vilis
977 991 1110 1026 quispiam
1124 990 1209 1023 dedit,
1227 990 1363 1018 adornans
1387 989 1466 1016 uxori
1484 989 1569 1021 dedit,
1584 989 1697 1015 dicens:

906 1036 974 1064 Olim
990 1037 1038 1063 tibi
1068 1037 1194 1062 annulum
1210 1036 1273 1062 dedi
1286 1035 1480 1069 conjunctionin
1499 1034 1615 1069 ﬁliorum
1633 1041 1697 1068 pro-

905 1083 1091 1114 creandorum,
1106 1089 1174 1108 num:
1189 1080 1238 1107 tibi
1255 1082 1289 1107 do
1311 1081 1490 1115 temperantia!
1503 1101 1510 1113 ,
1532 1080 1578 1114 qui
1597 1080 1644 1106 tibi
1661 1079 1696 1106 ad

906 1134 1006 1154 cauum
1031 1128 1124 1154 domus
1137 1126 1283 1154 custodiam
1299 1127 1450 1161 adjumenlo
1467 1126 1573 1160 futurus
1588 1130 1636 1153 eu.
1650 1125 1694 1152 llla

905 1182 969 1201 vero
983 1175 1097 1201 libenter
1108 1174 1223 1209 accepit,
1244 1179 1271 1201 et
1289 1174 1394 1208 reliquo
1422 1178 1542 1208 tempore
1556 1180 1617 1199 cum
1638 1172 1696 1199 viro

903 1225 980 1247 caste
998 1220 1074 1248 vixit.
1094 1219 1150 1247 Hoc
1169 1221 1339 1249 munimento
1365 1227 1418 1247 non
1435 1220 1462 1246 in
1478 1227 1561 1247 uxore
1585 1218 1695 1251 solum,

905 1266 952 1293 sed
967 1268 1048 1293 etiam
1069 1267 1096 1294 in
1113 1274 1142 1293 se
1165 1267 1382 1302 magnitudinem
1401 1266 1483 1293 animi
1503 1265 1595 1292 testari
1618 1264 1691 1292 sole-

907 1312 962 1339 bat.
979 1311 1084 1338 Etenim
1098 1311 1205 1345 juvenis
1227 1319 1287 1339 cum
1304 1314 1388 1343 esset,
1412 1314 1527 1337 testatus
1555 1314 1597 1336 est
1610 1309 1693 1335 etiam

907 1358 976 1392 ipse,
990 1357 1151 1385 eruditionis
1159 1361 1297 1383 certamen
1312 1355 1429 1382 subiisse
1440 1362 1469 1382 se
1484 1362 1545 1381 cum
1559 1353 1694 1385 hostibus,

906 1404 952 1438 qni
984 1402 1188 1438 generationem
1214 1406 1413 1435 procurarent,
1444 1406 1497 1427 tam
1524 1400 1694 1427 extrinsecus

906 1449 1097 1481 imminentes,
1126 1455 1207 1483 quam
1228 1447 1301 1475 intus
1330 1447 1509 1482 proditionem
1531 1445 1694 1477 molientes;

907 1494 1058 1522 reclamans
1072 1497 1162 1520 autem
1177 1493 1302 1520 omnibus
1318 1492 1454 1523 sensibus,
1472 1491 1590 1518 maxime
1611 1489 1694 1516 tactui

908 1539 1082 1567 reclamabat.
1110 1538 1187 1565 Hunc
1214 1538 1286 1564 enim
1308 1544 1369 1564 esse
1403 1543 1497 1563 revera
1522 1541 1694 1567 terrestrem,

907 1585 1047 1617 rebellem,
1063 1584 1217 1612 trahentem
1233 1583 1353 1610 animam
1381 1583 1415 1610 ad
1432 1589 1578 1617 perennem
1591 1580 1693 1608 fontem

69 1625 117 1656 τῶν
129 1628 286 1663 αἰσθήσεων
300 1629 407 1662 πασῶν,
419 1631 520 1664 μᾶλλον
534 1632 588 1659 τῶν
603 1633 691 1661 ἄλλων
710 1634 758 1669 τῆς
774 1634 854 1661 ἁπτι-

910 1630 1096 1666 generationis.

70 1672 114 1706 κῆς
127 1674 262 1701 κατεσόα’
278 1671 351 1702 εἶναι
370 1675 425 1712 γὰρ
441 1677 527 1713 αὐτὴν
548 1678 586 1714 τῷ
599 1679 658 1706 ὄντι
685 1679 794 1715 χθονίαν
816 1680 863 1707 καὶ
881 1678 1026 1706 ἀντίτυπον
1046 1677 1094 1705 καὶ
1117 1676 1300 1704 κατασπῶσαν
1314 1675 1364 1711 τήν
1381 1675 1470 1711 ψυχὴν
1502 1674 1543 1706 είς
1565 1674 1612 1700 τὸν
1644 1672 1695 1708 τῆς

70 1718 195 1752 γενέσεως
211 1719 309 1747 ἀέναον
319 1720 346 1736 ³⁵
359 1720 462 1756 ὀχετόν.

416 1767 502 1794 ΣΜΓ¹.

71 1807 116 1836 Ἐκ
125 1810 178 1837 τοῦ
205 1809 331 1845 ἰμερίου
354 1811 407 1839 τοῦ
435 1812 587 1847 σοφιστοῦ
606 1813 742 1849 διάφοροι
767 1816 855 1851 μελέ-

429 1855 486 1875 ται.

106 1889 274 1926 Ἀνεγνώσθη
290 1893 322 1918 ὲκ
335 1892 389 1918 τῶν
409 1892 526 1928 Ἰμερίου
550 1895 598 1921 τοῦ
615 1896 744 1930 σοφιστοῦ
759 1897 782 1913 ³⁵
797 1897 854 1924 διά-

48 1935 49 1938 “
70 1941 139 1967 φοροι
153 1935 296 1962 Μελέται.
308 1936 378 1968 Τοὺς
391 1937 575 1974 ὡραιοτέρους
590 1939 618 1966 δὲ
638 1941 694 1968 τῶν
712 1942 794 1968 αὐτοῦ
806 1942 852 1969 λό-

70 1980 147 2015 γωνή
161 1980 263 2016 ἐκλογὴ
284 1980 439 2018 δρεπομὲνη
456 1984 506 2016 τὴν
529 1985 634 2013 τούτων
654 1986 760 2014 ἔκδοσιν
786 1988 854 2015 ἀπο-

71 2024 225 2062 θησαυρίζει
241 2027 275 2054 ’⁸.

75 2070 120 2098 Ἐκ
141 2072 196 2099 τοῦ
222 2072 299 2108 ὑπὲρ
321 2075 534 2137 Δημοὲγθέηους
555 2076 724 2112 ’Υπερίδου,
740 2079 775 2106 ἐκ
796 2080 852 2115 τῆς

412 2119 527 2137 emotae.

412 2119 527 2145 εωριας.

100 2151 240 2184 Ὕποπτος
257 2154 308 2188 μὲν
325 2155 372 2181 καὶ
392 2156 514 2192 σφαλερὰ
537 2157 620 2184 παντὶ
640 2157 719 2194 δήμῳ
739 2160 851 2195 τοιαύτη

71 2197 216 2234 συμϐουλὴ,
233 2199 281 2226 καὶ
302 2200 333 2227 οὐ
354 2201 442 2237 μικρὰ
461 2201 585 2229 λυποῦσα
609 2203 678 2238 πρὸς
695 2205 782 2232 πειθὼ
807 2206 853 2232 τὸν

69 2241 209 2270 ἀκούοντα.
238 2245 402 2281 Ἀμφότεροι
424 2247 478 2282 γὰρ
493 2248 636 2286 δημοτικοὶ
660 2250 708 2276 καὶ
731 2251 800 2286 πρὸς
822 2251 853 2278 τὺ

71 2285 166 2320 βέλτιον
187 2289 390 2326 ὑπειλημμένοι
416 2293 607 2328 τυγχάνουσιν.
631 2295 700 2322 Οὐδὲ
727 2298 784 2328 τοῖς
802 2306 850 2332 γυ-

1237 1763 1374 1792 CCXLlIl.

1054 1812 1166 1840 Himerii
1179 1810 1311 1845 Sophiste:
1325 1810 1546 1838 Declamationa.

942 1892 1007 1927 Legi
1023 1891 1156 1925 quasdam
1173 1890 1384 1918 Declamationet
1407 1888 1523 1916 Himerii
1547 1888 1692 1922 Sophistub.

908 1937 1110 1973 Elegantiornm
1127 1944 1191 1964 vero
1205 1937 1265 1972 ejus
1273 1943 1429 1964 sermonum
1446 1934 1573 1963 collectio
1584 1937 1695 1962 exarata

905 1982 1020 2011 istorum
1033 1982 1180 2010 editionem
1194 1982 1328 2009 recondit.

907 2083 950 2111 Et;
963 2084 1082 2111 oratione
1093 2081 1235 2118 Hyperidis
1248 2091 1295 2117 pro
1307 2082 1490 2110 Demosthene.
1517 2081 1557 2109 Ea:
1573 2081 1694 2109 Thcoria.

942 2162 1072 2197 Suspecta
1086 2166 1113 2189 et
1126 2161 1277 2196 periculosa
1297 2161 1423 2188 omnibus
1443 2161 1502 2188 inec
1533 2160 1696 2188 deliberatio

905 2213 958 2241 est,
991 2215 1170 2243 magnamque
1200 2207 1282 2234 habet
1311 2205 1508 2237 difﬁcultatem,
1549 2210 1696 2238 antequam

906 2252 1022 2279 auditori
1034 2251 1206 2287 persuadeat.
1223 2251 1264 2278 Ad
1277 2251 1403 2286 populum
1419 2251 1460 2278 hae
1475 2251 1534 2278 duae.
1547 2250 1656 2283 habitae,
1667 2254 1696 2276 et

905 2306 985 2333 quam
1001 2297 1102 2332 optime
1118 2297 1284 2324 elaborata:
1305 2297 1438 2331 siquidem
1450 2304 1501 2323 non
1526 2296 1698 2330 simplicibus

72 2333 141 2366 μνοῖς
155 2334 275 2370 χρῆσθαι
285 2335 340 2362 τῶν
352 2336 502 2371 ὀνομάτων,
512 2338 580 2366 ἀλλὰ
594 2341 650 2372 τοῖς
659 2340 693 2367 δι’
706 2341 854 2377 ἐμφάσεως

910 2349 933 2371 et
945 2344 1023 2371 nudis
1041 2344 1197 2371 nominibus
1222 2347 1349 2375 ntnntur,
1365 2343 1411 2370 sed
1436 2343 1481 2376 iis,
1500 2350 1560 2377 qua:
1571 2343 1696 2377 emphasi

70 2378 96 2403 τὸ
111 2379 235 2416 βούλημα
256 2382 446 2417 σημαίνουσιν.

173 2426 226 2454 Ἐκ
240 2426 295 2462 τῆς
306 2428 438 2463 μελέτης
451 2430 526 2458 αὐτὸ
538 2432 571 2458 τὸ
582 2433 741 2467 προοίμιον

104 2469 181 2505 ᾯετο
199 2471 260 2506 μὲν,
277 2469 299 2499 ὧ
320 2473 469 2509 Ἀθηναῖοι,
485 2475 618 2509 Φίλιππος
631 2477 665 2504 δι’
684 2478 744 2510 ἑνδς
758 2478 854 2506 τούτου

73 2518 246 2552 κηρύγματος
257 2518 286 2545 οὐ
307 2520 483 2557 Δημοσθένην
494 2523 517 2538 ³⁷
533 2522 623 2558 μόνον,
638 2523 707 2551 ἀλλὰ
722 2525 769 2552 καὶ
783 2526 855 2552 πάν-

910 2390 1028 2425 qnadam
1046 2390 1192 2417 consilium
1208 2390 1309 2417 clarius
1324 2390 1467 2417 exhibent.

1031 2435 1119 2470 Hujus
1138 2435 1346 2463 Declamationis
1357 2437 1406 2462 hoc
1417 2436 1583 2470 proemium.

944 2481 1094 2517 Philippus,
1111 2482 1300 2514 Athenienses,
1318 2490 1370 2509 non
1388 2482 1597 2509 Demosthenem
1609 2481 1697 2508 solum

908 2528 958 2555 hoc
974 2536 1027 2555 uno
1035 2528 1145 2562 edicto,l
1154 2529 1201 2555 sed
1218 2528 1371 2562 etreliquos
1383 2533 1491 2554 vestros
1502 2533 1636 2559 oratores,
1651 2525 1698 2562 qui

71 2569 115 2594 τας
131 2563 209 2598 ὑμῶν
231 2564 435 2600 ἀφαιρήσεσθαι
448 2567 471 2583 ’⁸
494 2569 557 2600 τοὺς
582 2569 779 2605 δημαγωγοὺς,
796 2572 854 2598 ὅσοι

910 2581 969 2602 cum
983 2574 1029 2601 illo
1043 2582 1073 2602 se.
1085 2578 1155 2602 totos
1173 2573 1326 2608 reipublicae
1341 2573 1439 2609 3536
1450 2574 1590 2604 dederant,
1603 2572 1699 2599 existi-

73 2609 125 2642 μετ’
150 2609 253 2636 ἐκείνου
269 2610 362 2642 δόντες
388 2613 501 2646 ἑαυτοὺς
523 2617 555 2650 τῇ
571 2616 711 2652 πολιτείᾳ,
729 2617 854 2653 Φιλίππῳ

910 2620 994 2647 mavit
1007 2627 1038 2647 se
1054 2619 1221 2647 ablatttrum.
1250 2619 1387 2647 Hactenus
1404 2618 1512 2653 quidem
1537 2617 1695 2652 Philippum

74 2654 117 2687 μὲν
128 2654 228 2682 ἀὸατον
243 2656 293 2683 τὴν
313 2657 452 2695 Ἀττικὴν,
467 2662 502 2696 τῇ
522 2661 598 2688 πόλει
612 2661 641 2688 δὲ
661 2664 789 2699 ἀκέραιον
805 2665 851 2700 μέγ

910 2666 997 2693 Attica
1010 2666 1209 2702 prohibuimus,
1225 2666 1340 2700 urbique
1356 2667 1389 2692 ad
1404 2665 1462 2692 haec
1474 2671 1561 2699 usque
1575 2669 1696 2698 tempora

724 2719 766 2747 VA
772 2721 841 2748 lllAZ
855 2720 1057 2750 LECTIONES.

75 2793 86 2818 ὲ
104 2759 125 2776 ⁸⁷
149 2761 196 2788 καὶ
215 2763 448 2798 προσηγάσθησαν
465 2763 523 2795 πῶς
537 2761 705 2800 οἴεισφόδρα
726 2766 771 2792 τὸν
800 2766 921 2801 Πρόκλον
950 2767 1051 2794 Suidas
1078 2775 1104 2794 v.
1133 2766 1376 2802 Hpoonydoﬁncav.
1414 2765 1437 2781 ⁸⁸
1452 2764 1620 2800 ἐκϐεϐηκότα
1645 2765 1665 2792 C
1685 2772 1694 2792 ε

89 2794 236 2824 μῦεὸηκότα
252 2807 282 2824 ς.
321 2798 345 2814 ⁸⁹
357 2798 463 2824 νυδαῖοε
473 2808 503 2824 c.
541 2800 564 2815 ⁹⁰
573 2800 718 2824 ὲπίκουοόν
736 2809 776 2824 σοι
792 2809 892 2824 aranea.
903 2810 932 2824 ρ.
971 2802 1035 2824 91τῆ
1045 2802 1106 2824 mhl,
1121 2802 1151 2824 At
1190 2801 1212 2817 "
1223 2799 1419 2824 avnwtalaﬂatl.
1435 2800 1489 2824 inm
1499 2799 1694 2824 ἀγωνίζεσθαι.

76 2798 236 2831 εμδεὸηκότα
252 2807 282 2831 ς.
321 2798 345 2814 ⁵⁸
357 2798 463 2833 χυδαῖος
473 2808 503 2831 ς.
541 2800 564 2815 ⁹⁰
573 2798 718 2835 ἐπίκουρόν
736 2809 776 2827 σοι
792 2798 832 2828 πα
851 2810 892 2828 εσ.
903 2810 932 2834 ς.
971 2802 992 2818 ⁹¹
1003 2811 1027 2836 τι
1045 2802 1107 2829 add.
1119 2798 1165 2830 A.'
1190 2798 1419 2836 ⁹¹ἆγωνιεϊσθαι].
1435 2800 1489 2828 imo
1499 2798 1696 2835 ἀγωνίζεσθαι.

76 2826 210 2873 ἐχξοθεν
234 2833 321 2873 Β.μ’ξ
334 2834 446 2873 ἀένναον
460 2843 490 2866 ς.
500 2869 510 2873 _
527 2834 550 2850 "
566 2836 703 2873 σοφιστοῦ.
743 2836 766 2853 ⁸⁸
775 2809 990 2873 ἀποϐησαυρίζει
1003 2803 1046 2864 ᾹἿΞ
1059 2841 1086 2865 et
1096 2844 1151 2873 mg.
1167 2837 1187 2864 C
1209 2845 1216 2864 :
1244 2835 1369 2872 σοφιστοῦ
1399 2835 1520 2871 μελετῶν
1535 2844 1565 2868 ς.
1603 2835 1625 2851 ’⁷
1641 2836 1692 2872 Δη-

79 2865 185 2903 μοσθένη
203 2876 234 2900 ς.
271 2869 296 2886 ’⁸
310 2865 541 2904 ἀφαιρεθήσεσθαι
558 2870 590 2897 Δ.
