1919 3096
202 172 270 205 13οἹ

767 172 893 202 ΡΗΟΤΙΙ
916 171 1167 202 PATRIARCHIE
1189 172 1246 203 ΟΡ.

1762 171 1845 206 1308'

202 230 358 257 libertatem
387 229 520 264 integram
546 227 780 256 conservavimns.
811 227 890 255 Nunc
914 228 987 256 enim

1047 236 1086 263 (ρι
1103 227 1150 255 νῦν
1172 229 1222 264 τὴν
1247 228 1404 264 ἐλευθερίαν
1424 229 1447 246 ⁹⁹
1472 229 1686 265 διετηρήσαμεν.
1708 230 1826 265 Δόξομεν

202 280 300 310 sponte
325 275 526 303 calamitatibus
542 274 629 309 premi
656 273 725 300 velle
751 273 915 307 videbimur,
943 281 993 301 nec

203 320 320 355 Philippi
338 320 480 354 imperium
493 319 658 350 detrectare,
678 318 723 353 qui
737 317 769 345 ad
793 318 924 345 barbaros
938 318 993 352 pri-

204 374 277 393 mum
295 373 451 397 conversus,
468 369 496 392 et
523 369 607 392 totam
631 364 685 391 illic
702 364 842 398 regionem
871 363 992 398 depopu-

203 412 274 444 lans,
292 411 389 438 deinde
406 411 440 438 ad
455 411 544 438 vicina
562 410 622 437 urbi
634 415 746 442 nostrae,
764 409 870 443 totique
881 409 993 436 Graecia:

188 456 260 483 'loca
279 457 458 490 undecunque
473 464 522 483 nos
534 455 667 483 infestans
682 456 834 490 descendit,
848 461 992 483 venatores

204 503 255 529 hac
267 503 292 529 in
309 509 338 529 re
353 502 611 535 callidositnitatus,
630 501 676 536 qui
698 509 731 530 eo
746 507 869 536 tempore
884 505 991 529 tantum

203 547 269 575 feris
297 553 421 582 parcunt,
446 555 500 582 quo
513 556 541 575 se
556 548 589 575 ad
612 549 764 575 venandum
804 548 891 583 magis
914 555 991 576 com-

204 597 311 627 parant.
329 593 400 620 Nihil
430 598 518 620 tamen
548 594 626 621 nobis
646 599 676 622 ut
700 594 779 622 victis
807 595 918 629 eripuit,
943 601 993 621 nec

205 639 410 673 Peloponnesus
441 638 572 674 perfossa,
590 646 677 674 tteque
700 640 777 667 rulna
799 640 992 674 Phocensium,

205 693 293 720 neque
309 685 412 712 Euboea
441 692 504 712 cum
538 684 677 711 Medorum
708 686 817 719 lropmis
849 686 994 721 tyrannide

204 738 344 765 oppressa,
359 738 409 758 nec
426 730 544 758 Arcadia
572 731 598 758 in
617 732 776 758 servitutem
802 731 924 764 redacta,
944 739 994 759 nec

206 776 270 803 Elea
294 775 413 808 fortuna,
430 783 481 803 nec
495 779 617 802 nostrum
635 776 778 810 imperium
791 776 881 810 coegit
896 776 994 803 imtnu~

207 826 276 848 tare.
294 821 364 854 Quin
378 827 405 848 et
421 825 550 848 tentatam
567 821 768 848 Chersonesum
789 822 991 856 cognoscimus,

204 871 232 894 et
259 867 462 902 Hellespontum
492 867 632 894 initnicum
660 866 829 894 habebimus.
847 867 991 900 Quaenam,

205 912 329 945 obsecro,
348 912 444 947 pestis,
468 916 515 939 aut
534 917 705 940 terraemotus
732 917 770 939 tot
794 912 918 939 civitates
944 919 993 939 ex-

205 956 329 988 inanivit,
344 961 379 984 tot
397 957 520 984 nationes
529 956 636 989 evertit,
652 964 684 984 ac
704 957 830 991 perdidit,
845 961 910 991 quot
934 957 992 990 ipse

205 1002 356 1037 Philippus,
381 1002 493 1037 ejusque
516 1002 663 1037 tempora?
687 1002 776 1029 Probe
807 1003 879 1030 enim
913 1002 995 1030 scivit

206 1047 274 1079 fore,
291 1048 313 1075 si
336 1049 398 1082 quis
415 1047 588 1075 Demostheni
599 1047 804 1079 auscultaverit,
818 1047 887 1074 nihil
898 1054 928 1074 se
943 1055 994 1074 un-

205 1103 286 1129 quam
306 1095 357 1122 hoc
382 1095 546 1130 impediente
562 1095 704 1130 consequi,
730 1102 780 1122 nec
804 1102 912 1128 eorum,
935 1102 996 1129 qua:

206 1142 298 1174 habet,
316 1142 465 1176 quidquam
480 1148 613 1175 occupare
628 1148 718 1176 posse.
739 1141 794 1168 Nec
811 1141 880 1168 dona
905 1141 993 1168 solum

208 1187 256 1214 dat
271 1188 303 1214 ad
329 1187 410 1214 urbes
427 1187 652 1221 corrumpendas,
680 1187 849 1222 proditorutn
874 1187 996 1214 consiliis

206 1233 350 1265 excitatus,
366 1241 453 1268 neque
480 1232 568 1260 solum
583 1233 693 1268 praemia
710 1241 760 1268 pro
782 1233 870 1268 patria
900 1238 993 1260 nostra

207 1280 342 1315 proponit,
360 1287 447 1314 nequc
455 1280 536 1306 modo
548 1279 575 1306 in
587 1279 712 1313 populum
726 1279 863 1314 improbos
875 1278 996 1312 inducit;

207 1327 254 1354 sed
273 1327 300 1354 in
316 1330 438 1354 oratores
450 1333 481 1352 ac
495 1326 620 1353 rhetores
636 1325 712 1352 dolos
739 1324 911 1352 machinatus
941 1328 995 1357 est,

209 1379 290 1404 quam
308 1379 363 1398 rem
388 1378 483 1398 omnes
506 1370 568 1398 festi
582 1370 651 1403 loco,
670 1377 703 1398 ac
728 1369 812 1397 veluti
845 1369 996 1405 panegyrin

208 1416 355 1448 duxerunt,
375 1420 430 1442 tum
442 1415 488 1442 ille
504 1422 557 1442 non
569 1415 671 1447 verbis,
687 1415 734 1442 sed
751 1422 826 1442 more
849 1422 899 1442 suo
914 1415 997 1441 tacite

209 1461 292 1496 coepit
309 1468 417 1489 nocere.
437 1460 593 1495 lmponebat
607 1461 707 1488 etenint
725 1461 791 1488 mari
811 1465 910 1488 terram
928 1459 997 1495 (51),

209 1515 345 1543 superque
361 1507 464 1535 medios
481 1511 586 1534 montes
604 1507 760 1542 navigabat,
781 1511 914 1542 terraeque
941 1507 999 1533 vice

1042 274 1097 309 γὰρ
1114 275 1223 306 ἑκόντες
1238 274 1288 310 ἢδη
1304 275 1352 301 καὶ
1365 274 1415 302 οὐκ
1436 275 1550 308 ἄκοντες
1568 276 1710 311 δυστυχεῖν
1732 285 1762 303 τε
1785 278 1832 303 καὶ

1044 319 1245 355 ὑποϐεϐλῆσθαι
1269 320 1407 355 Φιλίππῳ.
1430 321 1460 348 ’0
1475 321 1504 348 δὲ
1527 322 1573 348 ἐπὶ
1594 323 1657 353 τοὺς
1676 322 1833 357 βαρϐάρους

1043 365 1180 401 ἐτράπετο
1200 366 1344 401 πρότερον,
1364 367 1412 392 καὶ
1423 365 1472 402 τὴν
1495 367 1554 393 ἐκεῖ
1576 367 1700 399 κενώσας
1719 367 1833 402 ἦπειρεν

1043 411 1091 438 ἐπὶ
1113 411 1148 438 τὰ
1175 411 1270 446 καίρια
1289 411 1360 447 μέρη
1385 411 1480 438 λοιπὸν
1494 413 1544 447 τῆς
1569 413 1675 444 πόλεως
1702 413 1751 439 καὶ
1779 412 1832 439 τῶν

1049 456 1185 492 Ἐλλήνων
1202 455 1328 490 ἐφέρετο,
1346 456 1516 491 πανταχόθεν
1540 458 1615 492 ἡμᾶς
1635 457 1833 492 περιστοιχιζό-

1045 509 1126 536 μενος
1147 500 1219 528 κατὰ
1237 501 1302 532 τοὺς
1322 501 1426 534 δεινοὺς
1441 502 1494 529 τῶν
1510 502 1647 537 θηρατῶν.
1667 503 1692 529 οἳ
1707 504 1833 530 τοσοῦτον

1044 546 1181 581 φείδονται
1197 545 1254 574 τῶν
1270 546 1373 582 θηρίων
1387 548 1493 583 χρόνον,
1517 548 1580 574 ὅσον
1602 548 1643 575 ἔτι
1657 550 1833 583 παρασκευὰ-

1044 591 1145 624 ζονται.
1167 592 1293 628 Ἐκίνησε
1316 593 1344 619 δὲ
1362 594 1437 628 ἡμᾶς
1463 594 1537 620 οὐδὲν
1555 594 1616 620 οὐδὲ
1641 595 1832 622 ἀντιλαϐέσθαι

1043 638 1099 666 τῶν
1115 639 1286 674 πραγμάτων
1300 639 1468 674 ἠνάγκασεν,
1481 639 1511 666 οὐ
1525 640 1720 676 διορυττομένη
1731 642 1740 656 ί
1753 641 1833 667 Πελο-

1045 683 1189 718 πόννησος,
1215 684 1246 710 οὐ
1260 684 1292 710 τδ
1314 683 1414 719 πτῶμα
1444 684 1475 710 τὸ
1502 684 1636 718 Φωκικὸν,
1663 685 1714 711 οὐκ
1732 685 1832 712 Εὔϐοια

1046 730 1117 764 μετὰ
1131 729 1185 756 τῶν
1198 731 1336 764 τροπαίων
1351 729 1404 755 τῶν
1417 728 1548 764 Μηδικῶν
1558 730 1774 765 τυραννουμένη.
1787 731 1835 757 οὐκ

1051 775 1182 811 Ἀρκαδία
1205 775 1380 808 δουλεύουσα,
1403 775 1434 802 οὐ
1458 775 1492 802 τὰ
1513 775 1629 802 Ἦλεῖα¹
1652 776 1833 811 ἀτυχήματα·

1045 821 1115 848 ἀλλὰ
1139 821 1187 847 καὶ
1201 821 1375 857 Χερρόνησον
1394 820 1596 857 πειραζομένην
1619 821 1774 857 ἐπείδομεν,
1789 823 1835 849 καὶ

1045 867 1292 902 τδνἙλλήσποντον
1301 867 1440 902 ἅλλοτριού
1445 875 1526 902 μενον
1541 868 1656 902 ὁρῶντες
1671 868 1833 903 ἐμέλλομεν.

1045 914 1093 945 Τίς
1110 913 1163 949 γὰρ
1178 913 1300 948 λοιμδςῆ
1322 913 1434 947 σεισμὸς
1449 913 1583 945 τοσαύτας
1596 913 1687 945 πόλεις
1701 913 1836 940 ἐκένωσεν

1045 959 1062 995 ἢ
1080 959 1200 986 τοσαῦτα
1219 959 1284 994 γένη
1300 958 1451 994 ἀνθρώπων
1467 959 1583 994 ἠφάνισε
1609 960 1657 986 καὶ
1674 959 1836 991 κατέδυσεν,

1045 1006 1096 1032 ὅσα
1113 1005 1246 1037 Φίλιππος
1258 1005 1307 1032 καὶ
1316 1006 1330 1031 ό
1341 1005 1475 1031 Φιλίππου
1492 1006 1603 1041 χρόνος;
1619 1003 1680 1033 Οίδε
1692 1006 1746 1040 γὰρ
1758 1006 1839 1040 ἀκρι-

1048 1050 1113 1083 ϐῶς,
1132 1048 1170 1077 ὧν
1189 1059 1219 1076 τε
1238 1050 1351 1086 μηδέπω
1366 1050 1432 1087 [575
1446 1050 1493 1087 IL]
1515 1051 1657 1087 τυγχάνει,
1677 1043 1838 1078 διάτοῦτον

1046 1096 1296 1132 ἀποστερούμενος,
1315 1097 1363 1123 καὶ
1387 1094 1424 1124 ὥν
1441 1096 1497 1132 ἔχει
1521 1097 1605 1132 μηδὲν
1622 1097 1654 1124 ἂν
1667 1097 1760 1124 λαϐὼν
1772 1097 1795 1130 ⁸,
1814 1097 1840 1124 εἰ

1047 1141 1260 1176 συμϐουλεύοντι
1275 1141 1441 1176 Δημοσθένει
1466 1151 1507 1174 τις
1523 1142 1658 1170 ἐπείθετο.
1677 1142 1745 1169 υὺδὲ
1766 1142 1839 1168 κατὰ

1047 1187 1101 1213 τῶν
1127 1187 1231 1214 πόλεων
1253 1187 1353 1222 μόνονδ
1373 1187 1519 1222 δωροδοκεῖ
1544 1189 1603 1218 ταῖς
1630 1187 1685 1215 τῶν
1701 1187 1841 1223 προδοτῶν

1047 1232 1202 1268 ἐπηρμένος
1221 1233 1345 1268 γνώμαις
1360 1234 1374 1260 δ
1387 1233 1531 1267 Φίλιππος,
1548 1234 1609 1261 οὐδὲ
1629 1232 1698 1261 ἆθλα
1718 1234 1773 1260 τῶν
1788 1243 1840 1260 πα-

1046 1278 1145 1313 τρίδων
1161 1278 1334 1313 προτίθησιν,
1359 1278 1419 1305 οὐδὲ
1439 1279 1509 1306 κατὰ
1533 1279 1587 1305 τῶν
1611 1278 1706 1314 δήμων
1733 1278 1843 1310 ὁπλίζει

1047 1325 1110 1356 τοὺς
1120 1324 1287 1360 ἀλάστορας·
1301 1325 1358 1351 ἀλλ’
1370 1325 1417 1352 ἐπὶ
1434 1325 1496 1357 τοὺς
1511 1326 1641 1361 ῥήτορας,
1653 1325 1699 1352 ἐπὶ
1713 1325 1777 1357 τοὺς
1792 1325 1844 1358 δη-

1050 1370 1196 1406 μαγωγοὺς
1214 1370 1375 1406 μετενήνοχε
1391 1370 1420 1397 τὸ
1436 1371 1596 1406 μηχάνημα.
1616 1371 1697 1398 Ἀλλὰ
1711 1371 1760 1398 καὶ
1779 1371 1845 1397 τού-

1048 1416 1155 1444 ναντίον
1163 1416 1260 1452 ἑορτὴν
1271 1414 1394 1442 εἶναικαὶ
1404 1418 1557 1452 πανήγυριν
1567 1417 1675 1451 ἐκείνην
1683 1417 1733 1452 τὴν
1742 1417 1846 1452 πρᾶξιν

1049 1461 1168 1493 ἅπαντες
1180 1461 1388 1496 ἐνομοθέτησαν.
1403 1455 1469 1488 Τότε
1486 1462 1590 1493 ἐκεῖνος
1609 1463 1779 1497 παρανομεῖν
1792 1463 1847 1489 οὐκ

1049 1507 1104 1535 ἀπὸ
1116 1507 1258 1543 ῥημάτων,
1270 1507 1328 1534 ἀλλ’
1341 1507 1394 1534 ἀπὸ
1408 1507 1457 1542 τῆς
1469 1507 1575 1542 φύσεως
1587 1508 1694 1544 ἤρχετο.
1704 1508 1848 1535 Ἐπετίθει

209 1555 290 1587 mari,
315 1555 452 1589 marisque
482 1554 543 1582 loco
567 1560 639 1582 terra
657 1555 793 1587 utebatur,
807 1560 834 1583 et
875 1555 940 1582 urbs
968 1555 995 1581 in

1050 1554 1105 1590 γὰρ
1121 1554 1242 1590 θαλάττῃ
1254 1554 1302 1590 μὲν
1317 1554 1442 1589 ἤπειρον,
1454 1553 1564 1589 δι’ὸρῶν
1573 1553 1600 1580 δὲ
1615 1554 1705 1589 μέσων
1716 1554 1847 1580 ἐναυτίλ-

210 1600 336 1627 triremes
349 1607 398 1634 pro
415 1599 504 1626 Attica
524 1600 690 1636 detnigrans,
709 1599 800 1627 omnia
829 1606 999 1635 quaecunque

210 1644 237 1672 in
255 1644 361 1678 palatiis
372 1644 471 1676 solent,
482 1651 564 1679 super
577 1652 673 1679 aquam
690 1645 823 1672 exhibuit.
841 1644 898 1671 Non
907 1645 999 1671 Mace-

209 1691 293 1718 dones
310 1690 629 1723 iinibusinsistuntsuis,
649 1691 725 1724 prius
750 1690 856 1718 scilicet
880 1690 999 1718 clemen-

210 1740 252 1763 ter
264 1736 367 1763 exactis
384 1736 493 1763 tributis
510 1744 525 1762 a
543 1737 622 1764 nobis
634 1737 802 1769 conservati,
829 1737 875 1764 sed
901 1742 998 1765 exacta

211 1782 323 1810 civitate
348 1786 439 1809 nostra
465 1789 498 1809 ex
525 1782 650 1816 imperio,
682 1783 852 1817 irrepserunt
880 1783 906 1810 in
935 1791 997 1811 eum

211 1828 311 1860 locum,
341 1835 420 1863 quem
448 1828 526 1856 nobis
557 1828 674 1863 majores
705 1829 794 1856 nostri
820 1828 998 1865 reliquerunt.

211 1874 340 1906 Quamam
365 1872 519 1908 Philippum
543 1873 586 1901 lex
610 1874 643 1900 ad
657 1881 732 1902 mare
760 1874 848 1908 duxit,
867 1880 894 1902 et
931 1875 998 1903 illud

210 1919 374 1948 elementum
391 1920 549 1955 contingere
562 1919 661 1954 coegit,
670 1919 713 1946 cui
726 1927 780 1947 non
795 1920 909 1948 multum
920 1921 1000 1949 dissi-

211 1966 284 1994 milis
292 1966 353 1993 est?
363 1965 475 1999 Quando
483 1966 592 2000 quidem
601 1965 672 1993 enim
685 1965 741 1997 lex,
751 1969 778 1992 et
788 1973 878 1992 rerum
890 1966 999 1994 occasio

213 2015 284 2040 idem
301 2014 450 2047 postulant,
467 2012 585 2039 utilitate
612 2012 741 2039 incitatus
762 2013 871 2046 utrique
896 2019 998 2039 morem

211 2065 314 2093 geram,
333 2058 442 2092 quando
457 2056 530 2084 aliud
548 2064 612 2084 usus
639 2064 686 2084 seu
700 2056 818 2088 occasio,
834 2057 906 2084 aliud
928 2057 1000 2092 leges

212 2103 336 2131 suadent.
361 2102 460 2138 354α
475 2102 609 2130 Omitteus
626 2101 692 2137 legis
719 2101 801 2128 verba
816 2121 824 2134 ,
852 2101 999 2129 utilitatem

1052 1601 1122 1634 λετο,
1131 1600 1251 1636 θαλάττῃ
1261 1601 1309 1635 μὲν
1315 1601 1365 1627 ὃσα
1371 1601 1418 1636 γῇ,
1425 1601 1460 1636 γῇ
1469 1599 1497 1626 δὲ
1504 1600 1552 1626 ὅσα
1563 1599 1680 1635 θαλάττῃ
1688 1599 1820 1635 χρώμενο
1827 1609 1847 1631 7.

1051 1648 1106 1675 Καὶ
1131 1648 1182 1679 τὰς
1199 1647 1322 1682 τριήρεις
1336 1646 1397 1673 ἀντὶ
1407 1646 1457 1682 τῆς
1477 1645 1602 1680 Ἀττικῆς
1621 1646 1845 1680 μετοικήσασα¹,

1053 1693 1134 1730 [1077
1151 1692 1197 1729 R.]
1223 1693 1270 1720 uel.
1293 1692 1382 1719 πάντα
1400 1692 1451 1719 ὅσα
1470 1692 1499 1718 ὲν
1525 1691 1697 1727 ἀνακτόροις,
1721 1692 1768 1717 ἐπὶ
1795 1693 1848 1727 τῆς

1053 1740 1188 1775 θαλάττης
1201 1740 1218 1774 ἡ
1234 1738 1312 1770 πόλις
1327 1738 1470 1773 ἔπραττεν.
1487 1737 1525 1763 Οὐ
1541 1737 1551 1752 ⁶
1569 1737 1724 1768 Μακεδόνες
1745 1738 1849 1764 ἐπιπο-

1051 1785 1162 1818 λάζουσι
1173 1785 1229 1816 τοῖς
1244 1785 1415 1820 πράγμασιν,
1430 1784 1454 1810 οι
1469 1783 1586 1818 πρόσθεν
1604 1784 1755 1819 ἀγαπητῶς
1775 1785 1849 1819 μετὰ

1052 1831 1106 1858 τῶν
1121 1830 1212 1865 φόρων
1232 1829 1400 1864 σωζόμενοις
1416 1828 1614 1865 Παρωσάμενοι
1628 1828 1656 1855 δὲ
1669 1829 1718 1863 τῆς
1733 1830 1825 1865 ἀρχῆς
1837 1830 1847 1844 τ

1052 1876 1102 1912 τὴν
1122 1875 1260 1911 ἡμετέραν
1279 1875 1355 1902 πόλιν
1373 1874 1450 1901 αὐτοὶ
1471 1874 1628 1910 παρέδυσαν
1643 1875 1683 1906 εἰς
1697 1875 1748 1909 τὴν
1766 1875 1850 1907 τάξιν

1053 1922 1172 1957 ἐκείνην,
1193 1922 1235 1956 ἐφ’
1251 1918 1284 1957 ἧς
1298 1920 1309 1937 ⁸
1329 1921 1404 1956 ἡμᾶς
1423 1920 1448 1947 οί
1463 1920 1592 1956 πρόγονοι
1615 1920 1776 1947 κατέλιπον.
1798 1922 1849 1953 Τίς

1054 1968 1134 2004 νόμος
1147 1969 1156 1984 θ
1171 1967 1328 2003 κατήγαγεν
1346 1966 1392 1993 ἐπὶ
1408 1965 1543 1993 θάλατταν
1559 1966 1691 1993 Φίλιππον
1708 1967 1755 1993 καὶ
1772 1975 1849 1994 στοι-

1053 2014 1127 2049 χείου
1155 2013 1238 2048 μηδὲν
1255 2012 1331 2047 αὑτῷ
1355 2011 1531 2048 διαφέροντος
1558 2012 1752 2048 προσάψασθαι
1779 2022 1849 2039 κατ-

1053 2058 1228 2094 ηνάγκασεν;
1253 2057 1338 2085 Ὅταν
1373 2057 1423 2092 μὲν
1452 2057 1507 2092 γὰρ
1533 2056 1567 2083 τὰ
1593 2056 1663 2084 αὐτὰ
1694 2056 1849 2084 κελεύωσιν

1053 2104 1068 2131 ὅ
1086 2113 1115 2130 τε
1135 2104 1216 2138 νόμος
1230 2103 1276 2129 καὶ
1298 2102 1313 2128 ό
1334 2101 1388 2128 τῶν
1415 2101 1586 2137 πραγμάτων
1611 2101 1728 2136 καιρὸς,
1754 2102 1846 2137 ἀμφοο

211 2156 320 2183 sequor.
342 2148 375 2175 Et
387 2148 448 2183 quis
462 2153 583 2175 vestrum
599 2148 714 2182 ignorat,
733 2147 870 2182 quomodo
882 2148 919 2175 illi
932 2148 995 2175 olim

1054 2148 1143 2184 τέροις
1157 2148 1201 2174 διὰ
1228 2148 1258 2174 τὺ
1278 2146 1418 2182 συμφέρον
1437 2146 1566 2181 πείθομαι
1582 2155 1589 2162 ·
1603 2146 1668 2172 ὅταν
1679 2147 1708 2173 δὲ
1725 2147 1748 2162 ¹⁰
1764 2147 1849 2182 ἕτερα

213 2195 314 2222 uostris
328 2194 528 2228 legislatoribus
544 2194 635 2221 valere
649 2193 743 2229 jussis,
763 2198 789 2220 et
809 2193 917 2226 Solone,
934 2194 995 2220 Dra-

1055 2195 1105 2230 μὲν
1134 2195 1150 2228 ἡ
1177 2193 1265 2230 χρεία,
1291 2193 1374 2227 ἕτερα
1392 2193 1421 2219 δὲ
1446 2193 1470 2220 oi
1487 2192 1564 2228 νόμοι
1579 2192 1704 2228 φράζωσι
1720 2193 1754 2225 ιι,
1776 2202 1850 2228 παρ-

211 2247 290 2273 conc,
303 2240 418 2274 aliisque
435 2239 560 2266 omnibus
576 2239 724 2274 neglectis,
741 2238 917 2266 Macedonum
934 2239 995 2266 Phi-

1055 2242 1095 2274 εὶς
1120 2241 1229 2268 ἀκούειν
1249 2240 1303 2266 τῶν
1328 2238 1468 2266 συλλαϐῶν
1501 2239 1640 2266 ἀκολουθῶ
1668 2239 1708 2274 τῷ
1737 2240 1848 2275 συμφέ-

212 2286 331 2320 iippique
354 2286 512 2318 amicitiam,
535 2285 600 2320 legis
627 2285 697 2317 loco,
725 2289 753 2312 et
774 2285 879 2319 patriae.
904 2284 995 2320 reique

1051 2295 1136 2324 ροντι.
1151 2286 1207 2312 Καὶ
1220 2285 1262 2316 τίς
1286 2285 1337 2311 οὐκ
1356 2283 1425 2311 οἶδεν
1443 2284 1480 2316 ὡς
1494 2285 1592 2311 ἐκεῖνοι
1613 2284 1697 2311 πάλαι
1708 2285 1766 2316 τοῖς
1780 2285 1848 2319 παρ1

213 2332 339 2366 pretiosa:
353 2331 502 2358 duxerint?
518 2331 629 2358 Infamia
649 2334 771 2358 notatum
789 2339 804 2357 a
817 2331 871 2358 Deo
889 2329 950 2366 [pro
969 2331 995 2357 in

1051 2331 1162 2368 ὴμῶν¹¹
1177 2330 1337 2366 νομοθέταις
1357 2329 1495 2366 ἐρρῶσθαι
1507 2330 1672 2365 φράσαντες,
1692 2330 1740 2356 καὶ
1759 2329 1849 2358 πολλὰ

212 2377 336 2404 columna
366 2377 590 2413 triumphantem]
618 2379 652 2404 ob
676 2385 708 2405 ea
735 2384 795 2412 quae
818 2385 900 2404 ausus
935 2377 995 2404 fuit.

1055 2377 1163 2414 χαίρειν
1175 2376 1197 2392 ¹³
1218 2376 1316 2403 Σόλωνι
1341 2376 1387 2402 καὶ
1406 2375 1538 2411 Δράκοντι
1556 2375 1605 2402 καὶ
1620 2376 1677 2406 τοῖς
1700 2375 1793 2406 ἄλλοις
1809 2376 1849 2402 si-

212 2423 374 2458 Suspcctum
389 2424 475 2452 habeo
498 2424 667 2452 [ESCllillellL
684 2423 786 2451 Turbat
801 2424 873 2451 enim
896 2431 940 2450 me
953 2431 995 2450 co-

1058 2424 1156 2455 πάντες
1183 2422 1282 2455 ἅπασι,
1297 2422 1328 2449 τὸ
1353 2421 1537 2449 Μακεδονικὸν
1563 2421 1676 2457 χρυσίον
1692 2421 1715 2437 ’⁸
1734 2422 1784 2448 καὶ
1798 2423 1849 2456 τὴν

215 2470 314 2498 ιηωιίἰιι
328 2469 485 2503 leceusis,
503 2478 582 2504 quant
600 2471 678 2497 nobis
693 2476 746 2497 non
764 2469 790 2496 in
805 2477 886 2497 scena
903 2469 995 2496 adum-

1057 2469 1192 2496 Φιλίππου
1208 2469 1299 2504 φιλίαν
1314 2469 1412 2503 νόμους
1424 2468 1471 2494 καὶ
1484 2467 1602 2502 πατρίδα
1614 2468 1660 2494 καὶ
1671 2467 1814 2495 πολιτείαν
1828 2469 1849 2484 ¹⁶

213 2517 309 2551 hrate,
330 2516 378 2544 scd
407 2518 494 2551 reipsa
525 2517 649 2552 egregius
682 2516 727 2544 ille
757 2516 875 2549 histrio,
909 2516 995 2543 tertia:

1058 2518 1105 2544 καὶ
1121 2517 1210 2543 πάντα
1223 2516 1258 2542 τὰ
1275 2514 1429 2550 τιμιώτατα
1453 2514 1594 2548 νομίζουσι
1605 2521 1612 2546 ;
1624 2514 1759 2550 Στηλίτην
1773 2513 1850 2548 παρὰ

213 2567 305 2599 partes
318 2565 431 2591 sortitus
455 2563 588 2591 exhibuit.
608 2563 799 2592 Verumtamen
813 2570 875 2591 cum
893 2563 951 2590 haec
965 2563 995 2589 ita

1056 2562 1095 2598 τῷ
1109 2561 1169 2598 Θεῷ
1180 2561 1321 2597 γινόμενον
1334 2560 1395 2588 ἀντὶ
1408 2559 1454 2586 τοῦ
1467 2561 1497 2586 ὲν
1513 2559 1600 2595 στήλῃ
1613 2559 1850 2595 θριαμϐευόμενον

871 2631 988 2659 VARle
1007 2626 1211 2659 LECTIONES.

250 2690 273 2737 ’ξ
285 2690 335 2726 τὴν
347 2689 505 2737 ξλευθερίαν
516 2694 578 2737 anile
586 2690 716 2737 ἀκέρῇιον
731 2690 848 2737 ponit‘g.
887 2690 1106 2737 ‘P8Itopueuopévq
1122 2689 1153 2717 Β.
1191 2689 1202 2705 ¹
1213 2688 1294 2737 “his?
1305 2686 1326 2737 εξ
1333 2686 1415 2737 tisi)?
1655 2684 1844 2737 άναλὲιῗὲνρἡ

213 2725 222 2741 ⁸
239 2717 326 2760 μόνων
342 2726 374 2752 Δ.
418 2726 429 2742 ⁸
446 2717 630 2761 μετοικήσασα
639 2717 848 2752 Wernsdorlius
867 2733 874 2752 ι
897 2717 960 2752 libri
981 2717 1168 2760 μετοικίσασα.
1213 2717 1279 2758 ⁸ὀύ]
1296 2722 1321 2748 οἱ
1333 2722 1364 2749 Β.
1403 2717 1527 2783 insae]
1552 2717 1682 2760 τύχηςᾏὶ.
1721 2719 1732 2734 ⁸
1751 2717 1786 2753 ἧς
1801 2719 1823 2745 Δ
1843 2728 1850 2746 :

213 2760 247 2795 ἧι
264 2769 295 2792 ς.
333 2761 344 2776 ⁹
361 2761 488 2795 νόμοςΑε
502 2761 595 2795 νόμων
606 2768 637 2792 ς.
655 2795 658 2796 ν
677 2761 698 2776 ¹⁰
715 2760 744 2796 δὲ
761 2767 824 2788 ante
837 2760 918 2796 ἕτερα
934 2761 997 2788 add.
1015 2761 1047 2786 Δ.
1087 2761 1107 2775 ¹¹
1124 2759 1258 2794 φράζουσι
1268 2765 1298 2789 ς.
1338 2759 1359 2774 ⁸⁸
1375 2757 1440 2792 ὴμιν
1479 2776 1486 2783 .
1526 2755 1547 2772 ³³
1561 2756 1645 2781 πολλὰ
1660 2754 1710 2790 μὲν
1725 2754 1803 2790 χαίρ.
1818 2762 1850 2787 ς.

217 2780 246 2795 ’θ’
264 2780 295 2792 ’θ’
365 2780 441 2795 "'r'"
451 2780 488 2787 “'
507 2780 594 2795 "F‘"
607 2780 637 2792 δ’
715 2780 743 2787 ""
761 2780 824 2788 "'""'
837 2780 918 2796 ""l"'
934 2780 997 2788 "‘“”
1015 2780 1047 2786 "'
1125 2780 1258 2794 Yl'"""
1272 2780 1298 2789 θ’
1378 2780 1436 2792 'tr‘"
1455 2780 1486 2783 —'
1575 2780 1593 2781 "
1660 2780 1667 2790 |

217 2795 239 2811 "
251 2795 359 2830 χρυσίον
369 2796 474 2823 add.A.
514 2796 535 2812 ³⁸
553 2796 600 2822 καὶ
618 2795 755 2823 πολιτείαν
771 2796 832 2823 add.
845 2795 878 2823 Α.

977 2840 1082 2870 NOTAE

254 2889 310 2924 (51)
327 2888 400 2918 Fort.
413 2890 446 2918 de
460 2889 557 2918 Xerse.
