1919 3096
79 169 146 203 1309

603 179 864 210 BIBLIOTHECA.
885 193 920 198 -
937 181 1018 210 COD.
1038 181 1190 211 CCXLlIl.

1639 179 1707 216 l3l0

76 222 113 252 ὧν
127 226 285 261 ἐτόλμησεν.
306 228 467 265 ’Υφορῶμαι
486 231 634 267 Αἰσχίνην·
654 233 784 268 ταράττει
806 234 860 268 γάρ

919 242 942 261 ie
972 235 1080 268 habent,
1110 235 1244 262 hominem
1277 236 1331 264 risu
1353 237 1501 272 excipiunt,
1529 242 1557 266 et
1583 237 1708 266 Pisistra-

77 280 109 305 με
120 272 151 298 τὸ
166 272 258 307 δρᾶμα
267 274 303 301 τὸ
315 275 448 309 Φωκικὸν,
460 277 528 313 ὅπερ
543 279 593 305 οὐκ
607 279 655 306 ἐπὶ
668 279 772 314 σκηνῆς
785 281 860 314 ἡμῖν,

76 317 132 344 ἀλλ’
159 320 204 345 ἐπὶ
217 320 268 354 τῆς
289 321 420 356 ἀληθείας
437 323 523 358 αὐτῆς
539 325 553 351 ὁ
572 324 729 360 θαυμαστὸς
747 325 769 341 ¹⁶
785 322 864 357 οὗτος

75 365 293 401 τριταγωνιστὴς
313 366 484 399 ἐπεδείξατο.
507 369 577 396 Ἀλλ’
601 370 677 404 ὅμως
694 371 741 397 καὶ
761 371 865 398 τούτων

76 409 160 442 οὕτως
174 411 302 446 ἐχόντων,
320 414 513 449 εἰρωνεύονται
525 415 571 442 τὸν
587 416 743 451 ἄνθρωπον,
757 417 804 444 καὶ
818 417 864 444 τὸν

77 455 271 491 Πεισίστρατον
292 458 423 491 πολλάκις
449 461 651 497 παραφέρουσι,
673 462 721 488 καὶ
742 463 793 489 οὐκ
820 463 864 490 αι-

76 500 220 536 σχύνονται
242 503 289 530 νῦν
310 505 360 539 μὲν
383 506 424 537 εἰς
444 506 546 533 δειλίαν
564 507 611 534 καὶ
630 507 769 542 μαλακίαν
787 507 859 535 σκώ-

918 284 972 306 tum
1000 287 1185 315 smpenumero
1207 282 1354 315 appellant,
1381 291 1468 318 neque
1481 283 1658 317 erubescunt,
1677 289 1706 311 ut

917 327 1042 360 ignavum
1059 331 1086 354 et
1103 327 1210 354 mollem
1222 329 1419 356 scommatibus
1428 335 1530 364 petere,
1546 337 1617 357 nunc
1625 330 1706 357 etiam

918 376 1070 399 metuentes
1082 380 1116 399 ne
1129 373 1236 400 tandem
1259 374 1341 401 etiarn
1360 375 1452 402 urbem
1465 376 1608 410 tyrannide
1618 376 1710 410 oppri—

919 422 984 449 mat,
1001 425 1059 451 qum
1077 418 1195 445 maxime
1207 426 1222 446 a
1238 426 1268 446 se
1280 424 1372 447 mutuo
1382 419 1520 448 diﬂ‘eruut.
1535 421 1584 454 Qui
1598 422 1709 456 integris

917 462 1049 490 claSsibus
1063 464 1096 490 ad
1114 471 1188 498 reges
1211 473 1227 493 e
1249 465 1336 492 Piraeo
1363 466 1466 494 delatus
1488 471 1539 494 est.
1568 467 1630 494 [hec
1648 475 1710 494 cor-

917 514 1045 542 rumpunt.
1060 510 1265 544 rempublicam,
1279 511 1402 546 Philippo
1412 519 1475 540 vero
1487 514 1558 539 viam
1571 517 1705 541 sternunt.

76 556 198 580 πτοντες.
214 549 262 576 νῦν
281 550 309 577 δὲ
326 551 364 587 μὴ
384 553 541 589 τυραννήσῃ
571 554 620 588 τῆς
639 553 744 586 πόλεως
763 554 878 586 δεδιότες
893 562 900 569 ·
916 555 934 582 ἃ
953 555 1078 582 πλεῖστον
1107 556 1230 592 ἀλλήλων
1254 558 1430 593 κεχώρισται.
1462 559 1492 585 '0
1509 559 1611 591 στόλοις
1635 560 1708 592 ὅλοις

127 596 176 623 τοῦ
201 598 337 634 Πειραιῶς
374 602 420 628 ἐπὶ
445 602 508 634 τοὺς
530 604 680 639 τυράννους
702 605 881 640 ἀναγόμενος.
901 605 1044 642 Φθείρουσι
1060 607 1110 643 μὲν
1123 608 1157 634 τά
1173 608 1237 644 περὶ
1258 608 1344 639 αὐτὴν
1359 607 1410 643 τὴν
1428 608 1504 634 πόλιν
1518 627 1526 640 ,
1539 607 1664 643 Φιλίππῳ
1679 608 1708 635 δὲ

76 643 229 672 ὀδοποιοῦσι
244 647 278 673 τὰ
293 647 455 683 πράγματα.

83 710 129 738 Ἐκ
146 712 205 745 τῆς
217 713 348 747 μελέτης
363 712 383 777 ﬁ
397 716 418 732 “
441 717 636 751 Δημοσθένην
656 719 770 754 εἰσάγει
789 728 868 755 συμ-

109 747 296 775 ϐουλεύοντα
308 758 363 776 κατ
385 752 480 777 retr“
499 753 655 777 Αὶσγίνιην.
674 755 775 777 ωιήηιηρ
790 756 868 777 Aul.

385 759 449 784 γειν
459 753 480 768 ¹⁸
494 753 656 788 Αἰσχίνην.
673 753 775 788 φήμης
786 753 868 788 ,όυὲι-

109 747 296 775 ϐουλεύοντα
308 758 363 776 κατ

109 789 170 815 σης
183 782 229 809 ὅτι
245 782 440 819 Ἀλέξανδρος
455 787 525 820 τοὺς
545 782 682 823 ῲῦτάδὰξ
698 782 830 822 diuidi-fet.

113 838 210 871 Ὀντος
223 840 278 875 γὰρ
298 841 430 877 ἐκατέρου
447 843 545 878 δεινοῦ,
562 845 670 872 καὶτοῦ
689 846 763 873 λύειν
776 847 866 882 ψῆφον

921 718 962 745 Ea:
977 719 1135 754 orationein
1158 727 1209 754 qua
1235 718 1432 746 Demosthenem
1455 719 1556 746 inducit
1584 721 1616 746 de
1636 729 1708 748 revo-

954 759 1039 789 cando
1065 753 1193 780 ίΕεεΙιὺιε
1214 754 1430 789 consultantem,
1469 755 1574 789 vulgato
1601 763 1707 783 rumore

953 788 1132 816 Alexandrum
1143 788 1246 816 exsules
1264 794 1457 816 revocaturum.

952 845 1019 873 Cum
1035 850 1179 881 utrumque
1194 845 1324 873 acerbum
1342 846 1388 879 sit,
1416 851 1442 874 et
1462 846 1582 874 edictum
1607 852 1704 882 sponte

79 882 191 916 ἑκόντας
213 885 322 912 καὶτοῦ
342 887 429 914 ταῦτα
446 888 591 924 ὑπομεῖναι
610 890 686 926 παρὰ
701 891 814 927 γνώμην
837 892 863 926 ἐξ

920 891 1037 923 solvere.
1058 896 1085 919 οι
1099 891 1156 919 haec
1178 891 1313 919 sustinere
1337 897 1436 926 praeter
1469 891 1634 919 voluntatem
1663 900 1698 920 ex

75 929 365 968 ὲπιτάγματος,ἦττον
380 933 491 966 ἑκόντας
506 935 591 962 κακὸν
605 935 652 962 τοῦ
665 935 738 963 λύειν
747 937 864 969 ἄκοντας

77 975 225 1011 ὑπείληφα.
244 977 282 1003 Τὸ
300 978 349 1012 μὲν
377 978 433 1014 γὰρ
449 980 587 1015 ἐνδέχεταί
608 990 675 1008 ποτε
703 982 750 1008 καὶ
770 982 865 1016 φιλαν-

76 1021 201 1056 θρωπίας
228 1023 308 1056 δόξαν
324 1024 387 1059 [576
410 1024 456 1061 H.]
474 1026 583 1053 λαϐεῖν’
600 1027 625 1054 el.
650 1027 678 1054 δὲ
698 1028 802 1064 ἑτέροις
815 1029 866 1055 ὑπ-

76 1066 221 1099 ακούοντες
235 1069 284 1103 τὴν
299 1070 348 1104 μὲν
363 1070 495 1105 αἰσχύνην
511 1072 615 1099 ἑαυτῶν
630 1073 749 1107 ποιοῦσι,
767 1075 821 1101 τῶν
835 1075 864 1102 δὲ

77 1113 285 1147 προσταξάντων
299 1114 349 1149 τὴν
361 1114 498 1143 εὔκλειαν.

107 1171 313 1204 Κοινολογεῖται
329 1173 378 1200 καὶ
391 1174 460 1208 μετὰ
472 1175 547 1210 βῆμα
562 1175 717 1210 βασιλεῦσιν
724 1178 864 1214 Αἰσχίνης,

77 1215 121 1242 καὶ
139 1216 212 1251 μετὰ
232 1217 418 1252 Κτησιφῶντα
433 1219 480 1245 καὶ
494 1219 543 1254 τὴν
558 1220 649 1255 φυγὴν
663 1222 811 1257 τυράννους
824 1223 865 1250 ἔτι

78 1261 300 1296 περιεργάζεται.
321 1264 482 1300 Ἀνθρωπος
496 1265 545 1300 τὴν
560 1265 655 1292 οὐσίαν
665 1267 685 1283 ⁸³
702 1267 766 1302 ὅλην
781 1268 866 1304 ὑπερ-

77 1307 202 1342 πηδήσας
224 1308 281 1339 τοῖς
296 1308 399 1342 ὅπλοις,
430 1311 477 1336 καὶ
498 1312 530 1345 τῇ
558 1310 638 1345 φύσει
659 1312 681 1327 ¹⁰
706 1312 866 1347 φιλονεικῶν

77 1353 166 1380 λοιπὸν
187 1354 227 1380 ὅτι
251 1354 397 1390 πολεμίους
423 1356 460 1390 μὴ
476 1356 649 1392 κέκτηται¹¹.
667 1358 707 1384 Δι’
723 1357 770 1390 οὒς
793 1359 866 1395 ἦρθη

77 1399 204 1432 τοσοῦτος
221 1401 243 1416 ’³
263 1401 405 1432 Φίλιππος,
419 1402 454 1429 δι’
469 1401 516 1434 οὒς
536 1403 618 1429 ἔπεσε
641 1403 675 1430 τὰ
693 1404 748 1431 τῶν
770 1404 866 1441 Ἑλλή-

79 1453 128 1471 νων
142 1446 308 1481 φρονήματα
319 1455 326 1461 ·
352 1447 418 1482 παρ’
432 1444 470 1474 ὧν
492 1448 644 1483 σύμμαχοι,
659 1449 748 1483 τύποι,
763 1451 864 1486 καιροὶ,

79 1492 149 1517 πᾶσα
161 1491 218 1518 τῶν
232 1492 358 1527 μεγάλων
368 1493 613 1530 κατορθωμάτωνή
626 1496 773 1532 πρόφασις.
786 1497 866 1524 Ἀλλά

78 1537 106 1564 τὸ
120 1539 169 1573 μὲν
186 1539 285 1575 Θηϐῶν
300 1540 386 1573 πάθος
405 1541 575 1576 ὑπερεφώνει
592 1543 615 1558 ’³
630 1543 694 1575 τοὺς
713 1544 864 1579 Ἕλληναςο

85 1569 255 1619 Ἀλέξανδρος
271 1584 299 1611 δὲ
311 1585 361 1620 τὴν
375 1569 452 1612 πόλιν
459 1569 514 1612 lica-1
529 1586 597 1621 μετά
611 1569 702 1620 Θήϐας
878 1569 900 1601 C

79 1629 172 1656 Καίτοι
192 1638 225 1664 γε
253 1628 310 1666 εἶχέ
336 1639 363 1657 τι
390 1632 451 1658 τότε
465 1634 497 1667 τῇ
521 1633 597 1659 πόλει
621 1632 669 1659 καὶ
690 1633 863 1669 μέμψασθαι*

79 1675 155 1709 ἡμεῖς
171 1676 228 1710 γάρ
241 1676 369 1711 Θηϐαίων
385 1679 522 1705 πεσόντων
539 1678 588 1714 τὴν
604 1679 715 1715 τελετὴν
735 1680 864 1707 ἀπεκλεί-

81 1729 174 1756 σαμεν,
190 1722 234 1748 ἵνα
250 1723 288 1758 μὴ
306 1723 361 1754 τοῖς
373 1723 500 1758 Θηϐαίων
516 1723 627 1759 θρήνοις
641 1724 809 1760 ἀντιϐοῷμεν
819 1726 865 1753 τὸν

80 1766 181 1802 ίακχον.
201 1767 307 1804 Ὥσπερ
323 1768 376 1803 γὰρ
399 1767 502 1802 ἀγαθοῦ
535 1769 664 1802 φανέντος
684 1769 730 1796 τοῦ
754 1771 866 1805 κομιζο-

82 1813 158 1845 μένου
175 1812 225 1848 τὴν
239 1813 320 1849 χάριν
335 1813 458 1847 μεθέξειν
471 1815 487 1850 ἠ
499 1814 576 1846 πόλις
586 1814 617 1841 τὸ
630 1815 712 1850 μέρος
727 1816 775 1851 τῆς
786 1816 866 1852 δόξης

80 1858 204 1892 ἡμελλεν,
224 1858 296 1885 οὕτω
311 1859 361 1891 τῆς
375 1859 516 1895 αἰσχύνης,
537 1860 562 1886 εί
582 1860 700 1896 πονηρὸς
715 1861 738 1876 ⁵⁵
753 1861 864 1895 ἐξηλέγ-

79 1912 149 1938 χετο.
164 1903 230 1930 οὕτ⁹
245 1904 278 1931 ἂν
297 1905 392 1940 ἑτέρου
407 1906 560 1941 γράφοντος
579 1906 626 1932 καὶ
643 1906 865 1941 παρανομοῦντος

80 1949 205 1984 ἐσίγησα,
217 1950 285 1977 ἀλλὰ
297 1950 478 1986 προσδραμὼν
494 1951 527 1978 ἂν
541 1950 622 1986 [1080
635 1950 680 1987 IL]
697 1951 735 1986 τῷ
750 1951 863 1986 βήματι,

79 1994 120 2020 τὸν
135 1995 243 2022 Σόλωνα
266 1995 420 2030 κεκραγὼς,
440 1996 490 2031 τὴν
515 1996 651 2022 πολιτείαν
669 1996 862 2032 ἐπιϐοώμενος,

79 2042 113 2068 Οὐ
125 2042 202 2068 λύσω
214 2042 276 2073 τοὺς
290 2041 398 2077 νόμους,
412 2042 445 2068 ἂν
456 2041 534 2077 ἔφην,
546 2042 606 2068 οὐδὲ
618 2042 731 2077 δέχομαι
744 2043 865 2077 φυγάδας

79 2087 105 2120 ἐξ
120 2087 320 2122 ἐπιτάγματος,
333 2087 393 2113 οὐδὲ
404 2087 443 2122 τῷ
452 2087 569 2113 Φωκέων
580 2087 696 2123 αὐθέντῃ
707 2087 863 2120 κελεύοντος

80 2134 156 2161 ἄλλου
169 2134 195 2150 ’⁵
211 2134 376 2168 σπένδομαι·
392 2133 449 2160 ἀλλ’
467 2133 519 2164 ἕως
541 2133 574 2160 ἂν
591 2132 645 2168 ἔχω
667 2133 791 2168 λιμένας,
812 2133 865 2165 ἕως

80 2180 185 2215 ἡλικίαν
203 2179 390 2214 ἀκμάζουσαν,
407 2179 460 2210 ἕως
482 2178 592 2214 ἀριθμῶ
608 2178 642 2205 τὰ
664 2179 795 2213 τρόπαια,
811 2179 864 2210 ἕως

82 2226 127 2260 μία
138 2226 161 2241 ’⁸
175 2226 241 2260 γοῦν
259 2227 290 2252 ἐκ
311 2224 447 2260 Πειραιῶς
467 2225 507 2251 ἔτι
524 2225 641 2260 τριήρης
671 2225 811 2259 ἀνάγεται,
831 2225 862 2251 οὐ

81 2272 209 2307 προῒεμαι
231 2271 294 2303 τοὺς
315 2271 422 2305 νόμους,
449 2270 509 2297 οὐδὲ
531 2270 580 2305 τῆς
596 2270 733 2302 πολιτείας
749 2270 865 2304 ἀφίστα-

81 2326 136 2350 μαι,
152 2317 215 2343 οὐδὲ
231 2316 300 2343 ποιῶ
316 2316 366 2351 τὴν
384 2317 478 2351 φήμην
505 2316 590 2351 αὐτῆς
608 2316 658 2351 τῆς
672 2315 776 2347 πόλεως
793 2316 863 2352 πόρ-

80 2362 163 2397 θησιν,
178 2362 235 2388 οὐδ’
248 2362 411 2389 ὑποπτεύων
427 2361 460 2388 τὰ
476 2361 550 2396 παρά
561 2361 611 2396 τῆς
628 2361 713 2397 τύχης
725 2361 865 2397 ἀμφίϐολα.

81 2408 170 2440 φθάνω
198 2408 247 2442 τὴν
278 2407 399 2434 δουλείαν
429 2407 509 2439 αὐτὸς
533 2407 663 2438 ἑκουσίοις
690 2407 863 2443 αἱρούμενος.

80 2453 187 2480 Rati-rw
214 2452 305 2479 τοίνυν
340 2453 480 2488 Αἰσχίνης,
501 2452 700 2487 Δημοσθένους,
726 2452 795 2480 ἀλλὰ
827 2453 865 2489 μὴ

85 2498 259 2534 Ἀλεξάνδρου
280 2498 454 2530 κελεύοντος·
482 2497 704 2534 παρανομοῦντος
733 2499 860 2534 ῥήτορος,

80 2544 143 2572 ἀλλά
158 2546 197 2580 μὴ
213 2545 344 2580 βασιλέως
360 2545 571 2579 προστάττοντος
584 2552 591 2559 ·
610 2545 648 2576 ὠς
663 2544 753 2578 φυγὰς
773 2544 865 2571 ἐλεού-

82 2599 172 2624 μενος,
205 2591 242 2627 μὴ
275 2590 390 2626 φοϐερὸς
418 2591 483 2625 ἡμῖν
513 2590 550 2621 ὡς
579 2590 612 2616 ὲκ
642 2589 863 2625 προστάγματος.

86 2636 233 2671 Ἀθηναίων
246 2637 272 2662 οἱ
283 2636 368 2670 λόγοι,
387 2635 434 2662 καὶ
453 2636 579 2671 γνωρίζω
594 2635 643 2671 τὴν
659 2635 736 2662 «πόλιν
746 2635 801 2663 ἀπὸ
815 2636 862 2663 τοῦ

82 2683 216 2717 ῥήματοςο
233 2683 311 2718 ὑμεῖς
330 2682 384 2717 γάρ
405 2683 465 2709 ἐστε
480 2683 503 2708 οἱ
515 2683 605 2709 πᾶσαν
623 2682 673 2717 μὲν
693 2683 756 2717 γῆν,
774 2683 864 2709 πᾶσαν

916 937 1057 969 mandato,
1080 937 1169 964 minus
1188 937 1287 964 malum
1299 937 1453 964 existimavi
1474 942 1571 971 sponte
1585 938 1702 972 solvere,

915 989 997 1016 quam
1012 982 1095 1009 invite
1107 981 1234 1009 tolerare.
1253 981 1319 1009 Nam
1343 983 1400 1010 fieri
1422 983 1531 1018 quidem
1555 988 1654 1018 potest,
1674 990 1704 1011 ut

916 1026 967 1054 hoc
977 1026 1121 1061 aliquando
1136 1027 1311 1055 humanitatis
1325 1027 1437 1063 gloriam
1453 1032 1646 1062 consequatur,
1658 1028 1705 1064 qui

914 1080 981 1100 vero
997 1073 1056 1100 aliis
1076 1073 1218 1105 obediunt,
1233 1074 1282 1101 sibi
1315 1074 1380 1108 ipsis
1396 1074 1546 1107 infamiam,
1567 1075 1705 1109 imperan-

916 1119 988 1148 tibus
1002 1127 1064 1147 vero
1083 1120 1213 1147 honorem
1229 1120 1386 1147 conciliant.

951 1176 1094 1204 [Eschines
1121 1177 1225 1204 confert
1258 1184 1318 1204 cum
1349 1177 1458 1212 regibus
1483 1184 1626 1206 sermones
1655 1186 1706 1213 pro

915 1227 1053 1258 suggestu,
1066 1228 1093 1250 et
1118 1227 1178 1258 post
1204 1223 1328 1250 exsilium
1358 1227 1468 1258 propter
1501 1223 1704 1258 Ctesiphontem

915 1268 1029 1302 amplius
1046 1268 1170 1295 sollicitat
1195 1275 1282 1302 reges.
1309 1267 1395 1296 Homo
1426 1269 1580 1296 universam
1613 1271 1704 1297 Asiam

916 1314 999 1341 armis
1019 1321 1168 1349 peragrans
1182 1334 1189 1346 ,
1214 1318 1241 1341 et
1256 1314 1364 1349 ingenio
1378 1314 1404 1341 id
1430 1315 1536 1342 demum
1557 1316 1680 1343 adniteus
1695 1337 1703 1349 ,

916 1367 949 1386 ne
963 1359 1076 1387 habeam
1092 1367 1153 1386 cum
1170 1360 1269 1394 quibus
1280 1361 1454 1388 contendam.
1471 1361 1523 1388 Per
1536 1368 1583 1388 eos
1600 1366 1703 1388 tantum

916 1405 1002 1432 elatus
1014 1411 1056 1433 est
1072 1405 1221 1440 Philippus,
1238 1414 1285 1441 per
1297 1414 1365 1441 quos
1381 1407 1537 1434 Graecorum
1554 1407 1636 1434 animi
1657 1409 1704 1434 dc-

916 1451 1058 1478 ciderunt:
1084 1459 1098 1478 a
1111 1452 1210 1486 quibus
1228 1452 1441 1485 commilitones,
1468 1452 1520 1480 loci
1541 1453 1702 1488 opportuni-

915 1501 995 1528 tates,
1011 1497 1099 1524 omnis
1118 1497 1223 1524 fortiter
1257 1498 1439 1532 gerendarum
1468 1506 1558 1525 rcrtnn
1594 1499 1704 1525 occasio

917 1542 978 1568 data
991 1546 1060 1569 erat.
1078 1541 1272 1569 Thebanorum
1285 1542 1393 1576 quidem
1405 1543 1547 1570 calamitas
1556 1543 1706 1570 advocabit

918 1588 1036 1619 Graecos.
1052 1587 1205 1615 Alexander
1223 1595 1285 1615 vero
1304 1588 1374 1616 hanc
1399 1589 1493 1615 urbem
1514 1593 1574 1623 post
1595 1588 1705 1616 Thebas

919 1632 1104 1664 reverebatur,
1125 1639 1280 1667 quanquam
1303 1637 1331 1660 et
1359 1638 1421 1660 tunc
1439 1633 1540 1667 aliquid
1566 1633 1702 1665 habuerit,

918 1679 988 1712 quod
1004 1678 1063 1705 urbi
1083 1677 1146 1705 huic
1162 1677 1303 1712 objiceret.
1325 1677 1383 1704 Non
1412 1678 1484 1705 enim
1510 1678 1703 1705 Thebanorum

919 1724 1048 1751 victorum
1075 1731 1151 1751 sacra
1166 1724 1331 1751 exclusimus
1344 1745 1352 1757 ,
1369 1731 1404 1751 ne
1424 1724 1456 1751 ad
1471 1730 1564 1750 eorum
1583 1724 1704 1751 lamenta

918 1769 1054 1797 Bacchum
1099 1770 1199 1806 hymno
1237 1770 1434 1797 invocaremus.
1474 1769 1704 1802 Quemadmodum

917 1815 1015 1851 3541)
1031 1815 1103 1842 enim
1128 1815 1203 1848 urbs,
1219 1815 1240 1843 si
1256 1815 1297 1842 vir
1313 1815 1436 1843 sincerus
1466 1819 1623 1850 compareat
1637 1835 1645 1848 ,
1658 1815 1704 1849 qui

918 1861 1032 1896 gratiam
1051 1865 1133 1895 queat
1153 1860 1257 1888 referre
1279 1861 1370 1896 gloria:
1385 1861 1521 1895 particeps
1549 1861 1637 1887 futura
1653 1865 1704 1893 est,

918 1906 958 1933 sic
978 1911 1006 1934 et
1026 1906 1097 1933 malo
1123 1906 1259 1934 referente
1283 1907 1410 1941 gratiam,
1437 1907 1551 1934 infamia
1583 1911 1703 1934 notatur.

917 1951 1009 1987 Neque
1025 1952 1079 1979 alio
1099 1953 1247 1985 scribente,
1261 1958 1288 1980 et
1307 1958 1402 1980 contra
1431 1953 1505 1987 leges
1524 1958 1629 1988 agente,
1655 1960 1705 1986 ego

917 1997 1111 2029 obmutuerim,
1126 1997 1172 2024 sed
1193 1998 1350 2024 conscensis
1366 1999 1462 2024 rostris
1477 1997 1605 2024 Solonem
1627 1998 1703 2024 ἰιινο-

918 2050 994 2075 cans,
1011 2047 1037 2070 et
1052 2042 1243 2077 rempublicam
1259 2043 1436 2077 compellans,
1453 2043 1569 2070 dixerim
1586 2052 1593 2070 :
1620 2042 1705 2078 Leges

919 2096 971 2116 non
987 2088 1098 2123 abrogo,
1133 2095 1221 2123 neque
1244 2089 1352 2116 exsules
1375 2088 1475 2123 recipio
1504 2096 1536 2115 ex
1568 2088 1703 2121 mandato,

921 2141 953 2161 ac
979 2141 1013 2161 ne
1036 2133 1148 2168 jnbente
1183 2133 1289 2168 quidem
1321 2133 1502 2161 Phocensium
1533 2140 1705 2167 percussore,

919 2185 1006 2213 neque
1034 2178 1121 2205 fwdus
1139 2179 1211 2210 ineo,
1229 2180 1276 2205 sed
1302 2179 1420 2213 quandiu
1450 2184 1543 2212 portus
1571 2178 1702 2209 habuero,

919 2225 1037 2260 quandiu
1055 2225 1193 2252 robustam
1208 2230 1329 2257 aetatem,
1356 2225 1473 2259 quandin
1491 2229 1590 2258 tropzea
1608 2232 1704 2250 nume-

918 2277 1022 2303 ravero,
1049 2270 1166 2304 quandiu
1191 2270 1279 2296 adhuc
1295 2277 1346 2296 una
1365 2277 1380 2297 e
1394 2269 1478 2296 Pirzro
1494 2269 1610 2296 triremis
1624 2268 1706 2295 addu-

916 2322 1002 2349 cetur,
1031 2324 1085 2344 non
1111 2316 1235 2344 deseram
1265 2316 1359 2350 leges,
1391 2323 1478 2350 neque
1512 2314 1705 2349 rempublicam

916 2363 1060 2389 relicturus
1084 2362 1147 2394 sim,
1171 2369 1220 2389 nec
1241 2362 1329 2397 patiar
1354 2361 1434 2396 hujus
1454 2361 1575 2388 civitatis
1588 2360 1702 2395 gloriam

916 2410 1007 2445 diripi,
1024 2417 1073 2437 nec
1095 2409 1196 2436 veritus
1220 2409 1335 2436 fortuna:
1364 2416 1454 2440 casus,
1481 2415 1530 2443 ego
1560 2408 1616 2442 ipse
1633 2407 1698 2434 mihi

918 2465 1013 2484 manus
1045 2456 1170 2488 inferam,
1205 2460 1350 2489 antequam
1385 2455 1544 2482 servitutem
1584 2454 1702 2480 videatut.

920 2501 1020 2529 Redeat
1037 2501 1118 2536 igitur
1132 2500 1325 2532 Demosthene,
1339 2508 1392 2528 non
1406 2500 1561 2527 Alexandro
1579 2499 1703 2534 jubente,

917 2546 1073 2577 Eschines.
1089 2551 1187 2582 praeter
1199 2546 1282 2579 legem
1295 2550 1393 2580 agente
1403 2550 1523 2577 oratore,
1545 2552 1597 2571 non
1618 2544 1704 2579 impe-

918 2597 994 2620 rante
1010 2599 1082 2627 rege,
1098 2592 1191 2620 redeat
1202 2591 1277 2625 quasi
1292 2590 1369 2618 exsul
1399 2590 1610 2618 misericordiam
1635 2597 1701 2616 con-

919 2643 1037 2671 secutus,
1054 2645 1105 2664 non
1122 2642 1248 2672 tanquam
1268 2644 1300 2664 ex
1317 2643 1452 2671 praecepto
1480 2636 1557 2662 nobis
1578 2640 1702 2663 metuen-

918 2683 978 2710 dus.
994 2683 1039 2709 llie
1052 2682 1256 2710 Atheniensium
1271 2689 1350 2709 voces
1365 2690 1380 2710 e
1393 2681 1492 2716 quibus
1505 2681 1598 2708 urbem
1617 2687 1703 2715 agno-

727 2758 842 2786 VABIIE
859 2758 1062 2787 LECTIONES.

115 2818 137 2833 "
148 2815 315 2852 θαυμαστὸς]
331 2815 411 2847 καλὸς
574 2815 595 2843 Α
616 2825 622 2842 :
642 2813 676 2852 ᾗς
698 2825 727 2848 ς.

85 2887 140 2913 ἀλλ’
152 2888 181 2914 οὐ
196 2885 225 2920 ξ.
243 2887 334 2915 malim
351 2885 536 2923 Ἀλεξάνδρου.
576 2886 598 2902 ’⁸
614 2885 679 2920 γοῦν
693 2886 743 2921 μία
755 2895 784 2918 ς.

767 2816 788 2833 ’⁸
803 2817 917 2851 κατάγει
941 2816 970 2843 Β.
1009 2817 1031 2833 "
1046 2816 1141 2844 οὐσίαν
1161 2816 1184 2843 Α
1204 2825 1211 2844 :
1235 2816 1327 2843 Ἀσίαν
1343 2824 1372 2848 ς.

83 2853 104 2888 ³¹ν
127 2850 261 2888 κέκτημαι
276 2850 314 2888 (ἒξ
345 2850 518 2888 fingebam]
534 2850 562 2882 ἐς
578 2850 703 2888 τοσούτον
718 2851 736 2888 ,ὁ
757 2850 785 2879 Β.
825 2853 847 2868 ⁸³
871 2850 1033 2888 ὗπερεφόϐει
1058 2852 1190 2888 Scaliger.
1229 2851 1252 2868 ”
1269 2853 1292 2878 εί
1314 2851 1430 2886 πονηρὸς
1446 2859 1475 2883 ς.

1420 2815 1442 2831 ’⁸
1462 2814 1553 2867 φὺσξέ]
1569 2815 1647 2857 φήμῃ
1667 2815 1693 2846 εἰ

1420 2859 1430 2880 :
1446 2859 1475 2880 ς.
1560 2851 1641 2879 ἄλλω
1654 2852 1688 2880 A:
