1919 3096
220 155 286 190 1311

762 160 893 191 ΡΗΟΤΙΙ
913 158 1165 190 PATRIARCH/E
1184 159 1234 189 GP.

1777 157 1846 191 1312

219 221 277 241 sco.
303 212 359 245 Vos
381 212 453 240 enim
481 213 557 246 estis,
576 213 622 249 qui
643 221 691 249 pro
710 214 843 242 institutis
861 216 1004 250 majorum,

1062 214 1084 241 5ἐ
1112 213 1250 241 θάλασσαν
1275 212 1415 249 τροπαίων
1431 213 1502 248 ὑπὲρ
1526 212 1579 239 τῶν
1607 211 1699 248 νόμων
1729 215 1779 241 xui.
1800 215 1850 250 τῆς

218 266 246 288 et
256 267 304 295 pro
316 259 451 291 libertate,
468 263 538 286 terra
552 260 673 294 marique
685 265 785 294 tropaea
797 261 905 289 ﬁxislis.
919 260 1007 288 Tanto

218 305 340 332 exercitu
355 305 464 332 advenit
483 304 596 337 Xerxes.
614 309 714 331 terram
743 311 772 332 et
795 313 871 332 mare
897 313 1005 340 permu-

220 355 290 384 tans,
312 354 340 377 ut
354 360 359 382 ι
371 355 477 377 etentes
492 350 598 384 glebam
610 355 637 377 et
649 351 779 386 cyathum
794 351 854 378 loco
867 351 1006 379 eoncionis

219 395 246 423 in
264 395 422 422 barathrum
439 395 597 429 eonjecerit.
614 395 648 421 At
674 396 730 430 ipsa
743 396 842 423 civitas
862 395 1006 423 elementis

219 441 262 470 his
275 440 372 468 fortior
391 441 551 475 permansit.
567 440 702 474 Quoniam
728 441 792 469 licet
823 441 895 474 aliis,
915 446 945 468 ut
967 442 1008 468 sic

219 488 344 520 dixerim,
360 487 464 523 singula
485 495 579 515 eorum
592 495 652 523 quae
666 493 743 522 gesta
758 492 833 519 sunt,
845 488 939 516 eadem
958 495 1007 515 na-

220 539 278 561 tura
300 542 360 562 esse
376 534 529 567 videamur,
554 534 645 569 specie
665 539 755 561 tamen
781 534 1005 568 distinguuntur:

219 580 293 608 verbi
315 581 402 616 gratia
419 581 517 615 aliquis
536 580 688 615 proximum
716 581 853 616 percutit;
875 581 905 608 in
919 586 1004 609 certa-

219 627 292 654 mine
309 627 330 653 si
347 626 455 658 vicerit,
473 634 603 653 coronam
622 626 743 659 habebit,
764 631 839 653 extra
865 631 1005 655 certamen

219 679 314 706 poenas
326 672 411 699 dabit.

255 717 460 753 Deploravimus
473 717 565 744 urbem
583 719 653 746 hanc
667 718 733 745 olim
746 726 761 745 a
789 718 912 752 tyrannis
927 726 1006 746 ever-

219 771 288 795 sam,
307 768 395 790 tamen
409 763 479 790 ultro
502 771 583 798 quant
603 763 750 792 defendere
764 764 921 797 debuimus,
944 773 1006 793 eam

219 808 304 836 Medis
323 808 520 836 incendendam
539 809 709 837 tradidimus.
723 808 771 837 llle
794 817 856 837 cum
871 809 1006 845 Philippo,

219 853 301 880 etiam
325 858 387 888 post
403 853 587 881 calamitatem
609 853 829 887 Chaerouensem,
847 854 1005 882 societatem

220 906 272 926 non
288 898 359 927 iniit.
386 898 447 926 Fuit
460 899 536 926 nobis
559 899 704 933 aliquando
723 899 769 928 illa
786 899 964 931 consuetudo,
978 904 1008 927 ut
1023 889 1046 919 Β

220 945 333 972 Graeciaa
348 953 536 980 praeessemus,
561 950 588 974 et
602 954 650 981 pro
667 946 794 975 libertate
807 951 900 974 contra
914 951 1009 982 tyran-

221 998 270 1019 nos
283 992 508 1027 depugnaremus.
527 991 621 1019 Ortum
632 1000 646 1019 a
658 991 776 1021 Miltiade
785 992 843 1021 hazc
854 992 897 1021 lex
904 993 1009 1027 habuit,

220 1036 311 1064 floruit
321 1037 372 1064 sub
387 1036 581 1070 Themistocle,
599 1038 725 1073 pervenit
740 1046 827 1074 usque
855 1038 1009 1074 Cimonem,

219 1087 326 1110 servata
343 1087 385 1110 est
410 1083 459 1110 sub
476 1082 593 1116 Pericle,
612 1083 686 1111 culta
719 1084 770 1111 sub
798 1084 951 1119 Alcibiade,
983 1090 1011 1113 et

219 1135 270 1163 ego
288 1135 348 1155 eam
365 1133 502 1156 servatam
529 1129 689 1162 voluissem,
706 1130 755 1158 sed
787 1129 900 1159 libidine
913 1139 1011 1159 assen-

221 1173 376 1208 tationeque
395 1175 563 1209 proditorum
583 1175 710 1211 abrogata
729 1181 781 1205 est.
812 1177 927 1212 Imperio
942 1178 1009 1207 alios

219 1219 344 1247 exuimus
356 1239 364 1252 ,
387 1219 485 1255 355a
498 1228 552 1248 non
576 1221 778 1254 contradixisti,
792 1231 807 1250 a
831 1225 920 1259 patrio
935 1232 1010 1252 more

221 1266 414 1294 discessimus:
433 1274 485 1294 non
502 1274 668 1302 conquestus
684 1276 726 1296 es.
745 1269 803 1296 Non
836 1271 919 1297 cessit
944 1271 1009 1298 urbs

221 1316 315 1339 nostra
338 1311 607 1340 Lacedaemoniorum
625 1314 684 1341 urbi
699 1314 731 1341 ad
758 1314 894 1342 Siciliam.
910 1315 1008 1343 Verum

222 1361 277 1383 tota
293 1356 380 1384 insula
400 1365 481 1384 uuam
497 1364 606 1385 atatem
622 1364 698 1386 extra
719 1359 834 1394 patriam
854 1362 983 1396 transegit
999 1370 1006 1389 :

221 1401 286 1429 urbs
299 1410 364 1429 vero
377 1402 435 1431 haec
447 1404 528 1431 etiam
543 1405 574 1431 ad
593 1403 766 1432 Occidentem
777 1407 917 1440 prudentia
932 1408 1010 1434 inex-

222 1448 375 1482 pugnabilis
390 1450 550 1483 permansit.
566 1450 628 1482 Fac,
649 1451 671 1477 si
689 1450 764 1484 libet,
782 1451 934 1486 improbum
945 1460 1008 1482 esse

221 1491 392 1526 Escltinem,
426 1495 575 1529 perniciem
615 1494 807 1530 Pltocensium,
841 1499 1007 1532 proditorem

222 1540 356 1575 Thraciae,
375 1541 515 1570 interitum
545 1543 722 1578 Cersoclcpti,
738 1550 765 1571 et
788 1545 810 1572 si
830 1546 928 1580 quibus
948 1546 1009 1574 aliis
1022 1563 1046 1594 α

222 1586 378 1614 nominibus
404 1587 533 1621 injuriose
547 1589 678 1623 populum
705 1594 836 1624 tractans,
859 1591 1010 1626 appellatus

221 1636 273 1659 cst.
301 1631 419 1661 Athenis
439 1634 511 1661 enim
540 1641 649 1670 semper
677 1643 729 1662 una
756 1643 818 1663 eum
846 1637 1008 1671 fertilitate,

222 1682 315 1705 contra
331 1678 450 1712 Graecos,
463 1687 480 1708 ο
495 1679 685 1713 Athenienses,
702 1683 838 1710 succrevit
851 1689 877 1710 et
894 1684 1008 1711 vitium.

221 1723 319 1752 Multos
335 1725 442 1760 quidem
459 1726 610 1760 degeneres
633 1734 820 1761 saepenumero
849 1730 914 1756 urbs
944 1738 1010 1757 con-

221 1771 350 1804 servavit,
367 1779 419 1798 non
431 1779 524 1799 eorum
541 1772 687 1801 factionem
713 1775 844 1808 probans,
871 1776 917 1803 sed
937 1777 1010 1804 enla-

222 1815 342 1842 tnitatem
370 1816 508 1843 miserata.
532 1815 637 1844 Nemini
659 1825 778 1852 unquam
802 1823 896 1845 contra
919 1818 1004 1854 leges,

221 1862 340 1896 quandiu
357 1861 529 1895 prudentiam
559 1863 817 1898 retinuit,subjeeta
852 1863 914 1892 fuit.
940 1865 1009 1898 Quid

223 1908 305 1943 igitur
321 1917 373 1936 non
392 1910 448 1944 jam
465 1910 606 1942 denuntio,
630 1910 695 1945 quin
723 1911 776 1938 vita
795 1912 871 1946 prius
896 1912 1008 1946 decedo,

223 1961 304 1988 quam
318 1954 421 1982 videam
435 1955 506 1982 hanc
520 1956 613 1982 urbem
624 1957 754 1984 servitute
765 1958 941 1993 oppressam?
956 1959 1011 1992 Ego

222 1999 295 2026 idetn
311 1999 367 2034 ipse
383 2007 448 2027 sane
465 2008 517 2028 non
536 2001 616 2028 talem
633 2009 693 2030 esse
718 2011 854 2031 rumorem
872 2005 1010 2039 existimo,

221 2047 328 2081 qualem
343 2048 462 2075 nonnulli
479 2048 593 2083 ﬂitgttnt,
617 2049 735 2084 primum
755 2050 902 2080 Alexandri
920 2062 1010 2083 mores

221 2093 412 2126 considerans,
429 2098 455 2120 et
473 2094 596 2128 quisnam
610 2095 654 2122 ille
669 2096 716 2129 sit,
728 2097 773 2132 qui
783 2097 863 2125 simul
874 2104 902 2126 et
914 2107 1012 2135 aggre-

223 2139 296 2165 ditur
310 2143 336 2166 et
346 2139 452 2174 perlicit
466 2148 472 2165 :
489 2140 544 2166 imo
569 2148 634 2168 vero
650 2141 745 2174 rebus,
764 2151 831 2178 quas
844 2146 1010 2180 aggreditur,

223 2184 334 2218 famam,
350 2189 377 2212 et
387 2192 435 2212 eos
452 2184 497 2220 qui
527 2187 661 2220 nuntiant,
679 2189 835 2216 antevertit.
866 2189 932 2217 Cum
956 2191 1009 2219 alia

1059 259 1215 295 ἐλευθερίας
1239 259 1443 294 πληρώσαντες.
1474 258 1618 293 Ἑπολέμει
1648 259 1774 295 Ξέρξης,
1797 261 1849 296 γῆν

1060 305 1215 342 μεταποιῶν
1237 305 1285 332 καὶ
1300 303 1436 332 θάλατταν
1447 305 1480 337 ’⁷,
1498 305 1539 331 ὃτι
1554 306 1619 336 τοὺς
1635 305 1684 341 τὴν
1700 305 1787 340 βῶλον
1803 307 1850 334 καὶ

1057 351 1103 378 τὸν
1118 351 1218 378 κύαθον
1231 350 1395 386 αἰτήσαντες
1406 350 1437 377 τὸ
1452 350 1590 386 βάραθρον
1607 350 1669 376 ἀντὶ
1683 350 1733 385 τῆς
1749 351 1850 377 ἐκκλτο-

1059 398 1120 430 σίας
1147 397 1264 433 ἐδέχετο.
1284 396 1384 432 ’Δλλ’ή
1409 396 1486 429 πόλις
1505 396 1598 431 ἔμεινε
1624 395 1679 422 τῶν
1710 396 1849 431 στοιχείων

1058 444 1140 471 πλέον
1167 445 1306 480 ἀκίνητος.
1334 443 1413 471 Ἐπεὶ
1437 443 1488 470 κάν
1514 443 1572 475 τοῖς
1597 441 1701 475 ἄλλοις,
1721 441 1760 473 ὡς
1787 442 1850 474 ἔπος

1057 492 1157 524 εἰπεῑν,
1175 492 1229 518 τῶν
1248 490 1445 527 πραττομένων
1457 490 1584 523 ἕκαστον,
1598 490 1650 518 κᾶν
1663 489 1762 516 ταύτὸν
1782 487 1848 515 εἶναι

1058 537 1092 572 τῇ
1110 535 1191 570 φύσει
1218 535 1296 571 δοκῇ,
1311 535 1379 562 ἀλλὰ
1394 537 1428 571 τῇ
1453 535 1590 571 προφάσει
1616 535 1769 570 μερίζεται.
1788 531 1848 560 Οἷον

1058 582 1156 609 τύπτει
1170 590 1212 614 τις
1224 581 1269 608 τὸν
1279 581 1403 617 πλησίον,
1421 582 1470 608 Ἂν
1486 581 1537 616 μὲν
1547 582 1576 607 ἐν
1588 580 1690 612 ἄθλοις,
1704 579 1762 615 ἔχει
1775 580 1848 614 νική-

1058 636 1109 657 σας
1127 627 1173 655 τὸν
1187 627 1320 662 στέφανον
1332 635 1338 641 ·
1356 627 1389 653 ἂν
1405 627 1434 654 δέ
1449 628 1499 662 τῆς
1513 626 1632 661 ἀγωνίας
1648 627 1737 658 ἐκτὸς,
1754 623 1847 660 ὑπέχει

1058 674 1089 701 τδ
1101 673 1220 709 τίμημα.

1099 718 1284 754 Ἐθρηνοῢμέν
1301 727 1366 746 ποτε
1379 717 1568 754 πορθουμένης
1580 716 1633 743 ὑπὸ
1642 716 1697 743 τῶν
1709 717 1849 752 τυράννων

1058 765 1108 801 τῆς
1125 765 1247 797 πόλεως’
1273 765 1330 792 ἀλλ’
1346 764 1454 796 ἑκόντες
1471 763 1556 798 αὐτὴν
1582 763 1653 798 ὑπὲρ
1666 763 1850 799 ἀνδραγαθίας

1058 811 1098 847 τῷ
1113 811 1180 848 πυρὶ
1192 811 1246 838 τῶν
1260 811 1360 846 Μήδων
1369 810 1522 845 ἐδώκαμεν.
1539 810 1567 836 '0
1582 809 1621 845 μὴ
1633 809 1760 844 Φιλίππῳ
1775 818 1851 836 σπει-

1061 858 1190 894 σάμενος,
1206 857 1274 893 μηδὲ
1287 857 1355 892 μετὰ
1366 856 1416 891 τὴν
1426 855 1527 892 μεστὴν
1540 856 1590 890 τῆς
1601 857 1722 891 πονηρᾶς
1732 855 1755 872 ’⁸
1766 858 1850 891 τύχης

1060 903 1241 940 Χαιρώνειαν.
1255 900 1309 930 Ἦν
1333 903 1399 938 ἡμῖν
1421 910 1487 929 ποτε
1507 902 1622 937 πάτριον
1647 901 1775 937 ἡγεῖσθαι
1802 901 1852 935 τῆς

1065 950 1191 982 Ἑλλάδος
1219 949 1267 976 καὶ
1289 950 1346 981 τοῖς
1367 948 1509 983 τυράννοις
1525 947 1596 984 ὑπὲρ
1621 948 1671 983 τῆς
1693 946 1851 982 ἐλευθερίας

1059 996 1304 1031 ἀνταγωνίζεσθαι.
1322 995 1386 1033 [577
1396 995 1443 1032 IL]
1460 991 1545 1027 Οὗτος
1560 995 1574 1022 ὁ
1592 994 1673 1030 νόμος
1685 994 1786 1029 ἤρξατο
1802 994 1853 1029 μὲν

1060 1043 1114 1070 ἀπὸ
1141 1042 1288 1070 Μιλτιάδου
1306 1043 1449 1078 πρότερον,
1466 1042 1577 1078 ἤκμασε
1592 1041 1621 1068 δὲ
1648 1042 1693 1067 ἐπὶ
1717 1041 1851 1076 Θεμιστο·

1060 1089 1166 1122 κλέους,
1184 1088 1286 1124 κατέϐη
1300 1089 1322 1105 ³.
1341 1088 1370 1115 δὲ
1387 1089 1427 1120 είς
1446 1087 1574 1123 Κίμωνα,
1592 1087 1731 1122 ἐφυλάχθη
1750 1087 1779 1114 δὲ
1798 1087 1853 1114 ὑπὸ

1060 1134 1237 1170 Περικλέους,
1247 1133 1407 1169 ἐθαυμάσθη
1416 1134 1446 1161 δὲ
1457 1134 1509 1160 ὑπὸ
1526 1133 1695 1160 Ἀλκιϐιάδου
1705 1141 1712 1149 ⁸
1724 1133 1768 1160 ἐπ’
1782 1133 1852 1168 ἐμοῦ

1060 1182 1089 1209 δὲ
1107 1183 1141 1217 τῇ
1156 1180 1255 1216 γνώμῃ
1273 1181 1322 1216 μὲν
1335 1180 1468 1215 ἐτηρήθη,
1485 1181 1517 1215 τῇ
1531 1180 1599 1216 τύχῃ
1612 1180 1635 1196 ³⁸
1649 1180 1676 1206 δὲ
1691 1180 1742 1211 καὶ,
1751 1181 1785 1214 τῇ
1806 1188 1854 1206 κο-

1060 1227 1158 1262 λακείᾳ
1178 1225 1233 1253 τῶν
1254 1225 1434 1262 προδιδόντων
1453 1225 1624 1261 διέφθαρται.
1646 1225 1819 1260 Ἀπέστημεν
1831 1225 1852 1241 ¹¹

1061 1274 1165 1308 ἑτέροις
1175 1273 1225 1308 τῆς
1238 1271 1388 1308 ἡγεμονίας
1399 1280 1405 1288 ·
1426 1272 1477 1298 οὐκ
1495 1272 1622 1303 ἁντεῐπες
1634 1272 1656 1288 ³¹
1667 1279 1675 1287 ·
1687 1271 1853 1307 παρεχωρή-

1062 1327 1148 1354 σαμεν
1160 1318 1208 1345 τοῦ
1221 1318 1336 1353 πατρίου
1349 1318 1488 1353 σχήματος
1497 1326 1504 1334 ·
1520 1317 1570 1344 οὑκ
1578 1316 1781 1352 ἠγανάκτησας.
1793 1317 1854 1344 Οὐκ

1060 1363 1116 1399 εἶξε
1140 1365 1210 1400 μετὰ
1234 1364 1358 1391 Σικελίαν
1381 1363 1606 1399 Λακεδαιμονίοις
1631 1364 1648 1398 ἡ
1669 1362 1746 1395 πόλις
1764 1371 1771 1377 ·
1792 1363 1854 1390 ἀλλ’

1061 1412 1078 1448 ή
1094 1412 1143 1447 μὲν
1157 1411 1238 1446 νῆσος
1257 1410 1306 1446 τὴν
1331 1410 1439 1445 ἡλικίαν
1454 1410 1519 1444 ὃλην
1534 1410 1688 1445 ἐχώρησεν,
1701 1410 1718 1444 ἡ
1729 1409 1808 1440 πόλις
1824 1409 1855 1436 δὲ

1060 1457 1153 1494 ἔμεινε
1162 1457 1201 1493 τῷ
1209 1457 1363 1492 φρονήματι
1371 1456 1419 1483 καὶ
1430 1457 1498 1490 μετὰ
1506 1456 1556 1491 τὴν
1568 1455 1687 1490 ἑσπέραν
1701 1455 1854 1487 ἀνάλωτος.

1067 1503 1149 1531 Ἀλλὰ
1173 1503 1292 1538 πονηρὸς
1313 1502 1452 1537 Αἰσχίνης.
1487 1501 1623 1537 Πρόσθες,
1644 1501 1668 1527 εί
1691 1501 1790 1536 βούλει,
1807 1502 1857 1528 καὶ

1061 1550 1176 1578 Φωκέων
1187 1549 1298 1585 ὕλεθρον
1311 1549 1358 1576 καὶ
1367 1548 1513 1584 προδοσίαν
1524 1547 1634 1583 Θρᾴκης
1646 1548 1692 1574 καὶ
1709 1547 1856 1582 ἀναίρεσιν

1064 1595 1271 1631 Κερσοϐλέπτου
1287 1595 1334 1622 καὶ
1348 1593 1427 1621 πάνθ’
1440 1594 1490 1620 ὅσα
1506 1593 1637 1625 πολλάκις
1651 1593 1781 1628 Αἰσχίνης
1797 1593 1857 1620 ἀδι-

1063 1642 1119 1669 κῶν
1134 1641 1179 1669 τὸν
1203 1641 1288 1677 δῆμον
1316 1641 1493 1675 ἐγκέκληται.
1514 1639 1631 1675 Νόσημα
1647 1639 1712 1675 γὰρ.
1725 1636 1748 1666 ὦ
1772 1639 1857 1674 Ἀθη-

1063 1690 1143 1721 ναῖοι,
1160 1689 1231 1716 κατὰ
1247 1688 1302 1715 τῶν
1322 1688 1455 1723 Ἐλλήνων
1472 1688 1505 1722 τῇ
1518 1687 1589 1722 φορᾷ
1604 1686 1626 1702 ³³
1634 1686 1688 1712 τῶν
1704 1685 1858 1720 Ἀθηναίων

1064 1737 1234 1771 συνήκμασε.
1250 1734 1390 1769 Πονηροὺς
1418 1733 1467 1768 μὲν
1491 1734 1573 1769 γὰρὴ
1591 1732 1667 1764 πόλις
1683 1732 1733 1768 ήδη
1760 1741 1815 1759 που
1834 1733 1858 1750 ³⁸

1064 1781 1194 1812 πολλάκις
1213 1780 1327 1812 ἔσωσεν,
1338 1779 1388 1806 οὐκ
1403 1778 1553 1805 ἐπαινοῦσα
1576 1778 1625 1813 τὴν
1642 1777 1767 1812 γνώμην,
1786 1778 1858 1804 ἀλλὰ

1063 1827 1112 1862 τὴν
1125 1825 1211 1861 τύχην
1225 1823 1398 1859 οἰκτείρουσα
1410 1830 1418 1838 ·
1437 1823 1578 1859 ὑπήκουσε
1597 1822 1619 1838 ³³
1639 1822 1667 1848 δὲ
1680 1821 1769 1848 οὐδενὶ
1782 1823 1858 1847 κατὰ

1063 1873 1118 1899 τῶν
1135 1871 1224 1906 νόμων
1239 1870 1273 1902 ⁸⁸,
1290 1869 1371 1905 ἡνίκα
1385 1869 1478 1903 ἐτήρει
1497 1868 1527 1895 τὺ
1543 1868 1681 1904 φρόνημα.
1695 1867 1728 1893 Τί
1743 1865 1790 1893 οὖν
1805 1867 1858 1893 οὐκ

1063 1918 1114 1954 ήδη
1142 1916 1338 1953 προαγγέλλω;
1362 1915 1388 1941 τί
1415 1915 1444 1942 δέ
1467 1915 1516 1941 οὐκ
1534 1913 1622 1948 ἔξειμι
1641 1912 1688 1939 τοῦ
1700 1912 1770 1948 βίου,
1790 1914 1858 1947 πρὶν

1065 1964 1130 1991 ίδετν
1148 1963 1198 1999 τὴν
1219 1963 1297 1989 πόλιν
1325 1961 1522 1993 δουλεύουσαν;
1543 1959 1614 1993 Ἐγὼ
1629 1959 1696 1992 γοῦν
1711 1959 1759 1985 καὶ
1774 1959 1858 1991 αὐτὸς

1063 2011 1185 2046 ἡγοῦμαι
1204 2009 1253 2045 τὴν
1264 2009 1358 2044 φήμην
1384 2007 1466 2042 ἔχειν,
1488 2008 1537 2042 οὐχ
1560 2005 1632 2033 οὓτω
1652 2005 1674 2021 ⁸⁷
1689 2005 1711 2031 δ’
1726 2005 1800 2040 ἔχειν
1820 2006 1858 2036 ὡς

1063 2054 1253 2091 τερατεύονταί
1264 2062 1347 2085 τινες,
1360 2052 1468 2079 σκοπῶν
1476 2053 1583 2091 πρῶτον
1600 2047 1688 2085 μέν.ὧ
1706 2050 1857 2085 Ἀθηναῖοι,

1063 2102 1109 2128 τὸν
1134 2099 1310 2134 Ἀλεξάνδρου
1330 2098 1441 2132 τρόπον.
1461 2097 1509 2130 Τίς
1523 2096 1551 2123 δέ
1572 2093 1649 2128 οὗτός
1665 2097 1763 2126 ἐστιν;
1789 2095 1856 2130 δμοῦ

1064 2155 1094 2173 τε
1107 2146 1228 2181 ἐγχειρεῖ
1256 2144 1303 2171 καὶ
1327 2144 1497 2180 πέπρακται,
1525 2142 1624 2177 μᾶλλον
1645 2141 1673 2168 δέ
1687 2140 1785 2175 φθάνει
1795 2141 1857 2172 τοὺς

1066 2193 1114 2228 μὲν
1132 2191 1279 2226 λογισμοὺς
1292 2191 1353 2220 ταῖς
1365 2189 1509 2224 πράξεσιν.
1536 2185 1577 2218 οἷς
1590 2187 1618 2213 δὲ
1638 2187 1772 2222 ἐγχειρεῖ,
1795 2186 1856 2216 τοὺς

224 2229 307 2256 multa
332 2237 482 2265 magnaque
499 2238 581 2266 opera
601 2240 661 2265 sua,
680 2240 740 2267 quae
757 2234 913 2263 adulatores
934 2244 1007 2264 conv

1062 2238 1280 2273 διαγγέλλοντας.
1307 2235 1386 2272 [1081
1418 2234 1464 2270 IL]
1493 2233 1571 2260 Ἐπεὶ
1598 2233 1645 2260 καὶ
1665 2233 1699 2259 τὰ
1724 2232 1812 2259 πολλὰ
1824 2232 1856 2267 δὴ

224 2275 341 2309 lingunt,
361 2275 500 2303 celeritate
528 2277 627 2311 potius,
643 2286 724 2312 quam
744 2280 844 2308 virtute
865 2289 923 2313 eos,
942 2290 1010 2316 quos

224 2320 356 2354 adoritur,
370 2327 515 2356 antequam
532 2324 628 2351 adesse
640 2325 786 2359 diceretur,
796 2332 823 2354 et
841 2327 914 2355 visus
926 2328 1011 2357 fuisse

224 2367 340 2399 audiret,
369 2375 510 2402 superans,
540 2370 688 2398 confecerit
708 2371 796 2400 instar
823 2373 956 2408 fulminis,
983 2380 1011 2403 et

224 2413 348 2445 tonitrui,
364 2414 433 2448 quod
445 2421 515 2450 smpe
527 2420 669 2450 antequam
679 2422 859 2453 exspectetur,
872 2422 1009 2455 pracedit.

224 2459 270 2485 Sic
284 2459 383 2486 Sardes
402 2461 555 2496 occupavit,
576 2463 617 2490 sic
640 2463 747 2491 Cariam
771 2467 878 2498 evertit,
905 2467 942 2494 sic
959 2467 1011 2504 Ly-

225 2504 294 2531 ciam
311 2505 446 2537 distraxit,
465 2506 504 2533 sic
520 2506 704 2543 Pamphyliam
716 2508 824 2541 invasit,
839 2510 878 2538 sic
887 2512 1012 2540 viderunt

223 2557 285 2575 eum
295 2549 401 2584 Cilices,
411 2551 450 2578 sic
458 2552 727 2585 incnluiitPersis,sic
736 2555 844 2583 Darium
854 2559 1009 2591 perterruit.

226 2594 268 2626 Et,
285 2596 350 2628 proh
367 2597 463 2623 dolor!
479 2605 560 2633 quam
580 2600 668 2626 vicina
684 2600 767 2627 etiam
792 2602 950 2631 calamitas!
968 2604 1013 2633 Sic

226 2647 254 2668 ct
272 2641 380 2670 Thebas
395 2643 519 2679 diripuit.
538 2645 583 2672 Sic
595 2645 693 2673 cecidit
705 2647 770 2674 urbs
781 2647 826 2674 illa
840 2648 865 2674 in
885 2649 1012 2678 utnbilico

1062 2285 1149 2313 ταῦτα
1179 2278 1356 2316 καὶἾιεγάλα
1389 2280 1445 2308 τῶν
1459 2281 1558 2315 ἔργων,
1583 2279 1601 2306 ἃ
1623 2278 1815 2313 λογοποιοῦσιν
1832 2279 1855 2304 οί

1063 2331 1189 2363 κόλακες,
1208 2328 1286 2364 τάχει
1300 2327 1403 2364 μᾶλλον,
1415 2327 1432 2362 ἢ
1454 2325 1534 2361 ῥώμῃ
1555 2325 1577 2341 ³⁸
1590 2323 1698 2360 κρατῶν
1714 2323 1856 2354 τούτους⁸⁹

1064 2375 1105 2409 οἷς
1122 2376 1201 2411 ἐπῄει
1215 2373 1392 2410 κατώρθωσε,
1410 2372 1476 2408 πρὶν
1488 2371 1657 2406 ἀγγελθῆναι
1671 2369 1778 2405 παρὼν,
1792 2369 1857 2402 πρὶν

1063 2422 1230 2458 ἀκουσθῆναι
1259 2420 1432 2455 φαινόμενος,
1447 2419 1517 2446 κατὰ
1532 2418 1595 2449 τοὺς
1615 2416 1752 2451 σκηπτοὺς
1770 2415 1786 2450 ἢ
1807 2415 1857 2446 τὰς

1066 2469 1191 2505 βροντὰς,
1210 2467 1239 2494 αἳ
1259 2467 1390 2497 πολλάκις
1426 2465 1557 2500 φθάνουσι
1581 2465 1631 2499 τῆς
1657 2462 1822 2498 προσδοκίας
1833 2461 1856 2477 ⁸⁸

1065 2514 1231 2551 ἡγήσασθαι.
1249 2513 1329 2540 Οὕτω
1343 2512 1456 2548 Σάρδεις
1469 2509 1552 2542 εἷλεν,
1567 2511 1639 2537 οὕτω
1651 2510 1758 2545 Καρίαν
1775 2509 1857 2543 ἐπόρ-

1066 2562 1160 2595 θησεν,
1186 2559 1257 2587 οὕτω
1284 2559 1388 2586 Λυκίαν
1417 2557 1585 2595 παρέσυρεν,
1610 2557 1681 2584 οὕτω
1693 2555 1857 2590 Παμφυλίαν

1066 2607 1232 2643 ἐπέδραμεν,
1246 2605 1333 2635 οὕτως
1345 2604 1423 2640 ὤφθη
1439 2603 1554 2636 Κίλιξιν,
1569 2603 1653 2635 οὕτως
1668 2602 1771 2636 ἐπέστη
1788 2601 1857 2636 Πέρ-

1067 2663 1137 2688 σαις,
1169 2653 1242 2681 οὕτω
1272 2653 1384 2687 Δαρεῖον
1413 2649 1573 2686 ἐξέπληξεν·
1598 2650 1671 2685 οῐμοι
1701 2648 1755 2675 τῶν
1775 2648 1858 2682 ἐγγὺς

865 2728 983 2758 VARle
1001 2731 1203 2762 LECTIONES.

264 2781 287 2818 ξ’
304 2779 441 2818 θάλασσαν
451 2780 490 2818 Β.Δ
518 2782 541 2818 ξ’
553 2783 685 2818 πονηρίας
697 2797 733 2803 -—
744 2783 900 2818 Χαιρωνίαν
912 2784 933 2811 Α

268 2850 460 2895 ἐπήκουσε-β.
499 2851 521 2892 ξ·
548 2853 592 2878 τὸν
616 2853 700 2895 χὸμον
719 2854 751 2880 Λ.
777 2850 883 2895 οὐχ
897 2850 979 2895 ,οὖτὼ
996 2850 1120 2895 ’δνέχειῦ
1131 2850 1186 2888 btu.
1205 2858 1237 2886 Α.

233 2884 373 2913 Reiskius:
391 2885 451 2913 libri
463 2886 576 2919 τούτοις.
615 2887 637 2904 ⁸⁸
649 2884 697 2922 τὴν
714 2884 923 2924 προσδοκίανᾌ.

271 2781 287 2823 ξτ
304 2781 441 2807 θάλασσαν
451 2781 483 2807 Β.
518 2782 541 2798 ’⁸
553 2783 685 2818 πονηρίας
697 2797 733 2803 -—
744 2783 900 2818 Χαιρωνίαν
912 2784 933 2811 Α
997 2790 1020 2805 υ
1032 2789 1133 2824 κατέϐη
1149 2804 1184 2809 --
1196 2788 1361 2822 Περικλέους
1383 2794 1439 2813 om.
1462 2786 1495 2814 Δ.
1543 2785 1565 2801 ⁸⁸
1581 2784 1650 2820 τύχῃ
1672 2783 1713 2810 ΛΖ
1734 2781 1809 2842 sit???
1827 2789 1855 2813 ς·

271 2816 386 2842 ιπέστης
413 2815 442 2841 Β.
482 2816 502 2832 ³¹
517 2817 644 2842 ἁντεϊπεε
670 2819 710 2842 ὅτι
736 2827 833 2842 παοεν.
854 2819 884 2842 η.
923 2820 1042 2842 "Imma:
1056 2825 1142 2842 "om;
1159 2823 1284 2842 ημιειτιιη
1309 2822 1377 2842 ειηιυι
1393 2821 1619 2842 Ψμνηιιιιοιιιιιιηι.
1656 2818 1678 2837 ³⁸
1693 2825 1745 2842 που
1776 2824 1813 2842 ,οη
1828 2824 1855 2842 ς.

413 2815 449 2861 Βέι
482 2815 647 2861 ’,ιέὶντῗῑπέῖ
670 2819 710 2845 δτι
725 2815 834 2861 ,παρέχι
923 2820 947 2861 ξ’
959 2825 1042 2861 φορᾷ]
1051 2815 1143 2861 5900p};
1159 2815 1378 2861 Reiskliusuapti-d
1393 2815 1678 2861 Wfrnstlor-ll_uin.m'”
1693 2825 1745 2861 που

1774 2824 1813 2851 ιοη
1828 2824 1856 2847 ς·

1711 2852 1733 2868 ⁸⁸
1745 2851 1857 2881 τούτους

1288 2858 1311 2874 ³⁸
1327 2855 1407 2894 ῥώμῃ
1421 2856 1442 2884 Β
1463 2865 1469 2884 =
1485 2857 1518 2891 τῇ
1535 2855 1617 2892 ῥώμῃ
1630 2863 1660 2887 ς-
