1919 3096
72 143 143 176 1313

586 140 850 171 ΒΙΒΙᾸΟΤΗΕΟΛ.
871 152 903 158 -
915 139 997 172 COD.
1011 142 1162 174 CCLXIII.

1631 140 1700 175 13M

68 197 176 230 κακῶν,
186 195 259 223 οὕτω
273 195 322 223 καὶ
354 195 444 231 Θήϐας
475 195 645 231 ἀνήρπασεν.
664 195 766 221 Ἔπεσε
784 195 861 226 πόλις

916 193 1034 228 Graeciaa,
1059 201 1202 231 antequam
1227 195 1374 224 audiissem
1387 216 1395 228 ,
1408 203 1524 231 cumque
1549 203 1599 232 ego
1612 197 1701 226 adhuc

67 243 116 270 ἐπὶ
134 243 185 278 τῆς
201 241 326 273 Ἑλλάδος
341 241 438 277 μέσης,
462 240 615 275 φθάσαντος
640 241 690 276 τὴν
709 241 805 275 φήμην
814 239 862 267 τοῦ

67 287 228 322 πτώματος.
262 286 350 320 Κάγὼ
365 286 415 321 μὲν
431 285 547 320 ἠγνόουν
569 286 619 320 τὴν
645 285 799 321 συμφορὰν,
812 285 863 321 τὴν

66 333 95 359 δὲ
114 333 194 359 πόλιν
204 329 261 367 εἷχε
274 332 305 358 τὸ
332 331 520 366 πολυάνδριον.
537 331 623 358 Τοῦτο
638 332 687 367 μὲν
701 332 732 368 δὴ
753 332 863 367 πρῶτον

66 378 118 404 οὐκ
134 378 168 413 ἐᾷ
189 385 223 412 με
235 377 379 412 προσέχειν
389 384 396 392 ·
406 377 532 412 δεύτερον
545 377 573 404 δὲ
588 377 628 404 ὅτι
641 375 712 404 οῐδεν
736 378 861 410 Ἀλέξαν-

66 424 142 459 δρος,
161 423 214 450 κᾶν
225 423 250 449 εἰ
267 423 369 458 σφόδρα
377 431 418 454 τις
430 423 511 451 αὑτὸν
525 424 635 459 μεθύειν
650 424 702 450 ὑπὸ
715 424 764 459 τῆς
785 425 863 451 εὐτυ-

66 464 130 504 χίας
143 469 288 503 ὑπείληφε,
305 469 352 495 καὶ
369 469 441 503 ἑξῆς.
460 468 493 495 Τί
508 467 556 496 οὖν
571 469 600 495 οὺ
613 469 739 505 καθαιρῶ
755 469 789 497 τὰ
800 470 863 505 τρό-

67 523 158 548 nata;
175 515 202 541 τί
215 515 244 541 δὲ
257 515 278 531 “
299 515 349 541 οὐκ
371 516 517 550 ἀνατρέπω
533 515 581 546 τὰς
595 515 712 551 στήλας;
725 516 752 542 τί
769 516 797 542 δὲ
813 517 864 543 οὐκ

66 559 207 594 ἐξαλείφω
220 560 254 586 τὰ
281 561 498 595 ὲπιγράμματα;
513 561 606 587 Πάντα
631 562 684 597 γὰρ
701 559 778 596 οἶμαι
792 562 815 578 ⁸¹
829 561 863 588 τὰ

65 607 119 641 τῆς
137 607 241 641 ἀρετῆς
256 606 451 642 ὑπομνήματα,
460 606 556 642 ὥσπερ
570 608 626 638 τοῖς
639 606 750 641 ἀγαθοῖς
761 607 864 644 κόσμος

67 653 156 685 ἐστὶν,
175 652 261 684 οὕτως
273 652 383 687 ἔλεγχος
402 653 456 683 τοῖς
472 653 691 688 καταισχύνουσι.

103 698 206 730 Καλῶς
237 697 392 732 ἐθαύμαζον
416 698 466 734 τὴν
498 699 627 734 Ποικίλην
647 699 671 726 οἰ
695 699 825 735 Σαλαμῖνι
840 699 863 716 ⁸³

67 744 306 774 κινδυνεύσαντες.
328 743 485 769 Ἐδαπάνων
497 743 551 777 γὰρ
567 743 614 770 ἐπὶ
625 743 675 779 τῆς
690 743 825 778 θαλάττης
840 744 864 760 ⁸⁸

66 791 97 817 τὸ
111 790 174 825 τῆς,
193 790 310 824 ἠπείρου
339 788 476 823 λείψανον.
510 789 671 825 Παρνασσὸς
684 789 707 805 ⁸⁵
718 789 747 816 δὲ
771 791 800 821 ἐς
814 790 864 825 τὴν

67 836 210 864 θάλασσαν
234 835 378 869 ἐσφενδόνα
404 835 453 866 τὰς
473 834 607 869 κορυφὰς,
631 835 679 861 καὶ
697 835 752 865 τοῖς
765 835 862 861 ἑαυτοῦ

69 882 186 917 μέρεσιν
201 880 262 907 ἀντὶ
274 865 363 916 ’βελῶν
372 865 765 914 ὑπὲρτοῦ’γένουςὸπλίζεταα
778 880 862 915 Μερί-
879 865 900 893 Β

66 927 164 958 ζονται
180 926 208 952 δὲ
231 925 282 956 τὰς
312 925 401 960 μάχας
414 923 556 960 Ἕλληνες,
584 925 631 952 καὶ
647 925 775 960 νέμονται
794 926 863 960 πρὸς

66 971 202 1007 ἀλλήλους
219 970 289 1007 μετὰ
318 971 373 997 τῶν
393 970 417 986 ⁸⁸
434 970 574 1006 στοιχείων
594 970 628 998 τά
649 970 860 1006 κατορθώματα,

65 1017 282 1052 Λακεδαιμόνιοι
293 1016 357 1053 [578
372 1016 416 1052 Η.]
430 1017 480 1053 τὴν
491 1017 616 1052 ἤπειρον,
645 1018 725 1053 ἡμεῖς
752 1018 801 1053 τήν
814 1018 862 1045 θά-

65 1061 182 1088 λατταν.
206 1062 319 1088 Ἐκεῖνοι
343 1061 511 1097 τριακοσίοις
535 1061 585 1092 τὰς
612 1061 704 1093 Πύλας
728 1061 861 1097 σώμασιν,

66 1108 152 1142 ἡμεῖς
164 1107 310 1138 τοσαύταις
324 1107 450 1143 τριήρεσι
464 1107 513 1138 τὰς
524 1107 574 1142 τῆς
590 1107 713 1139 Ἑλλάδος
730 1108 863 1144 παρόδους

67 1151 209 1186 κλειομεν.
236 1151 388 1178 Νεανίσκου
419 1152 448 1178 δὲ
465 1152 619 1184 Μακεδόνος
645 1153 707 1180 καθ’
731 1146 795 1189 ὅλης
813 1154 862 1188 τῆς

68 1196 117 1231 ὑφ’
148 1196 217 1232 ἡλίῳ
239 1196 426 1231 κωμάζοντος,
446 1197 494 1224 καὶ
519 1197 669 1230 λυποῦντος
693 1199 793 1234 μικροῦ
815 1199 863 1226 καὶ

67 1242 157 1277 αὐτὴν
173 1242 223 1278 τὴν
238 1242 323 1278 τύχην
337 1240 378 1275 οἷς
389 1243 526 1280 ὲνυὸρίζει
537 1245 593 1275 τοῖς
602 1244 798 1280 εὐτυχήμασιν.
811 1246 863 1272 οὐκ

68 1289 146 1316 ἐστιν
158 1289 188 1321 ὃς
203 1289 380 1316 διανίσταται.
397 1289 462 1316 Ὅτε
478 1290 500 1306 ⁵⁷
520 1290 626 1325 βασιλεῖ
638 1292 688 1323 τὰς
703 1292 864 1327 ὑποσχέσεις

68 1335 282 1371 διακονούμενος
294 1335 318 1352 ⁸⁸
329 1336 359 1362 οὐ
372 1335 468 1368 πείσας
484 1336 616 1372 ἀπῆλθεν,
631 1337 698 1364 ἀλλὰ
725 1338 862 1372 κερδάνας

69 1382 113 1408 ὅτι
143 1382 180 1416 μὴ
209 1381 308 1413 πείσας
334 1381 462 1413 ἐσώζετο.
489 1382 577 1417 ’Υμᾶς
599 1382 628 1409 δὲ
652 1383 804 1418 χειροήθεις
817 1383 860 1410 ἀεὶ

69 1427 128 1458 τοῖς
155 1426 317 1461 τυραννοῦσι
354 1427 377 1444 δ’
399 1428 667 1462 παρασκευάζουσιν,
699 1429 743 1456 ῐνα
767 1429 860 1462 αὐτοῖς

72 1473 123 1506 μὲν
142 1472 251 1508 ὑπάρχῃ
266 1472 401 1505 πλουτεῖν,
432 1474 466 1508 τῇ
498 1473 575 1500 πόλει
593 1473 621 1500 δὲ
646 1474 677 1500 τὸ
689 1474 743 1500 τῶν
757 1474 863 1501 οἰκείων

72 1517 227 1553 στέρεσθαι.
246 1518 404 1552 ’Δναγκαῐος
421 1518 472 1554 μὲν
485 1519 500 1545 ό
518 1519 610 1552 φόόος,
631 1519 680 1554 ὀψὲ
696 1520 724 1546 δὲ
739 1520 786 1546 καὶ
800 1520 861 1547 λίαν
876 1533 897 1562 c

71 1564 192 1598 βραδέως
208 1564 270 1599 ἄρτι
285 1564 307 1580 ⁵⁸
323 1564 368 1590 τὸν
390 1565 490 1599 τρόπον
517 1565 563 1592 τὸν
580 1566 706 1601 Αἰσχίνου
721 1567 742 1582 ¹¹
761 1567 861 1601 φυλάτ-

70 1609 151 1636 τεσθε
165 1609 200 1636 ⁸⁵.
221 1609 276 1640 Τὰς
290 1610 414 1645 τριήρεις
431 1611 568 1646 ἐμπρήσει
584 1612 633 1647 τῆς
652 1611 754 1644 πόλεως
771 1612 861 1638 οὐκέτι

70 1655 105 1682 δι’
127 1654 308 1690 Ἀντιφῶντος
327 1656 389 1683 οὐδὲ
406 1656 440 1683 δι’
466 1657 640 1692 ἀπορρήτων,
657 1657 695 1689 ὡς
718 1658 860 1693 πρότερον,

71 1701 129 1727 ἀλλ’
155 1701 382 1737 αὑτοπροσώπως
395 1702 418 1718 ¹¹
429 1702 479 1738 τὴν
502 1703 610 1729 ἀδικίαν
635 1703 860 1738 ὑποκρινόμενος.

73 1745 106 1772 '0
121 1745 209 1779 δῆμος
221 1747 235 1772 ό
250 1746 304 1771 τῶν
322 1746 474 1781 Ἀθηναίων
488 1747 601 1783 Αἰσχίνῃ
611 1747 712 1782 γράφει
727 1747 776 1784 τὴν
792 1748 860 1776 κάθ-

70 1789 139 1822 οδον,
166 1791 180 1817 ὸ
203 1791 252 1822 τὰς
274 1790 323 1816 ἀπ’
343 1790 431 1816 Ἰνδῶν
449 1791 541 1826 φήμας
564 1791 602 1823 ὡς
621 1792 689 1818 ὅπλα
710 1794 756 1819 καὶ
773 1793 862 1828 μάχας

71 1836 250 1870 φοϐούμενος.
283 1836 400 1862 Ὠκνουν
444 1836 613 1873 ’Δριστείδην
646 1839 788 1872 κατάγειν,
814 1839 862 1866 καὶ

70 1883 157 1910 ταῦτα
171 1883 202 1909 οὐ
217 1883 327 1915 κακίαν,
344 1882 402 1909 ἀλλ’
412 1881 512 1918 ἀρετὴν
524 1883 573 1918 τῆς
583 1883 672 1918 φυγῆς
687 1883 782 1919 ἔχοντα
795 1885 864 1920 πρό-

71 1937 165 1963 φασιν.
181 1928 241 1954 Ἵνα
260 1929 313 1963 γὰρ
327 1927 459 1954 πεισθῶσι
486 1928 525 1963 τῷ
551 1928 661 1962 Σόλωνι,
680 1929 734 1956 οὐδ’
745 1930 825 1956 αὐτὸν
841 1931 865 1947 ³⁸

70 1975 187 2009 ἔφευγον
202 1974 307 2000 ἀδικεῖν
326 1973 401 2006 δόξαι
428 1973 459 2000 τδ
474 1974 497 1990 ⁵⁸
518 1973 634 2002 δίκαιον.
664 1975 760 2002 Κείται
776 1975 866 2003 Βαϐυ-

69 2020 134 2053 λὼν,
151 2021 263 2055 Δαρεῖος
277 2020 392 2055 οἴχεται,
419 2019 516 2052 Ἰνδοὺς
541 2020 673 2056 ἀνῄρηκε,
687 2021 790 2057 Πέρσαι
804 2023 865 2049 δου-

914 241 1097 268 calamitatem
1120 240 1178 274 ejus
1199 241 1362 276 ignorarem.
1398 241 1554 276 sepulcrum
1588 249 1699 270 suorum

915 285 987 314 facta
1010 291 1061 313 est.
1078 286 1133 314 Hoc
1157 291 1246 313 autem
1273 287 1383 322 impedit
1415 287 1559 321 quominus
1582 287 1699 322 primum

915 339 1076 367 prosequar.
1098 332 1225 359 Secundo
1240 339 1305 359 vero
1322 333 1401 360 scivit
1415 333 1579 365 Alexander,
1602 341 1699 368 quam-

913 376 955 404 vis
970 383 1030 402 eutn
1045 376 1106 410 quis
1120 376 1263 403 admodum
1286 377 1367 404 rebus
1383 377 1511 404 secundis
1525 378 1630 405 ebrium
1649 385 1700 412 pu-

915 423 990 455 tarit,
1007 428 1059 451 etc.
1075 423 1130 451 Cur
1143 430 1208 458 ergo
1229 430 1281 450 non
1298 423 1364 450 tollo
1396 424 1514 458 tropaea?
1527 423 1583 451 Cur
1599 425 1700 451 colum-

915 474 964 495 nas
977 475 1030 495 non
1050 468 1162 495 everte?
1182 475 1231 495 cur
1254 468 1446 502 inscriptiones
1475 476 1528 496 non
1554 469 1699 503 expunget

915 512 982 540 Nam
996 513 1053 540 haec
1065 513 1156 540 omnia
1173 513 1283 540 virtutis
1306 514 1465 541 memoriam
1487 514 1614 541 existimo
1633 522 1699 541 con-

916 559 1011 590 tinere.
1029 563 1058 586 ut
1072 559 1154 593 justis
1174 559 1201 586 in
1212 559 1354 592 honorem,
1368 559 1548 587 deterioribus
1564 560 1590 587 in
1603 568 1699 595 oppro-

913 605 1002 632 brium
1019 605 1126 632 cedant.

950 693 1047 721 Merito
1072 694 1210 722 Salaminii
1244 693 1352 721 Variam
1374 693 1470 730 355’)
1499 698 1559 729 post
1579 695 1699 729 pericula

915 740 1049 774 porticum
1059 741 1261 767 admirabantur
1269 740 1385 775 (ΒΞ-55).
1396 740 1463 767 Nam
1472 748 1532 775 quae
1542 741 1567 767 in
1575 744 1645 767 terra
1655 748 1700 768 su-

919 785 1075 820 perfuerant
1092 786 1218 820 reliquae,
1233 793 1280 813 eas
1301 787 1326 812 iu
1347 794 1422 813 mare
1439 793 1488 821 pro
1504 786 1556 813 hac
1574 794 1700 814 consum-

914 836 1037 865 pseruut.
1044 831 1195 859 Parnassus
1203 831 1333 859 contorsit
1343 832 1370 859 in
1383 832 1449 859 mari
1462 832 1562 860 montis
1570 833 1698 864 vertices.

915 882 942 904 et
954 876 1075 912 partibus
1091 878 1147 904 suis
1162 877 1220 904 loco
1237 877 1351 904 telorum
1366 885 1415 913 pro
1430 879 1481 905 hac
1496 883 1576 913 gente
1593 886 1697 914 pugna-

915 922 963 950 vit.
978 923 1132 950 Diviserunt
1145 922 1231 950 Graeci
1250 924 1321 951 inter
1333 931 1362 950 se
1379 931 1495 958 pugnas,
1509 929 1536 952 et
1551 925 1699 953 distribue-

914 973 976 996 runt
992 976 1053 996 cum
1076 969 1218 996 elementis
1239 974 1266 996 et
1279 968 1378 1001 ollicia,
1402 969 1596 997 Lacedaemonii
1614 976 1698 1004 terra,

914 1022 963 1041 nos
977 1013 1045 1040 mari
1061 1013 1204 1050 pugnaturi
1218 1034 1225 1046 ,
1242 1013 1279 1041 illi
1297 1014 1424 1042 trecentis
1441 1015 1596 1042 hominibus
1613 1014 1701 1042 Ther-

915 1059 1056 1095 mopylas,
1085 1067 1134 1087 nos
1158 1060 1270 1086 totidem
1287 1060 1443 1088 triremibus
1466 1068 1561 1088 omnes
1588 1060 1700 1089 Graecia

913 1106 1001 1132 aditus
1020 1106 1195 1134 occlusimus.
1220 1106 1306 1134 Nemo
1321 1114 1385 1133 vero
1406 1111 1475 1138 erat,
1487 1107 1532 1141 qui
1546 1112 1637 1141 posset
1654 1115 1699 1134 re-

914 1151 1012 1178 sistere
1030 1151 1195 1179 adolescenti
1212 1153 1251 1179 illi
1271 1152 1436 1185 Macedouio,
1455 1157 1540 1180 totum
1556 1161 1608 1187 qua
1626 1158 1701 1188 patet

913 1196 1006 1222 orbem
1023 1197 1191 1231 pervadenti.
1208 1203 1234 1225 et
1253 1205 1321 1232 pene
1337 1198 1525 1225 constristauti
1544 1199 1628 1233 ipsum
1644 1199 1700 1225 for-

915 1247 1008 1268 tttnatn
1032 1242 1128 1270 iisdem
1149 1242 1228 1270 rebus
1253 1243 1381 1270 secundis
1398 1243 1495 1277 quibus
1509 1243 1552 1270 ille
1565 1251 1613 1271 nos
1633 1244 1702 1271 infe.

914 1292 978 1316 stat.
990 1287 1039 1316 Hic
1051 1290 1106 1323 regi
1119 1289 1312 1323 proutissiones
1320 1289 1444 1324 explens.
1458 1297 1487 1316 re
1499 1289 1597 1317 infecte
1609 1290 1700 1321 rediit.

914 1335 961 1362 sed
982 1331 1013 1362 id
1026 1335 1160 1362 commodi
1187 1336 1311 1370 accepit,
1340 1340 1369 1362 ut
1396 1340 1561 1363 servaretur.
1587 1335 1702 1370 Semper

914 1381 1022 1415 quidem
1046 1388 1094 1408 vos
1126 1380 1218 1408 faciles
1247 1382 1370 1416 tyrannis
1404 1381 1577 1415 praebuistis.
1608 1386 1637 1408 ut
1663 1380 1702 1408 illi

915 1427 1023 1461 quidem
1056 1427 1208 1459 ditescant,
1239 1428 1335 1455 civitas
1361 1434 1425 1454 vero
1455 1427 1532 1455 bonis
1560 1427 1702 1461 spolietnr.

915 1472 1089 1500 Necessarias
1109 1474 1216 1507 quidem
1235 1479 1339 1505 metus,
1358 1474 1464 1500 tandem
1478 1481 1555 1506 sero,
1576 1473 1703 1507 lenteque

915 1517 1057 1545 admodum
1076 1516 1217 1545 [Eschinis
1233 1518 1453 1545 consuetudinem
1469 1518 1584 1545 retinete
1604 1527 1611 1545 :
1628 1518 1702 1544 urbis

915 1564 1040 1591 triremes
1053 1563 1188 1595 incendet,
1206 1571 1259 1589 non
1286 1570 1335 1597 per
1355 1563 1558 1598 Antiphontem,
1578 1569 1623 1590 aut
1636 1564 1703 1592 alios

914 1609 1052 1640 occultos.
1076 1614 1106 1636 ut
1128 1609 1218 1642 prius,
1242 1608 1289 1635 sed
1311 1615 1360 1642 per
1383 1615 1412 1635 se
1434 1608 1495 1635 ticta
1517 1609 1700 1643 improbitate.

915 1655 1032 1690 Populus
1046 1654 1219 1682 Atheniensis
1239 1654 1301 1680 licet
1317 1653 1416 1680 fatuam
1437 1653 1563 1680 ludorum
1580 1658 1608 1680 ιιι
1625 1661 1701 1681 arma

915 1706 942 1727 et
963 1700 1032 1728 bella
1049 1704 1162 1733 metuat,
1177 1699 1337 1727 Eschinem
1358 1704 1477 1726 revocat.
1492 1697 1608 1734 Negligit
1624 1706 1702 1725 revo-

914 1756 979 1776 care
993 1748 1152 1779 Aristidem,
1165 1747 1210 1782 qui
1228 1755 1280 1774 non
1301 1750 1410 1782 propter
1429 1746 1567 1779 delictuml
1584 1745 1630 1772 sed
1646 1745 1702 1772 vir-

915 1795 979 1822 tutis
992 1794 1102 1821 nomine
1119 1793 1263 1820 exsulavit.
1278 1791 1306 1819 Si
1323 1792 1394 1819 enim
1411 1791 1521 1819 Solonis
1538 1792 1641 1825 legibus
1653 1799 1703 1826 pa-

914 1844 1013 1871 rerent.
1034 1839 1135 1874 justum
1149 1844 1221 1866 certe
1243 1846 1295 1865 non
1313 1838 1512 1872 proscriberent
1529 1837 1597 1873 (54).
1625 1836 1703 1864 Jacet

918 1886 1051 1921 Babylon,
1072 1893 1158 1913 cassus
1172 1889 1211 1912 est
1233 1884 1343 1913 Darius.
1364 1883 1443 1910 lndos
1465 1883 1580 1916 evertit,
1605 1882 1704 1910 Persas

917 1933 1044 1967 subegit,
1066 1932 1114 1959 soli
1139 1931 1319 1958 Athenienses
1334 1930 1434 1957 virtute
1451 1937 1498 1957 sua
1514 1929 1610 1964 reliqui
1628 1934 1701 1963 sunt,

917 1986 1031 2014 quorum
1057 1978 1140 2004 robur
1159 1978 1238 2005 toties
1257 1977 1347 2004 Persa:
1366 1977 1470 2011 experti
1491 1981 1568 2008 sunt.
1591 1975 1698 2011 quotie'

919 2032 1005 2060 pugna
1021 2024 1228 2051 contenderunt.

69 2065 195 2094 λεύουσι¹
213 2065 292 2100 μόναι
311 2065 450 2092 λείπουσιν
474 2065 497 2081 ⁸³
522 2065 632 2101 Ἀθῆναι
649 2067 706 2099 τοῖς
724 2068 945 2104 κατορθώμασιν,
979 2067 1016 2097 ὧν
1051 2070 1154 2105 Πέρσαι
1177 2069 1339 2102 τοσαυτάκις
1369 2068 1482 2106 ᾔσθοντο
1511 2068 1562 2104 τῆς
1589 2067 1702 2103 ἀρετῆς.

68 2112 167 2140 ὸΊάκις
184 2110 238 2136 ἔδει
255 2108 402 2144 μάχεσθαι.

75 2170 122 2196 Ἐκ
138 2167 196 2200 τῆς
206 2166 335 2201 μελέτης
345 2163 384 2202 ἧς
406 2165 428 2180 ⁸⁷
450 2165 469 2198 ἡ
487 2165 640 2202 ⁸ἐτἰνιγραξαὴ
659 2176 668 2192 ι
682 2167 860 2202 Ε’πίκουρος,

105 2199 258 2236 "ptimo—lar
274 2202 330 2228 οὐκ
354 2199 430 2227 εἶναι

104 2236 235 2273 γραφήν.
255 2245 265 2262 ι

339 2281 391 2309 Ἐκ
399 2281 454 2315 τῆς
468 2281 586 2315 θεωρία,

107 2328 170 2358 Οῐδι
197 2328 328 2365 ῥητορικὴ
357 2328 406 2355 καὶ
428 2328 587 2362 φιλοσοφίαν
623 2328 646 2344 ⁵⁸
671 2329 771 2365 ἑαυτῆς
792 2329 858 2365 ὕλην

458 2200 564 2235 λέγων.
590 2202 731 2235 ἀσεϐείας
757 2200 859 2238 φεῦγὲι
875 2206 900 2238 ι)

916 2168 959 2196 Ea:
981 2168 1174 2196 Declamatione
1196 2169 1239 2195 cui
1259 2168 1353 2196 titulus
1370 2173 1432 2196 ut:
1452 2177 1462 2194 ι
1483 2168 1614 2202 Epicurus
1633 2168 1702 2196 Pro-

1005 2204 1147 2231 videntiam
1159 2211 1265 2238 negans,
1282 2205 1424 2238 impietatis
1439 2209 1588 2231 accusatur.
1606 2212 1616 2230 ι

1198 2280 1258 2319 ‘sz
1271 2281 1382 2308 thenn'a.

948 2327 1034 2355 Scivit
1052 2326 1191 2354 rhetorica
1209 2327 1262 2354 sibi
1283 2326 1481 2362 philosophum
1501 2332 1642 2355 materiam
1661 2327 1702 2355 di-

70 2375 236 2411 ποιήσασθαι
249 2382 256 2389 ·
269 2374 400 2406 τύραννος
429 2373 484 2408 γὰρ
499 2374 515 2408 ή
530 2373 577 2401 τοῦ
590 2373 680 2402 λένιιν
692 2374 796 2403 ἀνωθεν
807 2375 855 2403 δύ-

916 2372 991 2400 cendi
1014 2379 1132 2406 parare:
1152 2371 1296 2400 sublimior
1312 2372 1384 2399 enim
1407 2372 1513 2401 dicendi
1534 2373 1592 2406 vis,
1609 2373 1695 2401 instar

69 2429 161 2457 νῖιμις.

911 2419 1018 2454 tyranni
1032 2423 1084 2446 est.

721 2508 835 2536 VARIJE
849 2508 1052 2537 LECTIONES.

103 2581 124 2596 δι
144 2581 173 2607 δὲ
188 2587 243 2607 om.
261 2579 293 2606 A.
332 2579 354 2594 δ’
371 2576 448 2612 οἶμαι
489 2586 518 2612 αι
542 2577 576 2604 τὰ
597 2577 665 2612 μετὰ
681 2577 699 2603 Β
716 2582 742 2604 et
759 2585 829 2603 corr.
858 2577 891 2605 Α.

68 2617 89 2631 ⁵⁸
101 2616 156 2642 τῶν
172 2615 234 2641 add.
253 2615 285 2640 Α.
304 2648 309 2649 7
324 2615 346 2632 ⁸⁷
361 2611 459 2649 step,
476 2621 506 2649 τε
517 2612 549 2639 C.
564 2646 570 2649 _
588 2612 612 2649 ξ’
624 2611 892 2649 διακρινούμενοςνΑ.

927 2575 950 2591 ⁸⁸
967 2575 1122 2610 Σαλαμίνιοι
1140 2583 1169 2610 ς.
1208 2574 1232 2591 ⁵⁸
1248 2574 1383 2609 θαλάσσης
1399 2574 1428 2602 Β.
1467 2576 1490 2592 ⁸³
1506 2575 1646 2610 Παρνασὺς
1668 2575 1697 2601 Β.

947 2611 970 2627 δ’
985 2609 1157 2645 τυραννοῦσι]
1173 2610 1334 2644 τυγχάνουσι
1350 2611 1380 2635 Α.
1418 2610 1442 2626 ⁸⁸
1454 2610 1516 2645 ἄρτι
1535 2609 1576 2638 Ᾱς
1591 2611 1650 2637 ἀντὶ
1666 2619 1696 2642 ς.

68 2652 86 2666 ¹¹
107 2651 154 2677 τὸν
166 2648 315 2685 Λίσχ.]τοῢ
326 2644 455 2685 amis;
469 2648 510 2685 __"
527 2644 708 2685 φυλάττεσθαι
724 2644 770 2685 ςί
792 2644 1039 2685 “_at3101_rpdaw_rro;
1047 2645 1081 2685 _B.
1115 2644 1137 2660 ³⁸
1150 2644 1241 2671 inaltm
1256 2645 1332 2671 αὐτὸ.
1370 2645 1393 2661 ⁸⁵
1408 2645 1449 2680 τὸ]
1463 2644 1509 2672 τὸν
1522 2645 1553 2673 Β,
1591 2646 1614 2662 ⁸⁸
1624 2645 1695 2672 um.

68 2687 93 2711 αἱ
118 2681 235 2712 Ἀθῆναι
244 2681 262 2716 ξ
311 2683 334 2700 "
347 2681 446 2719 ἦςοιιι.
464 2682 494 2710 C.
533 2683 555 2699 ⁸⁸
574 2682 731 2716 φιλοσοφίαν
748 2681 858 2717 ἑαυτῆς]
873 2681 1029 2715 φιλοσοφίας
1040 2681 1072 2706 Α.

827 2747 944 2776 NOTAE.

101 2808 208 2842 (32-33)
235 2807 334 2835 Pcecile
360 2807 479 2842 porticus
500 2807 623 2834 Athenis.
637 2805 704 2835 Vide
721 2805 861 2834 Emilium

70 2843 198 2871 Probum.
212 2842 277 2870 Vide
291 2843 366 2870 infr..
377 2843 405 2870 in
418 2847 488 2870 orat.
510 2843 639 2876 proxima.

953 2805 1010 2839 (PM)
1021 2804 1182 2832 Plutarchus
1191 2805 1218 2832 in
1229 2806 1321 2833 decem
1333 2805 1444 2833 Graeciaa
1456 2806 1619 2836 oratoribus.
1631 2804 1698 2834 Vide

919 2840 1022 2868 Plutar.
1038 2845 1065 2867 et
1077 2840 1159 2868 Corn.
1175 2839 1304 2875 Nepotem
1321 2849 1367 2868 seu
1382 2840 1510 2870 Probum.
