1919 3096
214 121 283 154 1315

453 173 598 202 Exordium
614 174 753 202 orationis.

250 221 338 248 Diseet
353 227 424 248 nunc
439 225 533 255 aperte
550 220 692 254 Epicurus,
708 220 730 247 si
750 224 829 249 antea
845 220 996 253 ignorabat,

212 267 319 298 doctus,
336 267 382 294 sed
397 266 547 298 convictus,
560 265 732 293 Providentia
753 266 809 300 regi
829 266 996 293 universum.

213 313 288 346 Quod
302 312 373 339 enim
385 311 446 338 mali
459 312 683 344 eoudenmentur,
696 311 852 345 puniantur,
864 316 891 338 et
905 319 999 346 poenas

214 357 298 390 luant,
315 357 412 392 356a
428 356 598 383 manifestum
612 361 654 384 est
667 356 795 383 indicium
825 364 878 384 non
895 362 998 384 natura!

215 408 316 430 temere
329 411 360 430 ac
377 403 476 429 l'rustra
494 403 608 434 ruentis,
620 402 668 430 sed
688 402 755 436 legis
771 408 852 437 alque
869 403 997 435 instituti,

213 454 240 476 et
260 448 371 476 rationis
395 448 615 480 administrandi,
634 451 662 474 et
686 449 737 475 hoc
759 449 891 482 amplius,
914 449 999 483 ipsius

214 494 394 521 Providentia:
420 499 460 520 est
479 498 677 528 argumentum.
700 493 758 521 Jam
775 494 864 528 itaque
884 494 998 528 aliquid,

214 541 402 572 Athenienses,
411 540 670 567 commcmomtione
679 540 789 574 dignum
800 541 909 568 accidit.
922 540 1001 567 Venit

215 587 242 614 in
256 587 382 620 iudicium
395 586 526 620 Epicurus
537 585 610 612 vultu
624 585 759 618 subtristi,
775 590 802 612 et
813 593 901 619 suam,
917 593 998 620 quam

215 635 248 660 de
260 634 396 666 voluptate
409 632 499 662 habet,
511 631 666 666 opinionem
677 632 774 659 tetrico
785 631 858 658 vultu
868 632 998 666 corrupit.

216 678 319 713 Duplici
337 679 369 705 de
384 685 464 705 causa
477 677 539 705 odio
555 677 742 712 dignissimus,
758 685 819 704 cum
835 678 906 711 quod
924 677 1001 705 aliter

217 725 312 751 doceat
328 724 464 757 privatim,
480 726 538 749 tum
555 724 625 757 quod
640 724 719 751 aliter
735 724 840 758 publice
866 723 1000 751 exhibeat.

216 768 254 796 lbi
265 769 336 795 enim
352 768 514 802 voluptatem
528 768 637 802 quidem
649 769 746 801 jactat,
764 773 792 795 ut
803 768 1000 802 jucunditatem

217 822 250 842 ex
270 814 394 841 omnibus
419 814 498 841 rebus
523 814 632 848 colligat
655 822 662 841 :
689 814 733 841 hic
753 821 817 841 vero
841 815 1001 850 gravitatem

1011 179 1032 206 A

795 119 925 149 PHOTIl
947 118 1198 149 PATRIARCHE
1210 118 1264 148 CP.

1048 174 1129 210 [1084
1143 174 1187 210 IL]
1207 174 1256 207 Ἐξ
1273 172 1370 208 αὐτῆς
1381 173 1405 189 ⁵⁸
1414 171 1469 207 τῆς
1480 172 1611 208 μελέτης
1625 172 1658 200 τὸ
1669 173 1834 207 προοίμιον.

1083 220 1140 246 Νῦν
1156 220 1216 255 μὲν.
1231 220 1255 246 εἰ
1268 220 1315 246 καὶ
1328 219 1365 254 μὴ
1374 219 1516 255 πρότερον,
1531 219 1635 246 εἴσεται
1649 219 1743 254 σαφῶς
1761 220 1836 246 Ἐπί-

1048 275 1095 294 κου
1100 275 1145 302 ρος
1159 267 1200 293 ὄτι
1215 266 1328 301 πρόνοια
1357 266 1454 293 διοικεῖ
1482 266 1531 301 τὴν
1551 265 1605 293 τῶν
1617 267 1686 294 ὅλων
1700 267 1793 301 φύσιν,
1806 267 1836 293 οὺ

1047 312 1230 346 δογματίζων,
1263 311 1331 338 ἀλλὰ
1360 312 1535 346 κρινόμενος·
1558 312 1589 338 τὸ
1607 311 1661 347 γὰρ
1675 312 1738 344 τοὺς
1755 321 1837 347 πονη-

1050 358 1114 394 ροὺς
1128 357 1269 393 κρίνεσθαι
1278 358 1326 384 καὶ
1341 357 1502 389 κολάζεσθαι
1523 357 1570 383 καὶ
1584 357 1685 384 διδόναι
1697 358 1776 392 δίκην
1786 359 1834 385 οὐκ

1049 404 1110 438 εἰκῆ
1127 403 1281 438 φερομένης
1296 403 1343 429 καὶ
1358 403 1448 438 μάτην
1463 402 1580 436 φύσεως,
1596 402 1665 429 ἀλλὰ
1675 403 1776 438 θεσμοῦ
1790 404 1835 430 καὶ

1050 448 1132 482 νόμου
1144 448 1189 474 καὶ
1206 448 1228 463 ⁸⁸
1246 447 1385 479 πολιτείας
1404 447 1450 474 καὶ
1467 447 1508 481 (τὺ
1532 446 1670 482 μέγιστον)
1687 444 1774 481 αὐτῆς
1788 447 1836 482 τῆς

1050 493 1177 528 προνοίας
1192 493 1318 529 λαμπρὸν
1332 493 1449 528 ὑπάρχει
1464 493 1624 527 τεκμήριον.
1641 492 1710 527 Ἤδη
1727 494 1777 527 μὲν
1791 491 1836 519 οὖν

1051 538 1188 574 προῦργου
1198 547 1224 564 τι
1236 538 1286 573 τῆς
1299 538 1417 573 γραφῆς,
1435 537 1531 573 ἄνδρες
1559 537 1704 572 Ἀθηναῖοι,
1724 538 1836 573 γεγένη-

1051 592 1106 610 ται.
1123 583 1284 618 Στυγνάζων
1299 580 1365 618 ἧκεν
1375 583 1395 598 ⁸¹
1411 583 1457 609 ἐπὶ
1484 583 1535 618 τὴν
1555 582 1644 618 κρίσιν
1665 582 1834 618 Ἐπίκουρος,

1051 630 1098 656 καὶ
1118 629 1147 655 τὸ
1181 629 1230 663 τῆς
1247 629 1342 664 ἡδονῆς
1358 628 1446 664 δόγμα
1474 630 1506 664 τῇ
1523 628 1660 664 κατηφείᾳ
1677 629 1834 663 διέφθαρκε.

1051 676 1090 702 Δι’
1107 676 1249 711 ἀμφότερα
1263 675 1293 701 δὲ
1312 675 1450 710 μισεῖσθαι
1464 675 1577 707 δίκαιος,
1590 676 1637 701 καὶ
1651 672 1688 701 ὧν
1705 675 1758 710 ἰδία
1773 683 1836 701 παι-

1051 722 1123 748 δεύει
1138 722 1185 748 καὶ
1196 718 1234 748 ὧν
1250 721 1367 756 δημοσίᾳ
1383 721 1540 748 πλάττεται.
1564 721 1637 747 Ἑκεί
1650 722 1700 756 μὲν
1718 721 1774 756 γὰρ
1788 721 1836 755 τὴν

1052 768 1147 802 ἡδονὴν
1157 767 1257 802 θρυλεῖ,
1271 767 1314 793 ῐνα
1329 766 1377 801 τὴν
1390 766 1464 802 ὥραν
1477 766 1526 801 τὴν
1540 766 1593 793 τῶν
1603 766 1752 801 χρωμένων
1769 774 1837 799 καρ-

1052 814 1176 848 πώσηται
1186 821 1192 828 ·
1205 812 1320 839 ἐνταῦθα
1330 813 1358 839 δὲ
1366 812 1415 848 τὴν
1431 812 1581 847 σεμνότητα
1597 811 1836 846 καθυποκρίνεται,

217 861 356 892 mentitur,
385 868 413 888 ut
430 861 536 896 iudices
551 861 723 888 conciliando
735 862 878 897 subripiat.
897 861 1001 890 Novum

1055 859 1086 886 ἵν’
1102 859 1251 894 ὑφαρπάσῃ
1261 858 1291 884 τὸ
1311 858 1496 893 δικαστήριον.
1507 857 1539 884 Ἢ
1553 858 1576 872 ⁸³
1583 857 1632 891 μὲν
1645 857 1735 892 κρίσις
1748 858 1838 892 παρα-

217 914 283 933 sane
297 907 439 941 judicium,
459 907 540 934 homo
558 911 667 941 propter
681 911 804 934 naturam
823 908 915 934 mundi
929 907 1003 942 judi-

219 956 304 984 catur,
321 957 347 979 et
361 960 503 985 pervorsus
519 951 644 986 Sophista
656 971 663 984 ,
680 957 791 987 propter
804 953 1002 986 providentiam

219 1003 325 1031 poenam
349 998 430 1024 subit.
458 997 532 1024 Perit
558 998 648 1024 omnis
673 998 758 1026 virtus
782 1005 829 1032 per
852 998 1003 1026 doctrinam

224 1042 331 1076 Epicuri
348 1048 375 1069 et
399 1049 548 1070 sermones.
565 1042 685 1070 Pereunt
703 1044 830 1075 concilia,
847 1049 873 1071 et
887 1044 1002 1078 judicia,

219 1087 368 1114 honestatis
380 1087 499 1121 praemia,
514 1087 694 1121 improbitatis
709 1088 885 1123 supplicium;
895 1090 958 1123 quin
976 1094 1004 1118 et

221 1140 300 1166 supra
329 1133 427 1160 cmlutu
448 1134 538 1160 evadit
555 1133 694 1168 impietas,
716 1135 857 1169 nullusque
871 1141 913 1162 est
929 1136 1004 1163 locus

219 1178 264 1211 qui
289 1177 459 1212 impudentia
477 1183 504 1204 et
527 1178 646 1206 audaciae
668 1179 774 1213 Epicuri
791 1181 826 1207 sit
849 1188 956 1215 expers.
974 1181 1005 1208 Et

221 1224 271 1250 hac
289 1223 323 1251 de
340 1231 436 1256 causa,
456 1223 576 1259 antiquis
604 1225 779 1260 philosophia:
801 1227 921 1262 vestigiis
935 1227 1004 1254 iusi—

221 1273 292 1294 stere
310 1268 436 1300 erubuit,
459 1273 486 1295 et
507 1270 630 1296 eamdem
651 1277 731 1304 quam
757 1271 860 1305 priores
878 1272 916 1298 ire
933 1273 1003 1299 viain

221 1313 339 1347 neglexit
353 1312 420 1348 (55).
434 1312 534 1340 Eorum
554 1321 636 1348 porro
656 1315 737 1342 animi
753 1317 902 1350 angustiam
919 1317 1004 1351 potis-

223 1358 321 1385 simum
338 1359 453 1390 incusat,
464 1359 509 1393 qui
522 1366 536 1386 a
552 1359 630 1386 nobis
641 1365 750 1394 propter
760 1362 896 1388 doctrinas
909 1363 1005 1396 impias

222 1402 306 1436 puniti
326 1407 403 1435 sunt,
424 1410 509 1443 quare
531 1409 626 1430 omnes
655 1405 744 1431 adhuc
765 1405 904 1439 impietate
925 1406 1004 1441 longo

223 1448 365 1475 intervallo
378 1456 507 1484 superare
526 1453 612 1484 parat.
636 1449 690 1477 Cur
709 1458 761 1478 non
784 1456 937 1484 accusetur,
958 1453 1004 1487 qui

224 1493 274 1520 tale
283 1501 314 1520 ac
337 1498 441 1520 tantum
467 1502 564 1522 nomen
586 1502 667 1522 ausus
681 1499 724 1522 est
738 1495 790 1523 sibi
807 1495 955 1530 aﬂingerc?
976 1501 1004 1524 at
1016 1507 1038 1539 ρ

223 1539 266 1566 ubi
283 1539 339 1566 haec
351 1539 509 1573 proﬁtetur?
526 1539 640 1567 Ubinam
656 1542 781 1568 convenit
800 1547 828 1568 et
844 1542 1004 1570 commisce-

226 1589 269 1611 tur
284 1584 407 1618 voluptas
420 1583 567 1618 laboribus,
585 1585 713 1613 fortitudo
723 1587 846 1615 deliciis?
859 1588 1005 1616 Academia

223 1628 412 1663 lupanaribus,
434 1629 601 1664 philosophia
624 1631 823 1665 potationibus,
852 1637 1007 1667 temperan-

224 1675 288 1701 tium
316 1675 368 1701 vita
393 1683 456 1702 cum
477 1676 617 1710 impudicis
639 1677 871 1706 adolescentibus?
891 1678 924 1705 Et
942 1679 1006 1713 quid

223 1720 362 1754 praedixit,
377 1721 423 1755 qui
439 1728 520 1748 ausus
534 1721 593 1749 est?
609 1722 710 1749 Bellum
736 1728 764 1750 et
781 1731 855 1750 arma
875 1724 1007 1752 universae

224 1771 326 1792 natura
344 1765 447 1800 legibus
469 1766 582 1798 indicit,
602 1772 694 1794 contra
710 1774 817 1794 omnem
834 1772 941 1794 aetatem
958 1769 1007 1795 de-

224 1810 351 1836 mentiam
367 1810 492 1844 etl‘undit,
504 1816 532 1838 et
545 1812 578 1838 de
593 1811 683 1846 impiis
700 1812 881 1840 sectatoribus
891 1821 938 1841 eos
949 1813 1007 1848 plu-

224 1854 322 1882 rimum
337 1854 409 1887 colit,
423 1856 468 1890 qui
484 1856 644 1890 voluptatem
660 1861 722 1884 aute
736 1857 803 1885 alios
827 1858 1004 1886 demirantur.

262 1997 341 2025 Prius
365 2005 430 2025 vero
447 1998 627 2026 defensionem
649 1998 708 2033 ejus
731 1998 932 2026 consideremus
950 2007 957 2026 :
972 2006 1006 2026 an

225 2044 353 2072 doctrinae
366 2044 423 2078 ejus
439 2051 546 2079 pmnam
563 2043 665 2079 exigis?
678 2043 799 2077 Minime,
818 2046 864 2071 sed
883 2045 1005 2078 impieta-

226 2089 269 2116 tis.
290 2088 365 2116 Licet
385 2089 457 2116 enim
483 2089 581 2116 docere
603 2089 750 2123 quodlibet,
777 2089 860 2123 impio
879 2096 940 2116 esse
954 2097 1006 2116 non

226 2133 298 2161 licet.
313 2133 342 2160 Si
358 2134 473 2168 probare
491 2137 566 2167 potes
586 2141 639 2161 non
651 2140 711 2160 esse
726 2141 772 2161 eos
788 2133 885 2168 impios
900 2135 926 2161 in
943 2142 1005 2162 ver-

224 2179 277 2210 bis,
300 2179 378 2205 verba
395 2186 447 2205 non
467 2179 565 2206 damno
579 2187 586 2206 :
600 2183 628 2205 at
641 2178 664 2205 si
681 2179 769 2206 verbis
783 2179 854 2206 inest
868 2179 1002 2214 impietas,
1020 2181 1041 2208 υ

226 2233 277 2252 non
288 2231 398 2260 propter
409 2224 451 2250 illa
465 2231 571 2259 poenam
584 2224 671 2256 dabis,
686 2224 732 2251 sed
743 2232 776 2252 eo
787 2225 872 2259 magis
883 2225 1003 2260 puniere,

225 2272 288 2305 quia
311 2271 343 2296 ad
358 2270 523 2304 impietatem
545 2270 755 2297 conﬁrmandam
776 2270 818 2297 his
833 2271 922 2298 verbis
939 2278 1005 2298 usus

225 2324 264 2344 es.
279 2315 336 2343 Non
351 2316 422 2342 enim
442 2323 551 2350 pinnam
564 2315 702 2350 injudieio
719 2315 804 2347 dabit,
823 2316 845 2342 si
861 2315 932 2350 quis,
953 2317 1005 2344 etsi

226 2361 304 2388 liceat
314 2361 349 2387 uti
366 2361 398 2387 ad
411 2367 443 2386 ea
457 2367 516 2394 quae
526 2364 643 2395 oportet,
658 2360 691 2386 ad
707 2367 761 2386 rem
778 2367 830 2387 non
843 2361 1006 2388 convenien-

226 2411 277 2432 tem
294 2406 382 2432 verbis
398 2406 434 2432 uti
449 2405 532 2432 velit:
551 2404 648 2440 35617
671 2411 765 2432 contra
789 2413 868 2437 vero,
904 2407 926 2433 si
948 2413 1004 2433 rem

227 2451 366 2477 honestam
389 2451 538 2477 inultm-estis
563 2451 653 2477 verbis
679 2449 843 2484 inquinarit,
865 2452 899 2478 ob
922 2452 1004 2478 verba

226 2503 332 2531 penam
347 2495 411 2523 luet.
425 2495 559 2523 Vocamus
574 2496 626 2522 huc
641 2496 667 2522 in
681 2495 811 2530 judicium
828 2501 963 2528 oratores,
980 2501 1008 2524 et

1052 903 1126 937 δοξος
1142 911 1148 918 “
1165 904 1234 940 ἀνὴρ
1254 903 1321 938 πρὸς
1338 903 1386 938 τὴν
1403 902 1482 937 φύσιν
1493 902 1548 929 τῶν
1564 902 1648 929 ὅντων
1665 902 1688 917 ⁶⁴
1701 903 1837 937 κρίνεται,

1053 949 1101 976 καὶ
1120 949 1236 984 πονηρὸς
1249 948 1378 983 σοφιστὴς
1392 948 1460 983 πρὸς
1476 948 1526 983 τὴν
1542 947 1669 982 πρόνοιαν
1685 948 1837 980 δικάζεται.

1053 995 1163 1030 Οίχεται
1188 995 1236 1029 μὲν
1264 994 1348 1030 ἁρετὴ
1380 995 1453 1020 πᾶσα
1477 995 1532 1025 τοῖς
1560 993 1721 1029 Ἐπικούρου
1748 994 1838 1028 λόγοις

1053 1042 1101 1068 καὶ
1120 1041 1261 1076 δόγμασιν,
1272 1040 1374 1076 οῖχεται
1403 1040 1431 1066 δὲ
1458 1040 1621 1076 δικαστήρια
1638 1040 1702 1076 [579
1723 1040 1770 1076 IL]
1789 1042 1838 1067 καὶ

1053 1086 1169 1121 κρίσεις,
1185 1087 1293 1113 καὶτῶν
1307 1086 1358 1121 μὲν
1371 1086 1480 1120 ἀγαθῶν
1499 1087 1526 1112 al
1544 1086 1632 1120 τιμαὶ,
1642 1087 1696 1112 τῶν
1712 1086 1741 1112 δὲ
1759 1087 1840 1112 ἐναν-

1053 1133 1117 1159 τίων
1129 1133 1158 1158 τὸ
1171 1133 1289 1168 τίμημα.
1315 1133 1471 1159 Ἀναὸαίνει
1485 1133 1514 1159 δὲ
1533 1134 1581 1160 καὶ
1601 1133 1640 1164 είς
1653 1133 1767 1168 οὐρανὸν
1782 1134 1840 1160 ἂνω

1053 1179 1109 1209 τοῖς
1139 1177 1301 1212 ἀδικήμασι,
1323 1177 1369 1203 καὶ
1395 1176 1476 1209 τόπος
1495 1177 1582 1208 οὐδεὶς
1606 1177 1655 1212 τῆς
1672 1177 1838 1212 θρασύτητος

1054 1221 1214 1257 Ἐπικούρου
1230 1222 1277 1248 καὶ
1287 1221 1340 1248 τῶν
1354 1222 1533 1256 τολμημάτων
1551 1221 1700 1257 ἐξαίρετος.
1717 1222 1753 1248 Τὸ
1763 1222 1785 1248 δ’
1796 1223 1841 1248 αῖ-

1053 1276 1122 1300 τιον,
1148 1268 1268 1303 ᾐσχύνθη
1296 1269 1351 1299 τοῖς
1382 1268 1506 1303 ἀρχαίοις
1530 1269 1657 1303 ἐμμεῖναι
1680 1267 1841 1303 φιλοσοφίας

1053 1313 1127 1348 ὅροις
1149 1313 1320 1348 Ἐπίκουρος,
1343 1313 1389 1339 καὶ
1419 1314 1469 1346 τὴν
1492 1313 1575 1348 αὐτὴν
1602 1313 1660 1339 ὁδὸν
1683 1313 1771 1339 ἐλθεῖν
1783 1315 1842 1345 τοῖς

1054 1359 1186 1394 πρότερον
1204 1358 1416 1394 φιλοσοφήσασιν
1444 1358 1561 1393 ὤκνησε.
1573 1358 1682 1385 Μᾶλλον
1694 1358 1722 1385 δὲ
1744 1367 1843 1393 μικρο-

1053 1403 1154 1438 ψυχίαν
1169 1404 1320 1437 καταγνοὺς
1341 1404 1396 1430 τῶν
1409 1405 1465 1430 ὅσοι
1485 1404 1551 1438 παρ’
1572 1404 1638 1438 ἡμῖν
1652 1404 1699 1429 ἐπὶ
1714 1405 1845 1438 πονηροῖς

1054 1449 1168 1484 δόγμασι
1189 1449 1412 1484 πλημμελοῦντες
1431 1449 1628 1484 ἐκολάσθησαν,
1647 1449 1718 1483 ἔγνω
1737 1449 1844 1480 πάντας

1054 1495 1159 1530 ἀθρόως
1173 1495 1373 1530 ὑπερϐαλέσθαι
1400 1497 1456 1526 τοῖς
1479 1495 1652 1530 ἀδικήμασιν.
1668 1495 1702 1520 Ἦ
1720 1495 1779 1526 πῶς
1793 1496 1846 1521 οὐκ

1057 1540 1130 1572 ἄξιος
1146 1540 1285 1576 μέμψεως,
1300 1540 1434 1576 τοσαύτης
1446 1540 1494 1566 καὶ
1507 1538 1673 1574 τηλικαύτης
1683 1538 1846 1573 ἐπωνυμίας

1057 1585 1203 1621 ἐπιχειρῶν
1226 1585 1463 1620 καταψεύδεσθαι;
1494 1584 1548 1611 Ποῦ
1563 1585 1615 1620 γὰρ
1630 1584 1802 1619 ὁμολογεῖται
1823 1585 1847 1601 ⁸³

1056 1631 1156 1664 cauta;
1172 1631 1224 1657 ποῦ
1240 1631 1268 1658 δὲ
1284 1631 1426 1666 συμϐαίνει
1439 1632 1487 1657 καὶ
1505 1631 1632 1666 μίγνυται
1646 1631 1726 1665 ἡδονὴ
1740 1631 1846 1663 πόνοις,

1057 1678 1189 1713 καρτερία
1206 1678 1318 1713 τρυφῇ;
1338 1677 1490 1712 Ἀκαδημία
1511 1678 1556 1704 καὶ
1576 1677 1684 1712 πόρναι.
1699 1677 1846 1711 φιλοσοφία

1057 1723 1103 1749 καὶ
1117 1723 1207 1755 πότος,
1223 1723 1434 1758 σωφρονούντων
1453 1722 1509 1757 βίος
1529 1723 1576 1750 καὶ
1597 1723 1734 1750 ἀκόλαστα
1745 1724 1847 1758 μειρὰ-

1057 1776 1120 1802 κια;
1143 1769 1170 1796 '0
1185 1769 1213 1795 δὲ
1227 1769 1253 1796 τί
1265 1769 1418 1805 προῄρηται
1436 1770 1459 1785 ⁶⁶
1477 1770 1524 1796 καὶ
1537 1769 1564 1796 τί
1574 1769 1724 1804 τετόλμηκε
1737 1778 1745 1802 ;
1763 1770 1845 1796 πόλε-

1058 1823 1108 1850 μον
1127 1815 1233 1842 ἀπειλεῖ
1244 1817 1293 1843 καὶ
1312 1816 1401 1851 μάχην
1416 1816 1474 1848 τοῖς
1492 1816 1586 1851 νόμοις
1611 1816 1675 1851 ὅλης
1690 1817 1711 1831 ⁸⁷
1727 1816 1778 1851 τῆς
1791 1817 1847 1850 φύ-

1057 1867 1135 1891 σεως.
1155 1859 1256 1894 Ἐμάνη
1288 1860 1387 1894 μανίαν
1418 1859 1479 1887 καθ’
1503 1859 1609 1894 ἡλικίας
1637 1859 1743 1893 ἁπάσης
1765 1859 1845 1886 Ἐπί-

1056 1912 1164 1939 κουρος,
1181 1904 1229 1931 καὶ
1242 1904 1381 1936 δυσσεϐεῖς
1405 1904 1509 1940 ἔρωτας
1532 1904 1637 1940 ἠράσθη
1660 1905 1771 1932 πάντων
1786 1905 1846 1932 ὅσοι

1056 1950 1104 1986 τὴν
1117 1950 1191 1986 ὥραν
1207 1951 1275 1986 ὑπὲρ
1291 1951 1354 1982 τοὺς
1369 1950 1466 1982 ἄλλους
1479 1950 1677 1985 θαυμάζονται.

1091 1997 1226 2031 Πρότερον
1255 1995 1283 2023 δὲ
1313 1995 1394 2022 αὺτοῦ
1422 1996 1472 2030 τὴν
1493 1995 1642 2030 ἀπολογίαν
1664 1994 1843 2030 σκειζώμεθα.

1056 2043 1195 2078 Δόγματος
1207 2041 1252 2070 οὖν
1264 2044 1387 2075 ἀπαιτεῖς
1400 2043 1421 2059 ⁸⁸
1436 2043 1513 2076 δίκας
1524 2053 1532 2078 ;
1545 2043 1612 2076 Οὒκ,
1622 2043 1678 2071 ἀλλ’
1694 2044 1824 2075 ἀσεϐείας
1835 2052 1842 2059 ·

1056 2088 1228 2124 δογματίζειν
1246 2089 1295 2123 μὲν
1308 2089 1362 2125 γὰρ
1374 2089 1446 2123 ὲξδν,
1459 2089 1568 2116 ἀσεϐεῖν
1581 2090 1610 2117 δὲ
1628 2090 1679 2116 οὐκ
1696 2090 1844 2125 ἐπιτέτρα-

1057 2142 1133 2160 πται.
1149 2134 1180 2160 El
1196 2134 1245 2169 μὲν
1259 2132 1306 2160 οὗν
1320 2134 1393 2170 ἔχεις
1407 2136 1493 2161 εἰπεῖν
1510 2135 1547 2166 ὡς
1564 2135 1614 2161 οὐκ
1628 2135 1735 2166 ἀσεὸεῖς
1752 2133 1792 2166 οἷς
1804 2136 1843 2161 εῖ-

1056 2185 1153 2214 ρηκας,
1168 2179 1199 2206 οὐ
1220 2171 1304 2214 κρίνω
1317 2181 1380 2212 τοὺς
1392 2180 1487 2214 λόγους
1499 2189 1506 2196 ·
1524 2181 1548 2207 εἰ
1563 2181 1586 2207 δ’
1599 2180 1711 2207 ἀσέϐεια
1730 2182 1787 2212 τοῖς
1800 2180 1846 2206 λό-

1056 2232 1114 2258 γοις
1139 2224 1295 2259 πρόσεστιν,
1323 2225 1354 2252 οὐ
1387 2226 1430 2252 διὰ
1442 2226 1508 2257 τοὺς
1527 2226 1623 2260 λόγους
1635 2226 1778 2260 upon.ka
1793 2227 1844 2261 τὴν

1055 2269 1142 2304 δίκην,
1173 2270 1240 2297 ἀλλὰ
1256 2271 1278 2287 ⁶⁹
1295 2270 1450 2306 κολασθήσῃ
1474 2271 1554 2297 πλέον
1574 2268 1615 2302 οἷς
1631 2271 1678 2298 ἐπὶ
1699 2271 1731 2298 τὸ
1741 2272 1845 2298 ἀδικεῖν

1055 2316 1111 2345 τοῖς
1134 2314 1223 2349 λόγοις
1246 2315 1388 2350 κέχρησαι.
1406 2317 1442 2342 Οὐ
1464 2316 1519 2351 γὰρ
1543 2317 1570 2343 et
1579 2325 1631 2349 τις,
1651 2316 1711 2349 ἐξὸν
1725 2317 1845 2351 χρῆσθαι

1057 2359 1124 2394 πρὸς
1143 2359 1161 2386 ἃ
1173 2360 1226 2392 δεῖ,
1242 2360 1295 2387 κᾶν
1307 2361 1373 2395 πρὸς
1387 2361 1406 2387 ἃ.
1420 2361 1457 2396 μὴ
1475 2361 1515 2387 δεῖ
1528 2361 1604 2398 οιλη,
1624 2361 1701 2396 δίκην
1717 2362 1750 2388 οὐ
1763 2362 1845 2389 δώσει

1058 2404 1231 2440 κρινόμενος·
1263 2406 1416 2433 τούναντίον
1442 2406 1471 2433 δὲ
1493 2407 1516 2422 ⁷⁸
1545 2407 1638 2442 ὑφέξει
1675 2407 1767 2442 λόγον,
1802 2409 1844 2434 ὅτι

1058 2450 1139 2477 καλὸν
1152 2452 1268 2486 πρᾶγμα
1283 2453 1389 2487 πονηρᾷ
1405 2452 1501 2488 γνώμῃ
1516 2453 1680 2486 διέφθειρεν.
1699 2453 1844 2488 Καλοῦμεν

1060 2497 1106 2522 ἐπὶ
1117 2496 1149 2523 τὸ
1159 2496 1236 2532 βῆμα
1251 2497 1315 2529 τοὺς
1329 2497 1448 2533 ῥήτορας
1458 2505 1466 2513 ο
1483 2498 1536 2525 κᾶν
1557 2499 1623 2533 ὀκνῇ
1640 2507 1691 2531 τις,
1711 2498 1845 2530 πολλάκις

857 2574 975 2602 νΑΙζΙίΕ
1003 2575 1203 2605 LECTIONES.

261 2635 283 2653 "
296 2633 343 2668 τῆς
355 2630 466 2668 ιιιιιΙᾍΑ,
502 2630 525 2668 _"
537 2630 583 2668 καὶ

596 2636 655 2668 pOst
667 2631 750 2668 νόμον
761 2639 816 2668 om.
834 2632 862 2658 Β.
902 2633 922 2648 ⁵³
936 2633 1026 2659 malint
1041 2633 1112 2668 ἥκει.

1151 2635 1173 2670 ‘f
1183 2635 1232 2670 τὴν
1246 2639 1308 2661 ante
1321 2634 1377 2670 τῶν
1389 2642 1443 2661 om.
1457 2634 1487 2662 Β.
1524 2636 1547 2652 ⁸³
1561 2635 1650 2670 κρίσις
1666 2634 1703 2660 A:
1718 2633 1801 2670 φύσις
1814 2641 1844 2664 ς.

228 2668 251 2684 ³⁵
266 2665 333 2705 ὅλων
346 2669 387 2705 AL
403 2666 437 2705 ξ’
451 2665 574 2705 ὁμολογεῖ
594 2667 626 2692 Δ.
664 2667 687 2683 ⁸⁸
701 2665 845 2702 ἢτοοῄρηκε
859 2676 889 2699 ς.
929 2668 950 2683 ⁸⁷
965 2668 1035 2700 ὅλοις
1049 2665 1082 2695 Ᾱ.
1119 2669 1142 2684 ⁸³
1157 2665 1272 2697 fortasse
1287 2669 1428 2704 legendum
1440 2671 1544 2705 ἀπαιτῇ
1557 2690 1565 2703 ,
1580 2665 1697 2704 passive.
1725 2665 1763 2688 ’⁸ο
1776 2668 1847 2696 ἀλλὰ

226 2711 280 2731 om.
297 2704 330 2730 Α.
366 2703 389 2719 ⁷ο
401 2702 429 2728 δὲ
439 2701 498 2727 add.
517 2701 550 2727 Α.

978 2748 1093 2776 NOTAE.

261 2807 318 2842 (55)
338 2807 383 2835 Sie
398 2807 538 2836 Lucretius
549 2811 576 2835 et
593 2807 649 2842 ipse
663 2805 809 2842 Epicureus
823 2816 828 2834 :
847 2806 911 2834 Aria
927 2806 1062 2834 Pieridum
1077 2815 1186 2842 pcregro
1198 2807 1266 2841 loco,
1278 2808 1376 2837 nullius
1388 2814 1448 2837 ante
1469 2809 1544 2837 Trita
1560 2810 1614 2837 solo
