1919 3096
71 129 133 163 1317

577 130 841 161 BIBLIOTIIECA.
861 143 897 149 —
911 132 992 162 COD.
1006 133 1159 164 CCXLI'II.

1620 130 1694 164 1318

69 187 81 220 ἡ
98 184 175 220 κοινὴ
190 183 265 220 φωνὴ
279 183 329 218 τῆς
346 183 450 216 πόλεως
471 184 519 210 ἐπὶ
533 184 562 211 τὺ
576 185 666 219 λέγειν
683 186 784 221 ὲγείρει
804 186 852 213 καὶ

905 188 924 216 si
940 190 1002 223 qttis
1024 189 1111 217 lentus
1133 189 1290 223 accesserit,
1307 189 1463 224 frequenter
1476 187 1612 217 communi
1626 188 1690 215 civi-

64 231 107 257 τδν
131 231 162 257 οὐ
193 230 283 264 λέγειν
309 229 482 265 βουλόμενον.
513 230 683 266 Παρέρχεταί
703 240 745 263 τις
763 233 803 263 είς
823 232 852 258 τὸ

65 275 159 310 σεμνὸν
182 274 344 310 Ἐπικούρου
377 276 585 310 φροντιστήριον
609 276 703 312 νέοςῆ
725 276 790 303 νέαν
813 277 852 308 εἰς

63 320 114 355 γὰρ
129 319 232 355 ταύτην
245 320 294 356 τὴν
301 320 409 355 ἡλικίαν
426 321 456 346 τὸ
466 320 594 356 λαμπρὸν
609 321 688 348 τοῦτο
703 322 851 357 συνέδριον.

69 365 153 400 ’Υπὲρ
181 366 228 391 τὸν
247 365 341 399 Ἰξίονα
362 365 393 392 τὺ
419 365 519 401 θράσος
538 365 692 402 ἄνθρωπος,
717 367 787 402 ὑπὲρ
807 367 852 394 τὸν

64 411 212 446 Σαλμωνέα
224 411 273 447 τὴν
283 412 373 448 ὓϐριν,
386 412 435 447 τὴν
444 412 546 447 τόλμαν
564 412 635 448 ὑπὲρ
649 412 692 439 τὸν
707 412 852 440 Τάνταλον.

70 457 136 485 Ἀλλ’
155 459 249 484 ἐκεῖνα
262 457 311 493 μὲν
330 457 421 492 μῦθοι,
452 458 500 484 καὶ
513 460 546 494 τῇ
575 460 661 494 σκηνῇ
681 459 757 493 μόλις
770 459 806 485 τά
821 467 853 493 γε

64 503 173 530 τοιαῦτα
205 503 389 539 πιστεύομενσ
409 503 492 539 [1085
506 503 553 539 R.]
572 504 732 539 Ἐπίκουρος
755 504 783 530 δὲ
802 505 853 531 οὐκ

64 550 90 576 ἐν
101 549 209 584 μύθοις,
219 549 277 576 ἀλλ’
291 550 320 576 ἐν
328 549 445 585 δόγμασι
459 551 506 577 καὶ
514 550 629 585 πράξεσι
638 550 720 577 νικῶν
733 550 853 582 ἐκείνους

64 594 230 629 εὑρίσκεται.
240 594 370 621 Κάκείνοι
387 595 436 630 μὲν
452 595 565 630 ἑτέρωθί
585 603 637 621 που
653 594 739 621 ταῦτα
749 595 852 630 τολμῆ-

66 649 107 667 σαι
120 639 258 673 λέγονται,
289 640 314 666 οἱ
342 639 391 674 μὲν
408 641 436 666 ἐν
451 640 552 675 ὄρεσιν,
565 640 591 666 οί
614 640 686 666 δὲέν
700 640 810 672 νάπαις,
827 641 853 667 οι

63 687 90 713 δὲ
105 687 133 712 ὲν
149 685 301 722 βαρϐάροις
323 686 379 712 τισὶ
403 687 451 712 καὶ
479 686 698 721 ἀπερριμμένοις
719 686 850 720 χωρίοις·

64 731 151 758 δίδωσι
164 731 194 757 δέ
210 739 269 762 πως
283 731 304 746 ⁷¹
315 731 480 766 συγγνώμην
494 731 543 758 καὶ
556 731 639 758 τόπου
657 731 739 766 φύσις
752 732 852 766 ἐγκλή-

65 785 158 812 μασιν·
181 776 341 812 Ἐπίκουρος
371 776 400 802 δὲ
435 776 563 812 Ἀθήνῃσι
587 776 674 804 ταῦτα
702 777 851 812 φιλοσοφεῖ.

69 822 195 858 Ἀθήνῃσι
206 822 234 849 δὲ
253 823 318 850 ὅταν
333 821 413 855 εἴπω,
433 822 463 849 τὺ
479 822 607 857 μέγιστον
619 820 695 848 εἷπον
707 823 757 857 τῆς
775 822 853 849 εὐσε-

64 867 134 899 ϐείας
151 857 318 902 κεφάλαιον.
347 867 430 894 Οὐδὲν
443 868 457 893 ό
474 867 622 902 Σωκράτης
645 876 685 894 σοι
700 867 773 894 δοκεῖ
784 866 852 902 πρὸς
868 857 889 884 Β

65 913 197 948 μίμησιν;
213 913 269 940 Καὶ
294 913 331 945 τί,
350 913 426 947 φησὶ,
456 912 510 938 τῶν
536 912 695 939 ὑπευθύνων
711 912 852 947 ἠσέϐησας

63 959 128 986 Δύτό
147 967 196 994 μοι
207 958 307 992 λέγεις,
328 957 485 993 Ἐπίκουρε.
501 958 531 984 τὸ
550 958 642 993 μεῖζον
660 957 797 993 ἔγκλημα,
811 959 852 985 ὅτι

65 1006 98 1041 μὴ
109 1005 252 1037 δυσσεϐεῖς
264 1005 357 1040 μόνον,
370 1004 427 1032 ἀλλ’
439 1005 479 1031 ὅτι
489 1006 510 1020 ⁷⁹
521 1005 567 1031 καὶ
574 1005 664 1032 καινά·
679 1004 739 1031 ὅθεν
750 1005 853 1040 διχόθεν

64 1052 212 1084 ὑπεύθυνος
224 1051 257 1078 ⁷³.
272 1051 385 1086 Βωμοὺς
413 1051 464 1078 οὐκ
495 1051 656 1087 ἀνέτρεψας,
680 1051 749 1078 ἀλλὰ
765 1051 853 1087 μάτην

63 1099 180 1130 ἑστῶτας
209 1097 399 1134 ἐδειξας,[580
415 1097 460 1134 IL]
483 1098 614 1134 Πρόνοιαν
638 1097 750 1130 ἀνελὼν,
771 1097 804 1125 δι’
818 1098 851 1134 ἢν

64 1145 168 1180 βωμοὺς
181 1144 364 1179 ιδρυσάμεθα·
382 1143 479 1171 θυσίαν
491 1143 587 1178 καινὴν
603 1143 769 1177 οὐκέουσας,
785 1144 853 1171 ἀλλὰ

64 1191 148 1223 πάσας
164 1190 273 1226 ἀθρόως
286 1190 309 1206 ⁷⁸
319 1189 471 1225 ἀνῄρηκας.
485 1190 530 1226 Μὴ
541 1190 647 1226 ρυέσθω
662 1189 684 1205 ⁷⁸
698 1190 747 1224 τῆς
766 1199 852 1225 τιμω-

65 1238 119 1272 ρίας
139 1237 318 1272 Ἐπίκουρος,
334 1237 375 1263 ὅτι
389 1236 427 1271 μὴ
451 1236 523 1263 κατὰ
543 1236 606 1267 τοὺς
632 1236 764 1272 πρότερον
783 1236 854 1263 κατὰ

65 1283 126 1309 θεῶν
143 1282 323 1318 ἐθρασύνατο.
337 1282 445 1313 Πάντας
459 1281 508 1317 μὲν
523 1281 578 1317 γὰρ
591 1281 726 1317 ἀσεϐῆσαι
735 1282 853 1317 τρόπους

65 1330 100 1356 ἑνὶ
118 1329 174 1355 τῶν
209 1328 278 1355 κατὰ
305 1327 355 1363 τὴν
378 1327 455 1355 πόλιν
480 1327 610 1355 ἀδύνατον
623 1335 629 1342 ·
645 1328 710 1354 εἰδὲ
726 1327 852 1361 ἕκαστος,

65 1375 116 1401 ἀνθ’
130 1372 168 1402 ὧν
180 1375 277 1410 ἔδρασε
308 1375 530 1410 προὸαλλόμενος
543 1375 561 1402 ἃ.
581 1375 619 1410 μὴ
641 1376 787 1410 πεποίηκε,
804 1375 853 1411 τὴν

65 1420 364 1456 τιμωρίανὲκφεύξεται
388 1421 422 1452 ⁷⁸,
442 1421 484 1453 τίς
512 1421 604 1455 ὑφέξει
621 1421 676 1447 τῶν
689 1421 795 1448 ἀσεϐῶν
814 1421 854 1449 δί-

66 1475 112 1502 κην
127 1467 161 1500 ⁷⁷,
173 1466 208 1493 οὐ
220 1467 324 1498 πάντας
356 1466 465 1493 ἀσεὸεῖν
499 1466 685 1502 ὲγχωροῦντος
705 1467 729 1482 ⁷⁸
745 1467 853 1502 ἑκάστῳ

67 1512 173 1543 χαὶιτοίς
186 1512 358 1547 κρινομένοις
386 1511 446 1544 ἐξὸν
475 1512 536 1538 ἀντὶ
568 1512 624 1539 τῶν
649 1513 852 1547 πεπραγμένων
866 1527 887 1556 c

67 1557 96 1583 τὰ
114 1557 150 1591 μὴ
162 1557 350 1591 πεπραγμένα
374 1556 579 1592 προτείνεσθαι;
606 1556 637 1584 οὺ
652 1557 684 1593 δὴ
695 1558 717 1573 "'
732 1557 851 1584 ταῦτάίο

67 1610 95 1635 γε
111 1602 172 1629 νοῦν
186 1602 303 1637 ἑχόντων
318 1603 368 1635 τὰς
377 1602 511 1635 διαδύσεις
529 1602 691 1638 προσίεσθαι
705 1603 739 1630 ⁸¹.
752 1604 787 1630 Uti
799 1603 853 1638 γὰρ

67 1647 131 1682 ὒπὲρ
149 1644 189 1674 ὧν
204 1656 246 1679 τις
259 1648 308 1674 οὐκ
336 1647 488 1680 εὐθύνεται,
499 1648 548 1684 τὴν
568 1648 716 1682 ἀπολογίαν
732 1649 854 1685 προσῆκε

69 1693 209 1725 ποιεῖσθαι,
224 1693 281 1720 ἀλλ’
299 1693 341 1728 ἐφ’
355 1690 393 1725 οἷς
405 1693 433 1721 οἵ
443 1702 473 1721 τε
489 1694 626 1729 κρίνοντες
640 1694 852 1730 κατηγοροῦσιν,

68 1739 92 1765 οἵ
102 1748 130 1766 τε
143 1739 300 1772 δικάζοντες
315 1740 458 1776 κάθηνται.
469 1742 499 1768 Οῑ
515 1740 543 1767 δὲ
553 1741 666 1776 ἀφέντες
678 1741 708 1768 τὸ
719 1741 856 1768 δικαιότα-

68 1792 108 1810 τον
119 1785 165 1811 ἐπὶ
183 1785 214 1810 τὸ
240 1785 338 1820 ῥᾷστον
361 1785 515 1819 βαδίζουσι·
533 1786 562 1812 τὸ
582 1786 631 1822 μὲν
647 1787 702 1822 γὰρ
717 1786 855 1813 δικαιότα-

68 1837 108 1855 τον
132 1830 208 1856 λύειν
226 1830 257 1856 τὸ
283 1830 409 1866 ἔγκλημα
433 1831 466 1858 δι’
482 1831 496 1858 ὃ
511 1832 643 1867 κρίνεται,
662 1832 692 1858 τὺ
707 1833 805 1869 ῥᾷστον
827 1831 855 1858 δὲ

69 1875 255 1909 ἀπολογεῖσθαι
270 1877 335 1910 περὶ
365 1875 469 1903 τούτων
489 1877 530 1911 ἐφ’
543 1875 583 1908 οἷς
596 1877 626 1904 οὐ
647 1877 743 1912 φεύγει
758 1886 799 1909 τις
816 1877 856 1904 δί-

69 1928 124 1952 κας.
137 1921 170 1947 Εἰ
186 1929 240 1956 περ
255 1918 301 1948 οὖν
314 1921 355 1948 ὅτι
369 1922 407 1957 μή
424 1931 468 1949 πω
482 1922 602 1953 δέδωκας
613 1922 701 1957 δίκην,
721 1923 770 1948 οὐκ
785 1920 856 1949 εἶναι

69 1966 184 1999 νομίζεις
201 1967 341 2001 πρόνοιαν,
356 1967 444 2003 ὀρθῶς
462 1967 653 2003 βεϐούλευσαι·
671 1969 695 1995 ει
712 1967 741 1995 δὲ
751 1968 794 1995 διὰ
807 1967 856 2003 τὴν

68 2010 142 2045 φύσιν
156 2012 213 2040 τῶν
226 2013 306 2045 ὅλων,
321 2014 335 2040 ὁ
349 2012 427 2048 λόγος
445 2013 570 2048 μάταιος.
596 2013 674 2040 Ἀλλὰ
687 2014 778 2047 πόθεν,
788 2013 856 2048 πρὸς

67 2057 117 2084 τῶν
129 2058 240 2093 ἀτόμων
250 2059 298 2085 καὶ
315 2058 363 2085 τοῦ
380 2059 460 2086 κενοῦ
471 2059 495 2074 ⁸⁸
507 2059 555 2085 τοῦ
569 2059 781 2095 πολυθρυλήτου,
791 2058 857 2086 ταύ-

68 2110 112 2137 την
128 2104 179 2138 τὴν
210 2103 289 2135 δόξαν
315 2103 482 2140 ὲξεύρηκαςς
511 2104 626 2136 ἄτακτός
637 2113 679 2135 τις
689 2104 791 2140 ἐνοχλεῖ
807 2103 856 2139 τὴν

68 2148 116 2174 τῶν
129 2149 200 2176 ὅλων
229 2149 310 2184 φύσιν
334 2150 407 2185 φορὰ
419 2150 441 2165 ³⁸
457 2151 503 2176 καὶ
530 2150 637 2184 κίνησις
650 2158 657 2165 ·
674 2149 731 2177 ἁλλ’
743 2151 856 2185 ἀρχαῖον

903 234 968 261 tatis
978 233 1106 268 sulfragio
1116 236 1157 261 vel
1169 234 1271 262 invitus
1280 235 1313 261 ab
1324 234 1468 262 dicendum
1479 234 1596 268 cogitur.
1609 233 1690 261 Venit

903 278 1001 313 aliquis
1015 278 1123 313 juvenis
1139 278 1180 307 vel
1194 279 1338 313 juvencnla
1353 279 1426 313 (nam
1444 280 1478 306 ob
1495 279 1565 306 hanc
1580 283 1689 305 aetatem

902 323 1050 358 praeclarus
1065 324 1110 351 ille
1125 329 1274 351 conventus
1290 324 1429 351 ordinatus
1444 323 1496 357 est)
1511 323 1538 350 in
1555 331 1689 350 veneran-

904 367 963 394 dam
981 366 1087 400 Epicuri
1104 366 1236 398 scholam,
1249 367 1362 394 audacia
1375 371 1485 400 superat
1501 366 1545 392 ille
1556 364 1688 398 Ixionem,

905 412 1003 439 ferocia
1024 412 1190 446 Salmonem,
1215 412 1366 439 temeritate
1387 411 1552 438 Tantalum:
1569 411 1616 438 sed
1633 411 1692 438 lucc

905 460 930 487 in
944 460 1053 492 fabulis,
1064 464 1093 487 et
1109 468 1156 494 per
1170 460 1293 487 umbram
1308 460 1351 487 vix
1363 460 1507 487 credimus.
1523 459 1575 486 Sed
1592 466 1645 485 non
1663 459 1690 486 in

904 505 1000 532 fabulis
1017 505 1160 539 Epicurus,
1177 513 1269 533 verum
1288 506 1313 532 in
1331 505 1463 533 doctrinis
1478 505 1688 538 actionibusque

904 551 953 578 hos
973 558 1102 586 superare
1120 551 1301 578 convincitur.
1320 549 1424 584 Quibus
1445 550 1471 577 in
1490 549 1555 577 locis
1581 550 1638 576 haec
1652 549 1691 576 illi

903 597 961 625 ausi
978 598 1061 625 sunt?
1075 597 1151 624 Alius
1169 597 1193 624 in
1211 597 1357 628 montibus,
1373 597 1442 623 alter
1458 596 1483 623 in
1504 596 1627 628 saltibus,
1645 595 1690 622 ille

905 643 930 669 in
955 642 1079 669 barbaris
1105 643 1267 676 quibusdam
1291 646 1318 669 et
1338 642 1450 675 abjectis
1468 641 1641 674 regionibus,
1660 646 1690 668 ut

903 688 983 715 etiam
1003 687 1076 714 locus
1097 689 1204 715 veniam
1221 688 1340 722 peccatis
1360 688 1425 714 dare
1436 686 1576 714 videatur.
1593 686 1692 713 Verum

902 733 1035 768 Epicurus
1057 734 1113 760 ha-c
1133 733 1212 760 docet
1233 733 1360 761 Athenis;
1390 733 1512 760 Athenas
1536 739 1597 759 cttm
1620 731 1692 763 dico,

903 779 1012 814 pietatis
1033 784 1114 814 caput
1130 779 1262 813 intelligo.
1277 778 1346 806 Num
1361 779 1408 805 tibi
1428 779 1535 806 videtur
1552 778 1692 809 Socrates,

903 832 982 859 quem
998 824 1113 851 imiteris
1139 824 1257 859 dignus?
1272 824 1304 850 Et
1315 823 1378 859 quid
1394 824 1516 858 dignum,
1531 822 1629 854 inquit,
1642 830 1691 849 cur

904 878 966 898 reus
991 871 1042 898 sim
1070 870 1213 898 commisi?
1233 871 1354 898 Hoccine
1382 870 1447 897 mihi
1473 870 1533 902 ais,
1556 869 1694 904 Epicure?

903 917 992 952 majus
1007 916 1063 951 jam
1090 917 1192 945 crimen
1205 920 1264 948 est,
1287 924 1339 943 non
1360 916 1507 951 impietatis
1528 915 1625 948 modo,
1645 915 1692 943 sed

903 962 966 996 quia
982 969 1052 988 nunc
1067 961 1149 988 etiam
1166 969 1265 989 novum
1285 961 1419 996 adiungis.
1434 960 1512 988 Unde
1524 961 1580 995 jam
1593 959 1692 994 duplici

903 1007 936 1034 de
952 1013 1034 1034 causa
1049 1013 1112 1034 reus
1128 1005 1218 1033 factus
1235 1013 1275 1034 es.
1290 1006 1360 1033 Aras
1374 1014 1426 1033 non
1445 1005 1588 1032 evertisti‘l
1605 1009 1632 1031 at
1646 1012 1693 1032 eas

903 1050 1003 1079 frustra
1018 1058 1080 1078 esse
1098 1050 1255 1083 ostendisti,
1275 1058 1336 1078 cum
1358 1050 1557 1078 Providentiam
1572 1056 1587 1076 e
1602 1056 1692 1076 rerum

903 1102 999 1124 natura
1019 1096 1100 1129 tollis,
1117 1097 1151 1124 ob
1167 1104 1248 1131 qttam
1268 1103 1330 1123 aras
1344 1095 1537 1122 exslrtutimus.
1554 1093 1694 1121 Sacriﬁvia

903 1150 972 1170 nova
998 1149 1052 1169 non
1079 1141 1272 1169 introduxisti‘?
1296 1145 1323 1168 at
1346 1141 1435 1168 omnia
1461 1139 1607 1167 sustulisti.
1634 1137 1693 1165 Non

903 1188 1057 1215 absolvatur
1073 1187 1222 1222 Epicurus,
1246 1186 1309 1220 quia
1331 1194 1383 1214 non
1402 1186 1497 1213 eadem
1514 1192 1574 1219 qum
1589 1183 1694 1219 priores

903 1235 937 1261 de
956 1234 1008 1262 diis
1026 1234 1121 1262 sensit.
1144 1233 1215 1261 Fieri
1239 1234 1311 1260 enim
1331 1240 1384 1260 non
1404 1237 1508 1267 potest,
1531 1238 1560 1258 ιιι
1581 1238 1649 1258 unus
1667 1231 1694 1257 in

903 1279 970 1307 urbe
981 1279 1048 1307 civis
1059 1278 1186 1306 omnibus
1199 1279 1285 1306 modis
1299 1278 1334 1305 sit
1349 1278 1447 1312 impius
1464 1286 1471 1305 :
1493 1277 1515 1304 si
1533 1284 1595 1304 vero
1609 1283 1694 1303 unus-

903 1325 1018 1360 quisque
1045 1332 1094 1358 pro
1112 1325 1156 1352 his
1184 1331 1244 1360 qua:
1266 1323 1331 1350 fecit
1349 1323 1485 1350 adducens
1506 1330 1537 1350 ea
1560 1329 1621 1356 quae
1640 1329 1694 1349 non

906 1371 989 1406 fecit,
1021 1371 1182 1407 supplicium
1206 1370 1312 1403 evadet,
1338 1370 1400 1404 quis
1428 1368 1575 1403 impietatis
1601 1376 1696 1403 poenas

903 1417 997 1445 dabit?
1018 1425 1079 1444 cutn
1101 1416 1166 1444 nulli
1186 1416 1241 1443 sint
1260 1415 1370 1442 omnino
1388 1414 1481 1448 impii.
1504 1419 1531 1441 et
1545 1413 1626 1441 liceat
1642 1413 1696 1440 reis

903 1471 952 1498 pro
975 1463 1125 1490 malefactis
1150 1462 1290 1490 benefacta
1307 1460 1439 1496 proferre.
1456 1459 1513 1488 Non
1535 1463 1599 1487 sttnt
1616 1466 1630 1486 a
1650 1466 1695 1486 sa-

904 1508 1041 1543 pientibus
1065 1508 1106 1534 hae
1138 1506 1329 1534 lrustrationes
1352 1505 1533 1532 admittenda.
1551 1504 1608 1532 Non
1624 1503 1697 1530 enim

904 1553 1055 1580 adhibenda
1073 1552 1195 1579 defensio
1210 1555 1251 1578 est
1277 1557 1383 1584 eorum,
1402 1550 1435 1577 de
1458 1549 1556 1584 quibus
1569 1549 1629 1584 quis
1644 1555 1696 1575 non

906 1603 1062 1631 accusatur,
1077 1605 1171 1625 verum
1190 1597 1223 1624 de
1240 1596 1340 1630 quibus
1357 1603 1449 1624 coram
1466 1595 1602 1629 iudicibus
1616 1602 1697 1622 accu-

904 1649 990 1677 satur,
1013 1649 1040 1671 et
1058 1643 1094 1671 ob
1115 1651 1175 1677 quae
1200 1643 1396 1678 disceptatores
1420 1642 1529 1669 sedent.
1553 1641 1594 1668 Illi
1619 1648 1696 1672 vero.

905 1691 1068 1726 aquissimis
1078 1690 1198 1722 omissis,
1215 1690 1248 1717 ad
1260 1689 1387 1716 facillima
1405 1688 1572 1716 dilabuntttr.
1586 1687 1698 1721 Equis-

905 1739 1003 1766 simtttn
1024 1737 1096 1765 enim
1119 1741 1161 1764 est
1183 1736 1317 1771 obiectum
1337 1735 1463 1762 diluere:
1487 1733 1643 1761 facillimum
1665 1741 1697 1760 ea

906 1783 1061 1815 defendere,
1088 1782 1122 1809 de
1138 1781 1237 1816 quibus
1252 1788 1305 1808 non
1321 1784 1473 1807 accusatur.
1494 1778 1522 1806 Si
1540 1778 1621 1813 igitur
1635 1779 1697 1812 quia

906 1834 1001 1863 poenas
1023 1826 1140 1853 nondum
1164 1825 1276 1857 dedisti,
1294 1824 1354 1851 ideo
1371 1822 1574 1850 Providentiam
1598 1829 1696 1856 negas,

907 1871 1114 1907 rectejudicasti
1124 1880 1132 1904 ;
1143 1871 1184 1898 sin
1196 1874 1306 1905 propter
1315 1874 1440 1896 naturam
1450 1867 1582 1899 universi,
1598 1866 1698 1902 357a

906 1917 997 1944 stulte.
1017 1915 1070 1943 Sed
1085 1917 1156 1942 unde
1171 1915 1241 1941 hanc
1258 1914 1292 1941 de
1304 1913 1402 1940 atomis
1423 1917 1451 1939 et
1464 1912 1533 1940 chao
1549 1911 1618 1938 adeo
1635 1912 1699 1938 trito

906 1962 1060 1997 Opinionem
1075 1959 1221 1988 invenisti?
1238 1958 1390 1986 inordinata
1407 1957 1530 1992 quaedam
1543 1955 1656 1989 volutio,
1671 1960 1699 1983 et

907 2013 997 2036 tnotus
1019 2007 1070 2034 hoc
1090 2006 1248 2033 universum
1275 2003 1381 2036 turbat,
1403 2009 1431 2030 et
1455 2002 1597 2037 antiquum
1616 2002 1698 2029 chaos

906 2059 958 2087 est,
974 2057 1001 2079 et.
1016 2051 1069 2079 tuis
1084 2049 1172 2078 verbis
1187 2049 1337 2084 antiquius,
1355 2055 1443 2083 neque
1457 2047 1579 2075 deﬁnitis
1591 2051 1696 2074 naturze

907 2099 1010 2135 legibus
1024 2097 1204 2131 obtemperat.
1219 2094 1304 2122 Porro
1316 2099 1406 2120 autem
1420 2093 1511 2121 omnia
1525 2093 1621 2120 ordine
1633 2099 1696 2126 pro-

907 2145 1022 2177 cedunt,
1044 2143 1115 2177 quod
1139 2140 1286 2168 maximum
1308 2138 1488 2166 Providentiae
1506 2143 1694 2173 argumentum

68 2194 95 2219 τὺ
105 2195 168 2228 χάος
185 2194 296 2221 καὶτῶν
310 2195 365 2222 σῶν
371 2183 466 2230 λόγων
489 2183 685 2230 πρεσὸύτερον.
708 2183 784 2222 Ἀλλ(
794 2194 853 2222 οὐδὲ

908 2196 988 2227 puto,
1011 2189 1103 2217 omnia
1126 2187 1231 2215 scilicet
1255 2185 1428 2219 conservari;
1449 2192 1509 2212 nam
1531 2183 1696 2212 inordinatio

69 2238 188 2266 πείθεται
221 2241 277 2271 τοῖς
303 2239 467 2276 ὡρισμένοις
492 2241 585 2275 νόμοις
599 2240 649 2275 τῆς
667 2240 791 2274 φύσεως·
809 2240 857 2267 καὶ

912 2235 1125 2270 corruptionem,
1140 2233 1207 2261 ordo
1219 2239 1283 2259 vero
1295 2230 1528 2259 conservationem
1546 2229 1660 2256 inducit.

69 2285 118 2318 μὴν
135 2286 246 2314 ἃπαντα
272 2275 421 2319 καὶντάξει
449 2288 543 2322 χωρεῖ,
574 2287 622 2313 καὶ
653 2286 705 2321 τῆς
726 2286 859 2322 Προνοίας
875 2284 978 2318 ταύτης
993 2281 1120 2318 μέγιστον
1152 2277 1229 2314 οἶμαι
1252 2278 1402 2314 τεκμήριον
1434 2276 1466 2304 τὸ
1491 2276 1582 2304 πάντα
1613 2275 1699 2307 σώζε-

70 2330 126 2358 σθαι
138 2340 146 2348 ·
161 2332 260 2365 ἀταξία
287 2333 336 2368 μὲν
348 2333 402 2368 γὰρ
430 2332 545 2368 φθορὰν,
561 2332 637 2365 τάξις
655 2333 684 2359 δὲ
712 2332 848 2368 σωτηρίαν
861 2330 1017 2367 ἐργάζεται.

99 2378 130 2404 Τί
146 2378 230 2414 συλᾷς
240 2380 272 2406 ἐκ
283 2379 449 2414 Δελφῶν,ὠς
462 2379 492 2411 ὲξ
503 2380 533 2406 οὐ
539 2378 631 2415 ρανοῦ,
647 2378 697 2414 τὴν
708 2379 851 2414 πρόνοιαν;

69 2423 121 2450 ἀλλ’
136 2425 212 2460 ὅμως
227 2426 344 2452 ἐκινεῖτο
363 2425 412 2460 μὲν
427 2425 568 2460 Παρνασὸς
579 2425 626 2452 καὶ
652 2424 725 2451 κατὰ
740 2424 853 2460 Περσῶν

942 2375 1011 2409 Quid
1022 2373 1120 2401 adimis
1132 2370 1254 2406 Delphis,
1269 2370 1340 2398 sicut
1350 2376 1365 2397 e
1377 2368 1457 2402 coelo,
1477 2367 1675 2404 providentiam
1688 2367 1700 2394 τ

904 2424 1093 2449 verumtamen
1108 2417 1268 2445 movebatur
1278 2415 1439 2447 Parnassus,
1456 2417 1483 2441 et
1497 2419 1590 2441 contra
1607 2420 1701 2448 persas

69 2459 251 2504 ἔχραδαίνετο,
281 2459 401 2506 κορυςραὶ
424 2470 453 2497 δὲ
462 2459 487 2486 ³⁷⁸
501 2470 574 2506 ὀρῶν
595 2470 657 2500 ἀντὶ
683 2469 768 2505 βελῶν
782 2459 851 2497 δὲτο-

905 2466 1056 2503 iaciebatur
1073 2473 1079 2492 :
1095 2463 1226 2491 montium
1239 2469 1303 2489 vero
1317 2461 1433 2488 vertices
1446 2467 1494 2494 pro
1511 2459 1572 2486 telis
1592 2465 1701 2494 torque-

71 2513 185 2549 εεύοντο,
199 2517 302 2552 Πέρσαι
315 2516 343 2542 δὲ
355 2516 468 2542 ἔπιπτον
479 2516 574 2550 τάφοις
584 2517 644 2548 ταῖς
661 2516 774 2550 πέτραις
785 2523 853 2550 χρη-

72 2562 187 2596 σάμενοι.
210 2562 371 2597 Ἐπικούρου
395 2560 425 2587 δὲ
441 2560 530 2589 ταῦτα
561 2561 650 2595 λέγειν
677 2561 748 2587 κατὰ
774 2559 821 2586 τοῦ
830 2559 852 2575 ⁸⁷

905 2514 1015 2541 bantur.
1041 2510 1170 2539 Cecidere
1192 2513 1283 2535 autem
1310 2506 1414 2539 Persae,
1437 2505 1465 2533 in
1485 2505 1569 2540 petris
1590 2504 1699 2539 sepulti.

906 2558 1006 2586 Verum
1029 2564 1098 2596 cum.
1111 2555 1244 2591 Epicurus
1265 2553 1322 2581 hac
1343 2552 1370 2579 in
1390 2552 1456 2580 deos
1476 2551 1568 2579 dicere
1587 2550 1699 2581 audeat,

709 2651 826 2680 VARle
849 2649 1048 2679 LECTIONES.

103 2718 123 2734 "‘
139 2728 198 2751 πως
213 2720 236 2746 Α
256 2728 264 2747 :
279 2729 344 2748 ποτε
360 2730 390 2754 ς.
428 2721 451 2736 "’
467 2721 514 2747 καὶ
532 2728 588 2748 om.
603 2721 635 2747 Α.
673 2720 697 2736 ⁷³
710 2724 773 2747 ante
788 2718 939 2749 ὑπεύθυνος
952 2716 1197 2754 escidis_s_e_opmor
1217 2713 1333 2754 verbum
1349 2711 1384 2740 εἶ.
1407 2712 1446 2754 “7*
1459 2709 1564 2754 ἀθρόως
1573 2709 1649 2754 jd‘d:
1664 2708 1698 2754 ιθ.

74 2744 424 2793 ⁷³έιὴὲῗῐζιέῆἒξρῖίςμ
461 2744 686 2793 τ’ίῖιιῖξῖἑιὶςὲὲύξ
702 2744 941 2793 ξιῦἱῖᾸΙΞίίὸειιίεῖ
955 2752 1027 2793 εὺκπ.
1053 2752 1075 2768 ⁷’
1089 2744 1166 2793 δί’ὶην
1180 2747 1387 2793 “Fati-sita!“
1407 2744 1539 2793 ΞοέΡὲεξτι
1563 2744 1699 2793 ,⁷ἶέἷ9ίῗ·

76 2787 177 2826 gods-td;
201 2787 308 2826 ἑκάστῴ
324 2787 432 2818 άσεὸἐῖν
448 2800 478 2823 ς.
516 2791 539 2807 ⁷⁹
553 2791 585 2825 δὴ
603 2787 624 2817 Ᾰ
647 2800 653 2817 :
673 2790 714 2816 δεῖ
731 2798 762 2826 cf
799 2789 822 2805 ⁵⁰
841 2787 1088 2826 ταύταξμξςξὶίὶεθικ

74 2820 94 2838 ⁸³
110 2820 186 2861 εἴπερ
202 2826 225 2852 Δ
240 2833 247 2852 :
264 2820 351 2862 εἰμὲν
367 2835 398 2859 ς.
435 2820 461 2843 ⁵(
475 2826 568 2853 καινοῦ
579 2820 615 2858 ’ς.
655 2826 676 2842 ⁸⁵
692 2820 763 2860 φορά
774 2833 802 2851 τε
814 2825 860 2851 καὶ
877 2824 906 2851 Β.
943 2822 1005 2858 δὲδὲ
1018 2820 1074 2849 oin.
1090 2820 1120 2846 Β.

1127 2779 1150 2801 ⁸δ
1169 2779 1312 2815 προΐεσθαι
1340 2792 1370 2815 ς.
1407 2783 1430 2799 ¹¹
1441 2782 1474 2808 δι’
1483 2779 1508 2807 ήό
1522 2781 1545 2806 Δ
1562 2787 1569 2806 :
1583 2779 1650 2807 διότι
1665 2787 1696 2811 ς.

1173 2793 1313 2835 πτροιεήσσαι
1340 2793 1370 2815 ς.

1173 2819 1183 2836 ⁸
1208 2818 1267 2854 του]
1283 2827 1332 2853 της
1346 2819 1375 2844 Λ.
