1919 3096
221 130 290 163 1319

797 130 912 162 ΡΗΟΤΙ
916 131 930 161 Ι
954 130 1091 161 PATRIA
1096 129 1206 160 RCH/E
1220 130 1276 160 CP.

1787 127 1854 161 1320

220 191 326 214 montes
342 193 395 213 non
413 186 615 220 concutiuntur,
628 194 681 214 non
699 186 840 222 Hymettus
854 185 1007 213 evibraturl

1059 184 1121 211 θεοῦ
1149 185 1334 220 τολμήσαντος
1361 191 1412 210 ουκ
1437 182 1488 218 ὅρη
1511 182 1624 215 σείεται,
1651 183 1701 218 οὐχ
1717 183 1854 219 Ὑμηττὸς

222 239 274 258 non
291 230 413 265 fulmina,
432 239 486 259 non
501 231 618 259 tonitrua
632 232 704 259 hunc
718 238 770 258 una
791 239 852 258 cum
863 230 1009 258 Academia

220 275 361 303 hominum
382 277 468 304 oculis
481 277 609 311 eripiunt.
630 276 765 304 Callidum
781 277 893 304 deorutn
916 276 1010 303 inven-

222 326 276 348 tum
294 321 427 356 intelligo,
443 322 515 349 hunc
530 322 628 349 vestris
642 321 755 356 iudiciis
776 325 963 354 reservarunt,
980 324 1011 347 ut

222 366 393 394 Atheniensis
405 374 515 394 senatus
527 368 620 394 eadem
633 375 693 402 quas
702 367 815 402 Pythius
830 371 905 394 vates
916 365 1010 400 Apollo

222 414 358 440 decernat.
375 414 402 440 Si
415 413 456 441 vel
471 413 658 441 tantummodo
672 413 794 440 scribere
805 420 889 439 austts
902 412 1010 446 fuisset,

222 464 350 493 quantum
365 460 431 485 satis
446 463 519 486 esset
537 458 570 485 ad
592 458 710 485 tollenda
725 457 906 485 Providentia:
920 457 1008 492 signa,

222 505 372 540 puniendus
387 504 482 532 fuisset
496 509 525 531 ut
539 505 648 539 itnpius.
663 504 691 531 Si
705 509 795 532 autem
810 505 835 530 in
850 512 909 531 eam
922 504 1008 538 ipsam

222 550 420 577 Providentiam
440 550 538 584 impius
552 551 604 583 sit,
621 551 699 585 cujus
713 550 857 578 simulacra
873 555 935 578 sttnt
950 556 1009 577 caa-

222 597 287 630 lum,
307 601 391 628 terra,
407 596 657 631 cletnentorumqtte
674 601 777 623 natura;
793 604 801 623 ε
818 604 852 623 an
868 602 1009 630 parcemttl

222 647 350 677 tanquam
367 642 500 668 modicum
514 641 622 669 facinus
635 641 769 676 patrarit?
785 640 858 667 Bene
871 641 943 667 enim
955 644 1008 674 est,

222 687 319 721 tnqttit,
335 687 487 721 improbis;
505 691 534 713 at
551 693 676 721 quaenam
696 691 784 713 tanien
807 686 893 720 major
907 685 1010 720 impro-

222 731 306 758 bitate
330 731 496 758 infelicitas?
519 731 588 758 Male
613 738 677 758 vero
700 736 740 758 est
762 731 941 765 sapientibus.
966 731 1007 757 Au

222 776 300 804 aliam
315 775 471 803 felicitatem
486 782 566 811 ptttas
589 777 688 803 virtute
708 776 870 804 meliorem?
884 776 936 808 ita;
954 783 1008 803 non

221 829 273 848 una
295 825 338 849 est
359 821 489 857 cujusque
514 821 632 849 hominis
653 822 714 849 vita:
738 821 807 848 ratio
829 829 845 849 a
865 826 960 848 natura
980 824 1008 848 et

221 867 375 902 voluntate,
397 868 444 895 sed
463 867 620 895 dividuntur
637 868 745 903 quidem
763 868 901 895 hominum
920 868 1008 894 iutcn—
1024 857 1046 886 Β

223 914 328 941 tiones:
342 913 464 941 tribuunt
474 920 537 940 vero
549 913 694 948 unicuique
706 914 844 948 proprium
853 913 903 940 sibi
917 913 1006 940 tinent.

221 959 314 987 Nullus
327 959 470 994 imperium
486 959 607 986 omnium
623 959 708 986 ambit
720 959 839 993 sapiens,
856 959 933 993 cujus
946 966 1008 994 pos-

220 1015 342 1036 sessores
361 1007 470 1042 plurimi
495 1007 589 1034 beatos
612 1007 770 1041 praedicant,
793 1014 852 1039 nec,
877 1007 899 1033 si
919 1006 1009 1033 minus

220 1057 419 1088 consequatur,
444 1052 571 1079 damnum
597 1056 685 1086 putat.
712 1050 782 1083 Quid
806 1058 872 1085 ergo
892 1054 1007 1085 spectat.

219 1099 284 1133 quid
299 1098 437 1130 intendit,
453 1105 504 1124 cur
517 1097 634 1128 laborat,
651 1104 700 1123 cur
715 1101 795 1124 noctu
809 1095 912 1130 vigilat,
925 1100 953 1122 et
970 1096 1009 1122 itt-

224 1144 311 1171 terdiu
337 1142 445 1170 studet?
479 1142 513 1170 Ut
543 1142 672 1169 virtutem
709 1145 904 1174 consequatur.
932 1141 1009 1168 Hanc

220 1194 354 1225 quomodo
378 1188 531 1216 obtinebit?
556 1193 584 1214 et
611 1195 664 1221 qua
683 1187 788 1214 ratione
813 1186 912 1214 divinat
937 1187 1008 1215 illius

220 1237 317 1271 praedas
324 1243 435 1270 compos
445 1234 510 1270 lict)
522 1233 626 1269 Opibus
637 1239 664 1260 et
675 1233 778 1260 divitiis
791 1241 843 1260 non
857 1233 1010 1268 acquiritur

219 1283 325 1316 virtus,
344 1289 433 1317 neque
448 1281 570 1314 corporis
588 1281 696 1308 robore.
719 1279 833 1308 Omnem
849 1280 922 1307 enim
936 1279 1008 1307 olea-

220 1329 326 1364 gineam
349 1334 477 1355 coronam
492 1327 612 1355 excedit.
628 1326 737 1354 Virtute
759 1326 874 1354 bellica?
890 1326 923 1353 Et
936 1333 1010 1360 qua»

221 1385 282 1404 nam
307 1382 406 1412 tropaea
430 1376 556 1404 chariora
585 1383 665 1412 quam
692 1376 726 1403 de
747 1375 814 1403 vitio
835 1375 1009 1402 statuuntur?

220 1422 278 1451 Non
297 1422 379 1456 igitur
400 1422 515 1456 sapienti
535 1421 644 1456 pauperi
666 1425 853 1456 paupertatem
877 1420 1005 1455 olijicias:

221 1477 274 1498 non
290 1469 363 1496 enim
378 1473 483 1503 spectat
499 1468 617 1496 divitias.
643 1466 741 1503 357!)
758 1466 850 1502 Neque
865 1467 1007 1502 aegrotanti

221 1514 432 1543 invaletudinem
464 1513 630 1548 exprobres,
661 1514 793 1548 siquidem
825 1513 920 1540 melior
943 1520 1041 1557 parsC

221 1561 293 1589 illius
309 1561 380 1588 salva
396 1560 446 1594 sit,
464 1567 550 1595 neque
579 1559 749 1594 improbres,
767 1560 789 1586 si
807 1566 821 1586 a
837 1559 938 1586 civitati
956 1559 1008 1586 itu-

221 1607 380 1641 perantihus
398 1607 530 1638 vincatur,
548 1605 766 1640 quandoquidem
784 1604 866 1632 etiam
885 1603 1008 1632 fortiori-

221 1653 271 1679 lnts
285 1651 409 1685 superior
423 1656 474 1678 est.
493 1649 610 1676 Tantum
623 1651 696 1676 enim
712 1651 788 1676 abest
801 1655 830 1676 ut
843 1649 887 1676 vir
901 1649 1008 1684 sapiens

222 1698 318 1724 ltorum
337 1696 535 1731 possessionem
560 1699 690 1726 sectetur,
705 1694 747 1721 vel
765 1702 795 1721 se
812 1693 965 1726 infelicem,
985 1694 1006 1721 si

220 1748 327 1776 careat,
349 1742 497 1773 existimet,
513 1746 542 1767 ut
561 1740 643 1768 etiam
665 1740 758 1774 aliqui,
781 1740 897 1767 maxime
913 1747 1007 1767 eorum

219 1788 267 1824 qui
291 1787 426 1822 sapientia
448 1791 475 1814 et
497 1786 599 1813 virtute
619 1787 785 1816 claruerunt,
809 1785 842 1812 iis
863 1792 893 1812 se
912 1790 1008 1819 sponte

221 1834 365 1869 privarint,
377 1840 430 1867 quo
443 1832 520 1860 liberi
537 1833 570 1859 ab
585 1831 659 1859 omni
676 1836 790 1858 externo
804 1831 1006 1865 impedimento,

220 1880 383 1908 immortalis
406 1878 515 1906 virtutis
538 1879 647 1906 divitias
676 1883 808 1905 emerent.
833 1877 1008 1912 Anaxagoras

219 1927 310 1955 omnia
327 1926 421 1962 patrias
437 1933 536 1961 pascua
549 1924 664 1956 dimisit,
686 1925 773 1959 rcipsa
786 1924 926 1951 declarans
938 1931 1009 1958 quaa-

220 1981 282 2000 natu
305 1972 469 2007 agricultura
486 1970 654 2005 sapientibus
672 1970 818 1997 conveniat
838 1970 905 2005 (56).
931 1968 1008 1997 Ultro

220 2019 388 2047 Democritus
407 2018 529 2046 morbum
544 2017 676 2050 concivit},
699 2021 728 2043 ut
747 2023 811 2052 pars
826 2016 922 2045 melior
941 2023 1006 2044 sana

218 2070 301 2094 esset.

254 2112 324 2147 Quid
344 2119 408 2147 ergo
427 2109 625 2138 Providentiam
652 2109 773 2141 incusas,
800 2113 929 2143 tanquam
953 2116 1006 2135 non

219 2163 293 2187 recte
316 2158 380 2193 quid
415 2156 450 2183 sit
480 2155 581 2190 justum
610 2155 834 2182 distribuentetn?
872 2154 900 2182 Si
933 2155 1005 2182 enim

1062 229 1302 265 συγκραδαίνεται,
1317 229 1348 256 οὐ
1377 227 1538 265 πρηστῆρες
1553 228 1614 255 οὐδὲ
1635 229 1757 264 σκηπτοὶ
1785 231 1853 266 αὐτῇ

1060 275 1154 302 τοῦτον
1174 275 1326 310 Ἀκαδημίᾳ
1339 273 1562 309 συναφανίζουσι.
1582 274 1698 310 Συνίημι
1717 275 1749 302 τδ
1769 284 1854 311 στρα-

1059 321 1173 356 τήγημα
1184 321 1239 347 τῶν
1253 320 1338 348 θεῶν·
1357 320 1506 355 ὑμετέραις
1525 320 1626 355 ψήφοις
1637 320 1732 347 τοῦτον
1755 321 1855 356 ἐτήρη-

1061 374 1121 399 σαν,
1138 366 1182 394 ίνα
1196 367 1318 393 ’Δττικὺν
1332 366 1508 400 δικαστήριον
1530 365 1575 391 tua
1597 365 1689 400 Πυθίῳ
1705 365 1854 402 βουλεύση-

1059 419 1115 439 ται.
1132 413 1164 438 Εί
1178 412 1228 447 μὲν
1240 409 1287 439 οὖν
1306 411 1413 447 γράψαι
1435 409 1563 437 ¹τοσοῦτον
1591 411 1672 445 μόνον
1698 411 1852 446 ἐτόλμησεν

1059 457 1121 484 ὅσον
1134 457 1278 493 καθαιρεῖν
1286 457 1322 484 τὰ
1336 457 1388 491 τῆς
1407 456 1536 492 προνοίας
1552 456 1710 491 ἀγάλματα,
1738 456 1794 483 ἔδει
1811 457 1852 483 δι-

1058 503 1132 531 δόναι
1144 504 1222 539 δίκην
1232 504 1270 536 ὡς
1280 504 1456 537 ἁσεϐήσαντα
1471 510 1478 518 ·
1495 504 1519 529 εί
1536 503 1564 529 δὲ
1579 504 1620 534 είς
1642 503 1730 539 αὐτὴν
1742 504 1852 540 εκείνην

1059 550 1162 581 ἁσεδεῖ,
1177 547 1212 585 ἦς
1240 549 1355 585 οὐρανὸς
1380 550 1429 575 καὶ
1454 549 1489 583 γῆ
1514 549 1561 576 καὶ
1586 549 1728 584 στοιχείων
1756 550 1852 584 φύσεις

1058 595 1216 629 ἀγάλματα,
1234 595 1272 627 ὡς
1287 595 1398 630 μέτριόν
1413 603 1440 621 τι
1451 595 1548 630 δρᾶσαι
1560 594 1748 630 διανοηθέντος
1759 596 1851 630 φεισό-

1060 641 1146 675 μεθα;
1161 640 1311 675 Εὑτυχοῦσι
1322 641 1387 676 γὰρ,
1402 640 1494 675 φησιν,
1512 641 1535 666 oi
1548 640 1638 667 κακοί.
1654 641 1710 667 Καὶ
1720 641 1744 657 ⁸⁸
1763 641 1789 668 τί
1803 650 1851 667 xa-

1059 686 1122 718 κίας
1139 686 1230 721 μεῖζον
1256 686 1433 720 δυστύχημα;
1451 685 1613 720 δυστυχοῦσι
1640 686 1695 721 γὰρ
1719 687 1745 713 οἱ
1762 687 1849 721 σοφοί.

1059 731 1141 768 [1088
1153 732 1199 768 IL]
1225 730 1292 759 Εἶτα
1321 732 1448 766 εὐτυχίαν
1479 731 1563 767 ἄλλην
1589 732 1690 767 ἀρετῆς
1716 733 1770 768 ⁴ἡγῇ
1791 733 1851 768 βελ-

1059 778 1133 804 τίονα
1140 777 1179 811 ⁶⁹;
1195 778 1251 813 Οὐχ
1266 775 1304 810 εἷς
1318 778 1373 813 βίος
1383 777 1527 812 ἀνθρώπου
1540 778 1652 813 γνώμης
1669 779 1788 814 ὑπάρχει
1801 779 1852 806 καὶ

1059 824 1178 858 φύσεως,
1195 824 1263 850 ἀλλᾶ
1287 823 1425 859 σχίζονται
1437 824 1486 859 μὲν
1502 825 1527 850 οι
1553 824 1608 851 τῶν
1633 824 1765 860 βιούντων
1785 833 1850 852 σκο-

1061 869 1116 900 ποὶ,
1131 869 1345 904 συμμερίζονται
1360 869 1387 895 δὲ
1404 869 1490 905 πέρας
1505 869 1613 904 ἑκάστῳ
1636 870 1666 896 τὺ
1681 870 1849 905 πρόσφορον.

1059 914 1115 940 Οὐκ
1132 914 1181 949 ἐρᾷ
1197 914 1277 948 σοφὸς
1290 915 1341 950 τὴν
1351 914 1438 950 ἀρχὴν
1459 915 1566 946 οὐδενὸς
1580 914 1634 941 τῶν
1656 915 1778 948 πάντων,
1807 915 1850 950 ἐφ’

1059 956 1099 990 οἷς
1109 960 1133 986 oi
1153 960 1274 986 πλεῖστοι
1292 961 1356 991 τοὺς
1379 951 1566 996 κεκτημένους
1592 959 1828 994 εὐδαιμονίζουσιν
1840 969 1850 977 ·

1059 1005 1156 1032 οῠκουν
1165 1006 1225 1033 οὐδὲ
1244 1006 1346 1041 ζημίαν
1360 1007 1391 1033 τὸ
1407 1007 1444 1042 μὴ
1458 1007 1601 1042 τυγχάνειν
1617 1005 1678 1042 [581
1696 1006 1743 1042 Η.]
1770 1007 1852 1033 ὑπεί-

1058 1051 1137 1086 ληφε.
1154 1053 1186 1078 Τί
1198 1050 1244 1079 οὖν
1254 1053 1350 1088 ἐκείνῳ
1361 1053 1449 1086 τέλος,
1461 1053 1509 1080 καὶ
1524 1053 1593 1089 πρὸς
1618 1053 1645 1079 τί
1671 1052 1778 1088 βλέπων
1804 1053 1852 1080 καὶ

1061 1097 1157 1129 ¹πόνους
1169 1099 1247 1124 πονεῖ
1261 1098 1308 1125 καὶ
1316 1098 1424 1135 νύκτωρ
1430 1100 1567 1135 ἀγρυπνεῖ
1580 1098 1628 1126 καὶ
1637 1098 1697 1133 μεθ’
1711 1099 1820 1134 ἡμέραν
1828 1100 1852 1115 ’⁸

1060 1143 1245 1177 ἑσπούδακενς
1265 1144 1379 1180 Ἀρετῆς
1393 1146 1499 1180 κτῆσις,
1513 1142 1535 1171 ὦ
1546 1145 1606 1172 τάν.
1624 1145 1732 1179 Ταύτην
1747 1146 1776 1172 δὲ
1791 1145 1852 1177 πῶς

1060 1189 1142 1224 αίρεί,
1161 1190 1216 1217 κὰκ
1242 1190 1314 1222 τίνος
1330 1191 1433 1226 τρόπου
1457 1191 1507 1226 τῆς
1530 1191 1605 1223 θείας
1633 1191 1740 1225 ἐκείνης
1763 1191 1852 1226 θήρας

1060 1235 1199 1271 ἐγκρατὴς
1212 1236 1333 1270 γίνεται;
1354 1236 1461 1272 πλούτῳ
1475 1238 1523 1264 καὶ
1537 1238 1677 1273 χρήμασιν
1704 1238 1756 1264 οὐκ
1776 1237 1853 1264 ἔστιν

1060 1282 1158 1317 αίρετή
1171 1282 1204 1309 ⁵⁸.
1224 1282 1317 1319 Ῥώμῃ
1328 1284 1375 1310 τοῦ
1391 1284 1414 1302 ⁸³
1435 1283 1560 1319 σώματος
1571 1285 1612 1317 ⁹³;
1639 1284 1726 1319 ’Υπὲρ
1743 1284 1852 1311 ἅπαντα

1060 1327 1190 1354 κότινονό
1204 1328 1306 1362 ταύτης
1326 1329 1469 1362 στέφανος.
1496 1328 1616 1363 Δυνάμει
1631 1329 1665 1364 τῇ
1681 1328 1754 1355 κατὰ
1773 1328 1823 1354 τὸν
1830 1329 1853 1344 ’³

1059 1372 1192 1407 πόλεμον;
1213 1373 1268 1399 Καὶ
1283 1373 1344 1400 τίνα
1359 1374 1477 1410 τρόπαια
1489 1375 1543 1400 τῶν
1563 1375 1617 1400 ἀπὸ
1624 1374 1647 1390 ’⁵
1663 1373 1763 1405 κακίας
1790 1373 1853 1409 μεί-

1059 1418 1140 1452 Cava;
1155 1419 1219 1454 μήτ’
1240 1419 1289 1446 οὖν
1309 1420 1451 1455 πενομένῳ
1465 1420 1503 1455 τῷ
1520 1419 1596 1455 σοφῷ
1608 1419 1705 1447 πενίαν
1728 1419 1853 1455 πρόφερε

1060 1463 1101 1500 (οὐ
1111 1465 1165 1500 γὰρ
1182 1462 1216 1500 ἦν
1228 1465 1329 1498 σκοπὸς
1341 1466 1376 1494 τὰ
1397 1467 1547 1502 χρήματα),
1562 1467 1630 1502 μήτε
1652 1466 1776 1493 νοσοῦντι
1802 1467 1854 1502 τὴν

1058 1511 1214 1546 ἀρρωστίαν
1247 1511 1371 1546 ὀνείδιζε,
1401 1512 1480 1549 εἰπερ
1498 1513 1613 1547 ὑγιαίνει
1638 1512 1673 1539 τὰ
1695 1512 1852 1548 κρείττονα,

1060 1558 1129 1592 μήτε
1137 1557 1159 1573 ’⁸
1173 1558 1323 1594 ἡττωμένῳ
1343 1558 1398 1585 τῶν
1428 1558 1648 1586 δυναστεύοντων
1670 1558 1700 1585 ὲν
1727 1557 1852 1590 πόλεσιν,

1057 1603 1137 1638 εἴπερ
1152 1605 1250 1638 κρατεῖ
1259 1605 1317 1636 τοῖς
1334 1605 1468 1639 ἀμείνοσι.
1485 1605 1619 1631 Τοσοῦτον
1626 1605 1649 1621 "
1670 1603 1725 1639 γὰρ
1745 1603 1780 1631 ἂν
1793 1603 1853 1631 δέοι

1059 1650 1203 1681 σπουδαῖος
1212 1651 1283 1686 ἀνὴρ
1301 1650 1481 1685 μεταδιώκειν
1490 1652 1540 1686 τὴν
1555 1650 1611 1678 τῶν
1635 1650 1766 1678 τοιούτων
1781 1650 1852 1685 κτῆ-

1059 1703 1101 1721 σιν
1113 1695 1129 1731 ἢ
1146 1695 1287 1731 δυστυχεῖν
1301 1696 1548 1732 ὕπολαμδάνειντῷ
1558 1697 1581 1713 ’³
1596 1695 1750 1730 στέρεσθαι,
1776 1694 1852 1722 ὥστε

1057 1739 1107 1774 ἤδη
1118 1739 1190 1771 τινὲς
1204 1740 1250 1766 καὶ
1266 1740 1337 1775 μάλα
1353 1741 1408 1767 τῶν
1434 1741 1595 1775 ὀνομαστῶν
1621 1741 1668 1768 επὶ
1695 1742 1780 1776 σοφίᾳ
1802 1741 1853 1768 καὶ

1057 1785 1142 1820 ἁρετῇ
1160 1784 1209 1822 [οἳ]
1225 1786 1328 1813 τούτων
1355 1787 1465 1819 ἑκόντες
1492 1788 1661 1824 ἀπέστησαν,
1689 1788 1733 1814 ῐνα
1758 1787 1852 1821 πάσης

1057 1830 1170 1862 ἑαυτοὺς
1186 1832 1237 1866 τῆς
1259 1831 1359 1865 ἔξωθεν
1388 1832 1516 1868 ἀσχολίας
1545 1832 1780 1869 ἐλευθερώσαντες
1805 1836 1853 1862 τὶν

1057 1876 1191 1903 ἀθάνατον
1207 1877 1257 1912 τῆς
1267 1878 1369 1914 ἀρετῆς
1387 1878 1501 1905 πλοῦτον
1524 1879 1704 1911 ἀλλάξωνται.
1737 1881 1853 1914 Ἀναξα-

1057 1922 1142 1957 γόρας
1156 1923 1207 1958 γῆν
1223 1923 1308 1958 ἀνῆκε
1320 1924 1372 1958 τὴν
1383 1923 1480 1951 ἑαυτοῦ
1494 1925 1584 1951 πᾶσαν
1602 1925 1762 1960 μηλόϐοτον,
1774 1926 1851 1962 ἔργῳ

1057 1969 1210 2004 νομοθετῶν
1216 1970 1258 2002 τίς
1264 1971 1385 2007 γεωργία
1391 1973 1448 2004 τοῖς
1458 1971 1622 2007 σοφωτέροις
1630 1972 1806 2007 ἁρμόττουσα
1816 1974 1851 2004 ⁵⁸,

1064 2014 1151 2043 Ἐκὼν
1165 2015 1194 2042 δὲ
1208 2016 1294 2043 ἐνόσει
1309 2017 1358 2043 τοι
1377 2017 1456 2052 σῶμα
1469 2008 1652 2054 Ἀημόκριτος,
1668 2018 1713 2045 ἵνα
1736 2019 1848 2056 ὑγιαίνῃ

1058 2060 1094 2086 τὰ
1107 2061 1258 2096 κρείττονα.

1092 2106 1125 2133 Τι
1142 2106 1189 2134 οὖν
1204 2107 1328 2142 ἐγκαλεῖς
1352 2109 1470 2144 Προνοίᾳ
1485 2109 1523 2142 ὡς
1541 2110 1579 2146 μὴ
1609 2110 1760 2147 μεριζούσῃ
1787 2111 1848 2138 κατ’

1057 2153 1136 2185 ἀξίαν
1152 2154 1182 2181 τὸ
1197 2154 1314 2188 δίκαιον;
1330 2155 1361 2181 Εἰ
1375 2155 1429 2191 γὰρ
1444 2156 1491 2182 καὶ
1511 2157 1660 2191 περιόντων
1688 2157 1847 2193 ὑπερορῶσι

219 2203 309 2231 omnia
335 2207 447 2230 externa
483 2201 552 2228 bona
582 2199 753 2234 despiciunt,
788 2200 923 2234 quomodo
950 2207 1004 2228 non

1059 2198 1111 2224 τῶν
1125 2199 1204 2230 ἐκτὸς
1218 2199 1356 2232 ἁπάντων,
1373 2200 1432 2232 πῶς
1453 2201 1611 2236 ἢᾶχθονται
1636 2202 1674 2238 μὴ
1691 2203 1846 2234 παρόντων,

219 2250 348 2278 habentes
368 2247 480 2275 moleste
510 2246 614 2277 ferant,
648 2244 690 2272 vel
713 2249 742 2273 ut
759 2249 937 2279 assequamur
962 2245 1003 2272 la-

218 2293 336 2322 borent?
347 2292 412 2326 Quis
424 2292 496 2319 enim
511 2291 586 2318 dives
598 2298 649 2318 non
659 2289 798 2318 existimet
808 2298 874 2325 opes
886 2293 1003 2318 maximo

217 2339 410 2374 impedimento
420 2337 498 2365 esse?
513 2336 668 2364 Divinarum
679 2342 769 2365 autem
784 2341 811 2364 et
823 2337 1001 2364 humanarum

218 2393 309 2413 rerutn
327 2384 456 2419 cognitio,
479 2389 507 2411 et
528 2384 588 2411 talis
601 2391 633 2412 ac
654 2388 734 2411 tanta:
745 2383 885 2418 sapientiae
901 2382 1004 2418 magni-

220 2432 294 2462 tudo.
318 2431 400 2458 tibine
410 2431 532 2457 videatttr
544 2437 772 2465 supervacaneum
789 2429 853 2464 quid
869 2433 1001 2456 mercatu-

219 2485 275 2505 ram
291 2476 408 2509 facienti,
422 2481 450 2504 et
467 2477 600 2503 sarcinam
630 2476 744 2503 sollicite
762 2475 877 2510 gerenti,
891 2479 919 2501 et
932 2481 1001 2502 onus

217 2524 253 2555 ei,
267 2522 312 2557 qui
329 2522 443 2549 honores
460 2528 491 2548 ac
507 2521 682 2555 magistratus
693 2520 720 2548 in
733 2520 844 2548 civitate
861 2519 1002 2546 sectatur?

1055 2245 1158 2281 ἢὸπως
1175 2246 1286 2283 ὑπάρχῃ
1307 2248 1502 2282 σπουδάζουσι;
1521 2249 1570 2280 Τίς
1585 2249 1640 2284 γὰρ
1659 2249 1783 2276 πλουτῶν
1797 2251 1846 2277 οὐκ

1055 2292 1183 2327 ἀσχολίαν
1195 2293 1258 2327 ἄγει
1273 2293 1405 2329 μεγίστην
1419 2293 1489 2321 αὐτὰ
1500 2295 1534 2321 τὰ
1545 2295 1691 2330 χρήματας
1707 2295 1790 2322 Θείων
1818 2296 1846 2322 δὲ

1055 2338 1154 2372 γνῶσις
1166 2339 1214 2365 καὶ
1223 2339 1403 2375 ἀνθρωπίνων
1421 2341 1603 2375 πραγμάτων,
1634 2341 1682 2368 καὶ
1708 2340 1846 2376 τοσαύτης

1054 2383 1101 2409 καὶ
1113 2383 1279 2419 τηλικαύτης
1297 2385 1394 2420 σοφίας
1411 2385 1535 2420 μέγεθος,
1554 2384 1609 2421 ἆρά
1625 2394 1665 2412 σοι
1683 2386 1759 2413 δοκεῖ
1773 2386 1844 2420 πάρ·

1054 2437 1134 2464 εργον
1150 2431 1159 2445 ¹
1176 2431 1226 2465 μὲν
1252 2429 1322 2457 εἶναι
1336 2431 1383 2457 τοῦ
1398 2431 1598 2467 χρηματιστοῠ,
1610 2431 1656 2458 τοῦ
1679 2431 1709 2458 δὲ
1737 2440 1844 2467 παρερ-

1054 2475 1167 2508 γοῦντος
1181 2475 1320 2510 ἐφόλκιον,
1334 2477 1382 2503 τοῦ
1399 2477 1428 2503 δὲ
1441 2477 1490 2509 τὰς
1506 2478 1535 2504 ἐν
1559 2477 1636 2504 πόλει
1664 2477 1749 2513 τιμὰς
1782 2477 1844 2505 διώ-

1054 2528 1147 2552 κοντος
1160 2521 1388 2558 ὲπακολούθημα;
1405 2522 1451 2558 Μὴ
1465 2522 1554 2550 τοίνυν
1575 2523 1775 2558 κακοδαίμονας
1791 2524 1841 2550 κά-

861 2598 980 2628 γΑιιιΑε
1002 2581 1211 2629 necrtoNes.

208 2658 213 2665 ’
253 2658 275 2674 ⁸⁸
291 2657 338 2695 καὶ
355 2665 409 2695 om.
425 2658 457 2684 Α.
495 2658 518 2695 ’_’
534 2657 655 2692 βελτίονα
673 2657 695 2684 Α
706 2668 719 2695 _:
736 2656 854 2695 βελτίω;
874 2657 919 2695 ναί
932 2666 969 2695 ς..
987 2657 1022 2695 ff
1037 2658 1144 2692 ἡμέρας
1156 2667 1195 2695 ςκ-
1224 2659 1246 2695 _"
1264 2658 1371 2695 αἱρετή]
1384 2659 1475 2695 aps-5'!)
1491 2658 1546 2686 AC.

216 2700 278 2721 om.-
290 2692 320 2720 Β.
368 2693 391 2709 "
405 2697 464 2726 post
477 2692 601 2727 σώματος
616 2700 675 2719 cum
698 2692 720 2718 A
734 2693 811 2728 omisi
828 2693 934 2728 αἱρετή,
954 2692 1007 2719 dele

1076 2694 1157 2720 etiam
1184 2692 1320 2724 Leieltitts.
1340 2692 1464 2728 p‘fXXV.

217 2728 269 2767 ι’)πρ
282 2729 314 2755 A.
328 2762 337 2767 ι
351 2729 374 2745 ⁵⁸
392 2728 461 2762 μήτε
485 2726 524 2767 τῷ
539 2728 598 2767 ἡτξ.
615 2736 644 2767 εῖτ
683 2729 706 2744 9"
720 2726 831 2754 τοσοῦτο
847 2726 878 2767 5":
915 2726 938 2744 ⁵⁸
952 2728 998 2767 τῷ.
1065 2727 1094 2754 τὸ
1107 2737 1138 2760 ς.

1597 2657 1620 2674 θ’
1634 2657 1681 2685 τοῦ
1696 2658 1729 2690 A,
1753 2666 1783 2684 τε
1798 2667 1840 2690 ς’;

1502 2695 1524 2710 ”
1540 2693 1586 2720 τὸν
1601 2701 1656 2721 om.
1674 2693 1704 2719 Β.
1743 2694 1766 2710 ⁸⁸
1777 2692 1840 2728 ἀπὺ]

1190 2729 1212 2744 ’³
1229 2729 1387 2764 ἁρμόζουσα
1399 2728 1430 2756 Β.
1468 2733 1477 2764 ξ
1491 2729 1521 2754 τὸ
1537 2729 1598 2756 libri
1617 2736 1672 2756 om.
1709 2728 1720 2743 '
1739 2736 1842 2764 παρερ-

215 2762 338 2801 γοῡντος]
353 2761 560 2797 περιεργοῦντος
575 2762 705 2798 Scaliger,
723 2762 937 2797 πανουργοῦντος
951 2761 1007 2790 lleit

1059 2770 1086 2795 ης,
1104 2770 1156 2791 non
1173 2761 1343 2799 pejus'fuerit
1357 2763 1554 2798 γεωργοῦντας.

971 2816 1087 2844 NOTAE.

255 2862 308 2900 (36)
327 2863 400 2899 Orig.
419 2863 464 2891 lib.
486 2871 504 2890 ll
527 2863 624 2891 Contra
647 2863 767 2898 Celsum;
791 2863 912 2891 Lactant.
927 2863 974 2891 lib.
990 2863 1007 2891 3
1025 2863 1064 2891 De
1079 2863 1148 2898 [alta
1160 2872 1217 2899 sap.
1235 2872 1293 2900 cap.
1306 2865 1342 2892 25
1357 2874 1365 2901 ;
1381 2866 1454 2894 Plut.
1469 2866 1495 2895 itt
1515 2865 1574 2894 Vita
1592 2865 1716 2895 Pet-ictis.
