1919 3096
74 139 128 172 1321

594 133 854 165 BlBLIOTHECA.
873 145 907 152 ·-
925 133 1008 164 COD.
1027 133 1180 165 CCXLllI.

1618 133 1686 166 1322

68 196 102 222 λει
115 193 171 225 τοὺς
185 191 234 227 τὴν
246 190 378 227 μεγίστην
390 189 565 226 εὐδαιμονίαν
578 189 839 225 εὐδαιμονήσαντας,
856 207 861 219 ι

908 187 952 217 lon
962 196 1027 224 ergo
1035 196 1083 218 eos
1092 189 1213 217 infelices
1222 188 1367 225 appellato,
1377 189 1423 225 qui
1432 189 1552 217 omnium
1561 189 1687 218 suntfcli-

68 239 125 276 μηδὲ
134 238 274 272 δυστυχεῖς
297 236 363 268 τοὺς
387 234 580 270 ὁμοιουμένους
608 235 665 266 τοῖς
689 233 838 270 κρείττοσι,

67 285 126 321 μηδὲ
141 284 268 318 πένητας,
281 279 319 309 ὧν
339 281 479 318 θησαυρὸς
502 280 636 312 ἀθάνατος
646 281 668 314 ³,
697 279 766 316 μηδὲ
781 279 842 306 ἀτί-

66 338 134 365 μους,
148 327 192 360 οὒς
211 328 257 355 ίσα
273 327 344 358 θεοῖς
355 325 545 361 θαυμάζομεν.
560 325 658 351 Πολλοὶ
670 324 725 360 γὰρ
743 323 843 351 πολλά-

65 383 102 406 κις
114 373 188 400 κακοὶ
201 373 251 408 μὲν
265 371 378 407 γνώμην
403 371 594 406 τυγχάνουσιν,
609 371 785 397 ἐπαινοῦνται
813 370 842 397 δὲ

65 418 182 450 πολλάκις
196 418 263 453 παρ’
279 417 371 450 ὲνίων,
386 416 437 452 τῆς
450 416 545 452 χρείας
561 415 692 450 ποιούσης
709 415 770 442 ἀντὶ
793 415 842 450 τῆς

64 464 182 500 ἀληθείας
194 465 240 491 τὸν
255 463 378 491 ἔπαινον.

95 510 189 537 Καίτοι
204 518 237 544 γε
255 509 342 545 ἡδέως
363 509 396 536 ἂν
414 509 530 544 ἐροίμην
544 508 607 540 τοὺς
625 508 768 540 ὀνειδίζειν
789 508 845 539 τοῖς

64 556 146 590 ποσοῖς
176 554 226 590 τὴν
264 553 412 590 δυστυχίαν
435 553 587 586 ἐθέλοντας,
617 553 732 589 πότερον
774 551 845 588 ἦσαν

63 601 168 628 τοιοῦτοι
193 601 258 637 πρὶν
275 600 407 635 γενέσθαι
434 599 523 633 σοφοὶ,
539 600 556 635 ἢ
581 599 651 635 μετὰ
681 599 767 627 ταῦτα
791 599 846 625 τῶν

63 648 208 683 λεγομένων
231 647 433 682 εὐτυχημάτων
462 645 636 681 ἀφῄρηνταις
661 645 694 672 El
716 645 764 680 μὲν
777 646 842 681 πρό-

63 702 143 729 τερον,
170 694 202 720 οὐ
229 694 279 728 τῆς
295 692 397 729 ἀρετῆς
426 693 458 718 τδ
477 692 624 727 ἔγκλημα·
651 691 675 718 εἰ
699 691 728 717 δὲ
754 691 784 723 ἐξ
816 687 847 717 οὗ

63 741 157 776 ταύτην
193 740 349 774 είλήφασιν,
378 739 427 774 οὐχ
456 735 494 765 ὧν
510 738 626 765 ἐπόθουν
650 738 707 764 ἀλλ’
734 734 770 765 ὧν
799 738 848 764 οὐκ

64 786 168 814 ἐπόθουν
182 785 354 821 ἐστέρηνται.
378 785 407 811 Ὀ
421 785 450 811 δὲ
476 785 523 811 καὶ
548 783 774 819 κατειρωνεύεται
797 784 848 819 τῆς

65 833 201 868 συμφορᾶς
211 832 233 864 ⁵,
251 831 299 858 καὶ
317 830 532 866 παραγράφεται
548 830 594 857 τὸν
611 830 711 865 τρόπον
726 831 776 866 ’ήδη
798 831 849 866 τῆς

892 234 1006 267 cissimi,
1017 234 1304 270 nequeinfortunatos,
1317 235 1362 270 qui
1372 235 1498 263 ditissimi
1511 239 1584 267 sunt,
1601 242 1688 271 neque

892 288 1025 316 pauperes
1054 288 1169 315 quorum
1193 281 1508 310 thesaurusimmortalis
1524 286 1584 309 est:
1601 289 1689 317 nequc

893 325 1026 362 ignobiles
1046 331 1073 354 et
1087 327 1216 362 abiectos,
1234 334 1301 362 quos
1317 335 1365 362 pro
1381 327 1434 355 diis
1449 327 1590 355 habemus.
1610 328 1688 363 Saepe

893 373 965 400 enim
974 372 1049 400 tnulti
1060 373 1172 408 improbi
1182 378 1246 400 sunt
1255 373 1403 405 voluntate,
1414 372 1448 400 ab
1455 372 1589 407 aliquibus
1600 377 1688 400 tamen

895 418 1004 446 utilitati
1016 418 1106 453 potius
1122 426 1203 453 quam
1217 419 1324 446 veritati
1341 418 1520 446 servientibus
1533 418 1688 447 laudantur.

928 516 1057 543 Libenter
1083 523 1149 544 sane
1180 523 1226 544 eos
1257 516 1476 551 interrogarem,
1505 516 1550 552 qui
1580 517 1690 551 sapien-

896 563 968 590 tibus
1000 562 1185 590 infelicitatem
1214 563 1381 597 exprobrare
1412 562 1535 594 student,
1567 571 1601 590 an
1619 563 1688 590 tales

897 608 998 636 fuerint
1011 615 1156 644 antequam
1176 610 1313 644 sapientes
1330 609 1442 642 tierent,
1459 617 1493 635 an
1510 616 1574 636 vero
1597 614 1690 644 postea

897 655 1054 682 felicitatem
1069 655 1219 682 amiserint.
1240 653 1268 682 Si
1283 654 1356 689 prius
1372 662 1424 682 non
1440 658 1493 687 est,
1511 662 1564 682 non
1580 659 1621 682 est
1638 655 1693 680 vir-

898 700 963 727 tutis
975 700 1052 735 culpa
1066 709 1072 727 :
1085 701 1125 727 sin
1140 707 1204 727 vero
1216 708 1249 727 ex
1263 708 1316 735 quo
1330 700 1491 735 sapientiam
1507 701 1693 736 acquisierint.

899 752 951 771 non
969 751 1000 771 ea
1013 752 1073 779 qua:
1091 745 1293 776 desiderabant,
1307 745 1355 772 sed
1367 752 1398 772 ea
1411 753 1471 779 qum
1487 752 1539 772 non
1554 745 1695 773 desidera-

898 788 972 823 halll,
995 790 1158 817 amiserunt.
1175 789 1226 817 Hic
1247 797 1311 817 vero
1325 790 1512 818 calamitatem
1536 791 1609 818 illam
1625 791 1697 818 deri-

899 835 954 866 det,
982 839 1010 861 et
1034 835 1060 861 in
1083 834 1187 869 judicio
1212 835 1283 863 hanc
1305 836 1530 863 consuetudinem
1557 836 1696 864 exsibilat.

64 879 183 913 κρίσεως.
201 875 249 910 Οἷς
268 877 323 913 γὰρ
334 877 389 904 οὐδ’
403 875 494 903 ὁτιοῦν
509 896 517 908 ,
533 874 621 911 οἶμαι,
639 876 693 903 τῶν
720 876 855 903 εἰωθότων

908 878 973 906 Nam
984 879 1083 914 quibus
1096 879 1164 907 nihil
1177 887 1284 913 eorum,
1300 885 1329 908 ut
1340 885 1415 916 puto,
1430 888 1490 915 quae
1507 885 1587 909 antea
1603 881 1698 909 solitus

64 926 178 961 ἠδίκηκε,
197 925 303 956 τούτοις
318 925 358 951 ὅτι
375 923 442 959 μηδὲ
451 922 501 958 τὴν
518 923 606 958 ἀρχὴν
621 924 735 959 ἠδίκηκε
752 923 850 956 δείξειν

65 972 218 1007 ὑπείληφεν,
233 971 327 1006 ὥσπερ
347 972 377 998 οὐ
389 972 433 999 διὰ
452 970 531 998 τοῦτο
552 970 674 1006 μείζονος
688 970 774 1006 ὀργῆς
802 970 851 997 καὶ

65 1021 228 1057 κατηγορίας
241 1021 371 1057 ὑπάρχων
402 1020 487 1054 ἄξιος,
510 1020 551 1048 ὅτι
569 1020 680 1046 τοιαῦτα
695 1019 741 1045 καὶ
756 1018 852 1054 τηλικ‹

64 1067 124 1095 οὖτα
137 1067 291 1104 πεποίηκεν
306 1063 343 1095 ὧν
364 1067 416 1094 οὐκ
431 1067 504 1094 ἐστιν
531 1067 596 1103 [582
610 1065 656 1102 Η]
680 1066 771 1101 εὑρεῖν
800 1073 852 1091 πα-

66 1114 241 1149 ραδείγματα.
255 1113 337 1149 [1089
353 1113 400 1150 IL]
429 1113 460 1140 Ει
488 1113 510 1139 δ’
539 1112 564 1139 οἱ
589 1112 623 1139 τὰ
640 1111 727 1147 μείζω
750 1110 852 1146 τολμή-

66 1168 164 1193 σαντες,
184 1159 275 1186 ὃτιτὰ
301 1159 387 1194 μείζω
408 1159 564 1194 δεδράκασι,
584 1157 634 1192 τὴν
658 1156 794 1192 τιμωρίαν
821 1155 851 1183 οὗ

65 1205 182 1236 ὃώοουσι,
201 1205 243 1236 τίς
257 1204 297 1231 ἔτι
309 1204 387 1239 λόγος
405 1203 531 1236 κολάζειν
545 1203 631 1230 ἐθέλει
641 1203 651 1218 ⁵
665 1203 727 1234 τοὺς
752 1202 786 1229 τὰ
805 1211 852 1237 μι-

66 1251 193 1286 trp/nepa;
210 1251 244 1278 Τί
257 1251 286 1278 δέ
299 1259 307 1284 ;
328 1251 352 1278 εἰ
366 1250 430 1282 τοὺς
442 1250 479 1286 μὴ
491 1249 526 1276 τὰ
543 1248 646 1284 συνήθη
662 1247 853 1283 παρανομοῦν-

65 1305 108 1328 τας
119 1298 275 1333 ἀφήσομεν,
303 1296 362 1328 πῶς
387 1297 438 1323 οὐκ
467 1295 576 1328 ἐξουσία
600 1295 677 1322 πᾶσα
707 1295 854 1331 γενήσεται

66 1344 115 1374 τοῖς
130 1343 276 1370 ἐθέλουσι⁶
290 1342 464 1378 πλημμελεῖν
479 1341 497 1368 ἃ
514 1340 552 1379 μὴ
566 1341 732 1368 συνείθισται
745 1342 779 1373 θ’,
791 1341 855 1368 ὅταν

66 1389 88 1415 οἱ
98 1390 204 1424 πρῶτοι
236 1389 323 1417 ταῦτα
349 1388 536 1423 τολμήσαντες
563 1388 600 1420 ὡς
628 1387 679 1415 οὐκ
700 1387 856 1419 ἀδικοῦντες

67 1435 225 1469 ἐκφόγοιενς
242 1435 303 1470 Χρὴ
328 1434 423 1461 δὲιούκ
447 1434 559 1469 ἀφέσεις
581 1433 636 1461 τῶν
661 1433 781 1469 κρίσεων
807 1432 856 1465 τὰς

68 1481 113 1508 ὑπε
119 1481 221 1517 ρόολᾶς
233 1475 288 1508 τ’ὦῖι
301 1481 479 1516 ἀδικημάτων
493 1479 619 1515 μᾶλλονῆ
633 1479 789 1507 τούναντίον
814 1479 857 1506 αε-

905 930 971 959 erat,
991 926 1110 961 ohjccit,
1128 926 1171 954 his
1192 926 1256 961 quia
1278 934 1366 961 neque
1383 927 1526 962 imperium
1548 927 1697 961 obiecerat,

905 976 1029 1006 sperarat
1043 972 1111 1005 fore,
1134 977 1164 999 ut
1182 973 1285 1001 ideirco
1304 981 1357 1001 non
1379 973 1473 1008 majori
1493 981 1573 1008 poena
1589 978 1616 1000 et
1634 982 1700 1008 sup-

905 1019 985 1054 plicio
994 1019 1090 1055 dignus
1101 1019 1256 1053 exsisteret,
1266 1020 1394 1056 quoniam
1406 1025 1490 1053 tanta,
1503 1024 1530 1048 et
1543 1022 1605 1048 talia
1616 1021 1683 1049 feeis
1691 1037 1699 1042 -

905 1072 962 1099 set,
978 1074 1092 1101 quorum
1110 1067 1232 1102 exempla
1258 1076 1310 1096 non
1332 1072 1443 1102 possunt
1461 1068 1585 1102 reperiri.
1606 1067 1653 1095 Sin
1673 1067 1699 1095 hi

908 1113 954 1148 qui
969 1113 1071 1148 majora
1089 1115 1147 1142 ausi
1174 1119 1251 1146 sunt,
1279 1114 1341 1149 quia
1364 1112 1467 1147 majora
1491 1113 1698 1144 commiserunt,

906 1165 1015 1193 pmnam
1030 1166 1083 1187 non
1094 1159 1179 1192 luent,
1193 1167 1316 1194 quaenam
1334 1160 1403 1186 ratio
1416 1164 1459 1186 est
1473 1166 1533 1186 eum
1548 1159 1637 1193 plttlil‘i
1653 1159 1700 1194 qui

909 1205 1013 1231 minora
1039 1205 1192 1233 commisit?
1219 1205 1288 1239 Quid
1314 1205 1425 1233 autem?
1454 1204 1482 1233 Si
1508 1211 1555 1232 eos
1579 1205 1700 1232 dimitta-

908 1258 979 1284 mus,
1000 1250 1100 1287 358a
1126 1252 1173 1287 qui
1199 1257 1297 1287 praeter
1323 1252 1432 1280 solitum
1461 1251 1529 1279 nihil
1553 1250 1698 1282 fecerunt,

909 1305 998 1326 nonne
1016 1298 1061 1326 tiet
1083 1297 1209 1326 omnibus
1227 1302 1348 1333 potestas
1364 1297 1515 1325 volentibus
1531 1297 1702 1326 committere

908 1351 970 1379 qua:
993 1351 1044 1372 non
1070 1348 1291 1376 consueverunt,
1317 1343 1535 1378 quandoquidem
1561 1346 1588 1370 ct
1615 1342 1702 1377 prium

909 1389 1003 1418 eadem
1016 1389 1089 1416 ausis
1100 1389 1210 1425 impune
1223 1389 1324 1417 cessit?
1336 1387 1395 1416 Non
1407 1388 1479 1415 enim
1497 1391 1605 1423 oportet
1618 1388 1703 1422 magis

910 1435 1055 1462 criminum
1069 1435 1280 1470 exsuperantias
1292 1435 1395 1470 judicia
1411 1434 1518 1467 tollere,
1533 1433 1597 1469 quin
1612 1434 1702 1468 potius

910 1488 1005 1508 eorum
1029 1489 1127 1508 causas
1151 1481 1282 1508 exsistere
1308 1488 1414 1516 aequum
1441 1484 1483 1508 est
1498 1500 1506 1513 ,
1525 1480 1596 1515 quod
1620 1486 1702 1513 opera

68 1527 121 1559 τῑας
137 1528 278 1561 γίνεσθαι,
289 1527 343 1561 ὅσῳ
357 1525 426 1561 μετὰ
439 1525 494 1552 τῶν
509 1525 598 1560 ἔργων
613 1525 660 1551 καὶ
673 1525 703 1551 τδ
722 1525 773 1559 τῆς
786 1523 857 1560 γνώ-

911 1526 990 1554 simul
1001 1532 1029 1554 et
1040 1527 1163 1554 voluntas
1173 1527 1235 1554 odio
1247 1526 1410 1554 habeantur.
1428 1525 1503 1553 Velle
1520 1525 1591 1552 enim
1603 1532 1701 1552 norum

70 1582 118 1608 μης
134 1574 298 1609 μεμίσηται.
316 1573 353 1599 Τὸ
367 1572 421 1607 γὰρ
433 1569 472 1603 οἷς
486 1571 574 1598 ἀδικεῖ
588 1579 629 1603 τις
643 1570 691 1597 καὶ¹
705 1570 786 1604 φύσιν
799 1570 858 1596 ἁδι-

69 1620 198 1654 κημάτων
209 1618 306 1653 καινὴν
326 1617 476 1653 προσάγειν
492 1616 634 1652 βούλεσθαι
647 1615 751 1651 διχόθεν
769 1614 802 1642 ἂν
815 1615 858 1650 εἴη

69 1665 112 1699 τὴν
131 1665 286 1700 μοχθηρίαν
303 1656 472 1698 ὲλέγχοντος,
484 1663 532 1689 καὶ
543 1661 583 1696 τῷ
600 1660 772 1696 πλημμελεῖν
785 1660 802 1687 ἃ
821 1659 858 1695 μὴ

69 1711 115 1744 δεῖ,
130 1712 178 1738 καὶ
196 1711 235 1746 τῷ
247 1711 335 1737 ποιεῖν
352 1709 456 1736 ἐθέλειν
468 1708 486 1736 ἃ.
499 1708 536 1744 μή
561 1716 604 1739 τις
622 1707 753 1743 πρότερον
764 1707 774 1723 ⁷
795 1706 860 1741 δρά-

71 1764 147 1784 σειεν.
162 1756 250 1783 Οὐδέν
277 1764 329 1788 σοι,
357 1755 421 1791 φῂς,
444 1753 499 1780 τῶν
519 1752 656 1780 εἰωθότων
681 1753 857 1788 τετόλμηται.

69 1803 155 1837 Λῦτήν
169 1811 218 1837 μοι
232 1801 321 1836 λέγεις
334 1801 383 1837 τὴν
396 1799 550 1836 ὑπερϐολὴν
571 1796 609 1825 ὧν
630 1799 818 1834 ἡτυχήκαμεν.
828 1798 860 1824 01

70 1847 116 1882 μὲν
131 1847 188 1883 γὰρ
207 1846 368 1881 ὴδικημένοι
382 1845 458 1872 ταῦθ’
480 1845 551 1880 ἅπερ
568 1844 615 1870 καὶ
627 1843 738 1879 ἐτέρους
763 1844 861 1878 ἠδικη-

71 1892 166 1926 μένους
179 1891 351 1922 ἐπίστανται,
364 1890 478 1925 φέρουσι
496 1890 562 1925 ῥᾷον
573 1889 621 1920 τὰς
637 1888 790 1923 συμφορὰς,
809 1897 862 1915 πα-

71 1939 208 1974 ραμυθίαν
227 1935 264 1965 ὧν
275 1937 426 1964 πεπόνθασι
442 1935 491 1971 τὴν
510 1935 564 1962 τῶν
574 1935 585 1951 ⁸
603 1935 687 1966 πέλας
697 1934 843 1970 δυστυχίαν
852 1936 863 1952 ’

912 1571 1006 1606 ﬂagitii
1018 1579 1101 1607 genus
1115 1572 1214 1600 addere
1224 1572 1256 1600 iis
1265 1579 1325 1607 qua:
1337 1570 1581 1605 commisitdupliei
1594 1570 1704 1597 nomine

914 1617 1153 1652 reprehendendus
1170 1617 1216 1649 sit,
1232 1625 1293 1645 cum
1309 1618 1381 1652 quod
1395 1616 1472 1644 nefas
1488 1619 1633 1651 patrasset,
1645 1618 1702 1641 tum

913 1664 983 1698 quod
1002 1671 1032 1690 ea
1051 1664 1221 1692 committere
1235 1671 1295 1699 qum
1310 1668 1388 1690 antea
1410 1670 1489 1690 nemo
1503 1669 1586 1690 ausus
1603 1661 1655 1695 sit;
1676 1665 1704 1689 at

913 1708 979 1736 nihil
1002 1714 1028 1736 te
1043 1716 1137 1736 eorum
1157 1716 1217 1744 qua:
1234 1714 1313 1737 antea
1348 1707 1537 1740 commiseris,
1553 1707 1650 1735 fecisse
1662 1707 1704 1734 in-

909 1755 998 1789 quies.
1014 1755 1102 1791 lpsum
1123 1755 1179 1791 (57)
1192 1761 1363 1791 acceptorum
1380 1755 1590 1784 infortuniorum
1607 1760 1703 1780 exces-

910 1808 968 1828 sum
991 1810 1098 1830 narras.
1118 1802 1170 1836 Qui
1191 1810 1256 1830 vero
1279 1803 1307 1830 in
1331 1802 1527 1830 recentioribus
1550 1800 1628 1828 malis
1650 1808 1703 1828 non

912 1847 1011 1874 habent
1021 1855 1090 1882 quos
1101 1848 1252 1881 imitentur,
1265 1848 1463 1876 intolerabilem
1477 1847 1615 1875 miseriam
1627 1853 1703 1873 suam

911 1892 1078 1926 existimant,
1095 1901 1127 1921 eo
1137 1894 1207 1928 quod
1219 1895 1301 1922 sociis
1317 1895 1350 1921 iis
1366 1895 1391 1921 in
1407 1894 1499 1926 rebus,
1512 1900 1573 1928 qua:
1586 1892 1639 1920 illis
1655 1892 1704 1919 ad-

913 1931 999 1965 vers'm
1015 1938 1135 1972 fuerunt,
1152 1947 1281 1974 prospere
1295 1940 1419 1967 cesserit.

69 1985 227 2019 νομίζοντες
243 1993 251 2000 ·
269 1983 292 2009 οἱ
304 1982 332 2008 δὲ
342 1981 484 2016 νεωτέρων
493 1980 670 2014 ἀδικημάτων
683 1979 733 2005 οὐκ
752 1978 861 2014 ἔχοντες
881 1983 1092 2018 παραδείγματα
1107 1984 1242 2020 ἀφόρητον
1257 1983 1387 2020 ἡγοῦνται
1403 1983 1451 2019 τὴν
1485 1981 1628 2019 συμφοράν
1667 1991 1706 2017 τῳ

70 2031 104 2067 μὴ
121 2031 173 2058 ιῶν
186 2029 288 2065 ὁμοίων
303 2029 430 2064 εὐπορεῖν
441 2027 512 2062 ἔχειν
530 2026 573 2061 ἐφ’
586 2024 626 2057 οἷς
642 2025 792 2061 ἠτύχησαν.

480 2085 520 2112 Ea;
539 2085 753 2117 Declamatione,
779 2085 806 2112 in
822 2094 903 2113 {ausa
926 2088 1011 2122 patris
1024 2088 1186 2122 percussoris
1194 2088 1256 2123 ﬁlii.

106 2147 255 2183 Ὴδίκηταί
265 2154 307 2178 τις
317 2154 357 2178 εις
372 2145 472 2177 natam;
492 2144 561 2179 Οὐχὶ
585 2143 633 2170 καὶ
647 2143 717 2178 γυνὴ
734 2143 861 2179 προσηδί-

951 2146 1095 2182 Aliquisne
1110 2147 1239 2182 iniuriam
1257 2153 1272 2173 a
1288 2146 1343 2174 tilio
1357 2145 1481 2180 accepit?
1495 2144 1554 2172 Non
1569 2149 1596 2172 et
1612 2145 1707 2172 nullier

68 2204 159 2230 κηται.
178 2193 219 2220 Δι’
234 2193 336 2228 ἀμφοῖν
353 2193 369 2228 ἡ
402 2191 488 2227 βλάϐη
511 2189 693 2225 κεχώρηκεν;
715 2190 753 2216 Οὐ
777 2190 863 2225 πρόσ-

68 2241 186 2268 κειται¹⁰
203 2239 284 2274 φόνος
309 2239 366 2269 τοῖς
394 2237 556 2272 ἀδικήμασι.
572 2236 687 2271 Σφαγῆς
702 2243 746 2267 τις
778 2236 863 2267 αἴτιος

67 2287 182 2321 γέγονε;
204 2286 271 2312 Τὸ¹¹
290 2284 381 2312 λαθεῖν
396 2281 601 2319 θεραπεύειτὴν
616 2281 772 2317 συμφοράν.
796 2281 864 2308 Μοι-

67 2333 143 2368 χείαν
160 2331 262 2367 τολμᾷ,
273 2329 468 2365 καὶλαθραίοις
488 2328 684 2364 μηχανήμασιν
704 2325 778 2354 οἷκον
806 2327 863 2353 δια-

68 2378 123 2405 λύει
137 2377 289 2413 adi-199mm;
300 2377 338 2403 υὺ
354 2375 405 2411 μὴν
421 2374 547 2402 τοσοῦτον
562 2374 647 2400 κακον
661 2372 738 2407 κακῷ
757 2373 862 2408 μείζονι

67 2421 444 2456 κατασκευάζειδεινότερον,
460 2420 543 2448 παῖδα
569 2418 736 2446 ἐπιϐαλὼν¹¹
767 2418 861 2454 μητρὶ,

67 2471 113 2497 καὶ
126 2471 188 2501 τοῖς
205 2469 260 2495 τῶν
270 2466 449 2503 μοιχευόντων
464 2465 573 2501 σώμασι
596 2464 697 2499 κοῦφον
713 2464 799 2491 ποιῶν
815 2465 864 2490 καὶ

69 2515 135 2542 αὲτδ
146 2514 180 2541 τὸ
203 2513 255 2548 τῆς
273 2513 396 2548 μοιχείας
413 2511 508 2538 δοκοῦν
521 2510 643 2545 ἀδίκημα
667 2507 747 2536 εἶναι.
771 2509 861 2536 Ἀδιά-

68 2562 171 2597 φθορον
183 2560 206 2576 ¹³
223 2559 281 2595 τὴν,
301 2559 389 2594 ψυχὴν
403 2559 424 2574 ¹⁴
447 2557 575 2592 ἔσχηκεν,
587 2555 645 2582 ἀλλ’
659 2555 720 2591 οὐχὶ
741 2555 790 2582 καὶ
812 2555 862 2592 τὴν

915 2193 1014 2221 violata
1039 2193 1099 2221 est?
1121 2193 1162 2220 An
1177 2193 1211 2220 ab
1232 2186 1351 2227 utroque
1373 2193 1502 2220 damnum
1527 2190 1630 2218 illatum
1646 2191 1708 2218 est?

915 2239 1042 2274 Nunquid
1067 2243 1095 2267 et
1117 2239 1203 2274 stupri
1221 2246 1303 2266 causa
1324 2238 1412 2266 caedes
1433 2237 1526 2265 facta?
1540 2236 1608 2270 Quis
1631 2237 1708 2264 necis

916 2289 1012 2311 auctor
1026 2283 1152 2311 exstitit?
1169 2282 1309 2318 Mitigatur
1323 2283 1403 2311 dolor
1418 2282 1482 2317 quia
1499 2283 1603 2317 ignoro.
1618 2282 1708 2310 Audet

917 2329 1079 2357 adulterium
1099 2329 1280 2362 committere,
1299 2334 1326 2356 et
1345 2328 1461 2356 occultis
1476 2328 1545 2356 dolis
1564 2329 1706 2356 honestam

918 2373 1047 2400 familiam
1068 2373 1175 2401 evertit.
1191 2372 1248 2401 Non
1266 2378 1355 2401 tamen
1373 2378 1477 2401 tantum
1492 2373 1591 2401 malum
1607 2373 1705 2409 majori

917 2420 1035 2454 quodam
1048 2419 1118 2446 malo
1129 2419 1238 2454 gravius
1249 2419 1348 2451 reddit,
1368 2419 1452 2446 filium
1465 2419 1599 2454 adjiciens
1615 2419 1705 2451 matri.

916 2468 945 2492 et
960 2464 1012 2491 illis
1028 2464 1223 2491 mcechantium
1245 2464 1406 2498 corporibus
1418 2464 1476 2492 leve
1492 2464 1609 2492 reddens
1627 2463 1706 2490 adul-

919 2510 978 2538 terii
1003 2511 1117 2538 crimen.
1138 2509 1265 2538 Fortuna:
1288 2510 1357 2538 bona
1381 2511 1496 2538 sortitus
1519 2511 1581 2538 est?
1595 2511 1630 2536 At
1652 2517 1705 2537 non

914 2562 942 2584 et
968 2556 1096 2585 intactam
1120 2557 1178 2592 ejus
1201 2558 1308 2585 domum
1339 2557 1534 2591 relinquemus.
1566 2555 1625 2584 Non
1655 2562 1705 2589 ego

712 2622 834 2651 VARUE
852 2622 1000 2651 LECTION
1004 2625 1056 2652 ES.

108 2676 118 2691 ³
151 2674 288 2705 ἀθάνατος
317 2673 340 2699 Λ
362 2680 370 2698 :
399 2671 413 2697 ό
439 2670 554 2700 θάνατος
582 2677 612 2700 ς.
651 2667 725 2700 ⁸τέις
743 2677 833 2703 συμφο
854 2669 886 2700 ὰς
913 2677 943 2701 ς,

108 2710 232 2741 πρότερος
245 2708 297 2735 AC.
351 2707 361 2722 '
374 2707 429 2733 τῶν
447 2705 469 2732 Α
487 2713 500 2741 7:
517 2703 565 2741 τοῦ
579 2713 609 2736 ς.
633 2738 637 2741 _
654 2704 664 2719 '
687 2678 943 2741 δυστυχίανῗευχεῖι

708 2713 845 2741 λστυχιαν]
861 2713 951 2739 τυχειν

708 2738 730 2754 ί*
745 2739 832 2774 τύχην
850 2738 880 2766 Β.

351 2707 361 2722 ¹
374 2707 429 2733 τῶν
447 2705 469 2732 Α
493 2713 500 2731 :
517 2703 565 2730 τοῦ
579 2713 609 2736 ς.
654 2704 664 2719 ⁹
687 2704 832 2738 δυστυχίαν

68 2715 77 2729 ⁷
94 2710 232 2745 πρότερος
245 2708 297 2735 AC.
351 2708 361 2722 '
374 2708 429 2733 τῶν
447 2708 469 2732 Α
493 2713 500 2731 :
517 2708 565 2730 τοῦ
579 2713 609 2736 ς.
654 2708 658 2719 ¹

70 2747 90 2762 ¹²
107 2745 203 2773 malint
220 2742 383 2770 ὲπιὸάλλων.
431 2740 454 2757 ’⁸
465 2739 612 2775 ἀδιάφορον
625 2738 658 2766 Δ.

70 2747 90 2762 ¹²
107 2742 203 2773 tiialitit
220 2742 383 2770 ὲπιὸάλλων.

1000 2670 1011 2686 ⁸
1027 2669 1129 2697 ἐθέλειν
1145 2669 1175 2697 Β.

1223 2670 1233 2686 ⁸
1245 2669 1365 2696 ἐθέλουσι
1381 2678 1410 2702 ς.

971 2703 992 2732 C
1006 2709 1033 2733 et
1049 2713 1092 2741 pr.
1108 2705 1142 2734 A.

1463 2669 1482 2708 ξ’
1499 2667 1659 2708 ςτμνήθισται
1673 2675 1703 2708 ε.

1186 2705 1207 2722 ιο
1219 2704 1364 2742 πρόκειται
1377 2713 1408 2737 ς.

1451 2703 1472 2720 ’ί
1483 2702 1524 2740 τὸ]
1535 2702 1574 2739 τῷ
1589 2710 1659 2730 corr.
1675 2703 1703 2730 Β.

849 2797 964 2827 ΝΟΤΑΕ.

102 2850 161 2885 (3'7)
184 2848 226 2877 Al.
241 2847 384 2875 Aduersam
400 2846 466 2873 mihi
482 2846 616 2879 fortunam
631 2845 736 2880 objicis.

218 2895 355 2924 ΡΑπιοιη
372 2893 429 2923 GR.
454 2891 534 2922 Clll.

1461 2884 1501 2916 1ιὲ
