1919 3096
234 143 304 178 1323

783 148 915 180 ΡΗΟΤΙΙ
934 146 1189 180 ΡΑἸἮῙΑΒΕΗᾹΞ
1201 146 1257 177 GP.

1791 139 1861 172 1324

233 201 333 229 frustra
353 201 472 229 minatus
486 208 556 236 sum,
575 208 591 230 ο
606 201 690 230 cives.
711 202 808 239 Capti,
825 204 955 239 prostrati
970 210 1017 231 su-

1077 202 1226 234 ὲστιανέξει
1248 200 1283 228 δι’
1306 200 1380 236 ἡμᾶς
1401 198 1574 235 ἀδιάφθορον.
1598 196 1656 225 οὐκ
1676 196 1785 232 ἐψεύσω
1804 199 1862 229 τοῖς

234 253 304 280 mus,
320 246 584 281 obmutescimus,'et
601 248 752 284 respublica
765 248 895 276 memoria
907 248 1019 276 excidit.

234 292 359 321 Gadibus
386 293 464 321 nobis
493 300 586 321 vocem
611 294 752 329 eripuisti,
776 299 802 323 et
828 295 940 331 tragicis
968 295 1021 323 Illis

234 338 386 366 actionibus
399 338 543 366 facundum
558 340 610 368 hoc
623 347 655 367 os
674 340 817 368 obturasti.
834 340 884 368 Vix
903 348 963 375 quas
978 341 1021 368 di-

235 384 321 411 cenda
335 388 398 411 sunt
417 384 524 419 profero
545 393 552 412 :
575 385 601 412 in
622 391 761 420 posterum
782 394 836 413 non
850 387 965 422 amplius
982 386 1022 413 ci-

234 431 327 458 vitatis
345 435 439 458 orator
457 430 576 463 futurus,
597 432 643 458 scd
663 439 730 459 meae
749 432 831 460 solius
850 433 1021 460 calamitatis.

234 475 317 508 Cujus
354 481 418 503 sunt
455 477 511 504 haec
551 477 694 504 facinora?
721 478 816 506 Nonne
839 479 930 506 omnia
958 479 1024 505 tua?

235 519 331 548 Nonne
350 528 409 548 mea
429 520 474 548 illa
499 521 608 555 quidem
629 524 751 555 dextera,
772 523 817 550 sed
841 528 886 550 tuo
908 523 1023 550 consilio

235 574 330 594 omnes
348 567 506 601 perierunt?
520 566 642 594 Nondum
657 569 693 601 id,
706 569 776 602 quod
788 573 866 604 caput
883 574 926 597 est
939 569 1024 597 malo-

237 621 308 644 rum.
335 613 573 640 commemoravi:
600 614 767 648 spectacula,
797 616 920 650 inquam,
944 615 1031 642 clarze'

236 660 288 687 illa:
304 664 356 686 tua:
369 667 468 691 secum,
489 668 549 695 qua:
569 667 619 688 suo
637 665 758 694 tempore
773 664 832 687 acta
848 664 921 688 sunt.
939 659 1024 694 Quam

235 707 326 734 laetum
341 707 421 733 finem
443 706 553 741 tragicis
575 706 654 733 addis
672 705 840 737 infortuniis,
858 710 885 733 et
907 705 940 732 iis
956 705 1027 732 cala-

236 752 357 780 mitatem
379 759 479 787 auges,
503 751 602 786 quibus
623 750 651 778 itt
672 751 814 778 commdiis
838 750 926 778 luctus
947 749 1025 777 leniri

235 798 314 826 solet.
333 797 379 825 Sic
397 798 480 832 igitur
502 797 593 824 omnia
617 805 677 832 quae
701 802 794 824 contra
814 804 863 824 nos
884 796 1027 824 adornavit

236 844 355 878 undique
385 843 515 879 colligens
539 843 680 878 proferens
700 843 798 878 3581»
828 842 940 876 profert.
957 842 1025 876 Quid

235 888 270 915 de
290 892 447 923 paupertate
470 888 592 915 diceres?
610 889 662 920 An,
685 888 756 922 quod
779 889 869 915 nullus
889 887 1024 922 prohibet,

236 931 278 960 lex
304 938 426 966 accuset,
452 940 484 960 ac
505 932 683 960 condemnet?
707 933 773 960 Dein
800 940 842 960 me
863 933 1023 967 interrogat,

231 986 300 1006 num
313 978 394 1006 liceat
407 986 520 1012 puerum
539 986 645 1010 ttecare,
663 986 726 1005 num
745 978 826 1006 liceat
843 979 921 1013 proli,
942 986 1023 1014 quant

235 1024 390 1058 suscepisti,
406 1023 531 1058 iniuriam
551 1024 662 1052 facere?
677 1024 705 1052 Si
720 1029 810 1051 autem
827 1030 971 1059 utrumque
982 1024 1024 1051 lex

236 1069 393 1103 permittat,
420 1073 451 1097 et
477 1069 549 1104 quod
573 1069 675 1097 licitum
703 1074 756 1102 est,
786 1069 975 1104 assumpsisti,
998 1073 1026 1097 et

236 1114 306 1149 quod
321 1123 374 1142 non
389 1115 450 1143 licet
463 1115 641 1150 conjunxisti,
653 1123 706 1143 non
719 1123 768 1150 per
782 1120 926 1151 utrumque
934 1116 1026 1144 absol-

235 1161 308 1188 veris
333 1160 440 1195 potius,
465 1169 544 1196 quant
571 1168 680 1196 pinnam
705 1161 810 1188 subibis
836 1168 940 1194 eorum,
967 1169 1026 1196 qua:

236 1204 447 1240 huicadjuugis,
459 1210 486 1232 et
499 1212 559 1240 qua:
571 1213 624 1232 non
641 1206 735 1233 licent.
749 1205 826 1233 Licet
840 1206 915 1238 mihi,
929 1206 1025 1241 inquit.

236 1249 333 1278 Divitis
348 1252 407 1279 haec
433 1251 527 1284 verba,
545 1255 573 1278 et
597 1251 745 1285 tyrannica:
767 1251 898 1286 superbia:
915 1259 1028 1286 respon-

210 1320 217 1325 .
236 1304 308 1326 sum.
331 1296 386 1332 Ego
404 1305 468 1324 vero
487 1298 533 1325 tibi
561 1297 680 1332 benigne
708 1302 789 1332 atque
811 1298 965 1325 humaniter
987 1305 1028 1325 re-

231 1344 366 1378 spondeo.
384 1343 466 1370 Dabis
489 1343 561 1370 enim
579 1349 676 1378 pmnas
696 1343 760 1370 dum
781 1343 807 1370 hi
822 1342 928 1377 iudices
948 1343 1027 1371 sedc-

238 1389 314 1417 bunt.
327 1388 405 1417 Nosti
416 1388 484 1423 ,quid
499 1389 636 1416 hominem
652 1388 794 1416 absolvat?
807 1389 897 1416 facere
907 1388 1027 1417 licuisse.

1040 891 1061 918 B

154 1444 157 1447 '
199 1462 202 1465 _
236 1435 272 1462 At
285 1435 307 1463 si
324 1435 430 1463 licentia
448 1435 549 1463 abusus
567 1443 607 1468 es,
625 1435 695 1463 hanc
716 1434 808 1470 punio,
831 1435 901 1470 quod
921 1435 972 1463 hac
983 1443 1029 1462 oc-

237 1481 347 1510 casione
371 1488 479 1509 omnem
514 1481 632 1509 licentia:
658 1486 784 1509 naturam
821 1482 937 1509 exuerit.
965 1480 1029 1508 Pul-

239 1527 334 1554 chrum
351 1532 393 1555 est
420 1526 605 1559 cottmtisccri,
626 1528 672 1555 sed
698 1532 752 1554 tum
773 1527 890 1560 demum,
915 1535 975 1555 cum
1002 1527 1028 1555 id

239 1572 397 1607 suspicione
415 1576 505 1600 vacat.
523 1571 570 1599 Sin
586 1577 675 1599 autem
689 1573 795 1599 domum
813 1573 874 1608 quis
888 1572 1029 1607 perfodiat,
1042 1561 1064 1593 Ο

238 1618 383 1646 insidietur
396 1617 486 1649 uxori,
500 1617 690 1652 cognationem
710 1617 801 1648 violet,
823 1616 952 1644 fatuiliatu
968 1624 1029 1644 cor-

239 1668 371 1698 rutnpat,
399 1663 489 1690 fictam
514 1663 710 1690 immanitatem
737 1662 846 1691 simulet
870 1662 943 1689 omni
967 1662 1030 1689 odio

238 1707 360 1742 plenam,
377 1715 437 1743 quae
454 1707 609 1742 adjunctam
625 1707 733 1735 interim
756 1707 889 1742 justitiam
912 1714 965 1734 non
983 1707 1030 1734 lta-

235 1754 350 1787 bentia,
377 1754 513 1789 permissu
540 1754 657 1789 quodam
680 1753 759 1781 fiunt.
791 1753 853 1780 ilazc
876 1752 948 1787 quod
967 1759 1028 1780 eam

235 1800 434 1835 assumpserint
452 1807 505 1835 quo
538 1800 665 1827 videnlur
682 1800 771 1827 minus
795 1799 1029 1834 reprehendenda,

238 1854 270 1875 eo
286 1851 347 1875 sunt.
367 1847 520 1882 injustiora.
540 1847 592 1874 Sed
604 1847 751 1881 adoptandi
770 1846 840 1874 forte
855 1846 940 1880 gratia
954 1853 1028 1881 quze-

238 1891 317 1919 rehas
334 1891 428 1924 lilium,
442 1899 492 1919 cur
508 1899 560 1919 non
578 1896 641 1918 ante
653 1896 759 1926 partqu
774 1883 1028 1918 νοῐυηιιιιειιιἹιιιιηι

236 1937 388 1966 indicasti?
405 1943 452 1966 aut
467 1946 516 1966 cur
533 1939 620 1966 adhuc
636 1946 746 1973 puerum
768 1942 827 1972 post
852 1940 957 1972 partum
977 1944 1028 1964 non

234 1984 400 2017 postulasti?
421 1985 461 2012 An
492 1985 607 2012 fortasse
633 1991 758 2012 neutrum
782 1985 879 2012 horum
904 1983 1030 2012 volebas?

237 2029 290 2057 Sed
311 2031 417 2057 defectu
441 2031 556 2058 hinredis
578 2031 776 2066 apprehensum
806 2038 858 2056 non
885 2029 1030 2057 indicasti?

237 2075 331 2103 Nonne
346 2077 494 2103 secundum
509 2076 579 2111 leges
593 2077 766 2111 adoptionem
783 2076 889 2103 fecisti?
903 2075 964 2103 llmc
980 2084 1028 2103 no-

238 2120 279 2148 bis
293 2121 354 2155 quis
368 2121 552 2156 respondebit,
570 2125 663 2148 contra
677 2121 748 2155 leges
765 2120 862 2147 factam
882 2128 934 2147 non
951 2120 1030 2147 esse?

237 2164 381 2201 lutpudens
401 2159 528 2194 meretrix
548 2174 596 2202 per
611 2167 732 2194 fraudein
754 2174 818 2193 ausa
835 2171 894 2198 est,
912 2170 939 2193 et
959 2166 1028 2193 infe-

237 2211 274 2239 lix
302 2219 370 2247 puer
395 2212 422 2239 in
446 2213 574 2252 miseram
598 2218 713 2240 matrem
736 2212 898 2240 exsecrabili
927 2212 1028 2240 amoris
1045 2231 1066 2258 Β

238 2258 341 2291 scypho
354 2256 453 2283 misere
468 2257 619 2284 inebriatus
633 2260 683 2290 est,
697 2261 725 2284 et
739 2258 823 2292 patris
836 2257 931 2284 dextra
951 2257 1029 2284 malis

239 2301 342 2329 artibus
365 2302 392 2329 iu
407 2302 631 2330 charissimorum
650 2311 760 2330 suorutu
777 2304 877 2330 czedem
898 2310 1028 2331 conversa

239 2351 291 2374 est.
308 2346 398 2382 Lugeo
416 2348 499 2382 igitur
512 2355 558 2376 eos
573 2356 639 2383 quos
653 2356 705 2376 non
722 2353 750 2375 ut
771 2348 862 2376 hostes
881 2349 985 2381 necavi,
1001 2353 1029 2376 et

239 2393 393 2428 lacrymans
416 2393 535 2421 victimis
563 2394 680 2426 assideo,
705 2402 773 2429 quas
796 2394 915 2428 legitime
941 2394 1027 2424 factas

239 2438 366 2472 putabam
379 2459 386 2471 ,
411 2446 545 2474 quemque
561 2444 623 2467 ante
645 2440 745 2467 caedem
762 2440 914 2467 adulterum
931 2441 1026 2468 existi-

240 2484 323 2516 mavi,
340 2483 412 2511 hunc
423 2489 483 2518 post
494 2485 593 2512 caedem
610 2484 692 2511 lilium
708 2485 815 2520 agnovi.
830 2484 907 2512 Nunc
918 2486 1028 2513 omnino

240 2529 397 2557 vulneratus
421 2537 467 2562 es,
482 2537 554 2558 nunc
571 2535 599 2557 et
612 2529 714 2557 fascias
734 2530 898 2564 sepulcrales
917 2531 1028 2565 accipis,

240 2576 289 2603 fili.
313 2576 471 2604 Extremum
492 2581 518 2604 te
544 2576 676 2604 invocabo
703 2584 756 2603 non
781 2577 952 2610 nominibus,
971 2584 1032 2612 qua:

239 2628 289 2656 per
306 2622 456 2650 adulterum
476 2622 590 2650 sortitus
603 2629 632 2650 es
643 2641 650 2655 ,
669 2621 716 2649 sed
734 2629 793 2657 qua:
810 2629 859 2657 per
878 2622 1032 2657 generatio-

1071 249 1162 284 ἔργοις
1176 248 1225 279 τὰς
1235 246 1361 279 ἀπειλὰς,
1374 242 1397 273 ὧ
1413 245 1539 272 πλούσιε·
1559 244 1732 279 ἐαλώκαμεν,
1752 245 1860 279 νενικὴ-

1073 294 1153 330 μεθα,
1165 292 1323 328 σιωπῶμεν·1
1337 292 1388 327 τῆς
1403 290 1545 322 πολιτείας
1576 289 1776 323 ἐπελαϐόμεθα.
1793 290 1862 315 Ἀπ-

1072 340 1169 374 ἐτεμες
1185 338 1264 374 ἡμῶν
1274 338 1324 373 τὴν
1338 337 1430 372 φωνὴν
1445 337 1502 368 τοῖς
1511 335 1611 370 φόνοις,
1628 335 1675 361 καὶ
1688 334 1719 361 τὸ
1734 334 1821 369 στόμα
1832 333 1863 360 τὸ

1071 386 1152 412 λάλον
1175 384 1337 420 ἀπέφραξας
1375 384 1432 415 τοῖς
1461 383 1603 417 τραγικοῖς
1634 380 1739 412 τούτοις
1764 381 1863 415 γνωρί-

1074 439 1169 465 σμασι.
1182 429 1266 461 Μόλις
1284 430 1435 463 τάναγκαῖα
1445 427 1517 462 λέγω
1531 427 1577 454 καὶ
1587 426 1742 461 φθέγγομαι
1753 434 1761 441 ·
1771 427 1862 460 ῥήτωρ

1073 476 1131 511 εἰμὶ
1147 474 1240 501 λοιπὸν
1250 474 1343 501 οὐκέτι
1360 473 1409 508 τῆς
1422 471 1537 504 πόλεως¹
1561 471 1619 497 ἀλλ’
1644 471 1695 506 ἤδη
1713 471 1799 505 μόνης
1814 471 1864 504 τῆς

1075 521 1229 556 συμφορᾶς.
1259 519 1337 551 Τίνος
1357 519 1391 545 τὰ
1412 518 1564 554 τηλικαῦτα
1590 517 1749 552 μιάσματας
1776 516 1807 542 οὔ
1830 517 1864 542 σὰ

1075 568 1182 600 πάντας
1202 566 1233 593 οὐ
1250 567 1282 601 τῇ
1309 565 1360 600 μὲν
1381 564 1456 600 δεξιᾷ
1466 566 1498 599 τῇ
1512 565 1577 599 ἐμῇ,
1599 565 1632 598 τῇ
1661 565 1695 598 σῇ
1720 563 1749 589 δὲ
1767 562 1864 598 γνώμῃ

1075 614 1177 645 πάντες
1187 612 1356 644 ἀνάλωνται;
1388 610 1471 637 Οὔπω
1486 610 1517 637 τὺ
1532 609 1679 644 κεφάλαιον
1697 609 1753 635 τῶν
1770 609 1864 642 ἀδικη-

1077 659 1170 694 μάτων
1181 655 1270 689 είπον,
1282 657 1332 691 τῆς
1345 657 1475 692 λαμπρᾶς
1491 664 1537 682 σου
1554 656 1655 690 σκηνῆς
1668 655 1702 681 τὰ
1718 654 1791 681 κατὰ
1803 662 1863 680 και-

1077 705 1123 741 ρὸν
1152 703 1324 738 ἁναφανέντα
1360 702 1551 737 γνωρίσματα.
1568 700 1604 727 Ὠ
1627 701 1750 735 κωμικὸν
1779 700 1864 735 πέρας

1075 750 1222 785 τραγικαῖς
1246 749 1340 783 τύχαις
1355 747 1503 781 ἐπαγαγὼν
1513 748 1545 779 ",
1556 746 1604 773 καὶ
1623 746 1728 776 τούτοις
1743 745 1865 780 αὐξήσας

1075 795 1126 831 τὴν
1152 795 1306 831 συμφορὰν,
1330 792 1404 826 οἵς“⁶
1428 794 1458 820 ὲν
1484 792 1639 828 κωμῳδίαις
1666 791 1741 824 πάθη
1762 791 1865 818 λύεται.

1077 841 1156 868 Οὕτω
1168 841 1257 868 τοίνυν
1272 841 1362 866 πάντα
1384 839 1418 866 τὰ
1441 839 1503 866 καθ’
1522 839 1600 873 ἡμῶν
1623 837 1869 874 διαπεπραγμένος

1075 886 1190 923 περιιὼν
1203 887 1223 902 "
1243 886 1336 920 λέγει’
1350 885 1382 912 Τί
1400 885 1423 911 δ’
1442 885 1476 912 ἂν
1498 884 1585 916 εἴποις
1599 885 1664 920 περὶ
1678 884 1699 900 ¹⁸
1714 884 1764 911 τοῦ
1787 884 1869 919 πένη-

1074 939 1137 964 τος;
1152 931 1224 958 Ὅσα
1238 930 1332 966 μηδεὶς
1349 929 1451 956 κωλύει
1477 929 1570 964 νόμος,
1595 930 1761 964 κατηγορεῖν
1782 929 1868 955 ἐθέλει

1075 979 1122 1006 καὶ
1137 977 1300 1014 γράφεσθαι.
1321 975 1387 1004 Εἶτά
1399 985 1432 1012 με
1462 976 1552 1013 ἐρωτᾷ
1566 985 1572 991 ·
1589 977 1646 1003 Οὐκ
1661 976 1768 1008 ἔξεστιν
1786 974 1832 1003 οὖν
1847 976 1869 993 "

1075 1024 1219 1051 ἀνελέσθαι
1234 1024 1358 1056 παιδίον;
1387 1023 1437 1049 οὐκ
1457 1022 1562 1054 ἔξεστιν
1587 1020 1634 1049 οὖν
1664 1022 1748 1057 μηδὲν
1766 1022 1870 1048 ἀδικεῖν

1075 1070 1299 1104 ἁναλαμεάνοντα
1313 1078 1321 1102 ;
1336 1069 1367 1096 Et
1393 1068 1416 1095 δ’
1433 1069 1562 1103 ἑκάτερον
1579 1068 1626 1094 τοῦ
1643 1067 1726 1103 νόμου
1752 1068 1871 1098 διδόντος

1076 1115 1163 1143 καὶτὸ
1177 1115 1237 1148 se»;
1252 1115 1348 1142 εἴλω¹⁰
1363 1115 1411 1142 ml.
1431 1114 1462 1141 τδ
1481 1115 1518 1150 μὴ
1535 1114 1594 1147 ἐξὸν
1621 1114 1811 1150 προσέθηκας,
1839 1113 1870 1139 οὺ

1076 1162 1120 1189 διὰ
1134 1162 1197 1198 [585
1212 1161 1259 1198 H.]
1276 1162 1388 1197 θάτερον
1403 1161 1527 1196 ἀφεθήσῃ
1547 1161 1646 1196 μᾶλλον
1669 1160 1685 1195 ἢ
1705 1160 1787 1194 δίκην
1821 1161 1872 1194 ib;-

1078 1207 1147 1240 έξεις
1157 1205 1198 1240 οἷς
1208 1208 1229 1223 ¹¹
1245 1207 1333 1242 τούτῳ
1348 1207 1496 1243 προσάγεις
1509 1206 1556 1233 καὶ
1569 1205 1586 1233 ἃ
1594 1206 1631 1242 μὴ
1641 1205 1873 1239 ἐξεστιν.¹Εξεστί

1079 1263 1134 1289 μοι,
1150 1253 1226 1289 φησί.
1242 1252 1373 1280 Πλουσίου
1390 1252 1480 1287 λόγος,
1497 1252 1662 1287 τυραννικῆς
1676 1251 1873 1286 ὑπερηφανίας

1077 1299 1233 1335 ἀπόκρισις.
1260 1298 1331 1332 Ἐγὼ
1347 1299 1376 1325 δέ
1394 1307 1435 1325 σοι
1451 1298 1546 1334 πράως
1564 1297 1635 1324 οὕτω
1650 1297 1696 1324 καὶ
1709 1297 1870 1332 δημοτικῶς

1077 1346 1274 1381 ἀποκρίνομαι·
1293 1344 1390 1376 δώσεις
1405 1345 1460 1379 γὰρ
1474 1345 1554 1376 δίκας
1566 1345 1635 1376 τέως
1660 1343 1694 1371 ἃν
1707 1341 1783 1371 οὗτοι
1793 1344 1873 1370 δικά-

1079 1392 1161 1424 ζωσιν
1170 1393 1204 1419 ’³.
1221 1392 1363 1426 Ἕγνωκάς
1380 1400 1406 1418 τι
1428 1392 1516 1417 ποιεῖν
1526 1391 1548 1406 ¹¹
1569 1390 1733 1423 ἀνεύθυνονς
1765 1390 1875 1425 Elei,“

1078 1437 1126 1472 τὴν
1137 1436 1271 1469 ἐξουσίαν.
1304 1437 1334 1463 El
1361 1436 1390 1463 δὲ
1411 1435 1460 1471 τὴν
1476 1435 1603 1468 ἐξουσίαν
1630 1436 1672 1467 εἰς
1697 1435 1876 1471 παρανομίαν

1080 1483 1262 1518 μετήνεγκας,
1276 1482 1382 1515 κολάζω
1401 1481 1513 1516 ταύτην,
1527 1481 1665 1518 [ιοθξῐι]
1687 1481 1729 1508 ὅτι
1753 1482 1788 1516 τῇ
1807 1490 1877 1516 προ.

1079 1529 1159 1563 φάσει
1176 1528 1225 1564 τὴν
1239 1528 1320 1562 φύσιν
1335 1528 1383 1555 τοῦ
1412 1528 1511 1563 μηκέτι
1534 1528 1635 1560 ἐξεῖναι
1657 1527 1823 1562 μετείληφε.
1840 1527 1876 1553 Τδ

1081 1575 1219 1601 κοινωνεῖν
1234 1574 1328 1605 καλὸν,
1343 1574 1398 1600 ἀλλ’
1411 1575 1475 1600 ὅταν
1493 1574 1509 1609 ἡ
1524 1574 1603 1609 χάρις
1622 1571 1791 1604 ἀνύποπτος.
1811 1574 1877 1604 εἈν

1079 1620 1107 1647 δὲ
1121 1620 1247 1656 διορύττῃ
1264 1620 1313 1655 μὲν
1328 1621 1416 1652 οἰκίας
1442 1629 1494 1652 τις,
1512 1619 1676 1654 ἐπιϐουλεύῃ
1702 1610 1732 1645 δὲ
1758 1619 1876 1654 γάμοις,

1080 1666 1246 1701 λυμαίνηται
1262 1667 1290 1693 δὲ
1305 1666 1384 1701 γένη,
1402 1666 1547 1703 διαφθείρῃ
1572 1666 1600 1692 δὲ
1624 1665 1727 1698 ἐστίας,
1757 1665 1877 1700 ὑποκρὲ-

1080 1710 1193 1745 νηταιδὲ
1209 1710 1413 1745 φιλανθρωπίαν
1427 1710 1623 1746 ἀπανθρωπίας
1633 1710 1745 1745 ἀπάσης
1770 1710 1878 1745 γέμου-

1081 1763 1141 1786 σαν,
1154 1755 1171 1782 ἃ
1184 1755 1233 1790 τὴν
1246 1755 1406 1790 προσθήκην
1420 1756 1472 1782 οὐκ
1485 1755 1581 1791 ἔχοντα
1599 1755 1666 1788 τέως
1680 1755 1731 1790 τὴν
1745 1755 1844 1782 ἄδικον
1856 1755 1878 1771 ’⁵

1082 1800 1140 1834 μετ’
1158 1799 1281 1832 ἐξουσίας
1298 1800 1460 1836 ἐπράττετο,
1477 1801 1564 1828 ταῦτα
1589 1801 1630 1827 ’ὁτι
1653 1800 1758 1835 ταύτην
1787 1810 1879 1836 προτ-

1081 1846 1174 1881 είληφε
1190 1846 1229 1881 τῷ
1239 1846 1328 1872 δοκεῖν
1342 1846 1476 1874 ἀνεύθυνα
1488 1846 1641 1881 φαίνεσθαι,
1658 1846 1805 1881 προσθήκη
1823 1847 1878 1873 τῶν

1080 1892 1255 1926 ἀδικημάτων
1274 1892 1390 1926 γίνεται.
1421 1892 1491 1918 Ἀλλ’
1514 1893 1554 1924 είς
1577 1892 1650 1919 θὶσιν
1673 1892 1740 1922 ἴσως
1764 1891 1879 1927 ἐζήτεις

1081 1937 1196 1965 παιδίον.
1213 1937 1246 1964 Τί
1256 1937 1283 1963 δὲ
1299 1937 1329 1964 οὗ
1343 1937 1396 1972 πρὸ
1410 1937 1456 1964 τοῦ
1467 1938 1548 1965 τόκου
1561 1939 1611 1972 τὴν
1620 1937 1734 1973 γνώμην
1748 1947 1796 1964 σου
1809 1947 1877 1965 κατ-

1080 1984 1209 2019 εμήνυες,
1224 1984 1240 2019 ἢ
1253 1983 1283 2010 τὸ
1297 1984 1403 2010 παιδίον
1413 1984 1484 2018 μετὰ
1499 1983 1548 2015 τὰς
1570 1983 1666 2015 ὠδῖνας
1680 1983 1731 2010 οὐκ
1749 1983 1876 2019 ᾔτησας;

1082 2029 1118 2057 ἸΙ
1129 2030 1209 2065 τυχὸν
1220 2030 1361 2064 οὐδέτερον
1375 2030 1478 2056 τούτων
1495 2030 1591 2066 ἤθελες
1603 2038 1610 2045 ·
1625 2029 1682 2057 ἀλλ’
1700 2027 1749 2056 οὖν
1774 2031 1808 2056 ἐκ
1828 2032 1878 2065 τῆς

1080 2076 1197 2112 ἐρημίας
1216 2075 1317 2102 ἀνελὼν
1339 2076 1421 2109 εὐθὺς
1441 2077 1491 2103 οὐκ
1513 2076 1712 2111 ἐκοινολογήσω
1739 2076 1809 2111 περὶ
1828 2076 1875 2102 τεῦ

1080 2122 1253 2158 πράγματος,
1274 2122 1304 2148 οὗ
1321 2121 1392 2148 κατὰ
1415 2122 1515 2157 νόμους
1545 2123 1596 2158 τὴν
1616 2121 1689 2149 θέσιν
1723 2121 1874 2158 ἔπραττες.

1080 2167 1171 2194 Ταῦτα
1183 2166 1365 2202 ἀφαιρήσεταί
1379 2175 1421 2198 τις
1445 2167 1518 2202 ἡμᾶς
1527 2167 1560 2198 ’⁸,
1586 2167 1623 2198 ὡς
1643 2166 1720 2201 παρὰ
1741 2167 1807 2198 τοὺς
1833 2167 1877 2192 νὸ-

1083 2222 1148 2249 μους
1162 2213 1192 2240 οὐ
1216 2214 1391 2248 πέπρακται;
1415 2213 1560 2248 Ἑναγὴς²⁷
1591 2213 1700 2248 μοιχεία
1729 2212 1776 2239 διὰ
1801 2222 1877 2246 σοφι-

1084 2260 1195 2294 σμάτων
1207 2260 1383 2295 τετόλμηται,
1395 2260 1442 2286 καὶ
1457 2261 1522 2291 παῖς
1535 2260 1669 2294 δυστυχὴς
1679 2259 1751 2286 κατὰ
1768 2259 1876 2294 μητρὸς

1081 2305 1176 2337 ἀθλίας
1185 2305 1208 2322 ’⁸
1227 2306 1256 2338 ἐξ
1279 2305 1394 2340 ἐναγοῦς
1407 2306 1430 2321 ¹¹
1452 2305 1589 2342 κρατῆρος
1607 2304 1744 2340 ἐμεθύσθη
1768 2305 1876 2336 κακῶς,

1081 2351 1128 2377 καὶ
1138 2350 1213 2384 δεξιὰ
1231 2351 1334 2386 πατρὸς
1348 2351 1394 2377 ἐπὶ
1408 2351 1505 2385 φόνους
1522 2351 1575 2377 τῶν
1589 2351 1727 2385 φιλτάτων
1747 2350 1803 2377 ὑπὸ
1828 2359 1877 2377 κα-

1081 2397 1197 2432 κοήθους
1209 2396 1308 2432 τέχνης
1323 2395 1499 2429 ἐξώπλισται.
1514 2397 1612 2432 Θρηνῶ
1631 2396 1679 2423 νῦν
1697 2396 1746 2428 οὖς
1771 2397 1811 2428 ὡς

1080 2441 1192 2476 λεμίους
1208 2442 1350 2477 ἐφόνευσα,
1375 2443 1423 2469 καὶ
1452 2444 1569 2476 σ’ςαγαῖς
1599 2442 1801 2478 παρακάθημαι
1831 2443 1877 2469 δα-

1082 2486 1185 2521 κρύων,
1201 2486 1234 2517 ἃς
1255 2486 1334 2522 ᾤμην
1352 2487 1420 2522 μετὰ
1434 2487 1489 2514 τῶν
1502 2487 1592 2522 νόμων
1614 2486 1784 2522 ἐργάζεσθαι
1795 2494 1803 2503 ·
1830 2487 1877 2514 καὶ

1079 2532 1108 2558 δν
1121 2532 1175 2568 πρδ
1203 2532 1258 2559 τῶν
1286 2533 1373 2566 φόνων
1390 2532 1482 2567 μοιχὸν
1506 2531 1641 2567 ἐνόμιζον,
1665 2532 1762 2559 τοῦτον
1794 2534 1878 2559 παῖδα

1081 2578 1150 2613 μετὰ
1161 2578 1210 2614 τὴν
1225 2577 1331 2614 σφαγὴν
1355 2578 1501 2613 ἐγνώρισα.
1531 2578 1589 2605 Νῦν
1614 2578 1700 2608 ὅντως
1720 2578 1876 2613 τιτρώσκῃ,

1080 2622 1128 2650 νῦν
1142 2623 1192 2659 τὴν
1203 2624 1314 2659 καιρίαν
1330 2623 1491 2659 λαμϐάνεις,
1506 2624 1621 2651 παιδίον.
1639 2623 1757 2650 Καλέσω
1774 2623 1831 2659 γάρ
1848 2632 1877 2649 σε

887 2689 1005 2718 VARI/IS
1019 2690 1222 2718 LECTIONES.

608 2749 630 2765 ¹⁸
642 2747 694 2785 ore]
709 2750 746 2782 ὼς
757 2749 791 2776 A-

583 2784 626 2811 δέν
643 2784 792 2812 ηρὶεειιὶιιε.

619 2820 644 2837 ¹⁵
654 2820 726 2854 ἔχεις
751 2820 814 2848 AC:
831 2820 903 2854 ἔχειν
929 2829 959 2852 ς.

276 2751 297 2767 ⁸⁵
318 2750 502 2785 ἐπαναγαγὼν
517 2759 546 2782 ς.

241 2786 290 2821 μὲν
301 2785 347 2813 οὖν
358 2785 415 2813 ἀλλ’
428 2786 475 2812 ἐπὶ
488 2785 527 2821 τῷ
543 2793 581 2820 μη

240 2822 263 2837 ’³
279 2822 364 2848 ποιεῖν
379 2822 399 2848 (Σ
422 2830 429 2848 :
443 2822 516 2847 ποιεῖ
539 2829 568 2852 ς.

834 2750 854 2765 ¹⁷
870 2749 972 2785 περιὼν
988 2750 1020 2776 Α.

1075 2750 1098 2766 ⁸⁸
1114 2748 1190 2786 περὶ]
1204 2749 1276 2786 κατὰ
1292 2749 1324 2777 8.

841 2785 863 2801 ί⁰
877 2793 926 2819 pro
938 2785 1001 2812 εἰλω
1020 2785 1113 2812 lacuna
1128 2790 1167 2812 est
1182 2788 1209 2812 in
1239 2785 1269 2812 Β.

1007 2821 1029 2840 ἰ
1055 2820 1163 2846 ἀδικίαν
1183 2821 1215 2847 Λ.

1369 2751 1391 2772 ¹⁸
1404 2751 1453 2778 οὐκ
1469 2751 1542 2785 ἔστιν
1557 2748 1604 2778 οὖν
1621 2751 1705 2785 μηδὲν
1730 2750 1762 2782 Β,
1786 2750 1876 2784 ἔξεστι

1318 2784 1405 2821 ἰοῖς]
1431 2787 1485 2814 itno
1511 2783 1560 2814 ὧν.
1606 2783 1628 2802 ’ί
1653 2783 1814 2821 δικάζουσιν
1845 2793 1876 2816 ς.

1262 2821 1285 2840 ¹⁶
1299 2821 1371 2861 ops;
1384 2820 1416 2850 Ᾱ.
1455 2823 1477 2840 ’⁷
1505 2822 1604 2854 ἐναγὴς
1621 2820 1743 2858 μοιχεία]
1767 2820 1876 2857 ὲνάγεις

242 2864 287 2892 μοι
301 2857 379 2893 χεῖρα
396 2856 426 2884 Β.
457 2855 487 2895 ,⁸⁸
504 2854 609 2892 ἀθλίας]
621 2855 727 2892 ἁθρόως
745 2855 775 2883 Β.
811 2857 832 2872 ²⁹
847 2855 877 2888 ἐξ
894 2855 1007 2890 ἐναγοῦς
1024 2855 1154 2890 Scaliger.
1167 2855 1228 2884 libri
1244 2854 1383 2891 ξεναγοῦς.
