1919 3096
61 159 118 193 1325

59 217 138 245 λοιπὸν
147 217 176 244 οὗ
186 218 241 249 τοῖς
256 217 310 245 τῶν
323 217 500 253 ἀδικημάτων
512 217 581 246 ἀλλά
592 220 648 251 τοῖς
663 219 710 246 τοῦ
732 220 828 254 γένους
844 222 866 251 Α

56 265 171 300 ὀνόμασιν
183 272 189 279 ·
199 264 228 290 οὐ
243 264 298 299 γὰρ
318 264 350 290 σύ
365 272 410 299 μοι
429 265 483 291 τῶν
499 265 682 300 ἀτυχημάτων
696 265 753 291 ἀλλ’
769 265 827 292 ἕτε-

55 319 95 347 ρος
108 311 197 342 αίτιος.
218 310 318 342 Ἡδέως
328 310 350 337 δ’
364 310 397 337 ἂν
412 310 528 347 ἐροίμην
543 312 632 338 ἐκεῖνο
643 312 675 347 δή
686 321 738 339 που
754 312 829 347 πρῶ-

54 365 92 384 τον
103 356 144 383 τὸν
158 356 292 383 πλούσιον.
311 357 436 392 Χρηστὺς
448 357 523 393 αὑτῷ
539 358 583 384 τὸν
606 358 706 393 τρόπον
723 359 737 385 ὁ
762 367 828 386 νεα-

53 402 134 434 νίσκος
149 402 284 437 ἐφαίνετο,
305 403 322 438 ἢ
351 403 508 431 τούναντίον
527 404 700 440 παράνομος;
729 404 761 432 El
778 405 829 441 μὲν

52 448 97 483 γὰρ
106 447 230 484 χρηστὸς,
238 448 310 481 τίνος
321 450 349 476 αἱ
362 450 487 485 πράξεις,
497 450 546 477 οὐκ
557 451 654 485 ἄδηλον
666 459 673 467 °
685 452 710 478 εί
730 451 758 478 δὲ
777 461 828 479 πο-

51 495 222 531 νηρὺς,ὲχρῆν
241 495 396 523 ἀποδιδόναι
419 496 459 532 τῷ
473 497 600 531 φύσαντι.
616 497 688 532 Πρὸς
714 498 742 524 δὲ
763 499 827 526 τού-

51 549 98 572 τοις
112 540 222 576 πότερον
233 540 356 576 ἐλελήθει
379 550 410 568 σε
427 541 513 569 ταῦτα
535 542 631 575 ποιῶν,
649 543 664 578 ἢ
690 543 825 578 προειδὼς

50 586 91 614 οὐκ
102 585 233 619 ὲκώλυεςς
250 587 282 614 Εἰ
295 587 345 622 μὲν
358 587 412 624 γὰρ
424 587 545 622 ἠγνόεις,
569 588 673 624 πατρός
695 597 728 623 γε
741 589 826 622 ὅντως

50 632 159 668 φυλακὴν
186 632 297 667 λέγεις·
315 634 340 660 εἰ
365 634 387 660 δ’
406 634 456 660 οὐκ
472 634 592 668 ἠγνόεις,
616 634 712 670 ὥσπερ
740 635 825 666 εἰκὸς,

51 678 164 713 μέλλοντα
176 679 303 712 κωλύειν,
318 679 350 706 οὐ
363 680 532 716 πεποιηκότα
543 681 638 716 ἐχρῆν,
655 681 692 707 Τὸ
708 681 758 716 μὲν
771 681 826 716 γάρ

49 724 171 759 προνοίας,
188 725 220 751 τὸ
244 725 274 752 δὲ
303 725 411 757 ἀδικίας
443 726 613 762 τεκμήριον·
649 727 747 754 καὶτὸ
775 727 824 762 μὲν

47 770 83 796 τὸν
94 769 194 802 εὔνουν.
211 770 241 797 τὸ
253 771 282 798 δὲ
294 771 342 798 τὸν
358 772 593 808 προσποιούμενον
613 772 760 800 δείκνυσιν.
793 773 824 800 '0

48 815 171 847 νεανίσκος
186 816 315 843 ἀπάντων
328 816 454 848 ⁸⁰αίτιος.
467 817 499 844 Εἰ
513 819 565 853 γὰρ
581 815 637 850 οἷός
651 827 681 844 τε
697 815 731 854 ἦν
746 819 824 852 ἀφεῖ-

47 869 81 887 ναι
91 861 197 896 φωνὴν,
214 862 239 887 εἰ
256 862 310 897 γάρ
330 870 371 894 τις
385 862 467 889 αὑτὸν
482 863 568 896 οεῶν,
584 861 628 891 οἷα
651 863 738 891 πολλὰ
756 864 822 891 πολ-

48 906 110 938 λὰκις
120 907 196 942 παρά
213 907 268 934 τῶν
298 908 419 944 ποιητῶν
436 908 582 944 ἀκούομεν,
603 909 671 945 πρὸς
685 909 706 925 ³⁸
724 910 822 946 μικρδν

48 952 140 988 ἀνῆκεν,
160 953 224 980 ὅσον
241 953 446 989 παραγενέσθαι
470 955 504 990 τῇ
526 954 632 990 κρίσει,
655 955 706 982 οὐκ
725 955 759 982 ἂν
791 956 824 982 ὲκ

47 998 122 1032 μέσων
136 998 192 1026 τῶν
209 999 323 1034 πληγῶν
338 1000 385 1027 καὶ
403 1000 458 1028 τῶν
473 1001 642 1036 τραυμάτων
656 1001 820 1037 ἀνέκραγεν,

47 1044 138 1078 Ἔγωγε
157 1045 268 1081 μοιχός
287 1045 342 1080 ἐγὼ
367 1047 544 1082 παράνομος;
570 1047 650 1082 ἐχθρὲ
679 1047 727 1074 καὶ
742 1047 824 1075 πλού-

47 1097 78 1115 σιε
91 1097 97 1105 ·
111 1090 157 1125 ὀψὲ
174 1092 231 1126 γάρ
246 1100 279 1126 με
295 1090 359 1127 [581
375 1091 421 1128 IL]
448 1092 499 1124 τάς
526 1093 633 1128 σεαυτῷ
658 1093 820 1129 πρεπούσας

46 1133 188 1169 ἐπωνυμίας
205 1135 337 1169 ἐδίδαξας.
354 1135 425 1163 Ἀλλ’
451 1137 599 1173 οἰκτείρας,
617 1138 695 1173 φησὶ,
720 1138 751 1165 τὸ
767 1138 822 1166 πά-

47 1179 217 1213 Θοςὲπέδειξα
230 1180 252 1196 ³³
287 1181 322 1208 τά
347 1181 537 1217 γνωρίσματα,
565 1183 660 1217 τάφων
686 1182 822 1218 πατρῴων

46 1225 174 1261 ἀξιωθῆναι
190 1226 268 1261 παρά
287 1226 335 1253 σοῦ
350 1227 396 1254 τὸν
417 1227 557 1254 νεανίσκον
575 1227 746 1263 βουλόμενος.
775 1228 822 1260 Εἰς

46 1271 124 1306 καιρόν
138 1280 169 1306 γε
187 1272 230 1308 (οὒ
246 1272 301 1308 γάρ
316 1272 335 1308 ;)
362 1272 412 1305 τὰς
437 1273 585 1307 διαλλαγὰς
600 1274 750 1309 ἐτήρησας,
774 1273 822 1300 καὶ

44 1317 90 1344 τότε
107 1318 282 1354 ἀνεμνήσθης
299 1319 417 1355 συνάψαι
433 1320 464 1346 τδ
478 1320 568 1354 γένος,
585 1320 630 1347 ὅτε
642 1320 688 1347 τὸν
703 1320 821 1356 πόλεμον

45 1365 158 1392 ἄσπονδον
171 1366 203 1392 ὲν
217 1365 290 1400 ξίφει
305 1366 352 1392 καὶ
367 1365 475 1403 μοιχείᾳ
493 1367 659 1403 πεποίηκας.

839 933 860 960 Β

71 1421 96 1448 Εἰ
107 1422 177 1457 λέγει
200 1423 249 1450 καὶ
272 1423 374 1459 γράφει
398 1423 445 1451 καὶ
464 1424 514 1460 τὴν
537 1425 674 1462 πατρικὴν
689 1426 737 1454 τοῦ
762 1426 821 1462 βίου

43 1468 105 1501 τάξιν
115 1469 284 1505 εὑρίσκεται,
304 1470 334 1497 οὐ
355 1471 488 1506 δεήσομαι
508 1473 708 1508 γνωρισμάτων
726 1473 819 1500 πλειό-

44 1521 94 1545 νων,
108 1514 217 1550 γνωριῶ
241 1515 289 1551 τὴν
307 1515 390 1550 φύσιν
421 1516 474 1543 ἀπὸ
493 1517 540 1544 τοῦ
557 1517 690 1552 βήματος.
709 1519 758 1550 Δός
774 1527 820 1553 μοι

43 1559 99 1595 νόσῳ
113 1562 157 1588 καὶ
172 1561 262 1597 λοιμῷ
283 1561 472 1597 δαπανηθέντα
492 1563 668 1598 κομίσασθαι.
685 1564 820 1600 Θρηνὴσω

45 1604 83 1638 μὲν
96 1606 139 1632 καὶ
159 1607 222 1633 τότε
251 1607 301 1642 τὴν
322 1608 467 1644 συντυχίαν
492 1608 543 1644 τῆς
555 1609 693 1644 γνώσεως,
707 1610 748 1637 ὄτι
766 1618 817 1645 μου

44 1652 82 1686 τὴν
89 1653 242 1688 ἐπωνυμίαν
260 1655 311 1688 τὴν
329 1654 378 1681 τοῦ
394 1655 497 1691 πατρὸς
514 1656 588 1692 μόνῳ
600 1656 638 1692 τῷ
648 1657 727 1692 τάφῳ
737 1657 818 1692 τετή-

45 1703 130 1730 pater
150 1700 384 1736 παραμυθήσεται
397 1701 426 1728 δέ
445 1711 479 1737 με
493 1703 524 1729 τὸ
546 1702 656 1737 πέμψαι
670 1703 717 1729 τὸν
735 1702 818 1730 παῖδα

42 1743 86 1772 τοῖς
101 1743 171 1771 κάτω
197 1745 269 1778 θεοῖς
293 1748 363 1782 νόσῳ
389 1747 514 1781 λυθέντα,
537 1748 575 1784 μὴ
591 1748 722 1784 δράμασι.
748 1748 818 1776 Νυνὶ

72 1789 100 1823 (ὦ
112 1791 159 1827 τῆς
176 1793 313 1828 τραγικῆς
324 1794 419 1825 ὅντως,
435 1794 459 1821 ὣ
473 1796 522 1830 τῆς
533 1795 622 1831 ἀώρου
636 1796 682 1822 καὶ
697 1795 818 1831 ἀπηνοῦς

41 1835 84 1861 τῶν
99 1839 296 1874 γνωρισμάτων
313 1840 566 1876 καταμηνύσεωςί),
591 1841 673 1877 [1005
695 1840 741 1879 IL]
769 1840 817 1868 νῦν

41 1881 198 1919 ἠνάγκασμαι
223 1885 368 1921 γνωρίζειν
394 1886 440 1913 τὸν
459 1887 553 1920 παῖδα,
569 1887 613 1914 ὅτε
629 1887 737 1921 ἀγνοεῖν
756 1895 819 1914 συν-

40 1927 117 1964 έφερε,
145 1931 193 1957 καὶ
212 1931 274 1958 τότε
301 1932 393 1968 πατὴρ
428 1933 631 1969 ἀναγορεύομαι
646 1933 680 1965 ³³,
703 1933 746 1960 ὅτε
769 1932 817 1960 καὶ

41 1974 195 2008 παιδοκτόνος
213 1977 386 2013 εὑρίσκομαι.
403 1979 457 2005 Ἔα
474 1987 507 2014 με
521 1980 607 2015 μόνην
621 1978 671 2014 τὴν
691 1979 816 2014 μοιχείαν

833 1601 855 1632 C

40 2018 143 2056 θρηνεῖν,
163 2023 204 2049 ἐνί
233 2031 286 2058 μου
302 2023 324 2040 ³³
353 2025 554 2061 παραχώρησον
573 2027 608 2052 τὰ
622 2026 818 2061 δυστυχήματα

40 2064 149 2101 δρᾶμα-τι.
163 2068 197 2095 Τί
217 2068 245 2095 δέ
261 2078 294 2104 με
305 2070 428 2106 μερίζεις
443 2073 498 2103 τοῖς
513 2072 656 2106 ποιηταῖς;
672 2071 698 2098 τί
712 2071 740 2098 δὲ
756 2070 818 2098 καθ’

39 2110 136 2140 ἕκαστον
157 2113 213 2141 τῶν
229 2115 304 2150 ἐμῶν
323 2116 508 2152 ἀτυχημάτων
523 2118 626 2154 σκηνὴν
637 2117 755 2153 ὲγείρεις
768 2117 816 2145 καὶ

41 2155 140 2194 οἐατρα;
172 2160 242 2187 Νυνὶ
256 2160 284 2188 δὲ
298 2162 545 2199 παρηκολούθηκας
575 2163 699 2199 ἀριθμῶν
715 2172 766 2199 μου
780 2163 816 2191 τά

40 2201 229 2240 δυστυχήματα.
255 2207 311 2234 Καὶ
335 2207 396 2234 τότε
432 2217 483 2244 μου
507 2209 652 2245 πληρῶσαι
666 2210 712 2236 τὸν
731 2209 816 2245 τάφον

42 2247 122 2283 θέλεις,
138 2251 183 2278 ὅτε
202 2252 248 2279 τὸν
262 2251 337 2280 οἷκον
361 2254 509 2286 ὲκένωσας.
528 2255 619 2290 Θάψαι
630 2264 664 2291 με
675 2256 697 2272 ³⁸
725 2256 816 2292 βούλει

42 2293 78 2320 τὸν
96 2297 197 2331 παῖδα;
231 2297 318 2333 καλῆς
331 2307 362 2333 γε
379 2298 419 2335 (οὐ
436 2300 524 2336 γάρ;)
557 2309 603 2335 μοι
628 2301 783 2336 φιλοτιμίας
793 2301 815 2320 ³⁸

42 2342 236 2379 πρεχώρησας.
258 2344 323 2380 Ἐμὲ
340 2344 367 2371 δὲ
382 2345 451 2380 ἄφες
476 2346 579 2373 στένειν
589 2347 639 2379 τὰς
659 2347 813 2383 συμφοράς’

40 2385 115 2413 σῦκα).
130 2388 238 2423 βάψον,
256 2390 279 2415 εί
301 2389 399 2422 θέλεις,
415 2391 460 2417 τὸν
486 2392 669 2427 ἀνῃρημένον,
700 2392 747 2419 καὶ
769 2392 814 2424 δὸς

38 2429 97 2467 αὖτῷ
122 2433 218 2468 φέρειν
246 2434 306 2461 ἀντὶ
336 2435 390 2462 τῶν
406 2437 583 2471 ὲνταφίωντὰ
600 2437 755 2473 σπάργανα.
779 2438 813 2464 Δί

39 2476 74 2502 σαὶ
95 2479 186 2514 χεῖρές
211 2480 264 2506 εἰσι
293 2481 421 2517 τοιαύτης
437 2482 526 2517 ταφῆς
547 2483 666 2517 ὲπάξιαι.
684 2483 768 2510 Πόθεν
783 2483 812 2510 δὲ

38 2522 74 2548 καὶ
93 2524 140 2559 τὴν
161 2526 282 2560 ὲκφοράν
305 2528 469 2563 ποιήσομαις
488 2528 542 2555 ἀπὸ
571 2530 620 2564 τῆς
636 2528 727 2559 ἑστίας
742 2538 749 2562 ;
765 2529 813 2556 καὶ

38 2569 100 2595 ποῖον
114 2571 224 2606 ὄρυγμα
257 2573 306 2607 τῆς
332 2573 478 2610 δυστυχοῦς
490 2575 596 2609 ἐκείνης
615 2575 810 2610 στυγνότερον;

38 2615 88 2649 τερὶ
101 2616 163 2636 ³⁷-¹⁸
178 2617 264 2654 αὐτὴν
279 2619 397 2656 δυστυχῆ
413 2620 538 2656 σώματα,
551 2622 598 2648 καὶ
612 2621 728 2656 φοϐερὸν
741 2618 812 2656 αἷμα

38 2659 154 2688 atinas
166 2663 250 2698 μέρος
261 2664 417 2701 ἐκκέχυται,
436 2666 484 2693 καὶ
497 2666 582 2699 πολὺς
594 2667 673 2702 φόνος
682 2667 711 2694 ὲν
721 2666 807 2702 μέσῳ,

557 161 816 194 BIB'LIOTHECA.
832 175 866 180 —
877 163 959 195 COD.
980 165 1130 197 CCXLIII.

1602 169 1668 202 1326

880 227 942 248 nem
968 226 1101 249 nostram.
1121 220 1179 249 Non
1202 222 1274 251 enim
1297 227 1324 250 tu
1343 230 1462 250 meorum
1483 223 1669 252 calamitatum

884 274 976 300 causa,
993 267 1040 295 scd
1054 268 1135 298 alius.
1147 268 1279 296 Libenter
1294 275 1384 297 autem
1399 270 1450 298 hoc
1466 271 1582 306 primum
1599 278 1672 305 qua:-

880 313 972 340 sierim
983 321 998 340 a
1012 314 1103 348 divite,
1117 314 1250 349 bonisque
1263 315 1394 348 moribus,
1408 323 1441 343 an
1454 320 1549 343 contra
1561 315 1644 352 359
1654 325 1671 344 α

880 357 1020 393 improbus
1029 357 1137 392 juvenis
1149 359 1234 388 fuisse
1245 360 1270 387 ci
1283 360 1424 388 videatur?
1442 360 1471 388 Si
1485 361 1557 388 enim
1572 361 1669 393 bonus.

879 410 932 430 non
948 403 1094 432 obscurum
1109 410 1162 437 est,
1179 405 1256 440 cujus
1268 405 1310 433 ha:
1324 407 1378 434 sint
1393 406 1525 434 factiones
1539 415 1546 434 :
1563 407 1606 435 sin
1621 407 1671 434 im-

879 451 979 485 probus
992 454 1063 483 erat,
1077 451 1147 486 patri
1165 451 1239 478 reddi
1255 452 1408 486 oportebat.
1428 452 1532 480 Deinde
1546 460 1601 480 non
1614 453 1670 480 sci-

878 495 940 522 visti
962 495 1018 523 inec
1038 503 1099 523 eum
1118 503 1225 531 patrare
1237 497 1366 525 solitum?
1383 497 1426 525 An
1446 498 1535 525 sciens
1551 499 1670 532 prudens

880 549 931 569 non
949 541 1133 576 prohibuisti?
1147 541 1174 569 Si
1190 542 1261 569 enim
1281 542 1437 578 ignorabas,
1454 544 1487 570 ad
1503 547 1605 578 patrem
1621 551 1668 570 cu-

879 588 993 615 stodiam
1011 588 1148 622 pertinere
1163 588 1251 616 diris?
1267 588 1295 615 Si
1316 595 1380 616 vero
1395 589 1511 622 sciebas,
1528 594 1558 616 ut
1572 590 1670 617 verisi-

877 633 940 660 mile
953 637 1006 666 est,
1018 632 1108 661 futura
1121 634 1209 661 adhuc
1227 641 1276 662 nec
1291 634 1363 661 facta
1378 634 1523 668 prohibere
1540 627 1682 666 debebam;-

878 677 937 706 ltoc
948 679 1019 706 enim
1031 686 1114 712 curze,
1127 678 1190 706 illud
1205 679 1332 715 nequitiae
1346 680 1476 708 imlicium
1490 686 1542 715 est;
1556 681 1608 709 hoc
1621 682 1668 709 hc-

876 723 1076 757 ncvolentiam,
1105 724 1170 751 illud
1195 725 1395 753 simulationem
1421 726 1550 753 declarat.
1571 726 1668 754 Adole-

875 775 954 796 soens
967 773 1020 801 est,
1032 777 1140 797 omnem
1155 770 1260 804 culpam
1271 770 1398 798 sustinet.
1415 771 1444 798 Si
1456 771 1528 798 enim
1541 771 1668 799 emittere

875 820 970 841 vocem
988 814 1134 847 voluisset,
1151 815 1172 843 si
1186 815 1286 851 aliquis
1301 816 1368 844 deus
1381 816 1483 851 (qualia
1501 816 1583 844 multa
1593 818 1665 852 apud

874 864 970 894 poetas
986 860 1123 896 audimus)
1138 860 1213 888 illum
1227 866 1281 888 tam
1296 861 1343 888 diu
1359 861 1524 895 reliquisset,
1543 862 1606 888 dum
1619 862 1666 897 ju-

874 905 945 933 dicio
957 906 1110 940 sisteretur,
1124 913 1212 934 nonne
1224 907 1251 934 in
1266 907 1364 935 mediis
1375 907 1533 936 vulneribus
1545 912 1571 934 et
1583 908 1668 943 plagis

874 949 1024 977 clamaret:
1042 950 1100 986 Ego
1121 951 1244 984 adulter,
1263 958 1313 986 ego
1332 951 1523 986 praevaricator
1546 952 1667 987 improbe

874 996 960 1024 dives.
973 995 1042 1024 Sero
1051 996 1124 1024 enim
1136 1004 1179 1025 me
1189 997 1386 1032 appellationes
1395 1004 1453 1029 eas,
1466 1005 1527 1032 qua:
1539 997 1586 1024 tibi
1601 1005 1666 1025 con—

874 1041 1000 1075 veniant,
1026 1041 1160 1075 docuisli,
1184 1043 1231 1071 sed
1246 1042 1388 1070 misertum
1399 1063 1408 1076 ,
1428 1043 1526 1078 inquit,
1542 1047 1567 1071 te
1582 1043 1666 1071 cladis

874 1087 940 1115 satis
962 1088 1104 1121 indicasti,
1129 1089 1240 1124 cupiens
1252 1096 1267 1116 a
1289 1093 1314 1116 te
1331 1087 1529 1117 adolescentem
1544 1089 1666 1124 paternis

875 1131 1023 1167 sepulturis
1034 1133 1145 1168 dignum
1161 1133 1246 1166 reddi,
1264 1137 1415 1169 opportune
1428 1141 1504 1163 sane.
1521 1134 1578 1162 Non
1593 1135 1666 1162 enim

874 1178 963 1206 foedus
977 1179 1104 1212 servasti,
1118 1183 1146 1206 et
1162 1182 1224 1207 tunc
1237 1179 1264 1206 in
1279 1183 1397 1207 mentem
1410 1179 1460 1207 tibi
1474 1180 1547 1207 venit
1557 1180 1666 1215 conjun-

874 1232 938 1260 gere
952 1230 1093 1260 cognatos,
1107 1226 1215 1260 quando
1231 1226 1404 1262 implacabile
1417 1227 1520 1256 bellum
1535 1227 1563 1255 in
1576 1227 1666 1264 gladio

873 1275 901 1298 ct
918 1270 1051 1299 adulterio
1066 1270 1217 1300 collocasti.

908 1421 955 1450 Sic
971 1421 1060 1455 dicat,
1077 1426 1105 1450 et
1120 1421 1233 1456 scribat,
1249 1425 1276 1449 et
1291 1422 1354 1450 vitae
1370 1425 1492 1456 paterna:
1508 1421 1608 1450 seriem
1627 1422 1665 1450 in-

872 1469 974 1501 veniat,
987 1468 1063 1503 plura
1080 1468 1158 1504 signa
1173 1476 1225 1496 non
1243 1472 1333 1503 petant
1347 1476 1363 1495 e
1375 1468 1498 1503 vestigiis
1514 1473 1598 1496 totam
1615 1475 1663 1495 na-

873 1519 960 1542 turam
976 1513 1182 1549 deprehensam.
1192 1513 1246 1541 Fac
1262 1514 1357 1541 morbo
1372 1518 1398 1541 et
1411 1518 1488 1549 peste
1500 1513 1663 1542 exstinctum

871 1559 974 1593 efferri,
986 1558 1097 1594 ploraho
1110 1559 1150 1586 vel
1165 1563 1229 1586 tunc
1249 1559 1381 1593 agnitum,
1402 1567 1464 1586 cum
1481 1559 1547 1586 mihi
1563 1567 1661 1587 nomen

872 1605 956 1640 patris
981 1605 1039 1633 solo
1061 1604 1185 1638 sepulcro
1207 1604 1369 1631 servaveris.
1394 1604 1452 1631 Erit
1478 1604 1543 1631 rnllii
1567 1604 1664 1632 solatio

871 1652 954 1680 tilium
969 1652 1064 1679 morbo
1081 1651 1245 1678 exstinctum
1265 1658 1316 1677 non
1334 1649 1361 1677 in
1378 1649 1510 1685 tragoedia
1523 1651 1556 1677 ad
1569 1650 1664 1678 Manes

871 1698 988 1725 mittere.
1010 1697 1086 1725 Nunc
1111 1704 1185 1730 vero,
1208 1704 1224 1724 ο
1241 1697 1384 1731 tragicam,
1405 1703 1422 1724 ο
1444 1697 1616 1724 immaturam
1633 1703 1663 1724 et

870 1744 1008 1772 crudelem
1024 1744 1162 1779 signorum
1176 1743 1400 1771 declamationem
1413 1743 1420 1770 !
1432 1742 1492 1770 Iam
1514 1750 1663 1779 agnoscere

870 1789 954 1817 filium
964 1794 1074 1817 coactus
1084 1796 1155 1822 sum,
1176 1789 1283 1824 quando
1294 1789 1420 1823 ignorare
1430 1789 1599 1823 praestitisset
1612 1797 1619 1816 :
1635 1794 1662 1815 et

871 1842 926 1865 tum
939 1838 1046 1866 demum
1061 1839 1146 1874 patris
1159 1846 1259 1866 nomen
1276 1838 1392 1872 ast‘isco,
1410 1845 1471 1865 cum
1485 1837 1531 1864 filii
1549 1844 1661 1872 percus-

869 1891 916 1911 sor
930 1883 1128 1918 deprehendar.
1146 1884 1211 1918 Sine
1226 1892 1270 1912 me
1285 1883 1372 1912 solum
1388 1883 1551 1911 adulterium
1567 1882 1660 1918 deplo-

869 1938 945 1964 rare,
966 1931 1014 1958 des
1034 1931 1060 1958 in
1076 1937 1130 1958 uno
1151 1931 1276 1958 dramate
1297 1930 1455 1959 infortuniis
1473 1931 1540 1958 meis
1561 1930 1659 1958 locum.

868 1977 938 2011 Quid
963 1982 1054 2005 autem
1081 1985 1124 2004 mc
1148 1977 1264 2005 diversis
1289 1977 1377 2012 poetis
1401 1976 1507 2004 tradis?
1533 1975 1603 2009 Quid
1627 1977 1659 2002 ad
1715 1990 1719 1993 -

867 2022 988 2056 singulas
1013 2029 1087 2049 Inoas
1108 2022 1275 2049 Calamitates
1301 2028 1427 2054 scenam,
1455 2025 1482 2047 et
1507 2019 1660 2055 spectacula

867 2068 1008 2096 adornas?
1022 2066 1099 2095 Nunc
1114 2075 1178 2094 vero
1193 2074 1333 2094 numertnn
1357 2066 1524 2096 calamitatis
1541 2073 1606 2092 mea:
1620 2065 1660 2091 vi-

867 2114 950 2146 disti,
971 2117 1000 2141 et
1020 2118 1075 2140 tum
1100 2113 1249 2147 adimplere
1276 2111 1429 2146 sepulcrum
1458 2119 1547 2138 meum
1571 2110 1657 2144 cupis,

867 2168 929 2189 cum
941 2160 1072 2188 familiam
1085 2159 1257 2188 exhauseris.
1271 2158 1392 2193 Sepelire
1405 2165 1495 2185 meum
1508 2157 1550 2184 vis
1562 2156 1659 2184 tilium!

867 2205 987 2234 Honeste
1001 2206 1110 2241 quidem
1125 2213 1132 2232 :
1149 2212 1202 2232 non
1224 2195 1297 2232 enini
1318 2204 1384 2231 mihi
1408 2203 1583 2230 contentione
1595 2209 1656 2230 ces-

869 2252 942 2281 sisti.
963 2251 1093 2279 Permittc
1115 2257 1158 2278 me
1177 2250 1314 2277 fortunam
1338 2257 1425 2276 meam
1447 2248 1608 2282 deplorare:
1629 2253 1658 2275 at

870 2304 897 2326 tu
912 2297 1085 2326 interfectum
1102 2296 1125 2324 si
1139 2296 1204 2323 libet
1220 2299 1300 2323 teme
1322 2295 1431 2326 manda,
1448 2299 1530 2328 atque
1547 2294 1584 2321 illi
1608 2301 1656 2329 pro

867 2343 1007 2380 sepultura
1034 2343 1067 2370 da
1083 2341 1179 2377 359b
1196 2340 1305 2368 fascias.
1327 2339 1390 2367 Tua:
1404 2340 1475 2367 enim
1495 2348 1590 2367 manus
1605 2340 1656 2368 hcc

868 2389 992 2424 sepulcro
1007 2388 1094 2423 digna:
1110 2391 1184 2415 sunt.
1200 2385 1276 2414 Unde
1291 2391 1382 2413 autem
1399 2385 1479 2413 funus
1491 2386 1618 2414 efferam?
1633 2387 1655 2415 E

867 2433 964 2461 domo?
986 2433 1019 2460 Et
1041 2432 1176 2466 quodnam
1199 2430 1354 2465 sepulcrum
1376 2430 1427 2458 hac
1452 2431 1552 2460 infelici
1575 2433 1655 2460 domo

868 2479 973 2508 dirius?
989 2478 1038 2506 llic
1052 2478 1173 2506 infelicia
1189 2484 1317 2512 corpora,
1335 2481 1362 2504 et
1374 2484 1451 2504 sacer
1465 2478 1605 2513 sanguinis
1620 2480 1655 2506 ab

866 2525 939 2554 omni
964 2528 1042 2560 parte
1065 2523 1167 2551 effusus
1192 2527 1249 2556 est,
1268 2523 1405 2558 multaque
1439 2523 1527 2551 caedes
1557 2524 1654 2559 (triste

865 2569 1075 2606 spectaculum!)
1088 2569 1114 2596 in
1125 2568 1213 2596 medio
1219 2568 1292 2603 jacet
1303 2577 1310 2596 :
1322 2569 1391 2596 hanc
1400 2569 1508 2596 domum
1520 2569 1653 2602 dirarum,

866 2617 1034 2648 daemonum,
1051 2622 1084 2643 ac
1105 2614 1237 2642 furiarum
1255 2614 1341 2642 ambit
1361 2615 1469 2643 cohors.
1491 2614 1568 2644 Nunc
1588 2624 1654 2644 vero

863 2662 941 2699 (proh
957 2661 1090 2690 malorum
1107 2661 1243 2697 ingentem
1253 2660 1390 2690 cumulum
1401 2661 1420 2697 !)
1430 2661 1457 2689 in
1468 2661 1552 2689 tilium
1564 2670 1653 2690 arma-

675 2756 794 2785 YABIIE
812 2755 1014 2785 LECTIONES.

64 2815 84 2832 ³⁸
95 2817 220 2848 ἁπάντων
236 2822 257 2850 Α
268 2831 275 2850 :
288 2823 302 2850 ὁ
316 2824 424 2852 πάντων
440 2834 470 2857 ς.
507 2826 528 2842 ³¹
544 2826 614 2862 πρὸς
630 2825 650 2852 Β
662 2808 722 2858 ι’ὡς
738 2835 769 2858 ς.
823 2826 845 2842 ³¹

37 2852 114 2881 μαιΑ.
164 2855 188 2871 ³⁵
210 2865 253 2881 μυί
278 2859 328 2881 Att.
368 2860 390 2876 οι
406 2869 438 2881 ηρ
456 2860 613 2881 Rnienliina-
634 2862 692 2881 lihri
710 2870 760 2881 "nu
807 2861 845 2881 ια,

37 2871 74 2889 ς..
85 2871 114 2879 ...

36 2890 146 2923 (δυστυχεῖ
161 2898 191 2923 ς.

860 2825 985 2859 ἐπέδειξα
1000 2825 1022 2852 Α
1037 2829 1065 2853 et
1079 2833 1151 2852 corr.
1168 2826 1202 2852 B:
1218 2824 1358 2859 ἐπέδειξας
1377 2835 1409 2858 ς.
1446 2825 1468 2842 ³³
1479 2824 1652 2860 ἀναγορεύω-

209 2865 253 2892 μυι
276 2859 329 2886 ΛΒ.
368 2860 390 2876 ³⁵
405 2869 439 2896 με
456 2859 613 2890 Reischius:
633 2862 694 2890 libri
709 2870 772 2898 μου.
807 2861 829 2878 ³⁸
843 2861 1000 2898 φιλοτησίας
1015 2861 1048 2889 Λ.
1086 2861 1147 2882 ³⁷η³⁵
1163 2861 1229 2897 περὶ
1242 2861 1407 2897 -δυστυχῆ
1424 2860 1507 2890 ABG:
1536 2859 1607 2896 ὑπὲρ
1625 2878 1652 2884 .-
