1919 3096
61 161 119 194 1329

559 163 824 194 BIBLIOTHECA.
849 176 880 182 —
900 164 982 194 COD.
1000 164 1153 195 CCXLI”.

1601 163 1670 206 1330

60 218 124 253 ᾳᾶὗῳ
138 217 165 243 δὲ
178 216 348 252 βιαζόμενον,
362 216 467 245 δεδιότα
481 218 531 253 μὲν
546 217 596 254 τὴν
613 219 747 254 μοιχείαν,
759 219 834 246 οὔπω

891 220 976 256 magis
986 221 1171 256 obstupeseas.
1185 220 1284 248 Venias
1297 222 1403 248 dennmt
1416 221 1449 248 ad
1462 221 1574 255 pictura:
1584 227 1675 258 caput,

56 265 80 291 δὲ
92 263 208 290 συνιέντα
220 263 261 289 δτι
274 263 321 289 καὶ
330 263 400 290 κατὰ
413 264 518 300 μητρὸς
533 264 731 298 ἀναγκάζεται.
745 266 835 292 Ἔστω

56 318 100 336 που
121 310 166 336 καὶ
183 308 316 344 δυστυχὴς
331 309 491 344 πρεσϐῦτις,
507 309 531 336 εἰ
551 309 653 341 θέλεις·
664 309 769 345 γράψον
786 310 837 336 αὖ-

55 355 96 390 ·ιὴν
106 354 218 390 ἐρῶσαν,
245 354 314 381 ἀλλὰ
339 354 409 390 μετὰ
427 355 476 390 τῆς
489 354 607 390 ῥυτίδας,
621 355 688 382 ἀλλὰ
703 355 772 391 μετὰ
786 355 836 390 τῆς

55 402 131 436 κόμης
151 400 200 434 τῆς
222 400 318 432 πολιᾶς
329 420 336 432 ,
361 400 405 426 ἴνα
422 400 522 436 μᾶλλον
542 399 680 437 ἐκπλήξῃς
695 401 733 436 τῷ
746 410 836 437 παρα-

54 447 116 481 λόγῳ
144 445 191 474 τοῦ
217 446 364 482 δράματος.
385 446 461 472 Ἐλοὲ
474 446 568 473 λοιπὸν
583 447 628 473 ἐπί
644 446 675 473 τὸ
687 447 834 481 κεφάλαιον

53 491 94 526 τῆς
106 491 227 527 γραφῆς·
242 491 353 518 ὃπλισον
370 491 417 518 τὸν
433 491 553 526 δυστυχῆ
570 491 676 527 πένητα
691 492 761 518 κατὰ
777 492 831 518 τῶν

55 536 187 570 φιλτάτων,
217 536 264 564 καὶ
289 536 410 564 τοσαῦτα
425 536 545 572 μίμησαι
565 536 728 572 πράγματα,
748 536 835 563 ὁπόσα

53 582 176 617 ἐμπλήσει
189 582 238 618 τὴν
250 583 299 618 σὴν
309 583 510 619 ἀπανθρωπίαν
518 583 701 619 πλαττόμενα.
715 583 838 618 Πρόσθες

54 628 95 663 ἠδη
110 629 201 655 λοιπὸν
217 629 263 656 τὸν
276 629 418 664 κολοφῶνα
435 629 482 656 τοῦ
497 629 645 665 δράματος,
666 630 765 656 σαυτὸν
781 631 837 662 τοῖς

54 674 131 708 φόνοις
145 675 215 710 μετὰ
242 676 296 702 τῶν
310 676 510 712 γνωρισμάτων
530 676 753 710 ἐπιφαινόμενον,
778 684 838 710 μει-

53 721 147 754 διῶντα,
172 722 295 757 φαιδρὸν,
317 723 373 753 τοῖς
390 722 618 757 κατωρθωμένοις
639 722 792 758 γανύμενον
806 721 838 750 ⁸⁷.

54 767 167 808 Τήρησον
189 768 258 804 πρὸς
286 768 361 795 Θεῶν
392 768 477 803 κάμοί
500 777 526 795 τι
545 769 628 805 μέρος
641 768 688 796 τοῦ
714 768 838 800 πίνακος,

889 273 966 293 arma
984 265 1120 294 infelicent
1140 273 1286 301 pauperem
1306 266 1333 293 in
1351 266 1544 300 charissimos,
1567 272 1595 295 ct
1612 269 1676 296 talia

889 311 1024 346 excogita,
1041 319 1100 347 quae
1115 311 1178 339 licet
1192 311 1266 344 ﬁcta,
1279 311 1468 339 crudelitatem
1483 316 1555 340 tuam
1571 314 1677 342 valeant

890 358 1008 392 explere.
1028 357 1138 392 lmpone
1161 357 1277 391 denique
1300 357 1418 385 dramati
1445 358 1542 392 linem,
1562 360 1676 394 teipsnm

891 403 996 431 scilicet
1013 404 1040 431 iu
1062 403 1136 431 caede
1157 403 1241 438 signis
1257 403 1419 438 quibusdam
1433 404 1613 438 eminentem,
1638 405 1676 431 ri-

889 449 1008 481 dentem,
1031 448 1163 481 hilarem,
1179 453 1208 476 ct
1220 449 1299 484 quasi
1315 457 1344 477 re
1358 450 1426 477 bene
1444 455 1520 484 gesta
1538 452 1677 478 exsultan-

886 501 952 524 tem.
969 495 1053 523 Serva
1064 500 1091 523 et
1102 495 1168 523 mihi
1179 503 1227 531 per
1238 499 1303 524 deos
1318 496 1436 532 aliquam
1449 504 1554 532 partem
1568 498 1677 530 tabular,

889 548 923 569 ne
943 542 1005 576 quis
1026 541 1165 576 quaesierit
1182 551 1188 568 :
1209 540 1260 568 Ubi
1281 541 1375 576 infelix
1397 544 1519 577 pauper?
1541 543 1678 576 Quomodo

890 585 972 614 uixit?
984 585 1044 619 Qua
1052 587 1152 614 ratione
1165 591 1222 622 post
1231 591 1266 614 tot
1285 595 1361 614 casu:
1373 589 1453 614 vitam
1469 589 1569 622 egerit?
1581 589 1677 616 Verum

891 639 945 659 non
962 632 1018 660 hmc
1035 633 1080 661 tibi
1094 637 1222 668 perpetua
1240 633 1320 661 fuerit
1336 633 1463 666 felicitas,
1479 642 1495 661 ο
1512 634 1598 667 dives,
1613 639 1637 662 et
1654 640 1679 662 te

892 682 1000 712 oportet
1022 678 1272 713 dramatis,parlem
1290 686 1361 706 esse.
1379 678 1464 706 Nemo
1479 687 1597 714 unquam
1614 680 1678 706 insi-

894 730 973 758 gnem
988 723 1105 758 aliquam
1121 725 1254 758 spectavit
1270 724 1442 759 lragcediam.
1455 725 1480 751 iu
1499 733 1550 759 qua
1570 725 1676 760 tyranni

893 775 948 795 non
957 775 973 795 e
984 767 1098 802 pristina
1111 767 1220 796 fortuna
1230 769 1388 796 exciderunt
1407 769 1474 804 (58).

56 811 89 840 ίια
108 815 143 849 μή
162 823 204 846 τις
219 814 384 851 έπιζητήσῃ·
402 814 465 842 Ποῦ
481 814 516 841 δὲ
531 816 548 842 ὁ
564 815 721 849 δυστυχὴς
738 814 854 848 πένης
872 812 934 846 πῶς
951 813 1019 847 ἑζη;
1033 812 1096 847 πῶς
1114 814 1182 841 ἐσίω
1204 814 1278 849 μετὰ
1299 815 1437 848 τοιαύτας
1450 815 1471 830 ⁸⁸
1501 814 1678 850 συμφοράς;

56 857 165 896 [58611.]
205 860 275 887 Ἀλλ’
297 861 327 887 οὐ
342 861 432 887 πάντα
455 861 610 897 χαρήσῃη,
640 861 763 887 πλούσιε.
796 860 841 887 Δεῖ
860 859 986 895 γενέσθαι
1007 860 1056 886 καὶ
1067 860 1096 886 σὲ
1127 860 1211 896 μέρος
1237 860 1284 887 τοῦ
1311 860 1459 895 δράματος.
1482 860 1576 893 Οὐδεὶς
1607 859 1677 888 οἶδεν

55 906 147 942 ὑψηλὴν
161 907 326 943 τραγῳδίαν,
343 907 410 934 ὅπου
428 907 466 943 μὴ
486 908 614 935 πίπτουσι
626 907 762 943 τύραννοι.

58 996 98 1033 Ἐκ
109 996 418 1033 τῆς-,ἐπιγραφομένης
431 998 562 1032 μελέτης
574 997 649 1033 μετὰ
666 997 702 1025 τὰ
719 998 837 1030 Μηδικὰ

82 1031 271 1066 ἐψηφίσαντο
291 1031 437 1065 Ἀθηναῖοι
463 1031 541 1067 πρὸς
568 1031 639 1066 τοὺς
664 1033 836 1067 βαρϐάρους

82 1067 222 1100 πόλεμον.
261 1068 436 1102 Πυθόμενος
464 1070 480 1095 ό
499 1068 650 1102 βασιλεὺς
685 1068 836 1102 ὑπέσχετο

81 1103 114 1127 τὰ
141 1102 360 1137 λελυμασμένα
368 1103 391 1119 ⁵ο
412 1103 680 1137 ἐπανορθώσασθαι
697 1125 705 1136 ,
732 1105 759 1130 st
784 1103 837 1130 τὸν

82 1137 213 1173 πόλεμον
228 1139 445 1165 καταλύσεων.
464 1147 473 1164 ι
488 1138 661 1173 Βουλομένων
680 1139 771 1166 αὐτῶν
787 1139 837 1165 Θε-

84 1172 228 1207 μιστοκλῆς
245 1173 389 1207 ἀντιλέγει.
408 1182 419 1199 ι
440 1188 475 1194 -
495 1172 577 1201 Αὐτὸ
587 1174 619 1200 τὸ
633 1174 801 1208 Προοίμιον.

83 1229 161 1256 υῦπω
186 1230 237 1265 τῆς
261 1230 370 1264 πείρας,
394 1231 432 1262 ὡς
456 1230 563 1265 ἔοικεν,
580 1227 603 1258 ὦ
624 1231 772 1266 Ἀθηναῖοι,
786 1231 836 1267 τῆς

55 1275 105 1302 καθ’
118 1275 195 1311 ήμῶν
213 1275 339 1311 βασιλεὺς
355 1276 484 1308 παύεται,
507 1275 558 1303 κᾶν
574 1277 617 1303 ἀεὶ
640 1277 758 1312 κρείττω
785 1277 836 1312 τῆς

54 1320 139 1348 ἑαυτοῦ
151 1322 250 1357 τέχνης
263 1321 309 1348 τὸν
321 1321 421 1358 τρόπον
443 1322 558 1359 εὑρίσκῃ
569 1323 619 1358 τῆς
629 1322 743 1354 πόλεως.
766 1323 836 1358 Ἐγὼ

54 1366 76 1392 δὲ
96 1367 167 1394 οὐδὲν
197 1366 310 1403 βασιλέα
335 1369 391 1399 τοῖς
418 1367 511 1399 αὐτοῖς
522 1368 544 1384 ⁵¹
579 1365 658 1400 αὖθις
685 1368 837 1404 ἐπιχειρεῖν

55 1412 197 1446 θαυμαστὸν
222 1413 315 1448 οἴομαι
331 1420 339 1429 ο
361 1412 424 1444 τοὺς
435 1413 491 1447 γὰρ
505 1414 534 1439 ὲν
550 1412 652 1449 ἀπορία
667 1413 837 1448 καθεστηκό-

54 1459 144 1490 τκςκαὶ
155 1458 250 1494 φόϐοις
273 1459 350 1486 οὐδὲν
368 1459 525 1494 θαυμαστὸν
542 1459 626 1495 μηδὲν
641 1459 689 1494 ἀφ’
708 1456 747 1486 ὧν
761 1459 835 1494 διορ-

55 1504 174 1533 ίώσονται
189 1505 240 1537 τὰς
263 1505 418 1541 συμφορὰς,
443 1505 583 1541 εὑρίσκειν
598 1505 739 1533 δύνασθαι.
755 1506 837 1532 Ὥστε

53 1551 119 1578 τοῦτο
131 1552 179 1586 μὲν
189 1552 317 1587 οὐδαμῶς
328 1551 429 1580 ἄτοπον
439 1559 447 1567 ⁸
468 1551 531 1583 τοὺς
545 1551 573 1578 δὲ
582 1552 605 1567 ⁸⁸
620 1552 739 1587 ῥήτορας
749 1552 781 1579 ἄν
794 1560 836 1583 τις

53 1597 150 1630 δικαίως
173 1598 276 1633 μᾶλλον
292 1598 357 1630 τοὺς
387 1598 453 1633 παρ’
467 1599 533 1633 ἡμῖν
548 1598 725 1632 θαυμάσειεν,
737 1598 760 1624 εί
776 1606 836 1624 και-

891 994 932 1021 Ea:
948 995 1142 1031 Derlqntatione
1162 996 1239 1029 cujus
1260 996 1315 1022 Ιιιιέ
1335 996 1489 1031 inscriptio:
1508 998 1677 1026 Atheuienses

924 1035 980 1064 post
998 1029 1130 1056 Medicum
1147 1031 1251 1060 bellum,
1268 1035 1360 1058 contra
1377 1029 1508 1060 Barbaros
1520 1033 1615 1060 bellum
1629 1035 1676 1060 de-

923 1073 1033 1092 creuere.
1061 1064 1118 1097 Quo
1134 1066 1248 1100 cognito,
1265 1073 1310 1092 rex
1324 1071 1431 1100 accepta
1446 1067 1554 1099 damna.
1573 1069 1594 1095 si
1611 1069 1676 1095 bello

923 1100 1080 1133 abstineant,
1111 1106 1272 1127 resarturum
1303 1109 1357 1128 sese
1382 1103 1512 1135 promisit.
1539 1112 1548 1128 ι
1576 1103 1672 1130 Assen-

924 1135 1054 1162 ticntibus
1086 1135 1297 1163 Atheniensibus
1328 1137 1490 1164 contradicit
1524 1137 1677 1165 Themisto-

921 1171 986 1198 cles.
1002 1179 1012 1196 ι
1031 1185 1066 1190 -
1085 1169 1255 1198 Prooemium.

923 1226 1074 1262 Numquam
1091 1227 1219 1260 adducar,
1234 1232 1263 1254 ιιι
1283 1229 1407 1263 credant,
1425 1229 1617 1263 Atheuienses,
1634 1239 1677 1258 rc-

888 1281 948 1309 gem
968 1274 995 1300 in
1013 1273 1091 1301 nobis
1109 1275 1244 1302 tentandis
1263 1274 1341 1302 liuent
1359 1275 1508 1308 facturum,
1533 1277 1583 1304 etsi
1602 1277 1676 1305 inve-

888 1321 958 1348 nerit
971 1320 1045 1348 cives
1064 1326 1172 1348 nostros
1190 1321 1286 1356 360!)
1303 1326 1361 1348 arte
1386 1321 1497 1349 militari
1512 1323 1675 1357 superiores.

888 1363 1019 1399 Equidem
1032 1364 1100 1392 nihil
1113 1365 1301 1393 admirandum
1315 1372 1388 1401 puto.
1406 1366 1429 1394 si
1446 1375 1493 1394 rex
1505 1367 1600 1396 cadent
1617 1376 1677 1395 rur-

887 1417 934 1438 sus
960 1415 1084 1438 attentet.
1113 1409 1162 1444 Qui
1189 1412 1262 1439 enim
1293 1412 1319 1439 in
1344 1412 1440 1440 timore
1463 1420 1495 1441 ac
1520 1419 1678 1449 paupertate

889 1462 1032 1483 versantur
1050 1456 1117 1492 (59),
1133 1456 1199 1491 quid
1216 1458 1313 1485 mirum
1329 1458 1351 1485 si
1368 1458 1400 1484 ad
1417 1464 1490 1487 artes
1507 1459 1675 1495 confugiant,

887 1508 941 1536 quo
953 1509 1009 1529 suae
1021 1501 1180 1529 medeantur
1193 1502 1341 1531 calamitati
1354 1504 1365 1530 ἲν
1381 1505 1469 1538 Quare
1485 1513 1538 1533 nou
1553 1506 1605 1534 hoc
1617 1514 1676 1534 om-

887 1547 951 1575 nino
966 1548 1112 1575 absurdum
1126 1553 1177 1576 est.
1197 1547 1302 1577 Justius
1319 1557 1383 1577 vero
1403 1551 1463 1585 quis
1486 1557 1608 1581 oratores
1627 1561 1677 1581 ιιο‹

887 1599 958 1622 stros
980 1595 1144 1628 admiretur,
1167 1596 1189 1623 si
1210 1604 1260 1624 nos
1275 1597 1406 1631 prodendi
1429 1600 1601 1627 occasionem
1626 1601 1676 1627 sibi

54 1642 92 1676 ρὸν
114 1644 205 1675 αὐτοῖς
232 1643 273 1670 ἔτι
286 1644 335 1679 τῆς
351 1643 517 1680 [παρ’ἠμῖν]
544 1644 692 1679 προδοσίας
709 1643 833 1678 νομίζου-

891 1637 974 1665 adhuc
996 1645 1056 1665 esse
1078 1643 1222 1673 putarent,
1245 1640 1356 1674 quando
1376 1648 1410 1668 ne
1429 1649 1473 1668 rex
1491 1643 1599 1677 quidem
1620 1643 1678 1678 ipse

54 1697 96 1721 σιν,
118 1689 192 1716 ἰίτε⁸³
220 1689 289 1725 μηδὲ
317 1690 444 1725 βασιλεὺς
471 1690 614 1724 ἀρνεῖσθαι
639 1689 670 1715 τὸ
692 1689 836 1725 κρείττους

52 1733 110 1761 εἶναι
119 1735 168 1770 τῆς
183 1735 282 1762 ἑαυτοῦ
307 1735 466 1767 δυναστείας
483 1735 625 1768 διέγνωκε.
641 1735 780 1771 Προσήκει
804 1735 833 1761 δὲ

52 1780 91 1806 καὶ
112 1781 181 1816 ὑμᾶς
192 1782 216 1797 ⁸³
233 1781 270 1817 μὴ
287 1781 395 1817 χείρους
409 1781 438 1808 ὲν
462 1780 546 1816 κοινῷ
574 1781 624 1816 τῆς
654 1781 713 1812 ἐνὸς
738 1781 836 1817 ἀνδρὸς

51 1825 150 1862 γνώμης
170 1826 342 1861 ἐλέγχεσθαι,
370 1828 408 1858 ὠς
421 1826 496 1853 ἐστιν
518 1826 619 1853 ἄτοπον
634 1826 834 1862 φιλοτιμεῖσθαι

53 1871 122 1904 μὲνη
139 1873 186 1899 ἐπὶ
212 1872 252 1908 τῷ
264 1873 328 1904 τοὺς
359 1872 515 1908 βαρϐάρους
542 1872 715 1904 τοίςιόπλοις
744 1873 832 1908 νικᾷν,

51 1916 198 1944 ἁλίσκεσθαι
216 1918 246 1944 δὲ
267 1917 396 1947 ἐλάττους
411 1918 441 1944 ἐν
459 1917 498 1952 τῷ
514 1917 700 1952 βουλεύεσθαι.
724 1917 794 1952 Ἤδη
805 1917 833 1943 δὲ

51 1964 88 1990 καὶ
103 1964 152 1996 τὰς
166 1964 253 1995 αὐτὰς
268 1963 345 1999 ὴφίει
361 1963 451 1998 φωνὰς
462 1964 532 1999 ὑπὲρ
543 1963 599 1990 τῶν
611 1964 678 1990 ὅλων
692 1965 748 1996 τοῖς
763 1964 834 1996 θεοῖς

51 2009 133 2036 καὶτὰ
150 2009 222 2036 αὐτὰ
235 2009 274 2045 τῷ
289 2008 382 2045 Πυθίῳ
410 2009 475 2044 περὶ
486 2009 540 2035 τῶν
555 2009 677 2044 τριηρῶν
694 2008 831 2042 ἐδόξαζεν.

50 2055 75 2080 Τί
87 2056 220 2091 πορθμοῖς
240 2055 357 2090 ἐνοχλεῖς
374 2055 407 2082 δι’
435 2055 501 2090 ἐμέ;
520 2055 545 2082 τί
556 2055 584 2082 δὲ
601 2055 652 2091 ὅρη
664 2055 773 2091 τέμνεις
791 2056 832 2087 εἰς

49 2100 194 2135 οἀ).ασσαν;
209 2101 236 2128 τί
252 2101 401 2133 καλύπτεις
428 2101 536 2136 ἠπείρῳ
553 2101 582 2128 τὸ
612 2100 719 2136 ῥόθιονς
730 2102 831 2128 Ἔασον

49 2146 146 2173 ἑστάναι
174 2147 221 2174 τὸν
240 2147 325 2180 Ἄθω,
357 2147 405 2174 καὶ
438 2147 475 2182 μὴ
492 2147 584 2181 πέμπε
602 2155 647 2181 μοι
658 2147 681 2162 ⁵⁸
707 2146 752 2173 διὰ
776 2147 830 2174 τῶν

48 2192 106 2227 ίρῶν
132 2193 203 2220 ἀλλὰ
219 2193 263 2220 διὰ
289 2193 336 2220 τοῦ
358 2193 449 2228 ροθίου
463 2193 509 2219 τὸν
531 2192 633 2220 στόλον.
656 2193 725 2219 Ἀλλ’
741 2194 765 2219 εί
784 2194 830 2220 καὶ

48 2236 137 2264 τούτων
152 2237 245 2271 ὀλίγον
269 2237 331 2264 τινὰ
354 2239 475 2272 ἐποιήσω
487 2237 575 2272 λόγον,
591 2238 644 2265 τῶν
657 2237 790 2272 οὐρανίων
805 2239 827 2254 ⁵⁷

48 2282 136 2318 ἀπέχου
155 2293 212 2319 μοι,
240 2284 289 2310 καὶ
313 2285 405 2318 φεῖσαι
415 2285 464 2318 τῆς
477 2284 533 2311 ἄνω
544 2284 658 2319 λήξεως.
686 2284 766 2319 [ιυ97
781 2284 826 2321 ιι]

888 1683 1006 1718 potentia
1029 1691 1076 1711 sua
1091 1691 1140 1712 nos
1159 1685 1286 1713 fortiores
1303 1693 1364 1714 esse
1378 1692 1469 1722 negat.
1487 1688 1569 1716 Decet
1586 1693 1675 1717 autetn

887 1728 970 1768 nihilo
986 1735 1036 1756 nos
1056 1728 1199 1757 inferiores
1219 1729 1377 1758 existimare
1393 1731 1464 1760 illius
1484 1733 1518 1761 de
1532 1734 1610 1762 nobis
1627 1735 1675 1762 viri

886 1775 1097 1805 existimatione.
1126 1777 1281 1805 Absurdum
1307 1779 1380 1806 enim
1402 1784 1444 1806 est
1468 1787 1517 1808 nos
1543 1779 1677 1810 Barbaros

885 1820 970 1848 armis
994 1829 1141 1856 superare,
1166 1822 1281 1850 consilio
1306 1828 1396 1850 autem
1417 1824 1511 1852 iisdem
1535 1825 1677 1855 inferiores

885 1874 956 1894 csse.
971 1867 1040 1900 Quin
1053 1872 1080 1894 et
1091 1868 1141 1895 has
1157 1868 1189 1895 de
1202 1868 1280 1896 nobis
1296 1870 1422 1897 omnibus
1434 1878 1513 1898 voces
1529 1872 1580 1899 diis
1591 1873 1676 1907 signi-

885 1912 985 1944 ﬁcavit,
1002 1917 1028 1940 et
1041 1913 1166 1948 Pythium
1181 1914 1333 1948 Apollinem
1352 1915 1385 1942 de
1401 1916 1560 1944 triremibus
1578 1926 1677 1946 consu-

886 1955 933 1983 lui.
959 1955 1029 1989 Quid
1057 1957 1125 1984 lreta
1148 1962 1258 1992 propter
1279 1965 1323 1985 me
1346 1959 1458 1987 turbas?
1482 1960 1551 1993 Quid
1572 1967 1677 1990 montes

884 2009 978 2034 secas,
1001 2007 1030 2029 ut
1045 2003 1131 2030 instar
1153 2003 1237 2030 maris
1259 2005 1397 2031 serviant?
1425 2005 1493 2038 Quid
1514 2012 1586 2035 terra
1609 2009 1676 2044 legis

884 2047 990 2074 undas?
1012 2047 1070 2075 sine
1088 2053 1141 2075 stet
1160 2048 1261 2082 Athos,
1284 2056 1336 2076 ttcc
1359 2051 1514 2085 montibus,
1533 2053 1580 2080 sed
1607 2055 1674 2081 mari

884 2093 988 2121 innatet
1005 2094 1112 2123 classis.
1131 2095 1207 2128 Quod
1225 2095 1285 2123 licet
1302 2098 1399 2124 horutu
1417 2099 1541 2134 exiguam
1556 2100 1673 2129 habuisti

882 2140 1026 2174 rationem,
1035 2140 1201 2176 minimeque
1210 2142 1321 2175 curasti,
1333 2143 1454 2171 cmlcslia
1467 2152 1531 2173 vero
1546 2151 1572 2173 et
1580 2154 1675 2181 snper-

881 2193 914 2212 na
929 2193 996 2213 cave
1009 2194 1044 2214 ne
1058 2187 1358 2222 attingas.Noujaculis
1374 2190 1439 2218 mihi
1452 2199 1500 2225 pro
1516 2192 1673 2221 dienoctem

881 2232 1004 2265 inducas,
1021 2240 1108 2268 neque
1125 2241 1140 2260 e
1156 2234 1262 2269 sagittis
1277 2236 1413 2264 exercitus
1435 2238 1471 2264 tui
1489 2238 1576 2266 nubes
1588 2239 1674 2267 densa

880 2277 963 2304 Solent
975 2279 1179 2313 caoperiat.Scd
1195 2279 1260 2306 nihil
1270 2280 1431 2309 intentatum
1442 2283 1583 2319 relinqttis,
1592 2289 1620 2312 ut
1629 2287 1673 2313 ni-

47 2327 82 2363 Μή
98 2338 141 2364 μοι
166 2329 254 2356 νύκτα
284 2329 356 2356 ποίει
384 2329 432 2365 τὴν
445 2329 551 2365 ἡμέραν
576 2330 633 2361 τοῖς
648 2328 748 2364 βέλεσι,
766 2329 826 2365 μηδ’

891 2324 978 2350 nirqu
989 2324 1157 2351 Athenarum
1170 2326 1267 2354 civitas
1278 2326 1420 2355 Medorum
1432 2329 1553 2358 historiae
1569 2336 1672 2365 partem

47 2372 212 2410 ὑποτρεχέτω
229 2375 275 2402 τὸν
290 2375 366 2410 ἥλιον
376 2375 456 2410 νέφος
469 2375 563 2402 ἐκτῶν
579 2375 663 2410 βελῶν
677 2375 728 2410 τῆς
745 2375 793 2410 σῆς
803 2375 825 2391 ⁵⁵

895 2369 994 2404 liquam
1005 2370 1136 2399 obtineat.
1149 2372 1226 2401 Visus
1234 2381 1263 2400 es
1274 2373 1345 2401 fatua
1360 2375 1418 2410 ipsa
1432 2377 1590 2411 terribilior,
1601 2380 1673 2414 quod

47 2422 163 2455 στρατιᾶς
193 2422 386 2457 συγκείμενον.
410 2421 480 2448 Ἀλλ’
511 2421 588 2448 οὐδὲν
609 2422 656 2456 ἐᾷς
684 2421 824 2456 ἀκίνητον,

47 2466 80 2491 ἶνα
97 2468 124 2494 ἓν
137 2468 254 2503 γένηται
279 2469 334 2495 τῶν
347 2468 478 2503 Μηδικῶν
494 2468 671 2504 διηγημάτων
684 2469 700 2503 ἡ
717 2469 795 2500 πόλις
809 2469 824 2504 ἡ

51 2510 203 2547 Ἀθηναίων.
218 2513 410 2549 Φοὸερώτερος
423 2514 451 2541 δὲ
463 2514 514 2549 τῆς
528 2515 622 2550 φήμης
642 2514 689 2541 ἐπὶ
707 2514 757 2549 τῆς
767 2514 827 2540 πει-

888 2418 1056 2452 t-xperientia
1069 2418 1226 2454 didicimus,
1241 2429 1311 2449 nunc
1326 2422 1354 2449 in
1371 2423 1557 2452 continentem
1573 2431 1671 2453 terram

880 2463 1002 2491 miranda
1015 2464 1059 2491 illa
1071 2464 1202 2497 facinora,
1216 2475 1286 2493 nunc
1296 2468 1320 2493 in
1336 2475 1411 2495 mare
1426 2470 1568 2504 grandium
1583 2479 1672 2499 rerum

881 2517 995 2539 conatus
1011 2517 1072 2541 tuos
1089 2513 1268 2547 transferens,
1281 2521 1306 2542 ct
1317 2523 1388 2555 nunc
1399 2517 1508 2552 quidem
1524 2518 1549 2545 in
1565 2519 1672 2546 llumiua

662 2583 781 2611 VARl/E
808 2582 1010 2610 LECTIONES.

74 2636 104 2677 "_
122 2639 292 2677 γαννῦμενον
323 2640 388 2677 Bg.
427 2641 451 2658 "
477 2641 603 2674 τοιαύτας
629 2643 650 2669 Α
678 2651 685 2670 :

47 2668 75 2697 Βε
97 2668 252 2708 λελυσμένα
266 2683 298 2707 ς.

49 2705 66 2719 ⁵⁸
79 2706 116 2732 ὅτι
129 2707 159 2734 Β.
200 2710 225 2729 ιδ
239 2710 296 2734 ima

46 2746 92 2767 οιιι.
107 2742 136 2770 Β.

716 2642 851 2678 τοσαύτας
878 2651 909 2675 ς.
947 2641 969 2658 ⁵³
996 2643 1115 2678 χαιρήση
1143 2643 1176 2670 Λ.

1231 2643 1254 2660 ⁵ο
1274 2644 1476 2682 ⁸λελυμασμένα
1492 2646 1525 2679 Δ,
1538 2646 1672 2682 λελυμένα

351 2676 444 2716 ’ἐλεοῖς
456 2677 553 2716 ἀὐτοῖς
574 2678 681 2716 Alget}:
695 2678 791 2716 ἑαυτοζι
804 2677 1013 2716 Βεῗτῷμέαυτοῦ
1030 2686 1059 2709 ς.
1073 2676 1077 2678 ’
1089 2679 1119 2716 _“
1141 2678 1169 2716 δὲ
1194 2686 1250 2716 om.
1266 2678 1299 2716 ᾼ,
1318 2676 1378 2715 post
1396 2676 1523 2716 ῥήτορας
1538 2676 1612 2715 ponit
1641 2683 1670 2708 ll.

200 2710 225 2729 ⁵⁸
239 2710 311 2746 ὑμᾶς
337 2710 404 2740 ABG
421 2720 428 2739 :
452 2712 524 2747 ἡμᾶς
535 2721 567 2745 ς.
601 2715 626 2732 ⁸⁵
638 2713 690 2742 μὲν
704 2721 759 2742 οιιι.
771 2714 805 2740 Δ.
842 2713 865 2730 ⁸⁸
934 2713 1027 2748 πέμπε
1043 2712 1099 2748 μοι]
1113 2714 1205 2749 πέμπε
1220 2715 1258 2750 μὴ
1274 2710 1304 2742 Β.
1318 2710 1326 2715 ’
1343 2716 1365 2732 ⁵⁷
1375 2710 1546 2751 οὖρανῶν-Βξ

1583 2717 1605 2733 ιιι
1624 2720 1671 2753 σῆς

799 2780 917 2810 NOTAE.

74 2832 278 2866 (58Huveualls
314 2835 373 2864 Sat.
390 2845 417 2869 ι,
434 2844 504 2865 vers.
524 2837 575 2865 12:

76 2869 110 2908 id
121 2877 246 2908 generum
256 2870 358 2898 Cereris
370 2872 426 2908 sine
438 2873 508 2900 cwde
518 2878 542 2899 et
554 2873 658 2902 uulnere
669 2875 747 2908 pauci

77 2901 239 2932 Descendunt
254 2913 338 2941 roger,
352 2913 377 2935 el
389 2907 459 2935 sicca
478 2913 561 2936 morte
576 2901 692 2944 tyrann'i.

932 2841 988 2876 (39)
1007 2841 1117 2870 Persius
1138 2853 1143 2869 :

940 2876 1066 2912 Mugislcr
1086 2879 1152 2905 artis
1176 2879 1324 2914 ingeniique
1347 2879 1461 2915 largitor
1477 2886 1569 2908 venter.
