1919 3096
67 120 133 153 i333

582 120 845 154 BIBLIOTHECA.
865 135 899 140 -
912 122 994 154 COD.
1014 121 1165 153 CCXLIII.

1634 118 1702 151 1334

64 176 271 210 ἀεύγγνωστον,
282 176 347 205 ὅταν
359 176 406 204 καὶ
418 177 562 214 λήμματος
577 178 659 214 [1100
672 178 718 215 lt]
731 179 859 206 ἀλλάττε-

915 179 992 214 igitur
1017 187 1069 206 non
1093 179 1128 206 sit
1146 177 1287 206 terendum
1310 177 1350 206 eis
1375 177 1420 213 qui
1443 180 1602 212 peccarunt,
1618 178 1701 205 etiam

66 222 125 249 σθαι
145 222 199 257 τὴν
227 222 334 255 ἀδοξίαν
348 223 526 259 φαινώμεθα;
544 224 575 251 Εἰ
589 224 618 251 δέ
628 233 670 257 τις
685 225 739 252 τῶν
749 225 860 261 συμμά-

64 277 118 303 χων
137 269 191 302 τῆς
211 268 315 301 πόλεως
341 269 447 305 δωρεὰν
460 269 535 305 παρὰ
559 269 691 305 βασιλέως
714 270 860 305 δεξάμενος

64 315 138 340 λύειν
167 315 309 350 ἐπεχείρει
332 315 363 342 τὸ
380 316 467 351 δόγμα
487 317 538 352 τῆς
565 316 700 352 πόλεωςῆ
715 316 860 344 καταλύειν

64 358 111 393 τὴν
144 360 308 395 συμμαχίαν
334 360 495 396 ἐτόλμησεν,
516 359 561 396 ἆρ’
587 361 682 388 οὐκᾶν
705 361 860 397 ὠργίσθητε

65 404 111 430 καὶ
120 405 204 440 δίκην
218 406 381 441 ἀπῃτήσατε
396 407 472 442 παρά
484 407 538 434 ἰὦν
553 408 676 442 ἀναιρεῖν
689 407 860 443 ἐπιχειρούν-

64 459 116 477 των
138 451 157 478 ἃ
175 452 354 487 κεκυρὼκατε
366 461 373 486 ;
386 452 441 487 ἐγὼ
461 453 511 489 μὲν
531 454 652 489 ἀκριϐῶς
671 452 747 489 οἶμαι
759 453 791 481 ⁷⁸.
804 451 860 480 Εἶθ’

65 495 170 530 ἑτέροις
179 496 214 523 ἄν
228 505 254 523 τι
265 497 344 524 λῦσαι
357 497 411 524 τῶν
422 498 563 534 ὑμετέρων
577 499 607 525 οὐ
622 499 860 534 συγχωρήσαντες,

66 541 140 567 αὐτοὶ
160 542 244 569 τοῦτο
262 542 403 574 ποιοῦντες
414 543 588 579 ὀφθήσεσθε;
606 544 654 571 καὶ
673 542 766 579 ὲφ¹οἷς
779 545 860 572 ἄλλου

67 587 224 622 πράξαντος
245 589 295 615 οὐκ
307 589 340 616 ἂν
351 589 499 625 ἠνέσχεσθε
508 590 531 606 ⁷⁶
543 590 574 616 τὸ
592 589 630 626 μὴ
642 589 688 616 καὶ
715 590 792 622 δίκας
804 590 862 616 εισ-

66 634 237 670 πράξασθαι,
248 635 335 662 ταῦτα
348 636 457 668 ἑκόντες
467 636 544 663 αὐτοὶ
558 636 732 672 πλημμελεῖν
748 636 839 670 δόξετε
851 646 859 671 ;

66 681 110 705 καὶ
126 679 183 715 μὴν
211 679 318 707 ἅπαντα
346 682 395 716 μὲν
411 681 575 716 εὐλαϐητέον
593 682 758 717 ἐργάζεσθαι
770 683 803 709 τὰ
815 685 862 709 καὶ

65 726 127 752 ὅντα
141 727 254 762 πονηρά
277 727 325 754 καὶ
345 728 522 763 νομιζόμενα,
554 729 646 755 ἐκεῖνα
656 728 685 755 δὲ
704 729 806 763 πλεῖον,
823 726 861 757 ὧν

67 771 144 804 αὑτός
164 781 210 803 τις
238 772 345 806 φθάσας
371 773 556 808 κατέγνωκεν.
587 774 645 809 Ἐφ’
676 772 717 807 οἷς
743 775 798 811 γάρ
819 785 862 808 τις

66 817 231 851 ἀγανακτῶν
245 818 284 850 ὡς
302 818 416 853 φαύλοις
431 819 615 847 ἐπιδείκνυται
627 841 634 852 ,
650 820 716 856 [588
729 821 775 857 ΙΙ.]
789 822 813 848 εί
827 822 862 850 τὰ

913 225 1021 252 sublato
1032 224 1079 251 tali
1090 223 1218 256 crimine,
1233 222 1368 258 quomodo
1383 229 1437 250 non
1456 221 1535 249 simul
1548 221 1702 250 veniaindi-

913 272 957 306 gni
971 270 1120 303 videamur,
1139 269 1336 304 turpitudinem
1356 272 1464 295 mutare
1480 267 1566 294 luero.
1589 266 1617 294 Si
1640 266 1702 301 quis

913 323 979 344 vero
997 315 1213 342 commilitonum
1227 313 1307 348 hujus
1320 313 1396 340 urbis
1409 312 1488 340 donis
1506 320 1521 339 a
1540 319 1603 347 rege
1623 319 1702 339 acce-

915 362 980 397 ptis,
996 361 1117 388 civitatis
1139 360 1278 389 decretum
1301 359 1409 387 solvere
1428 359 1635 394 aggrederetur,
1659 358 1702 386 vel

913 409 1072 436 societatem
1084 407 1210 442 frangere
1224 408 1347 439 auderet,
1363 407 1484 441 nunquid
1499 406 1700 439 irasceremini,

913 458 940 481 et
956 461 1063 488 pinnam
1088 461 1102 480 a
1116 453 1221 481 solvere
1234 453 1389 480 volentibus
1404 460 1464 487 qua:
1479 452 1641 480 decrevistis
1655 459 1702 479 su-

914 498 1043 525 meretis?
1057 498 1154 533 361b
1179 497 1311 532 Equidem
1333 498 1444 525 omnino
1462 497 1561 525 sentio.
1575 498 1617 524 An
1637 504 1702 525 vero

915 551 977 571 cum
999 543 1060 571 aliis
1074 549 1165 571 vestra
1180 544 1288 572 decreta
1304 544 1431 579 frangere
1447 551 1499 571 non
1527 543 1701 578 permisistis,

915 589 966 617 hoc
981 597 1029 617 vos
1051 589 1149 618 fecisse
1177 590 1355 618 videbimini?
1371 590 1404 617 Et
1426 590 1452 618 in
1468 591 1568 625 quibus
1582 591 1636 618 alio
1659 590 1700 617 l'a-

915 635 1004 663 ciente
1017 635 1183 671 supplicium
1203 643 1256 663 non
1275 636 1450 669 omitteretis,
1475 636 1502 663 in
1520 636 1553 664 iis
1566 643 1613 663 vos
1629 635 1701 664 ultro

915 680 1076 716 delinquere
1094 681 1314 716 cognoscemini‘l
1335 681 1422 709 Porro
1444 686 1534 709 autem
1550 683 1701 709 cavendum

915 731 967 760 est,
985 735 1019 754 ne
1032 727 1136 761 omnia,
1154 732 1181 755 et
1196 735 1291 755 revera
1303 728 1386 760 mala,
1403 731 1430 756 et
1444 735 1505 763 quae
1522 728 1591 755 mala
1605 732 1702 764 putan-

916 776 960 799 tur
974 779 1097 807 agamus,
1114 780 1146 800 ea
1163 778 1256 800 autem
1273 773 1394 800 cavenda
1413 778 1478 800 sunt
1491 773 1577 807 magis
1589 774 1622 800 de
1639 774 1702 808 qui-

915 818 967 845 bus
983 817 1066 845 alium
1084 822 1163 845 antea
1179 818 1331 846 accusavit.
1348 818 1415 845 Nam
1428 818 1462 846 de
1470 819 1569 853 quibus
1582 819 1644 854 quis
1658 826 1703 846 se-

67 861 132 888 αὑτὰ
146 862 280 898 πράττων
292 864 445 898 ἁλίσκοιτο,
463 865 680 902 φιλαπεχθήμων
695 867 764 903 ὁμοῦ
773 867 797 884 ⁷⁷
811 869 859 895 καὶ

915 862 966 890 mel
988 867 1018 890 ut
1034 863 1112 892 malis
1131 868 1300 899 conquestus
1322 864 1408 893 fuisse
1431 865 1654 900 deprehenditur,
1675 870 1704 893 ct

67 907 194 943 πονηρὸς,
217 909 336 944 πονηρὸς
351 910 412 944 μὲν,
431 907 472 941 οἷς
485 910 502 938 ἆ
517 911 554 946 μὴ
570 911 623 946 χρὴ
638 912 768 947 πράττων
783 912 859 948 ἐλέγ-

66 959 151 985 χεται,
179 952 397 988 φιλαπεχθήμων
405 954 428 969 ⁷’¹
445 954 484 987 δὲ,
495 955 567 982 ὅτι⁷⁹
587 955 692 983 τούτων
711 956 775 989 τοὺς
790 957 860 992 πλη-

67 997 121 1023 σίον
143 998 251 1034 εἴργειν
265 998 352 1034 ζητεῖ,
366 999 385 1026 ἂ
401 1000 440 1036 τῷ
455 1000 527 1036 λόγῳ
546 1003 636 1037 μισεῖν
654 1003 860 1039 προσποιούμε-

67 1051 108 1076 vo;
118 1043 215 1080 ἔργοις
233 1045 410 1080 μεταδιώκων
426 1046 579 1074 ἁλίσκεται.

99 1134 170 1170 Λέγε
188 1143 235 1170 μοι
248 1135 282 1162 τὰ
297 1136 351 1162 τῶν
378 1137 542 1171 νομοθετῶν,
559 1139 585 1165 si
603 1138 704 1174 βούλει,
731 1139 858 1175 ῥήματα·

68 1181 176 1216 ἀρίθμει
198 1190 244 1217 μοι
261 1182 329 1217 μετὰ
342 1182 456 1217 τούτων,
472 1184 496 1210 εἰ
516 1184 614 1219 θέλεις,
643 1186 689 1212 καὶ
700 1186 734 1212 τὰ
747 1186 797 1220 τῆς
812 1187 861 1213 πά-

69 1227 132 1258 λεως
147 1228 272 1263 τρόπαια
280 1228 303 1244 ³⁸
315 1237 322 1245 ·
337 1229 438 1264 νόμους
447 1232 501 1266 γὰρ
517 1231 573 1266 ἐγὼ
582 1232 748 1267 πολεμικοὺς
761 1233 861 1268 ὀνομά-

69 1273 105 1305 ζω
117 1274 151 1300 τὰ
165 1276 219 1309 τῆς
234 1275 339 1307 πόλεως
351 1276 374 1292 ⁸¹
394 1268 606 1312 κατορθώματα.
622 1278 655 1304 Τί
667 1278 716 1305 νῦν
732 1279 760 1305 ὲν
776 1279 860 1306 ἅπασι

69 1319 168 1352 τούτοις
197 1320 425 1355 etiam-ﬁdunt;
443 1323 481 1358 μὴ
506 1323 668 1351 σπένδεσθαι
698 1324 857 1361 βαρϐάροις,

71 1368 154 1400 μισεῖν
170 1367 203 1394 τὸ
218 1368 296 1400 γένος
311 1369 349 1400 ὡς
361 1369 511 1404 ἀλιτήριον,
527 1370 706 1398 ἀδιάλλακτον
734 1373 862 1407 ἡγεῖσθαι

70 1411 111 1438 τὸν
125 1413 196 1447 πρὸς
217 1413 350 1450 ἀλλήλους
367 1414 497 1451 πόλεμον.
521 1416 577 1443 Καὶ
591 1417 653 1451 μάλ’
669 1417 796 1450 εἰκότως·
814 1420 862 1452 οὓς

71 1459 121 1494 γὰρ
133 1461 166 1495 τῇ
183 1460 266 1494 φύσει
292 1461 438 1496 πολεμίους
457 1462 593 1497 ἐνόμιζον,
612 1464 689 1499 παρὰ
703 1464 806 1492 τούτων
818 1465 861 1492 ἀεί

105 1506 193 1557 fam
225 1506 458 1557 προσδοκήσαντες
486 1508 562 1544 νόμῳ
575 1510 605 1536 τὺ
622 1510 659 1545 μὴ
672 1510 769 1538 παθεῖν
794 1513 861 1546 ἔφυ·
876 1528 898 1557 c

72 1550 189 1584 λὶξαντο,
209 1553 336 1587 μέγιστον
351 1551 421 1580 εἶναι
431 1554 481 1590 τῆς
495 1555 600 1587 πόλεως
611 1556 796 1592 φυλακτήριον
811 1558 861 1594 τὴν

73 1596 199 1624 ἀπιστίαν
229 1599 279 1634 τὴν
311 1599 379 1634 πρὸς
400 1600 500 1631 αὐτοὺς
531 1601 712 1636 ἡγησάμενοι.
742 1603 862 1631 Εὶώοασι

73 1642 122 1678 γὰρ
141 1644 164 1670 οξ
192 1644 308 1679 πονηροὶ
334 1644 390 1671 τῶν
421 1645 574 1681 ἀνθρώπων
602 1648 650 1674 καὶ
670 1648 737 1684 πρὸς
766 1649 862 1676 πλεον-

74 1688 141 1721 εξίαν
186 1689 224 1716 τὰ
264 1690 355 1717 πάντα
409 1690 556 1726 βλέποντες
595 1692 709 1720 πλείονα
753 1694 862 1730 κερδαί-

74 1743 124 1761 νειν
138 1736 185 1762 ἐπὶ
205 1736 297 1770 φιλίας
314 1738 490 1773 προσχήματι
504 1739 558 1766 τῶν
578 1739 622 1766 ὅτε
637 1740 762 1776 φανερῶς
787 1741 864 1777 ὠμο-

75 1779 164 1815 ὶόγουν
183 1782 230 1809 τδν
242 1783 305 1809 πόλε
311 1792 370 1819 μον.
383 1784 556 1821 Ψηφίσματα
575 1787 629 1822 γὰρ
647 1787 795 1823 Ἀθηναίων
807 1788 864 1822 ἐγὼ

77 1828 145 1855 καλῶ
163 1829 199 1856 τὰ
212 1829 260 1856 τοῦ
291 1829 364 1856 θείου
393 1831 494 1857 Πυθίου
524 1832 714 1868 μαντεύματα.
731 1834 862 1869 Πολέμιος

76 1874 207 1911 ὁΠέρσης
218 1876 248 1902 οὐ
264 1876 325 1902 καθ’
340 1876 388 1903 ἕνα
404 1877 500 1912 καιρὸν
517 1878 577 1905 οὐδὲ
594 1879 701 1914 χρόνον,
723 1880 783 1906 οὐδὲ
798 1881 863 1916 παρ’

77 1921 156 1956 αὐτὴν
175 1922 260 1958 μόνην
289 1923 338 1958 τὴν
355 1923 403 1950 τοῦ
427 1924 546 1959 πολέμου
569 1925 732 1961 καταϐολὴν,
749 1926 806 1952 ἀλλ’
824 1927 864 1958 εἰς

78 1966 160 1993 πάντα
174 1967 221 1994 τὸν
236 1968 294 2003 βίον
306 1968 355 2004 τῆς
373 1968 487 2001 πόλεως.
500 1969 536 1996 Οὺ
555 1970 609 2005 γὰρ
626 1970 764 2002 Πλαταιὰς
781 1971 865 2006 μόνας

78 2013 240 2048 κατέσκαψε,
258 2015 305 2040 καὶ
320 2014 406 2049 δῆμον
421 2015 462 2046 εἰς
477 2015 541 2047 τοὺς
557 2015 627 2051 ὑπὲρ
646 2016 696 2052 τῆς
709 2016 865 2052 ἐλευθερίας

78 2058 208 2095 πολέμους
237 2060 401 2096 αὐτόκλητον
426 2061 556 2096 ἐποίησεν
588 2062 695 2089 ἄπολιν.
714 2063 752 2088 οὺ
774 2063 829 2098 γὰρ
847 2063 865 2090 ἃ

79 2106 192 2133 πέπονθε
223 2106 359 2141 βασιλεὺς,
389 2107 477 2134 ταῦτα
501 2107 736 2143 διαλογιζομένους
762 2110 866 2137 ἐκεῖνον

79 2152 255 2179 ἀπαλλάττειν
272 2154 321 2188 τῆς
337 2153 468 2188 μέμψεως
484 2154 525 2181 δεῖ
534 2154 567 2187 ⁸³,
585 2154 643 2180 ἀλλ’
661 2154 733 2190 ἅπερ
748 2155 781 2182 ἂν
797 2164 865 2190 κρα-

912 907 1010 936 iterum
1033 910 1129 937 eadem
1155 909 1247 938 facere
1267 910 1451 944 convincitur,
1468 915 1495 938 et
1512 911 1649 945 inimicus,
1674 915 1703 939 et

912 955 1062 983 sceleratus
1075 959 1117 983 est
1133 964 1141 983 :
1154 955 1305 983 sceleratus
1318 956 1427 991 quidem
1440 964 1471 984 ea
1489 957 1625 990 faciendo,
1642 966 1703 993 qua:

913 1003 1002 1031 facere
1017 1011 1070 1031 non
1083 1004 1249 1039 oportebat:
1266 1004 1394 1032 inimicus
1415 1012 1490 1038 vero,
1511 1013 1574 1033 cum
1592 1006 1625 1033 iis
1641 1006 1702 1034 illos

912 1050 1057 1084 prohibere
1069 1050 1177 1083 nititur,
1193 1057 1264 1084 quae,
1276 1050 1341 1078 licet
1356 1051 1440 1078 verbo
1455 1051 1547 1080 odisse
1560 1057 1700 1087 appareat,

911 1096 1038 1130 operibus
1049 1100 1138 1123 tamen
1153 1095 1266 1130 diligere
1283 1096 1416 1123 videatur.

949 1141 1006 1172 Dic,
1022 1141 1043 1168 si
1060 1141 1136 1173 libet,
1153 1140 1336 1175 legislatorum
1350 1142 1444 1175 verba,
1454 1149 1566 1170 numera
1593 1142 1702 1174 deinde,

912 1186 934 1214 si
952 1186 1058 1221 cupias,
1081 1186 1202 1213 civitatis
1226 1187 1356 1221 trophaeo.
1374 1186 1442 1214 Nam
1466 1188 1557 1215 omnia
1580 1189 1702 1217 civitatis

912 1231 1033 1258 facinora
1054 1232 1123 1258 bene
1139 1236 1216 1266 gesta
1250 1232 1382 1259 militares
1404 1232 1478 1267 leges
1497 1234 1612 1267 appello.
1633 1234 1703 1267 Quid

910 1277 966 1312 jam
978 1277 1104 1304 omnibus
1124 1277 1166 1304 his
1187 1277 1314 1305 eli'ectum
1332 1277 1392 1305 est?
1405 1286 1457 1306 non
1474 1279 1575 1314 pacisci
1597 1280 1703 1307 scilicet

912 1331 973 1352 eum
989 1323 1128 1357 Barbaris,
1144 1329 1253 1359 gentem
1270 1324 1391 1352 alienam
1408 1326 1558 1358 exsecrari,
1574 1326 1704 1361 implaca-

912 1370 967 1398 bile
981 1370 1080 1397 bellum
1097 1377 1158 1397 cum
1175 1370 1302 1397 hostibus
1320 1369 1484 1398 existimare
1498 1379 1506 1398 :
1522 1375 1549 1398 et
1564 1379 1630 1399 sane
1646 1379 1705 1399 me-

912 1417 976 1444 rito.
991 1416 1065 1450 Quos
1082 1416 1155 1443 enim
1170 1416 1310 1444 naturales
1326 1416 1420 1444 hostes
1435 1417 1652 1452 arbitrabantur,
1669 1419 1705 1446 ab

912 1463 956 1491 his
976 1462 1078 1498 aliquid
1101 1462 1257 1490 detrimenti
1280 1470 1390 1498 semper
1417 1468 1622 1498 exspectantes,
1645 1463 1705 1499 lege

914 1509 1108 1541 cohibuerunt,
1133 1516 1166 1536 ne
1189 1508 1252 1543 quid
1277 1508 1338 1535 ntali
1355 1512 1527 1543 paterentur,
1554 1509 1704 1537 maximum

915 1555 991 1582 urbis
1004 1554 1160 1589 praesidium
1184 1561 1277 1581 eorum
1294 1554 1489 1583 inﬁdelitatem
1504 1555 1704 1584 existimantes.

915 1601 1007 1628 Solent
1027 1600 1100 1627 enim
1111 1600 1238 1628 scelerati
1253 1601 1391 1634 homines,
1407 1606 1435 1628 et
1450 1601 1528 1630 luero
1545 1602 1629 1630 dediti
1643 1610 1705 1638 spe-

914 1648 956 1675 cie
976 1646 1106 1674 amicitize
1122 1646 1223 1674 lucrari
1237 1646 1325 1681 plura,
1341 1654 1423 1681 quam
1444 1651 1508 1675 tunc
1527 1654 1589 1675 cum
1611 1653 1705 1683 aperte

913 1693 1013 1721 bellum
1039 1692 1212 1720 denuntiant.
1236 1692 1448 1720 Atheniensium
1473 1697 1578 1720 statuta
1606 1693 1703 1730 Pythia

914 1739 1023 1767 oracula
1046 1746 1183 1774 nuncupo.
1200 1739 1284 1766 Persa
1302 1745 1354 1766 non
1371 1746 1425 1766 uno
1451 1743 1573 1774 tempore
1588 1744 1635 1766 aut
1651 1747 1706 1767 uno

915 1790 1063 1819 momento,
1089 1793 1176 1820 neque
1201 1785 1252 1813 hoc
1273 1785 1354 1813 modo
1379 1784 1442 1812 belli
1466 1791 1590 1821 tempore
1612 1786 1699 1813 hostis

915 1837 1018 1866 noster,
1039 1832 1087 1860 sed
1106 1832 1179 1860 omni
1200 1832 1276 1859 urbis
1292 1836 1393 1859 nostra:
1415 1832 1484 1864 vita,
1508 1840 1562 1859 non
1591 1832 1705 1860 Plataeas

915 1879 994 1906 modo
1007 1878 1136 1910 diruit,et
1149 1877 1280 1913 populum
1298 1877 1370 1905 ultro
1383 1877 1417 1904 ad
1431 1877 1530 1904 bellum
1547 1885 1597 1912 pro
1621 1877 1704 1905 liber-

916 1930 971 1953 tate
985 1929 1142 1960 susceptum
1157 1923 1363 1951 exterminavit.
1382 1923 1440 1951 Non
1453 1924 1525 1951 enim
1541 1924 1597 1952 haec
1613 1924 1705 1952 animo

915 1971 1066 2003 volventes,
1092 1978 1153 2005 qua:
1167 1977 1214 1997 rex
1237 1970 1353 1997 adversa
1370 1969 1475 2002 habuit,
1492 1969 1568 1996 illum
1589 1970 1705 1998 crimine

916 2017 1033 2044 liberare
1045 2016 1184 2048 debemus,
1198 2015 1244 2043 sed
1257 2022 1289 2043 ea
1303 2019 1470 2049 reputantes,
1483 2023 1544 2050 quae
1559 2015 1646 2043 victor
1663 2015 1705 2043 fe-

916 2064 998 2092 cisset
1009 2063 1132 2090 eamdem
1151 2062 1190 2089 illi
1213 2068 1321 2097 ptenam
1338 2061 1462 2096 irrogare
1475 2066 1594 2096 oportet.
1610 2062 1706 2096 Neque

913 2109 1016 2144 justum
1029 2113 1070 2136 est
1083 2108 1178 2135 eadem
1202 2115 1251 2135 nos
1267 2108 1384 2135 victores
1395 2108 1515 2142 perpeti,
1529 2115 1590 2142 qua:
1603 2107 1638 2134 ab
1654 2108 1704 2134 iis-

916 2155 978 2182 dem
998 2155 1063 2182 victi
1086 2153 1275 2182 subiissemus.
1295 2153 1345 2181 Ilic
1362 2161 1428 2181 vero
1441 2154 1531 2180 statim
1556 2158 1703 2188 antequam

78 2198 156 2233 τήσας
172 2198 297 2234 ἔδρασεν,
313 2200 342 2225 ὲν
353 2198 391 2234 νῷ
405 2199 551 2232 λαϐόντας,
566 2201 659 2227 πᾶσαν
672 2200 738 2232 ἴσως
753 2200 775 2216 ³³
788 2201 862 2236 νομί-

918 2202 1010 2230 hostes
1028 2200 1197 2232 inducerent,
1218 2207 1233 2227 a
1245 2200 1345 2235 quibus
1359 2200 1540 2228 circumventi
1556 2204 1652 2232 erant;
1665 2200 1704 2227 ir-

80 2243 220 2279 ζεινδζκην
245 2245 293 2280 τῆς
323 2244 400 2276 ἀξίας
426 2244 597 2279 κομίζεσθαι.
625 2246 692 2272 Οὐδὲ
711 2246 815 2273 δίκαιον
830 2247 864 2274 τὰ

80 2291 143 2318 αὐτὰ
158 2291 197 2326 μὴ
214 2291 311 2326 δρᾶσαι
331 2292 532 2326 κρατήσαντας,
549 2291 621 2326 ἅπερ
635 2292 798 2327 ἡττηθέντες
812 2293 864 2320 ὑπὸ

79 2336 128 2363 τῶν
153 2337 363 2372 κεκρατηκότων
390 2336 423 2364 ἂν
455 2337 603 2372 ἐπάθομεν.
637 2337 667 2364 '0
699 2338 764 2373 γὰρ,
794 2339 860 2373 πρὶν

80 2383 230 2418 ἀνενεγκεῖν
256 2382 334 2415 αὖθις
350 2383 412 2415 τοὺς
427 2383 567 2415 ἐναντίους
583 2384 630 2418 ἀφ’
645 2381 682 2410 ὧν
694 2385 862 2420 ἐσφάλησαν,

81 2429 189 2462 ἐπεξιὼν
219 2431 267 2458 καὶ
297 2430 503 2466 τιμωρούμενος
531 2430 591 2457 οὐδὲ
624 2431 736 2462 ἐκείνοις
755 2431 865 2466 ,καιρὸν

81 2476 123 2502 ἐπὶ
132 2476 154 2492 ⁸⁸
167 2477 217 2512 τῆς
238 2475 345 2511 ἀμύνης
364 2476 496 2508 ἐνδίδωσι,
515 2476 562 2503 καὶ
576 2477 666 2503 πᾶσαν
682 2477 771 2512 ὲαυτῴ
795 2484 865 2513 προ-

83 2520 147 2553 ξενεί
172 2522 220 2549 τοῦ
247 2523 312 2557 μήτι
328 2521 426 2549 παθεῖν
450 2522 610 2556 ἀσφάλειαν,
626 2520 666 2555 οἷς
684 2523 755 2550 κατὰ
773 2523 867 2559 καιρὸν

83 2566 206 2601 ἐπέξεισι,
222 2569 325 2600 τούτοις
338 2568 516 2604 περιγράφων
529 2568 638 2596 ἃπασαν
654 2569 703 2605 τὴν
719 2569 748 2595 ὲν
763 2569 869 2605 ὑστέρῳ

84 2614 153 2648 παρὰ
166 2614 221 2641 τῶν
242 2614 430 2641 πεπονθόντων
445 2614 577 2642 ἐπίδοσιν.
593 2615 646 2642 Καί
662 2623 740 2649 φασι·
756 2616 866 2652 Δωρεὰς

84 2659 206 2697 τῷδήμῳ
234 2661 359 2697 βασιλεὺς
388 2662 529 2697 πέπομφε.
556 2661 692 2698 Κυρσίλου
717 2671 762 2698 μοι
776 2663 866 2697 λέγεις

918 2254 1055 2282 rumpens,
1077 2251 1104 2273 et
1125 2246 1271 2273 vindictam
1284 2246 1415 2281 exigens,
1429 2253 1517 2280 neque
1532 2251 1638 2280 tempus
1655 2245 1705 2273 de-

918 2292 1045 2320 iendendi
1058 2292 1100 2319 sui
1112 2291 1210 2327 362a
1225 2292 1280 2319 illis
1301 2290 1384 2324 dedit,
1399 2296 1426 2319 et
1441 2299 1566 2326 magnam
1589 2291 1652 2324 sibi,
1671 2299 1706 2320 ne

917 2336 980 2372 quid
994 2341 1143 2370 pateretur,
1159 2336 1336 2363 securitatem
1348 2336 1448 2368 attulit,
1461 2341 1488 2363 et
1501 2337 1601 2371 quibus
1620 2336 1706 2364 semel

917 2382 1024 2416 irrupit,
1044 2382 1086 2409 his
1102 2382 1129 2408 in
1148 2386 1287 2417 posterum
1306 2389 1322 2409 a
1342 2382 1422 2410 victis
1437 2390 1546 2410 omnem
1571 2383 1707 2410 accessio-

916 2435 979 2456 nem
993 2427 1220 2462 circumscripsit.
1237 2427 1323 2460 Dona,
1347 2427 1485 2462 inquiunt,
1512 2428 1611 2463 populo
1632 2428 1708 2456 misit

918 2483 974 2503 rex.
991 2474 1089 2510 Cyrsili
1111 2473 1177 2500 mihi
1195 2474 1276 2500 verba
1301 2473 1381 2505 dicis,
1406 2478 1433 2501 et
1452 2474 1516 2501 mali
1535 2474 1623 2501 nuntii
1641 2482 1706 2502 suc-

915 2528 1047 2549 cessores.
1064 2519 1097 2547 Et
1111 2520 1167 2547 haec
1184 2526 1266 2546 ausus
1278 2527 1309 2546 es
1322 2519 1437 2547 Athenis
1449 2519 1550 2553 dicere,
1565 2520 1610 2547 ubi
1621 2524 1649 2547 et
1662 2519 1705 2546 al-

916 2574 1002 2595 terum
1030 2567 1055 2594 id
1079 2565 1155 2601 prius
1172 2565 1311 2593 dicentem
1337 2566 1525 2600 sepelivimus.
1549 2566 1616 2593 Cum
1640 2572 1705 2593 vero

919 2614 1076 2649 ignoremus
1095 2619 1149 2646 quo
1170 2612 1249 2639 modo
1266 2611 1372 2639 navalis
1391 2619 1482 2647 pugna
1495 2611 1642 2647 iudicanda
1657 2612 1703 2644 sit,

919 2669 972 2689 non
985 2667 1052 2688 sane
1062 2658 1205 2686 honestum
1219 2663 1273 2692 est,
1284 2659 1319 2686 ob
1337 2665 1398 2694 quae
1412 2658 1502 2686 studia
1515 2658 1617 2686 laudati
1629 2657 1704 2684 vide-

715 2727 832 2756 VARL‘E
853 2727 1059 2759 LECTIONES.

86 2806 111 2835 ὃς
125 2808 153 2835 Β.

89 2827 110 2837 ’τι
127 2827 153 2835 ll-
249 2827 371 2845 I‘JVIMEW.
451 2827 479 2837 nu

89 2847 135 2871 tius
150 2845 290 2882 scripseris
303 2845 364 2873 οὒτε
379 2861 411 2867 -
429 2846 479 2873 ἔτι.

115 2771 303 2812 ⁷ξοῐμαξιίιηρ
315 2772 385 2803 οἴδα.
411 2774 446 2812 77'
459 2775 492 2812 ἂν
506 2775 689 2812 magno”
714 2775 881 2812 [ἀνείχεσθε
900 2785 931 2808 ς.
969 2774 1002 2812 Α⁷⁷
1032 2774 1112 2810 ὁμοῦ.
1150 2774 1176 2812 ⁷¹ξ
1194 2773 1497 2812 φιλαπεχθήμων-14)φᾷ
1526 2770 1558 2799 Α.

204 2804 371 2854 ⁸⁰’τρότιαια.
410 2811 439 2854 ’1'
448 2804 552 2844 πόλεως
573 2804 634 2840 ἶνιιι.
651 2811 684 2838 Δ.
732 2811 755 2827 ⁸³
771 2804 888 2839 δεῗΑΒυ
905 2804 916 2835 ἶ
930 2810 983 2847 χρὴ
996 2819 1025 2843 τ.
1050 2804 1088 2827 ’⁸³
1101 2804 1271 2854 iamdiu-alim
1285 2804 1370 2844 ήττῶ.
1408 2808 1430 2825 ³⁵
1444 2807 1503 2834 οὐδὲ
1515 2821 1549 2826 -
1560 2804 1617 2841 ἐπὶ]
1646 2813 1706 2833 rec-

1613 2770 1636 2787 "
1651 2768 1703 2804 ὅτι]
