1919 3096
221 140 288 174 1335

780 142 911 173 ΡΗΟΤΙΙ
928 142 1181 174 ΡΑΤΒΙΑΗΟΗΕ
1199 143 1254 174 CP.

1771 145 1843 178 1336

217 206 290 231 mur,
305 201 333 225 et
354 197 382 224 in
397 196 495 231 quibus
511 196 566 224 nali
581 203 685 228 sumus,
698 195 753 231 jam
771 203 802 223 ea
815 196 868 224 hoc
881 196 991 223 consilic

1050 196 1170 230 ῥήματα,
1199 197 1246 224 καὶ
1265 197 1385 232 πονηρᾶς
1400 194 1427 224 εἷ
1439 197 1610 234 δημηγορίας
1638 197 1770 234 διάδοχος,
1794 201 1842 226 καὶ

216 244 385 272 oblitterare.
404 243 470 270 Nam
480 242 578 277 quibus
597 242 675 270 initio
692 242 791 277 exigua
808 242 917 269 virtutis
932 249 997 269 cura

216 294 274 322 est,
300 297 352 317 non
375 296 470 324 magna
491 289 532 316 his
549 289 726 324 pereuntibus
741 289 850 324 jactura
870 288 900 315 ﬁt
915 297 921 314 :
936 289 998 322 qui-

217 336 267 363 bus
280 342 344 362 vero
361 335 468 362 virtutis
484 339 558 362 tanta
579 341 611 362 ac
625 335 688 362 talia
702 339 804 362 statuta
829 339 893 362 sunt
907 342 999 362 exem-

215 382 269 417 pla,
281 383 303 409 si
317 382 433 416 priorem
445 381 558 417 gloriam
572 382 771 416 posterioribus
786 382 939 409 actionibus
953 388 997 408 re-

216 428 341 462 pudiasse
359 432 516 461 arguantur.
540 427 641 454 Omnes
655 427 726 454 enim
747 427 813 454 mihi
828 426 912 454 Xerxi
936 434 1000 461 pro-

216 472 372 508 pinquiores
390 472 424 499 ob
442 479 553 499 munera
565 476 592 498 et
606 472 749 500 beneﬁcia.
766 472 859 506 Atque
875 472 959 504 etiam
973 473 996 499 si

215 519 299 554 gratis
316 519 415 546 donum
426 518 557 550 dedisset,
571 521 644 545 esset
659 517 771 545 forsitan
786 517 859 552 justa
871 518 993 552 quaedam

215 570 296 591 causa
324 563 357 590 iis
379 563 424 598 qni
447 563 503 598 regi
528 563 747 598 patrocinantur,
770 569 925 597 quanquam
944 562 995 589 hoc

215 615 302 643 neque
324 607 533 638 Atheniensibus
550 607 659 641 dignum
679 607 725 634 sit.
750 606 778 634 Si
796 607 995 634 remuneratio-

215 659 275 680 nem
285 653 318 680 ab
336 653 403 680 urbe
418 656 502 686 petat,
521 650 694 678 manifestum
719 658 784 678 sane
798 656 840 678 est
859 651 926 678 nihil
941 650 995 678 uti-

214 707 266 734 que
278 699 364 733 gratis
377 698 493 730 dedisse,
507 697 617 732 quando
631 704 680 732 pro
693 697 725 724 iis
741 696 851 731 rependi
866 696 918 723 sibi
933 703 996 723 mu-

214 750 288 772 tuum
306 744 409 779 cupiat.
424 743 452 772 Si
469 751 533 771 vero
546 744 580 771 ab
590 750 623 771 eo
636 742 799 778 simpliciter
809 743 928 770 donante
941 750 992 769 non

213 794 255 818 est
269 797 375 825 aequum
391 789 526 824 accipere,
539 794 639 824 quanto
654 790 741 817 minus
754 797 803 824 par
820 793 871 822 est,
885 790 997 825 quando

213 843 266 863 non
288 835 404 870 gratuito
423 834 516 867 donat,
539 835 586 862 sed
607 835 835 862 remunerationis
860 835 995 869 ejusmodi

213 866 308 915 gratia,
323 887 375 915 qua
394 880 460 908 satis
473 884 598 913 testatur,
613 887 690 907 suum
706 880 773 907 velle
790 866 898 915 pensari
914 880 995 909 benc-
1010 866 1035 896 Β

213 928 313 957 ﬁcium.
333 927 454 963 Agedum
471 928 604 963 promissa
625 928 683 955 haec
703 928 854 955 videamus.
878 929 929 962 Ea,
953 929 995 956 iu-

211 974 278 1009 quit,
306 981 445 1009 reponam,
458 981 517 1009 quae
543 974 612 1001 bello
640 974 737 1009 dejeci.
758 974 898 1002 Hunccine
927 975 992 1002 mihi

212 1019 327 1048 bellandi
351 1024 511 1054 prmtexmm
528 1019 606 1052 dicis,
632 1025 660 1048 et
688 1027 784 1055 pugnae.
804 1021 896 1055 potius
915 1029 994 1056 quam

210 1065 322 1094 foederis
335 1070 466 1093 tesseram
480 1066 593 1100 profers,
609 1073 658 1094 nec
675 1067 752 1094 vides
769 1067 803 1094 iis
818 1067 917 1099 verbis,
936 1068 996 1102 qui-

210 1112 259 1139 bus
282 1111 338 1146 regi
365 1111 459 1138 urbem
483 1111 631 1139 conciliare
653 1111 758 1143 niteris,
779 1112 831 1139 nos'
844 1112 877 1139 ad
896 1112 994 1140 bellum

208 1158 295 1192 magis
314 1158 448 1185 excitari?
464 1157 486 1185 Ο
505 1165 585 1192 quam
600 1157 709 1186 diversa
729 1162 793 1185 sunt
810 1158 868 1185 haec
893 1158 992 1185 verba!

209 1203 376 1232 Perditorem
395 1205 519 1231 eumdem
533 1211 614 1232 vocas
635 1208 662 1231 et
684 1205 815 1236 amicum,
838 1204 996 1232 interfecto-

209 1256 264 1277 rem
280 1255 308 1277 et
321 1250 436 1282 socium;
451 1250 575 1277 eamdem
593 1249 658 1284 legis
671 1249 813 1283 epistolam
836 1249 940 1284 plenam
958 1249 996 1276 in-

206 1295 287 1330 juriis
308 1300 334 1322 et
360 1294 437 1322 donis
453 1315 460 1327 ,
481 1294 649 1329 permiscens
675 1301 748 1321 mere
768 1294 838 1320 mala
861 1298 888 1321 et
912 1294 993 1326 dona,

208 1340 357 1372 beneﬁcia,
380 1344 408 1368 et
436 1340 551 1373 damna,
573 1339 719 1373 Barbaros,
742 1344 768 1367 et
796 1339 914 1367 Grmcos.
939 1339 995 1367 Hoc

208 1387 299 1416 studes
308 1387 384 1414 urbis
399 1386 569 1414 commodum
585 1386 671 1413 videri
687 1393 820 1421 quaerere,
837 1386 884 1414 sed
904 1386 995 1414 verius

209 1435 284 1467 illud,
300 1441 360 1461 cum
375 1433 451 1461 urbis
461 1438 560 1461 nostra:
574 1433 680 1460 ruinam
691 1433 748 1467 regi
760 1432 870 1460 honoris
886 1432 993 1459 initium

209 1479 303 1507 facias.
313 1479 383 1512 Quid
394 1485 458 1513 ergo
467 1478 500 1505 ad
514 1478 637 1504 triremes
654 1484 705 1504 non
722 1477 856 1510 vadimus,
870 1477 917 1504 sed
931 1484 993 1505 sus—

1050 241 1135 268 ταῦτα
1160 242 1249 276 λέγειν
1259 243 1288 269 ἐν
1308 243 1433 279 Ἀθήναις
1449 243 1671 280 ἐπικεχείρηκας,
1690 244 1732 279 ἐφ’
1744 242 1786 276 οἷς
1800 247 1841 281 τῷ

1051 287 1207 323 προειπόντι
1234 290 1319 323 τάφον
1341 289 1510 324 ἐποιήσαμεν
1533 289 1579 316 τὺν
1603 290 1685 317 τόπον
1697 291 1740 325 ἐφ’
1754 287 1841 327 οὗπερ

1049 333 1169 368 εἱστήκει
1183 334 1378 369 φθεγγόμενος.
1387 335 1499 369 Ἀδήλου
1512 335 1541 362 δὲ
1552 335 1628 367 ὗντος
1642 336 1703 363 τίνα
1712 337 1839 372 τρόπονή

1050 379 1187 414 ναυμαχία
1195 379 1363 414 κριθήσεται,
1378 379 1408 406 οὐ
1418 380 1449 416 δὴ
1458 380 1548 413 καλὸν,
1559 380 1604 415 ἀφ’
1615 377 1653 407 ὦν
1664 381 1840 417 εὐδοκιμοῦν-

1049 433 1095 456 τες
1110 425 1260 460 φαινόμεθα
1271 427 1318 452 καὶ
1332 425 1392 461 μεθ’
1405 423 1443 453 ὧν
1454 426 1677 461 ἐπιτηδευμάτων
1683 426 1840 460 διαγεγὸνα-

1051 478 1112 505 μεν,
1127 470 1216 506 ἄκυρα
1247 472 1335 497 ποιεῖν
1355 471 1401 498 ἐπὶ
1413 472 1460 498 τοῦ
1490 471 1624 507 παρόντος
1651 471 1837 506 βουλεύεσθαι.

1050 514 1098 548 Οἷς
1112 516 1160 552 μὲν
1173 517 1227 552 γὰρ
1245 517 1274 550 ἐξ
1287 518 1375 552 ἀρχῆς
1395 517 1484 552 ὀλίγος
1511 518 1560 552 τῆς
1576 518 1678 554 ἀρετῆς
1694 519 1837 553 «SM-45m.

1049 563 1079 589 οὐ
1094 562 1180 596 μέγας
1186 562 1291 594 τούτοις
1301 563 1361 589 οὐδὲ
1373 563 1509 598 σφαλεῖσιν
1519 564 1533 590 ό
1544 564 1674 596 κίνδυνος·
1688 561 1730 596 οἷς
1742 565 1770 591 δὲ
1779 573 1839 591 τοσ-

1049 607 1120 635 αῦτα
1129 609 1175 635 καὶ
1190 609 1339 644 τηλικαῦτα
1353 610 1562 645 παραδείγματα
1579 609 1629 644 τῆς
1647 610 1749 646 ἀρετῆς
1760 611 1839 647 ἕστη-

1049 662 1092 686 κε,
1108 654 1149 686 τίς
1166 654 1314 690 συγγνώμη
1330 655 1406 690 παρὰ
1433 656 1490 686 τοῖς
1504 654 1614 687 ἔξωθεν,
1632 655 1661 681 ὲν
1676 656 1734 687 τοῖς
1747 655 1838 682 τελευ-

1049 699 1136 731 ταίοις
1153 698 1331 734 ἀφανίζοντες
1347 700 1396 736 τὴν
1407 699 1562 736 ἔμπροσθεν
1573 700 1651 734 δόξαν
1661 702 1814 738 ἐλέγχοιντο
1829 711 1837 735 ;

1050 745 1128 781 ["01
1146 745 1192 782 R.]
1224 746 1280 778 Πᾶς
1309 746 1362 781 γὰρ
1387 747 1449 781 ἐμοὶ
1467 747 1568 782 Ξέρξου
1594 748 1662 782 πρὸς
1673 748 1778 784 δωρεὰν
1791 748 1838 775 καὶ

1050 790 1130 826 χάριν
1139 790 1295 826 ὲγγύτερος,
1315 791 1376 817 Ἔτι
1392 791 1492 824 τοίνυν,
1508 792 1592 827 εἰμὲν
1607 794 1706 828 προῖκα
1723 795 1837 829 παρεῖχε

1050 836 1098 872 τὴν
1121 837 1224 872 δωρεὰν
1235 837 1268 869 ⁵⁸,
1286 834 1320 872 ἧν
1335 837 1367 864 ἀν
1377 845 1420 869 τις
1451 837 1529 872 λόγος
1557 837 1621 870 ῐσως
1647 840 1703 870 τοῖς
1730 838 1839 873 βασιλεῖ

1050 883 1112 920 [589
1124 883 1169 920 ΙΙ.]
1192 884 1403 919 συναγορεύουσι
1421 884 1443 900 ⁵⁷
1461 892 1467 899 ·
1489 884 1578 911 καίτοι
1606 893 1636 918 γε
1663 884 1724 911 οὐδὲ
1758 885 1839 911 τοῦτο

1047 930 1101 956 τῶν
1117 930 1265 966 Ἀθηναίων
1280 930 1364 962 ἀξιον.
1379 931 1410 957 Εἰ
1420 930 1441 956 δ’
1455 931 1579 958 ἀνταιτεῖ
1591 931 1672 966 χάριν
1697 930 1774 967 παρά
1787 931 1838 967 τῆς

1047 975 1160 1007 πόλεως.
1187 975 1297 1010 εὔδηλον
1320 975 1454 1011 δήπουθεν
1464 975 1503 1007 ὡς
1513 973 1554 1008 οἷς
1577 976 1643 1011 παρ’
1668 976 1748 1011 ἡμῶν
1775 976 1836 1003 ἀντ’

1047 1021 1159 1048 ἐκείνων
1171 1022 1262 1056 τυχεῖν
1282 1022 1442 1054 ἐσπούδασε,
1455 1024 1561 1054 τούτοις
1572 1022 1739 1049 ἐπιδείκνυσι
1752 1023 1837 1058 μηδὲν

1047 1067 1127 1098 αὐτὸς
1144 1067 1331 1102 χαριζόμενος.
1352 1068 1383 1094 Εἰ
1396 1068 1424 1094 δὲ
1438 1068 1530 1099 ἅπλῶς
1540 1068 1658 1100 διδόντος
1671 1068 1766 1095 λαϐεῖν
1785 1069 1836 1095 οὐκ

1046 1113 1166 1147 εὔλογον,
1183 1113 1241 1145 πῶς
1254 1114 1285 1139 οὐ
1304 1113 1396 1146 πλέον,
1408 1113 1452 1140 ὅτε
1469 1113 1537 1148 μηδὲ
1551 1115 1652 1148 προῖκα
1665 1114 1715 1149 τὴν
1730 1114 1836 1149 δωρεὰν

1046 1159 1103 1186 ἀλλ’
1121 1159 1164 1185 ἐπ’
1179 1159 1311 1186 ἀντιδόσει
1323 1158 1452 1196 τοσαύτῃ,
1501 1159 1548 1186 καὶ
1562 1160 1643 1191 αὐτὸς
1662 1159 1742 1192 δῆλός
1758 1161 1835 1187 ἐστιν

1045 1203 1063 1230 ἆ
1077 1204 1183 1230 δίδωσιν
1213 1203 1351 1239 ὁμολογῶν
1372 1204 1602 1238 ἀνταλλάξασθαι;
1630 1205 1699 1240 Φέρε
1721 1205 1754 1240 δὴ
1785 1206 1836 1232 καὶ

1046 1250 1130 1281 αὐτὰς
1145 1249 1194 1281 τὰς
1211 1250 1371 1284 ὑποσχέσεις
1384 1250 1558 1284 σκεψώμεθα.
1578 1251 1834 1286 ’Λντικατατ-τήσω.

1047 1295 1139 1330 φησὶν,
1169 1292 1210 1327 οἷς
1227 1294 1406 1330 ἐλυμηνάμην
1434 1295 1506 1322 κατὰ
1539 1296 1585 1322 τὸν
1598 1296 1727 1332 πόλεμον,
1743 1297 1837 1332 Δὺτήν

1047 1349 1091 1376 μοι
1121 1340 1209 1374 λέγεις
1237 1339 1284 1366 τοῦ
1298 1339 1416 1374 πολέμου
1432 1339 1480 1375 τὴν
1502 1340 1649 1375 πρόφασιν,
1671 1340 1720 1367 καὶ
1740 1340 1835 1376 μάχης

1048 1387 1146 1423 μᾶλλον
1160 1386 1177 1422 ἢ
1192 1386 1339 1420 διαλλαγῆς
1355 1394 1400 1421 μοι
1409 1385 1432 1402 ⁸⁸
1444 1386 1642 1420 ἀναγινώσκεις
1657 1386 1835 1422 συνθήματα,

1045 1432 1094 1459 καὶ
1108 1432 1248 1463 λανθάνεις
1261 1429 1300 1463 οἷς
1314 1431 1453 1463 διαλλάξαι
1468 1431 1572 1466 βασιλεῖ
1582 1431 1629 1466 τὴν
1643 1431 1721 1458 πόλιν
1731 1431 1835 1458 ἐσπού-

1044 1479 1139 1510 δακας,
1155 1478 1258 1510 τούτοις
1273 1478 1347 1513 ἡμᾶς
1363 1478 1477 1513 ἐγείρων
1494 1477 1573 1503 πλέον
1580 1477 1625 1504 ἐπὶ
1640 1478 1685 1504 τὸν
1701 1477 1836 1512 πόλεμον.

208 1526 327 1554 tinemus
361 1532 452 1559 regem
476 1524 570 1559 patriae
586 1524 692 1551 ruinam
708 1522 864 1550 aﬁerentem
876 1523 887 1550 ?
898 1523 950 1550 Sed
963 1528 990 1550 et

1044 1525 1076 1551 Ὠ
1094 1524 1148 1550 τῶν
1171 1523 1305 1558 ἀνομοίων
1328 1523 1468 1559 ῥημάτωνί
1483 1522 1611 1558 λυμεῶνα
1626 1531 1673 1557 μοι
1684 1523 1730 1549 τὸν
1749 1523 1836 1549 αὺτὲν

208 1570 348 1599 historiam
361 1575 479 1597 nostram
494 1568 599 1596 curiose
613 1568 716 1595 Xerxes
729 1567 862 1603 quaesivit,
875 1568 951 1604 quasi
965 1573 992 1595 et

208 1623 269 1643 cum
289 1615 364 1642 urbis
392 1614 533 1649 praeconiis
556 1613 655 1640 bellum
677 1618 864 1648 suscepturus.
893 1613 990 1649 3626

208 1662 297 1696 Quare
309 1662 332 1689 si
354 1661 388 1688 ab
406 1660 491 1688 altero
506 1660 644 1694 injuriam,
666 1660 700 1686 ab
722 1660 809 1687 altero
830 1661 989 1688 beneﬁcium

208 1706 372 1742 accepimus,
390 1705 467 1733 illum
485 1706 593 1740 quidem
611 1710 641 1732 ut
655 1705 759 1732 hostem
779 1710 907 1738 tractare,
917 1706 987 1733 hunc

208 1759 272 1779 vero
288 1756 316 1778 ut
340 1751 499 1779 beneficium
525 1750 694 1777 remunerari
719 1751 849 1785 oportuit.
871 1751 948 1784 Quod
968 1753 989 1779 si

208 1801 351 1831 utrumque
372 1797 442 1824 idem
467 1796 604 1831 przeslitit,
623 1801 712 1823 utrum
728 1796 807 1823 decet
829 1797 989 1825 beneﬁcium

207 1842 346 1870 attendere
357 1849 406 1876 pro
423 1842 457 1869 iis
474 1849 533 1876 quae
548 1841 690 1876 promittit,
714 1841 755 1868 vel
771 1842 892 1876 exigere,
909 1842 989 1877 cujus

207 1893 350 1916 accusatur
379 1887 484 1921 iniuria
500 1887 511 1913 ?
525 1886 654 1919 Quaenam
679 1891 756 1920 sunt,
780 1895 841 1923 quae
860 1888 903 1916 ille
926 1889 988 1917 la:sa

212 1935 280 1962 dicit
293 1935 305 1962 ἲ
320 1943 367 1969 per
391 1935 440 1962 has
454 1934 558 1961 litteras
571 1933 732 1961 beneﬁcium
749 1935 817 1963 dicis
830 1936 916 1970 gratia
933 1937 991 1971 pol-

207 1980 313 2012 licetur,
329 1979 449 2007 Athenas
474 1979 585 2006 omnino
601 1984 816 2007 restauraturum
833 1988 863 2008 se
883 1983 990 2016 signiﬁ-

206 2030 264 2058 cat;
278 2026 329 2053 hoc
345 2024 451 2052 scilicet
466 2024 580 2052 obscure
594 2024 706 2057 dicitur,
724 2025 786 2053 licet
798 2031 893 2061 aperte
907 2028 989 2055 verbo

206 2072 347 2100 nominare
364 2079 417 2098 non
432 2071 530 2098 audeat
547 2069 691 2103 :Atltemu,
710 2071 808 2106 inquit,
823 2075 987 2100 restaurabo.

205 2117 245 2144 Tu
262 2117 354 2144 urbem
370 2116 504 2144 Palladis?
515 2115 555 2143 Tu
570 2116 709 2144 civitatem
725 2118 834 2152 Thesei,
850 2124 875 2146 et
887 2119 989 2147 Cecro-

203 2164 264 2199 pis?
281 2165 381 2198 Deinde
397 2163 562 2192 Erichthonii
577 2170 605 2192 et
631 2165 777 2200 Cecropes,
793 2171 820 2193 et
834 2165 943 2198 Thesei,
961 2171 989 2194 et

1044 1569 1258 1608 προσαγορεύεις
1282 1569 1329 1595 καὶ
1351 1569 1438 1603 φίλον,
1456 1568 1603 1603 αὐτόχειρα
1632 1568 1679 1594 καὶ
1693 1567 1775 1594 πάλιν
1788 1567 1835 1594 ἕνα

1044 1616 1155 1644 σπονδον
1168 1615 1218 1650 τὴν
1245 1612 1330 1647 αὐτὴν
1345 1611 1542 1646 ἀναγινώσκεις
1564 1611 1709 1646 ἐπιστολὴν
1726 1612 1834 1646 μεστὴν

1042 1661 1216 1696 ἀδικημάτων
1232 1660 1279 1686 καὶ
1294 1658 1414 1694 δωρεῶν,
1432 1659 1528 1693 μιγνὺς
1544 1658 1578 1684 τὰ
1587 1658 1609 1674 ³⁸
1625 1658 1732 1692 ἄμικτα
1744 1657 1837 1692 πάθη,

1042 1706 1181 1745 [δωρεάς,]
1199 1706 1324 1741 χάριτας,
1339 1703 1491 1739 συμφορὰς,
1508 1703 1672 1738 βαρϐάρους,
1687 1703 1836 1739 ’Έλληνας⁸

1042 1755 1089 1782 καὶ
1101 1754 1140 1789 τῷ
1153 1753 1201 1788 μὲν
1215 1753 1302 1779 δοκεῖν
1326 1751 1488 1782 σπουδάζεις
1512 1750 1582 1784 ὑπὲρ
1598 1750 1647 1784 τῆς
1673 1749 1789 1782 πόλεως,
1801 1750 1836 1776 τὸ

1042 1801 1064 1827 δ’
1086 1800 1205 1834 ἀληθὲς,
1230 1797 1335 1833 βασιλεῖ
1359 1797 1447 1828 ποιεῖς
1472 1795 1629 1830 φιλοτιμίας
1656 1795 1786 1822 ὑπόθεσιν
1806 1795 1839 1822 τὸ

1043 1847 1144 1882 πτῶμα
1172 1847 1221 1880 τῆς
1245 1844 1358 1875 πόλεως.
1377 1842 1410 1868 Τί
1426 1840 1472 1868 οὖν
1494 1842 1545 1868 οὐκ
1570 1841 1616 1868 ἐπὶ
1635 1841 1685 1873 τὰς
1711 1841 1839 1877 τριήρεις

1043 1893 1145 1928 lite)”,
1164 1891 1222 1918 ἀλλ’
1247 1888 1403 1924 ἀνεχόμεθα
1417 1887 1603 1924 προφέροντος
1615 1888 1681 1923 ἡμῖν
1699 1887 1838 1922 βασιλέως

1040 1939 1089 1973 τὴν
1116 1937 1266 1973 πόρθησινς
1297 1934 1563 1970 ἐπολυπραγμόνησέ
1597 1943 1649 1969 μου
1678 1932 1784 1968 Ξέρξης
1799 1934 1837 1960 τὰ

1040 1984 1207 2019 διηγήματα,
1234 1982 1330 2015 ὥσπερ
1358 1981 1481 2012 καὶτοῖς
1514 1979 1662 2014 ἐγκωμίοις
1679 1978 1836 2013 πολεμῆσαι

1040 2030 1123 2057 θέλων
1145 2030 1194 2065 τῆς
1206 2029 1319 2060 πόλεως.
1333 2028 1364 2054 Εἰ
1380 2027 1430 2062 μὲν
1445 2024 1492 2054 οὖν
1509 2026 1680 2063 παρ’ἐτέρου
1697 2025 1747 2060 μὲν
1764 2023 1798 2060 ἦν
1809 2024 1833 2041 ’⁸

1039 2075 1070 2102 τὺ
1084 2075 1214 2110 ἀδίκημα,
1238 2074 1303 2109 παρ’
1321 2073 1415 2108 ἐτέρου
1427 2072 1484 2108 δὲὴ
1500 2072 1590 2107 χάρις,
1614 2071 1652 2106 τῷ
1676 2070 1727 2106 μὲν
1751 2069 1836 2105 ἐχρῆν

1039 2120 1076 2152 ὡς
1092 2120 1213 2154 πολεμίῳ
1230 2118 1360 2154 χρῆσθαι,
1387 2118 1432 2144 τὸν
1449 2117 1471 2143 δ’
1487 2117 1525 2148 ὡς
1540 2115 1688 2150 εὐεργέτην
1718 2115 1834 2149 ἀμείϐε-

1041 2165 1112 2192 σθαι.
1126 2166 1157 2192 El
1171 2164 1199 2191 δὲ
1210 2165 1254 2191 ὀν¹
1279 2163 1360 2195 αὐτὸς
1386 2162 1540 2198 ἀμφότερα,
1565 2161 1591 2187 τί
1607 2161 1706 2196 μᾶλλον
1734 2160 1834 2186 εἰδέναι

202 2209 282 2238 Codri
304 2210 539 2238 obscurabuntur?
562 2210 623 2239 Hinc
648 2211 738 2239 omnia
760 2211 864 2238 civitati
889 2212 989 2240 Xerxis

1044 2213 1122 2248 χάριν
1148 2210 1205 2238 ἀνθ’
1229 2208 1266 2237 ὦν
1297 2210 1468 2244 ὑπισχνεῖται
1497 2209 1636 2244 προσῆκεν
1657 2208 1673 2244 ἧ
1697 2207 1832 2242 τιμωρίαν

202 2255 357 2283 debebunt?
369 2256 570 2288 Conditor,dux
586 2256 705 2290 laudum,
718 2258 914 2292 prmconiorum
930 2267 987 2286 ma-

202 2300 289 2327 teria?
304 2300 353 2328 Hei
369 2301 435 2331 Inibi
459 2301 500 2328 his
514 2301 591 2329 malis
606 2302 612 2328 ί
629 2302 723 2329 Victus
735 2310 749 2330 a
768 2310 811 2330 me
823 2303 928 2331 Xerxes
946 2312 988 2331 ca-

201 2346 241 2382 pit
257 2346 363 2374 urbem.
382 2346 451 2379 Quid
468 2354 532 2375 vero
548 2352 576 2375 et
589 2353 695 2375 nosmet
712 2353 804 2376 contra
821 2349 929 2378 (ἔτιεοοε
940 2350 986 2385 ju-

201 2393 246 2419 bet
260 2393 399 2427 pugnare?
413 2392 471 2420 Non
482 2393 554 2421 enim
567 2402 673 2429 mquum
688 2402 736 2422 nos
751 2394 801 2427 illi,
818 2396 863 2430 qui
882 2397 984 2424 circum

200 2437 271 2465 hanc
287 2439 380 2466 urbem
391 2439 460 2466 mira
483 2440 538 2467 edit
550 2439 682 2473 facinora,
696 2449 748 2468 non
764 2441 858 2469 venire
872 2443 984 2476 auxilio;

199 2487 226 2509 et
252 2483 365 2517 merito;
386 2491 439 2512 non
462 2485 534 2512 enim
558 2490 613 2512 tum
640 2486 725 2513 aciem
751 2488 859 2522 dignam
884 2489 984 2516 erectis

200 2527 309 2562 tropaeis
325 2528 500 2557 instruamus.
521 2529 611 2558 Xerxe
623 2531 692 2559 duce
706 2532 802 2560 vicinis
820 2534 986 2562 nostrisbel-

198 2573 253 2600 lum
276 2573 435 2609 inferentes,
457 2581 569 2611 propter
582 2584 650 2612 quos
669 2578 742 2606 visus
757 2584 798 2606 est
819 2578 910 2607 Persis
929 2588 980 2607 non

199 2619 295 2653 victor,
311 2621 358 2647 sed
378 2626 506 2657 tanquam
522 2623 597 2651 exsul
617 2628 644 2650 et
663 2623 803 2660 fugitivus,
826 2626 868 2653 his
889 2627 982 2654 urbem

197 2665 324 2698 condere,
341 2671 367 2693 et
384 2666 426 2694 his
439 2667 600 2696 benefacere
614 2669 724 2703 cupiet?
743 2669 819 2702 Quod
838 2671 859 2698 si
876 2676 985 2706 putaret

1042 2259 1166 2286 ἀπαιτεῖν
1181 2259 1223 2292 ἐφ’
1237 2254 1279 2288 οἷς
1307 2256 1408 2283 ἀδικῶν
1435 2256 1574 2291 ἐλέγχεται
1587 2263 1594 2288 ;
1610 2254 1677 2281 Τίνα
1693 2254 1722 2280 δὲ
1742 2254 1789 2280 καὶ
1799 2252 1832 2280 τὰ

1040 2304 1231 2340 λελυμασμένα
1261 2303 1355 2336 καλεῖς
1387 2301 1548 2336 ἁφοςιοῦται
1572 2301 1625 2335 γὰρ
1643 2300 1691 2326 καὶ
1717 2299 1762 2326 διὰ
1778 2299 1830 2326 τῶν

1040 2351 1211 2386 γραμμάτων
1233 2350 1282 2384 τὴν
1309 2349 1398 2383 χάριν.
1423 2347 1479 2378 Τὰς
1499 2347 1614 2382 Ἀθήνας
1632 2346 1742 2377 πάντως
1758 2346 1830 2371 ἀνοι-

1040 2398 1107 2424 κιεῖν
1119 2395 1333 2430 ἐπαγγέλλεται·
1356 2394 1436 2421 τοῦτο
1455 2393 1509 2430 γὰρ
1530 2393 1716 2419 ὑπαινίττεται
1731 2391 1828 2426 δήπου,

1037 2443 1088 2470 κᾶν
1106 2442 1143 2478 μὴ
1154 2441 1242 2476 τολμᾷ
1257 2441 1381 2475 φανερῶς
1396 2439 1541 2475 ὀνομάζειν
1555 2439 1592 2474 τῷ
1605 2440 1718 2474 ῥήματι.
1742 2439 1827 2470 Ἀθή-

1036 2499 1091 2523 νας
1107 2488 1236 2520 ἀνοικιῶ,
1254 2488 1331 2524 φησι.
1349 2487 1385 2514 Σὺ
1400 2487 1456 2522 ξτὴν
1471 2486 1520 2522 τῆς
1537 2487 1653 2521 Ἀθηνᾶς
1681 2485 1778 2518 πέλιν;
1792 2485 1827 2511 Σὺ

1035 2535 1083 2571 τὴν
1108 2535 1219 2570 θησέως
1246 2535 1293 2560 καὶ
1319 2533 1479 2568 Κέκροπος;
1509 2531 1569 2559 εἶτα
1602 2531 1826 2567 σιωῇοήσοντσι

1041 2581 1200 2616 Ἐριχθόνιοι
1213 2580 1258 2607 καὶ
1269 2580 1420 2615 Κέχροπες,
1436 2579 1513 2606 ἔτιδὲ
1525 2579 1624 2614 Θησεῖς
1641 2578 1689 2604 καὶ
1705 2578 1821 2613 Κόδροι;

1037 2628 1125 2654 πάντα
1137 2627 1164 2653 δὲ
1180 2626 1255 2653 ἔσται
1267 2625 1370 2661 Ξέρξης
1386 2628 1419 2661 τῇ
1442 2626 1530 2659 πόλει,
1552 2625 1686 2660 οἰκιστὴς,
1702 2623 1823 2660 ἀρχηγῶ

1038 2683 1088 2711 της
1101 2682 1108 2689 ·
1124 2673 1179 2702 τῶν
1195 2673 1325 2706 ἐπαίνων,
1347 2673 1402 2699 τῶν
1419 2672 1565 2708 ἐγκωμίων
1578 2671 1725 2703 ὑπόϐεσις;
1743 2671 1822 2705 Οἴμοι

818 2738 839 2766 V
846 2738 936 2766 811le
962 2738 1167 2768 LECTIONES.

241 2781 263 2796 ⁸⁵
277 2782 291 2807 ὸ
301 2789 355 2810 orn.
383 2785 414 2811 Α.

200 2817 231 2842 Α·
271 2816 298 2855 ί⁹
329 2821 426 2855 μιγνὺς
454 2821 500 2846 καὶ
524 2821 558 2847 τὰ
583 2829 612 2853 ς.

271 2821 298 2877 ὃν
329 2821 426 2855 μιγνὺς
454 2821 500 2846 καὶ
524 2821 558 2847 τὰ
583 2829 612 2853 ς.
679 2821 702 2837 ὀ
723 2821 795 2858 ἴμεν]
823 2822 883 2850 Iibti

461 2785 561 2831 ’κοίης
584 2786 702 2831 eumsi!“
715 2794 775 2828 cum
790 2787 882 2831 IAIBIQ
905 2789 984 2831 om'isi
1018 2787 1183 2831 ἔμπροσρεν.

926 2833 1013 2859 ειμεν.

1238 2787 1261 2803 ⁸⁷
1293 2787 1525 2823 προσαγορεύουσι
1553 2786 1583 2814 C.
1627 2786 1656 2823 j'
1686 2794 1733 2821 μοι
1758 2785 1818 2823 add.

1072 2821 1158 2858 ⁶¹.ἦν
1199 2823 1260 2850 add.
1291 2821 1324 2850 AL
1360 2825 1374 2850 ο
1405 2821 1459 2850 om.
1496 2823 1528 2849 Α.
1567 2822 1590 2838 ¹¹³
1625 2821 1654 2849 δὲ
1684 2826 1744 2856 post
1779 2821 1818 2847 ἔτι
