1919 3096
87 137 160 172 1337

596 143 857 176 BIBLIOTHECA.
869 158 905 163 --
921 143 1004 178 COD.
1018 144 1172 176 CCXLIII-

1653 147 1721 180 1338

85 193 146 221 τῶν
172 193 285 222 κακῶνί
303 195 456 232 ἡττημένος
480 206 531 233 μου
553 197 657 234 Ξέρξης
686 200 868 235 λαμϐάνειτὴε

932 207 1071 237 acceptam
1086 202 1188 229 cladem
1205 202 1289 230 armis
1301 201 1455 231 instaurare
1465 210 1554 238 posse,
1572 203 1720 231 exercituum

86 240 178 267 πόλιν.
199 241 233 267 Τί
245 241 268 268 δ’
291 241 324 268 ἂν
339 243 385 269 καὶ
405 244 479 278 ἡμᾶς
504 245 603 277 αὐτοὺς
630 245 702 273 κατὰ.
718 247 771 273 τῶν
788 247 883 282 Ἐλλή-

85 294 143 312 νων
161 286 393 321 συστρατεύεσθαι
402 289 426 304 ⁸³
443 289 558 325 κελεύῃς
572 290 601 316 οὐ
621 291 676 326 γὰρ
695 289 764 318 εἶναι
779 291 883 320 δίκαιον

85 331 125 365 τῷ
155 332 291 368 τοσαύτην
320 333 517 371 ἐνδεικνυμένῳ
543 336 610 372 περὶ
638 337 688 372 τὴν
713 337 791 364 πόλιν
832 346 881 372 με-

84 376 290 412 γαλοψυχίανυ
322 379 360 414 μὴ
389 379 478 407 πάντα
500 381 601 416 τρόπον
639 382 880 416 συναγωνίζεσθαι.

83 421 218 454 Καλάς¹¹
242 431 273 458 γε
308 423 350 459 (οὐ
387 425 477 461 γάρ;)
507 427 568 454 τότε
594 427 642 454 καὶ
666 427 720 454 τῶν
743 429 882 463 τροπαίων

82 466 167 498 ἀξίας
197 467 250 494 τῶν
276 469 472 505 ἐγηγερμένων
501 471 551 504 τὰς
591 473 760 508 παρατάξεις
791 482 881 510 παρα-

81 511 236 547 ταξόμεθα,
266 513 319 540 ὑπὸ
342 514 431 552 Ξέρξῃ
458 516 604 552 στρατηγῷ
635 517 698 549 τοὺς
725 519 795 545 κατὰ
826 519 881 546 τῶν

81 557 233 592 ὁμοφύλων
253 560 390 595 πολέμους
416 562 589 597 ἐκφέροντες.
601 563 641 589 Δι’
657 563 704 595 οὓς
716 563 792 600 ὤφθη
808 565 880 599 Πέρ-

82 610 148 634 σαις
176 604 237 630 ἀντὶ
260 607 407 641 νικηιξὸρου
421 609 514 644 σχῆμα
536 609 671 643 δραπέτου
696 610 744 636 καὶ
759 611 880 645 φυγάδος

80 649 288 685 περικείμενος,
314 652 450 684 τούτοις⁹⁸
480 654 557 681 πόλιν
587 656 710 689 οίκίςειν,
737 657 877 690 τούτους⁹⁷

80 697 242 730 εὐεργετεῖν
256 697 380 730 ἀνέξεται
393 707 400 731 ;
413 699 445 726 El.
460 694 580 737 μὲνῢγὰρ
593 702 676 734 εὐθὺς
689 703 878 739 ἀναμάχεσθαι

79 741 139 772 τοῖς
157 741 252 774 ὅπλοις
270 742 319 779 τὴν
339 741 426 779 ἧτταν
451 746 604 780 ἐπίστευεν,
631 748 811 784 ἐστράτευσεν
833 749 877 783 ἂν,

78 786 131 812 οὐκ
140 787 337 822 ἐπρεσϐεύετο·
349 790 411 816 ἐπεὶ
421 791 448 817 δὲ
459 792 643 826 ἀπογινώσκει
654 795 709 821 τῶν
723 795 876 831 δυνάμεων,

77 833 129 868 τὴν
147 834 258 870 ἀπάτην
287 835 356 868 τέως
386 835 449 872 [590
466 837 512 874 IL]
528 839 587 865 ἀντὶ
601 840 655 866 τῶν
670 841 759 868 ὅπλων
777 843 876 877 προὸέ-

77 878 194 914 ὄληται.
213 880 274 907 Ἔτι
289 881 379 909 τοίνυν
409 883 455 909 καὶ
482 883 635 911 διαϐάλλειν
652 885 786 921 ’Έλληνας
811 888 878 921 πρὸς
894 877 914 903 Β

75 924 128 961 τὴν
143 925 224 952 πόλιν
235 926 409 961 ἐσπούδασεν,
427 928 472 955 ἵνα
489 929 608 964 ἐρήμους
619 930 670 965 τῆς
681 931 744 967 παρ’
764 932 878 960 ἐκείνων

77 971 248 1007 συμμαχίας
270 973 458 1008 ἐργασάμενος
482 974 551 1010 πρὸς
565 975 663 1010 μόνους
675 976 748 1011 ἡμᾶς
764 977 877 1013 ὕστερον

75 1015 213 1052 ἐξενέγκῃ
223 1017 269 1044 τὸν
281 1017 410 1053 πόλεμον.
427 1019 483 1046 Καὶ
490 1020 544 1055 μὴν
560 1020 589 1053 ἐξ
603 1021 694 1048 αὐτῶν
704 1022 727 1038 ⁸⁸
744 1024 878 1058 ῥημάτων

73 1061 161 1096 δῆλός
176 1062 236 1089 ἐστι
253 1063 321 1098 πρὸς
331 1064 381 1100 τὴν
398 1065 502 1101 δωρεὰν
510 1066 717 1103 ἀφοσιούμενος.
732 1068 814 1104 [HM
828 1070 876 1106 IL]

74 1107 130 1134 Τοῦ
144 1108 198 1143 μὲν
221 1109 276 1145 γὰρ
301 1110 438 1137 ἀνοικίσαι
456 1111 506 1148 τὴν
522 1112 598 1139 πόλιν
620 1113 669 1149 τὴν
686 1114 823 1151 ἡμετέραν
835 1115 878 1142 os-

74 1152 172 1186 λοντος
184 1154 267 1190 ἔργον
284 1153 318 1192 ἦν
342 1156 408 1183 αὐτὸ
432 1157 512 1185 τοῦτο
536 1159 629 1194 σαφῶς
657 1160 796 1196 ἐγγράψαι
819 1163 876 1195 τοῖς

74 1199 246 1234 γράμμασιν
263 1209 269 1216 ·
293 1201 307 1227 ὁ
323 1201 351 1227 δέ
366 1201 446 1229 τοῦτο
474 1203 524 1239 μὲν
555 1205 604 1232 οὐκ
621 1205 717 1238 εἰπὼν,
739 1207 832 1240 ἁπλῶς
847 1208 876 1235 δὲ

74 1245 315 1282 ἀπικαταστῆσαι
343 1249 433 1283 φήσας
457 1247 498 1281 οἷς
513 1250 668 1286 ἐλυμήνατο
680 1253 751 1280 κατὰ
766 1253 811 1279 τὸν
827 1254 876 1281 πό-

72 1289 170 1325 λεμον,
184 1293 219 1327 τῇ
233 1292 279 1319 τοῦ
307 1295 502 1330 προσρήματος
522 1295 672 1333 ἀμφιϐολίᾳ
693 1299 787 1330 κακῶς
803 1301 825 1316 ⁹⁹
842 1299 874 1326 ὃ¹

73 1339 231 1372 κακουργεῖ
256 1338 300 1365 διὰ
315 1339 369 1366 τῶν
384 1341 560 1376 γραμμάτων
575 1343 736 1378 δεδήλωκεν.
752 1344 784 1371 Τί
796 1345 824 1372 δὲ
840 1343 875 1382 ἦν

73 1382 122 1417 τῆς
147 1383 252 1416 πόλεως
280 1384 331 1419 τῆς
362 1385 500 1421 ἡμετέρας
514 1387 545 1414 τὸ
563 1388 715 1424 ἐπισήμους
741 1390 875 1426 σεμνότης

73 1427 314 1464 οἰκοδομημάτων,
337 1431 477 1466 πανταχοῦ
498 1432 548 1467 τῆς
562 1433 678 1468 ἀρχαίας
691 1435 791 1471 ἀρετῆς
806 1436 874 1463 ὑπο-

75 1474 221 1509 μνήματα,
238 1476 252 1502 ὁ
271 1475 348 1511 παρὰ
373 1476 424 1513 τῆς
449 1477 558 1512 φύσεως
578 1479 680 1515 κόσμος
704 1482 797 1516 μεῖζον
826 1482 873 1509 τοῦ

933 247 1090 278 adduceret,
1106 255 1158 274 nou
1178 253 1269 275 autem
1291 248 1394 282 legatos
1405 249 1535 276 mitteret.
1552 249 1587 275 At
1606 257 1668 276 cum
1683 250 1722 276 vi-

935 293 1010 321 ribus
1024 293 1125 320 diﬂidat
1140 294 1207 327 suis,
1225 294 1405 329 fraudempro
1422 295 1506 322 armis
1520 295 1644 323 adhibet.
1654 296 1721 323 Cum

933 345 1023 367 autem
1044 340 1137 374 copias
1159 341 1356 372 recensuisset,
1379 345 1434 368 tum
1467 342 1575 368 demum
1601 341 1722 369 fratulem

932 392 1070 412 armorum
1094 386 1153 413 loco
1185 387 1323 421 produxit.
1345 387 1501 420 Quinetiam
1530 389 1638 415 urhenr
1653 388 1722 416 hanc

932 431 1002 465 apud
1024 436 1136 458 caeteros
1159 431 1268 458 Graecos
1286 431 1412 459 infamem
1437 433 1552 460 reddere
1571 434 1721 466 contendit,

932 478 961 501 nt
977 482 1026 502 nos
1054 483 1149 503 eorum
1173 476 1277 504 auxilio
1293 477 1418 504 desertos
1436 478 1573 511 redderet,
1592 483 1620 505 et
1644 479 1723 506 nobis

931 519 997 548 Solis
1015 520 1114 548 bellum
1142 527 1233 556 postea
1254 522 1379 550 inferret.
1394 523 1428 550 Et
1442 531 1475 550 ex
1488 524 1530 551 his
1545 523 1634 552 verbis
1649 529 1723 559 patet

930 566 1032 592 donum
1056 566 1124 594 dicis
1153 568 1241 601 gratia
1266 567 1376 595 olTerre.
1406 569 1481 596 lllius
1495 574 1553 596 erat
1577 570 1722 598 manifeste

931 611 1029 639 litteris
1050 612 1201 640 inscribere
1225 613 1296 640 hanc
1319 613 1388 641 vclle
1404 621 1433 641 se
1452 615 1545 641 urbem
1559 615 1720 642 instaurare.

931 657 985 685 lloc
1009 661 1097 685 autem
1120 665 1173 685 non
1204 658 1363 690 declarans,
1383 659 1543 693 simpliciter
1568 667 1598 687 sc
1623 661 1721 687 damna

929 703 997 731 bello
1019 704 1092 731 illata
1116 709 1286 732 resartnrtun
1308 705 1390 737 dic-il,
1407 707 1527 734 adverbii
1542 707 1719 741 amphibolia.

929 756 989 784 qum
1005 749 1075 776 mala
1091 750 1234 784 cogitarit,
1245 751 1357 785 epistola
1383 751 1559 786 signiﬁcavit.
1579 752 1655 786 Quod
1673 761 1722 780 alt-

930 801 983 823 tem
999 801 1058 823 erat
1071 797 1147 823 urbis
1169 802 1271 824 nostrae
1285 797 1417 833 insigne?
1434 798 1633 834 lllagnilicentia
1653 800 1720 827 mdi-

930 842 1070 873 ticiorum,
1094 842 1212 877 antiquae
1231 844 1388 878 ubicunque
1415 845 1524 871 virtutis
1548 845 1719 883 testimonia,

931 892 1033 915 natura:
1049 893 1173 920 ornatus,
1194 889 1240 922 qui
1262 889 1351 924 majus
1365 890 1424 917 urbi
1442 890 1517 917 addit
1530 896 1720 918 ornamentum

930 940 1009 967 quam
1026 934 1183 960 artiﬁcium.
1200 934 1293 966 Qualis
1307 935 1430 962 cernitur
1445 935 1489 963 hic
1508 943 1557 962 arx
1581 936 1655 970 (IlO),
1675 937 1719 963 ubi

930 978 993 1008 tale,
1007 978 1076 1005 coelo
1089 984 1212 1014 excepto,
1228 979 1327 1015 3631:
1344 980 1490 1014 hospitium
1523 986 1565 1008 est
1586 980 1721 1008 deorum?

929 1023 1014 1056 Quale
1026 1024 1153 1057 templum
1178 1023 1297 1052 Poliadis
1309 1024 1456 1052 Minervze?
1474 1030 1500 1052 et
1522 1026 1585 1053 huic
1601 1027 1718 1053 viciuu:n

929 1067 1068 1096 delubrum
1086 1067 1212 1103 Neptuni.
1228 1069 1430 1104 Conjuuximus
1446 1070 1516 1097 enim
1535 1075 1594 1104 post
1607 1076 1719 1098 conten-

929 1115 1028 1142 tionem
1049 1115 1114 1142 deos
1130 1123 1177 1149 per
1192 1122 1271 1150 reges
1296 1117 1322 1142 in
1351 1116 1458 1149 templis
1477 1124 1538 1143 eum
1563 1117 1634 1144 aliis.
1659 1116 1717 1144 Non

928 1161 1031 1195 recipio
1047 1160 1341 1189 fortnulamsacrorum
1357 1162 1391 1189 ab
1409 1162 1528 1194 homine,
1545 1163 1651 1198 qualem
1669 1171 1718 1198 per

928 1213 1081 1242 prmconem
1100 1213 1196 1234 arcere
1211 1206 1341 1234 solemus.
1358 1207 1425 1240 Quis
1439 1209 1576 1243 reparabit
1593 1209 1717 1236 homines

926 1259 994 1286 quos
1016 1251 1087 1279 bello
1110 1252 1251 1286 perdidit?
1266 1252 1332 1286 Quis
1348 1253 1442 1280 reddet
1470 1258 1638 1281 mortuorum
1656 1261 1718 1281 cor-

927 1304 1001 1331 pora,
1017 1304 1077 1332 qum
1092 1295 1162 1324 bello
1173 1297 1311 1324 abstulit?
1331 1297 1389 1324 Viri
1402 1298 1485 1329 enim,
1500 1302 1529 1324 ut
1537 1298 1621 1329 aiunt,
1635 1299 1718 1326 urbes

926 1347 999 1376 sunt,
1017 1350 1070 1370 non
1085 1343 1181 1370 domus
1203 1343 1283 1378 ἱρείης
1303 1343 1325 1370 si
1340 1345 1437 1372 damna
1461 1351 1491 1371 se
1506 1345 1716 1372 iustauraturum

926 1388 1078 1424 pollicetur,
1095 1396 1129 1417 ex
1152 1389 1195 1417 his
1221 1390 1342 1424 quaedam
1368 1398 1419 1417 non
1445 1390 1550 1425 integre
1575 1391 1718 1418 restituere

926 1439 1025 1469 potest,
1038 1434 1160 1469 quzedam
1177 1443 1229 1462 non
1244 1435 1318 1469 pa-ria
1335 1435 1472 1470 prioribus
1486 1437 1598 1464 reddere
1613 1440 1712 1471 potest.

925 1481 1065 1515 Quomodo
1078 1481 1185 1508 illiusiu
1205 1482 1246 1509 his
1260 1481 1405 1516 promissio
1427 1487 1456 1509 ut
1479 1483 1650 1516 impossibilis
1665 1491 1717 1511 non

73 1520 153 1554 παρὰ
173 1520 224 1554 τῆς
245 1520 344 1557 τέχνης
375 1523 535 1558 προστιθεὶς
549 1526 582 1560 τῇ
611 1526 687 1553 πόλει
716 1527 746 1554 τὸ
763 1528 868 1560 κάλλος.

928 1527 1106 1561 redarguetur
1114 1528 1148 1554 ab
1168 1527 1314 1554 ontnibus?
1325 1526 1365 1554 llli
1381 1526 1718 1556 Lacedmmoniostrcceu-

74 1564 125 1591 Οἴα
139 1565 193 1599 μὲν
209 1566 273 1593 ίδετν
283 1567 443 1603 ἀκρόπολις,
460 1566 516 1596 οἷον
529 1570 593 1597 ἄλλο
604 1571 672 1598 θεῶν
687 1573 746 1608 μετ’
761 1573 874 1609 οὐρανδν

73 1610 262 1647 ἐνδιαίτημαί
289 1611 345 1645 οἷος
359 1614 388 1640 δέ
411 1615 425 1641 ὁ
442 1615 493 1650 τῆς
520 1616 651 1650 Πολιάδος
679 1618 758 1650 νεὼς,
782 1620 874 1646 καὶτὸ

74 1656 271 1689 Ποσειδῶνος²
299 1659 428 1694 τέμενοςί
459 1661 619 1697 συνήψαμεν
653 1663 707 1700 γὰρ
739 1664 783 1691 διὰ
818 1665 874 1692 τῶν

73 1702 235 1738 ἀνακτόρων
246 1705 309 1736 τοὺς
319 1705 397 1737 θεοὺς
410 1706 535 1741 ἀλλήλοις
550 1709 619 1743 μετὰ
632 1709 681 1744 τὴν
692 1709 818 1745 ἂμιλλαν.
835 1712 872 1738 Οὐ

73 1747 208 1782 λαμϐάνω
223 1750 299 1785 παρὰ
311 1750 407 1786 ἀνδρὸς
420 1752 465 1778 τὸν
484 1753 597 1789 τελετῆς
613 1754 695 1782 τόπον
703 1756 721 1788 ³,
739 1756 769 1783 ὂν
783 1757 871 1794 εἴργει

73 1793 122 1827 τῆς
142 1794 258 1830 τελετῆς
276 1795 328 1831 τῆς
343 1797 482 1833 ἡμετέρας
497 1798 528 1825 τὸ
542 1800 684 1836 κήρυγμα.
696 1802 744 1834 Τίς
755 1793 880 1840 ἀναστή-⁴

73 1847 112 1865 σει
126 1840 193 1871 τοὺς
205 1840 316 1876 ἄνδρας,
331 1841 559 1878 οὒςάπολώλεκε;
576 1846 618 1878 τίς
632 1847 667 1873 τὰ
687 1847 801 1879 σώματα
817 1850 871 1879 τῶν

71 1885 224 1919 πεσόντων,
236 1884 276 1918 οἷς
289 1885 369 1920 οὗτος
383 1890 455 1916 κατὰ
467 1890 530 1922 τοὺς
540 1891 676 1927 πολέμους
687 1893 868 1930 λελύμανταις

74 1931 188 1967 Ἄνδρες
203 1932 268 1968 γὰρ,
285 1934 366 1970 φησὶν
380 1935 401 1967 ⁸,
424 1937 451 1962 αἱ
470 1937 572 1969 πόλεις,
589 1938 639 1965 οὐκ
653 1939 870 1976 οἰκοδομήματα.

72 1976 141 2003 litae
155 1977 192 2003 τὰ
206 1977 399 2015 λελυμασμένα
414 1982 482 2016 ἡμῖν
493 1983 645 2011 ἀποδώσειν
657 1985 869 2020 ἐπαγγέλλεται,

68 2021 174 2048 τούτων
191 2022 220 2048 δὲ
234 2023 268 2050 τὰ
284 2024 334 2058 μὲν
362 2025 418 2052 οὐδ’
445 2026 513 2058 ὅλως
534 2027 653 2064 ἐγχωρεῖ
672 2029 776 2064 λασεῖν,
790 2032 824 2059 τὰ
840 2033 869 2060 δὲ

69 2067 124 2098 τοῖς
142 2067 354 2103 διεφθαρμένοις
378 2070 427 2105 οὐχ
459 2071 552 2106 ὅμοια,
580 2073 640 2105 πῶς
665 2074 716 2102 οὐκ
739 2076 868 2109 ἀδύνατος

68 2111 212 2147 ἐλέγχεται
230 2115 286 2146 τοῖς
301 2116 384 2142 πᾶσιν
398 2116 414 2151 ἡ
432 2117 496 2151 περὶ
512 2117 613 2144 τούτων
628 2119 795 2155 ὑπόσχεσιςς
811 2123 868 2149 Οὐκ

67 2158 190 2192 ἤνεγκαν
203 2160 264 2186 οὐδὲ
288 2162 463 2196 τριακοσίους
475 2163 575 2190 ἐκεῖνοι
589 2165 822 2201 Λακεδαιμονίους
837 2169 866 2195 ἐν

927 1576 969 1599 tos
985 1572 1017 1599 ad
1031 1572 1112 1607 Pylas
1129 1580 1182 1599 non
1211 1572 1413 1605 sustinuerunt,
1433 1574 1479 1600 sed
1503 1573 1530 1600 in
1549 1574 1634 1601 oculis
1647 1575 1718 1609 regis

927 1622 967 1646 tot
988 1618 1126 1653 myriades
1146 1618 1305 1645 ceciderunt
1331 1619 1462 1646 adversus
1491 1627 1575 1646 unum
1601 1628 1716 1655 agmen,

925 1664 1001 1699 quasi
1016 1663 1108 1699 ﬂagris
1122 1664 1264 1693 ordinatae.
1284 1664 1342 1700 Ipse
1357 1672 1404 1692 rex
1421 1665 1447 1691 in
1461 1665 1554 1692 Asiam
1566 1673 1616 1693 nos
1626 1672 1716 1701 vocat,

924 1709 1069 1736 ostendens
1081 1708 1198 1744 demptis
1210 1710 1306 1745 pugnis
1321 1713 1407 1736 tutum
1424 1717 1516 1737 secum
1531 1711 1630 1738 bellum
1646 1712 1715 1739 fore.

927 1754 982 1782 Uua
999 1755 1072 1783 acies
1087 1759 1181 1782 contra
1200 1760 1283 1782 totam
1300 1755 1392 1783 Asiam
1413 1755 1544 1783 instrueta
1559 1762 1585 1784 ct
1604 1759 1715 1785 trecenti

925 1800 1051 1835 Spartani
1072 1801 1147 1836 prius
1171 1801 1256 1828 armis
1281 1800 1489 1837 Thermopylas,
1506 1802 1604 1830 deinde
1631 1809 1717 1830 morte

922 1846 1115 1878 Occludenles,
1137 1847 1324 1875 honorabilius
1361 1848 1533 1883 sepulcrum,
1557 1857 1641 1884 quam
1663 1850 1717 1877 sint

924 1897 1025 1926 troprca
1044 1892 1210 1920 excitarunt.
1230 1893 1285 1927 Ego
1299 1900 1408 1928 quoque
1422 1893 1456 1922 de
1470 1893 1605 1922 Thebanis
1618 1895 1717 1930 suppli-

921 1937 992 1964 cium
1013 1937 1172 1964 sumcudum
1189 1938 1292 1971 putavi.
1307 1938 1434 1966 Accusati
1453 1945 1517 1968 sunt
1536 1940 1638 1968 Graecia
1651 1941 1716 1969 Per-

920 1982 958 2009 sis
981 1982 1141 2017 proditionis
1161 1982 1248 2018 gentis
1269 1991 1335 2016 suae,
1360 1989 1388 2011 et
1407 1985 1473 2012 urbs
1495 1994 1556 2013 mea
1576 1987 1715 2015 l’ersicnnt

919 2032 1012 2056 contra
1034 2027 1142 2056 Graecos
1166 2029 1313 2064 assumpsit
1344 2031 1506 2058 exercitum.
1533 2032 1599 2060 Cum
1626 2033 1715 2062 Persae

919 2075 982 2102 \‘icti
1004 2080 1077 2108 sunt,
1098 2082 1150 2102 non
1169 2079 1249 2103 modo
1274 2076 1468 2111 Athenienses,
1494 2079 1542 2106 sed
1569 2084 1597 2106 et
1620 2087 1714 2108 omnes

918 2120 1004 2148 Graeci
1025 2120 1128 2148 lucrum
1151 2125 1335 2155 reportarunt.
1360 2121 1467 2150 Utinam
1480 2123 1562 2150 etiam
1581 2124 1614 2151 ad
1637 2124 1714 2160 Pylas

918 2167 1142 2201 occurrissemus,
1152 2167 1350 2196 Lacedaemonii
1363 2177 1413 2204 pro
1425 2169 1564 2204 sepultura
1582 2173 1713 2204 tropmum

67 2203 170 2236 Πύλαις
186 2223 193 2236 ,
218 2205 276 2232 ἀλλ’
298 2207 326 2232 ἐν
353 2207 503 2243 ὀφθαλμοῖς
530 2209 662 2244 βασιλέως
693 2211 808 2240 ἔπιπτον
834 2215 862 2241 αἱ

925 2213 1106 2241 istendantJn
1116 2212 1231 2240 Xerxem
1247 2215 1305 2241 hazc
1316 2214 1388 2246 dico,
1404 2215 1428 2241 in
1446 2215 1575 2248 Xerxem,
1590 2203 1710 2251 inquam,

65 2248 198 2275 τοσαῦται
223 2250 354 2285 μυριάδες
375 2251 443 2287 πρὸς
466 2252 514 2279 ἕνα
541 2253 619 2288 λόχον
644 2255 696 2281 ὑπὸ
725 2257 866 2292 μαστίγων

65 2296 307 2330 παραταττόμεναι
318 2297 341 2324 ⁵.
354 2297 441 2329 Αὐτὸς
452 2299 526 2334 ἡμᾶς
542 2300 589 2326 ἐπὶ
609 2300 658 2336 τήν
680 2301 772 2328 Ἀσίαν
787 2304 866 2330 καλεῖ

65 2339 193 2374 βασιλεὺς
204 2339 244 2373 οἷς
263 2345 438 2378 παραιτεῖται
453 2345 500 2376 τὰς
516 2346 617 2382 μάχας,
634 2347 739 2379 τούτοις
751 2350 861 2376 ἀκίνδυ-

64 2395 107 2413 νον
133 2385 205 2414 εἶναι
220 2388 267 2415 τὴν
293 2390 362 2424 πρὸς
377 2390 459 2418 αὐτὸν
480 2392 611 2420 δεικνύων
632 2394 759 2430 πόλεμον.
776 2396 861 2432 Λόχος

63 2430 102 2465 εἷς
115 2434 187 2469 πρὸς
201 2434 266 2469 ὅλην
277 2435 327 2470 τὴν
346 2436 439 2464 Ἀσίαν
450 2439 704 2475 παραταττόμενος,
724 2442 769 2467 καὶ
785 2430 860 2477 τρια-

63 2479 149 2505 κὸσιοι
157 2479 329 2514 Σπαρτιᾶται
341 2481 475 2514 κλείοντες
487 2484 622 2520 πρότερον
638 2485 687 2520 μὲν
700 2487 756 2518 τοῖς
767 2486 859 2520 ὅπλοις

63 2522 178 2560 ὕπερον
193 2525 221 2551 δὲ
233 2525 272 2561 τῷ
288 2527 396 2563 θανάτῳ
410 2528 460 2560 τὰς
474 2529 576 2562 Πύλας.
591 2530 758 2566 Σεμνότερον
780 2533 858 2568 ἠγεί-

63 2578 125 2604 ρατε
152 2572 285 2606 τροπαίου
298 2573 329 2599 τδ
346 2574 537 2611 πολυάνδριον.
561 2576 637 2611 Ἐγὼ
661 2578 708 2604 καὶ
725 2578 795 2615 ὑπὲρ
810 2579 863 2615 Θη-

916 2267 933 2286 ο
953 2259 1059 2294 Apollo,
1071 2260 1118 2294 qui
1135 2267 1221 2294 usque
1238 2261 1271 2288 ad
1293 2268 1356 2289 aras
1370 2265 1430 2289 tuas
1452 2262 1551 2289 bellum
1572 2263 1668 2297 gessit,
1685 2267 1713 2290 et

916 2305 1006 2340 ignem
1023 2313 1101 2332 sacro
1119 2305 1217 2340 tripodi
1236 2311 1281 2332 tuo
1302 2305 1437 2339 subjicere
1455 2312 1570 2334 conatus
1593 2312 1644 2339 est.
1664 2317 1712 2344 per

915 2358 994 2385 quem
1015 2351 1074 2378 edis
1096 2350 1219 2378 oracula.
1237 2349 1304 2378 Volo
1325 2351 1481 2386 regionibus
1494 2352 1527 2379 dc
1544 2352 1611 2380 meis
1633 2359 1708 2382 recte

915 2395 993 2423 factis
1010 2404 1108 2423 nomen
1127 2396 1239 2430 imponi,
1254 2401 1280 2423 et
1291 2397 1387 2428 maria,
1408 2404 1440 2424 ac
1455 2395 1566 2424 flumina
1586 2399 1677 2432 potius
1696 2407 1711 2426 a

914 2441 981 2469 meis
994 2442 1121 2476 tropaeis,
1136 2449 1216 2476 quam
1231 2441 1350 2476 antiquis
1360 2443 1516 2471 nominibus
1527 2443 1710 2472 denomiuari‘

911 2487 1029 2523 Objicict
1040 2487 1147 2523 aliquis,
1158 2489 1267 2523 quando
1279 2489 1384 2520 urbem,
1400 2489 1442 2516 vel
1452 2490 1522 2517 unde
1538 2490 1711 2518 reﬁciemus?

912 2533 997 2568 Quam
1016 2533 1132 2567 amplius
1148 2533 1242 2560 urbem
1257 2534 1367 2568 quaeris,
1389 2542 1450 2561 cum
1462 2535 1562 2563 habeas
1576 2535 1686 2563 trireme
1696 2543 1710 2562 s

916 2587 966 2615 pro
982 2587 1051 2607 nova
1064 2579 1140 2612 urbe,
1161 2583 1189 2606 ct
1207 2579 1349 2606 ductorem
1360 2579 1524 2615 Apollinem.
1540 2580 1642 2616 Objicit
1656 2588 1708 2608 au-

708 2647 825 2676 VABl/E
843 2648 1048 2676 LECTIONES.

73 2717 86 2721 ﬂ
97 2685 121 2721 ’ἐ
141 2686 339 2719 στρατεύεσθαι
354 2687 387 2716 Α.
424 2688 447 2705 ’⁸

62 2717 136 2747 Ηηιίδ
151 2717 235 2748 tleest.

62 2755 73 2772 δ
82 2754 164 2787 ςασὶν
180 2754 311 2792 Scaliger.

465 2690 562 2728 μβϊᾳλ-
580 2692 628 2718 καὶ
643 2692 681 2728 μὴ
697 2702 728 2725 ς.

357 2763 367 2778 α
379 2760 579 2796 παραττόμὲνοι
604 2762 634 2789 C.

770 2695 794 2711 "
813 2695 900 2726 καλάς
922 2696 959 2721 A:
976 2694 1065 2726 καλῶς
1086 2704 1117 2727 ς.
1152 2695 1175 2713 ⁸⁸
1189 2694 1299 2726 τούτους
1310 2703 1339 2727 ς.

281 2723 303 2738 ’³
318 2723 408 2766 καλῶς
423 2723 453 2751 C.
466 2723 470 2724 ⁷
484 2725 531 2766 [ὃ]
545 2723 710 2766 ιιιιιιὶρίότιξ
733 2731 742 2745 ¹
757 2730 787 2756 τὸ
800 2723 964 2763 ποσειδὼνος
980 2730 1000 2758 C
1014 2739 1020 2756 :
1033 2723 1081 2757 τοῦ
1091 2723 1261 2763 Ποσειδῶνος
1278 2723 1324 2763 ξ.-
1335 2730 1346 2748 ³
1360 2730 1441 2758 τόπον
1454 2739 1495 2766 pr.
1513 2723 1556 2760 δῖ
1573 2729 1656 2759 τύπον
1671 2739 1707 2765 ς.

1381 2696 1405 2714 ’τ
1421 2694 1527 2727 τούτοις
1542 2703 1572 2728 ς.
1608 2695 1631 2712 ³⁸
1646 2695 1703 2723 τῶν

825 2811 942 2840 NOTAE.

95 2847 152 2885 (ίο)
171 2848 263 2878 Pallas
277 2859 343 2886 quas
359 2852 476 2880 condidit
492 2860 565 2881 m'ce:
578 2851 640 2888 Ipsa
653 2854 729 2882 colat.
753 2855 855 2892 (\'mc-.)
