1919 3096
202 146 211 178 l
217 145 269 179 339

763 128 898 173 iPHOTII
918 140 1172 172 mmmam
1185 141 1240 172 CP.

1769 143 1839 176 1340

200 208 253 230 lem
271 209 321 237 pro
337 200 473 228 munibus
482 206 568 234 mare,
588 203 614 227 et
632 206 682 234 pro
696 199 818 227 turribus
834 198 948 232 insulas,
961 202 988 226 et

1054 198 1125 224 ῖαίων
1153 198 1305 233 ἀπαιτῆσαι
1333 197 1412 230 δίκας
1442 196 1609 225 ἐσπούδακα.
1627 198 1720 234 Δῆμος
1735 199 1840 236 Ἕλλην

199 256 250 284 pro
268 251 366 274 ornatu
389 250 500 282 tropaza.
521 245 551 272 Si
573 249 601 272 et
613 244 744 272 terminos
775 243 870 271 studes
893 251 995 277 cogno-

200 301 290 325 scere,
312 292 494 320 obivit‘fama
509 295 593 318 totum
620 295 752 317 terrarum
774 290 879 322 orbem,
897 289 995 325 3631;

202 344 301 367 terram
322 345 375 373 qua
398 337 464 369 itur,
485 343 560 364 mare
580 343 632 371 qua
654 335 806 368 navigatur.
831 334 886 362 llos
908 335 994 363 Allie-

203 386 310 413 nienses
323 385 393 411 duce
407 382 590 411 Themistocle
605 381 743 409 consecuti
771 385 833 409 sttnt
849 381 992 408 terminos.

1044 244 1089 270 ad
1099 244 1207 279 Πέρσας
1215 243 1359 278 τοῦξκοινοῦ
1372 243 1467 278 γένους
1477 243 1625 279 προδοσίαν
1639 244 1841 279 κατέγνωσται»

1046 290 1093 317 καὶ
1108 289 1185 320 πόλις
1200 289 1273 325 tm.
1287 289 1421 325 Περσικὸν
1433 289 1543 323 ἐδέξατο
1557 290 1630 317 κατὰ
1641 290 1697 317 τῶν
1705 291 1840 326 Ἐλλήνων

1046 334 1237 369 στρατόπεδον.
1252 335 1356 370 Κέρδος
1364 334 1415 361 οὐκ
1431 335 1582 370 Ἀθηναίων
1601 335 1692 371 μόνον,
1708 335 1778 363 ἀλλὰ
1793 337 1841 363 καὶ

1044 379 1134 406 κοινὸν
1145 379 1200 406 τῶν
1215 380 1351 414 Ἑλλήνων
1380 381 1519 413 ἁπάντων,
1548 380 1653 416 Πέρσαι
1680 381 1839 416 νικώμενοι.

201 430 347 458 Postulabo
358 437 371 457 a
389 428 477 456 Xerxe
493 435 547 455 non
561 427 713 462 oleaginum
737 433 843 453 ramum
862 425 989 459 Palladis,

200 476 246 502 sel
263 475 422 510 platanum:
437 478 467 501 ut
482 473 536 500 duo
548 472 667 500 Palladis
681 476 782 506 tropma
803 471 879 504 juxta
898 478 989 498 arcem

1044 426 1107 453 Εἴθε
1133 426 1182 453 καὶ
1210 427 1251 458 εἰς
1286 426 1379 458 Πύλας
1409 428 1623 463 ἀπηντήσαμενῐ
1650 427 1782 463 τρόπαιον
1808 427 1842 454 ἃν

1044 472 1202 500 ἐδείκνυσαν
1219 472 1268 500 νῦν
1282 473 1344 500 ἀντὶ
1367 472 1414 500 τοῦ
1429 474 1516 508 τάφου
1537 474 1758 509 Λακεδαιμόνιοι.
1778 473 1841 500 Ἐπὶ

199 524 354 556 videamur,
366 527 461 550 contra
474 520 628 556 Neptunum
646 520 716 554 olea,
744 523 841 547 contra
854 517 990 547 Barbaros

1054 519 1150 554 Ξέρξην
1162 519 1250 551 καλῶ,
1277 519 1323 546 ἐπὶ
1334 518 1448 555 Ξέρξην,
1467 519 1610 553 Ἄπολλον,
1625 520 1671 546 τὸν
1686 520 1768 556 μέχρι
1787 519 1841 546 τῶν

200 569 336 604 platanus.
1046 565 1151 593 ἀδύτων
1177 566 1393 602 στρατεύσαντα,
1417 567 1465 594 τδν
1492 568 1550 599 τοῖς
1567 567 1651 602 ἱεροῖς
1666 575 1714 593 σου
1730 567 1841 602 τρίποσι

199 615 230 642 τδ
241 614 298 650 πῦρ
313 613 465 649 προσάγειν
486 612 724 648 φιλονεικήσαντα,
745 611 780 639 δι’
809 612 839 640 ὃν
861 613 992 648 ὲκίνησας
1012 611 1153 648 φάσματα.
1181 612 1281 639 Δοῦναι
1305 613 1376 639 θέλω
1404 613 1522 645 καὶτοῖς
1562 613 1673 648 χωρίοις
1700 613 1756 640 ἀπὸ
1787 612 1841 639 τῶν

201 659 276 695 ἐμῶν
302 658 522 694 κατορθωμάτων
546 657 677 692 ὀνόματα,
707 657 800 684 καὶτὰ
831 657 938 693 πελάγη
961 657 1008 683 καὶ
1044 657 1108 688 τοὺς
1136 658 1277 691 ποταμοὺς
1301 657 1355 684 ἀπὸ
1378 657 1432 685 τῶν
1458 658 1533 693 ὲμῶν
1557 657 1697 692 τροπαίων
1713 656 1775 693 [591
1794 657 1842 693 ιι]

201 705 301 741 μᾶλλον
313 705 329 740 ἢ
343 704 398 731 τῶν
425 703 546 739 ἀρχαίων
572 702 712 737 ὀνομάτων
729 702 994 739 προσαγορεύεσθαι.
1016 702 1083 729 Πότε
1095 700 1142 728 οὖν
1156 701 1172 737 ἢ
1186 702 1268 729 πόθεν
1283 703 1401 730 ἀνοικιοῦ
1408 712 1458 739 μεν
1474 704 1524 739 τὴν
1556 705 1652 739 πόλιν;
1688 705 1844 741 ὑπέκρουσέ

199 762 252 784 τις.
278 751 362 779 Ποίαν
378 751 432 787 γὰρ
451 750 590 786 ἐπιζητεῖς
613 748 653 775 ἔτι
670 749 758 782 πόλιν,
788 749 838 782 τὰς
864 750 988 786 τριήρεις
1008 749 1088 785 έχων,
1109 750 1158 786 τῆς
1182 751 1246 782 νέας
1276 750 1381 782 πόλεως
1407 750 1529 786 οἰκιστὴν
1555 750 1624 786 έχων
1647 751 1694 778 τὸν
1715 751 1841 784 Πύθιον;

201 799 385 835 Προὸἀλλεται
404 798 433 825 δὲ
449 797 534 833 αὐτῆς
549 797 608 824 ἀντὶ
621 797 671 833 μὲν
684 795 781 832 τειχῶν
792 796 842 830 τὴν
852 795 1003 830 θάλασσαν,
1023 796 1084 824 ἀντὶ
1095 798 1123 824 δὲ
1139 798 1264 833 πύργων,
1276 797 1326 828 τὰς
1339 796 1447 831 νήσους,
1463 797 1523 824 ἀντὶ
1536 797 1564 823 δὲ
1581 797 1686 833 κόσμου
1711 797 1746 824 τὰ
1777 796 1844 833 τρέ-

200 855 278 873 παια.
294 846 324 872 E!
338 845 366 873 δὲ
378 845 425 872 καὶ
446 844 509 875 τοὺς
533 843 612 879 ὅρους
627 842 714 878 αὐτῆς
746 841 887 877 ἐπιζητεῖς
922 842 1029 878 μαθεῖν,
1050 843 1178 879 περίελθε
1190 843 1283 878 κύκλῳ
1292 843 1332 878 τῷ
1346 842 1469 880 λογισμῷ
1476 844 1524 880 τὴν
1542 845 1709 881 οἰκουμένην
1723 844 1845 877 ἃπασαν,

200 892 247 918 καὶ
257 892 308 927 γῆν
320 892 370 926 ὅση
383 890 464 925 βατὴ,
478 889 526 916 καὶ
541 889 676 916 θάλατταν
685 889 771 924 ὁπόση
781 888 895 924 πλόϊμος
906 888 916 904 ⁷
929 895 936 904 ⁸
963 885 1037 915 οὑτοι
1068 889 1124 916 τῶν
1164 889 1284 925 Ἀθηνῶν
1314 889 1369 915 τῶν
1392 890 1439 916 ἐπὶ
1464 890 1682 926 Θεμιστοκλέους
1714 892 1739 918 οἱ
1771 891 1844 927 ὅροι.

207 935 364 973 Ἀπαιτήσω
379 935 480 972 Ξέρξην
499 935 559 964 ἀντὶ
583 935 631 962 τοῦ
657 935 755 962 θαλλοῦ
770 937 820 971 τῆς
836 934 953 970 Ἀθηνᾶς
971 934 1022 970 τὴν
1037 935 1183 968 πλάτανον,
1205 936 1250 963 ἵνα
1265 935 1312 962 δύο
1327 936 1458 972 βλέπηται
1468 936 1517 972 τῆς
1537 936 1599 964 θεοῦ
1613 936 1684 964 κατὰ
1693 937 1745 973 τὴν
1760 937 1846 973 ἀκρό-

202 983 279 1011 πολιν
290 983 419 1018 τρόπαια,
438 981 509 1008 κατὰ
525 983 573 1017 μὲν
583 982 750 1014 Ποσειδῶνος
765 982 779 1008 ό
797 981 905 1015 θαλλὸς,
922 982 994 1008 κατὰ

308 1029 351 1056 Ex
366 1028 493 1056 Oratione
513 1027 635 1055 militari.
652 1043 688 1048 —-
703 1027 876 1057 Prowmium.

238 1075 296 1103 Non
311 1075 444 1109 astipulnr
459 1075 503 1107 iis,
517 1074 562 1109 qui
577 1082 683 1106 eorum,
703 1074 748 1109 qui
770 1073 929 1102 memoriter
950 1081 995 1102 so-

203 1123 259 1149 ient
283 1121 386 1153 dicere,
403 1121 488 1155 legem
514 1120 727 1155 reprehendunt,
751 1127 846 1147 verum
871 1119 996 1148 laudato-

205 1168 281 1195 ribus
298 1166 446 1194 assentiar.
465 1165 619 1192 Absurdum
635 1164 707 1192 enitn
724 1169 765 1192 est
783 1171 845 1192 cum
860 1172 875 1192 a
892 1172 996 1192 memo-

205 1213 244 1240 ria
260 1212 365 1240 dicendi
382 1211 533 1239 subsidium
549 1214 644 1246 petant
659 1214 795 1243 oratores,
810 1215 906 1238 contra
923 1218 997 1238 eam-

204 1261 265 1287 dem
285 1260 388 1287 dicere.
405 1258 559 1293 Legislator
577 1257 648 1285 enim
667 1263 768 1285 metum
784 1259 879 1286 mortis
896 1258 997 1286 oratio—

205 1305 247 1332 nis
264 1305 395 1339 dignitate
417 1304 551 1335 eximens,
568 1303 710 1330 audaciam
725 1307 862 1330 strenuam
879 1302 906 1330 in
922 1303 997 1338 peri-

205 1349 286 1381 culis,
298 1349 427 1376 omnibus
442 1348 544 1381 injecit.
560 1347 660 1375 Laudis
677 1355 801 1380 causam,
816 1355 873 1376 mea
889 1348 997 1382 quidem

205 1396 351 1429 sententia,
374 1403 471 1422 omnes
499 1401 671 1422 communem
697 1393 824 1421 habent:
850 1399 877 1421 at
901 1395 998 1422 horum

205 1442 325 1469 virorum
340 1448 395 1475 pra:
407 1440 514 1468 creteris
532 1440 631 1467 eximia
647 1443 699 1467 est.
716 1439 830 1473 Quidam
846 1440 918 1467 enim
935 1440 998 1468 dum

205 1488 273 1515 alios
296 1487 406 1515 laudare
428 1485 571 1519 conantur,
589 1490 620 1513 ut
642 1494 726 1521 genus
750 1493 782 1514 ac
802 1486 914 1521 stirpem
931 1494 999 1521 pne-

206 1534 307 1566 dicent,
323 1533 356 1560 ad
373 1531 505 1566 majorum
520 1532 643 1559 encomia
659 1532 810 1559 orationem
825 1536 997 1566 convertunt,

206 1584 254 1607 ant
267 1579 382 1613 patrima
400 1579 471 1606 unde
488 1577 604 1612 majores
619 1578 793 1606 exstiterunt.
809 1577 910 1607 Omnes
926 1579 998 1606 enim

206 1626 251 1660 qui
264 1626 418 1658 laudantur,
433 1624 520 1652 exteri
533 1624 590 1652 lere
604 1623 726 1652 luerunt.
739 1625 792 1653 Sed
809 1625 938 1654 adversus
950 1626 1000 1654 bos

206 1673 264 1700 hinc
275 1671 316 1699 lex
336 1679 387 1699 non
397 1671 473 1704 vicit,
487 1670 534 1698 sed
547 1670 626 1698 simul
640 1671 820 1699 Athenienses
838 1673 999 1700 nominave-

207 1723 259 1751 ral,
273 1722 300 1745 et
310 1718 361 1745 hac
371 1717 552 1752 appellatione
563 1716 685 1744 ostendis
696 1717 837 1753 indigenas
846 1718 1001 1746 esse.Vive-
1013 1707 1037 1738 (ἶ

206 1765 270 1791 bant
282 1764 340 1791 sine
350 1763 445 1796 armis,
463 1763 515 1790 tela
527 1769 579 1790 non
593 1763 788 1797 producebant,
803 1764 881 1798 equis
895 1764 934 1791 uti
946 1772 998 1792 non

206 1810 365 1838 didicerant.
378 1809 444 1837 Usui
459 1814 547 1836 tamen
560 1815 620 1835 esse
634 1807 726 1835 docuit
737 1815 821 1843 equos
837 1808 862 1835 in
873 1809 1001 1836 certanti-

207 1855 286 1882 nibus
309 1861 341 1882 ac
359 1853 469 1888 przeliis.
487 1853 516 1880 In
535 1852 729 1880 certaminibus
743 1859 820 1880 ramo
840 1857 867 1880 et
879 1853 1000 1888 germine

206 1901 330 1936 olcagino
361 1900 502 1927 victoriam
528 1899 733 1927 denuntiabant.
755 1898 822 1926 Cum
843 1907 918 1927 ramo
935 1900 1001 1928 oleae

208 1945 278 1978 dico,
299 1945 377 1972 deam
395 1945 494 1972 indico.
508 1943 564 1971 lloc
581 1944 653 1971 enim
669 1943 786 1971 Palladis
804 1944 908 1980 insigne
927 1945 1001 1973 exis-

207 1992 284 2018 timo.
297 1991 352 2018 Nec
368 1998 432 2018 vero
443 1991 468 2017 id
484 1990 555 2025 quod
571 1989 721 2024 hujusmodi
733 1990 795 2024 quis
808 1991 917 2023 dixerit,
932 1989 1001 2017 difﬁ-

207 2037 258 2065 cile
272 2042 313 2065 est
325 2037 356 2064 ad
370 2035 560 2064 inveniendum
578 2045 584 2062 :
603 2035 698 2062 saltem
712 2041 741 2062 ut
752 2036 808 2062 lucc
823 2043 875 2062 non
889 2035 1000 2062 imitans

210 2083 302 2118 procul
319 2082 353 2110 ab
372 2083 404 2110 iis
423 2082 504 2109 rebus
532 2082 577 2114 sit,
602 2089 670 2116 quas
694 2081 802 2116 quidem
829 2081 927 2115 partim
952 2088 1001 2115 pro

209 2130 319 2157 civitate
342 2129 459 2162 majores
483 2128 539 2155 illic
560 2127 722 2161 iacentium,
743 2127 841 2162 partim
865 2135 929 2155 vero
952 2135 1001 2162 pro

209 2177 336 2204 universa
363 2175 467 2203 Graecia
495 2174 541 2201 lilii
571 2179 699 2209 parentes
728 2181 792 2201 suos
817 2174 925 2206 imitati,
953 2181 1000 2208 per

209 2230 316 2250 onmem
330 2226 438 2249 :etalem
453 2225 481 2248 et
495 2220 695 2247 successionem
711 2221 798 2254 gentis
814 2219 999 2247 fortitudinem

211 2269 379 2303 proferentcs
392 2270 586 2301 susceperunt.
604 2265 809 2293 lleraclidarum
827 2273 892 2293 vero
906 2271 1001 2300 poten-

212 2315 276 2341 llum
306 2313 496 2344 admittcntes,
522 2312 633 2339 alterius
659 2312 767 2346 quidem
791 2311 903 2346 injurias
924 2319 1000 2340 com—

211 2363 388 2393 pascuernnt,
412 2357 464 2385 sibi
487 2365 552 2385 vero
577 2357 717 2385 fortunam
744 2362 894 2389 mutantes,
920 2357 1001 2386 totius

212 2405 388 2440 l'cloponncsi
410 2411 488 2439 reges
509 2411 558 2438 pro
580 2403 719 2433 exsulibus
745 2402 877 2431 fecerunt.
899 2403 1002 2432 Invidia

211 2455 300 2478 autem
317 2455 380 2478 tunc
396 2450 525 2485 temporis
548 2450 575 2476 in
590 2449 661 2476 hanc
676 2448 773 2476 urbem
793 2449 843 2476 tria
861 2450 929 2477 bella
952 2450 1004 2478 Do-

213 2497 298 2524 ricum
321 2496 411 2529 simul,
427 2501 452 2523 et
472 2495 621 2522 Bmoticum
647 2500 675 2523 et
699 2495 810 2531 insuper
826 2495 1004 2524 Cbalcidense

211 2543 395 2571 Concitarnnt.
410 2541 509 2577 364a
525 2541 584 2575 Qua
599 2541 681 2576 igitur
696 2541 803 2569 ratione
818 2540 861 2569 his
878 2542 1004 2569 omnibus

213 2589 278 2616 urbs
293 2588 412 2616 restitit?
426 2588 590 2615 Ceciderunt
604 2587 701 2620 Bmoti,
715 2587 799 2615 Dores
813 2587 913 2615 servati
928 2587 1005 2622 quic-

212 2639 328 2667 verunt;
354 2633 548 2661 Chalcidenses
574 2640 670 2660 omnes
699 2632 806 2660 abducti
836 2638 908 2660 sunt.
939 2633 1002 2660 Tria

200 2688 279 2709 “vero
307 2685 372 2709 tunc
400 2680 460 2708 lixit
486 2684 604 2714 tropaea,
627 2678 675 2706 sed
701 2678 833 2706 illustrior
856 2683 899 2706 est.
922 2686 1002 2712 quam

1012 982 1040 1009 δὲ
1052 983 1106 1009 τῶν
1123 982 1270 1019 βαρϐάρων
1283 984 1299 1018 ἡ
1316 983 1462 1016 πλάτανος.

1013 1034 1034 1062 Β
1051 1028 1132 1065 [1105
1148 1029 1193 1066 3.]
1211 1030 1262 1057 Ἐκ
1271 1030 1323 1057 τοῦ
1333 1030 1569 1065 πολεμαρχικοῦ.
1581 1046 1615 1051 -
1627 1031 1661 1057 Τὸ
1670 1031 1842 1066 προοίμιον.

1082 1075 1119 1102 οὐ
1130 1077 1187 1107 τοῖς
1199 1075 1314 1111 ψέγουσι
1331 1075 1376 1103 τὸν
1388 1076 1470 1112 νόμον
1485 1075 1540 1102 τῶν
1554 1075 1601 1103 ἐπὶ
1619 1076 1667 1103 τοῦ
1697 1077 1846 1112 μνήματος

1047 1121 1180 1149 εἰωθότων
1203 1122 1305 1156 λέγειν,
1323 1118 1391 1149 ἀλλὰ
1408 1123 1466 1154 τοῖς
1490 1122 1633 1149 ἐπαινοῦσι
1661 1123 1845 1158 συνθήσομαι.

1047 1166 1103 1193 Καὶ
1117 1166 1171 1202 γὰρ
1188 1167 1287 1194 ἄτοπον
1301 1167 1351 1200 τὴν
1367 1166 1414 1193 τοῦ
1429 1166 1520 1200 λέγειν
1547 1167 1673 1198 ἐξουσίαν
1699 1167 1766 1202 παρ’
1794 1168 1846 1194 αὑ-

1047 1212 1095 1238 τοῦ
1112 1212 1255 1245 λαϐόντας,
1287 1212 1348 1239 κατ’
1368 1212 1469 1239 αὑτοῦ⁸
1500 1214 1533 1248 τῇ
1552 1212 1651 1249 [παρὰ]
1678 1213 1725 1240 τοῦ
1753 1213 1847 1248 λέγειν

1048 1257 1158 1293 ἐξουσίᾳ
1176 1258 1305 1294 χρῆσθαι.
1320 1257 1372 1285 Τὸν
1388 1259 1443 1294 γὰρ
1467 1259 1500 1285 ἐκ
1517 1258 1564 1286 τοῦ
1580 1258 1696 1286 θανάτου
1720 1259 1805 1294 ῳόὸον
1832 1260 1848 1286 6

1049 1303 1197 1338 νομοθέτης
1209 1305 1241 1339 τῇ
1257 1303 1333 1340 παρὰ
1348 1304 1395 1330 τοῦ
1411 1304 1491 1338 λόγου
1505 1306 1572 1340 τιμῇ
1582 1305 1845 1340 παραμυθούμενος,

1049 1351 1146 1378 ἄοκνον
1161 1352 1227 1377 πᾶσι
1241 1350 1290 1386 τὴν
1301 1351 1403 1387 τόλμαν
1413 1351 1462 1387 τὴν
1476 1351 1546 1387 ὑπὲρ
1559 1351 1614 1378 τῶν
1624 1344 1757 1378 κινδύνων
1772 1352 1845 1379 καθ-

1052 1396 1167 1432 ίστησιν.
1187 1397 1220 1423 Ἠ
1237 1396 1265 1423 δὲ
1279 1396 1334 1423 τῶν
1359 1396 1505 1432 ἐγκωμίων
1519 1396 1591 1431 ἁρχὴ
1607 1395 1646 1431 τῷ
1668 1396 1717 1431 μὲν
1728 1396 1740 1412 θ
1751 1396 1845 1424 δοκεῖν

1051 1442 1128 1477 κοινὴ
1143 1442 1211 1478 πρὸς
1229 1443 1354 1474 ἅπαντας
1369 1441 1403 1475 ¹⁰,
1418 1441 1449 1468 τὸ
1476 1441 1499 1468 δ’
1527 1441 1627 1477 ἀληθὲς
1660 1441 1717 1468 τῶν
1739 1441 1848 1477 ἀνδρῶν

1051 1488 1153 1515 τούτων
1164 1487 1315 1524 ἐξαίρετος.
1334 1489 1366 1515 Οἱ
1380 1488 1429 1523 μὲν
1444 1487 1498 1524 γὰρ
1512 1488 1576 1520 τοὺς
1596 1487 1693 1519 ἄλλους
1722 1488 1850 1514 ἐπαινεῖν

1052 1533 1261 1567 σπουδάζοντες,
1278 1534 1322 1561 ἵνα
1346 1534 1376 1560 τὸ
1400 1534 1478 1569 γένος
1500 1534 1668 1570 ὑμνήσωσιν,
1681 1533 1721 1580 εξς
1745 1534 1851 1569 προγό-

1051 1587 1105 1608 νων
1121 1579 1198 1612 τινὰς
1212 1579 1351 1616 εὐφημίας
1365 1579 1415 1615 τὴν
1429 1579 1477 1606 τοῦ
1491 1579 1582 1614 λέγειν
1608 1579 1690 1614 φύσιν
1709 1579 1850 1606 ἀναὸιῦἀ-

1052 1627 1156 1660 ζουσιν,
1171 1627 1187 1662 ἦ
1203 1626 1252 1662 τὴν
1277 1627 1329 1661 γῆν
1351 1625 1412 1653 ὅθεν
1427 1627 1451 1652 οἱ
1464 1625 1592 1662 πρόγονοι
1607 1625 1660 1653 τῶν
1679 1625 1852 1660 ἐπαινουμέ-

1052 1682 1105 1700 νων
1119 1673 1252 1708 ὲγένοντο.
1270 1672 1372 1704 Πάντες
1384 1671 1438 1708 γὰρ
1461 1671 1592 1703 ὲπιεικῶς
1608 1671 1633 1698 οἱ
1650 1671 1781 1707 πρόγονοι
1792 1671 1851 1698 τῶν

1053 1718 1191 1754 πανταχοῦ
1205 1718 1420 1754 θαυμαζομένων
1431 1718 1575 1754 ἐπήλυδες.
1591 1718 1628 1744 Οὐ
1644 1718 1698 1753 μὴν
1715 1717 1763 1744 καὶ
1777 1717 1853 1744 κατὰ

1053 1764 1156 1790 τούτων
1167 1764 1180 1790 ὁ
1194 1763 1277 1799 νόμος
1294 1761 1372 1794 οὗτος
1387 1763 1541 1798 νενίκηκεν,
1555 1763 1612 1789 ἀλλ’
1632 1762 1701 1798 ὁμοῦ
1716 1771 1747 1789 τε
1764 1763 1850 1798 Ἀθη-

1054 1809 1145 1840 ναίους
1162 1809 1288 1843 εἴρηκας,
1311 1809 1360 1835 καὶ
1387 1807 1458 1843 μετὰ
1489 1808 1540 1843 τῆς
1568 1807 1728 1841 ἐπωνυμίας
1756 1806 1852 1842 δηλοῖς

1053 1855 1116 1887 τοὺς
1130 1854 1305 1889 αὐτόχθονας.
1326 1854 1443 1886 ’Ἂοπλος
1456 1852 1490 1889 ἦν
1509 1855 1523 1880 ὁ
1538 1854 1596 1889 βίος
1608 1862 1616 1870 ·
1634 1854 1705 1880 ὅπλα
1719 1853 1776 1880 τῶν
1792 1862 1853 1880 κιν-

1054 1901 1217 1928 δυνευόντων
1228 1900 1397 1936 προύϐάλετο
1411 1900 1443 1927 ¹¹.
1463 1900 1573 1926 Ἵππων
1594 1900 1694 1935 χρῆσιν
1713 1900 1764 1926 οὐκ
1781 1899 1851 1934 ἡπί-

1056 1955 1160 1974 στατο·
1176 1948 1282 1983 μερίζει
1310 1947 1407 1983 πρώτη
1434 1947 1501 1982 πρὸς
1525 1939 1623 1976 ἄθλους
1648 1946 1696 1972 καὶ
1723 1946 1848 1981 πολέμου

1054 1992 1150 2028 χρείαν
1164 1993 1214 2027 τὴν
1229 1993 1321 2020 ἵππων
1329 1992 1446 2027 γένεσιν.
1465 1991 1616 2027 Κριθείσης
1625 1991 1653 2018 δὲ
1665 1991 1716 2025 τῆς
1729 1991 1850 2027 ἁμίλλης

1055 2038 1144 2073 θαλλῷ
1159 2047 1188 2065 τε
1200 2038 1220 2054 ¹¹
1235 2038 1284 2064 καὶ¹
1295 2037 1408 2073 κύματι,
1429 2037 1468 2072 τῷ
1482 2036 1571 2072 θαλλῷ
1583 2036 1633 2072 τὴν
1644 2036 1736 2071 ψῆφον
1762 2037 1852 2064 τίθεν-

1053 2094 1107 2112 ται.
1124 2084 1168 2120 Τῷ
1182 2083 1270 2119 θαλλῷ
1286 2083 1308 2110 δ’
1322 2084 1387 2111 ὅταν
1405 2083 1474 2109 εἴπω
1486 2103 1493 2116 ,
1508 2085 1541 2118 τῇ
1558 2082 1644 2117 θεῷη
1657 2082 1748 2116 λέγω·
1768 2081 1850 2117 Ἀθη-

1054 2131 1102 2161 νᾶς
1117 2129 1184 2164 γὰρ,
1198 2125 1286 2163 οἶμαι,
1304 2127 1335 2154 τὸ
1351 2126 1505 2162 γνώρισμα.
1516 2126 1599 2153 Ἀλλὰ
1614 2126 1667 2161 γὰρ
1680 2126 1730 2161 οὐχ
1741 2126 1756 2152 ὃ
1769 2135 1795 2152 τι
1809 2134 1850 2156 τις

1054 2174 1174 2201 τοιοῦτον
1186 2173 1250 2208 εἴπῃ
1263 2172 1284 2187 ’⁸
1297 2171 1417 2207 χαλεπὸν
1439 2172 1541 2207 εὑρεῖν,
1566 2171 1623 2197 ἀλλ’
1644 2169 1718 2206 [οὖν]
1731 2171 1753 2187 ⁸⁸
1775 2171 1850 2201 ὅπως

1057 2220 1093 2255 μὴ
1102 2219 1207 2250 τούτοις
1223 2218 1356 2253 ἑπόμενος
1377 2218 1472 2253 πόρρω
1499 2217 1553 2243 τῶν
1570 2214 1702 2252 πράξεων
1723 2218 1848 2252 γένηται,

1054 2265 1087 2294 ἃς
1101 2264 1179 2292 τοῦτο
1195 2265 1243 2300 μὲν
1262 2264 1331 2299 ὑπὲρ
1343 2265 1392 2299 τῆς
1417 2263 1523 2295 πόλεως
1539 2264 1563 2289 οἱ
1593 2263 1647 2289 τῶν
1669 2263 1734 2298 τῇδε
1752 2262 1847 2297 κειμέ-

1055 2321 1109 2340 νων
1124 2312 1264 2347 πρόγονοι,
1279 2311 1358 2337 τοῦτο
1372 2310 1401 2336 δὲ
1428 2309 1500 2345 ὑπὲρ
1524 2309 1574 2344 τῆς
1598 2309 1661 2344 ὅλης
1681 2309 1703 2324 ’⁸
1725 2308 1849 2339 Ἑλλάδος

1055 2359 1166 2394 ἤραντο,
1184 2358 1278 2389 παῖδες
1295 2357 1416 2392 πατέρας
1436 2355 1612 2391 μιμούμενοι,
1627 2355 1675 2382 καὶ
1695 2354 1740 2382 διὰ
1759 2355 1849 2389 πάσης

1019 2388 1041 2415 D
1055 2388 1164 2439 ηλικίας
1175 2413 1204 2430 τε
1220 2403 1287 2438 όμοῦ
1297 2403 1344 2430 καὶ
1358 2388 1485 2437 έιαδοχῆς
1511 2388 1559 2428 τοῦ
1572 2402 1668 2436 γένους
1684 2402 1736 2436 τὴν
1765 2388 1848 2435 εὐψυ-

1052 2451 1114 2485 χίαν
1128 2449 1370 2481 καταϐιϐἁζοντες.
1393 2448 1575 2482 Ἡρακλείδας
1600 2447 1629 2474 δὲ
1653 2446 1848 2481 ὑποδεξάμενοι

1052 2497 1098 2523 τὸν
1115 2496 1165 2531 μὲν
1182 2495 1327 2530 ὑϐρίζοντα
1342 2495 1392 2530 τῆς
1408 2494 1585 2530 παρανομίας
1604 2493 1740 2525 ἔπαυσαν,
1755 2492 1846 2523 αὐτοῖς

1053 2543 1148 2579 δὲτὴν
1179 2542 1265 2578 τύχην
1298 2541 1466 2577 ἀμείψαντες
1490 2539 1618 2575 βασιλέας
1641 2538 1846 2574 Πελοποννήσου

1055 2589 1146 2624 πὲσης
1161 2589 1222 2615 ἀντὶ
1232 2588 1359 2622 φυγάδων
1368 2588 1388 2603 ¹⁷
1406 2587 1582 2622 εἰργάσαντο.
1609 2585 1736 2620 Ἐκίνησε
1751 2585 1846 2619 φθόνος

1058 2634 1180 2671 [59⁸211]
1193 2635 1258 2661 ποτὲ
1271 2633 1341 2660 κατὰ
1367 2633 1416 2668 τῆς
1434 2633 1538 2664 πόλεως
1562 2631 1683 2667 Δωρικὸν
1699 2630 1768 2666 ὁμοῦ
1797 2629 1844 2658 καὶ

1057 2680 1185 2707 Βοιώτιον
1203 2681 1251 2707 καὶ
1265 2679 1380 2715 προσέτι
1404 2678 1560 2705 Χαλκιδέων
1581 2677 1637 2704 τῶν
1661 2676 1709 2703 ἀπ’
1735 2675 1847 2706 Εὐϐοίας

872 2757 987 2786 VARUE
1003 2759 1210 2787 LECTlONES.

251 2820 334 2857 σὲμὴ]
342 2819 486 2857 Ἑλληνικὴ
498 2818 711 2857 Χδότῃεάοτίῖιιει
733 2823 756 2857 _7
768 2817 890 2857 πλὼζμος
903 2828 933 2857 ς.
965 2818 976 2835 ⁸
987 2818 1047 2857 καθ’
1055 2818 1152 2857 suo:ch
1163 2819 1231 2857 C.»_°
1248 2817 1299 2857 μὲν
1312 2825 1355 2844 om
1361 2837 1371 2857 ._
1377 2816 1424 2857 _B,_‘
1434 2855 1439 2857 _
1485 2815 1558 2842 ἅπαν
1572 2815 1623 2857 λη
1633 2814 1656 2857 “_
1661 2813 1846 2857 3190559131530

217 2848 294 2885 ABG:
317 2848 353 2873 u”
364 2855 405 2893 τε]
416 2848 446 2882 τε
459 2848 552 2887 ἐλαίας
563 2855 593 2883 C.
620 2855 641 2872 ¹³
653 2856 685 2892 τῇ
698 2853 751 2889 θεῷ
765 2854 786 2881 A
799 2848 864 2890 ίτῆν
880 2848 939 2882 θεον
954 2863 982 2899 τι
1014 2855 1034 2870 ⁸³
1046 2854 1117 2881 εἴποι
1134 2853 1163 2881 Β.
1196 2853 1218 2870 ¹³
1231 2848 1276 2881 οἷν
1293 2861 1346 2880 om.
1363 2854 1393 2880 (ὲ.
1408 2848 1440 2871 Ἲε
1451 2852 1515 2887 ὅλης
1532 2859 1587 2879 om.
1604 2850 1634 2879 C.
1649 2851 1670 2866 "
1687 2850 1806 2885 φυγάδος
1815 2848 1842 2874 Β.
