1919 3096
128 160 191 193 1341
624 164 884 197 BIBLIOTHECA.
901 179 937 185 -

955 167 1037 199 COD.
1052 167 1205 199 CCXLIII.
1542 191 1545 195 .
1686 162 1755 197 1342

114 217 147 243 ἐκ
156 216 251 252 τρίτου
268 217 398 254 πόλεμον.
418 219 480 250 Πῶς
494 217 542 247 οὖν
556 219 643 248 ἇπασι
658 222 764 254 τούτοις
798 223 816 258 ὴ
833 222 910 254 πόλις

964 223 1076 251 victoria
1095 223 1234 251 celeritas.
1251 222 1313 251 Uno
1328 221 1372 250 die
1392 221 1501 249 Eubmis
1521 225 1550 248 et
1573 219 1675 248 Boeotis
1698 224 1756 248 tro-

114 263 254 299 ἁντέστης
271 263 386 290 ἔπιπτον
408 265 532 298 Βοιωτοὶ,
553 266 668 302 Δωριεῖς
679 268 794 302 ἠγάπων
823 267 910 300 σωζό-

116 317 205 343 μενοι,
223 309 369 341 Χαλκιδεῖς
388 310 507 342 ἅπαντες
523 312 630 347 ἠγοντο,
648 314 711 348 τρία
735 313 763 340 δὲ
789 314 912 349 εἱστήκει

114 353 246 388 τρόπαια.
262 355 322 382 Τῶν
333 355 361 382 δέ
373 357 512 391 τροπαίων
526 357 556 384 τὸ
571 358 652 392 τάχος
672 358 731 385 ἐστὶ
751 358 911 394 λαμπρότε-

115 407 164 432 ρον
173 405 180 413 ⁸
199 400 231 426 τὸ
248 400 303 434 γὰρ
315 401 375 427 κατ’
391 401 506 433 Εὐϐοίας
516 402 563 428 καὶ
576 402 702 429 Βοιωτῶν
714 404 779 438 μιᾶς
792 401 826 439 ἦν
843 405 911 439 ὴμέ-

115 453 170 480 ρας
196 445 228 472 τὸ
258 447 474 483 συναμφότερον.
509 448 590 475 ’Δλλὰ
616 449 671 485 γὰρ
697 449 774 477 ἔοικα
798 452 864 477 πᾶσι
880 450 911 477 τὺ

114 491 201 526 μέρος
215 492 369 520 ἀποδιδόναι
401 494 450 529 τῆς
477 495 615 530 εὐφημίας
644 495 804 532 βουλόμενος
821 497 877 529 τοῖς
889 497 911 514 ⁸⁸

111 536 173 562 ἄνω
188 537 294 572 χρόνοις
312 539 383 574 ὑπὲρ
397 540 446 574 τῆς
462 540 593 576 πατρίδος
613 541 662 568 καὶ
677 541 776 574 παντὸς
787 542 849 575 ζτοῦ
866 543 911 576 γέ·-

111 589 180 613 νους
195 582 266 609 κατὰ
286 583 336 615 τὰς
352 585 443 620 μάχας
468 586 659 621 πρωτεύσασιν
671 587 705 620 ¹⁹,
723 587 785 614 οὔτε
804 589 910 620 τούτοις

110 627 165 661 τὴν
176 627 255 659 ἀξίαν
269 631 363 665 τηρεῖν
378 632 417 665 τῷ
431 631 461 657 τὺ
477 631 593 667 μέγεθος
601 632 657 659 τῶν
668 633 794 668 πράξεων
811 634 840 660 ἐν
867 633 907 670 τῷ

110 672 170 699 τῶν
183 673 272 707 λόγων
284 675 362 710 τάχει
374 675 610 712 συγκρύπτεσθαι,
632 678 680 705 καὶ
704 679 786 714 μήπω
802 679 907 706 τούτων

111 720 336 754 προσάπτεσθαι,
352 718 390 749 ὧν
405 723 422 758 ἡ
431 723 485 750 τῶν
498 724 683 760 ἀκροωμένων
694 725 844 760 προσδοκία
859 726 907 762 ζη-

109 764 200 792 τοῦσα
213 767 298 794 πάλαι
307 768 355 795 τὸν
369 768 483 796 ἔπαινον
499 770 643 805 ἀσχάλλειν
656 770 744 798 ἔοικεν
769 772 809 798 ὅτι
824 772 909 808 μήπω

963 275 1019 303 pata
1031 273 1121 296 erecta
1140 272 1213 296 sunt.
1230 268 1336 296 Etenim
1352 275 1413 295 eum
1428 267 1539 301 cupiam
1558 266 1685 294 omnibus
1699 265 1757 301 glo—

965 314 1012 342 ria:
1034 314 1152 350 aliquam
1174 319 1279 349 partem
1303 313 1336 341 iis
1361 313 1492 344 tribuere,
1508 314 1553 348 qui
1570 311 1756 347 superioribus

962 359 1018 388 illis
1041 359 1208 395 temporibus
1227 367 1277 394 pro
1299 359 1398 394 patria,
1423 358 1551 392 omnique
1576 358 1685 393 populo,
1703 365 1755 392 pu-

963 407 1070 441 gnando
1085 406 1186 441 primas
1208 404 1344 437 ferebant,
1361 405 1434 432 visus
1456 411 1514 431 sutn
1534 410 1566 429 ne
1590 403 1631 429 his
1645 402 1755 437 quidem

964 452 1031 480 satis
1051 452 1157 487 dignam
1177 452 1335 485 contulisse,
1352 459 1442 479 rerum
1460 456 1599 485 gestarum
1620 448 1756 484 magnitu-

964 498 1055 526 dinem
1073 498 1218 526 verborum
1239 498 1361 526 exilitate
1383 497 1540 528 deterendo,
1556 502 1644 530 neque
1666 495 1755 522 attin-

964 545 1050 580 gendo
1064 552 1096 572 ea
1116 552 1229 579 quarunt
1254 545 1360 572 laudem
1385 544 1520 572 auditores
1537 543 1639 578 pridem
1657 549 1755 577 exspe-

964 595 1070 618 cmntes
1086 590 1220 626 indignari
1236 591 1371 623 videntur,
1385 589 1457 624 quod
1471 597 1563 617 eorum
1582 588 1627 616 fiat
1643 588 1755 616 ntinime

958 635 1091 664 desiderio
1106 636 1182 664 satis.
1203 636 1265 663 Πιιιο
1281 635 1363 671 igitur
1376 636 1436 669 jam
1458 636 1581 663 oratione
1598 634 1753 662 tractanda.

958 681 1125 709 Necessitate
1153 688 1221 709 vero
1249 689 1341 716 parem
1370 681 1486 710 dicendo
1515 688 1568 708 non
1598 687 1668 713 esse,
1699 687 1753 707 non

961 727 1023 755 unis
1058 727 1197 762 proprium
1235 727 1360 761 crimen,
1385 727 1433 755 sed
1462 733 1606 756 commune
1633 725 1754 753 omnium

963 773 1054 802 fuerit.

109 813 164 847 τῆς
187 813 334 848 ἐπιθυμίας
350 815 531 850 ἐμπίπλαται.
558 817 663 844 Ούκοῦν
689 817 737 844 ἐπὶ
749 817 835 845 ταῦτα
859 819 909 855 ἢδη
931 819 1000 846 ἰτέον
1017 819 1056 856 τῷ
1065 820 1147 856 λόγῳ.
1167 820 1203 848 Τὸ
1217 820 1246 848 δὲ
1262 819 1292 854 ἐξ
1305 818 1429 855 ἀνάγκης
1457 817 1655 846 ἀπολείπεσθαι
1689 817 1755 854 μέλ-

108 858 172 886 λειν
186 860 241 886 τῶν
259 860 397 895 πράξειιω,
412 862 453 888 ὄτι
473 862 562 890 κοινὸν
580 863 719 896 ἁπάντων,
750 863 856 896 οὐδενὸς
879 864 911 891 ἂν
928 864 972 900 εἴη
987 865 1090 893 δίκαιον
1105 865 1242 902 ἔγκλημα.

151 906 256 941 Πέρσαι
289 906 389 942 κλῆρον
416 907 465 934 ἕνα
484 908 535 944 τὴν
558 908 603 943 ὑφ’
620 909 689 945 ἡλίῳ
712 910 803 938 πᾶσαν
819 910 906 944 δεῖξαι
923 913 944 942 Β

107 953 170 984 τοῖς
183 952 275 984 ὅπλοις
291 952 458 988 βουλόμενοι,
475 954 566 990 μικρῷ
588 955 666 991 μέρει
689 955 729 991 τῷ
743 957 811 991 πρὸς
825 957 908 983 ἐσπέ-

110 1006 166 1033 ραν
193 998 338 1033 πληρῶσαι
362 999 411 1034 τὴν
426 999 577 1035 ἐπιθυμίαν
599 1000 774 1035 ἁπείργοντο.
813 1002 859 1034 Ὧς
885 1002 908 1029 δ’

109 1044 196 1076 ἀφεὶς
209 1043 257 1070 ἀπ’
269 1044 292 1060 ²⁰
309 1044 411 1076 Ἰωνίας
422 1046 436 1071 ό
449 1046 552 1078 στόλος,
572 1047 620 1073 καὶ
636 1047 719 1074 πάλιν
742 1047 907 1083 ἀποκρύψας

109 1088 215 1124 πλήθει
233 1089 341 1116 νεῶντδ
367 1091 541 1126 φαινόμενον,
568 1092 634 1127 περὶ
655 1092 706 1124 τὰς
735 1093 834 1129 νήσους
859 1093 909 1126 τὰς

108 1134 176 1161 κατ’
191 1135 304 1169 Αἰγαῖον
315 1136 448 1171 ἐσχίζετο,
472 1136 553 1173 ["08
577 1137 624 1174 Π.]
646 1138 697 1174 τὴν
724 1138 774 1174 μὲν
801 1139 909 1173 Ναξίων

108 1180 193 1207 πόλιν
207 1181 275 1216 πρὸς
290 1181 338 1216 τὴν
359 1182 494 1209 θάλατταν
509 1183 590 1216 εὐθὺς
606 1185 758 1219 μερίζεται,
790 1187 822 1220 τῇ
854 1186 904 1221 μὲν

109 1226 195 1260 ἀφεὶς
205 1227 227 1242 ²¹
244 1227 314 1262 μετὰ
326 1227 375 1262 τῆς
388 1228 547 1264 ἐπωνυμίας
559 1229 703 1265 τοῦδαφος,
721 1230 803 1263 αὐτὸς
818 1231 847 1258 δὲ
874 1231 905 1258 τὸ

109 1272 193 1306 γένος
206 1273 247 1304 εἰς
258 1273 306 1304 τὰς
319 1273 442 1309 τριήρεις
457 1274 602 1310 ἐνθέμενος
614 1283 621 1291 ·
641 1276 687 1303 τὸν
697 1276 725 1304 δὲ
746 1276 908 1313 Ἐρετριέων

109 1317 200 1352 δῆμον
210 1318 301 1344 ὅπλων
313 1319 364 1354 μὲν
376 1319 428 1347 οὐκ
444 1319 575 1354 ἠξίωσαν,
609 1320 740 1348 ἐλάττονα
767 1321 905 1358 Περσικοῦ

111 1363 235 1398 πολέμου
248 1364 298 1399 τὴν
311 1364 397 1402 τύχην
413 1365 504 1392 αὐτῶν
515 1366 688 1400 νομίσαντες,
704 1368 777 1403 χειρὶ
789 1368 817 1395 δὲ
830 1369 910 1403 χεῖρα

112 1410 217 1441 πάντες
230 1410 353 1446 ἀλλήλων
382 1411 542 1447 συνέχοντες
573 1413 722 1448 σαγηνείας
747 1414 840 1441 εἰκόνα
859 1414 909 1450 τὴν

118 1456 286 1491 Ἐρετριέων
298 1457 402 1491 ἔδειξαν
415 1458 559 1494 πόρθησιν.
586 1459 663 1486 Ἐπεὶ
691 1459 721 1486 δὲ
736 1460 785 1487 καὶ
810 1461 909 1497 Μαρα-

113 1503 202 1536 οῶνος
219 1504 335 1540 ἥψαντο,
351 1505 386 1532 τὰ
403 1505 452 1541 μὲν
465 1505 520 1532 τῶν
531 1505 647 1533 ἐλπίδων
657 1506 801 1542 ἠφάνιστο,
824 1507 910 1542 ἐγνώ-

114 1559 196 1586 ρισαν
213 1551 241 1577 δὲ
252 1551 342 1584 καλῶς
354 1551 399 1579 διὰ
412 1552 462 1587 τῆς
474 1552 574 1588 πείρας
588 1552 720 1586 μαθόντες
731 1553 794 1579 ὅσον
816 1553 847 1579 τὸ
862 1553 910 1588 μέ-

113 1605 164 1628 σον
179 1597 341 1633 Ἐρετριέων
357 1598 405 1625 κα)⁸
418 1598 468 1633 τῆς
481 1598 619 1636 ἡμετέρας
647 1598 762 1630 πόλεως.
786 1598 854 1625 Τότε
868 1607 910 1631 τις
924 1588 945 1618 c

113 1643 162 1669 καὶ
176 1643 247 1670 κατὰ
258 1643 389 1679 τριήρους
414 1643 479 1679 ὅλης
494 1644 621 1676 ναυτικὸς
647 1643 818 1679 στρατιώτης
836 1644 911 1671 ἐτόλ-

115 1697 205 1724 μησεν
220 1696 228 1703 ⁸
249 1688 411 1725 ἐπιδραμὼν
425 1689 480 1724 γὰρ
494 1691 550 1721 τοῖς
565 1689 711 1724 φεύγουσιν
723 1690 764 1722 εἰς
787 1690 837 1725 τὴν
864 1690 911 1717 οά-

113 1736 219 1762 λασοαν
233 1734 376 1770 Φοινίσσης
393 1735 462 1767 νεὼς
473 1735 653 1769 λαμϐάνεται,
664 1735 806 1771 κρείττονα
821 1735 910 1769 δεξιὰν

114 1781 188 1817 ἔχειν
204 1781 336 1816 τριήρους
350 1781 415 1816 ὅλης
429 1782 562 1816 οἰόμενος,
578 1781 722 1814 Δείσαντες
737 1782 845 1818 δὲύπὲρ
860 1783 911 1818 τῆς

112 1826 246 1862 τριήρους
259 1826 284 1852 οἰ
302 1825 446 1861 βάρϐαροι,
468 1825 505 1862 μὴ
531 1826 622 1858 δεξιᾶς
650 1826 778 1862 Ἀττικῆς
797 1828 910 1863 γένηται

113 1872 247 1908 λάφυρον,
267 1872 377 1899 πελέκει
393 1873 443 1907 τὴν
454 1873 534 1908 χεῖρα
550 1872 719 1908 μερίζουσιν.
737 1873 767 1900 '0
794 1873 823 1900 δὲ
839 1874 909 1909 πλη-

113 1919 175 1954 γεὶς
194 1919 284 1946 ἔκειτο
310 1919 361 1955 τῆς
386 1920 435 1955 μὲν
454 1921 547 1955 χειρὸς
567 1921 728 1956 ἀφαιρεθεὶς
740 1922 772 1955 η,
802 1922 853 1957 τῆς
881 1921 910 1948 δὲ

113 1966 247 2001 τριήρους
262 1965 402 2000 ἐχόμενος.
427 1963 463 1992 Ὦ
490 1966 593 2001 πρῶτοι
617 1967 666 2003 τὴν
690 1967 804 2003 Περσῶν
824 1967 910 2003 τύχην

115 2012 290 2047 ἐλέγξαντεςί
309 2009 331 2039 ὦ
349 2012 492 2048 κρείττους
523 2013 573 2048 τῆς
598 2013 774 2050 ἀνθρωπίνης
796 2014 905 2049 φύσεως

115 2057 195 2089 νίκας
208 2057 385 2092 νικήσαντεςί
401 2053 423 2083 ὦ
438 2056 507 2092 μετὰ
525 2057 704 2094 διηγημάτων
731 2059 874 2092 πεσόντες,
890 2058 908 2086 ἃ

117 2103 188 2138 μήτε
202 2102 256 2138 πρὸ
273 2102 350 2137 ὑμῶν
366 2103 434 2138 μήτε
450 2103 509 2138 μεθ’
527 2103 600 2138 ὑμᾶς
623 2104 637 2130 ό
656 2103 751 2140 χρόνος
776 2104 907 2140 ἤνεγκενί

117 2146 142 2176 ὦ
159 2149 325 2184 σεμνότερον
353 2149 485 2184 τροπαίου
504 2144 598 2184 τάφον
630 2149 813 2185 κτησάμενοιί
830 2147 853 2176 ὦ
879 2149 910 2176 τὸ

115 2195 290 2230 Μαραθῶνος
323 2194 410 2231 ὄνομα
432 2196 488 2227 τοῖς
509 2195 585 2228 ἡλίου
616 2195 726 2230 δρόμοις
750 2195 909 2222 συναποτεία

114 2243 225 2273 νοντεςί
244 2241 383 2276 Μαραθὼν
399 2241 448 2276 μὲν
458 2241 515 2276 ἔχει
525 2241 560 2268 τὰ
575 2240 700 2276 σώματα,
709 2241 758 2273 τὰς
779 2241 807 2267 δὲ
821 2240 909 2276 ψυχὰς

114 2288 139 2314 οἱ
157 2287 360 2323 συστρατιῶται
377 2287 445 2319 θεοὶ,
459 2287 494 2322 γῆ
507 2287 535 2313 δὲ
550 2287 580 2314 τὸ
607 2287 686 2318 κλέος
707 2287 755 2314 καὶ
779 2287 908 2315 θάλαττα,

116 2333 297 2369 Θυμουμένου
311 2333 339 2360 δὲ
353 2333 402 2359 τοῦ
412 2332 512 2368 Ξέρξου
536 2332 606 2360 κατὰ
629 2333 680 2367 τῆς
706 2332 812 2364 πόλεως
836 2332 913 2359 οὐδὲν

116 2379 171 2405 τῶν
186 2379 297 2406 πάντων
311 2378 460 2414 ἡσύχαζεν,
475 2378 544 2405 ἀλλὰ
567 2379 622 2404 πᾶν
647 2377 722 2413 αὒτῷ
747 2379 913 2405 συνεκινεῖτο

117 2425 166 2452 καὶ
176 2425 340 2457 συνεσείετο,
353 2424 480 2460 καθάπερ
494 2424 663 2456 Ποσειδῶνος
674 2424 758 2451 αὑτοῦ
770 2424 912 2451 τινάσσον-

117 2480 163 2502 τυς
173 2471 196 2486 ’³
209 2471 261 2506 γῆν
275 2470 343 2506 ὁμοῦ
352 2471 443 2498 πᾶσαν
464 2471 513 2498 καὶ
528 2469 664 2498 θάλατταν
674 2470 707 2498 ’⁸.
734 2470 770 2505 Γῆ
784 2470 849 2506 [595
864 2469 909 2506 Π.]

119 2517 149 2543 δὲ
177 2517 225 2543 καὶ
248 2517 368 2544 θάλαττα
398 2517 448 2552 τὴν
481 2516 606 2552 ἀλλήλων
632 2516 713 2551 φύσιν
737 2516 910 2552 ὴλλάττοντο.

119 2563 182 2594 Τοῖς
193 2563 243 2599 μὲν
253 2563 386 2599 πορθμοῖς
399 2562 578 2598 ἐπετίθειτὴν
590 2563 713 2598 ἡπειρον,
731 2562 782 2594 τὰς
798 2562 827 2588 δὲ
850 2562 912 2589 Φοι-

120 2608 215 2640 νεσσας
227 2609 272 2635 διὰ
283 2609 337 2635 τῶν
352 2608 456 2644 ἰσθμῶν
468 2608 602 2644 ἔπεμπεν.
627 2607 716 2643 Ὠφοη
734 2608 795 2635 τότε
820 2607 911 2643 πάσης

120 2654 229 2686 ἐλπίδος
245 2654 388 2690 κρείττονα
403 2654 542 2690 θαύματα,
558 2654 641 2686 ἵππος
667 2653 728 2681 καθ’
744 2653 910 2689 Ἑλλησπόν-

121 2700 201 2727 τουη
212 2700 333 2737 Μηδικὴ,
349 2700 439 2728 καὶδι⁹
463 2700 539 2727 Ἀθω
567 2700 651 2735 μέσου
675 2700 767 2731 στόλος
791 2699 914 2735 τριηρῶν

121 2747 310 2783 πεμπόμενος.
331 2747 472 2783 ’Δπείχετο
485 2746 508 2773 δ’
519 2747 533 2774 ὁ
545 2745 649 2784 Ξέρξης
660 2747 720 2774 οὐδὲ
730 2745 845 2782 ούρανοῦ
855 2746 913 2777 τοῖς

995 911 1085 940 Persae
1100 917 1186 940 totum
1202 917 1335 939 terrarum
1352 910 1446 938 orbem
1467 917 1520 938 uno
1534 917 1618 945 regno
1632 909 1754 938 volentes

961 957 1109 991 includere,
1129 965 1177 992 spe
1200 964 1248 984 sua
1273 956 1395 983 frustrati
1419 959 1494 988 sunt,
1513 962 1575 983 cutn
1602 962 1654 982 una
1676 958 1755 989 parte

962 1002 1142 1030 Occidentalis
1163 1002 1239 1038 regni
1254 1001 1431 1036 cupiditatem
1450 999 1562 1035 implere
1582 1007 1636 1027 nou
1659 1004 1753 1034 potue-

960 1049 1023 1076 rint.
1048 1048 1149 1076 Classis
1173 1049 1245 1076 enim
1267 1055 1300 1075 ex
1327 1047 1400 1075 lonia
1431 1047 1559 1080 solvens,
1600 1046 1755 1080 iterumque

960 1093 1133 1121 multitudine
1168 1093 1276 1120 navium
1316 1099 1409 1127 aequor
1451 1096 1562 1125 tegens,
1597 1091 1754 1125 insulasque

958 1139 1043 1175 ΛΕεωί
1066 1140 1159 1172 maris,
1176 1139 1307 1174 dissipata
1323 1143 1375 1167 est.
1392 1138 1539 1165 Naxiorum
1557 1137 1666 1172 quidem
1687 1136 1754 1164 civi-

961 1193 1043 1215 tatem
1070 1187 1103 1214 ad
1128 1194 1204 1214 mare
1231 1186 1324 1214 statim
1354 1185 1476 1218 invadit,
1505 1184 1551 1212 ubi
1573 1192 1632 1211 eam
1659 1183 1754 1211 urbem

960 1235 1082 1263 funditus
1103 1241 1155 1261 una
1173 1241 1233 1262 cum
1251 1233 1360 1261 nomine
1381 1233 1536 1266 dirucrunt,
1552 1236 1579 1259 et
1593 1235 1702 1267 gentem
1725 1230 1753 1258 in

961 1282 1086 1309 triremes
1100 1281 1293 1314 imposuerunt.
1306 1279 1401 1314 Operae
1415 1279 1530 1314 pretium
1553 1285 1605 1305 non
1618 1278 1755 1305 duxerunt

959 1335 1021 1356 cum
1046 1326 1248 1355 Erctricnsibus
1274 1326 1357 1353 armis
1382 1325 1531 1356 decertare,
1555 1323 1626 1358 quod
1655 1330 1752 1350 eorum

961 1372 1095 1400 fortunam
1118 1371 1228 1400 Persico
1247 1371 1317 1399 bello
1339 1370 1494 1398 inferiorem
1517 1373 1653 1404 putarent.
1681 1367 1755 1396 Inter

961 1426 991 1447 se
1011 1418 1137 1445 manibus
1150 1418 1285 1445 consertis
1299 1417 1335 1444 ita
1350 1418 1509 1444 invaserunt
1522 1415 1703 1448 Eretrienses,
1723 1420 1755 1442 ac

961 1463 984 1492 si
1006 1463 1033 1491 itt
1055 1471 1154 1498 sagena
1176 1463 1379 1490 concluderent.
1397 1461 1463 1489 Cum
1485 1461 1671 1488 Marathonem
1692 1460 1756 1487 atti-

961 1509 1074 1545 gissent,
1091 1515 1154 1542 spes
1176 1507 1337 1535 labefactata
1363 1510 1414 1534 est.
1440 1506 1529 1534 Probe
1552 1506 1626 1534 enim
1647 1506 1756 1540 experi-

962 1559 1052 1581 mento
1066 1554 1137 1582 docti
1153 1553 1314 1585 didicerant,
1330 1556 1462 1588 quantum
1480 1551 1551 1580 inter
1565 1559 1614 1579 nos
1644 1555 1671 1579 et
1689 1550 1756 1578 Ere-

964 1600 1082 1627 trienses
1097 1599 1254 1626 interesset.
1270 1597 1339 1625 Tum
1364 1597 1468 1626 navalis
1483 1597 1592 1633 quidam
1610 1597 1688 1624 miles
1707 1597 1755 1624 ad-

963 1651 1059 1672 versus
1085 1644 1219 1677 integram
1249 1643 1388 1670 triremem
1417 1650 1500 1671 ausus
1526 1647 1566 1671 est
1592 1643 1755 1677 depugnare.

964 1689 1068 1724 Urgens
1086 1688 1220 1722 fugientes
1244 1689 1278 1716 ad
1299 1696 1373 1716 tnare
1392 1688 1549 1721 Phoenicim,
1572 1688 1632 1714 navi
1660 1695 1756 1715 manus

963 1737 1072 1771 injecit,
1099 1735 1236 1764 fortiorem
1263 1735 1422 1764 existimans
1447 1739 1504 1763 tota
1533 1735 1597 1762 navi
1620 1734 1754 1761 dextratn.

963 1782 1049 1810 Veriti
1080 1787 1170 1810 autem
1202 1782 1333 1814 Barbari,
1366 1789 1399 1809 ne
1432 1781 1508 1809 navis
1536 1788 1631 1808 eorum
1660 1779 1756 1807 Atticas

964 1829 1064 1856 dextra:
1089 1828 1115 1855 in
1135 1827 1253 1862 prmdam
1277 1826 1397 1860 cederet,
1416 1826 1504 1854 securi
1529 1833 1640 1854 manum
1663 1833 1757 1860 ampu-

963 1877 1023 1900 tant
1041 1882 1048 1900 :
1067 1874 1126 1908 ipse
1140 1881 1203 1900 vero
1227 1873 1336 1900 saucius
1353 1873 1412 1900 sine
1434 1880 1513 1899 tnauu
1531 1872 1655 1908 iacebat,
1678 1872 1756 1899 trire-

963 1926 1034 1947 mem
1055 1923 1143 1946 tatneu
1170 1920 1309 1946 mordicus
1336 1923 1441 1946 tenens.
1467 1917 1489 1946 0
1515 1926 1561 1946 vos
1587 1917 1686 1953 primi,
1710 1918 1756 1952 qui

963 1964 1107 1992 Persarum
1137 1963 1271 1992 fortunam
1300 1964 1439 1992 illusistis!
1469 1963 1491 1991 Ο
1514 1971 1563 1991 vos
1583 1964 1629 1998 qui
1656 1962 1757 1997 majora

963 2010 1071 2038 vincitis
1101 2018 1182 2044 quam
1211 2015 1309 2038 natura
1340 2010 1458 2038 humana
1487 2010 1642 2045 permittat!
1664 2009 1686 2036 0
1710 2009 1756 2044 qui

963 2054 1125 2083 occumbitis
1140 2063 1201 2082 cum
1218 2063 1250 2083 ea
1269 2063 1357 2083 rerum
1375 2060 1511 2091 gestarum
1537 2054 1661 2086 historia,
1676 2062 1756 2089 quam

963 2107 1051 2134 neque
1076 2104 1138 2127 ante
1159 2107 1218 2132 vos,
1236 2107 1286 2127 nec
1308 2104 1369 2134 post
1389 2105 1495 2134 tempus
1519 2099 1597 2135 tulit_l
1619 2098 1641 2127 0
1661 2099 1706 2134 qui
1725 2098 1758 2125 il-

963 2146 1116 2174 lustriorem
1133 2145 1229 2181 365i:
1242 2146 1312 2175 nacti
1324 2146 1390 2174 estis
1403 2150 1503 2180 tropaeo
1520 2145 1695 2180 sepulturam.
1711 2145 1757 2180 qui

963 2199 1061 2219 nomen
1079 2191 1246 2219 Maratlmnis
1258 2191 1322 2219 solis
1333 2192 1459 2219 cursibus
1481 2191 1643 2219 extenditis!
1667 2190 1757 2218 Mara-

965 2238 1030 2265 thon
1048 2242 1121 2265 tenet
1136 2242 1225 2264 vestra
1248 2245 1374 2272 corpora,
1390 2237 1496 2264 animas
1515 2237 1565 2272 ipsi
1585 2237 1632 2270 dii,
1649 2237 1694 2271 qui
1711 2243 1758 2264 vo-

963 2283 1069 2311 biscum
1087 2287 1251 2319 pugnarunt,
1265 2283 1377 2317 gloriam
1395 2288 1465 2310 terra
1484 2283 1605 2309 continet
1621 2290 1653 2309 ac
1670 2289 1755 2319 mare.

961 2331 1066 2358 Xerxes
1092 2318 1182 2357 autem
1212 2330 1274 2357 huic
1304 2331 1364 2357 urbi
1392 2330 1508 2357 infestus
1530 2328 1597 2356 nihil
1624 2318 1757 2356 intactum

961 2377 1080 2412 reliquit,
1095 2377 1142 2404 sed
1166 2377 1257 2404 omnia
1279 2377 1406 2404 movebat
1425 2380 1454 2403 et
1474 2376 1658 2408 coneutiebat,
1675 2376 1756 2409 quasi

961 2423 1104 2458 Neptunus
1132 2427 1231 2450 terram
1249 2427 1277 2450 et
1293 2422 1372 2449 simul
1391 2429 1466 2450 mare
1486 2427 1645 2450 concuteret
1661 2431 1668 2449 :
1687 2427 1758 2449 terra

966 2475 992 2497 et
1014 2477 1088 2496 mare
1108 2477 1184 2496 suam
1207 2469 1322 2496 invicem
1343 2473 1467 2496 naturam
1486 2469 1688 2503 permutabant.
1703 2469 1757 2495 lm-

965 2516 1056 2551 posuit
1072 2520 1171 2542 terram
1189 2514 1277 2547 fretis,
1295 2519 1323 2542 et
1346 2514 1506 2542 Phoenicum
1524 2522 1607 2542 naves
1623 2522 1672 2550 per
1691 2522 1758 2542 con-

965 2562 1096 2589 tinentem
1119 2562 1204 2589 misit.
1228 2560 1304 2589 Tune
1327 2562 1401 2588 omni
1427 2568 1475 2596 spe
1499 2561 1602 2596 majora
1627 2560 1756 2587 miracula

964 2608 1099 2640 vidimus,
1126 2615 1174 2642 per
1201 2606 1404 2642 Hellespontum
1432 2607 1569 2641 equitatus
1597 2606 1755 2638 Medorum,

966 2663 1014 2690 per
1041 2654 1176 2682 Athonem
1192 2654 1343 2681 triremium
1359 2653 1454 2681 classis
1475 2654 1526 2682 iter
1547 2653 1621 2680 fecit.
1641 2653 1711 2685 Quin
1730 2658 1757 2680 et

963 2701 997 2729 ad
1015 2700 1113 2728 coelum
1133 2707 1219 2735 usque
1241 2699 1383 2727 audaciam
1409 2706 1486 2727 suam
1504 2698 1609 2726 Xerxes
1623 2699 1755 2732 extendit,

962 2751 990 2775 et
1010 2747 1066 2775 suis
1089 2746 1252 2782 prodigiosis
1275 2745 1357 2774 factis
1380 2745 1525 2774 transilivit
1540 2753 1555 2773 a
1568 2745 1635 2773 mari
1659 2745 1685 2773 in
1702 2750 1757 2773 ter—

775 2804 895 2833 ἾΑΠΙᾸΞ
914 2804 1120 2833 LECTIONES.

164 2851 186 2892 ’ξ
201 2851 269 2893 τοῖς]
293 2851 457 2893 malim-rat;
482 2852 525 2893 ἐν,
538 2852 607 2893 ’τοῖςἒ
704 2850 885 2893 πρωτεύσαισα
899 2860 929 2891 ε.

996 2851 1019 2867 ³ο
1029 2851 1076 2878 ἀπ’
1091 2853 1111 2878 Λ
1126 2860 1132 2879 :
1148 2850 1191 2878 ἐπ’
1207 2859 1238 2883 ς.
1296 2851 1319 2869 ’⁸
1334 2850 1414 2884 ἀφεὶς
1427 2849 1535 2878 codices
1545 2847 1670 2878 Ilimerii.
1684 2847 1750 2877 Pho-

122 2885 185 2914 tiaui
203 2885 312 2918 ἀφεῖτα.
351 2888 372 2904 ³³
384 2887 576 2923 ἀφαιρεθείσης
593 2887 626 2916 Α,
671 2885 812 2924 "rivers.
828 2887 878 2923 τὴν
887 2887 939 2922 γῆν
952 2896 982 2920 ς.
1023 2887 1045 2904 ⁸⁵
1061 2886 1198 2915 θάλασσαν
1214 2887 1243 2914 Β.
1283 2887 1305 2904 ³⁵
1319 2886 1498 2922 ἐλλήσποντον
1512 2894 1541 2918 ς.
