1919 3096
193 153 261 186 13ί3

766 158 898 188 ΡΗΟΤῙΙ
910 156 1165 188 PATRIARCH/E
1178 156 1233 186 ΟΡ.

1748 150 1814 183 1344

193 217 262 243 ram,
276 218 291 237 a
309 215 379 238 terra
394 210 421 238 in
438 210 546 244 etelnm,
565 211 628 238 inde
649 211 676 239 in
699 212 794 239 solem.
811 211 878 239 Nam
899 212 969 246 jacu-

1027 211 1207 246 τολμήμασιν,
1223 209 1290 236 ἀλλὰ
1307 208 1400 244 μετῄει
1419 209 1465 234 καὶ
1486 207 1623 242 μετεπήδα
1637 207 1691 237 τοῖς
1711 206 1814 241 θαύμα-

192 255 250 284 lzms
268 256 332 283 solis
353 257 440 283 lumen
467 257 584 290 obtexit,
610 257 738 292 navigans
754 257 836 284 maris
853 262 975 284 naturam

193 303 317 335 mutavit,
332 303 383 329 iter
397 302 498 330 faciens
514 310 574 330 cutn
591 303 712 330 exercitu
729 308 806 330 terra:
821 303 975 337 angustiam

192 348 334 375 incusavit.
366 348 500 376 Prtetereo
529 350 614 376 maria
647 348 802 376 triremibus
832 353 974 383 cooperta;

194 399 270 422 taceo
294 395 441 422 exercitum
473 400 576 422 naturae
608 403 748 422 numerum
781 395 975 428 excedentem;

191 439 286 466 Omitto
302 444 394 473 gentes
413 440 549 467 alimentis
570 441 722 476 prtebendis
745 442 873 475 impares,
888 446 915 468 et
931 448 975 468 re-

191 493 250 520 gem
268 486 367 520 ubique
381 491 480 513 metum
496 486 682 518 incntientem,
699 486 808 513 ubinam
823 494 888 513 vero
904 492 977 514 esset

191 536 299 566 propter
323 533 428 566 copiam
453 533 600 566 exercitus,
625 533 789 568 ignoratum.
818 532 976 567 Huiusmodi

193 577 282 612 itaque
307 579 438 611 tutnultn,
463 586 495 606 ac
523 583 597 606 tanto
621 583 724 606 terrore
753 583 825 606 terra
850 579 976 606 universa

191 625 332 656 fremente,
353 630 379 651 et
400 625 525 652 omnibus
547 625 657 653 Graeciae
683 627 818 654 interitqu
843 633 976 661 auguran-

192 671 273 704 tibtts,
287 671 314 698 hi
331 671 443 707 quidem,
455 676 557 699 tantum
578 673 710 700 commodi
731 674 756 700 iu
776 673 976 701 calamitatibus

191 717 344 750 sperabant,
361 722 491 752 quantum
511 718 545 746 ab
564 718 683 753 ipsorum
708 719 866 746 civitatibus
888 718 976 746 Persae

191 761 316 789 abessent
334 771 340 789 :
360 763 456 790 civitas
473 770 536 790 vero
558 767 648 791 nostra
671 765 725 798 regi
749 765 839 791 omnia
856 764 974 791 turbanti

191 814 244 834 non
259 808 352 839 cessit,
367 815 417 835 nec
430 812 502 835 ntettt
518 809 645 840 rmnoris.
662 814 739 845 turpe
752 811 814 845 quid
831 815 973 845 antequam

190 853 349 880 sentisceret
366 853 496 886 decrevit,
511 854 557 881 sed
578 856 667 882 statim
688 860 748 889 post
765 856 878 890 primam
900 857 972 892 lega-

191 897 289 924 tionem
314 905 376 933 rege
399 899 521 932 superior
546 899 604 926 fuit.
621 901 680 934 Ipse
699 901 807 934 quidem
831 902 972 930 servitutis

189 943 312 978 poposcit
331 944 498 971 conditiones
513 952 520 971 :
535 944 571 972 illi
588 945 718 974 libertatis
734 947 906 974 remiserunt.
921 947 973 976 Ca-

189 988 270 1022 pitale
290 993 348 1015 erat
367 989 451 1023 siquis
466 989 561 1025 legatis
582 998 691 1018 munera
714 991 801 1019 daret.
820 991 891 1019 Nihil
910 1000 972 1020 vero

186 1032 296 1059 omnino
314 1033 374 1061 illos
398 1036 528 1067 terrebat,
543 1034 620 1068 nihil,
638 1043 687 1062 cur
701 1036 810 1064 virtutis
831 1037 973 1064 oblivisce-

189 1081 293 1110 rentur,
308 1077 450 1107 eliiciebat.
467 1079 525 1106 Non
543 1079 740 1108 Lacedaemonii
764 1082 818 1117 jam
835 1083 909 1115 victi,
926 1083 971 1118 qui

186 1121 286 1149 Grzecis
307 1122 375 1150 adeo
397 1123 566 1157 profuerunt,
585 1130 613 1151 ut
635 1124 741 1152 fortiter
758 1126 911 1154 dimicando
924 1134 972 1154 oc-

187 1167 341 1200 cubueriut,
363 1175 417 1195 non
433 1169 571 1196 verberari
592 1169 699 1203 ﬂuctus,
715 1179 766 1197 non
783 1172 868 1206 puniti
886 1172 968 1204 venti.

185 1211 312 1240 etmollis
334 1218 428 1240 contra
454 1218 580 1241 naturam
603 1215 750 1248 Barbarus,
777 1217 926 1244 terrebant.
949 1217 970 1245 0

186 1257 288 1290 majora
306 1266 387 1286 ausos
407 1258 498 1287 Xerxe
522 1259 625 1295 [contra
639 1261 806 1297 naturam]!
824 1261 846 1290 0
865 1263 971 1291 animos

184 1302 325 1330 elementis
349 1303 474 1332 fortiores
496 1306 690 1334 ostendentes!
711 1306 886 1334 OPersarum
910 1308 971 1336 telis

184 1348 274 1375 animo
293 1350 487 1378 concidentes!
505 1351 527 1379 Ο
543 1351 649 1379 duobus
669 1353 777 1386 tropteis
789 1353 902 1380 classem
925 1354 971 1382 de-

184 1401 243 1420 cem
267 1401 398 1422 annorum
424 1396 585 1424 illudentesl
603 1396 655 1424 Vos
673 1404 734 1424 eum
751 1398 797 1433 qui
816 1405 864 1433 per
885 1403 969 1426 totum

184 1439 277 1466 orbem
295 1444 322 1467 et
339 1447 413 1468 mare
436 1440 494 1474 ivit,
512 1441 638 1476 coegistis
661 1443 753 1470 furtim
775 1436 802 1471 et
822 1443 971 1472 clementer

183 1485 298 1512 salutem
315 1493 391 1513 suam
406 1495 527 1520 qtttererc
543 1497 551 1515 :
565 1488 611 1522 qui
627 1488 676 1515 soli
694 1489 850 1519 ostendistis
869 1490 969 1526 365a

184 1531 309 1559 omnibus
337 1532 493 1561 hominibus
520 1541 613 1562 omnes
642 1535 733 1570 cupias
760 1536 861 1563 virtute
888 1544 969 1571 posse

183 1584 315 1605 coerceri.

218 1678 270 1706 Sed
301 1679 356 1705 haec
385 1679 466 1706 etiam
488 1679 595 1707 silentio
633 1685 847 1714 praetereamus,
874 1686 901 1708 cl
926 1681 967 1708 fa-

182 1731 233 1753 cta:
244 1733 304 1753 cum
319 1733 381 1760 rege
409 1726 482 1760 pacis
512 1726 693 1758 recordemur,
711 1734 770 1761 qure
784 1727 852 1754 hanc
874 1729 965 1755 urbem

182 1771 256 1799 omni
281 1777 382 1806 tropaeo
408 1771 582 1800 illustriorem
610 1772 706 1804 reddit,
729 1776 756 1799 et
780 1773 886 1799 merito.
910 1771 967 1800 Hoc

181 1825 253 1852 sazpe
283 1817 389 1845 fortuna
418 1817 464 1850 ﬁt,
485 1819 532 1846 sed
558 1819 632 1851 illud,
655 1825 746 1853 regem
772 1818 885 1845 libenter
908 1819 966 1845 urbi

181 1864 278 1890 cedere
306 1865 394 1898 spatio
422 1864 528 1892 itineris
551 1865 612 1899 equi
639 1865 718 1892 unius
745 1864 811 1898 diei,
833 1865 966 1900 superiori

182 1910 247 1936 mari
262 1909 407 1943 abstinere,
421 1910 490 1937 intra
504 1910 694 1943 Chelidoneas,
707 1915 734 1938 et
746 1910 867 1947 Cyaneas
884 1919 968 1938 naves

181 1963 233 1982 nun
254 1956 372 1989 mittere,
395 1957 531 1991 quonme
555 1965 608 1984 non
629 1957 762 1985 sinceram
788 1959 966 1994 undecunque

180 2001 238 2029 urbi
256 1999 368 2036 gloriam
395 2003 493 2037 parat?

213 2079 318 2107 Etenim
338 2080 540 2108 Atheniensium
552 2082 625 2109 varia
644 2085 752 2116 troptna,
767 2086 795 2109 ct
819 2083 928 2110 navales
940 2087 967 2110 et

178 2126 317 2158 pedestres
332 2133 445 2162 pugnas,
462 2132 489 2155 et
501 2135 552 2162 qna
570 2128 673 2155 ratione
687 2129 822 2164 tyrannidi
839 2130 966 2164 omnique

1029 265 1071 284 σιν
1088 257 1141 283 ἀπὸ
1157 256 1294 289 θαλάσσης
1305 255 1348 280 ἐπ’
1363 255 1488 290 ἤπειρον,
1498 253 1553 280 ἀπὸ
1568 253 1620 288 γῆς
1638 252 1683 279 ἐπ’
1701 253 1814 287 οὐρανὸν

1029 302 1135 329 ἐκεῖθεν
1146 302 1194 329 καὶ
1207 301 1282 337 ἥλιον
1293 310 1300 317 ·
1315 300 1363 327 τοῦ
1381 301 1430 335 μὲν
1439 301 1493 334 γὰρ
1506 299 1624 333 τοξεύων
1648 298 1678 326 τὺ
1692 299 1752 333 φῶς
1763 299 1814 326 ἀπ-

1028 347 1173 382 έκρυπτεν,
1193 347 1242 380 τῆς
1260 345 1289 371 δὲ
1302 345 1391 371 πλέων
1405 344 1454 380 τὴν
1470 344 1551 378 φύσιν
1568 344 1692 380 ἤμειϐεν,
1718 344 1766 378 τῆς
1786 344 1813 370 δὲ

1027 391 1150 424 πεζεύων
1161 392 1210 427 τὴν
1225 391 1318 427 χρείαν
1329 391 1455 426 ἧλεγχεν.
1471 391 1527 418 Καὶ
1538 391 1633 417 σιωπῶ
1647 390 1754 425 πελάγη
1765 391 1812 425 μὲν

1028 439 1081 465 ὑπὸ
1092 439 1212 474 τριηρῶν
1231 439 1419 474 κρυπτόμενα,
1433 438 1604 474 στρατόπεδα
1618 439 1668 472 τῆς
1695 438 1810 473 ἀριθμοῦ

1028 484 1135 519 φύσεως
1150 484 1305 520 κρείττονα,
1324 483 1386 519 ἔθνη
1399 483 1427 510 δὲ
1438 483 1553 510 δείπνων
1566 483 1687 518 δαπάνης
1702 483 1811 518 ἥττονα,

1029 530 1143 566 βασιλέα
1157 530 1186 555 δὲ
1200 529 1340 564 πανταχοῦ
1356 529 1406 564 μὲν
1421 529 1485 556 ὅντα
1497 528 1537 564 τῷ
1556 529 1641 563 φόϐῳ,
1655 525 1686 555 οὗ
1707 528 1738 555 δὲ
1762 528 1811 563 γῆς

1027 576 1070 608 είη
1083 577 1116 608 ’⁸,
1131 575 1174 602 διὰ
1187 575 1218 602 τὸ
1235 575 1338 610 πλῆθος
1364 574 1540 601 λανθάνοντα.
1559 574 1693 600 Τοσούτου
1723 574 1811 600 τοίνυν

1027 621 1142 656 θορύϐου
1171 622 1223 656 γῆς
1250 621 1360 655 ἀπάσης
1389 621 1551 656 ἠχήσαντος,
1569 621 1617 647 καὶ
1645 620 1812 656 κρινομένων

1027 667 1073 693 ὲπὶ
1084 667 1132 702 τῆς
1156 667 1280 698 Ἑλλάδος
1291 667 1346 693 τῶν
1359 667 1438 698 ὅλων,
1452 667 1477 692 οἱ
1493 666 1542 701 μὲν
1566 666 1641 693 ἄλλοι
1657 666 1812 701 σύμπαντες

1027 712 1154 739 τοσοῦτον
1172 714 1201 739 ὲν
1215 714 1270 744 τοῖς
1282 713 1378 744 δεινοῖς
1394 712 1546 747 κερδαίνειν
1560 711 1644 747 ᾤοντο
1657 713 1720 738 ὅσον
1735 713 1812 738 ἀπεῖ-

1026 766 1070 784 ναι
1090 758 1197 792 Πέρσας
1212 758 1267 783 τῶν
1280 758 1395 790 πόλεων,
1409 757 1440 783 οὐ
1456 756 1509 792 μὴν
1521 757 1590 792 καὶὴ
1604 757 1679 788 πόλις
1693 755 1749 789 εἶξε
1765 757 1812 792 βα-

1028 802 1098 829 σιλεῖ
1111 803 1146 829 τὰ
1160 802 1249 829 πάντα
1260 802 1369 834 σείοντι,
1382 801 1442 828 οὐδὲ
1454 802 1527 836 φόϐῳ
1535 802 1585 836 τῆς
1594 802 1688 836 φήμης
1701 801 1812 836 αἰσχρόν

1023 857 1049 875 τι
1065 848 1112 874 καὶ
1129 848 1181 884 πρὸ
1195 849 1243 883 τῆς
1258 848 1356 883 πείρας
1368 848 1526 874 ἐδούλευσεν
1540 848 1574 881 ¹⁷,
1593 847 1649 874 ἀλλ’
1664 847 1719 873 ἀπὸ
1729 847 1752 862 ³⁸
1763 846 1811 880 τῆς

1024 894 1172 928 πρεσϐείας
1196 893 1307 929 πρώτης
1319 894 1342 909 ¹⁹
1365 893 1497 928 κρείττων
1519 892 1650 927 βασιλέως
1677 892 1810 926 ἐγίγνετο.

1029 940 1058 966 '0
1076 939 1126 975 μὲν
1145 939 1177 966 τὰ
1187 939 1238 974 τῆς
1249 939 1372 970 δουλείας
1384 938 1484 974 ἀπῄτει
1509 937 1643 974 σύμϐολα,
1676 939 1702 964 οἱ
1734 938 1762 964 δὲ
1777 938 1810 964 τὰ

1022 985 1072 1020 τῆς
1086 985 1244 1020 ἐλευθερίας
1260 985 1434 1019 ἀντέπεμπον
1447 992 1454 1000 ·
1472 982 1506 1019 ἦν
1523 984 1576 1020 γὰρ
1601 984 1716 1015 θάνατος
1730 985 1747 1019 ἡ
1762 984 1810 1018 τῆς

1023 1031 1170 1067 πρεσϐείας
1184 1031 1328 1062 ἀντίδοσις.
1352 1030 1460 1064 Ἐφόϐει
1476 1030 1504 1056 δὲ
1519 1030 1618 1060 αὐτοὺς
1630 1029 1706 1056 οὐδὲν
1719 1030 1741 1045 ³⁰
1758 1029 1811 1056 τῶν

1023 1078 1160 1111 ἁπάντων,
1172 1077 1232 1104 οὐδὲ
1243 1077 1330 1103 ἐποίει
1342 1076 1392 1111 τῆς
1405 1075 1506 1110 ἀρετῆς
1521 1075 1760 1108 ἐπιλανθάνεσθαι,
1777 1075 1810 1102 οὐ

1022 1123 1231 1157 Λακεδαιμόνιοι
1249 1123 1395 1153 πίπτοντες
1417 1122 1465 1148 καὶ
1478 1122 1604 1148 τοσοῦτον
1619 1121 1810 1152 συντελοῦντες

1022 1170 1077 1201 τοῖς
1094 1168 1223 1204 Ἕλλησιν
1235 1169 1297 1195 ὅσον
1312 1167 1445 1204 ἄνδρείως
1462 1167 1533 1203 ὑπὲρ
1549 1167 1665 1194 θανάτου
1697 1167 1810 1202 βουλεύ-

1023 1214 1131 1248 σασθαι,
1162 1215 1192 1241 οὺ
1215 1214 1403 1250 μαστιζόμενα
1431 1215 1543 1249 κύματα
1568 1214 1616 1241 καὶ
1640 1213 1811 1248 κολαζόμενα

1022 1259 1167 1295 πνεύματα
1182 1261 1229 1287 καὶ
1243 1260 1354 1296 τρυφῶν
1379 1260 1517 1296 βάρϐαρος
1535 1259 1608 1286 κατὰ
1626 1260 1675 1294 τῆς
1691 1259 1810 1294 φύσεως.

1021 1305 1056 1333 Ὦ
1076 1306 1188 1342 μείζονα
1201 1306 1303 1343 Ξέρξου
1324 1306 1510 1342 τολμήσαντες
1520 1306 1558 1332 ³¹ί
1576 1302 1599 1332 ὧ
1626 1305 1716 1340 ψυχὰς
1742 1313 1813 1331 στοι-

1021 1353 1104 1387 χείων
1119 1352 1296 1389 βεϐαιοτέρας
1316 1351 1534 1387 ὲπιδειξάμενοιί
1551 1351 1632 1387 [1109
1641 1350 1688 1386 IL]
1712 1348 1736 1377 ὦ
1754 1351 1812 1382 τοῖς

1022 1399 1134 1434 Περσῶν
1148 1399 1315 1432 τοξεύμασιν
1331 1398 1362 1424 οὐ
1379 1397 1563 1432 καλυφθέντες
1573 1397 1594 1412 ³¹
1620 1396 1651 1423 τὸ
1665 1396 1808 1431 φρὸνημαί

1020 1443 1043 1472 ὧ
1056 1445 1103 1471 δύο
1122 1445 1264 1480 τροπαίοις
1285 1444 1401 1479 δεκαετῆ
1418 1444 1511 1471 στόλον
1528 1443 1706 1477 ὲλέγξαντεςί
1732 1443 1813 1477 ὑμεῖς

1021 1490 1066 1516 τὸν
1084 1491 1131 1517 ἐπὶ
1147 1490 1238 1517 πᾶσαν
1251 1490 1325 1517 ίόντα
1339 1489 1362 1505 ³³
1376 1489 1428 1524 γῆν
1437 1489 1484 1516 καὶ
1506 1489 1643 1516 θάλατταν
1658 1488 1812 1524 ἀγαπητῶς

1023 1535 1122 1570 κλέψαι
1137 1536 1187 1571 τὴν
1198 1535 1336 1570 σωτηρίαν
1353 1535 1592 1570 κατηναγκάσατε.
1607 1532 1643 1560 Ὦ
1657 1534 1733 1570 μόνοι
1757 1534 1814 1560 δεί-

1023 1582 1118 1615 ξαντες
1137 1581 1290 1616 ἀνθρώποις
1301 1580 1322 1597 ³⁸
1338 1581 1440 1608 ᾶπασιν
1458 1581 1499 1608 ’ότι
1516 1582 1592 1608 πᾶσα
1608 1581 1668 1616 χεὶρ
1683 1581 1731 1607 ὑπ’
1743 1581 1814 1616 ἀρε-

1022 1628 1071 1662 τῆς
1085 1628 1236 1662 ἐλέγχεται.

1064 1672 1143 1698 Ἀλλὰ
1158 1671 1209 1699 κᾶν
1228 1671 1313 1698 ταῦτα
1330 1673 1392 1707 σιγῇ
1418 1672 1609 1707 παρέλθωμεν,
1629 1671 1680 1698 κᾶν
1700 1673 1752 1707 τῆς
1775 1673 1813 1699 εί-

1023 1718 1107 1752 ρήνης
1120 1717 1188 1752 πρὸς
1205 1717 1317 1752 βασιλέα
1328 1719 1516 1752 γεγενημένης
1533 1717 1778 1754 μνημονεύσωμεν,
1793 1719 1811 1753 ἢ

1022 1762 1121 1794 παντὸς
1141 1762 1273 1797 τροπαίου
1291 1763 1458 1798 σεμνοτέραν
1485 1763 1525 1788 ἔτι
1552 1763 1601 1798 τὴν
1623 1763 1699 1789 πόλιν
1729 1764 1813 1798 ἐργά-

1022 1809 1107 1840 ζεται.
1134 1808 1188 1834 Καὶ
1204 1808 1276 1843 μάλα
1295 1808 1417 1839 εἰκότως.
1438 1809 1471 1835 Ἃ
1487 1809 1509 1824 ³⁸
1525 1808 1574 1843 μὲν
1589 1808 1643 1844 γὰρ
1660 1809 1707 1836 καὶ
1725 1810 1811 1844 τύχης

1022 1854 1101 1889 ἔργον
1117 1854 1265 1885 πολλάκις·
1280 1855 1310 1881 τὸ
1332 1854 1361 1880 δὲ
1380 1855 1476 1882 ἑκόντα
1499 1857 1675 1890 συγχωρῆσαι
1699 1856 1812 1886 βασιλέα

1020 1902 1053 1935 τῇ
1064 1900 1140 1927 πόλει
1152 1900 1236 1926 ἵππου
1251 1901 1301 1933 μὲν
1314 1901 1413 1936 δρόμον
1427 1901 1531 1936 ἡμέρας
1549 1901 1683 1936 θαλάττης
1699 1902 1810 1936 ἀφέξειν

1020 1946 1087 1979 ἄνω,
1104 1946 1168 1973 εἵσω
1190 1946 1218 1973 δὲ
1233 1946 1399 1974 Χελιδονέων
1425 1947 1471 1974 καὶ
1487 1947 1617 1974 Κυανέων
1635 1948 1672 1982 μὴ
1690 1947 1811 1982 πέμψειν

1019 1992 1130 2024 ὁλκάδα,
1146 1992 1203 2024 πῶς
1213 1993 1243 2019 οὗ
1263 1993 1386 2029 καθαρὰν
1408 1992 1576 2027 πανταχόθεν
1590 1994 1623 2028 τῇ
1649 1993 1725 2019 πόλει
1741 2001 1810 2028 προ-

1020 2038 1092 2071 ξενεῖ
1108 2039 1157 2073 τὴν
1168 2038 1293 2066 εὔκλειαν
1306 2048 1313 2070 ;

1061 2083 1142 2110 Ἄ).λά
1158 2085 1213 2120 γὰρ
1233 2085 1380 2119 Ἀθηναίων
1397 2085 1431 2111 τὰ
1448 2085 1533 2120 μυρία
1547 2084 1664 2120 τρόπαια
1681 2085 1727 2112 καὶ
1745 2095 1810 2112 ναυ-

1021 2130 1123 2165 μαχίας
1143 2131 1190 2156 καὶ
1214 2129 1394 2166 πεζομαχίας,
1413 2131 1459 2157 καὶ
1476 2130 1514 2162 ὡς
1534 2131 1602 2166 πρὸς
1626 2130 1735 2157 ἅπασαν
1759 2131 1809 2165 μὲν

178 2172 303 2206 putentia:
312 2173 473 2206 restiterim,
490 2174 558 2201 alias
565 2175 678 2202 diversis
687 2175 852 2210 temporihtts
859 2183 907 2210 pro
916 2176 966 2203 hac

1024 2175 1163 2210 τυραννίδα
1178 2176 1245 2210 πρὸς
1264 2176 1373 2203 ἃπασαν
1393 2176 1421 2202 δὲ
1444 2176 1603 2203 δυναστείαν
1629 2177 1807 2211 ἀντέστησαν,

178 2222 258 2249 gente
270 2219 340 2244 raria
352 2219 498 2246 certamina
514 2220 683 2255 recipientes,
696 2229 745 2248 nec
758 2221 825 2248 mihi
835 2221 914 2249 facile
924 2227 967 2249 est

177 2270 329 2295 recensere,
350 2272 399 2292 nec
414 2265 499 2299 siquis
519 2266 544 2293 id
564 2266 638 2301 prius
653 2274 795 2302 aggressus
816 2268 860 2295 sit.
876 2268 965 2300 Quare

168 2295 302 2335 ‘existimo
312 2317 392 2336 nuntu
401 2310 502 2337 etidem
513 2317 715 2339 monumentum
724 2313 848 2347 cenjungi
861 2318 965 2348 oporte-

179 2360 218 2385 re,
232 2355 509 2390 qnetnadtnodnmqui
522 2358 678 2384 renuntiant
691 2358 718 2385 in
731 2359 818 2385 stadio
834 2359 962 2392 victores,

176 2399 216 2426 sic
225 2399 320 2427 cthuic
331 2400 405 2427 verbi
415 2402 560 2428 secundum
571 2402 655 2437 legem
665 2403 877 2431 consecrandum
890 2411 960 2431 esse.

175 2443 198 2470 0
214 2444 258 2478 qui
278 2451 385 2472 omnem
398 2451 497 2472 terram
513 2452 539 2473 et
555 2455 629 2475 mare
644 2455 695 2482 qua
712 2448 764 2476 iter
779 2454 820 2476 est
835 2449 961 2485 [victoria

175 2487 214 2524 et]
232 2489 352 2523 tropaeis,
366 2494 393 2517 et
410 2498 461 2524 qtta
481 2491 531 2518 iter
544 2499 596 2518 ιιοιι
611 2497 662 2525 est,
674 2493 758 2527 gloria
777 2498 804 2520 et
821 2495 964 2529 splendore

175 2534 370 2568 coinplevistis,
389 2536 434 2569 qui
459 2536 509 2563 soli
535 2537 661 2564 maximis
687 2539 769 2566 rebus
790 2539 875 2573 gestis
896 2545 964 2568 tem-

177 2586 225 2613 pus
249 2585 277 2607 et
302 2580 430 2608 invidiam
460 2584 630 2617 superastis,
654 2584 700 2619 qui
726 2592 834 2612 omnem
862 2591 963 2613 terram

1018 2222 1111 2248 ἄλλοτε
1128 2221 1189 2247 κατ’
1213 2221 1310 2253 ἄλλους
1326 2222 1436 2257 χρόνους
1448 2222 1470 2238 ³⁸
1487 2221 1556 2256 ὑπὲρ
1570 2221 1616 2247 τοῦ
1635 2221 1730 2255 γένους
1756 2230 1807 2255 μυ-

1019 2268 1091 2303 ρίους
1112 2267 1224 2302 ἀγῶνας
1256 2268 1462 2302 ἀναδεξάμενοι,
1490 2267 1551 2294 οὕτε
1573 2267 1635 2302 ἐμοὶ
1663 2267 1808 2299 διεξελθεῖν

1016 2313 1107 2349 ῥᾴδιον
1123 2313 1186 2340 οὔτε
1208 2313 1234 2339 εἴ
1249 2322 1292 2345 τις
1309 2314 1443 2349 πρότερον
1463 2313 1664 2349 ἐπικεχείρηκε.
1686 2312 1748 2348 [594
1761 2312 1806 2348 ΙΙ.]

1015 2359 1113 2395 Διόπερ
1126 2357 1203 2393 οἶμαι
1219 2359 1285 2391 δεῖν,
1301 2359 1339 2391 ὡς
1352 2359 1377 2386 oi
1394 2360 1456 2391 τοὺς
1478 2360 1507 2386 ὲν
1523 2360 1579 2391 τοῖς
1597 2359 1712 2390 σταδίοις
1729 2367 1806 2393 νικη-

1015 2404 1114 2439 φόρους
1143 2405 1388 2440 ἀνακηρύττοντες,
1419 2405 1447 2431 ἓν
1477 2405 1527 2432 καὶ
1555 2404 1653 2431 ταυτὸν
1671 2404 1806 2431 συνθεῖναι

1014 2449 1168 2486 γνώρισμα,
1185 2448 1235 2477 εἷθ’
1248 2451 1318 2478 οὕτω
1331 2450 1416 2486 ταύτῃ
1430 2451 1476 2477 καὶ
1493 2450 1562 2486 πρὸς
1588 2450 1634 2477 τὸν
1654 2450 1736 2484 νόμον
1751 2450 1804 2483 ἁφ-

1015 2495 1192 2523 οσιώσασθαι.
1206 2494 1242 2522 Ὦ
1255 2497 1347 2523 πᾶσαν
1373 2497 1423 2531 γῆν
1437 2496 1486 2522 καὶ
1514 2496 1663 2528 θάλασσαν,
1686 2496 1736 2530 ὅση
1757 2495 1805 2530 μὲν

1016 2542 1095 2577 βατὴ,
1110 2542 1189 2578 νίκης
1203 2542 1225 2558 ⁸⁷
1243 2543 1292 2569 καὶ
1307 2542 1457 2578 τροπαίων,
1472 2542 1521 2578 ὅση
1546 2542 1569 2569 δ’
1596 2542 1705 2574 ἄϐατος,
1726 2541 1805 2576 δόξης

1016 2588 1064 2615 καὶ
1089 2589 1184 2621 κλέους
1209 2588 1421 2624 πληρώσαντεςί
1435 2587 1470 2616 Ὦ
1485 2588 1561 2624 μόνοι
1588 2590 1649 2621 ταῖς
1673 2588 1804 2624 μεγάλαις

810 2685 851 2713 VA
857 2686 928 2714 ΒΙᾸΞ
955 2686 1160 2717 LECTIONES.

215 2752 296 2790 ῥυείη
309 2761 377 2790 mg.,
392 2753 419 2789 ῐη
435 2760 476 2788 pr.
492 2753 523 2786 (ἰ,
537 2752 553 2790 ᾗ
566 2754 666 2781 celeri.

945 2757 1045 2793 πείρας
1065 2755 1235 2794 ἐϐούλευσεν]
1258 2758 1406 2794 πεποίηκεν
1421 2759 1442 2784 Β
1453 2763 1479 2786 et
1491 2766 1531 2786 rc.
1548 2759 1580 2787 A.
1603 2767 1645 2794 pr.
1661 2760 1732 2787 enim
1748 2767 1802 2786 om.

717 2755 739 2772 "
755 2755 802 2781 καὶ
819 2755 872 2781 πρὸ
883 2756 933 2781 τῆς

216 2764 238 2769 -ν
253 2764 296 2789 ειη
309 2764 374 2787 tttg.,
393 2764 419 2789 ιη
435 2764 476 2788 pt.
492 2764 523 2786 ιι,
537 2764 553 2790 ῃ
566 2764 666 2781 ueteri.
717 2764 736 2772 ·’
755 2764 802 2782 και
819 2764 872 2791 προ
919 2765 933 2788 ς
945 2764 1045 2793 πειρας
1065 2764 1235 2792 ωουλευσεν]
1258 2764 1406 2794 πεποίηκεν
1423 2764 1442 2784 Β
1453 2764 1479 2786 et
1491 2766 1531 2786 rc.
1548 2764 1580 2787 A.
1603 2767 1645 2794 pr.
1661 2764 1732 2787 enim
1748 2767 1802 2786 om.

173 2787 195 2803 "
206 2787 271 2828 ᾁπρ]
284 2789 385 2829 xui-up}
403 2790 421 2815 Β
436 2795 557 2829 ᾳιιεοιτ-
568 2789 605 2829 ,ᾼ-
644 2790 668 2806 ¹⁹
680 2790 801 2829 περὼτης]
814 2766 930 2829 αὺῖῇῗίι
944 2797 972 2819 et
986 2800 1058 2829 corr,
1080 2792 1112 2819 A.
1150 2792 1173 2829 ἐν
1185 2794 1261 2820 οὐδὲν
1275 2802 1305 2826 ς.
1344 2795 1364 2812 ιι
1380 2800 1440 2828 post
1458 2794 1642 2829 τολμήσαντες
1654 2803 1714 2822 cum
1738 2794 1802 2821 Alit:

173 2823 251 2849 ntnisi
265 2823 336 2850 κατὰ
348 2824 398 2857 τῆς
411 2824 527 2858 φύσεως.

567 2825 593 2863 "_
605 2825 774 2863 καμφθέντες
790 2834 829 2863 ς’.-
858 2826 882 2842 ³³
898 2827 1107 2863 ἰόντα-δειλιῑςοι-
1123 2835 1130 2852 :
1152 2827 1212 2863 libri
1230 2825 1328 2856 ἰδόντα.
1366 2825 1388 2846 ⁸⁸
1401 2825 1556 2863 ἀνθρώποίς
1571 2825 1666 2857 om.C.
1705 2830 1728 2846 ³⁵
1743 2830 1802 2857 libri

174 2866 212 2883 αι.
251 2858 272 2876 ³⁸
287 2859 348 2886 κατ’
363 2859 459 2891 ἄλλους
470 2859 594 2894 χρόνους]
609 2858 721 2888 fortasse
737 2861 876 2896 legendum
892 2861 952 2888 κατ’
961 2858 1076 2889 ἄλλο)νῖ
1099 2863 1120 2882 ³⁷
1134 2862 1211 2898 νίκης
1228 2871 1282 2891 om.
1297 2864 1318 2891 (2
1335 2869 1361 2892 et
1376 2872 1418 2900 pr.
1433 2858 1465 2891 Α’-
