1919 3096
107 153 174 185 1345
618 149 882 181 BIBLIOTIIECA.
899 161 934 168 --
950 150 1032 181 COD.
1045 151 1198 182 CCXLIII.

105 207 221 244 πράξεσι
237 206 332 242 χρόνον
347 207 394 233 καὶ
422 204 518 239 φθόνον
532 206 711 240 νικήσαντεςι
725 204 762 232 Ὦ
782 206 832 241 τὴν
852 206 891 233 οἰ-

950 215 996 234 1ou
1013 208 1158 240 columnis,
1178 207 1223 235 sed
1246 206 1354 242 tropaeis
1371 205 1485 233 dimensi
1502 205 1579 234 estis.
1606 205 1665 233 Dixi
1683 206 1739 234 for-

105 254 240 289 κουμένην
258 253 366 280 ἃπασαν
381 252 411 279 οὐ
427 252 538 286 στήλαις
553 252 621 278 ἀλλὰ
635 252 775 287 τροπαίοις
789 254 893 288 μετρή-

950 253 1017 280 sitan
1034 253 1123 280 minus
1143 259 1223 287 quam
1249 259 1329 279 causa
1348 251 1481 286 exigebat,
1499 258 1551 279 nou
1575 254 1664 279 tamen
1687 252 1739 278 mi-

106 299 219 331 σαντεςι
246 298 370 335 Εἴρηται,
386 298 470 334 κάμοὶ
496 298 546 333 τῆς
574 298 623 332 μὲν
648 298 804 330 ὑποθέσεως
829 299 894 330 ἴσως

950 304 999 325 nus
1015 305 1097 331 quam
1116 297 1160 324 alii
1178 297 1298 332 plurimi.
1316 296 1457 331 Reliquum
1476 301 1527 329 est,
1543 300 1572 324 ut
1596 301 1738 332 postquam

105 346 228 377 ελαττον,
250 345 306 372 τῶν
332 345 360 371 δὲ
378 344 484 372 πολλῶν
498 345 549 371 οὺκ
563 344 702 372 ἐλάττονα.
719 345 849 372 Λείπεται
863 345 893 371 δὲ

950 351 1043 371 omnes
1059 343 1237 370 acclamarint
1249 343 1386 371 memoria:
1396 363 1404 375 ,
1420 343 1460 370 sic
1473 350 1567 371 omnes
1586 343 1738 371 discedant.

1671 149 1738 182 1346
1792 190 1795 193 η

105 395 223 430 εὐφήμῳ
241 394 289 430 βοῇ
304 394 532 430 προσηχήσαντας
549 393 686 428 πανδημεὶ
701 393 804 425 πάντας
820 393 842 408 ³⁸
855 392 894 428 τῷ
916 392 1048 427 μνήματι,
1067 391 1139 418 οὕτω
1153 393 1202 426 τῆς
1219 391 1302 426 τιμῆς
1318 390 1545 418 ἀπαλλάττεσθαι.

111 441 162 467 Ἐκ
187 440 241 467 τοῦ
271 440 510 474 Ἀρεοπαγιτικοῦ
536 439 555 473 ἢ
581 439 813 472 ἐλευθερωτικοῦ
841 438 894 466 τοῦ

140 476 208 502 υἱοῦ
223 475 318 502 αὑτοῦ
340 475 562 510 τοῦῬουφίνου
579 474 611 501 ³⁸.
625 489 659 495 -
674 475 710 501 Τὸ
721 475 892 509 Προοίμιον.

143 524 257 559 Ἄνδρες
274 524 299 549 οἱ
320 523 368 550 καὶ
395 522 466 554 θεοῖς
491 522 561 557 ὑπὲρ
577 522 656 558 νίκης
680 522 763 548 πάλαι
782 522 828 548 καὶ
848 521 895 549 νῦν

110 567 267 602 Ἀθηναίοις
280 567 350 601 ὑπὲρ
368 566 525 602 ἐλευθερίας
551 566 716 599 δικάζοντες.
734 566 840 594 Οὐκοῦν
857 567 895 600 τῷ

103 613 183 648 νόμῳ
207 613 369 647 πειθόμενος
391 612 427 638 τὰ
446 612 494 647 τῆς
520 612 615 647 χρείας
635 613 719 647 μόνης
733 612 896 648 ζφθέγξομαι

105 659 232 694 ῥήματα.
252 657 323 692 Ἐγὼ
338 657 383 684 καὶ
398 658 529 693 σοφιστὴς
547 658 681 693 ἐγενόμην
696 658 760 693 παρ’
776 659 839 693 ὑμῖν
849 659 896 685 καὶ

104 704 210 739 πατήρ.
226 704 258 731 Εἰ
282 703 411 739 σοφιστὴς
428 703 525 737 δεξιὸς,
545 704 624 739 ὑμεῖς
646 704 792 731 ιπὶστασθε
804 713 811 720 ·
825 705 897 740 λέγω

103 751 162 786 γὰρ
175 750 229 783 ἀεὶ,
246 751 293 778 καὶ
308 751 358 786 τὴν
376 750 445 785 ἐμὴν
461 750 600 777 πολιτείαν
616 750 673 786 ἔχει
688 750 724 777 τὰ
739 751 841 787 θέατρα
851 759 857 766 ·
873 752 897 777 εί

103 797 201 833 πατὴρ
223 796 356 828 Ἀττικὸς,
374 797 391 832 ἡ
410 796 534 831 παροῦσα
550 796 671 823 δείκνυσι
695 797 845 833 πρόφασις·
865 797 897 824 οὐ

104 843 163 878 γὰρ
180 842 313 877 ἀνέχομαι
339 841 386 868 τὸν
415 842 564 877 Ἀθηναίων
588 842 672 869 παῖδα
700 843 738 878 μὴ
762 851 898 878 προσαγο-

104 887 200 924 ρεύειν
222 887 375 922 ἐλεύθερον.
395 887 519 914 Πιστεύω
533 887 580 914 καὶ
599 887 651 923 πρδ
664 887 736 922 ἥϐης
751 888 800 923 τὴν
823 888 898 914 ὲλευ-
913 896 935 923 ις

104 934 204 970 θερίαν
218 933 257 969 τῷ
276 933 362 961 παιδί.
382 933 462 968 Ἐμός
478 934 563 966 ἐστιν,
589 933 730 969 Ἀθηναῖός
756 934 824 966 ἐστι,
848 934 896 961 πό-

104 980 176 1012 λεως
192 980 239 1006 καὶ
255 979 336 1006 πλέον
349 978 476 1014 τιμώσης
494 979 525 1006 τδ
541 979 631 1006 κοινὸν
654 979 743 1014 γῆρας
758 979 774 1015 ἢ
796 980 827 1006 τὸ
842 979 896 1007 τῶν

103 1022 234 1058 ¹ιιατέρων
251 1022 349 1058 ἕτεροι.
367 1019 450 1055 Οὗτός
466 1024 539 1049 ἐστιν
560 1024 593 1050 ὲκ
613 1023 797 1059 Πλουτάρχου,
816 1025 849 1052 δι’
865 1021 895 1052 οὗ

103 1069 213 1100 πάντας
227 1069 306 1103 ὑμεῖς
329 1069 471 1095 παιδεύετε
482 1077 489 1084 ·
507 1064 585 1101 οὗτος
601 1070 633 1096 ὲκ
651 1070 833 1097 Μινουκιανοῦ
848 1070 895 1096 τοῦ

102 1114 149 1141 διὰ
162 1114 214 1149 τῆς
231 1113 329 1142 ἑαυτοῦ
350 1115 442 1150 φωνῆς
465 1115 579 1146 πολλοὺς
595 1115 725 1147 πολλάκις
746 1115 896 1151 ἐλευθερώ-

103 1169 214 1191 σαντος,
230 1160 282 1186 Τὸν
297 1160 329 1186 ἐκ
351 1160 507 1196 Νικαγόρου
524 1161 700 1196 προσήγαγον
718 1161 792 1196 ὑμῖν,
808 1161 853 1188 τὸν
867 1161 897 1194 ἐξ

103 1205 240 1241 ἐμαυτοῦ.
263 1205 401 1239 Σοφιστῶν
418 1206 482 1241 ὑμῖν
498 1206 544 1233 καὶ
556 1206 708 1241 φιλοσόφων
722 1206 793 1240 λέγω
811 1207 896 1234 κατά-

104 1253 196 1288 λογον,
215 1252 341 1288 Ἀττικὴν
364 1252 449 1284 ὅντως
469 1253 619 1287 εὐγένειαν.
641 1253 748 1288 Ἀφῆκα
768 1253 896 1286 πολλάκις

103 1299 155 1329 τὰς
169 1299 217 1326 τοῦ
235 1298 362 1334 σοᾳιστοῦ
375 1298 478 1334 φωνὰς,
487 1298 535 1325 νῦν
545 1299 595 1331 τὰς
609 1298 656 1326 τοῦ
671 1299 775 1335 πατρὸς
784 1300 895 1335 ἀφίημι.

110 1344 249 1372 Ἐδώκατέ
275 1353 319 1379 μοι
345 1345 427 1371 παῖδα
454 1345 488 1371 δι’
514 1345 638 1372 Ἀττικοῦ
664 1345 776 1379 γένους·
800 1346 897 1372 λάϐετε

103 1390 200 1418 τοῦτον
214 1390 262 1417 καὶ
274 1390 318 1417 διὰ
330 1391 379 1426 τῆς
391 1390 484 1426 ψήφου
494 1391 516 1406 ⁵ο
527 1390 576 1426 τῆς
591 1390 729 1426 ὑμετέρας
743 1391 895 1426 ἐλεύθερον.

105 1437 212 1464 οὐκοῦν
235 1436 318 1472 ἄφετέ
335 1445 380 1471 μοι
394 1437 428 1472 τῇ
454 1435 537 1472 ψήφῳ
554 1436 599 1464 τὸν
627 1437 720 1468 παῖδα,
737 1437 785 1464 καὶ
805 1437 896 1472 φωνὴν

104 1482 262 1518 ἐλευθέριον
289 1482 507 1517 συνεπηχῆσατε,
525 1482 568 1509 ἵνα
592 1481 630 1514 ὡς
651 1482 792 1517 Ἀθηναῖος
822 1482 896 1517 (ἴσον

102 1530 160 1565 γὰρ
186 1529 274 1555 εἰπεῖν
293 1527 446 1563 ἐλεύθερος)
477 1527 524 1554 καὶ
548 1527 615 1563 λέγῃ
640 1528 686 1554 καὶ
710 1528 803 1564 γράφῃ
829 1528 895 1564 παρ’

104 1577 180 1612 ὂμῖν,
198 1575 250 1601 κᾶν
261 1574 286 1601 οἱ
305 1573 362 1601 θεοὶ
381 1573 542 1609 βούλωνται,
558 1573 605 1600 καὶ
620 1573 805 1609 πολιτεύηται.

103 1655 186 1691 [1112
201 1653 255 1691 “.1
269 1652 321 1691 Ἐκ
337 1652 394 1691 τῇς
418 1652 647 1691 μονῳδίας-τῆς
664 1653 712 1691 εἰςΔ
728 1652 781 1679 τὸν
803 1653 897 1680 αὑτὸν

212 1687 280 1717 υἱὸν
293 1688 316 1704 ⁸¹
337 1688 506 1722 Ῥουφῖνον.
520 1703 555 1708 -
567 1687 602 1714 Τὸ
622 1688 789 1723 Προοίμιον.

145 1735 247 1762 ’Δεικῶ
260 1735 309 1770 μὲν
322 1735 391 1765 ὅλως
405 1733 591 1769 φθεγγόμενος
605 1733 745 1768 Ῥουφίνου
758 1734 895 1769 κειμένου,

104 1781 176 1818 πλὴν
199 1782 224 1808 εἰ
240 1781 263 1796 δ’
280 1780 318 1816 τῷ
343 1780 450 1815 δαίμονι
472 1779 628 1815 τετήρημαι
647 1781 715 1815 πρὸς
743 1780 827 1815 μόνην
848 1779 897 1815 τὴν

106 1827 242 1862 μονῳδίαν
253 1826 300 1853 τοῦ
315 1827 464 1862 δράματος.
479 1825 633 1860 Φθέγξομαί
647 1834 679 1859 γε
693 1825 784 1860 ὅμως·
801 1825 832 1852 οὐ
843 1825 898 1860 γάρ

106 1882 151 1908 μοι
165 1873 245 1908 θέμις
260 1872 298 1908 μὴ
317 1872 366 1899 καὶ
377 1871 449 1907 λόγῳ
469 1871 604 1907 θρηνῆσαι
618 1870 664 1897 τὸν
685 1870 774 1897 αὐτῶν
789 1870 842 1897 τῶν
853 1870 898 1897 λό-

105 1927 162 1953 γων
178 1918 300 1952 ἔκγονον,
321 1917 450 1952 Ἦγνόουν
471 1917 499 1944 δὲ
515 1917 569 1953 ἄρα
593 1918 607 1943 ὁ
628 1916 744 1948 δείλαιος
762 1916 823 1942 ἀντὶ
849 1916 898 1950 μὲν

104 1966 228 2002 λουτρῶν
243 1965 356 1997 ἀνιστάς
383 1973 424 1992 σοι
446 1965 565 2000 τάφους,
582 1964 643 1992 ἀντὶ
665 1964 694 1990 δὲ
715 1963 808 1991 οἰκιῶν
829 1963 897 1999 τύμ-

105 2013 170 2043 ϐους
189 2011 236 2038 καὶ
250 2009 376 2046 χώματα,
391 2010 452 2038 ἀντὶ
464 2011 493 2037 δὲ
516 2010 634 2037 πλούτου
652 2010 700 2037 καὶ
716 2009 808 2045 χλιδῆς
831 2017 897 2045 τρασ

105 2058 246 2092 γικώτατα
262 2056 336 2092 δῶρα
349 2056 403 2083 τῶν
429 2056 456 2082 ὲν
470 2055 640 2091 ἀνθρώποις,
657 2054 781 2088 ἐντάφια.
800 2054 899 2089 Ἐδημ-

104 2103 225 2138 αγώγεις
251 2102 314 2138 ἄρτι
338 2101 373 2128 τὰ
398 2101 473 2137 [595
499 2100 557 2136 IL]
582 2100 678 2135 πρῶτα
703 2099 896 2134 φθεγγόμενος,

105 2149 245 2184 ἀνήρτησο
274 2149 365 2175 πᾶσαν
393 2148 442 2183 τὴν
463 2147 508 2182 ὑφ’
534 2147 610 2181 ἥλιον
624 2147 681 2177 τοῖς
715 2146 832 2180 ἀσήμοις
857 2145 898 2172 ἔτι

104 2194 290 2229 κνυζήμασιν.
308 2192 422 2220 Ἐπειθε
442 2192 590 2227 Περικλῆς,
606 2191 673 2218 ἀλλὰ
697 2190 767 2226 μετὰ
784 2191 898 2224 Ἀναξα-

949 437 990 464 En;
1010 437 1218 471 Areopagetim,
1245 445 1290 463 seu
1317 445 1368 472 qua
1394 435 1517 472 Ruﬁnum
1544 435 1629 469 ﬁlium
1659 444 1737 463 mum

1017 472 1119 499 liberali
1142 480 1224 498 causa
1241 470 1436 498 mattuVasseril.
1447 485 1482 491 ——
1495 470 1655 497 l’raa'mt'um

984 517 1041 545 Viri
1060 518 1105 553 qui
1126 518 1191 545 olim
1213 519 1245 546 de
1262 518 1382 545 victoriis
1399 525 1460 545 cum
1475 517 1527 544 diis
1543 516 1736 548 decertabatis.

946 565 973 589 et
990 569 1061 589 nunc
1076 569 1136 589 cum
1155 561 1368 589 Atheniensibus
1392 561 1424 588 de
1447 560 1582 588 libertate.
1599 560 1682 596 Igitur
1697 560 1737 587 le-

947 608 1025 643 gibus
1039 608 1231 642 obtemperans
1253 614 1283 634 ca
1299 606 1386 634 solum
1406 605 1476 639 dico,
1491 613 1550 640 quae
1571 606 1736 633 necessaria.

947 652 1002 687 Ego
1024 657 1052 680 et
1070 658 1147 688 pater
1163 652 1233 687 apud
1260 659 1307 680 vos
1332 651 1459 686 sophistae
1481 651 1590 683 fuimus,
1622 655 1649 678 et
1673 658 1737 678 num

947 703 1060 732 argutus
1091 698 1200 731 luerim,
1220 705 1268 726 vos
1298 696 1412 724 novistis
1435 696 1502 731 '(hoc
1521 696 1592 723 enim
1613 697 1739 730 l'requen-

949 747 989 769 ter
1004 751 1118 778 usurpo,
1134 747 1160 770 et
1178 751 1265 770 meam
1279 742 1476 769 institutionem
1495 741 1600 768 theatra
1621 740 1738 775 loquun-

951 789 1005 823 tur)
1021 797 1083 815 num
1100 789 1205 816 Atticus
1220 793 1297 823 paler
1311 787 1403 820 fuerit,
1420 787 1478 815 hate
1497 786 1618 814 declarat
1638 785 1735 813 oratio.

950 833 1016 861 Nolo
1046 834 1117 861 cuitu
1149 833 1356 862 Atheniensium
1390 832 1510 860 sobolem
1542 832 1653 859 liberam
1683 839 1736 859 non

949 879 1096 914 appellare.
1115 879 1279 907 Libertatem
1295 879 1376 906 etiam
1403 883 1466 905 ante
1489 877 1660 913 pubertatem
1683 877 1738 904 (ilio

949 925 1099 952 committo.
1121 924 1195 952 Meus
1217 929 1268 957 est,
1296 924 1468 952 Atheniensis
1494 928 1548 956 est,
1573 923 1671 950 donum
1695 926 1737 949 est

949 969 1086 1004 publicum
1103 969 1206 996 civitati
1227 969 1287 1003 plus
1305 969 1410 996 caeteris
1430 969 1576 996 honoratae.
1598 967 1648 995 llic
1664 966 1735 994 enim

947 1018 989 1042 est
1010 1014 1160 1047 Plutarchi,
1185 1021 1238 1049 quo
1269 1021 1317 1042 vos
1343 1021 1436 1040 omnes
1462 1013 1591 1048 magistro
1618 1011 1736 1040 utimini.

947 1059 991 1086 hic
1007 1059 1166 1093 Minuciani,
1183 1059 1229 1094 qui
1252 1067 1300 1087 sua
1324 1067 1389 1086 voce
1411 1058 1507 1094 36517
1525 1058 1654 1094 plurimos
1675 1065 1736 1092 per-

947 1113 1019 1140 saepe
1044 1105 1144 1134 liberos
1172 1105 1246 1138 fecit,
1276 1105 1348 1132 hunc
1382 1104 1520 1139 Nicagoras
1548 1103 1633 1131 ﬁlium
1659 1103 1736 1130 vobis

947 1151 1127 1183 adduximus,
1153 1155 1179 1178 et
1204 1151 1274 1178 hanc
1298 1158 1386 1178 meatu
1410 1150 1522 1185 prolem.
1547 1149 1734 1184 Sophistaruut

948 1197 1034 1229 vobis,
1063 1196 1339 1231 philosophorumque
1365 1203 1493 1224 recenseo
1518 1195 1629 1228 seriem,
1654 1195 1735 1223 decus

947 1249 1013 1268 sane
1041 1242 1146 1268 Atticae.
1176 1241 1263 1269 Omisi
1291 1248 1362 1276 saepe
1402 1241 1582 1275 sophistarum
1607 1241 1735 1272 nomina.

948 1294 1020 1313 nunc
1043 1287 1127 1322 patris
1148 1286 1254 1314 omitto.
1272 1286 1389 1313 Dedistis
1411 1285 1494 1312 lilium
1515 1285 1592 1318 mihi,
1607 1285 1734 1320 quoniam

947 1332 1124 1359 Atheniensis
1146 1336 1198 1364 est,
1215 1331 1330 1365 accipite
1348 1331 1405 1366 jam
1424 1331 1547 1358 eumdem
1566 1335 1656 1358 vestra
1674 1338 1736 1358 seu-

948 1379 1031 1405 tentia
1063 1377 1188 1405 liberum.
1211 1377 1354 1405 redditum.
1383 1377 1471 1410 Quare
1507 1376 1635 1404 dimittite
1669 1377 1735 1404 mihi

948 1429 1040 1451 vestro
1057 1424 1167 1451 decreto
1188 1423 1282 1455 lilium,
1296 1427 1323 1450 ct
1342 1423 1403 1450 dein
1424 1429 1516 1450 vocem
1538 1422 1611 1450 illam
1635 1421 1735 1450 libera-

948 1470 1011 1503 lem,
1026 1477 1071 1497 seu
1088 1470 1218 1496 vindicias
1229 1468 1378 1496 secundum
1392 1468 1543 1496 libertatem
1557 1467 1734 1501 acclamante,

948 1521 978 1544 ut
1004 1522 1133 1551 tanquam
1156 1515 1330 1543 Atheniensis
1353 1514 1435 1550 (quod
1458 1518 1500 1541 est
1520 1521 1552 1542 ac
1574 1514 1597 1541 si
1618 1513 1734 1541 dicerem

910 1567 931 1595 α
948 1560 1026 1595 liber)
1042 1561 1112 1595 apud
1126 1567 1173 1587 vos
1189 1564 1217 1587 et
1231 1559 1316 1592 dicat,
1331 1564 1359 1587 et
1373 1559 1484 1590 Scribat,
1499 1562 1535 1591 et,
1551 1558 1574 1585 si
1588 1558 1624 1585 dii
1641 1558 1734 1590 velint,

947 1606 1028 1633 etiam
1045 1605 1071 1632 in
1090 1604 1236 1639 Republica
1253 1605 1372 1631 honores
1387 1608 1557 1638 assequatur.

947 1652 972 1678 E
997 1650 1101 1685 funebri
1130 1650 1299 1680 laudatione,
1337 1657 1428 1685 quam_
1445 1649 1472 1675 in
1500 1649 1586 1685 ﬁlium
1616 1648 1734 1676 eumdem

1098 1685 1223 1719 Ruﬁnum
1239 1683 1346 1712 habuit.
1357 1697 1392 1704 —
1409 1683 1581 1710 Prommium.

985 1743 1063 1776 Quod
1078 1743 1133 1778 jam
1151 1747 1259 1770 mortuo
1281 1741 1377 1768 Rnllno
1389 1741 1470 1768 verba
1490 1739 1580 1768 facere
1601 1740 1735 1773 ini-irin

949 1788 1018 1816 facio
1035 1789 1136 1822 inique,
1154 1788 1205 1815 nisi
1228 1796 1242 1815 ιι
1263 1787 1373 1815 numine
1389 1787 1505 1821 quodam
1527 1786 1561 1813 ad
1583 1786 1733 1813 mouodiam

949 1831 1078 1860 dramatis
1097 1837 1219 1860 servatus
1243 1832 1293 1858 sim
1311 1839 1317 1858 :
1334 1831 1428 1866 loquar
1452 1834 1553 1857 tamen.
1579 1829 1635 1856 Non
1661 1830 1734 1857 enim

949 1877 1014 1904 mihi
1030 1877 1069 1904 fas
1089 1882 1132 1905 est
1155 1878 1278 1904 oratione
1300 1876 1374 1903 illum
1397 1883 1449 1903 non
1472 1875 1614 1909 deplorare
1638 1875 1733 1902 horum

948 1921 1110 1956 eloquentia:
1128 1922 1278 1950 studiorum
1299 1921 1448 1948 alumnum.
1468 1919 1625 1947 Nesciebam
1646 1919 1736 1954 itaque

949 1966 1041 1994 infelix
1058 1975 1105 2002 pro
1121 1967 1225 1994 balneis
1242 1973 1285 1993 me
1301 1965 1348 1993 tibi
1365 1965 1529 2000 scpttlcrum,
1544 1972 1593 2000 pro
1612 1965 1737 1992 domibus

948 2012 1067 2044 bustum,
1083 2016 1109 2039 et
1125 2012 1268 2045 tumulum,
1292 2019 1341 2046 pro
1365 2011 1466 2039 divitiis
1485 2015 1513 2038 et
1536 2011 1673 2046 voluptate
1691 2011 1736 2039 fu-

949 2057 1062 2090 neralia,
1079 2064 1139 2092 quae
1163 2057 1318 2084 hominibus
1342 2057 1461 2084 omnium
1481 2057 1636 2084 tristissima
1662 2061 1734 2089 sunt.

949 2103 1065 2138 erigere.
1080 2103 1187 2134 Dixisti.
1201 2103 1289 2138 primo
1303 2110 1388 2137 nuper
1398 2103 1430 2129 ad
1442 2102 1568 2137 populum
1584 2109 1713 2136 perorans
1726 2111 1734 2130 :

949 2155 1056 2177 onmem
1080 2156 1140 2183 qum
1167 2147 1218 2176 sub
1244 2147 1301 2175 sole
1324 2151 1366 2175 est
1390 2152 1490 2175 terram
1515 2146 1649 2174 indecoris
1669 2146 1736 2174 meis

949 2195 1040 2223 verbis
1068 2195 1195 2229 implebo.
1221 2193 1359 2221 Persuasit
1381 2192 1527 2228 aliquando
1542 2191 1671 2225 Pericles,
1688 2193 1735 2220 sed

104 2241 190 2277 γόραν
202 2240 376 2276 δημηγόρος·
399 2239 431 2266 σὺ
446 2239 475 2265 δὲ
493 2237 567 2274 ἦσθα
581 2237 738 2272 δημηγόρος
758 2237 790 2263 ὲκ
808 2237 896 2272 μέσων

951 2245 1092 2275 postquam
1119 2239 1152 2266 ab
1175 2239 1333 2273 Anaxagora
1355 2237 1410 2274 (Μ)
1433 2237 1521 2264 factus
1540 2241 1612 2264 esset
1630 2242 1734 2269 orator,

105 2286 285 2322 σπαργάνων.
313 2282 395 2312 Εῐλεν
426 2283 599 2319 Ἀλκιϐιάδης
624 2284 685 2310 ὅλον
715 2282 745 2309 τὸ
773 2282 896 2319 θέατρον,

103 2333 162 2360 ἀλλ’
177 2331 312 2368 ἀκμάζων
328 2331 378 2367 ἢδη
393 2330 443 2367 τὴν
457 2329 531 2366 ὥραν
545 2330 592 2356 καὶ
603 2329 652 2364 τὴν
674 2328 783 2364 ἡλικίαν
800 2337 897 2364 μειρα-

947 2288 975 2312 ιιι
998 2289 1092 2312 orator
1112 2291 1127 2312 e
1152 2284 1294 2311 cunabulis
1319 2284 1459 2311 exstitisti.
1480 2282 1633 2310 Alcibiades
1650 2287 1734 2310 totum

946 2335 1102 2366 suggestum
1127 2330 1280 2364 occupavit,
1308 2329 1354 2356 sed
1381 2329 1409 2356 in
1434 2327 1500 2356 ﬂore
1523 2327 1681 2362 iuventutis,
1708 2331 1737 2355 et

104 2378 265 2414 κιούμενος·
284 2378 316 2405 σὺ
339 2377 368 2404 δὲ
383 2375 424 2404 ἔτι
436 2375 475 2412 τῷ
504 2375 601 2411 μασθῷ
611 2375 636 2392 ⁸⁵
661 2375 710 2402 καὶ
723 2374 763 2410 τῷ
780 2374 896 2409 γάλακτι

950 2381 1024 2404 etate
1046 2376 1248 2403 adolescentiae.
1267 2374 1317 2411 [At
1343 2378 1372 2402 tu
1396 2374 1545 2402 etiamnum
1565 2373 1692 2401 uberibus
1709 2376 1737 2401 et

105 2424 318 2461 προσκείμενος.

140 2467 176 2495 *Ω
210 2468 297 2500 πάθος
326 2468 377 2503 τῆς
399 2465 535 2502 Αἰσχύλου
564 2465 770 2501 μεγαλοφωνίας
797 2465 891 2499 ἄξιονί

109 2513 244 2550 Ἠρακλεῖ
258 2514 307 2550 μὲν
319 2514 414 2549 ἐδέησε
425 2512 527 2548 πολλῆς
536 2512 661 2548 περιόδου
675 2511 784 2538 καὶτῶν
797 2512 896 2544 ἄθλων,

105 2557 192 2595 οἶμαι,
205 2558 262 2587 τῶν
281 2558 401 2591 δώδεκα,
427 2558 473 2585 ῑνα
499 2558 639 2594 μάρτυρας
652 2557 703 2592 τῆς
721 2556 822 2593 ἀρετῆς
846 2557 896 2593 τὴν

107 2605 151 2640 ὑφ’
166 2606 243 2641 ἣλιον
260 2604 350 2632 πᾶσαν
373 2603 519 2638 κτήσαιτο”
548 2601 580 2628 σὺ
600 2601 629 2628 δὲ
648 2601 714 2628 εἴσω
723 2599 771 2628 τοῦ
793 2600 893 2628 κύκλου

945 2422 1014 2450 lacte
1029 2420 1172 2457 nutritus.]

982 2466 1005 2494 0
1020 2467 1096 2494 dolor
1112 2466 1232 2502 [Eschyli
1252 2465 1347 2500 dignus
1361 2464 1512 2492 cothurno!
1535 2463 1675 2491 Herculem
1698 2467 1738 2490 te-

951 2519 994 2538 ras
1009 2511 1163 2546 pervagari,
1179 2509 1299 2544 oportuit
1313 2513 1341 2536 et
1362 2508 1396 2536 i2
1418 2508 1486 2535 adeo
1510 2507 1617 2534 labores
1634 2506 1736 2537 subire,

951 2561 980 2584 ut
995 2561 1129 2584 terrarum
1155 2555 1248 2583 orbem
1271 2554 1354 2582 veluti
1379 2553 1488 2580 virtutis
1505 2559 1562 2580 suae
1582 2555 1677 2579 testem
1692 2558 1736 2577 re-

947 2601 1095 2639 linqueret.
1112 2603 1152 2631 Tu
1167 2610 1230 2631 vero
1241 2602 1310 2630 intra
1324 2605 1384 2631 tuos
1397 2604 1580 2629 commoratus
1594 2597 1733 2631 terminet,

757 2679 874 2708 VARUS
892 2681 1094 2712 LECTIONES.

158 2742 180 2759 ³⁸
195 2740 298 2771 πάντας
312 2739 441 2774 expungit
466 2738 505 2774 A,
520 2744 575 2774 om.
601 2736 632 2774 β.

111 2775 264 2804 υίὺναὺτοῦ
281 2775 310 2802 Β.
349 2772 372 2792 λ’
387 2772 423 2810 εί]
439 2774 468 2800 ὲν
493 2772 548 2799 AC.
586 2772 616 2807 “,
642 2773 736 2808 μαστῷ
761 2781 790 2804 ς.

671 2737 693 2757 θ’
711 2737 757 2764 τοῦ
781 2736 935 2772 Ῥουφίνον]
947 2736 1056 2772 ῥοςοίνου
1088 2736 1120 2764 Β.
1158 2737 1181 2755 ιν
1202 2736 1250 2771 τῆς
1262 2735 1352 2771 ψήφου
1369 2733 1433 2762 add.
1453 2732 1487 2761 Α.
1525 2731 1547 2748 ’⁸⁸
1563 2729 1642 2758 αὑτὸν
1660 2726 1736 2764 υἱὸν]

861 2825 976 2855 NOTAE.

151 2868 204 2902 (bl)
221 2866 309 2896 Valer.
325 2866 394 2894 Max.
413 2865 459 2893 lib.
477 2872 492 2891 v
507 2869 576 2892 extr.
