1919 3096
175 139 242 174 1347

749 143 881 174 ΡΗΟΤῙΙ
896 143 1150 174 PATRIARCHIE
1170 142 1225 174 (ΖΡ.

1741 139 1811 175 1348

172 197 281 233 egregie
303 197 383 226 factis
407 197 531 227 [ferculis
552 197 692 226 Columnas
715 199 793 227 nobis
815 200 960 235 superasti.

1019 200 1105 235 μένων
1121 198 1259 235 ὐπερὲὃης
1288 197 1339 230 τὰς
1365 197 1465 233 στήλας
1474 197 1540 233 ἡμῖν
1555 197 1606 235 τὰς
1629 197 1812 233 Ἡρακλείους

173 243 260 277 Quod,
274 251 376 279 qureso,
392 251 492 271 numen
508 251 618 271 auream
635 245 776 272 catsarictn
795 245 903 272 familia:
919 245 966 272 de-

173 289 262 317 tondit
287 297 354 317 mere
380 289 456 325 (42)?
482 290 544 324 quis
571 289 664 324 gloriae
696 298 763 318 mea:
793 291 965 326 splendorem

172 337 323 364 exstinxit?
358 344 483 372 quamam
522 335 622 364 furiam
657 345 788 372 genarum
827 338 964 370 ruborem,

172 382 300 410 blandum
324 381 530 418 jucundumque
556 383 644 410 vultus
669 383 706 410 tui
736 384 822 411 risum
846 384 966 418 eripuit?

173 430 229 462 Qua
255 430 369 462 ratione,
387 429 439 457 heu
463 437 517 462 me,
533 437 628 464 passus
645 437 686 463 es,
706 437 722 458 ο
743 430 835 464 Liber,
855 438 870 459 e
891 430 965 459 delu-

172 473 230 501 bris
256 474 310 501 tuis
334 481 441 502 sacrum
469 474 549 508 diripi
571 474 721 509 juvenem?
739 474 890 504 Commune
914 476 966 503 hoc

173 521 315 548 adversum
333 525 358 548 te
378 528 521 555 meamque
538 521 668 548 familiam
684 521 818 558 Erinnyes
834 527 964 557 tropaeum

173 566 302 593 fixerunt.
325 565 379 593 Cur
393 565 416 593 ei
449 566 599 593 thalamum
634 566 780 601 nuptialem
807 566 965 595 inferiorem

173 619 227 639 non
244 611 384 646 apparavi,
399 612 618 646 quandoquidcm
642 613 810 647 superiorem
829 612 855 640 ei
871 612 966 640 Parcae

173 656 338 684 inviderunt.
362 656 442 689 Hem,
465 657 565 691 quibus
588 664 668 692 quam
696 657 818 685 tristibus
842 663 966 685 servatus

172 709 233 730 sum
265 701 395 730 luctuosis
424 702 616 730 sermonibus!
647 702 747 738 366a
775 702 874 730 Omnia
905 711 966 731 cum

173 748 328 776 orationum
342 751 502 782 argumenta
520 747 672 780 tractarim,
688 755 770 774 unum
787 748 875 776 luctus
891 756 967 776 sem-

172 800 222 828 per
237 792 387 826 declinavi;
408 793 562 820 nesciebam
587 792 658 820 enim
684 800 727 820 me
749 793 819 821 meis
841 793 967 823 iumentis

174 838 289 866 servari.
314 837 372 865 Jam
395 837 498 872 pridem
525 838 665 872 cogitabas
690 843 764 865 tuum
783 838 847 866 hinc
863 839 966 867 disces-

174 893 245 918 sum,
261 885 316 920 jam
337 885 440 919 pridem
457 884 529 917 aliis,
547 885 591 919 qui
607 890 744 919 poterant,
764 887 964 922 conjiciendum

175 931 321 966 reliquisti,
335 930 406 966 quati
422 931 473 958 hac
490 936 564 958 sorte
578 931 674 958 melior
686 939 772 959 esses.
789 932 811 959 0
827 933 871 968 qui
887 939 966 960 antea

174 978 262 1005 (etatis
292 977 421 1004 terminos
448 977 580 1003 virtutum
610 977 719 1004 dotibus
744 978 885 1012 transisti,
910 978 966 1013 jam

173 1031 239 1051 vero
259 1027 345 1050 morte
360 1022 549 1050 commutastil
564 1022 619 1058 :qui
638 1022 758 1051 fraterno
777 1031 869 1051 amore
884 1025 966 1052 etiam

175 1068 321 1097 Dioscuros
336 1067 482 1102 superasli.
504 1067 544 1094 llli
560 1068 669 1102 quidem
683 1075 731 1102 pro
747 1067 850 1096 Helena
868 1069 967 1097 bellum

174 1116 330 1149 gesserunt,
356 1117 462 1146 raptum
493 1117 582 1139 tamen
610 1113 818 1147 prohibuerunt.
840 1113 879 1141 Tu
904 1122 969 1143 vero

175 1159 270 1187 fratris
285 1159 322 1186 tui
338 1158 461 1193 germani
477 1163 571 1186 custos
585 1159 657 1186 omni
677 1166 755 1187 muro
784 1167 845 1188 eras
861 1159 968 1194 fortior,

176 1209 204 1233 tu
220 1204 345 1231 omnibus
360 1203 462 1230 morbis
475 1202 533 1231 solo
547 1204 630 1230 animi
646 1205 745 1232 robore
761 1212 868 1240 semper
886 1207 968 1234 resti-

177 1250 244 1278 tisti.
269 1248 410 1284 Improbus
438 1248 555 1277 fortasse
578 1249 694 1284 daemon,
717 1255 744 1278 et
768 1251 885 1279 crudelis
910 1252 970 1281 idco

177 1309 265 1332 tecum
288 1303 438 1336 contendit,
456 1303 599 1342 et~multis
623 1303 725 1338 prmliis
746 1311 889 1340 superatus
910 1310 970 1334 lan-

176 1351 238 1379 dem
254 1349 398 1384 aliquando
425 1348 603 1376 clandestinis
626 1354 653 1377 et
675 1349 816 1379 fallacibus
836 1353 970 1381 machinis

177 1399 205 1423 te
223 1395 380 1430 prostravit.
398 1393 489 1429 Neque
502 1402 566 1422 vero
579 1395 684 1422 cessisti
699 1396 734 1424 ad
747 1401 870 1425 extrema
885 1406 971 1434 usque

177 1439 309 1472 daemonii,
336 1443 366 1466 ut
393 1446 538 1473 possumus
565 1440 676 1474 audire,
702 1441 748 1469 sed
770 1449 886 1477 corpore
907 1445 972 1472 licet

178 1486 305 1518 cesseris,
328 1485 419 1512 animo
447 1492 499 1512 non
519 1486 638 1513 cessisti.
664 1487 764 1514 Verum
791 1489 972 1524 strangulavit

1016 245 1072 276 τοῖς
1086 243 1218 279 θαύμασι.
1233 242 1282 274 Τίς
1298 241 1430 277 ἀπέκειρε
1443 242 1549 278 δαίμων
1563 242 1614 278 τῆς
1628 243 1700 278 ἐμῆς
1715 243 1811 275 ἑστίας

1015 290 1062 317 τὸν
1085 289 1204 325 χρυσοῦν
1222 289 1389 325 βόστρυχον;
1413 289 1455 320 τις
1481 289 1526 316 τὸν
1544 289 1648 324 πυρσὸν
1665 289 1715 324 τῆς
1739 290 1811 325 ἐμῆς

1016 335 1096 370 δόξης
1118 334 1232 368 let-656:;
1248 335 1291 366 τίς
1310 333 1441 370 Ἐρινύων
1455 334 1479 350 ⁸⁵
1498 334 1529 360 τὸ
1553 334 1675 370 παρειῶν
1697 334 1811 368 ἐρευθος

1017 381 1065 408 καὶ
1078 380 1108 407 τὺ
1124 379 1259 416 προσηνὲς
1279 380 1326 406 καὶ
1338 380 1388 415 ἡδὺ
1412 379 1546 415 μειδίαμα
1571 379 1625 406 τῶν
1655 380 1709 406 σῶν
1724 387 1809 415 προσ-

1016 425 1099 453 ώπων
1112 425 1263 461 ὲσύλησεν;
1278 425 1370 460 ()ἰ’μοι,
1381 425 1502 452 Διόνυσεί
1516 425 1574 457 πῶς
1585 425 1705 460 ἣνεγκας
1718 426 1751 452 ἐκ
1761 424 1809 452 τοῦ

1018 472 1066 499 σοῦ
1089 472 1221 508 τεμένους
1244 472 1326 498 παῖδα
1337 471 1382 498 τὸν
1398 471 1471 507 ἱερὸν
1490 471 1698 506 ἁρπαζόμενονς
1718 472 1810 498 κοινὸν

1017 519 1118 554 ἔστηκε
1129 518 1201 545 κατὰ
1217 517 1263 544 σοῦ
1276 519 1324 545 καὶ
1335 519 1383 554 τῆς
1394 519 1464 553 ἐμῆς
1483 517 1575 549 ἑστίας
1595 517 1716 554 Ἐρινύσι
1731 517 1810 545 τοῦτο

1016 564 1048 592 τὸ
1062 565 1084 580 ⁸⁵
1100 565 1243 600 τρόπαιον.
1261 564 1292 591 Τί
1307 564 1336 591 δέ
1350 564 1399 600 οὐχ
1416 563 1563 600 ἡτοίμαζον
1580 564 1655 599 αὑτῷ
1667 564 1714 591 τὸν
1733 565 1809 592 κάτω

1018 610 1151 646 θάλαμον,
1168 610 1263 645 ἐπειδὴ
1276 610 1326 642 τὰς
1341 610 1396 637 ἄνω
1408 610 1548 641 παστάδας
1567 609 1698 645 Ἐρινύων
1711 610 1809 644 φθόνος

1018 649 1192 692 ἐεήίρπασειη
1205 656 1276 688 οἵαις
1289 656 1434 691 μονῳδίαις
1448 656 1603 692 τετήρημαι
1615 664 1623 690 ;
1637 656 1729 688 πάσας
1743 657 1811 683 ὐπο-

1018 701 1106 733 θέσεις
1119 701 1260 736 τολμήσας
1278 701 1366 736 λόγων
1382 701 1480 737 μόνους
1494 701 1558 732 τοὺς
1574 701 1690 737 θρήνους
1705 701 1811 733 ἐξέκλι-

1018 757 1073 776 νον.
1095 747 1258 775 Ἐλάνθανον
1269 747 1298 775 δὲ
1309 747 1363 783 ἄρα
1376 749 1433 780 τοῖς
1447 747 1568 783 ἐμαυτοῦ
1582 747 1692 783 θρήνοις
1709 749 1811 784 τηρού-

1020 802 1111 828 μενος.
1139 793 1286 830 Πόρρωθεν
1309 793 1364 829 ἄρα
1379 793 1569 829 ἑμμελέτησας
1583 793 1608 809 ⁸⁸
1627 794 1678 829 τὴν
1703 794 1810 820 ἐνθένδε

1018 839 1202 875 ἀναχώρησιν,
1223 838 1364 874 πόρρωθεν
1387 839 1482 871 ὲδίδως
1507 838 1531 855 ⁴⁷
1568 840 1624 872 τοῖς
1648 839 1811 874 δυναμένοις

1017 882 1208 919 τεκμήρασθαι
1222 883 1262 910 ὅτι
1280 883 1413 918 κρείττων
1425 883 1479 919 ἄρα
1494 880 1566 919 ἦσθα
1579 884 1628 919 τῆς
1642 885 1706 920 τῇδε
1718 883 1742 900 ’⁸
1760 884 1810 920 λή-

1019 930 1097 963 ξεως.
1115 927 1152 956 Ὠ
1166 928 1300 964 πρότερον
1322 929 1387 960 τοὺς
1405 929 1455 964 τῆς
1477 929 1586 965 ἡλικίας
1599 930 1680 965 ὄρους
1699 932 1733 966 τῇ
1754 931 1811 957 τῶν

1017 975 1122 1011 ἀρετῶν
1149 975 1255 1009 κτήσει,
1275 975 1334 1002 νυνὶ
1348 975 1370 992 δ’
1392 975 1420 1002 δὲ
1438 975 1478 1012 τῷ
1501 976 1610 1011 θανάτῳ
1634 977 1812 1012 παραμειψά-

1020 1024 1114 1058 μενοςι
1132 1014 1329 1059 ὢιριλαδελφίᾳ
1351 1022 1466 1057 νικήσας
1486 1022 1522 1048 τὰ
1535 1022 1706 1057 Διοσκούρων
1722 1022 1811 1057 ἐγκὼ·

1020 1071 1089 1104 μιαι
1107 1071 1138 1097 Οί
1153 1071 1202 1106 μὲν
1220 1070 1275 1105 γὰρ
1291 1069 1362 1104 ὺπέρ
1388 1068 1498 1104 Ἑλένης
1515 1069 1691 1104 ἐστράτευον,
1716 1070 1765 1105 τὴν
1781 1070 1812 1096 δὲ

1019 1118 1147 1154 ἁρπαγὴν
1157 1118 1207 1144 οὐκ
1222 1117 1378 1144 ἐκώλυσαν·
1393 1116 1425 1143 σὺ
1442 1116 1470 1143 δὲ
1483 1116 1571 1152 φύλαξ
1582 1117 1630 1152 τῆς
1641 1118 1810 1152 αὑταδέλφου

1018 1162 1090 1200 ἦσθα
1104 1163 1205 1195 παντὸς
1221 1163 1328 1198 τείχους
1344 1162 1526 1198 όχυρώτερος.
1542 1164 1577 1189 Σὺ
1590 1164 1619 1190 δὲ
1637 1164 1707 1199 πρὸς
1721 1165 1811 1196 πάσας

1020 1203 1210 1244 νόσουςέστης
1223 1208 1266 1235 ἀεὶ
1282 1208 1356 1243 μόνῳ
1368 1207 1407 1243 τῷ
1426 1208 1475 1243 τῆς
1495 1207 1584 1243 ψυχῆς
1600 1209 1810 1244 παραστήματι.

1026 1255 1229 1290 Ἐφιλονείκησέ
1247 1262 1289 1280 σοι
1312 1253 1356 1280 διὰ
1372 1253 1451 1280 τοῦτο
1465 1254 1532 1286 ἴσως
1542 1255 1556 1281 ὁ
1573 1255 1690 1290 πονηρὸς
1705 1255 1813 1290 δαίμων

1020 1302 1067 1328 καὶ
1095 1301 1202 1337 ἄγριος,
1219 1301 1266 1328 καλ⁸
1286 1299 1386 1332 πολλὰς
1408 1299 1537 1335 ἡττηθεὶς
1563 1300 1652 1336 μάχας
1676 1301 1727 1336 ὀψέ
1746 1311 1813 1329 ποτε

1020 1346 1144 1383 λαθραίῳ
1175 1346 1318 1374 κατέσεισε
1343 1346 1532 1382 μηχανήματι.
1565 1345 1647 1379 Εἷξας
1681 1347 1710 1374 δὲ
1752 1349 1815 1375 οὐδὲ

1021 1393 1084 1429 ἄχρι
1108 1393 1162 1420 τῶν
1190 1394 1324 1429 ἐσχάτων,
1341 1392 1380 1426 ὡς
1404 1392 1478 1420 ἐστιν
1490 1392 1611 1427 ἀκούειν,
1635 1393 1674 1428 τῷ
1691 1394 1813 1429 δαίμονι,

1021 1438 1089 1465 ἀλλὰ
1103 1437 1280 1474 παραχωρῶν
1306 1437 1354 1464 τοῦ
1373 1436 1500 1473 σώματος
1519 1437 1566 1464 τοῦ
1590 1440 1764 1474 φρονήματος
1779 1439 1813 1465 οὐ

1022 1484 1235 1520 παρεχώρησας.
1255 1484 1326 1511 Ἀλλ’
1340 1485 1354 1511 ὁ
1372 1484 1421 1520 μὲν
1438 1481 1507 1519 ἦγχε
1518 1485 1541 1501 ⁸ο
1557 1484 1604 1511 καὶ
1627 1485 1763 1517 ἐϐιάζετο,
1779 1486 1814 1512 σὺ

178 1533 234 1566 ille,
253 1540 354 1568 perque
375 1532 428 1559 vim
455 1531 578 1566 abstulit;
606 1537 633 1560 tu
650 1540 715 1560 vero
741 1534 767 1561 in
793 1535 851 1570 ipso
874 1536 967 1572 laqueo

1022 1530 1050 1557 δέ
1064 1531 1096 1557 ἐκ
1113 1530 1196 1565 μέσου
1218 1530 1265 1557 τοῦ
1282 1530 1381 1566 βρόχου
1402 1530 1531 1562 διετέλεις
1544 1530 1591 1567 τὴν
1609 1531 1689 1567 φίλην
1708 1541 1750 1559 σοι
1773 1541 1816 1559 τι-

180 1579 297 1606 animam
318 1578 429 1613 agebas,
451 1578 597 1606 atnabiletn
617 1577 662 1606 tibi
687 1580 818 1608 nutricem
839 1589 905 1609 voce
928 1583 972 1609 iu-

179 1626 311 1659 clamans,
327 1625 414 1652 donec
431 1629 456 1652 te
473 1625 546 1652 omni
563 1632 613 1659 ope
629 1625 799 1659 destitutum,
815 1627 855 1654 sic
876 1627 972 1662 laqueo

178 1671 322 1700 conclusit.
348 1670 465 1698 Noverat
483 1671 556 1698 enim
580 1671 651 1706 quod
678 1679 751 1706 saepe
774 1672 874 1705 victus,
895 1679 972 1708 patre

178 1722 312 1753 praesente
332 1721 359 1744 et
378 1716 503 1751 iuvante,
521 1716 695 1744 discesserat.
712 1717 824 1746 Viceras
842 1723 867 1746 el
885 1719 972 1747 obsti-

178 1768 257 1791 natos
291 1762 498 1796 immobilesque
528 1761 651 1797 judicum
683 1762 790 1791 anitnos
825 1771 833 1791 :
859 1768 886 1791 et
914 1768 970 1792 tum

177 1809 294 1845 primum
313 1815 436 1836 severum
454 1808 528 1835 illum
548 1815 708 1836 concessum
726 1808 819 1837 risisse
835 1810 969 1844 apparuit.

179 1855 319 1884 Desiderio
339 1855 376 1883 tui
397 1859 502 1883 utentes
520 1854 579 1882 illas
597 1854 707 1888 ﬂexisti,
726 1862 794 1889 quas
808 1855 844 1883 dii
864 1855 914 1891 ipsi
926 1855 970 1890 ju-

180 1901 252 1930 dicio
282 1901 464 1935 disceptantes
492 1899 601 1927 ﬂectere
627 1899 797 1934 nequierunt.
827 1900 968 1928 Oeclusisti

176 1945 233 1981 jam
256 1945 322 1973 mihi
348 1949 435 1972 morte
462 1948 554 1978 portas
579 1944 664 1977 urbis,
678 1944 815 1972 occlusiin
831 1945 967 1974 Eleusinia.

181 1992 239 2026 Qua
256 1992 361 2020 ratione
384 1990 512 2018 Minerva:
531 1990 701 2023 sacriﬁcabo,
725 1998 785 2026 qua:
807 1999 856 2027 pro
873 1997 898 2020 te
914 1992 968 2020 Fu-

179 2038 248 2066 riam
275 2041 368 2064 comra
394 2036 542 2064 daemonem
563 2035 637 2063 illum
657 2043 711 2065 non
730 2037 880 2065 excitavit?
896 2038 968 2072 Quo-

181 2083 261 2112 modo
285 2082 364 2110 deum
389 2081 506 2116 patrium
532 2081 618 2110 colam
641 2087 718 2116 pater
738 2083 772 2110 ob
794 2082 878 2111 ﬁlium
901 2092 968 2112 con-

178 2127 320 2157 tristatus?
344 2126 367 2154 0
383 2127 499 2154 audaces
519 2127 674 2155 sermones!
701 2127 776 2156 Iacet
799 2127 924 2164 Rufinus,
938 2135 967 2158 et

177 2183 228 2204 vos
251 2175 340 2202 adhuc
364 2173 484 2202 ﬂoretis?
511 2173 533 2201 0
559 2173 652 2202 infelix
694 2174 802 2210 lingua,
827 2175 964 2204 Musarum

176 2222 253 2258 prius
279 2221 498 2252 instrumentum,
518 2227 590 2247 nunc
613 2227 678 2248 vero
705 2221 791 2255 turpis
820 2222 964 2250 daemonis!
979 2211 1006 2242 D

177 2267 201 2296 0
215 2267 260 2302 qui
275 2266 378 2294 clarius
397 2265 523 2293 Lucifero
540 2265 717 2300 splenduisti!
734 2267 779 2302 qui
799 2267 967 2296 laetissimum

177 2313 244 2341 mihi
259 2317 313 2340 tum
328 2311 398 2339 diem
415 2311 568 2345 ostendisti,
585 2319 646 2338 cttm
664 2316 690 2339 te
707 2312 822 2347 primum
843 2304 891 2341 sor
901 2321 967 2342 con-

177 2358 281 2395 spexit!
297 2357 356 2386 Jam
375 2364 440 2385 vero
465 2365 574 2385 rursuut
599 2358 798 2392 tristissimum,
815 2367 869 2394 quo
891 2367 968 2388 acer-

177 2405 239 2432 bum
260 2404 347 2437 illum,
368 2407 395 2430 et
412 2403 543 2438 tragicum
564 2403 688 2430 nuntium
710 2405 837 2440 percepi!
858 2405 880 2433 0
896 2413 966 2441 qua-

177 2450 229 2479 lem
246 2456 338 2477 casum
355 2456 404 2484 pro
419 2449 469 2476 hac
485 2455 543 2483 spe,
558 2456 575 2476 o
586 2449 704 2482 dzcmon,
723 2450 789 2477 mihi
804 2451 944 2478 destinasti
957 2451 964 2478 !

177 2495 267 2524 Deﬂeo
281 2494 336 2529 jam
351 2501 432 2530 quem
453 2493 607 2522 Minuciano
627 2495 867 2533 vehementiorem,
885 2497 966 2525 Nica-

178 2548 242 2577 gora
257 2539 422 2575 graviorem,
439 2538 588 2581 Plutarcho
605 2539 829 2575 eloquentiorem,
844 2541 966 2570 Musonio

177 2585 384 2622 sapientiorem,
400 2582 484 2612 Sexto
499 2582 652 2618 fortiorem,
665 2589 693 2612 et
708 2585 833 2614 omnibus
849 2581 967 2622 denique

1024 1576 1073 1612 θὴν
1087 1577 1109 1592 ⁸⁸
1135 1576 1386 1611 ἀναφθεγγόμενος,
1407 1577 1461 1610 ἕως
1486 1578 1577 1613 πάσης
1601 1585 1630 1604 σε
1652 1578 1815 1612 συμμαχίας

1023 1622 1143 1657 ποιήσας
1162 1621 1278 1657 ἔρημον,
1296 1621 1368 1649 οὕτω
1385 1624 1508 1658 προσῆγε
1537 1623 1582 1650 τὸν
1610 1623 1719 1658 βρόχον.
1735 1623 1817 1659 Ἲιιίει

1022 1667 1075 1702 γὰρ
1090 1666 1127 1699 ὡς
1147 1667 1277 1698 πολλάκις
1289 1667 1419 1702 ἡττηθεὶς
1434 1668 1539 1703 ἀπῆλθε
1554 1668 1600 1695 τοῦ
1623 1668 1726 1704 πατρὸς
1741 1677 1811 1704 παρ-

1021 1714 1098 1744 όντος
1127 1713 1175 1740 καὶ
1201 1713 1424 1746 συνασπίζοντος.
1447 1715 1591 1750 Ἐνίκησας
1611 1715 1659 1742 καὶ
1676 1715 1723 1742 τοῦ
1738 1716 1816 1742 δικα-

1023 1759 1134 1794 στηρίου
1157 1759 1188 1786 τὸ
1215 1760 1346 1794 στεγανόν
1363 1769 1394 1787 τε
1422 1761 1470 1788 καὶ
1484 1761 1635 1797 ἄτρεπτον·
1658 1761 1737 1796 ὤφθη
1752 1761 1814 1788 τότε

1023 1804 1164 1840 μειδιᾶσαν
1194 1804 1301 1840 πρῶτον
1327 1805 1360 1832 τὸ
1385 1806 1497 1833 σύννουν
1527 1807 1572 1833 ἀεὶ
1602 1806 1754 1842 συνέδριον·
1772 1807 1815 1838 εἰς

1020 1850 1103 1878 πόθον
1121 1851 1210 1887 ψυχὰς
1231 1851 1373 1886 ἐκίνησας,
1394 1851 1476 1888 μΗὸ
1494 1852 1541 1889 11.]
1564 1853 1597 1885 ἃς
1617 1853 1667 1880 οὐκ
1682 1853 1815 1887 ἐκίνησαν

1019 1897 1080 1924 οὐδὲ
1096 1897 1153 1924 θεοὶ
1173 1898 1358 1933 δικαζόμενοι.
1383 1898 1562 1931 ’Δπέκλεισάς
1583 1908 1627 1934 μοι
1640 1900 1678 1935 τῷ
1703 1900 1813 1935 θανάτῳ

1019 1943 1068 1976 τὰς
1082 1943 1130 1970 τοῦ
1148 1943 1251 1976 ἄστεως
1264 1944 1287 1960 ⁸³
1299 1944 1398 1978 πύλας,
1412 1945 1576 1978 ἁπέκλεισάς
1595 1955 1640 1982 μοι
1653 1947 1704 1983 τὴν
1717 1947 1812 1974 Ἐλευ-

1019 1991 1089 2017 σῖνα.
1111 1989 1174 2022 Πῶς
1197 1989 1298 2026 Ἀθηνᾷ
1322 1990 1407 2024 θύσω,
1431 1991 1509 2027 ἢτὴν
1527 1992 1647 2028 Γοργόνα
1675 1993 1746 2020 κατὰ
1763 1993 1812 2020 τοῦ

1017 2035 1145 2071 δαίμονος
1161 2036 1231 2072 ὑπὲρ
1251 2036 1310 2069 σού,
1339 2036 1457 2070 παιδίον,
1485 2038 1534 2064 οὐκ
1552 2038 1657 2071 Εσεισε;
1685 2038 1745 2071 πῶς
1772 2039 1812 2074 τῷ

1018 2081 1145 2118 πατρῴῳ·
1158 2082 1355 2118 προσεύξομαι,
1376 2083 1467 2119 πατὴρ
1485 2084 1532 2111 ἐπὶ
1552 2085 1651 2120 παιδίῳ
1672 2085 1813 2120 λυπούμε-

1017 2136 1079 2162 νος;
1094 2126 1130 2154 Ὦ
1153 2128 1285 2165 τολμηροὶ
1302 2129 1365 2165 [596
1376 2129 1423 2166 IL]
1439 2130 1527 2165 λόγοιί
1545 2132 1633 2158 κεῖται
1656 2131 1809 2166 Ῥουφῖνοςν

1020 2174 1099 2209 ὑμεῖς
1114 2173 1144 2201 δὲ
1163 2174 1204 2201 ἑτι
1221 2175 1404 2203 νεανιεύεσθε.
1419 2173 1455 2202 Ὦ
1469 2177 1492 2192 ⁸³
1506 2176 1639 2212 δυστυχὴς
1653 2177 1772 2211 γλῶττα,
1787 2173 1810 2204 ὦ

1021 2219 1152 2256 πρότερον
1177 2220 1226 2256 μὲν
1248 2220 1364 2255 ὄργανον
1381 2222 1518 2252 Μουσῶν,
1550 2223 1608 2249 νυνὶ
1634 2222 1663 2249 δὲ
1686 2223 1809 2256 ἀμούσου

1019 2265 1163 2301 δαίμονοςι
1178 2265 1213 2292 Ὦ
1221 2266 1333 2301 λάμψας
1347 2268 1486 2304 ἐωσφόρου
1499 2268 1648 2304 ταχύτερον
1658 2269 1664 2295 !
1676 2265 1699 2296 ὦ
1714 2268 1810 2295 πασῶν

1020 2311 1071 2347 μὲν
1095 2311 1185 2344 δείξας
1210 2313 1273 2348 ἐμοὶ
1291 2314 1473 2349 φαιδροτέραν
1498 2315 1616 2350 ἡμέραν,
1633 2315 1677 2342 ὅτε
1700 2323 1731 2341 σε
1755 2313 1809 2342 εἶδε

1019 2357 1127 2393 πρῶτον
1141 2358 1155 2384 ὁ
1172 2358 1257 2393 ἥλιος,
1274 2359 1370 2386 πασῶν
1382 2359 1411 2387 δέ
1435 2350 1643 2396 ἁφεγγεστᾶτην
1663 2359 1696 2388 αὖ
1716 2361 1808 2392 πάλιν,

1018 2404 1065 2439 ἀφ’
1086 2401 1120 2440 ἦς
1145 2405 1195 2439 τὴν
1221 2405 1341 2440 δυστυχῆ
1360 2406 1408 2433 καὶ
1431 2407 1566 2442 τραγικήν
1588 2408 1682 2442 φήμην
1698 2407 1810 2442 κεκόμι-

1011 2451 1105 2485 σμαιῐ
1122 2450 1188 2477 Οἶαν
1209 2450 1295 2486 τύχην
1316 2451 1374 2478 ἀνθ’
1389 2452 1454 2478 οἴων
1466 2453 1583 2480 ἐλπίδων
1603 2452 1618 2478 ό
1634 2453 1739 2488 δαίμων
1757 2461 1808 2487 μου

1019 2495 1222 2531 κατεψήφισται
1233 2496 1239 2522 l
1258 2496 1355 2532 Θρηνῶ
1369 2496 1418 2524 νῦν
1436 2497 1465 2524 ὃν
1476 2497 1627 2533 δεινότερον
1636 2498 1741 2534 ήλπισα
1752 2498 1809 2525 Μι-

1019 2541 1162 2568 νουκιανοῦ
1189 2541 1371 2577 φθέγξασθαι,
1397 2543 1561 2579 σεμνότερον
1579 2543 1608 2570 δέ
1639 2543 1806 2579 Νικαγόρου.

1020 2587 1196 2624 Πλουτάρχου
1213 2588 1241 2615 δέ
1261 2588 1487 2625 εὐγλωττότερον,
1508 2590 1668 2618 Μουσωνίου
1689 2589 1718 2617 δὲ
1733 2589 1808 2624 φιλο-

823 2663 940 2692 νΑιιιΑξ
961 2664 1166 2694 LECTIONES.

505 2725 527 2744 ι’
538 2723 570 2750 τὸ
596 2731 652 2752 om.
680 2725 713 2751 Α.

214 2729 241 2747 δι
269 2724 398 2762 ἐριννύων
423 2734 453 2757 ς.
505 2724 570 2750 “ob
596 2731 652 2752 om.
680 2725 713 2751 Α.
768 2728 791 2744 ιθ

214 2762 254 2790 Ξδε
269 2771 302 2794 ς.
338 2761 362 2778 ⁵⁸
374 2761 422 2789 νῦν
435 2761 470 2788 Δ.
517 2759 540 2775 ¹⁰
554 2757 622 2795 ἦγχε
639 2759 677 2787 l3:
695 2757 752 2796 εἶχε
769 2769 799 2792 ς.

175 2762 254 2799 τῶδε
269 2771 302 2794 ς.
338 2761 362 2778 ⁵⁸
374 2761 422 2789 νῦν
435 2761 470 2788 Δ.

768 2728 791 2744 ιθ
824 2726 994 2763 ἐμελέτησας
1017 2726 1038 2754 C
1052 2736 1072 2763 γε
1095 2725 1285 2763 ἐμμελετήσας
1297 2736 1328 2760 ς.

847 2761 870 2777 ιι
882 2752 970 2797 τήθᾙὺ
984 2752 1077 2797 trix,
1092 2752 1360 2798 enaveuséo‘n.

1379 2729 1402 2748 ⁵⁷
1417 2728 1518 2760 ἐδίδους
1532 2727 1564 2756 Β.

1410 2729 1576 2780 ,ὶδξιἮὶΞὶ
1613 2729 1805 2780 “.ξῖὶδῖἐ.“ελ²

1445 2763 1540 2796 ἄστεος
1555 2772 1587 2797 ς.

1638 2765 1807 2794 ⁵³ὣοωζΑ.

935 2815 1048 2845 ΝΟΤᾹΞ.

212 2864 270 2902 (42)
291 2865 363 2902 Virg.
382 2865 428 2895 lib.
447 2873 484 2899 tv,
501 2872 571 2894 vers.
584 2864 635 2894 689
649 2864 747 2894 ίΕηιιὶιΙ
763 2886 770 2899 ,
787 2865 910 2895 Nomium
923 2866 966 2895 isti
986 2864 1145 2901 Proserpina
1163 2867 1306 2901 criuem,...
1322 2875 1353 2896 ex
1373 2867 1507 2904 Euripidis
1527 2868 1668 2899 Alceslide.
