1919 3096
81 120 144 155 ιθιθ

587 122 845 154 BIBLIOTIIECA.
862 134 897 141 —
913 122 995 154 COD.
1009 121 1160 154 CCXLIII.

1623 124 1692 158 1350

79 177 239 213 σοφώτερον,
266 176 365 210 Σέξτου
387 176 417 205 δὲ
443 177 688 215 καρτερικώτερον,
705 179 813 206 πάντων
836 179 859 206 δ’

913 180 1097 215 superioribus
1112 179 1285 207 illustriorem
1301 179 1399 216 3660
1419 180 1613 216 mclioremque
1636 189 1697 217 spe-

77 223 139 258 ὸμοῦ
152 223 206 250 τῶν
218 223 359 259 προγόνων
370 222 561 259 λαμπρότερόν
572 231 601 250 τε
616 226 662 250 καὶ
673 224 815 259 κρείττονα
825 225 858 252 ’⁸.

76 268 156 300 me;
169 268 219 304 μὲν
232 268 287 304 γὰρ
307 268 487 304 παρεχώρουν
504 268 545 295 ἔτι
562 267 714 304 κουρίζοντι
726 277 767 296 σοι
775 270 808 296 τὰ
822 279 861 297 νι-

78 314 202 350 κητήρια,
217 314 265 341 καὶ
283 314 346 346 τοὺς
367 314 432 346 σοὺς
453 313 549 348 λόγους
560 314 614 340 τῶν
638 314 756 350 ἐμαυτοῦ
773 315 860 349 λόγων

77 359 198 395 ἡγούμην
209 360 377 395 κρείττονας.
391 359 560 396 Προῦκρινον
575 360 630 386 τῶν
644 360 860 395 σπουδασμάτων

75 406 107 432 τὰ
121 406 155 432 σὰ
173 406 356 442 ψελλίσματα.
378 407 459 433 Ἀλλὰ
474 406 561 434 ταῦτα
586 406 674 433 πάντα
692 406 761 442 ὁμοῦ
779 408 861 442 συλή-

76 457 122 480 σας
136 449 151 475 ὸ
163 449 268 484 δαίμων
285 451 399 485 οἴχεται,
413 451 475 485 ἐμοὶ
490 451 518 478 δὲ
527 451 632 485 ἀφῆκεν
647 451 708 477 ἀντὶ
727 451 774 478 σοῦ
791 451 858 488 θρή-

75 503 134 526 νους
144 495 192 521 καὶ
206 490 322 530 δάκρυα.
333 496 475 530 Κοσμήσω
486 504 516 522 σε
534 496 581 522 καὶ
594 496 747 530 ἐπιταφίοις
761 497 858 530 ἀγῶσι,

74 540 119 566 καὶ
130 539 286 575 παραδώσω
297 540 335 575 τῷ
347 541 435 576 χρόνῳ
447 541 476 567 τὸ
488 541 534 568 σὺν
545 541 641 576 ὕνομιι,
651 542 697 568 καὶ
709 542 860 577 γενήσομαι

74 585 118 612 τοῦ
134 586 264 621 δαίμονος
283 587 354 614 κατὰ
370 587 450 614 τοῦτο
465 587 532 620 γοῦν
559 587 589 614 τὸ
606 587 688 623 μέρος
713 588 861 622 φιλονεικό·

74 639 149 667 τερος
165 631 210 658 ἵνα
224 632 273 669 ἔχῃ
292 632 341 668 μὲν
359 634 462 664 ἐκεῖνος
477 633 508 659 τὸ
524 633 614 668 σῶμα,
636 633 686 668 τὴν
706 633 733 660 δὲ
747 633 834 670 ψυχὴν
847 634 861 661 ὁ

74 677 198 712 οὐρανὸς,
210 678 261 713 τὴν
276 678 303 704 δὲ
319 677 398 710 δόξαν
416 678 535 709 ἅπαντες
550 678 700 714 ἄνθρωποι,

78 733 127 760 Ἐκ
145 733 202 761 τοῦ
222 735 266 767 είς
291 734 426 769 Σεϐῆρον
444 734 653 769 ἐπιοαιοιιίου.
677 749 712 754 -
740 735 790 762 Ἐκ
805 735 862 770 τῆς

370 769 561 803 προθεωρίας.

105 814 192 846 Ἴσως
206 815 255 850 μὲν
268 815 301 842 ἄν
314 823 352 850 τῳ
367 815 512 851 περίεργον
527 813 597 842 εἶναι
607 815 691 848 δόξειε
703 816 734 842 τὸ
745 816 797 852 πρὸ
807 817 861 844 τῶν

911 232 1034 251 raveram
1054 229 1203 251 oratorum.
1229 223 1284 259 Ego
1307 225 1365 259 ipse
1385 226 1526 253 victoriam
1544 225 1591 253 tibi
1609 227 1698 254 adhuc

908 269 1000 304 juveni
1014 269 1204 303 concedebam,
1224 274 1352 305 tuamque
1366 270 1516 298 orationem
1537 279 1596 298 mea
1607 272 1697 307 splen-

910 315 1044 343 didiorem
1057 316 1136 350 longe
1151 316 1314 349 arbitrabar,
1329 321 1356 343 et
1370 316 1535 344 balbutiente
1551 321 1577 344 te
1591 317 1624 344 de
1637 323 1697 344 stu-

910 360 1015 388 diorum
1044 361 1150 388 ratione
1173 361 1364 396 przcjudicavi,
1390 363 1437 390 sed
1463 363 1520 389 lucc
1539 362 1629 389 omnia
1650 362 1696 389 tibi

911 406 1016 434 datmon
1045 407 1173 434 auferens
1197 407 1299 443 ell‘ngit,
1323 413 1350 435 et
1374 408 1439 435 mihi
1466 408 1585 435 dolorem
1610 408 1697 443 laCIy-

910 459 1023 486 masque
1037 460 1086 488 pro
1100 457 1126 480 te
1142 453 1262 488 reliquit.
1282 454 1391 482 Ornabo
1407 458 1432 481 te
1449 454 1518 481 ludis
1540 454 1698 481 funebribus

910 503 938 525 et
960 499 1111 533 posteritati
1135 507 1232 527 nomen
1257 500 1360 527 tradam
1380 503 1465 532 tuum,
1483 504 1510 527 et
1532 500 1582 527 hae
1601 499 1697 527 saltem

910 549 987 579 parte
1003 544 1152 572 daemonem
1168 545 1284 577 vincam,
1298 550 1327 572 ut
1347 545 1391 572 ille
1411 545 1517 579 quidem
1539 552 1635 580 corpus
1649 546 1698 572 ha-

911 589 986 622 beat,
1003 589 1121 617 animam
1138 594 1223 622 astra,
1238 597 1331 617 omnes
1346 590 1469 617 homines
1486 590 1596 618 fulmini.

946 731 990 759 Ea;
1006 732 1183 766 Epithalamio
1198 734 1232 760 ad
1240 733 1373 761 Severum.
1385 749 1421 753 —
1432 733 1473 760 Ex
1496 734 1661 768 prtufalione.

947 809 1041 845 Operae
1063 811 1178 845 pretium
1200 812 1312 839 forsitan
1336 812 1425 839 visum
1448 821 1500 840 non
1515 813 1607 846 fuerit,
1635 818 1699 841 ante

73 860 260 895 ἑπιθαλαμίων
273 861 443 896 τεχνολογεῖν
454 870 461 876 ·
490 862 558 889 ὅπου
574 857 629 898 γὰρ
650 851 793 896 Ὑμέναιος
814 863 860 889 καὶ

913 855 1087 890 epithalamia
1103 857 1249 885 artiﬁciosa
1263 858 1364 884 dicere.
1377 857 1444 885 Nam
1461 859 1505 885 ubi
1527 859 1696 894 llynuenazus,

72 907 144 942 χορσὶ
171 907 220 934 καὶ
237 907 381 943 ποιητικῆς
400 908 564 947 αὐτονομίας
580 909 666 941 ἄδεια,
681 909 723 940 τίς
743 909 860 936 ἐνταῦθα.

72 951 167 987 τέχνης
184 952 295 987 καιρόςς
316 952 393 978 Ἐπεὶ
405 952 433 979 δὲ
456 953 507 988 χρὴ
523 953 568 979 τὸν
590 953 758 988 ἐπιστήμονα
771 953 818 980 καὶ
831 953 860 979 ὲν

72 999 125 1030 τοῖς
139 997 273 1030 τοιούτοις
291 998 375 1034 μηδὲν
388 998 452 1025 ἄνευ
468 999 567 1034 τέχνης
584 1000 682 1032 ποιεῖν,
696 999 798 1034 βραχέα
814 999 862 1026 καὶ

73 1043 132 1079 περῖ
150 1043 256 1070 τούτων
271 1044 359 1070 εἰπεῖν
384 1044 470 1077 ἄξιον.
491 1045 580 1071 Ἔστω
606 1045 696 1071 τοίνυν
711 1045 725 1070 ὁ
751 1045 861 1080 ἄριστος

72 1089 260 1125 ὲπιθαλαμίων
286 1087 376 1116 χανὼν
399 1089 430 1115 τὸ
456 1089 506 1126 τὴν
532 1090 581 1125 μὲν
608 1089 681 1121 λέξιν
703 1089 771 1124 πρὸς
798 1089 861 1121 τοὺς

74 1134 188 1169 ποιητὰς
203 1135 280 1170 όρᾷν,
301 1133 336 1160 τὰ
352 1134 506 1170 πράγματα
523 1134 551 1160 δὲ
563 1134 630 1170 πρὸς
650 1134 699 1170 τὴν
714 1134 818 1170 χρείαν,
831 1134 861 1161 τὺ

72 1179 97 1206 δὲ
111 1180 213 1215 μέτρον
235 1179 303 1215 πρὸς
319 1179 369 1216 τὴν
387 1180 526 1207 ὑπόθεσιν.
542 1176 593 1206 Ὧν
612 1180 636 1206 εἰ
657 1179 766 1206 πάντων
782 1181 795 1207 ὁ
813 1180 861 1206 λό-

73 1233 117 1259 γος
129 1225 307 1261 ὲστόχασται,
321 1225 488 1261 σαφέστερον
499 1225 581 1257 δείξει
596 1225 626 1252 τὺ
641 1224 823 1261 σύγγραμμα.

215 1282 250 1309 Τὸ
264 1283 425 1318 Προοίμιον
435 1282 488 1309 τοῦ
506 1282 715 1313 ἐπιθαλαιιίου.

111 1327 272 1356 Ἀπόλλωνά
302 1337 369 1363 φασι
395 1330 465 1364 μετὰ
485 1329 534 1361 τὰς
559 1329 681 1364 μεγάλας
707 1329 802 1362 νίκας,
829 1328 862 1362 ἃς

73 1372 198 1409 πλήττων
211 1374 260 1408 τὴν
269 1374 355 1410 λύραν
367 1375 462 1411 ἡρατο,
471 1375 597 1401 καὶκατὰ
606 1375 749 1402 παστάδων
760 1375 862 1411 ἡχῆσατ

76 1417 152 1452 μέλος
179 1419 324 1454 γαμήλιον.
352 1420 432 1454 Ἀγει
458 1420 506 1447 καὶ
533 1420 696 1455 Ἀφροδίτην
720 1420 762 1454 ἐφ’
786 1420 863 1455 ἅρμα

75 1463 211 1499 Χαρίτων,
226 1464 273 1491 καὶ
286 1464 366 1500 χορὸν
383 1464 508 1500 Ἐρώτων
526 1466 727 1501 συμπαίστορα.
743 1466 797 1493 Καὶ
813 1467 864 1502 τῆς

77 1508 122 1543 μὲν
135 1509 258 1546 ὑακίνθῳ
282 1509 331 1541 τὰς
349 1510 437 1545 κόμας
460 1510 607 1545 σφίγξασα,
631 1511 699 1546 πλὴν
718 1512 779 1538 ὅσαι
796 1520 862 1548 μετ-

75 1554 137 1590 ώπῳ
148 1555 172 1571 ⁵³
190 1555 358 1591 μερίζονται,
377 1556 425 1589 τὰς
450 1556 546 1589 λοιπὰς
561 1558 620 1589 ταῖς
635 1557 732 1592 αὔραις
754 1557 860 1593 ἀφῆκεν

76 1600 320 1636 ὑποκυμαίνειν,εῑ
346 1602 507 1638 πλήττοιεν³
529 1602 625 1629 τῶνδὲ
639 1602 673 1629 τὰ
698 1603 784 1645 πτερὰ
813 1603 860 1629 καὶ

75 1645 133 1677 τοὺς
150 1646 318 1682 βοστρύχους
332 1647 425 1683 χρυσῷ
451 1648 615 1683 κοσμήσασα
632 1647 686 1682 πρὸ
699 1646 745 1674 τοῦ
765 1647 859 1682 δίφρου

77 1691 185 1718 σπεύδει
207 1692 231 1708 ³⁸
259 1692 453 1725 πολιτεύοντας
474 1693 521 1720 καὶ
537 1693 559 1709 ⁵⁷
583 1693 649 1729 δᾷδα
674 1692 817 1725 κινοῦντας
837 1693 860 1709 ⁸⁸

77 1738 233 1773 μετάρσιον.
266 1738 344 1765 Ἐπεὶ
364 1738 394 1765 δὲ
419 1739 526 1766 Πέλοπα
551 1740 575 1766 ol
600 1741 650 1774 τῆς
671 1739 861 1774 Ἱπποδαμείας

75 1783 150 1810 πὸοοι
179 1783 243 1819 [597
269 1783 316 1820 Β.]
338 1784 441 1820 Ἔρωτι
467 1785 515 1812 καὶ
547 1785 691 1827 ’Ᾱφρορίτῃ
720 1784 861 1819 λατρεύειν

75 1827 198 1861 ἐπεισαν,
214 1828 285 1862 ίτότε
311 1829 359 1855 καὶ
379 1830 393 1855 ὁ
413 1829 549 1856 Ἀπόλλων
559 1829 604 1856 τὸν
632 1829 686 1857 τῶν
716 1829 861 1865 Νηρηΐδων

74 1873 150 1908 χορὸν
164 1873 297 1910 ἀθροίσας
314 1875 404 1910 ἵστησι
424 1875 473 1910 μὲν
492 1875 566 1910 αὐτῷ
592 1876 653 1902 κατ’
678 1875 766 1910 ἄκρας
784 1875 862 1910 ᾐόνος

74 1918 117 1945 τὸν
141 1919 284 1955 Θάλαμον·
304 1920 380 1956 κῦμα
394 1921 422 1947 δὲ
448 1919 492 1957 ἦν,
510 1918 597 1956 οἶμαι,
619 1922 632 1948 ὁ
654 1921 773 1956 θάλαμος
793 1929 861 1956 πορ-

74 1963 156 2000 φῦρόν
171 1965 194 1980 ¹⁹
209 1973 239 1991 τε
255 1965 302 1992 καὶ
319 1965 476 2001 μετάρσιον,
488 1966 558 2002 ὑπὲρ
571 1966 618 1992 τοῦ
633 1966 729 2001 λέχους
745 1965 862 2002 κυρτού-

75 2019 154 2046 μενον
166 2032 173 2045 ,
191 2012 235 2039 ἵνα
246 2013 370 2040 παστάδα
387 2013 550 2049 μιμήσηται.
564 2010 617 2040 Ἦν
631 2013 690 2045 θεὸς
704 2013 750 2040 καὶ
764 2013 843 2048 φύσις
853 2020 860 2028 ·

74 2055 118 2082 καὶ
133 2057 147 2083 ὁ
162 2055 213 2091 μὲν
224 2057 309 2084 ὲδεττο
320 2057 415 2091 γονῆς,
431 2058 448 2093 ἡ
463 2058 491 2084 δὲ
507 2057 554 2084 τοῦ
570 2058 694 2085 κυΐσκειν
707 2057 860 2093 μέλλοντος.

75 2100 153 2137 [1116
169 2102 218 2139 IL]
231 2103 289 2130 Ἰνα
297 2104 329 2139 δὴ
344 2103 431 2131 ταῦτα
446 2103 572 2140 ἄρξηται,
593 2104 713 2139 Θάλαμος
725 2104 763 2140 τῷ
779 2104 863 2132 παντὶ

73 2148 101 2174 τὸ
114 2149 170 2175 πᾶν
182 2148 298 2184 ἐγίνετο.
317 2149 365 2176 Ἐκ
380 2149 409 2176 δὲ
418 2149 449 2185 δὴ
459 2150 514 2176 τῶν
525 2150 622 2185 γάμων
633 2149 736 2176 τούτων
749 2149 863 2185 οὐρανὸς

909 902 996 935 chori,
1026 903 1192 937 poeticzeqne
1215 902 1347 930 libertatis
1368 903 1476 931 licentia
1501 909 1553 937 est,
1572 905 1632 940 quis
1662 905 1698 932 ibi

910 948 961 975 arti
978 948 1072 976 locus?
1085 949 1150 976 Cum
1176 954 1264 976 autem
1284 950 1310 976 in
1328 950 1372 977 his
1391 950 1456 984 ipsis
1481 950 1539 977 sine
1554 956 1612 978 arte
1633 951 1699 978 nihil

911 994 1028 1028 peritum
1062 994 1152 1023 facere
1180 1001 1316 1030 oporteat,
1352 996 1472 1028 breviter
1497 997 1529 1023 de
1555 997 1598 1024 his
1624 997 1698 1031 loqui

910 1040 1008 1068 visum.
1027 1040 1069 1068 Sit
1093 1041 1174 1076 igitur
1187 1041 1245 1069 hrec
1263 1042 1363 1076 optima
1382 1042 1620 1076 epithalamiorum
1633 1051 1697 1070 nor-

911 1093 965 1119 ma,
982 1086 1157 1114 considerare
1173 1087 1267 1120 verba,
1284 1092 1313 1114 ut
1329 1089 1354 1114 in
1372 1088 1484 1122 poeticis
1500 1087 1579 1121 solet,
1597 1095 1652 1114 rem
1670 1092 1699 1116 ut

910 1131 937 1158 in
954 1131 1029 1159 chria
1041 1152 1049 1163 ,
1067 1132 1214 1164 modulum,
1231 1141 1280 1168 pro
1301 1133 1451 1167 argumenti
1468 1133 1582 1160 ratione.
1594 1134 1698 1167 Quibus

910 1177 1036 1204 omnibus
1051 1178 1074 1204 si
1090 1178 1237 1206 accesserit
1249 1178 1348 1212 oratio,
1364 1178 1526 1213 apertiorem
1541 1184 1697 1207 contextum

911 1221 1016 1249 reddet.

1122 1278 1296 1313 Epithalamii
1312 1278 1484 1307 Prowmium.

907 1336 913 1342 -
946 1322 1049 1350 Ferunt
1076 1323 1230 1358 Apollinem
1269 1329 1330 1359 post
1360 1325 1527 1352 clarissimas
1556 1325 1697 1358 victorias,

912 1375 979 1403 quas
999 1369 1121 1396 feriendo
1143 1369 1226 1405 lyram
1252 1370 1397 1401 adamavit.
1422 1371 1455 1398 ad
1484 1371 1615 1400 thalamos
1630 1380 1698 1400 cou-

909 1414 1001 1449 jugale
1023 1415 1156 1443 cecinisse
1183 1415 1278 1443 melos.
1299 1415 1432 1444 Venerem
1458 1417 1540 1444 etiam
1565 1418 1591 1444 in
1616 1425 1698 1445 curru

912 1460 1065 1488 Gratiarum
1086 1466 1114 1489 et
1130 1462 1260 1488 Amorum
1282 1461 1394 1489 chorum
1412 1462 1590 1490 colludentem
1613 1464 1697 1498 ducit,

874 1523 897 1555 ε
912 1512 940 1534 et
958 1509 1047 1535 crines
1064 1508 1129 1535 [lore
1145 1507 1288 1543 hyacintho
1309 1508 1499 1543 constringens
1519 1508 1586 1544 (45),
1601 1515 1699 1544 pra-ter

913 1561 959 1581 eos
980 1553 1026 1588 qui
1052 1553 1140 1582 fronte
1165 1554 1332 1586 dividuntur,
1361 1554 1479 1588 reliquos
1506 1560 1585 1582 vento
1608 1555 1697 1590 spargi

913 1599 1054 1634 permittit,
1071 1598 1142 1627 torte
1158 1599 1183 1626 in
1201 1599 1257 1634 lyra
1273 1599 1422 1626 illidantur.
1439 1599 1540 1626 llorum
1561 1607 1626 1627 vero
1641 1601 1698 1628 alas

913 1649 941 1672 et
957 1644 1094 1672 casariem
1114 1652 1180 1672 auro
1199 1645 1328 1677 vestiens,
1343 1650 1406 1671 ante
1424 1652 1534 1671 currum
1552 1645 1632 1672 mittit
1648 1646 1699 1672 mi-

914 1690 1072 1722 nistrantes,
1087 1694 1114 1717 et
1133 1690 1202 1718 altas
1223 1690 1376 1725 quatientes
1392 1690 1474 1717 faces.
1494 1690 1560 1718 Cum
1575 1698 1639 1718 vero
1651 1691 1699 1718 Pe-

914 1735 968 1770 lopi
987 1736 1165 1771 persuasisset
1190 1744 1266 1763 amor
1283 1735 1465 1770 Hippodamia:
1487 1736 1554 1771 (44),
1574 1741 1603 1763 ιιι
1614 1736 1697 1771 Cupi-

914 1781 969 1810 dini
992 1786 1018 1809 et
1035 1781 1131 1809 Veneri
1153 1782 1282 1814 serviret,
1303 1786 1358 1808 tum
1381 1781 1462 1809 etiam
1477 1782 1571 1817 Apollo
1586 1782 1698 1811 collecto

913 1827 1058 1856 Nereidum
1078 1829 1218 1868 chorohin
1240 1836 1347 1856 summo
1371 1829 1462 1857 littore
1487 1830 1524 1857 illi
1550 1831 1698 1859 thalamum

914 1873 1019 1906 statuit,
1038 1872 1113 1906 cujus
1134 1873 1220 1901 vicem
1242 1874 1312 1900 unda
1336 1873 1419 1902 dense
1442 1874 1553 1909 agitata,
1574 1880 1601 1902 et
1615 1877 1700 1904 subli-

914 1919 965 1945 mis
979 1919 1005 1945 in
1023 1918 1084 1946 lecti
1101 1926 1201 1946 morem
1222 1918 1300 1951 ﬂexa,
1323 1919 1359 1946 ita
1377 1925 1407 1947 ut
1425 1920 1532 1948 thorum
1549 1921 1701 1949 imitaretur
1729 1923 1735 1927 ‘

915 1964 1056 1999 implebat.
1081 1964 1165 1991 Erant
1189 1963 1243 1991 illic
1262 1964 1327 1992 deus
1338 1969 1365 1991 et
1389 1970 1502 1992 natura:
1527 1965 1572 1993 ille
1594 1967 1700 2000 quidem

915 2010 970 2037 tetu
1000 2010 1146 2045 indigebat,
1171 2010 1228 2037 haec
1252 2017 1316 2038 vero
1336 2018 1396 2046 quae
1411 2016 1529 2046 pareret.
1552 2011 1587 2039 Ut
1609 2017 1700 2039 autem

915 2056 972 2084 haec
998 2056 1206 2090 inchoarentur,
1238 2057 1329 2084 omnia
1354 2057 1482 2084 omnibus
1505 2065 1553 2092 pro
1583 2057 1701 2085 thalamo

915 2107 1005 2130 erant.
1031 2101 1069 2129 Ex
1087 2102 1131 2129 his
1152 2102 1252 2136 utique
1275 2102 1379 2137 nuptiis
1401 2102 1498 2129 uelum
1524 2102 1580 2138 (ᾼὸ)
1605 2107 1632 2130 et
1659 2104 1701 2131 sol

916 2151 1042 2182 generata
1067 2150 1141 2179 sunt,
1171 2151 1305 2174 astrorum
1334 2152 1432 2179 cretus,
1462 2146 1532 2174 luuze
1563 2147 1700 2182 splendor,

74 2193 202 2227 γεννᾶται
218 2195 265 2221 καὶ
280 2195 366 2230 ἥλιος,
396 2195 435 2222 ἔτι
461 2195 488 2222 δὲ
512 2196 620 2231 ἄστρων
641 2195 731 2231 χορὸς,
749 2195 860 2231 σελήνης

917 2197 1030 2228 uterque
1045 2192 1133 2227 polus.
1151 2192 1254 2220 circum
1271 2192 1371 2227 367a
1384 2199 1453 2227 quos
1478 2193 1581 2226 primus
1601 2194 1702 2227 prima-

75 2239 186 2273 φέγγος,
202 2240 248 2265 καὶ
261 2239 350 2266 διπλοῖ
364 2239 451 2272 πόλοι,
467 2240 530 2275 περὶ
549 2239 596 2272 οὓς
613 2239 630 2274 ἡ
647 2239 742 2276 πρώτη
758 2239 864 2274 γένεσις

73 2284 124 2311 τῶν
139 2284 259 2320 πρώτων
273 2284 320 2311 τοῦ
354 2285 416 2312 Θεοῦ
433 2284 530 2320 γάμων
548 2284 692 2311 ἑλίττεται.
717 2285 865 2321 Δευτιρους

74 2327 102 2364 δὴ
113 2329 186 2364 μετὰ
193 2329 303 2361 τούτους
317 2330 424 2364 γάμους
440 2328 568 2356 Ὠκεανοῦ
580 2329 627 2356 καὶ
640 2327 770 2364 Τηθύοςὴ
785 2329 865 2364 φύσις

75 2374 172 2407 ἔδειξεν
186 2375 220 2408 ⁸⁸,
237 2376 282 2410 ἀφ’
300 2372 337 2402 ὧν
353 2376 493 2410 ἀνίσχουσι
508 2375 556 2410 μὲν
571 2375 689 2410 ποταμοὶ
700 2375 749 2403 καὶ
759 2374 862 2410 λίμναι,

74 2419 111 2446 ἔτι
127 2421 156 2447 δὲ
172 2421 272 2457 κρῆναι
288 2421 336 2449 καὶ⁸
350 2421 439 2455 πηγαὶ
453 2422 501 2448 καὶ
519 2421 625 2456 φρέατα
646 2420 693 2447 καὶ
719 2420 736 2456 ἠ
754 2420 863 2447 πάντων

77 2467 168 2504 μήτηρ
182 2468 310 2503 ναμάτων
334 2468 466 2501 θάλασσα,
487 2467 607 2494 τίκτεται
622 2466 650 2493 δὲ
663 2466 710 2494 καὶ
726 2466 798 2501 φυτὰ
814 2466 862 2493 καὶ

76 2510 142 2546 ζῶα,
169 2512 218 2540 καὶ
235 2513 270 2549 γῆ
285 2513 414 2547 οἰκεῖται,
438 2512 487 2540 καὶ
504 2512 535 2539 τὺ
556 2511 705 2549 νηχόμενον
728 2511 863 2547 λαμϐάνει

916 2247 976 2267 rum
1011 2238 1166 2274 nuptiarum
1197 2239 1243 2266 Dei
1281 2244 1358 2266 ortus
1389 2239 1515 2265 volvitur.
1546 2238 1700 2266 Secundum

916 2285 1013 2312 deinde
1028 2284 1190 2312 connubium
1203 2284 1316 2318 Oceani,
1332 2288 1359 2311 et
1371 2283 1491 2319 Tethyos
1504 2289 1598 2311 natura
1615 2283 1702 2320 [mou-

916 2330 1024 2366 stravit]
1040 2339 1055 2358 ιι
1076 2330 1175 2365 quibus
1197 2330 1253 2357 nati
1273 2329 1346 2357 ﬂuvii
1364 2335 1392 2357 et
1404 2330 1490 2362 lacus,
1508 2330 1700 2365 scaturigines,

915 2380 942 2402 et
958 2374 1056 2407 fontes,
1072 2373 1159 2409 putei.
1172 2373 1347 2409 omniumque
1363 2381 1493 2408 aquarum
1509 2379 1589 2408 caput
1609 2382 1700 2408 mare;

916 2420 960 2448 hic
983 2424 1073 2447 autem
1103 2423 1172 2446 natae
1188 2419 1296 2453 planla',
1322 2423 1349 2446 et
1366 2419 1515 2453 animalia;
1541 2419 1604 2447 hinc
1629 2424 1700 2447 terra

916 2465 1061 2498 incolitur;
1081 2465 1145 2493 hinc
1166 2465 1254 2499 pisces
1269 2464 1383 2492 assumit
1400 2473 1492 2499 mare;
1511 2465 1573 2493 hinc
1593 2465 1643 2492 alis
1655 2473 1702 2500 pe-

915 2510 1058 2539 netrabilis
1083 2517 1140 2539 aer.
1164 2509 1305 2539 Postremo
1330 2517 1396 2538 vero
1423 2511 1587 2539 eonnubium
1613 2511 1701 2546 ipsum

726 2588 842 2617 VARIE
859 2588 1058 2618 LECTIONES.

364 2652 387 2670 ⁸⁸
406 2651 539 2686 μετώπων
566 2650 597 2677 Β.
643 2651 668 2668 ⁸⁸
683 2649 789 2677 σπένδει
804 2649 836 2676 Α.

108 2653 132 2671 ⁸⁵
148 2653 272 2688 κρεῖττον
283 2661 314 2685 ς.
364 2653 387 2670 ⁸⁸
406 2653 539 2686 μετώπων
566 2653 597 2677 Β.
643 2653 668 2668 ⁸⁸
683 2659 715 2676 στι

112 2688 274 2721 πορφυροῦν
297 2696 328 2720 ς.
384 2687 406 2703 ⁶⁰
424 2686 523 2719 ἔδειξεν
545 2693 600 2713 om.
624 2693 666 2721 pr.
682 2685 715 2713 (Σ.

76 2688 97 2704 ⁸³
112 2688 274 2724 πορφυροῦν
297 2696 328 2720 ς.

889 2650 912 2667 ⁸⁷
929 2650 978 2678 καὶ
992 2657 1047 2678 οπι.
1065 2650 1098 2678 Α.

1146 2650 1170 2667 ⁸⁸
1182 2649 1249 2687 δᾷδα
1265 2649 1418 2684 κινοῦνταςῖ
1432 2648 1618 2687 διακινοῦντας
1631 2649 1662 2677 C.

851 2739 969 2769 NOTAE.

110 2789 168 2825 (l5)
183 2789 247 2825 Qun
255 2798 278 2818 m
299 2790 377 2827 jocus
391 2786 557 2827 circumvolet
570 2793 588 2827 ‘5
602 2791 628 2827 et
646 2786 752 2827 cupido.

445 2824 551 2859 (llorat.
567 2821 618 2849 (Μ.
635 2829 666 2855 ιι,
679 2820 705 2850 et
717 2820 822 2857 Lamb.)

951 2786 1008 2820 (tt)
1028 2785 1162 2817 Pindarus
1174 2785 1226 2821 ομ.
1245 2791 1265 2818 ι,
1282 2784 1386 2821 Olymp.

949 2822 1004 2858 (55)
1019 2821 1128 2850 llesiod.
1147 2821 1173 2850 in
1192 2820 1320 2857 Theogon.
