1919 3096
216 129 280 162 1351

790 130 920 161 ΡΗΟΤΙΙ
940 130 1191 162 ΡΑΤΒΙΑΚΕΗΑΞ
1201 131 1256 163 CP.

1769 135 1837 167 1352

213 186 349 214 hominem
376 184 617 220 contemplatorem
646 185 810 220 divinarum,
832 191 998 215 terrenarum

1053 185 1175 214 θάλασσα
1196 188 1232 220 θ’,
1258 187 1305 214 καὶ
1328 186 1382 224 ἀὴρ
1408 187 1495 224 ὲφάνη
1518 189 1610 225 πτερῷ
1628 189 1793 226 πορεύσιμος
1804 192 1837 220 ⁶¹.

214 240 277 260 vero
297 231 420 267 opiﬁcem
438 238 528 258 rerntn
543 231 671 265 produxit
689 231 839 267 (hominem
857 233 929 260 enim
946 239 1000 261 ter-

213 287 250 306 ra:
264 286 325 306 esse
339 278 434 309 tilium,
451 282 478 305 et
502 277 618 305 Atticam
635 282 730 310 partus
745 278 838 306 dolore
852 279 928 314 quasi
946 279 1001 306 dis-

214 330 319 360 ruptatn
349 324 401 350 tale
433 331 542 357 germen
566 324 742 359 produxisse,
774 325 875 352 ludicra
906 325 1001 352 Atticae

213 370 361 397 venustatis
387 368 474 396 fabula
503 369 659 405 confinxit).
679 370 834 404 Quinetiam
869 371 999 397 Venerem

214 415 298 450 ipsam
325 416 351 442 itt
376 417 441 443 tnari
466 416 628 449 latitantem,
653 415 746 444 fractis
771 422 849 451 partu
864 416 998 448 ﬂuctibus,

215 461 269 487 Soli
300 461 483 494 splendentem
512 462 613 488 caedent
636 462 737 495 nuptia:
759 462 953 490 exhibuerunt.
972 462 1000 489 Si

212 512 239 534 et
253 507 393 533 ﬂuviorum
419 515 526 534 autores
553 507 643 535 dicere
667 508 823 542 inciperem,
842 516 956 543 magnus
972 515 1002 536 se

213 553 318 580 dicendi
337 561 449 588 campus
465 553 586 582 oll'erret.
603 554 669 580 Nam
682 554 792 589 diligere
805 562 899 582 omnes
913 555 999 589 ipsum

216 606 290 625 tuare
306 599 442 630 videntur,
460 599 573 632 ideoque
588 599 613 626 itt
629 598 691 626 illttd
708 600 790 627 citato
805 608 886 627 cursu
899 605 924 628 et
943 600 1001 628 fon-

216 645 285 672 tibns
311 645 410 672 deferri
429 644 516 680 [quasi
538 645 608 672 inter
630 653 659 672 se
673 650 765 673 mutuo
780 650 808 672 ttt
828 646 940 673 amicam
956 654 1002 674 co-

215 696 312 717 nantur
323 689 473 726 amplecti].

250 826 305 854 Hoc
315 826 481 862 verofervet,
491 835 521 854 ac
530 826 710 854 delcctaturin
720 835 822 855 morem
835 827 894 855 lecti
908 827 1000 855 sinua-

214 877 287 906 tutn;
301 873 376 908 quasi
392 877 483 900 contra
493 873 559 900 alios
579 871 676 900 ﬂuvios
688 873 839 904 exsultans.
855 873 925 907 quod
940 872 999 900 solo

214 920 327 954 Neptuni
340 927 431 947 amore
441 924 574 946 teneatur.
588 919 633 946 Sic
643 919 752 947 ﬂumina
765 920 904 954 :equaliter
914 919 1001 946 orien-

214 964 250 990 tia
265 970 290 990 et
300 963 442 997 mqualiter
453 972 467 990 a
479 964 560 990 simili
575 963 679 998 origine
689 963 812 995 deducta,
830 963 999 991 communio-

213 1016 273 1036 nem
297 1009 460 1037 dilexerunl.
478 1008 578 1036 Fertur
604 1009 667 1036 olim
686 1008 825 1044 Olympias
849 1008 997 1036 Alexandri

214 1060 289 1090 partu
301 1056 373 1088 felix,
390 1055 507 1082 Cabiron
533 1056 660 1091 mysteria
676 1056 702 1082 in
718 1055 917 1088 Samothracia,
932 1062 999 1089 per-

213 1101 332 1136 agendo,
371 1101 476 1128 vidisse
503 1108 559 1128 rem
588 1102 705 1128 divinam
738 1108 821 1136 agens
849 1100 999 1136 Philippum

213 1149 360 1174 etiamnum
384 1147 520 1182 juvenem,
537 1151 564 1174 et
592 1147 707 1174 videndo
727 1154 820 1174 amore
842 1152 959 1182 captam,
974 1151 1002 1175 et

213 1193 289 1228 quasi
307 1193 460 1228 nuptiarum
477 1198 538 1220 vota
558 1193 585 1220 in
601 1193 686 1220 sacris
701 1192 809 1220 fecisse.
826 1192 931 1227 Sponsa
950 1200 1000 1220 au-

214 1244 267 1266 tent
286 1240 393 1273 generis
414 1239 526 1273 stirpcttt
552 1238 684 1266 referebat
700 1239 733 1265 ad
753 1238 876 1265 Tltracize
891 1240 999 1274 quidem

214 1285 371 1318 indigenas,
402 1285 448 1312 sed
476 1285 520 1318 qtti
545 1292 559 1311 a
590 1285 699 1319 regibus
725 1290 814 1312 ortum
845 1285 998 1312 trahebant.

213 1331 322 1358 Florent
343 1332 455 1366 perinde
472 1336 499 1358 ιιι
520 1331 594 1358 verni
621 1331 732 1364 calices,
757 1337 787 1358 ut
811 1339 868 1358 ιιι-ω
890 1332 1001 1366 ejusque

213 1375 283 1409 agri,
311 1383 371 1409 qua:
401 1383 453 1402 uno
480 1381 621 1409 tempore,
643 1381 671 1402 et
690 1374 806 1408 ﬂorent,
829 1381 855 1403 et
879 1376 1000 1403 avellan-

216 1426 276 1452 tur,
295 1425 474 1454 temperantes
497 1421 588 1452 ambo,
602 1419 695 1448 faciles
712 1421 840 1453 moribus,
857 1421 922 1449 solis
935 1429 1000 1456 ope-

214 1466 290 1493 ribns
323 1467 491 1494 naturalibus
522 1474 536 1493 a
573 1475 603 1494 se
635 1467 748 1495 invicem
782 1467 908 1502 sejuncti.
937 1467 1000 1495 Haec

213 1517 299 1539 artem
332 1511 457 1540 Minerva:
486 1513 656 1546 lauiliciuut,
681 1513 726 1540 ille
755 1513 893 1541 laboribus
927 1513 998 1541 Mer-

214 1558 281 1585 curii
309 1563 476 1585 venustalent
504 1565 667 1586 consecuttts
690 1563 750 1591 est;
770 1560 827 1587 hmc
850 1559 884 1587 de
911 1560 998 1593 radio,

214 1603 258 1630 ille
274 1604 306 1630 de
331 1611 457 1631 sermone
476 1604 619 1632 sollicitus.
640 1605 685 1632 Ille
708 1606 815 1640 quidem
831 1607 920 1634 adhuc
940 1608 1001 1633 ado-

213 1649 328 1681 lescens.
357 1650 471 1684 primam
495 1651 582 1677 mtalis
603 1651 756 1685 lanuginem
784 1652 919 1685 producit,
943 1651 1000 1678 Ittec

213 1702 277 1721 vero
308 1695 406 1722 nubilis
433 1695 562 1722 redditur.
590 1696 736 1729 Cupidines
769 1704 785 1723 e
810 1697 879 1724 rosis
900 1696 999 1732 367!)

213 1740 327 1767 corollas
349 1746 500 1771 nectvntes.
523 1749 590 1775 quas
603 1749 618 1767 e
634 1740 747 1768 Veneris
763 1742 918 1777 decerpunt,
937 1751 997 1769 cum

213 1787 286 1818 libet,
309 1786 405 1818 hortis,
425 1786 545 1813 thalamo
564 1787 742 1820 suspendunt.
767 1787 868 1819 Suada,
887 1788 998 1815 Deside-

213 1832 293 1862 rittnt,
308 1836 335 1858 et
351 1831 463 1866 Cupido,
481 1839 590 1858 omnem
613 1832 658 1857 tibi
674 1838 799 1870 ornatum
826 1834 997 1860 addiderunt.

211 1877 314 1911 Cupido
327 1877 425 1904 insidet
440 1878 536 1908 oculis,
558 1877 619 1903 inde
634 1878 793 1905 mirabiliter
809 1879 996 1913 resplendcns.

212 1923 378 1950 Desiderium
415 1931 497 1958 genas
542 1923 746 1952 rnbicnndiores
786 1925 883 1957 reddit,
917 1933 996 1960 quam

212 1976 334 1996 rosarum
351 1968 448 1995 calices
465 1974 572 2001 natura,
587 1969 695 2003 quando
714 1977 797 1997 verno
813 1975 934 2005 tctupore
947 1973 997 1999 sub

211 2014 317 2040 initium
335 2019 436 2048 aperta:
460 2014 574 2041 summis
598 2014 670 2041 foliis
685 2015 843 2043 rubescunt.
863 2017 953 2043 Suada
971 2018 995 2044 in

211 2058 290 2085 labiis
309 2058 361 2085 tuis
387 2058 522 2090 habitans,
543 2059 656 2093 gratiam
676 2068 752 2087 suam
769 2069 829 2088 cum
851 2062 941 2089 verbis
955 2063 997 2090 ln-

210 2103 304 2130 stillat.
319 2102 347 2130 ltt
363 2104 451 2137 capite
474 2104 590 2138 plurima
614 2105 759 2133 eﬂlorescit
780 2106 847 2133 ﬂava
862 2115 950 2141 coma,
969 2113 996 2136 et

212 2149 237 2176 in
253 2149 343 2176 fronte
364 2150 460 2176 divisa.
477 2149 584 2176 Etenim
599 2152 620 2177 si
635 2159 684 2186 ego
700 2157 778 2180 natus
801 2159 879 2188 poeta
894 2161 994 2187 essent,

210 2201 239 2222 ut
257 2195 339 2223 libere
355 2196 387 2223 de
403 2203 501 2228 sponsa
519 2196 643 2231 loquerer
662 2197 738 2231 juxta
764 2199 910 2226 thalamum
926 2207 994 2228 con-
1011 2200 1033 2228 D

211 2241 321 2272 sistens,
336 2241 461 2268 Fortuna:
480 2247 506 2269 et
522 2243 702 2276 cupidinibus,
718 2249 745 2271 et
758 2246 929 2279 generalibus
944 2246 996 2274 diis

211 2293 270 2314 Vota
293 2286 423 2319 facerent,
449 2288 490 2315 his
508 2292 536 2315 ut
558 2288 591 2315 ad
607 2294 756 2316 extremum
784 2298 868 2324 usque
884 2292 996 2326 sagittas

211 2332 358 2363 vibrarent,
384 2331 420 2359 illi
444 2337 473 2359 ιιι
495 2333 574 2360 vitam
599 2334 690 2367 daret;
716 2335 804 2362 tertiis
825 2336 951 2371 denique,
967 2344 997 2366 ut

211 2377 336 2411 legitima:
361 2377 443 2410 prolis
473 2378 674 2412 generationem
701 2379 873 2414 largirenlur,
893 2387 921 2408 ut
944 2390 995 2410 una

210 2430 270 2449 cunt
285 2424 387 2458 scypho
403 2424 512 2458 nuptiali
532 2430 558 2451 et
579 2432 670 2451 curatn
690 2425 722 2452 de
737 2426 867 2454 natalitiis
885 2427 996 2456 adhibe-

210 2475 311 2495 1⁵9111115-

1053 231 1105 258 Τδν
1119 232 1148 258 δὲ
1161 231 1262 268 θεωρὸν
1280 232 1329 268 μὲν
1350 233 1404 259 τῶν
1426 233 1515 265 θείων,
1531 235 1650 270 ἐργάτην
1675 235 1703 262 δὲ
1719 236 1774 262 τῶν
1793 237 1839 265 ἐπὶ

1051 278 1103 312 γῆς
1114 278 1284 314 πραγμάτων
1295 279 1437 315 ἄνθρωπον
1446 279 1562 307 ὕστατον
1572 282 1586 308 ό
1600 282 1689 317 γάμος
1709 283 1837 319 ἐγέννησε

1052 322 1094 358 (τὸ
1123 323 1176 359 γὰρ
1202 323 1254 357 γῆς
1282 324 1364 350 παῖδα
1386 325 1513 359 γενέσθαι
1539 326 1697 361 ἄνθρωπον,
1721 328 1769 354 καὶ
1790 330 1838 365 τὴν

1058 368 1184 404 Ἀττικὴν
1192 370 1321 405 ραγεῖσαν
1335 370 1415 397 ὠδῖνα
1423 371 1548 399 τοσοῦτον
1562 372 1714 408 βλαστῆσαι
1726 373 1837 409 βλάστη-

1053 421 1100 448 μα,
1113 414 1197 448 μῦθός
1208 415 1282 441 ἐστιν
1290 415 1414 452 ’Λττικῆς
1425 417 1534 452 χάριτος
1545 416 1783 454 παίγνιον).0’ὖτος
1792 422 1837 447 καὶ

1050 459 1101 495 τὴν
1117 461 1277 496 Ἀφροδίτην
1297 462 1382 498 αὐτὴν
1400 464 1470 490 κατὰ
1481 462 1618 491 θάλασσαν
1634 465 1818 493 λανθάνουσαν
1828 487 1836 499 ,

1052 508 1137 544 ῥήξας
1159 509 1196 543 τῷ
1211 509 1282 545 τόκῳ
1306 510 1341 536 τὰ
1356 510 1478 545 κύματα,
1495 511 1595 545 ἔδειξεν
1619 512 1687 549 ἡλίῳ
1715 515 1833 549 μαρμαί·

1053 565 1163 592 ρουσαν.
1181 557 1251 588 Τοὺς
1276 557 1303 584 δὲ
1330 558 1462 594 ποταμῶν
1488 559 1593 594 ἔρωτας
1615 561 1640 587 εί
1667 561 1758 595 λέγειν
1781 562 1837 588 ἐ.θέ-

1051 602 1123 637 λοιμι
1139 603 1172 633 ⁸³,
1189 603 1286 638 μυρίος
1311 603 1343 630 ἄν
1369 604 1500 638 ποταμῶν
1520 605 1641 641 ἐπιρρέοι
1655 607 1678 622 ⁸⁸
1701 607 1780 642 ὄχλος
1800 608 1836 643 τῷ

1051 647 1132 683 λόγῳ.
1151 649 1256 679 Πάντες
1271 649 1324 684 γάρ
1349 658 1393 684 μοι
1411 649 1519 678 δοκοῦσι
1534 651 1668 687 Θαλάττης
1695 653 1774 689 ὲρᾷν,
1793 655 1838 680 καὶ

1051 692 1094 719 διὰ
1109 693 1188 720 τοῦτο
1203 694 1246 720 ἐπ’
1260 695 1346 730 αὐτὴν
1361 696 1394 722 ὲκ
1410 696 1507 730 πηγῶν
1527 697 1618 733 πολλῷ
1637 698 1676 734 τῷ
1699 700 1778 734 τάχει
1794 708 1839 726 κοι

1053 739 1192 774 μίξεσθαι,
1210 740 1304 775 ὥσπερ
1328 741 1407 773 ἄλλος
1423 742 1476 777 πρὸ
1495 743 1576 770 ἄλλου
1589 744 1612 760 ³⁸
1627 745 1677 780 τὴν
1697 745 1838 782 ἐρωμένην

1054 785 1138 811 θέλων
1151 785 1339 813 ἀσπάσασθαι.

1094 831 1123 858 '0
1138 831 1166 858 δὲ
1183 832 1310 867 κυμαίνει
1327 833 1373 860 καὶ
1385 833 1516 868 τέρπεται
1531 835 1677 871 πορφύρων
1690 845 1720 863 τε
1735 836 1784 864 καὶ
1801 837 1840 868 εἰς

1053 876 1175 904 παστάδα
1193 877 1389 912 κυρτούμενος,
1410 878 1515 915 ὥσπερ,
1538 877 1626 914 οἴμαι,
1645 881 1752 916 φρονῶν
1770 882 1841 909 κατὰ

1053 925 1184 959 ποταμῶν
1204 925 1258 951 τῶν
1274 925 1373 958 ἄλλων,
1389 926 1429 952 ὅτι
1443 926 1475 961 δὴ
1493 927 1572 961 μόνος
1588 927 1651 958 τοὺς
1670 927 1693 943 ⁸⁸
1708 928 1842 955 Ποσειδῶ-

1052 979 1095 1002 νος
1109 971 1209 1003 πόθους
1220 971 1409 999 πεπίστευται.
1422 971 1499 998 Οὕτω
1510 973 1557 999 καὶ
1568 969 1651 1006 οὗτοι,
1661 973 1760 1008 φύντες
1777 974 1841 1006 ἴσως

1052 1016 1099 1043 καὶ
1115 1017 1297 1052 ἐκτραφέντες
1309 1017 1419 1052 ὁμοίως,
1436 1018 1483 1044 ἀπ’
1499 1017 1563 1045 ἴσων
1573 1019 1700 1046 ἁπάντων
1719 1020 1770 1054 τῆς
1786 1029 1838 1047 κοι-

1052 1062 1148 1093 νωνίας
1171 1062 1341 1098 ἠράσθησαν.
1364 1062 1480 1097 Λέγεται
1507 1073 1572 1090 ποτε
1596 1065 1644 1092 καὶ
1674 1065 1843 1100 Ὀλυμπιάδα

1051 1107 1100 1143 τὴν
1122 1107 1169 1134 ἐπὶ
1184 1109 1240 1140 τοῖς
1261 1108 1436 1145 Ἀλεξάνδρου
1452 1110 1542 1142 τόκοις
1563 1110 1709 1145 εὐδαίμονα
1721 1131 1729 1144 ,
1747 1111 1843 1146 ὀργιά-

1052 1153 1152 1187 ζουσαν
1175 1154 1209 1181 τὰ
1231 1154 1376 1190 Καϐείρων
1393 1156 1421 1181 ὲν
1435 1156 1600 1192 Σαμοθρᾴκῃ
1612 1157 1760 1192 μυστήρια,
1778 1157 1842 1183 ἰδεῖν

1053 1199 1125 1225 κατὰ
1148 1198 1197 1234 τὴν
1217 1198 1327 1234 τελετὴν
1343 1199 1388 1226 τὸν
1407 1201 1539 1227 Φίλιππον
1554 1199 1598 1236 (ἦν
1613 1200 1641 1228 δὲ
1656 1202 1678 1218 ⁶⁷
1701 1202 1844 1238 ὑπηνήτης

1053 1243 1117 1279 ἔτι),
1137 1244 1243 1271 ἰδοῦσάν
1256 1253 1285 1271 τε
1306 1246 1454 1280 ἐρασθῆναι
1466 1246 1512 1273 τοῦ
1530 1247 1670 1274 νεανίσκου
1684 1248 1732 1274 καὶ
1745 1249 1844 1283 ὁμολο-

1053 1289 1138 1324 γῆσαι
1153 1289 1198 1316 τὸν
1211 1289 1311 1325 γάμον,
1328 1291 1473 1326 προτέλειά
1485 1301 1514 1318 τε
1531 1294 1718 1329 ποιησαμένην
1729 1294 1776 1321 τοῦ
1793 1303 1845 1329 γα-

1054 1335 1151 1370 μηλίου
1165 1335 1251 1371 πυρὸς
1264 1336 1298 1363 τὰ
1315 1337 1463 1372 μυστήρια.
1482 1337 1561 1369 Γένος
1571 1339 1599 1365 δὲ
1613 1340 1645 1374 τῇ
1663 1339 1758 1375 νύμφῃ
1771 1340 1845 1377 Θρᾳ-

1052 1381 1107 1408 κῶν
1122 1381 1156 1408 τὰ
1171 1381 1283 1417 πρῶτα,
1301 1382 1468 1418 αὐτόχθονες,
1487 1381 1576 1419 οἶμαι,
1599 1385 1671 1417 τινὲς
1686 1385 1708 1401 ⁸⁸
1730 1386 1776 1413 καὶ
1803 1388 1845 1419 είς

1052 1426 1206 1462 βασιλείους
1239 1427 1323 1463 τύχας
1348 1429 1398 1460 τὰς
1421 1429 1477 1457 ἄνω
1513 1430 1590 1466 ῥίζας
1620 1431 1844 1464 ἀναϐιϐάζοντες.

1057 1473 1224 1508 Ἀκμάζουσι
1245 1474 1294 1509 μὲν
1316 1474 1371 1510 γὰρ
1384 1475 1427 1502 ἐπ’
1448 1476 1509 1511 ἴσης
1522 1476 1616 1513 ὥσπερ
1634 1478 1740 1513 ὲαριναὶ
1760 1478 1847 1505 κάλυ-

1053 1527 1100 1550 κες
1114 1519 1161 1552 ἀφ’
1176 1519 1235 1551 ἐνὸς
1254 1520 1386 1555 λειμῶνος
1402 1521 1418 1557 ἢ
1435 1522 1456 1539 ⁸⁸
1471 1522 1594 1558 βότρυες,
1613 1523 1641 1550 αἴ
1656 1523 1718 1550 καθ’
1732 1524 1781 1552 ἕνα
1793 1524 1846 1552 καὶ

1053 1563 1201 1599 σχίζονται.
1220 1565 1364 1600 Σώφρονες
1381 1566 1474 1602 ἄμφω,
1490 1567 1572 1601 δεξιοὶ
1588 1568 1633 1595 τὸν
1658 1569 1769 1604 τρόπον,
1792 1571 1846 1605 μό-

1050 1619 1104 1642 νοις
1122 1611 1176 1642 τοίς
1189 1610 1279 1645 ἔργοις
1295 1613 1351 1644 τοῖς
1365 1612 1436 1639 κατᾶ
1452 1612 1532 1647 φύσιν
1547 1613 1714 1649 σχιζόμενοι.
1743 1615 1773 1641 ’11
1791 1615 1845 1651 μὲν

1051 1657 1105 1691 γὰρ
1122 1657 1253 1683 ταλασίαν
1271 1657 1321 1692 τὴν
1340 1657 1454 1693 Ἀθηνᾶς
1475 1659 1583 1696 τέχνην,
1599 1661 1613 1686 ὀ
1628 1661 1656 1687 δὲ
1670 1662 1727 1693 τοῖς
1748 1661 1845 1694 πόνοις

1051 1701 1097 1737 τὴν
1115 1702 1216 1737 Ἐρμοῦ
1230 1703 1311 1737 χάριν
1329 1703 1505 1738 κεκάρπωται
1519 1713 1526 1719 ·
1543 1705 1589 1732 καὶ
1610 1707 1644 1742 τῇ
1662 1706 1712 1741 μὲν
1731 1709 1844 1742 κερκὶς,

1048 1747 1087 1782 τῷ
1107 1747 1134 1773 δὲ
1153 1748 1230 1782 λόγος
1249 1748 1334 1783 μέλει.
1356 1750 1386 1776 Ὁ
1400 1750 1449 1784 μὲν
1463 1751 1605 1786 ὑπηνήτης
1619 1752 1670 1784 ἔτι,
1687 1753 1844 1788 πρωῖτερον

1048 1793 1095 1826 τῆς
1111 1793 1220 1828 ἡλικίας
1235 1793 1390 1829 βλαστήσας
1410 1795 1496 1821 [ουλον
1511 1804 1518 1810 ·
1544 1796 1561 1831 ὴ
1584 1796 1612 1823 δὲ
1637 1798 1758 1832 ἀκμάζει
1776 1798 1844 1835 [598

1048 1838 1096 1874 11.]
1113 1840 1181 1873 πρὸς
1193 1839 1291 1875 γάμον.
1312 1840 1433 1875 Ἔρωτες
1451 1841 1479 1868 δὲ
1502 1842 1587 1877 ῥόδων
1605 1844 1753 1878 στεφάνους
1775 1846 1844 1872 πλε-

1049 1885 1169 1920 ξάμενοι,
1184 1885 1230 1917 οὒς
1242 1886 1447 1921 ὲξ·’Λφροδίτης
1456 1888 1562 1923 κήπων,
1574 1890 1637 1916 ὅταν
1651 1890 1758 1923 θέλωσι,
1777 1893 1843 1928 δρέ-

1049 1939 1154 1964 πονται,
1171 1930 1219 1966 τὴν
1236 1932 1360 1959 παστάδα
1378 1934 1466 1960 πᾶσαν
1477 1934 1636 1963 ἀνάπτουσι.
1649 1936 1740 1964 Πειθὼ
1752 1938 1782 1964 δὲ
1792 1939 1843 1966 καὶ

1048 1976 1129 2003 Πόοοι
1144 1977 1191 2003 καὶ
1209 1977 1319 2013 Ἵμερος
1334 1979 1364 2005 τὸ
1381 1979 1427 2005 σὺν
1445 1980 1467 1996 ⁷⁸
1479 1980 1577 2013 κάλλος
1593 1981 1666 2009 ἅπαν
1683 1983 1841 2018 ἐνείμαντο,

1047 2023 1061 2048 ὁ
1074 2023 1123 2057 μὲν
1137 2022 1273 2058 ἐφιζάνων
1287 2025 1342 2055 τοῖς
1356 2024 1377 2040 “
1388 2024 1504 2060 ὄμμασι,
1518 2027 1646 2054 κάκεῖθεν
1657 2029 1840 2064 ἐκπυρσεύων

1046 2068 1187 2104 ἀμήχανον
1202 2077 1208 2084 ·
1234 2070 1258 2095 οἱ
1283 2069 1311 2096 δὲ
1336 2071 1386 2102 τὰς
1414 2072 1531 2107 παρειὰς
1556 2073 1627 2100 αἰδοῖ
1651 2075 1841 2109 φοινίσσοντες

1046 2113 1129 2141 πλέον
1148 2115 1164 2151 ἢ
1182 2114 1232 2147 τὰς
1247 2115 1302 2142 τῶν
1320 2117 1404 2151 ῥόδων
1417 2117 1433 2152 ἡ
1449 2117 1530 2152 φύσις
1550 2119 1680 2152 κάλυκας,
1695 2121 1762 2148 ὅταν
1777 2123 1840 2157 ἠρι-

1045 2161 1107 2191 ναῖς
1133 2159 1219 2196 ὥραις
1244 2161 1296 2187 ὑπὸ
1320 2161 1370 2196 τῆς
1399 2163 1492 2198 ἀκμῆς
1524 2164 1682 2200 σχιζόμεναι
1711 2167 1839 2199 πετάλοις

1047 2205 1141 2240 ἄκροις
1156 2206 1178 2221 ⁷³
1190 2205 1366 2240 ὲρεὺθωνται.
1380 2207 1468 2234 Πειθὼ
1480 2208 1508 2235 δὲ
1529 2209 1552 2225 ⁷³
1569 2210 1640 2237 κατὰ
1652 2210 1708 2238 τῶν
1724 2212 1839 2246 χειλέων

1049 2249 1213 2284 σκηνώσασα
1228 2250 1277 2284 τὴν
1297 2251 1396 2286 ἑαυτῆς
1412 2252 1492 2288 χάριν
1508 2255 1709 2288 συναποστάζει
1721 2258 1778 2289 τοῖς
1792 2257 1840 2292 ρἡ

1049 2303 1143 2330 μασιν.
1175 2294 1304 2322 Ἐπανθεί
1324 2297 1352 2322 δὲ
1372 2298 1404 2332 τῇ
1422 2298 1525 2334 κεφαλῇ
1545 2299 1628 2331 πολὺς
1648 2301 1662 2327 ό
1677 2300 1838 2336 βόστρυχος,

1048 2341 1195 2377 πορφύρων
1216 2350 1245 2368 τε
1271 2342 1318 2368 καὶ
1340 2344 1410 2369 κατὰ
1424 2344 1549 2378 μέτωπον
1566 2346 1738 2382 σχιζόμενος.
1769 2347 1838 2374 Ἀλλ’

1047 2388 1071 2414 εἰ
1091 2388 1113 2403 ⁷⁸
1125 2388 1180 2422 γὰρ
1195 2386 1249 2421 ἐγὼ
1271 2389 1411 2424 ποιητικὸς
1435 2390 1484 2425 τὴν
1509 2391 1603 2426 φύσιν,
1631 2392 1702 2419 ὥστε
1729 2394 1839 2427 ἀφεῖναι

1050 2433 1121 2460 κατὰ
1134 2433 1182 2467 τῆς
1198 2433 1308 2469 νύμφης
1322 2435 1445 2468 γλῶτταν
1461 2436 1482 2452 ⁷³
1497 2437 1656 2473 αὐτόνομον.
1684 2438 1757 2472 Ἐγὼ
1771 2439 1799 2466 δὲ
1816 2439 1839 2454 ⁷⁸

1051 2479 1116 2511 στὰς
1131 2479 1196 2515 παρ’
1207 2479 1288 2506 αὑτὸν
1299 2480 1344 2507 τὸν
1356 2480 1478 2516 θάλαμον
1490 2482 1566 2519 Τύχῃ
1579 2484 1625 2510 καὶ
1641 2484 1745 2520 Ἔρωσι
1762 2493 1840 2518 γενε-

210 2515 295 2568 θλίοιξ
306 2516 503 2568 ’προσεύξομαο
524 2519 582 2550 τοῖς
599 2518 648 2553 μὲν
665 2517 786 2550 τῦξεύειν
799 2520 838 2550 εἷς
855 2521 941 2556 τέλος,
954 2527 985 2561 τῇ
1003 2527 1031 2554 δὲ
1050 2527 1149 2554 διδόναι
1164 2527 1230 2562 βίον,
1245 2528 1300 2559 τοῖς
1309 2527 1337 2554 δὲ
1352 2528 1453 2556 παίδων
1467 2531 1587 2566 γνησίων
1603 2531 1721 2566 γένεσιν,
1735 2533 1780 2559 ἵνα
1798 2533 1838 2568 τῷ

208 2561 335 2596 γαμηλίῳ
346 2563 464 2598 κρατῆρι
479 2564 525 2590 καὶ
536 2563 585 2600 τὴν
605 2565 741 2599 γενέθλιον
759 2568 873 2596 σπονδὴν
891 2570 912 2586 ⁷⁷
930 2574 1103 2609 συνάψωμεν.

849 2651 966 2681 νΑιιιΑι
985 2653 1189 2684 LECTIONES.

244 2690 265 2706 ⁸⁸
283 2689 402 2717 θάλαττα
416 2700 445 2722 ς.

207 2724 357 2777 gingiua,
371 2761 383 2777 Δ
411 2727 432 2742 u
447 2727 500 2777 “ab
521 2724 613 2761 ἀλλᾱυ]
633 2724 697 2777 ιιιιὶι
715 2724 885 2777 «sint»;

220 2758 228 2774 ⁷
255 2759 281 2785 δὲ
296 2760 397 2787 addA.
465 2758 487 2777 “
503 2771 575 2794 τινες
599 2758 653 2792 6m.
681 2765 713 2792 A.
737 2758 743 2767 ⁸
773 2758 797 2784 δ’

257 2794 354 2833 ἄκραις
370 2804 410 2833 5.
440 2831 445 2833 _
464 2797 492 2833 "_
513 2797 541 2823 δὲ
565 2793 587 2824 Ὰ
625 2806 631 2823 :
651 2808 681 2833 γε
708 2809 737 2833 ς,

208 2828 358 2857 Himerius.
370 2830 493 2858 Photiaui
508 2833 638 2868 σπουδὴν.

488 2692 510 2740 ξ’
633 2695 1117 2740 πίδρξῦσιρ-οςηρέ’πτεροῌπορε-ύσιμος
1133 2711 1163 2740 gi.
1202 2706 1225 2722 ⁸³
1240 2702 1616 2740 ἐθέλοιμι-μυρίουςῗμυρίος
1631 2714 1660 2738 ς.

1708 2707 1732 2725 ιι
1754 2706 1835 2741 ἔπερ,

944 2737 966 2752 ⁶⁶
983 2737 1046 2767 τοὺς
1059 2753 1093 2758 -
1114 2737 1212 2769 πόθους
1227 2737 1334 2764 codices
1349 2737 1462 2766 Himerii
1475 2747 1481 2764 :
1498 2737 1620 2766 Phoiiant
1634 2737 1681 2767 τοῦ
1695 2737 1834 2767 -πόθόυ,

815 2768 831 2804 ἢ
858 2769 918 2796 add.
942 2772 1049 2797 codices
1069 2768 1208 2798 llitnerii.’
1230 2772 1252 2790 ⁷⁰
1269 2773 1314 2799 σὺν
1329 2774 1371 2800 A:
1393 2774 1435 2800 σοὶ
1451 2782 1481 2805 ς.

787 2802 878 2837 τιεί]
907 2805 998 2832 malim
1027 2807 1069 2834 οὐ.

1532 2775 1554 2790 ⁷¹
1579 2776 1667 2807 τοῖςΑ
1693 2776 1773 2807 εσοϊς
1801 2783 1833 2807 ς.

1120 2807 1142 2825 ⁷³
1172 2806 1297 2841 γλῶσσαν
1321 2808 1350 2835 Β.
1389 2811 1412 2827 τε
1438 2809 1465 2836 δὲ
1495 2817 1549 2837 om.
1586 2806 1631 2839 Α(
1664 2814 1686 2830 ⁷⁷
1716 2806 1834 2844 σπονδῆν
