1919 3096
92 122 160 153 1353

627 123 891 155 BIBLIOTHECA.
905 137 940 142 —
960 124 1042 154 COD.
1064 125 1216 156 CCXLIII.

1651 130 1718 162 1354

82 181 106 216 υ
115 180 122 206 1
132 179 164 219 I_'l
177 177 221 214 IL]
234 178 287 219 Ἐίι
301 176 359 219 €012
367 176 607 219 ἐπιψαςοομᾴνου
622 178 767 219 maiorut:
784 189 792 204 ι
803 181 868 206 Διο-

939 181 962 208 Ε
980 181 1085 217 dialogo
1114 182 1238 219 inscriplo
1268 191 1276 208 ι
1308 182 1445 219 Diogenes,
1479 194 1488 210 ι
1520 186 1558 212 uel
1589 196 1599 212 ι
1637 186 1705 215 Pro-

115 213 219 248 γένης,
240 213 287 249 [ἢ
303 221 312 237 ι
332 213 572 247 Προπεμπτικός.
596 222 605 238 ι
620 229 654 233 -
672 214 719 240 Ἐκ
730 213 786 247 τῆς
800 222 857 249 προ

114 246 237 281 θεωρίας
245 246 279 275 ⁷⁸.

114 294 172 325 Τὰς
186 293 346 327 κοινότητας
368 292 422 319 τῶν
440 292 599 320 ὑποθέσεων
616 293 682 324 ιδίας
701 294 731 320 αι
750 303 876 329 μεταχει-

81 341 168 376 ρίσεις
185 339 346 375 ἐργάζονται
360 347 367 354 ·
391 339 432 366 διὸ
448 339 496 366 καὶ
510 340 573 370 τοὺς
590 341 815 374 προπεμπτικοὺς
831 341 877 367 λό-

79 395 154 420 γους,
172 386 224 412 κᾶν
234 386 289 412 νέοι
299 386 339 420 τῷ
351 386 428 420 νόμῳ
439 385 623 419 τυγχάνωσιν,
635 385 693 412 ἀλλ’
707 385 754 412 οὖν
766 385 876 419 ἐξέσται

78 433 110 466 τῇ
124 432 209 467 τέχνῃ
221 431 268 458 καὶ
279 431 483 466 πρεσϐυτέρους
496 430 677 466 ἐργάσασθαι.
691 430 782 466 Ὅπερ
795 432 875 466 ἡμεῖς

78 478 270 512 πεποιήκαμεν
281 484 288 490 ·
308 476 359 511 τὴν
381 476 437 511 γὰρ
454 476 598 511 παροῦσαν
613 476 742 503 ὑπόθεσιν
757 476 796 508 εἰς
812 477 875 512 σχῆ-

79 532 116 557 μα
131 523 258 557 διαλόγου
278 522 535 557 μετασκευάσαντες
565 521 628 549 οὗτε
643 522 692 557 τὴν
714 523 811 558 χρείαν
838 522 877 549 δι-

77 568 245 604 εφθείραμεν
256 567 314 594 οὗθ’
325 569 387 594 ὅσον
401 568 499 602 σεμνὸν
513 569 569 599 τοῖς
583 567 716 602 διαλόγοις
727 568 874 602 ὀφείλεται.

77 614 156 640 Κατὰ
181 613 314 640 Πλάτωνα
337 613 366 640 δὲ
388 614 412 630 ¹¹⁹
426 613 474 640 καὶ
488 614 580 648 ἡμεῖς,
599 613 695 647 ἠθικοῦ
719 614 766 640 τοῦ
794 614 875 649 λόγον

76 659 270 694 τυγχάνοντος.
294 659 370 693 ὅμως
392 659 511 693 φυσικῆς
530 667 560 685 τε
577 659 624 686 καὶ
637 658 796 694 θεολογικῆς
807 659 876 686 θεω-

76 705 146 740 ρίας,
164 705 418 740 ἐγκαταμιγνύντες
434 704 536 736 ταύτας
555 705 610 736 τοῖς
628 705 745 739 ἠθικοῖς,
757 707 876 740 ἐφαπτό-

77 753 156 787 μεοα.
183 753 241 780 Καὶ
269 753 347 787 μύθῳ
362 753 390 779 δὲ
403 753 466 784 τοὺς
484 752 639 787 (θειοτέρους
651 752 705 779 τῶν
723 753 811 787 λόγων
825 753 873 780 τοῦ

1092 218 1236 251 pemptiron
1256 227 1264 243 I
1279 232 1314 237 —-
1327 217 1368 244 Ea:
1383 219 1549 254 prwfatione.

964 295 1130 323 Faciendum
1146 296 1230 323 semel
1251 301 1294 323 est
1308 296 1414 324 initium
1429 297 1455 324 in
1472 305 1542 325 novo
1561 305 1662 332 genere
1675 307 1721 326 ar-

928 347 1130 377 gumentorum.
1155 341 1227 376 quod
1256 343 1406 376 pra-missae
1420 344 1559 372 orationes
1578 345 1631 372 etsi
1647 353 1723 374 nom

926 388 991 421 sint,
1010 395 1063 414 non
1089 388 1194 422 possint
1218 388 1335 415 artiﬁcio
1359 393 1522 417 vetustatem
1547 390 1672 424 induere,
1693 396 1722 418 ut

926 438 998 458 nunc
1017 431 1142 459 fecimus.
1155 431 1212 459 Hoc
1227 432 1300 459 enim
1315 439 1504 468 argumentum
1522 443 1598 462 more
1621 436 1719 470 dialogi

927 477 1133 510 eoneiunantes,
1158 485 1208 504 nec
1234 484 1312 504 usum
1336 486 1386 506 nec
1409 480 1571 514 gravitatem
1596 481 1719 516 dialogos

926 523 1067 550 decentem
1081 525 1265 558 corrupimus.
1284 524 1358 552 More
1379 524 1501 553 Platonis
1512 533 1561 553 nos
1581 527 1606 553 id
1623 535 1720 562 aggre-

927 570 1027 601 dimur,
1048 569 1110 597 licet
1126 571 1238 597 moralis
1260 571 1295 598 sit
1314 571 1414 604 oratio,
1431 576 1521 599 tamen
1546 572 1668 608 physica,
1686 581 1720 602 ac

927 614 1077 649 theologica
1105 614 1254 642 moralibus
1275 616 1495 648 commiscentes.
1523 621 1551 643 et
1573 618 1718 646 videndum

925 664 968 688 est
993 665 1085 688 utrum
1111 661 1163 689 hoc
1176 667 1260 696 genus
1282 661 1389 689 dicendi
1411 661 1532 690 Platonis
1554 663 1599 698 qui
1619 663 1719 692 fabulis

925 713 970 733 res
984 706 1091 734 divinas
1104 706 1228 739 involvit,
1244 707 1361 734 assecuti
1378 707 1475 740 simus,
1491 713 1518 735 et
1532 714 1646 737 caeteras
1660 710 1719 737 dia-

926 750 1047 786 logorum
1073 751 1198 785 virtutes,
1227 752 1430 786 inspiratiOnes,
1447 753 1570 787 inquam,
1595 755 1717 789 ordines,

76 798 221 829 Πλάτωνος
235 797 498 833 ἑναποκρύπτοντος,
518 799 570 834 χρὴ
593 799 706 824 σκοπεῖν
722 799 747 824 εὶ
758 798 804 824 τὸν
821 807 869 825 τοι-

926 801 954 824 et.
977 797 1116 832 episodia;
1141 798 1202 825 dein
1227 803 1254 826 et
1281 798 1398 833 lepores.
1421 803 1449 826 et
1472 800 1546 827 actio
1572 800 1598 827 in
1618 808 1718 836 genere

73 843 150 870 οὖτον
166 843 250 878 ζῆλον
265 843 479 878 μετεδιώξαμεν.
493 844 549 875 Τὰς
565 844 594 869 δὲ
609 843 694 874 ἄλλας
706 843 807 877 ἀρετὰς
817 843 870 870 τῶν

73 888 223 922 διαλόγων,
240 887 400 919 ἀναπαύλας
413 887 487 921 λέγω
501 888 549 914 καὶ
565 887 700 918 διαθέσεις
719 887 742 902 ¹⁰
760 887 808 913 καὶ
822 887 872 912 ὲπ-

72 935 190 967 εισόδια,
207 935 248 961 έτι
267 935 296 961 δὲ
313 934 429 970 χάριτας
443 934 490 960 καὶ
503 933 534 960 τὸ
556 934 591 961 δι’
609 932 671 959 ὅλου
690 932 870 967 δραματικὸν,

74 979 199 1013 ἄμεινον,
221 980 246 1005 εἰ
267 978 449 1014 κατωρθάώη,
464 977 546 1011 δείξει
561 977 592 1005 τὸ
609 978 789 1012 σύγγραμμα.
810 977 871 1004 Τῶν

73 1024 100 1050 δὲ
109 1025 246 1058 διαλόγων
255 1024 416 1060 ἀρχομένων
426 1025 481 1051 ἀπὸ
490 1024 541 1059 τῆς
552 1024 712 1058 ζσχνοτέρας
725 1023 808 1056 ἰδέας,
825 1023 870 1050 ἵνα

73 1071 121 1105 τὴν
140 1071 274 1104 ἀφέλειαν
295 1071 310 1097 ὁ
332 1071 417 1102 τύπος
439 1063 632 1106 «pedali-“'9‘
649 1069 700 1104 τῆς
715 1068 824 1101 λέξεως.
842 1071 872 1095 ὲν

73 1117 100 1143 δὲ
122 1119 183 1147 τοῖς
207 1117 306 1152 ἐφεξῆς
321 1117 556 1153 συνεξαιρομένων
579 1118 601 1134 ⁵¹
616 1116 684 1152 ὁμοῦ
701 1117 758 1148 τοῖς
780 1117 939 1152 πράγμασιν
952 1138 959 1150 ,
986 1118 1011 1144 εί
1048 1118 1097 1145 καὶ
1128 1117 1208 1145 τοῦτο
1232 1119 1312 1154 ἡμεῖς

925 843 1063 871 meliorem
1077 844 1198 871 ostendit
1218 845 1457 878 compositionem,
1472 846 1494 873 si
1517 851 1590 874 recte
1606 854 1718 875 succes-

924 887 1002 914 serit.
1022 888 1089 919 Cum
1119 893 1209 915 autem
1233 889 1332 923 dialogi
1358 889 1437 917 initio
1463 889 1578 918 humiles
1596 892 1661 925 sint,
1688 896 1718 920 ut

924 932 982 967 ipse
1009 933 1116 961 dicendi
1146 933 1290 961 character
1312 934 1516 969 simplicitatem
1542 936 1662 970 adjiciat.
1689 937 1716 965 in

927 979 1103 1013 sequentibus
1119 978 1200 1006 simul
1216 984 1243 1006 et
1258 987 1314 1006 rem
1332 979 1473 1013 auferant;
1489 988 1523 1008 an
1542 982 1593 1009 hoc
1610 983 1717 1017 praesti-

928 1024 1052 1056 t'erimus,
1071 1024 1187 1052 aliorum
1206 1025 1419 1059 estojudicium,
1434 1026 1533 1060 quibus
1545 1027 1602 1055 haec
1621 1028 1717 1055 audire

927 1070 1081 1104 contigerit.

1353 1121 1559 1156 τετηρήκαμεν,
1598 1121 1716 1158 πάρεστι

75 1163 181 1199 κρίνειν
190 1161 231 1195 οἷς
242 1164 325 1198 τέχνη
336 1164 404 1198 πρὸς
415 1164 550 1199 ἀκρόασιν
560 1164 611 1199 τὴν
620 1164 705 1198 ἀκοὴν
713 1164 932 1199 παρεσκεύασεν.

195 1208 292 1237 Αὑτοῦ
306 1209 360 1235 τοῦ
375 1208 519 1244 διαλόγου
532 1209 566 1236 τὸ
580 1209 748 1244 Προοίμιον.

108 1253 223 1287 Σιωπῆς
237 1253 285 1288 μὲν
299 1254 404 1288 καιρὸς,
419 1254 450 1280 οὺ
465 1253 564 1286 λόγων,
582 1254 646 1280 ὅταν
661 1255 685 1280 oi
711 1253 784 1287 λόγοι
810 1262 874 1280 στυ-

75 1298 198 1332 γνάξωσι
211 1318 219 1330 ,
235 1297 300 1329 τοὺς
321 1298 426 1324 ἑαυτῶν
449 1298 602 1333 τροφίμους
622 1298 676 1325 ἀπὸ
700 1300 749 1334 τῆς
769 1299 874 1326 ἑαυτῶν

76 1345 176 1379 ἀγέλης
190 1344 392 1378 ἐκπέμποντες.
418 1344 514 1379 Ὅμως
534 1344 562 1370 δὲ
579 1343 643 1380 (χρὴ
657 1345 711 1380 γὰρ
731 1345 821 1380 λέγειν
843 1347 872 1373 ἐν

1068 1209 1170 1246 368a
1181 1210 1270 1246 Hujus
1290 1212 1390 1247 dialogi
1402 1212 1572 1242 Prowmium.

962 1255 1067 1283 Silentii
1082 1256 1138 1290 jam
1155 1261 1261 1291 tempus
1276 1262 1327 1291 est,
1343 1266 1396 1286 non
1418 1259 1556 1294 loquendi,
1575 1268 1637 1288 cum
1651 1268 1714 1289 ora-

927 1301 964 1329 tio
1007 1303 1136 1337 proprios
1172 1302 1298 1331 alumnos
1335 1311 1350 1331 a
1374 1312 1457 1340 grege
1491 1313 1540 1333 suo
1569 1307 1716 1336 demittens

924 1347 1057 1383 deploret.
1073 1347 1266 1377 Verumtamen
1284 1349 1357 1385 (nam
1374 1351 1400 1377 in
1419 1352 1492 1378 omni
1506 1358 1604 1380 eventu
1620 1353 1714 1381 dicen-

76 1389 150 1424 πάσῃ
161 1388 234 1424 τύχῃ
244 1389 307 1420 τοὺς
318 1388 426 1422 λόγους)
440 1388 506 1423 φέρε
520 1389 567 1416 καὶ
578 1389 671 1422 αὐτὸς,
684 1390 713 1416 ὃν
727 1391 744 1426 ἡ
760 1391 869 1425 φροντὶς

925 1394 985 1420 dum
1006 1393 1058 1427 est)
1075 1402 1124 1429 age
1138 1399 1164 1422 et
1186 1394 1254 1430 Ipse,
1271 1397 1375 1424 sustine
1394 1397 1556 1431 orationem,
1576 1406 1657 1434 quam
1671 1399 1715 1426 in-

77 1437 93 1470 ή
108 1437 306 1472 προσπεσοῦσα
330 1437 395 1472 [599
413 1437 460 1473 IL]
476 1438 554 1472 λόγον
570 1438 725 1473 ὲγέννητεν,
749 1440 774 1465 ει
799 1440 869 1473 φίλοι.

925 1439 1016 1466 cidens
1043 1439 1197 1467 sollicitudo
1224 1440 1361 1472 conﬂavit.
1388 1443 1411 1469 si
1428 1443 1506 1470 vobis
1533 1449 1640 1478 gratum
1661 1450 1713 1478 est,

76 1482 147 1517 ὑμῖν,
163 1483 214 1509 και¹
227 1482 294 1517 πρὸς
310 1483 383 1518 ὑμᾶς
397 1484 588 1519 ἀφηγήσομαι.
611 1484 758 1520 Ἑκάτερος
774 1484 869 1511 τοσού-

925 1485 1003 1511 etiam
1019 1485 1052 1512 ad
1067 1492 1115 1512 vos
1129 1486 1320 1520 pronuntiabo.
1350 1486 1470 1522 Uterque
1483 1489 1567 1515 tantis
1583 1489 1714 1517 interval-

76 1537 129 1560 τοις
149 1528 319 1564 διαστήμασι
344 1530 392 1563 τῆς
414 1530 515 1565 ἀρετῆς
535 1531 723 1565 ἀφεστηκότες
736 1530 868 1566 ἀλλήλων,

76 1575 135 1602 ὅσον
150 1574 289 1610 Εὐρώπης
302 1575 337 1601 τὰ
355 1576 426 1610 μέσα
439 1577 506 1612 πρὸς
518 1578 581 1608 τοὺς
592 1576 649 1603 ἄνω
663 1577 765 1611 μυχοὺς
778 1576 871 1608 Ἀσιας

78 1621 211 1655 σχίζεται,
230 1622 270 1652 εἰς
290 1622 337 1647 τὸν
353 1621 450 1648 τούτου
475 1622 557 1649 πόθον
574 1622 752 1658 συνέδραμον,
774 1623 868 1649 ἑκάτε-

79 1674 120 1699 ρος
149 1666 333 1701 προαρπάσαι
364 1667 415 1698 τὰς
443 1666 556 1702 πρώτας
578 1667 676 1698 ὠδῖνας
701 1667 752 1701 τῆς
774 1666 870 1693 τούτου

79 1711 204 1746 γλώττης
230 1712 402 1747 βουλόμενος.
418 1713 455 1739 Οὐ
472 1714 664 1749 μιμησάμενος
680 1713 726 1739 τὸν
741 1713 872 1748 μυστικὸν

79 1759 171 1792 νόμον,
188 1759 218 1790 ὃς
234 1759 342 1795 ὲπόπτῃ
354 1767 385 1785 τε
408 1759 455 1785 καὶ
473 1759 564 1794 μύστῃ
583 1759 688 1794 μερίζει
701 1758 746 1785 τὸν
765 1759 869 1794 χρόνον,

77 1804 142 1831 ἀλλὰ
152 1805 201 1831 τὸν
214 1804 296 1830 αὑτὸν
310 1806 338 1831 έν
352 1803 444 1839 ταυτῷ
463 1803 569 1840 μύστην
579 1813 608 1832 τε
621 1804 689 1840 ὁμοῦ
704 1805 751 1831 καὶ
764 1805 870 1839 προφή-

76 1858 124 1884 την
139 1850 191 1884 τῆς
206 1850 281 1884 ἱερᾶς
293 1850 406 1884 τελετῆς
418 1849 479 1886 ,τῶν
495 1851 524 1878 έν
547 1851 589 1877 σοὶ
610 1850 697 1884 λόγων
714 1851 869 1885 δεξάμενος,

77 1895 183 1926 ἔδωκας
206 1895 352 1930 ἀπλήστως
376 1904 430 1922 των
449 1896 556 1922 ἐκεῖθεν
579 1896 709 1931 ναμάτων
727 1896 869 1931 ἐμπλήσα-

78 1941 151 1968 σθαι.
168 1941 207 1967 Ἥ
221 1941 270 1968 οὐκ
282 1942 405 1976 ἀκήκοας
420 1941 457 1973 ὡς
468 1941 545 1974 ὄντες
555 1942 603 1969 ἄνθ
609 1951 695 1977 ρωποι
711 1942 741 1968 τὺ
757 1942 871 1969 παλαιὸν

77 1984 148 2015 οὗτοι
159 1988 185 2014 οἱ
199 1987 335 2022 τέττιγες,
349 1987 409 2014 εἶτα
423 1987 506 2022 Ερωτι
521 1988 544 2004 ⁸³
559 1988 676 2015 Μουσῶν
691 1989 724 2015 ὲκ
736 1988 784 2015 τοῦ
796 1988 871 2024 ᾄδειν

77 2035 119 2061 ἀεὶ
134 2035 264 2065 λυθέντες
280 2035 321 2066 εις
338 2035 428 2069 μέλος,
448 2036 482 2061 ἐκ
505 2035 553 2069 μὲν
567 2034 722 2069 ἀνθρώπων
738 2036 777 2067 εἰς
796 2035 872 2070 ὅρνι-

76 2080 134 2112 θας,
151 2082 186 2108 ὲκ
197 2081 227 2107 δὲ
242 2080 315 2116 ᾠδῆς
330 2081 371 2112 εις
383 2080 454 2116 ᾠδὴν
470 2080 554 2115 ἀλλην
563 2081 709 2115 μετέσαλον
717 2081 740 2097 ⁸⁸
751 2089 758 2114 ;
771 2081 871 2108 ’Ἄκουε

75 2129 105 2164 δὴ
123 2129 171 2156 τὸν
187 2129 272 2164 μῦθον
285 2137 294 2145 ο
315 2129 381 2155 Ὅτε
406 2129 469 2160 τοὺς
483 2128 645 2163 ἀνθρώπους
669 2130 682 2155 ὁ
709 2129 775 2160 Ζεὺς
795 2129 871 2163 ὲγέν·

923 1530 956 1556 lis
972 1537 987 1556 a
1021 1530 1109 1565 capite
1134 1531 1168 1558 ab
1191 1531 1305 1559 invicem
1328 1532 1470 1565 distantes,
1499 1539 1599 1568 quanto
1625 1537 1713 1563 media

922 1574 1037 1610 Europze
1052 1577 1085 1603 ab
1099 1577 1232 1604 extremis
1253 1577 1324 1604 Asia:
1339 1578 1406 1607 locis
1426 1575 1599 1613 separantur,
1618 1582 1644 1608 in
1661 1581 1714 1608 hu-

918 1622 963 1656 jus
991 1629 1110 1649 antorem
1126 1629 1335 1657 concurrerunt,
1354 1631 1469 1659 uterque
1495 1627 1642 1661 praeripere
1658 1628 1712 1662 pri-

922 1676 980 1695 mos
1007 1673 1100 1703 partus
1124 1669 1202 1702 hujus
1231 1669 1329 1705 linguas
1350 1677 1475 1705 conatus,
1504 1680 1558 1700 non
1589 1673 1712 1701 imitatus

922 1722 1028 1742 sacram
1054 1714 1153 1749 legem,
1181 1716 1227 1750 qui
1253 1716 1411 1751 inspectori,
1440 1722 1468 1745 et
1493 1719 1580 1746 sacris
1607 1720 1713 1747 initiato

923 1765 1028 1795 tempus
1051 1761 1185 1794 attribuit,
1207 1762 1254 1789 sed
1280 1763 1416 1796 eumdem,
1433 1769 1460 1791 et
1479 1765 1649 1792 sacerdotem
1673 1766 1712 1793 si-

923 1806 988 1838 mul,
1005 1811 1032 1833 et
1055 1807 1232 1841 inspectorem
1256 1815 1342 1836 sacrae
1361 1809 1456 1837 hostize
1476 1810 1502 1837 in
1519 1810 1571 1838 hac
1590 1816 1634 1840 tua
1649 1820 1714 1839 ora-

923 1852 996 1880 tione
1007 1860 1067 1880 esse
1086 1853 1237 1887 declarans,
1254 1854 1352 1882 dedisti
1369 1854 1411 1882 his
1428 1855 1506 1889 aquis
1518 1857 1577 1884 sine
1587 1857 1713 1886 satietate

922 1897 1039 1933 impleri.
1063 1898 1159 1926 Anuou
1195 1900 1323 1927 audivisti
1360 1902 1495 1935 qttomodo
1521 1902 1646 1931 homines
1674 1904 1712 1932 illi

921 1950 984 1971 ante
1011 1945 1110 1972 cicadze
1135 1943 1254 1979 inierint;
1275 1946 1373 1974 deinde
1398 1946 1536 1975 Musarum
1561 1956 1656 1977 amore
1677 1951 1712 1977 ob

922 1992 1083 2024 perpetuum
1105 1994 1214 2017 cantum
1240 1990 1266 2018 in
1289 1991 1374 2019 melos
1396 1992 1487 2025 soluti,
1506 2001 1539 2021 ex
1555 1994 1712 2023 hominibus

923 2035 949 2061 in
977 2043 1052 2067 aves,
1078 2043 1112 2062 ex
1137 2043 1192 2063 una
1208 2037 1334 2064 cautione
1361 2037 1388 2064 in
1413 2038 1493 2065 aliam
1518 2039 1709 2068 transformati

922 2079 993 2106 sint?
1019 2079 1088 2106 Audi
1107 2078 1226 2107 fabulam
1242 2087 1250 2108 :
1273 2081 1340 2108 Cum
1355 2079 1463 2116 Jupiter
1477 2082 1602 2112 homines
1618 2085 1711 2112 condi-

923 2125 1018 2157 disset,
1032 2125 1123 2152 omnia
1142 2126 1193 2152 alia
1207 2133 1240 2153 eo
1255 2131 1418 2154 ornamento
1433 2127 1555 2162 fuerunt,
1572 2137 1626 2164 quo
1638 2138 1710 2158 nunc

75 2183 151 2209 νησε,
166 2175 202 2201 τὰ
218 2175 267 2210 μὲν
281 2174 348 2202 ἄλλα
363 2175 453 2202 πάντα
465 2173 544 2209 εἶχον
554 2174 592 2206 ὡς
607 2175 655 2201 νῦν
669 2175 864 2210 κεκόσμηνται,

925 2176 982 2198 sunt
997 2171 1075 2206 (45').
1095 2171 1199 2206 Cupido
1214 2176 1303 2199 atttem
1320 2172 1437 2199 nondum
1456 2174 1554 2201 animis
1568 2174 1708 2203 hominum

77 2220 167 2255 Ἔρως
184 2220 213 2246 δὲ
229 2219 307 2246 οὖπω
327 2221 387 2251 ταῖς
404 2220 504 2255 ψυχαῖς
519 2220 575 2246 τῶν
596 2219 747 2256 ἀνθρώπων
767 2221 867 2254 ἐγκατ-

74 2266 199 2301 ῳκίζετο.
215 2266 272 2293 ἀλλ’
287 2266 356 2301 έχων
366 2266 406 2293 ἔτι
416 2268 447 2293 τὸ
462 2266 561 2301 πτερὸν
570 2267 584 2293 ὁ
594 2266 661 2297 Θεὸς
673 2263 749 2298 οὗτος
764 2267 865 2302 μετάρ-

75 2319 129 2338 σιον
144 2312 255 2346 οὐρανῷ
267 2320 295 2338 τε
320 2311 446 2346 ὲνωμίλει
467 2311 514 2338 καὶ
534 2312 575 2342 εἰς
593 2311 671 2342 θεοὺς
691 2311 787 2346 μόνους
806 2312 866 2337 ἐτό-

76 2357 144 2390 ξευε.
169 2358 267 2389 Δείσας
284 2357 312 2383 δὲ
328 2357 365 2392 μὴ
386 2356 460 2392 αὐτῷ
474 2357 610 2391 ἀφανισθῇ
627 2357 681 2384 τῶν
706 2357 867 2391 ποιημάτων

75 2404 104 2430 τὸ
127 2404 287 2435 κάλλιστον,
310 2403 422 2438 Ἔρωτα
445 2404 551 2437 πέμπει
571 2401 618 2428 τοῦ
639 2401 694 2428 τῶν
714 2401 867 2437 ἀνθρώπων

75 2448 170 2482 γένους
183 2449 313 2482 ἐσόμενον
337 2448 456 2482 φύλακα.
478 2448 508 2474 '0
526 2447 554 2474 δὲ
569 2447 672 2482 ταύτην
690 2447 722 2473 ἐκ
741 2447 801 2478 Διὸς
816 2447 865 2481 τὴν

75 2494 224 2529 ἐπιτροπὴν
238 2494 337 2525 λαδὼν,
351 2494 381 2520 τὸ
394 2493 443 2529 μὲν
460 2493 579 2524 ἁπάσαις
592 2492 692 2527 ψυχαῖς
708 2491 861 2526 ἐγκατοικι-

76 2538 170 2570 ζεσθαι
182 2539 199 2574 ἢ
219 2539 273 2565 πᾶν
285 2539 328 2565 ἐπ’
343 2538 405 2573 ἴσης
420 2536 486 2573 ἦθος
503 2537 623 2569 νεσιελές
635 2545 665 2563 τε
686 2539 733 2563 καὶ
753 2537 866 2572 βέϐηλον

919 2215 1064 2248 insidebat,
1089 2217 1136 2243 sed
1161 2216 1263 2243 habens
1289 2216 1356 2244 deus
1380 2216 1425 2244 ille
1447 2218 1571 2253 Ingentes
1599 2219 1656 2247 alas
1680 2220 1708 2248 in

920 2260 989 2288 caelo
1004 2261 1155 2295 habitabat,
1173 2266 1200 2289 et
1215 2262 1241 2288 in
1258 2262 1331 2290 solos
1345 2263 1411 2290 deos
1432 2263 1486 2290 tela
1507 2264 1634 2292 vibravit.
1653 2265 1709 2294 Me-

921 2311 1000 2334 tuens
1015 2312 1104 2334 autem
1118 2315 1152 2334 ne
1171 2307 1351 2341 pulcherrima
1365 2309 1487 2337 omnium
1503 2316 1630 2339 creatura
1644 2320 1708 2348 pes-

921 2352 1042 2385 sumiret,
1058 2352 1219 2387 Cupidinem
1237 2354 1270 2381 ad
1293 2354 1418 2383 homines
1433 2357 1627 2386 custodiendos
1656 2361 1709 2387 mi-

920 2397 966 2424 sit.
981 2396 1028 2424 Ille
1050 2397 1141 2426 datam
1159 2406 1174 2425 a
1190 2398 1255 2426 Jove
1277 2404 1440 2433 potestatem
1458 2402 1605 2437 abripiens,
1621 2405 1708 2432 omni-

920 2443 969 2470 bus
987 2443 1093 2471 scilicet
1117 2445 1252 2472 mentibus
1268 2445 1399 2478 insidere,
1414 2447 1455 2474 vcl
1471 2447 1498 2475 in
1512 2450 1638 2478 omnibus
1651 2458 1707 2478 cut-

918 2488 1030 2517 lcstibus
1053 2497 1086 2517 ac
1111 2490 1242 2525 profanis,
1270 2499 1347 2527 aeque
1383 2493 1505 2522 habitare
1526 2494 1585 2522 loco
1613 2496 1705 2531 templi

921 2536 1016 2563 voluit.
1037 2536 1091 2564 Sed
1113 2537 1213 2566 multas
1233 2542 1260 2565 et
1274 2539 1396 2573 gregales
1412 2542 1519 2570 mentes
1535 2549 1629 2570 amore
1647 2542 1705 2570 vul-

722 2616 841 2644 ἺΔΒΙΑΞ
861 2616 1061 2644 LECTIONES.

110 2676 131 2692 ⁷⁸
142 2676 258 2710 Θεωρίας
268 2676 299 2704 (ἶ.
344 2677 366 2693 ⁷³
378 2676 406 2702 δὲ
417 2677 455 2703 A:
470 2684 502 2709 γε
519 2685 548 2708 ς.

78 2709 456 2747 ιῑοτιὶιιείσυνεξαιρουμένων
482 2720 513 2743 ς.
566 2710 590 2732 ⁸⁸
606 2709 687 2745 ἔρωσι
703 2718 733 2742 ς.

583 2676 606 2691 '°
617 2675 752 2707 διαθέσεις
768 2674 800 2702 A:
816 2674 904 2706 θέσεις
921 2683 951 2706 ς.
969 2709 974 2710 7
1003 2674 1024 2690 "
1049 2674 1182 2710 προσ-ἢάλῖ

780 2710 953 2745 “ueremini:
967 2709 1001 2736 B:
1015 2709 1181 2745 μετέϐαλλον
1189 2719 1218 2742 ς.

1003 2674 1024 2690 ³¹
1049 2674 1190 2713 argos-ﬁdit}
1220 2675 1270 2702 llC.
1296 2675 1567 2713 ⁸²συνεξαιρομένων
1589 2675 1704 2705 Werns-

839 2762 956 2791 NOTAE.

111 2820 185 2858 μθ)
207 2821 307 2849 Confer
331 2828 391 2855 qua
407 2820 454 2848 iui.
477 2821 504 2848 in
521 2821 616 2848 exord.
633 2825 704 2848 orat.
729 2821 755 2848 in
770 2820 916 2848 adventum
928 2820 1102 2857 Cypriorum.

238 2868 374 2899 Ρλτκοι..
398 2867 457 2898 Gn.
481 2867 559 2898 CIII.

1500 2871 1539 2902 B3
