1919 3096
201 136 271 169 1355

201 194 258 228 gari
277 200 438 228 sponsarum
465 193 592 228 occupari
611 192 694 220 dedit.
721 192 779 227 Ipse
795 200 860 220 vero
875 192 990 220 deorum
1007 197 1031 226 Α

201 237 408 273 εωιοειίυωιιιιο
436 242 540 266 mentes
561 237 687 270 incoluit,
712 242 740 264 et
760 236 821 265 illas
843 237 870 264 in
899 236 991 264 libidi-

201 291 296 310 nosam
326 283 474 310 amentiam
501 283 595 311 furore
617 283 748 315 incitans,
775 282 889 310 inﬁnitis
914 281 993 310 bonis

200 328 348 356 humanum
371 336 456 364 genus
467 328 567 356 allecit.
588 328 704 362 Quando
726 328 809 363 igitur
825 328 926 355 videris
943 332 994 355 Iar-

199 375 261 400 dum
289 375 434 408 quamdam
465 379 605 407 naturam,
626 379 654 402 et
675 375 708 401 ad
732 382 855 402 amorem
879 374 992 406 lentam,

199 420 287 454 cogita
301 427 373 447 nunc
387 420 467 447 donis
489 420 564 448 illius
577 420 713 455 cupidinis
727 420 868 455 indignum
885 419 970 446 fuisse
984 428 992 446 :

199 472 260 491 cum
279 472 343 492 vero
366 465 507 492 incitatam
523 469 550 492 et
571 465 702 493 fervidam
722 471 854 497 mentem,
873 470 901 492 et
919 464 995 491 llam-

201 517 250 536 mac
263 510 351 537 instar
367 510 400 537 ad
425 510 569 538 annbilem
588 510 737 538 amicitiam
756 511 912 542 ducentem,
929 514 994 544 puta

200 555 272 582 illam
286 562 301 581 a
319 556 389 582 dono
403 555 544 590 Cupidinis
558 555 663 582 venire.
677 554 768 582 Unum
787 554 864 587 mihi,
879 561 895 581 ο
907 553 995 580 amice

200 601 340 633 Socrates,
356 602 438 634 dicis,
459 607 612 628 amatorum
632 601 746 636 optime.
763 605 868 635 partem
886 599 996 627 virtutis

200 646 306 678 Cliniae,
335 646 522 673 fortitudinem
559 646 664 674 scilicet
689 646 716 672 in
738 645 878 680 periculis,
911 651 994 679 quam

201 692 397 720 exercitatione
409 691 509 728 368i)
524 700 595 726 sa’pe
609 692 917 726 exhibet,iuterpretem
931 697 995 717 ora-

204 739 307 764 tionum
325 745 378 764 non
395 742 558 771 exspectans
574 737 643 772 (ιϐ).
664 737 716 764 Dat
729 737 818 764 eidem
834 736 902 762 hanc
916 734 997 762 licen-

204 782 366 816 tiam,quam
383 781 471 816 primo
482 781 578 809 Pericli
593 790 652 809 cum
669 789 717 817 pro
725 782 792 809 urbe
803 780 902 808 bellum
916 787 996 814 gere-

204 832 255 855 ret.
267 827 330 854 llaec
343 832 385 855 est
401 828 508 855 sincera
524 828 602 855 ratio.
618 827 646 855 Si
662 834 727 854 vero
741 827 813 854 hunc
825 825 998 860 videasjudi-

203 873 287 900 ciaria
298 873 362 900 sede
375 873 528 908 expulsum,
545 873 660 908 implora
682 880 744 900 cum
767 872 868 907 gemitu
899 871 995 905 legem,
1016 871 1035 898 Β

203 919 266 954 quia
282 926 350 946 auro
363 919 450 947 victus
467 924 519 946 est.
541 918 608 947 Nam
631 919 712 947 sintut
726 918 827 946 ﬂorens
848 925 911 945 cum
931 918 998 944 urbe

206 966 290 1000 regia,
312 965 416 993 circum
452 973 534 1000 quam
558 965 679 1000 ingentia
710 965 796 992 maria
824 967 996 999 separantur,

204 1017 232 1038 et
261 1011 330 1039 idem
353 1019 414 1039 cum
432 1019 464 1039 ea
489 1011 581 1046 gloria:
600 1018 657 1038 suae
677 1009 858 1037 fundamenta
879 1009 997 1045 jacieue,

204 1056 323 1090 quandiu
345 1056 373 1083 in
395 1055 541 1083 cunabulis
560 1056 651 1082 adhuc
663 1061 764 1089 corpus
781 1054 859 1081 urbis
875 1053 997 1088 fingeba-

206 1107 259 1134 tur,
276 1101 328 1129 alia
354 1102 467 1136 imperia
494 1109 509 1128 e
526 1101 598 1135 regia
624 1104 759 1135 potestate
778 1099 910 1127 decrevit.
929 1097 996 1125 Cum

207 1155 272 1174 vero
294 1147 428 1181 indigeret
446 1146 538 1174 sedula
561 1153 644 1180 opera
671 1150 801 1180 tanquam
823 1149 912 1172 statua
937 1151 998 1178 per-
1017 1146 1020 1149 “

206 1193 287 1225 facta,
305 1200 387 1227 quam
403 1192 592 1219 adumbratam
614 1191 691 1226 prius
715 1191 850 1222 viderant,
873 1191 998 1217 eamdem

207 1242 368 1272 potestatem
399 1238 559 1272 assumpsit,
590 1241 619 1264 ut
643 1237 714 1264 idem
736 1236 844 1263 initium
868 1241 896 1263 et
916 1236 998 1262 finem

205 1285 279 1312 omni
303 1288 466 1311 ornamento
501 1283 576 1310 urbis
604 1282 710 1310 fecerit.
735 1282 822 1310 Urbes
853 1282 998 1314 excitatas,

207 1330 336 1366 populum
352 1334 532 1361 crescentem,
561 1328 681 1361 'l‘artcssi
696 1328 791 1359 vitam,
808 1335 892 1355 cornu
906 1327 999 1353 Amal-

208 1377 287 1408 theae,
311 1379 394 1410 caput
417 1375 509 1402 omnis
538 1374 687 1401 felicitatis.
708 1373 761 1401 Sed
779 1380 840 1408 quae
863 1378 906 1400 est
934 1380 998 1408 erga

207 1423 279 1450 hunc
299 1421 425 1456 juvenem
449 1421 532 1448 studii
553 1420 654 1447 causa?
678 1420 746 1447 Tota
776 1426 853 1447 mens
878 1427 963 1454 nuper
983 1427 998 1446 a

207 1469 332 1503 supernis
358 1467 469 1494 sedibus
503 1466 670 1501 digrediens.
698 1465 808 1493 infixam
834 1465 923 1492 adhuc
947 1465 1000 1492 fert

207 1514 325 1550 speciem
359 1512 568 1540 simulacrorum
605 1511 723 1544 illorum,
752 1518 812 1546 qure
837 1516 892 1538 tum
921 1511 997 1544 vidit,

205 1568 270 1588 cum
296 1559 410 1595 hilarem
434 1559 563 1586 choreum
593 1565 654 1585 cum
682 1558 767 1585 variis
800 1557 852 1585 diis
879 1557 997 1585 saltavit.
1013 1549 1034 1577 (ἶ

207 1606 274 1634 Cum
293 1605 376 1641 igitur
389 1605 488 1632 viderit
506 1604 562 1631 illic
574 1603 815 1638 pulchritudinem,
836 1611 916 1637 quam
936 1609 1000 1630 tunc

208 1658 272 1680 vere
295 1650 454 1685 descripsit,
476 1649 547 1676 intra
572 1654 691 1677 mentem
718 1648 838 1676 divinam
857 1648 1000 1676 abscondi-

208 1701 282 1728 tam,
305 1694 444 1722 desiderat
466 1698 494 1721 et
515 1694 614 1728 gaudet
640 1694 692 1720 hoc
718 1693 873 1728 spectaculo
890 1712 898 1725 ,
921 1698 949 1720 et
971 1699 1001 1720 se

208 1741 295 1776 ipsam
317 1740 462 1775 splendore
483 1739 651 1773 scientiaque
663 1739 784 1770 elevans,
801 1745 862 1766 cum
878 1739 929 1765 hoc
942 1739 1001 1765 loco

207 1786 372 1821 conjungere
384 1785 504 1813 festinat.
529 1784 594 1811 Tale
610 1783 674 1819 quid
695 1784 760 1811 mihi
779 1783 806 1810 in
829 1783 1002 1810 adolescente

209 1833 320 1861 accidit.
338 1832 406 1860 Nam
424 1831 506 1859 veluti
530 1831 557 1858 in
574 1830 685 1866 speculo
698 1830 780 1865 hujus
794 1830 821 1857 in
835 1830 927 1857 animo
940 1837 1001 1864 spe-

208 1879 277 1906 ciem
303 1877 386 1905 auimi
405 1877 456 1904 mei
481 1881 657 1911 apparentem
674 1875 778 1908 videns,
803 1883 834 1902 ea
853 1883 912 1902 sum
929 1875 1001 1903 dele-

208 1928 308 1954 ctatus.
331 1927 358 1950 et
380 1922 441 1949 ideo
467 1921 566 1952 amavi,
583 1925 610 1947 et
629 1920 705 1954 quasi
728 1920 843 1948 alterum
862 1927 905 1948 me
921 1920 1001 1955 hujus

209 1969 331 1996 animum
360 1967 484 2002 quaesivi.
513 1966 601 1993 Probe
632 1971 723 2000 potest
743 1967 835 1994 omnia
869 1966 1001 1993 memoria

209 2014 357 2046 custodire,
386 2020 555 2048 quaecunque
585 2013 635 2040 sub
667 2012 736 2039 duce
766 2013 880 2047 gesserit
911 2012 1001 2040 animo

209 2060 398 2096 philosophus,
414 2059 584 2087 orationibus
600 2065 654 2086 non
670 2058 714 2085 his
733 2058 824 2091 modo,
839 2058 885 2086 sed
901 2063 929 2086 et
943 2066 1002 2085 om-

208 2107 301 2137 nibus,
328 2114 388 2141 qua:
410 2113 426 2132 e
440 2105 589 2138 Musarum,
612 2110 642 2134 et
664 2106 798 2142 Apollinis
819 2106 905 2141 pratis
918 2105 1002 2141 pullu-

209 2154 275 2180 lant.
297 2152 375 2180 Unde
391 2152 481 2180 otnnis
494 2152 623 2179 doctrina:
639 2151 743 2180 fructus
767 2152 924 2187 discerpcns
940 2155 1001 2179 tan-

210 2205 291 2232 quam
305 2196 378 2224 veris
404 2196 547 2229 corollam,
574 2197 616 2223 his
636 2197 758 2224 animum
782 2205 861 2224 suum
881 2197 999 2224 ornavit.
1015 2215 1040 2245 Β

195 2243 240 2270 'Si
254 2243 345 2270 dicere
371 2248 483 2269 necesse
507 2240 601 2274 fuerit,
618 2249 653 2270 ne
673 2242 789 2277 amplius
803 2249 911 2277 quaeras
923 2243 1000 2278 cujus

209 2290 247 2316 sit
258 2288 342 2321 ﬁlius,
359 2293 386 2316 et
400 2289 433 2315 ad
447 2295 527 2323 quem
544 2289 679 2322 pertineat
693 2297 700 2316 :
716 2288 758 2316 sic
773 2289 888 2324 primam
909 2288 1004 2323 imagi-

210 2343 271 2364 nem
289 2335 444 2363 accuratius
466 2342 547 2370 quam
571 2335 660 2369 quivis
679 2334 767 2370 pictor
789 2334 935 2369 expressit.
950 2333 1001 2361 Bo~

210 2389 261 2410 nus
287 2382 395 2416 quidem
415 2382 516 2413 socius.
538 2381 561 2408 si
585 2388 646 2408 cum
662 2380 730 2408 duce
754 2380 928 2415 pugnandum
955 2379 1003 2412 sit,

209 2428 297 2456 bonus
309 2427 392 2455 etiam
405 2434 452 2455 sua
470 2433 576 2463 sponte.
598 2427 675 2455 Juste
691 2427 774 2462 igitur
788 2430 873 2462 poetae
889 2426 956 2461 (t7),
973 2431 1001 2454 et

210 2481 272 2502 cum
292 2474 326 2502 iis
349 2473 469 2508 pictores
490 2478 518 2500 et
545 2473 655 2501 ﬁctores
680 2473 806 2508 Cupidini
831 2477 999 2500 senectutem

211 2521 333 2552 tleunmt,
361 2519 488 2553 juvenem
517 2518 590 2546 hunc
623 2519 714 2552 deum,
749 2523 777 2546 et
807 2517 1000 2552 pubescentem

784 137 915 168 PllO'l‘lI
935 136 1188 168 PATRIARCH/E
1207 137 1262 167 Ci‘.

1774 135 1843 168 1556

1045 191 1118 227 ἐχειν
1128 192 1243 227 τέμενος
1255 191 1305 218 οὒκ
1323 191 1496 227 ἐδοκίμαζεν,
1511 191 1580 218 ἀλλὰ
1594 192 1643 223 τὰς
1666 194 1717 227 μὲν
1741 192 1843 223 πολλὰς

1044 239 1092 265 καὶ
1112 238 1255 272 ἀγελαίους
1280 237 1368 272 ψυχὰς
1396 239 1453 269 τοῖς
1480 238 1632 272 πανδήμοις
1658 238 1764 272 Ἔρωσι
1786 239 1842 269 τοῖς

1044 283 1099 309 τῶν
1115 281 1241 317 Νυμφῶν
1255 283 1335 309 παισὶ
1357 282 1513 317 ποιμαίνειν
1531 282 1691 317 ἀπένειμεν,
1708 282 1792 313 αὐτὸς
1814 283 1842 309 δὲ

1043 329 1093 359 τὰς
1108 327 1183 359 θείας
1198 328 1245 354 καὶ
1258 327 1390 363 οὐρανίας
1401 327 1491 362 ψυχὰς
1503 328 1667 361 ἐνῳκίσατο,
1677 328 1726 354 καὶ
1740 327 1842 358 ταύτας

1045 373 1244 408 ἀναδακχεύων
1260 373 1307 400 ἐπὶ
1333 373 1431 408 μανίαν
1447 374 1583 409 ἐρωτικὴν
1601 366 1687 408 μυρία
1704 373 1797 406 ἀγαθά
1811 373 1843 399 τὸ

1044 418 1099 446 τῶν
1124 418 1276 453 ἀνθρώπων
1299 419 1378 452 γένος
1399 419 1558 454 είργάσατο.
1582 418 1664 454 [1120
1687 418 1735 454 IL]
1760 419 1843 445 ὀταν

1049 465 1100 501 μὲν
1113 463 1160 492 οὖν
1178 465 1236 501 ἴδῃς
1249 465 1311 492 τινὰ
1326 465 1427 500 βραδύν
1443 474 1473 492 τε
1484 465 1533 500 τὴν
1553 465 1635 499 φύσιν
1649 465 1696 491 καὶ
1712 464 1782 500 πρὸς
1800 473 1843 498 φι-

1046 511 1107 537 λίαν
1119 510 1292 546 δυσκίνητον,
1309 511 1406 545 νόησον
1417 511 1460 537 ὃτι
1475 511 1530 537 τῶν
1547 511 1668 545 Ἔρωτος
1683 511 1790 537 ἐκείνου
1803 511 1843 543 ξε-

1045 555 1110 582 νίων
1125 555 1251 590 οὐδαμῶς
1263 552 1340 586 οὗτος
1358 554 1475 589 ἠξίωται
1490 563 1498 570 ο
1512 554 1576 581 ὅταν
1595 555 1624 581 δέ
1641 555 1705 588 ὀξὺν
1720 555 1769 581 καὶ
1781 555 1842 590 θερ-

1048 600 1098 636 μὸν
1115 599 1166 635 τὴν
1193 599 1308 635 γνώμην
1335 600 1383 627 καὶ
1410 599 1510 634 φλογὸς
1534 600 1611 633 δίκην
1637 600 1682 625 ἐπ’
1708 600 1842 634 ἐρωτικὴν

1047 646 1139 681 φιλίαν
1158 646 1273 673 άττοντα
1294 645 1328 679 ⁸⁵,
1345 645 1442 681 νόησον
1465 645 1560 672 τοῦτον
1583 643 1653 671 εἶναι
1677 645 1784 671 ἐκείνου
1804 645 1844 676 ξέ-

1047 701 1092 720 νον
1107 693 1130 709 ⁸¹
1147 691 1194 719 τοῦ
1215 691 1350 726 Ἔρωτος.
1368 691 1417 718 Ἐν
1431 691 1485 726 γάρ
1500 699 1545 726 μοι
1563 690 1663 724 λέγεις,
1677 687 1700 716 ὧ
1714 690 1776 724 φίλε
1787 689 1843 716 Σώ-

1048 747 1159 774 κρατες,
1175 736 1298 773 ἐραστῶν
1315 737 1421 772 ἄριστε,
1437 737 1537 772 ἀρετῆς
1555 736 1680 763 Κλεινίου
1699 736 1721 752 ⁸⁷
1739 735 1843 771 μόριον,

1048 784 1175 819 ἀνδρείαν
1192 784 1221 810 ἐν
1237 782 1343 818 φόϐοις,
1357 783 1391 818 ἢν
1407 783 1455 809 καὶ
1467 782 1566 817 μελέτη
1579 782 1709 813 πολλάκις
1724 782 1843 813 δίδωσιν,

1052 829 1189 865 ἐξηγητὴν
1203 829 1284 863 λόγον
1298 829 1349 856 οὐκ
1367 829 1390 844 ⁸⁸
1409 829 1592 863 ἀναμείνασα.
1607 828 1705 854 Δίδωσι
1727 828 1750 854 δ’
1771 828 1844 862 αὐτῷ

1049 876 1097 910 τὴν
1118 875 1294 911 παρρησίαν,
1316 876 1385 909 ὅπερ
1407 875 1455 901 καὶ
1478 874 1607 909 Περικλεῖ
1630 874 1782 909 πρότερον,
1806 874 1844 900 ὅτ’

1048 922 1211 957 ἐστρατήγει
1226 921 1276 956 τῆς
1288 920 1402 952 πόλεως.
1415 920 1500 947 Τοῦτο
1513 921 1543 947 δέ
1555 921 1614 946 ἐστι
1625 920 1726 955 τρόπος
1737 920 1843 951 ἄδολος.

1048 968 1080 994 El
1107 967 1136 994 δὲ
1158 967 1254 994 τοῦτον
1275 967 1340 998 ἴδοις
1358 966 1525 994 δικαστικῶν
1547 966 1649 1001 θρόνων
1673 966 1845 1001 εἰργόμενον,

1049 1011 1180 1044 στέναξον
1195 1012 1240 1038 τὸν
1251 1011 1344 1047 νόμον,
1357 1012 1399 1039 ὅτι
1414 1012 1528 1047 χρυσίου
1540 1011 1690 1046 νενίκηται.
1703 1011 1846 1046 Συνακμά-

1049 1066 1099 1089 σας
1112 1059 1167 1093 γὰρ
1184 1058 1218 1092 τῇ
1234 1057 1367 1092 βασιλέως
1382 1056 1469 1089 πόλει,
1485 1057 1551 1093 περὶ
1565 1058 1599 1093 ἧν
1613 1057 1648 1084 τά
1671 1057 1779 1092 μεγάλα
1799 1065 1847 1083 πε-

1048 1104 1118 1139 λάγη
1146 1102 1280 1138 σχίζεται,
1297 1103 1345 1129 καὶ
1365 1103 1416 1138 τὴν
1433 1102 1518 1138 αὐτὴν
1539 1103 1631 1138 ἐκείνη
1652 1103 1773 1138 κρηπῖδα
1796 1103 1847 1138 τῆς

1049 1149 1147 1177 ἑαυτοῦ
1157 1149 1237 1184 δόξης
1253 1149 1402 1184 βαλόμενος
1413 1148 1447 1180 ⁸“,
1465 1148 1517 1181 ἕως
1544 1149 1593 1184 μὲν
1619 1150 1649 1176 ἐν
1676 1149 1847 1184 σπαργάνοις

1049 1194 1090 1220 ἐτι
1104 1194 1134 1221 τὸ
1147 1193 1227 1228 σῶμα
1239 1193 1290 1227 τῆς
1307 1193 1412 1224 πόλεως
1428 1193 1587 1226 ἐπλάττετο,
1601 1193 1699 1229 ἐτέρας
1713 1195 1802 1229 ἀρχὰς
1814 1195 1847 1220 ἐκ

1049 1240 1182 1275 βασιλέως
1208 1239 1389 1273 κατηύθυνεν,
1416 1240 1477 1266 ἐπεὶ
1502 1239 1531 1266 δὲ
1559 1240 1612 1266 ἔδει
1637 1241 1687 1276 τῆς
1714 1241 1848 1277 ἀκριϐοῦς

1049 1286 1141 1322 χειρὸς
1169 1286 1296 1320 καθάπερ
1327 1285 1355 1311 ἐν
1373 1285 1469 1317 τύποις
1494 1285 1662 1321 ἀγάλματος,
1688 1287 1733 1312 ἐπ’
1761 1287 1850 1322 αὐτὴν

1049 1333 1200 1364 ἐπάνεισιν,
1218 1332 1261 1359 ἵνα
1278 1331 1359 1363 αὐτός
1374 1339 1405 1357 τε
1422 1331 1494 1367 ἀρχὴ
1516 1332 1564 1358 καὶ
1580 1332 1659 1364 τέλος
1681 1332 1788 1366 γένοιτο
1807 1333 1849 1369 τῷ

1050 1379 1132 1406 παντὶ
1146 1379 1242 1414 κόσμῳ
1262 1379 1312 1414 τῆς
1329 1379 1446 1410 πόλεως.
1468 1378 1564 1410 Πόλεις
1587 1379 1778 1414 ἐγειρομένας,
1801 1379 1851 1414 δή-

1052 1434 1119 1460 μους
1141 1425 1329 1460 ὰκμάζοντας,
1353 1424 1517 1460 Ταρτησσοῦ
1536 1425 1560 1441 ‘°
1584 1424 1652 1460 βίον,
1683 1425 1851 1460 Ἀμαλθείας

1051 1470 1146 1505 κέρας,
1161 1471 1216 1497 πᾶν
1230 1471 1292 1497 ὅσον
1305 1470 1479 1506 εὐδαιμονίας
1497 1471 1655 1506 κεφάλαιον,
1684 1471 1768 1498 Ἀλλὰ
1783 1471 1852 1508 [600

1051 1516 1099 1551 1].]
1121 1516 1164 1548 τίς
1185 1517 1235 1549 τῆς
1255 1517 1320 1552 περὶ
1339 1517 1385 1544 τὸν
1415 1517 1557 1544 νεανίσκον
1575 1518 1597 1534 ’ί
1618 1518 1736 1553 σπουδῆς
1753 1518 1850 1551 uitta;

1052 1562 1080 1588 Ψ
1081 1562 1132 1598 υχὴ
1147 1563 1233 1593 πᾶσα,
1249 1562 1312 1597 ἄρτι
1324 1563 1465 1598 σχισθεῖσα
1477 1563 1529 1597 τῆς
1542 1563 1598 1590 ἄνω
1607 1563 1721 1598 λήξεως,
1735 1563 1852 1590 ἔναυλον

1051 1607 1091 1634 ἑτι
1109 1608 1186 1643 φέρει
1205 1610 1255 1642 τὴν
1273 1608 1338 1634 θέαν
1355 1608 1410 1635 τῶν
1425 1609 1594 1643 ἀγαλμάτων
1613 1609 1737 1642 ἐκείνων,
1754 1609 1773 1636 ἆ
1786 1610 1852 1636 τότε

1051 1650 1131 1683 εἶδεν,
1147 1654 1192 1679 ὅτε
1218 1653 1366 1688 εὐδαίμονα
1388 1654 1500 1690 χορείαν
1525 1655 1575 1681 σὺν
1596 1654 1666 1681 θεῶν
1691 1655 1798 1690 δίφροις
1827 1657 1851 1671 ’ί

1051 1699 1189 1735 ἐχόρευεν.
1212 1700 1296 1726 Ὅταν
1324 1698 1370 1727 οὖν
1396 1701 1440 1736 ἴδῃ
1461 1701 1509 1728 καὶ
1531 1701 1596 1737 τῇδε
1617 1701 1726 1735 κάλλος,
1750 1701 1766 1728 ὃ
1785 1701 1852 1728 τότε

1051 1744 1212 1780 πλάσματος
1234 1746 1299 1773 ἄνευ
1317 1746 1472 1782 ἱστόρησεν,
1490 1747 1555 1773 εῐσω
1573 1747 1663 1783 ψυχῆς
1685 1747 1762 1780 θείας
1778 1756 1852 1783 κρυ-

1052 1791 1201 1824 πτόμενον,
1223 1793 1335 1828 σπαργᾷ
1355 1801 1384 1819 τε
1402 1793 1449 1819 καὶ
1466 1793 1559 1828 χαίρει
1570 1795 1605 1828 τῇ
1620 1793 1679 1829 θέᾳ,
1694 1793 1743 1820 καὶ
1754 1793 1854 1828 συμϐι-

1053 1836 1146 1868 ϐάζειν
1155 1837 1257 1872 ἑαυτὴν
1267 1838 1335 1873 πρὸς
1347 1838 1394 1865 τὸν
1408 1839 1468 1865 ἐκεῖ
1481 1839 1565 1866 τόπον
1578 1839 1729 1873 ἐπείγεται,
1741 1839 1806 1875 δόξῃ
1821 1848 1853 1866 τε

1052 1883 1100 1910 καὶ
1129 1883 1270 1919 ἐπιστήμῃ
1291 1884 1457 1919 κουφίσασα.
1485 1885 1612 1912 Τοιοῦτόν
1635 1893 1662 1912 τι
1689 1885 1776 1917 πάθος
1801 1887 1853 1914 καὶ

1053 1928 1135 1960 αὐτὸς
1169 1929 1233 1964 περὶ
1248 1930 1293 1956 τδν
1307 1930 1366 1956 νέον
1382 1930 1493 1959 ἔπαθον.
1510 1932 1644 1967 Καθάπερ
1660 1932 1714 1967 γὰρ
1733 1933 1763 1958 ἐν
1781 1941 1852 1960 κατ-

1051 1974 1145 2010 όπτρῳ
1156 1976 1187 2010 τῇ
1202 1974 1279 2002 τοῦδε
1293 1976 1365 2012 ψυχῇ
1380 1976 1489 2004 εἴδωλόν
1502 1986 1528 2004 τι
1540 1978 1591 2012 τῆς
1605 1978 1722 2013 ἐμαντοῦ
1734 1978 1852 2015 γνώμης

1054 2018 1116 2046 ίδὼν
1135 2021 1298 2056 φαινόμενον
1314 2021 1402 2057 ἥσθην
1417 2031 1448 2049 τε
1462 2023 1548 2058 αὐτῷ,
1561 2023 1609 2050 καὶ
1625 2024 1669 2050 διὰ
1685 2024 1767 2051 τοῦτο
1783 2026 1851 2052 and.

1053 2065 1134 2101 θησα,
1151 2066 1197 2093 καὶ
1222 2067 1347 2103 καθάπερ
1364 2068 1443 2095 ἄλλον
1458 2069 1576 2104 ἐμαυτὸν
1592 2070 1642 2105 τὴν
1661 2070 1740 2097 τοῦδε
1759 2072 1851 2106 ψυχὴν

1053 2109 1220 2146 [ὲξεζήτησα
1232 2111 1255 2128 ⁸³
1267 2111 1297 2148 ἢ]
1309 2112 1460 2148 ἐξήσκησα.
1478 2113 1570 2145 Δεινδς
1583 2114 1633 2149 μὲν
1658 2113 1705 2142 οὖν
1719 2115 1768 2142 καὶ
1782 2117 1850 2151 μνή-

1057 2166 1096 2193 μῃ
1112 2156 1229 2192 φυλάξαι
1249 2159 1314 2190 πᾶν,
1339 2158 1408 2194 ὅπερ
1437 2158 1471 2186 ἂν
1487 2159 1534 2194 ὑφ’
1564 2159 1679 2195 ἡγεμόνι
1708 2161 1848 2197 πονήσειε.

1052 2203 1197 2238 Φιλόσοφος
1214 2203 1263 2238 μὲν
1286 2203 1336 2239 τὴν
1349 2204 1486 2240 ,γνώμην,
1504 2205 1567 2236 τοὺς
1592 2205 1622 2231 δὲ
1634 2205 1730 2240 λόγους
1743 2207 1775 2233 οὺ
1787 2207 1850 2233 τού-

1052 2257 1115 2281 τους
1129 2250 1221 2285 μόνον,
1237 2249 1305 2276 ἀλλὰ
1316 2250 1364 2277 καὶ
1382 2251 1437 2278 πᾶν
1449 2251 1463 2278 ὅ
1473 2259 1500 2278 τι
1521 2251 1612 2286 βούλει
1630 2251 1686 2278 τῶν
1707 2252 1758 2279 ὅσα
1773 2253 1850 2280 Μου-

1054 2294 1109 2321 σῶν
1124 2303 1155 2321 τε
1179 2297 1226 2322 καὶ
1245 2296 1414 2329 ’Λπόλλωνος
1431 2297 1564 2332 λειμῶνες
1580 2297 1708 2334 βρύουσιν
1721 2307 1729 2315 ~
1748 2299 1797 2334 ἀφ’
1811 2297 1849 2326 ὧν

1051 2339 1223 2376 δρεψάμενος
1235 2342 1346 2377 ἀπάσης
1357 2343 1484 2374 παιδείας
1495 2343 1591 2375 λωτὸν,
1607 2341 1663 2370 οἷόν
1674 2353 1736 2371 τινα
1749 2346 1849 2379 πέφα-

1053 2392 1098 2411 νον
1116 2385 1210 2420 ὴρινὸν
1229 2386 1280 2421 τὴν
1298 2387 1395 2413 ἐαυτοῦ
1413 2387 1502 2422 ψυχὴν
1523 2388 1720 2424 ἀπείργασται.
1743 2389 1778 2416 Et
1799 2390 1849 2424 μὲν

1053 2428 1109 2465 γὰρ
1124 2429 1213 2464 λέγειν
1223 2431 1357 2466 δεήσειεν,
1373 2432 1465 2459 οὐκέτ’
1480 2432 1514 2459 ἂν
1527 2432 1660 2469 ζητήσαις
1679 2435 1733 2469 ὂτῳ
1743 2434 1767 2450 ’⁵
1783 2436 1849 2466 mi;

1054 2476 1097 2510 εῐη
1112 2477 1159 2502 καὶ
1172 2477 1226 2511 ὅτῳ
1237 2477 1376 2513 προσῆκεν
1390 2486 1398 2494 ’
1415 2477 1487 2505 οὕτω
1503 2479 1594 2515 πάσης
1609 2480 1721 2515 Γραφῆς
1734 2480 1849 2515 ἀκριϐέ-

1056 2529 1151 2557 στερον
1159 2522 1208 2558 τὴν
1217 2523 1311 2551 είκόνα
1321 2524 1370 2552 τοῦ
1386 2525 1576 2562 καθηγεμόνος
1590 2527 1754 2562 μεμίμηται.
1764 2526 1849 2560 Ἄγα-

886 2574 1003 2603 νΑΒΙιλΕ
1033 2575 1238 2608 LECTIONES.

250 2634 273 2649 "
291 2633 391 2668 ἄγοντα
403 2635 434 2661 Α.
504 2633 528 2650 ⁸⁸
543 2633 619 2667 ξένον
646 2632 788 2660 Reiskius:
805 2632 891 2665 ξένιον
909 2641 939 2665 ς.

1002 2633 1024 2651 ⁸⁷
1037 2634 1161 2661 Κλεινίου

1163 2637 1365 2675 ]_rnalim»'ro§
1393 2639 1530 2675 Κλεινίου.
1555 2640 1592 2668 cf.
1607 2647 1634 2675 p.
1666 2639 1699 2667 Β.
1723 2639 1801 2671 1157,
1817 2639 1844 2667 9.

211 2669 235 2712 ξ’*
244 2670 294 2712 οὐκ
316 2677 377 2712 om;
387 2670 418 2697 Α.
440 2669 482 2712 ’ξ’-
492 2669 669 2712 βαλλόμενοςν
678 2670 732 2712 At}.
803 2668 942 2712 gap-tneo}
1028 2669 1111 2712 κέρας
1123 2668 1274 2712 άμᾶλοείας
1291 2673 1321 2700 Β.
1359 2674 1381 2690 ⁹¹
1397 2674 1451 2702 τῶν
1465 2668 1614 2702 νεανίσκων
1631 2675 1663 2703 C.
1693 2675 1715 2691 "
1727 2668 1847 2712 δίφροις]

209 2704 346 2740 διαφόροις
358 2706 388 2732 C.
440 2705 463 2721 "
475 2703 624 2739 ἐξήσκησα]
641 2703 788 2736 ἐξεκάκισα
801 2703 833 2731 C.

883 2702 905 2722 ⁸⁵
917 2702 1045 2739 ζητῆσαι]
1059 2702 1121 2732 ὅτου
1136 2702 1170 2733 Ᾱ.

966 2760 1086 2791 NOTAE.

966 2761 989 2788 N
1016 2761 1060 2788 ΤΑ

249 2808 304 2844 μθ)
324 2807 401 2837 Plato
424 2808 450 2835 in
476 2807 599 2844 Plut-dra,
614 2808 656 2836 vel
673 2808 794 2843 Sympor.
814 2808 913 2837 Alcial.
930 2761 1060 2836 Εηιθῖιηι.

248 2841 305 2879 (41)
320 2844 498 2872 Philostratus
512 2848 539 2872 et
553 2843 697 2878 Gym-idus.
