1919 3096
68 146 134 179 135⁵1
600 146 826 177 BIBLIOTHEC

937 145 1003 175 20D.
1024 145 1177 176 CCXLIII.
1628 147 1695 180 1358

65 203 107 235 to;
122 203 171 238 μὲν
183 204 432 239 συμπαραστάτης.
451 203 477 230 εῐ
492 211 543 230 που
560 202 615 230 δέοι
629 203 669 239 τῷ
681 202 823 237 καθηγεμό

943 205 1017 236 gunt,
1027 200 1148 229 fraudem
1167 201 1238 230 illius
1249 206 1329 230 male
1344 202 1570 238 1nvenili369a
1588 203 1701 231 demon-

65 249 304 283 ιςυναγωνίζεσθαι,
322 250 422 284 ἀγαθὸς
439 249 468 276 δὲ
482 250 530 277 καὶ
552 248 784 285 αὐτοπροσώπως.
807 249 823 273 Δ

943 250 1039 273 antes.
1054 245 1077 274 Ο
1090 247 1136 282 qui
1151 251 1254 274 tantum
1267 247 1356 282 lingua
1371 247 1456 280 vales,
1475 252 1607 283 quantum
1622 249 1701 276 audio

64 296 145 326 mito;
166 295 220 330 ἄρα
242 296 266 322 οἱ
282 296 407 332 ποιηταὶ,
427 295 475 322 καὶ
498 295 557 330 μετ’
578 295 667 321 αὐτῶν
688 294 804 329 γραφεῖς

942 299 1017 319 neam
1035 292 1195 320 Thessalum
1212 293 1280 328 (48),
1295 294 1341 328 qui
1355 301 1417 320 cum
1437 301 1501 329 rege
1516 293 1623 329 Pyrrho
1640 303 1700 320 om-

63 341 106 367 καὶ
124 341 253 374 πλάσται,
280 342 402 377 Ἔρωτος
431 342 521 377 γῆρας
545 341 768 376 ἀποσυλήσαντες
793 339 821 366 νέ

944 347 969 366 m
993 343 1094 366 terram
1115 344 1143 367 et
1168 347 1242 366 mare
1263 347 1389 368 enitensns
1409 348 1463 367 non
1485 341 1630 371 machinis,
1654 340 1701 367 sed

59 386 165 413 ποιοῦσι
179 386 225 413 τὸν
235 386 301 414 Θεὸν
317 387 412 414 τοῦτον
426 388 473 414 καἺι¹
483 387 596 422 ἔφηϐον,
612 387 647 413 τὰ
660 387 710 421 τῆς
724 386 817 414 ἀπιστί

942 385 1031 413 atione
1045 387 1125 413 urbes
1138 387 1230 414 evicit.
1246 385 1306 413 Non
1321 386 1392 413 enim
1418 387 1462 413 ille
1478 386 1557 420 hujus
1573 387 1700 421 magister

58 432 140 458 αὑτοῦ
162 432 201 467 τῷ
224 432 315 468 νεαρῷ
331 433 354 449 ’⁵
371 433 421 468 τῆς
437 433 546 468 ἡλικίας
571 432 750 467 ἐμφαίνοντες
769 433 802 460 ⁸⁸.

943 439 954 457 Γ
969 436 1085 464 νεειγοε,
1103 439 1121 459 0
1132 439 1284 464 sermones,
1299 440 1417 465 amores,
1435 437 1546 467 propter
1560 440 1628 466 quos
1650 440 1701 467 ego

57 477 183 505 τοσοῦτον
202 479 317 513 ἰσχύσας
334 480 391 510 τοῖς
405 479 505 513 λόγοις,
521 479 584 505 ὅσον
598 479 645 505 καὶ
661 479 710 504 τὸν
719 478 815 505 Θετταί

941 481 997 504 alas
1010 481 1136 511 paternas
1157 477 1290 511 abjiciens
1301 485 1377 512 opes,
1386 478 1464 512 juxta
1495 482 1616 505 secretas
1630 477 1699 506 llissi

58 522 148 549 ἀκούω
164 523 267 550 Κινέαν
280 522 366 556 ’⁷,’ὃ;
381 523 430 550 σὺν
448 523 555 558 βασιλεῖ
573 523 675 559 Πύρρῳ
696 523 748 558 γῆν
768 523 816 549 ἐπι

940 532 977 551 ias
1007 525 1138 552 habitavi.
1171 525 1327 553 Alexander
1352 526 1436 554 totius
1462 527 1553 554 mundi
1581 527 1698 560 partium

57 567 147 593 πᾶσαν
163 568 211 593 καὶΙ
230 567 369 594 θάλασσαν
383 568 437 604 πρὸ
450 568 505 594 τῶν
522 568 727 603 μηχανημάτων
737 569 794 600 τοῖς
810 568 815 594 ἰ

941 570 1015 603 ψιεὶε
1030 570 1142 604 potitus.
1152 570 1221 597 'l‘um
1234 571 1308 597 enim
1325 578 1341 598 e
1355 570 1468 598 meridie
1483 569 1595 597 conﬂuit
1607 574 1699 601 aestas,

57 621 112 646 γοις
125 612 176 643 τὰς
190 612 283 643 πόλεις
300 613 414 640 ἔκλινεν.
427 614 464 640 Οὐ
481 614 538 649 γὰρ
548 614 628 645 αὑτός
649 622 680 648 γε
700 613 796 640 τούτου
814 627 815 635 ι

944 623 1003 642 rora
1029 616 1136 650 mitigat
1158 616 1252 649 solem,
1271 621 1298 644 et
1320 617 1409 644 elatos
1435 617 1460 643 in
1478 624 1587 651 proram
1603 615 1699 642 ﬂuctus

56 658 234 690 δάσκαλος,οὑ
245 659 283 693 μὰ
296 660 359 690 τοὺς
374 659 536 694 ὑμετέρους,
553 657 576 686 ὧ
589 659 675 693 λόγοι,
692 659 803 692 πόθους,

393 659 536 694 μετέρους,
553 657 576 686 ὧ
589 659 675 693 λόγοι,
692 659 803 692 πόθους,
818 659 852 686 δι’
907 660 1004 688 dividit
1015 661 1149 697 Zephyro.

56 705 98 736 οὓς
112 705 171 739 ἐγὼ
186 705 320 740 πατρικὸν
331 705 410 732 όλὸον
427 706 509 742 ῥίψας
523 706 671 741 εὐδαίμονα
686 707 752 741 παρ’
785 706 899 733 Ἰλισσοῦ
917 707 940 723 ⁸⁸
974 709 1120 743 μυστικαῖς
1147 709 1243 744 ὄχθαις
1284 708 1449 744 ὲσκήνημαι.
1473 707 1648 743 Ἀλέξανδρος
1683 707 1699 733 ὁ

55 753 106 783 τοῖς
119 751 265 786 τροπαίοις
286 751 361 786 ὅροις
378 751 427 785 τῆς
444 752 508 787 ὅλης
523 753 546 768 ⁸³
561 751 747 787 χρησάμενος.
764 751 801 777 Τό
817 759 847 777 τε
868 751 922 787 γὰρ
939 753 988 787 τῆς
1006 753 1182 788 μεσημϐρίας
1197 754 1313 789 ὑπορρεῖ
1327 754 1398 787 ζέον,
1417 753 1490 789 αὖρα
1520 761 1550 780 τε
1582 753 1700 788 πραΰνει

55 798 95 824 τὸν
109 797 205 832 ἥλιον,
225 797 273 822 καὶ
287 797 378 831 σχίσαι
395 797 509 831 Ζεφύρῳ
523 797 698 832 πορφύροντα
714 796 778 830 περὶ
794 796 843 831 τὴν
862 796 975 833 πρῶραν
987 799 1022 824 τὰ
1034 798 1153 833 κύματα.

55 842 137 879 [1121
210 841 239 881 ]_
251 841 303 881 Ἐκ
312 841 378 881 Iit:
396 842 567 881 ξηρὸς-τοὺς
580 842 723 881 ἑταίρους.
737 849 813 868 συντ

936 842 978 870 Ea:
1004 846 1122 872 oratione
1141 845 1177 872 ad
1195 844 1287 881 Sogios
1304 846 1367 872 dum
1385 847 1435 873 ire!
1449 845 1614 872 Corinthum.
1626 860 1661 865 —

84 876 273 911 unm-19,15“
290 876 372 911 ἐξῄει
390 877 441 903 ἐπὶ
460 878 615 911 Κόρινθον.
634 891 671 896 -
692 877 727 903 Τὸ
745 877 842 911 προοί-

642 891 671 896 -
692 877 727 903 Τὸ
745 877 848 911 προοί-
1228 879 1400 907 Prooemium.

105 920 164 939 ιον.

105 922 164 939 ιον.

82 922 116 982 gi
140 955 228 982 πάλαι
251 955 300 990 τὴν
323 954 409 991 λύραν
424 955 587 990 κάμνοντες,
604 954 632 981 εἴ
649 963 714 981 ποτε
730 955 782 989 γῆν
799 955 835 980 ἐπ

938 957 1047 986 Veteres
1063 958 1149 994 lyram
1161 957 1336 990 fabricantes,
1351 958 1372 984 si
1385 958 1526 993 quandoin
1541 958 1621 985 aliam
1641 963 1696 986 ler—

55 1003 131 1037 ἄλλην
141 1002 286 1034 ἔσπευδον,
294 1001 344 1027 οὐκ
355 1001 493 1036 ἄφθογγον
503 1001 552 1036 τὴν
563 1000 649 1035 ἁποδη
655 999 813 1034 μίαν,έποίοι

936 1012 955 1030 :u
985 1010 1169 1038 properarent,
1200 1004 1446 1039 peregrinationem
1474 1011 1527 1031 non
1553 1009 1694 1031 vacantem

55 1049 106 1075 ἀλλ’
125 1049 183 1084 ᾠδῇ
203 1048 250 1075 καὶ
273 1047 350 1083 μέλει
370 1047 417 1074 τὸν
436 1047 515 1082 χορὸν
537 1046 582 1074 τὸν
598 1046 703 1072 ἑαυτῶν
718 1046 813 1082 ἁπησπ

936 1049 1000 1076 ιείιτλ
1021 1049 1166 1082 faciebant,
1195 1040 1244 1076 seu
1273 1055 1366 1082 cantu,
1384 1054 1411 1077 et
1442 1050 1563 1077 carmine
1581 1050 1694 1078 chorum

55 1096 138 1126 ζοντο.

899 1103 980 1123 suum
997 1096 1179 1123 retinuerunt.

109 1142 159 1168 Ἐκ
180 1139 239 1177 τῷν
258 1139 444 1177 ὺπολοίαζων,
463 1138 621 1177 διαφόρων.
633 1138 728 1164 ὄντων
746 1137 795 1165 καὶ

919 1140 957 1168 Ex:
971 1142 1136 1168 orationibus
1155 1141 1264 1177 reliquis
1287 1141 1397 1169 diuersi:
1414 1142 1577 1169 diversorum
1594 1148 1677 1176 argu-

195 1175 357 1209 διαφόρους
376 1174 509 1208 ἐχόντων
528 1173 700 1205 ὑποθέσεις.

646 1181 700 1205 εις.
1211 1173 1216 1177 ”
1247 1183 1404 1204 memorum.

85 1221 146 1258 [601
168 1220 217 1257 PL]
240 1221 294 1251 Τὰς
313 1220 445 1254 βασιλέως
471 1219 556 1250 αὐλὰς
572 1218 620 1245 καὶ
636 1218 741 1253 χρυσῆν
762 1218 843 1254 τύχην

936 1219 951 1248 ἶ)
963 1221 1051 1248 aulam
1067 1221 1182 1256 regiam,
1201 1226 1230 1249 et
1243 1222 1378 1249 fortunam
1397 1223 1454 1250 auri
1470 1222 1583 1249 alatam!
1596 1221 1654 1248 Non
1670 1221 1694 1248 vl

55 1268 219 1303 ὑπόπτερον.
234 1267 271 1293 Οὐ
290 1266 345 1301 γὰρ
359 1265 502 1301 ἀφῃρέθης
518 1265 569 1299 τὴν
585 1264 683 1300 ἀρχὴν,
702 1264 759 1291 ἀλλ’
776 1265 813 1290 ἐκι

936 1273 1013 1301 regno
1028 1267 1130 1301 ejcctns
1146 1275 1186 1300 es,
1207 1268 1252 1294 scd
1269 1268 1383 1295 libenter
1394 1268 1530 1300 excidisti,
1547 1275 1599 1295 non
1613 1274 1694 1295 secus

56 1313 179 1348 ἔρριψας,
189 1311 284 1346 ὥσπερ
295 1319 338 1342 τις
354 1310 514 1345 ὑπερόπτης
534 1310 605 1336 κατὰ
620 1310 754 1337 παιδικῶν
766 1310 774 1326 ι
784 1318 814 1344 τρ

938 1320 980 1339 am
989 1312 1012 1339 si
1022 1313 1221 1347 superbusquis
1230 1314 1255 1340 in
1266 1314 1416 1348 puerilibus
1426 1313 1588 1348 voluptatein
1598 1320 1696 1348 capere

55 1359 135 1394 φῆσαι
150 1357 313 1394 βουλόμενος
333 1356 381 1392 τήν
396 1357 499 1392 χρυσῆν
515 1357 604 1392 κόμην
616 1357 701 1392 ρὁων
723 1356 813 1390 στεφά·

940 1359 1083 1386 uenderet.
1098 1359 1216 1385 Auream
1238 1360 1376 1386 caesariem
1401 1359 1562 1394 permulasti
1582 1359 1696 1386 rubente

57 1405 239 1441 πορφύροντιί
263 1404 343 1430 Ἀλλὰ
360 1404 402 1434 τίς
423 1403 528 1430 τούτων
552 1406 568 1438 η
581 1404 677 1438 χάρις;
694 1402 769 1438 Φυγὴ
798 1411 815 1429 κ

940 1411 998 1430 -οηιι
1015 1411 1151 1431 rosarum.
1170 1403 1223 1431 Sed
1244 1412 1368 1439 quaenam
1391 1405 1485 1432 horum
1501 1405 1587 1438 gratia
1604 1407 1698 1438 repen'

56 1451 172 1486 δρασμὶς
187 1451 233 1477 καὶ
246 1449 382 1484 τοσαύτης
405 1449 498 1484 φιλίας
513 1449 637 1485 ἄρνησις.
648 1449 777 1484 Ἐνίκησα
798 1457 814 1484 μ

940 1457 972 1476 ur
990 1449 1052 1482 fuga
1068 1454 1095 1477 et
1110 1457 1226 1482 cursus,
1242 1455 1269 1478 et
1286 1455 1366 1478 tanta:
1381 1450 1508 1478 amicitia:
1522 1449 1696 1477 renuntiatio.

56 1497 102 1523 ὑπὸ
120 1498 162 1524 σοὶ
182 1497 262 1532 κριτῇ
279 1496 351 1522 κατὰ
365 1495 414 1530 τὴν
438 1495 548 1530 θερινὴν
566 1495 641 1530 ὥραν
660 1495 707 1521 τὸν
724 1494 814 1528 τέττιγ

939 1496 971 1528 ci,
990 1501 1016 1523 te
1029 1496 1132 1530 judice,
1151 1497 1254 1534 aestatis
1283 1501 1403 1531 tempore
1424 1496 1556 1529 cicadam,
1578 1495 1697 1523 minatus

56 1542 190 1577 ἠπείλησα
207 1542 235 1568 δὲ
251 1541 297 1568 καὶ
313 1542 373 1572 ταῖς
390 1541 484 1576 ἀηδόσι
501 1541 561 1572 ταῖς
578 1540 723 1571 Ἀττικαῖς,
742 1539 770 1565 εἴ
783 1548 814 1566 πη

940 1547 982 1566 am
994 1548 1053 1567 sum
1068 1540 1223 1573 philomclis
1238 1541 1347 1572 Atticis,
1363 1540 1386 1568 si
1409 1541 1518 1576 quando
1533 1540 1598 1567 mihi
1613 1540 1696 1567 etiam

58 1588 161 1622 μοικαὶ
179 1587 302 1614 Ἀττικὸν
318 1586 420 1622 πήξαιο
437 1586 562 1622 θέατρον,
581 1585 666 1620 μῦθον
689 1584 775 1616 ὅντως
798 1593 814 1611 τ

939 1585 1019 1612 ticum
1037 1586 1174 1613 theatrum
1196 1586 1336 1618 statueris.
1360 1593 1403 1613 me
1424 1586 1537 1613 omnino
1557 1586 1608 1613 hac
1632 1593 1697 1613 voce

57 1634 165 1660 ἐκείνων
181 1633 304 1668 γλώττας
319 1634 378 1663 ταῖς
391 1632 437 1658 ἐπὶ
451 1632 493 1658 σοὶ
509 1632 611 1666 φωναῖς
625 1629 815 1665 ἀπεργάσασθι

939 1634 1058 1656 ecturunl
1075 1637 1160 1664 penes
1176 1635 1212 1662 te,
1229 1636 1255 1657 nl
1270 1639 1363 1658 eorum
1387 1631 1486 1666 lingua:
1503 1632 1589 1658 instar
1600 1630 1697 1657 fabula:

56 1676 88 1704 Ὠ
113 1679 160 1705 καὶ
186 1677 255 1704 τοῦ¹
272 1677 371 1704 σαυτοῦ
394 1677 491 1712 γένους
515 1677 594 1712 ὄμμα
618 1676 785 1711 φανότατον,
799 1683 814 1701 κ

944 1680 964 1703 ι.
992 1675 1015 1703 0
1031 1676 1068 1703 tui
1095 1677 1249 1704 stemmatis
1275 1677 1364 1704 lumen
1390 1677 1589 1710 clarissimum,
1617 1677 1697 1710 idque

57 1723 148 1749 tittth
163 1722 203 1757 τῷ
217 1723 290 1756 γένει
307 1723 463 1758 γενόμενος,
483 1723 552 1757 ὅπερ
567 1723 614 1749 καὶ
630 1722 671 1748 σοὶ
687 1722 815 1753 πολλάκις

938 1729 970 1756 pe
982 1723 1073 1756 generi
1088 1728 1133 1750 tuo
1146 1723 1284 1755 exstitisti,
1302 1723 1372 1758 quod
1390 1724 1489 1758 sacpius
1503 1730 1569 1750 avus
1583 1723 1629 1750 tibi
1646 1721 1696 1749 sol.

57 1769 204 1803 προπάτωρ
217 1767 304 1802 ἥλιος.
322 1768 377 1802 Τῆς
392 1768 447 1803 γὰρ
462 1767 608 1802 συνωρίδος
628 1767 730 1801 ταύτης
749 1767 781 1801 δὴ
798 1775 812 1793 τ

939 1765 1007 1792 enim
1024 1771 1058 1792 ex
1089 1765 1140 1792 hac
1162 1765 1276 1800 pulchra
1299 1766 1498 1800 conjunctione,
1524 1767 1568 1793 hic
1587 1766 1697 1801 quidem

57 1811 137 1847 καλῆς
151 1813 166 1838 ό
185 1813 235 1846 μὲν
251 1812 450 1846 καταυγάζοντι
462 1813 525 1843 τοὺς
539 1811 673 1847 μεγάλους
687 1811 815 1846 θρόνους(

939 1810 1010 1838 iores
1024 1810 1267 1844 sedesillustrauti,
1284 1812 1362 1846 quasi
1376 1813 1526 1839 matutinus
1544 1813 1644 1847 aliquis
1657 1814 1697 1841 lu-

57 1865 94 1888 τις
107 1858 248 1892 ἑωσφόρος
265 1858 428 1893 συνανέσχεν
448 1857 569 1893 ὄρθριος,
583 1858 644 1888 ταῖς
657 1857 740 1883 αὐτοῦ
756 1857 815 1892 βολα

937 1858 966 1883 ετ
979 1859 1162 1890 consurrexit,
1183 1858 1239 1885 suis
1255 1859 1508 1892 repercussionibus
1528 1859 1617 1886 radios
1631 1867 1695 1887 suos

57 1903 101 1934 τὰς
124 1904 176 1934 σὰς
192 1903 304 1934 ἀκτῖνας
329 1904 517 1939 μιμούμενος·
545 1904 560 1930 ὸ
575 1904 613 1936 δὲ,
633 1904 683 1939 τῆς
701 1904 756 1930 τῶν
778 1903 815 1930 νέι

940 1902 1031 1930 itatus.
1049 1902 1095 1930 ille
1106 1909 1171 1930 vero
1181 1903 1312 1938 juvenum
1320 1908 1421 1932 ctetum
1432 1904 1583 1936 illustrans.
1595 1911 1624 1932 ut
1643 1910 1698 1932 tan‘

58 1950 154 1985 ἀγέλης
179 1950 330 1985 ὲκλάμπων
353 1950 480 1986 καθάπερ
503 1959 545 1982 τις
569 1951 669 1984 ταῦρος
691 1950 816 1985 ὰγελάρχ·

938 1955 946 1975 t
972 1948 1071 1983 aliquis
1098 1949 1206 1981 ductor,
1237 1950 1353 1977 armenti
1378 1951 1513 1984 petulcus,
1537 1950 1655 1978 lasciviit
1670 1952 1696 1979 in

57 1997 204 2032 ἀγέρωχος,
219 1997 366 2033 ἐσκίρτησε
382 1997 431 2032 μὲν
448 1997 519 2024 κατὰ
535 1997 598 2029 τοὺς
614 1997 732 2024 Μουσῶν
743 1996 815 2031 λειμί

939 2001 1035 2021 isarum
1051 1995 1146 2029 pratis,
1163 2000 1192 2021 ut
1205 1995 1294 2030 pullus
1310 1995 1458 2029 lunaticns,
1477 2001 1506 2023 et
1516 1997 1628 2024 numine
1641 1998 1697 2032 plc-

55 2051 97 2073 νας
108 2043 206 2077 ὥσπερ
215 2052 256 2075 τις
269 2043 358 2074 πῶλος
373 2043 499 2078 ὑψαύχην
515 2043 563 2070 καὶ
577 2043 677 2075 ἔνθεος,
690 2042 813 2078 ὲμιμήσα

935 2048 959 2072 s,
984 2045 1012 2067 et
1028 2039 1200 2068 Homericum
1218 2041 1344 2075 juvenem
1373 2042 1495 2069 Thetidis
1523 2043 1693 2079 (Achilles)

54 2086 78 2113 δὲ
92 2089 139 2114 καὶ
155 2088 203 2114 τὸν
222 2089 373 2124 ὐμηρικδν
388 2089 531 2115 νεανίσκον
544 2088 590 2114 τὸν
600 2087 719 2120 Θέτιδος,
733 2088 780 2114 καὶ
793 2096 812 2122 μ

937 2094 993 2119 υηι,
1009 2091 1036 2113 et
1055 2087 1112 2114 haec
1125 2088 1217 2118 verba,
1229 2087 1318 2114 Bonus
1337 2094 1429 2115 orator
1448 2093 1574 2122 actorque
1588 2097 1692 2122 rerum,

55 2132 103 2159 θων
112 2133 213 2167 ρητὴρ
227 2134 339 2167 ἀγαθὸς
352 2133 399 2159 καὶ
414 2131 571 2167 πρηκτὴρ³
584 2132 680 2166 ἔργων
689 2132 813 2167 γενόμενε

937 2133 1020 2159 italus
1032 2138 1083 2160 est.
1100 2132 1127 2160 Si
1143 2133 1177 2160 ad
1187 2139 1230 2160 me
1243 2139 1382 2168 poetarum
1404 2134 1510 2162 licentia
1535 2135 1692 2169 pertineret,

55 2177 82 2204 El.
94 2179 121 2204 δέ
137 2187 185 2213 μοι
202 2178 249 2205 καὶ
264 2179 313 2213 τῆς
327 2178 447 2213 ποιητῶν
461 2178 584 2210 ἔξουσίας
601 2177 695 2212 μετῆν,
708 2177 796 2209 ἔδειξα
811 2191 813 2202 Α

933 2179 1074 2206 lendissem
1085 2180 1132 2206 tibi
1144 2184 1171 2206 et
1179 2179 1286 2207 llissum
1297 2181 1369 2208 hunc
1378 2180 1584 2216 lacrymantem,
1593 2181 1691 2217 36911

55 2230 91 2248 σοι
105 2224 152 2250 καὶ
170 2223 281 2250 Ἰλισσὸν
295 2223 389 2249 τοῦτον
406 2222 557 2257 δακρύοντα
567 2242 574 2254 ,
591 2222 697 2257 ἐχρωσα
715 2222 736 2247 δ’
747 2221 780 2248 ἂν
795 2229 812 2247 κ

928 2223 1073 2257 pinxissem
1099 2225 1171 2252 tristi
1187 2225 1278 2253 colore
1298 2226 1439 2261 pulchram
1454 2226 1620 2254 Callirrhoen
1636 2235 1686 2253 un-

54 2269 167 2302 κατηφεῖ
181 2267 306 2303 χρώματι
314 2268 350 2294 τὰ
360 2267 431 2294 καλὰ
447 2267 617 2303 Καλλιρρόης
633 2267 750 2302 νάματα.
767 2267 812 2301 Πέι

932 2278 962 2297 τι.
979 2270 1107 2297 Trivialis
1124 2270 1179 2298 Pan
1197 2277 1223 2299 te
1243 2278 1415 2299 evocatorem
1433 2272 1598 2305 animarum,
1612 2273 1690 2300 dulie

55 2319 95 2338 ποι
112 2313 162 2347 μέν
180 2321 210 2339 σε
234 2313 290 2339 Πὰν
308 2313 420 2345 ἐνόδιος,
439 2314 578 2347 πομπαῖον
591 2312 639 2338 καὶ
652 2312 738 2346 γλυκὺ
754 2312 813 2348 προι

936 2316 979 2343 ula
991 2324 1101 2344 carmen
1125 2325 1273 2352 personans
1289 2318 1447 2346 deduceret.
1464 2318 1556 2346 Venus
1569 2327 1649 2353 vero,
1664 2322 1691 2347 et

55 2358 123 2392 ηχῶν
139 2358 220 2393 μέλος
236 2360 269 2394 τῇ
286 2358 413 2393 σύριγγι⁴
436 2358 579 2394 Ἀφροδίτη
594 2358 622 2384 δὲ
637 2358 684 2384 καὶ
699 2358 724 2384 οἱ
737 2358 813 2384 ταύτι

931 2361 969 2394 ius
990 2362 1036 2389 lilii
1051 2362 1209 2398 Cupidines,
1229 2364 1355 2392 desiderii
1369 2365 1416 2392 tibi
1429 2364 1689 2401 miscentespotum,

56 2403 280 2439 παῖδεςἘρωτες,
293 2404 376 2430 πόθου
390 2404 517 2439 κρατῆρα
530 2404 708 2439 κεράσαντες,
728 2404 775 2430 σοῦ
790 2404 814 2430 τὶ

680 2412 708 2436 ης,
728 2404 775 2430 σοῦ
790 2404 840 2439 τῆς
894 2406 965 2433 viam
979 2411 1053 2434 tuam
1070 2408 1219 2436 honorifice
1232 2409 1438 2437 comitarentur.

54 2449 108 2475 ὁδοῦ
126 2449 361 2485 προπομπεύοιεν.

101 2495 350 2528 Προπεμπτηριου
368 2495 472 2530 λόγου.
490 2510 527 2516 -
542 2495 578 2522 Τὸ
596 2497 754 2530 Προοίμιον
763 2497 785 2523 δ.

980 2498 1022 2525 Ea:
1038 2499 1157 2526 oratione
1181 2501 1369 2535 propemptica.
1385 2515 1420 2521 —
1430 2500 1602 2529 Prommium.

92 2538 119 2564 ὐ
133 2539 181 2566 τοῦ
196 2540 256 2571 Διὸς
272 2542 336 2572 παῖς
353 2541 524 2577 Ἀλέξανδρος
536 2542 679 2576 (συνάπτει
693 2542 747 2578 γὰρ
759 2543 840 2570 αὐτον

929 2544 1081 2573 Alexander
1094 2545 1164 2573 [ilius
1183 2545 1257 2573 lovis
1269 2547 1417 2582 (comparat
1436 2548 1508 2575 enim
1525 2549 1598 2576 illum
1618 2549 1687 2576 coelo

55 2583 154 2620 οὐρανῷ
166 2586 214 2612 καὶ
224 2585 267 2613 Διὶ
280 2587 310 2613 τὸ
323 2587 391 2614 πολὺ
402 2587 480 2620 κλέος
494 2587 555 2614 καθ’
564 2587 708 2624 Ἕλληνας)
722 2590 762 2616 ὃτι
774 2589 813 2616 πλι

938 2589 998 2618 .lovi
1013 2597 1103 2618 rerum
1115 2596 1253 2626 gestarum
1262 2597 1357 2620 contra
1375 2592 1484 2621 Graecos
1501 2594 1609 2630 gloria),
1625 2603 1685 2622 cum

693 2670 808 2698 VARIA‘J
827 2671 1031 2699 LECTIONES.

59 2758 66 2774 ,
85 2725 262 2774 1333579}
277 2727 310 2774 (ξ.
347 2726 568 2774 ξᾋιξξίπίογξξςρίέ.
595 2728 838 2774 ,οίιιιξιηιῇιιγέανι
877 2731 898 2746 η
914 2729 998 2774 auges
1013 2729 1166 2774 Ar.ri"‘tﬁg
1176 2731 1240 2774 ὅλης
1255 2731 1285 2765 B,
1300 2732 1357 2763 τοῖς
1369 2731 1467 2760 ὅλωνο
1486 2740 1493 2760 ;
1508 2734 1563 2765 τοῖς
1576 2733 1640 2769 δλης
1652 2741 1685 2766 ς.

85 2761 153 2788 κατὰ
162 2761 217 2788 τῶν
231 2770 262 2789 π.
277 2771 308 2795 ς.
348 2763 358 2778 ³
371 2761 418 2789 τοῦ
431 2763 454 2790 Δ
467 2762 512 2789 ιτὸ
526 2769 556 2793 ς.
595 2763 605 2778 ³
619 2763 746 2800 πρακτὴρ
760 2773 791 2797 ς.
829 2765 839 2781 ⁵
851 2766 993 2801 προοίμιον
1008 2773 1093 2800 προπ.
1109 2761 1186 2800 λόξου
1208 2761 1241 2795 Ᾱξ

807 2811 924 2840 ΝΟΤᾸΞ.

90 2855 146 2892 (48)
175 2857 276 2886 Cineas
313 2858 466 2894 l‘llessalus,
496 2860 688 2889 Demosthenis
723 2861 840 2888 auditor.
863 2860 1000 2888 Plutarch.
1018 2860 1045 2887 in
1062 2857 1175 2896 Pyrrho.
