1919 3096
220 145 287 178 1359

793 143 926 174 ΡΗΟΤΙΙ
946 143 1199 174 PATRIARCH/E
1217 143 1273 175 CP.

1791 142 1862 175 2360

217 201 351 236 Europam
367 199 485 228 nominis
499 198 540 226 sui
561 197 630 226 fama
658 197 807 233 implesset,
822 198 848 225 in
873 200 966 225 Asiam
981 205 1011 225 se

1075 199 1154 230 uina;
1171 198 1220 233 τῆς
1237 196 1336 225 ἑαυτοῦ
1354 197 1434 233 δόξης
1459 198 1510 232 τὴν
1526 196 1664 233 Εὐρώπην
1685 198 1799 225 ἃπασαν
1813 201 1862 225 ἐπὶ

216 247 363 277 convertit,
390 245 574 272 continentem
599 243 654 271 suis
682 243 800 278 propriis
824 243 950 270 adnitens
965 249 1011 277 ge-

217 292 268 320 stis
288 290 463 325 conjungere.
494 288 630 316 Timothei
648 296 798 324 provocans
823 288 916 316 tibiam
932 289 1010 320 (nam

217 337 285 364 adeo
312 343 438 369 magnum
454 340 483 363 et
503 335 548 362 tali
566 342 628 370 rege
649 335 761 370 dignum
781 335 907 367 canebat)
923 338 953 360 ut
967 333 1011 360 illo

216 387 332 410 canente
350 381 462 409 solverit
486 381 593 408 navium
615 381 753 409 rudentes.
768 380 820 408 Fer
835 379 966 412 tabulam,
983 384 1012 406 et

216 437 267 464 ego
286 429 424 457 orationes
455 428 574 463 pingam.
591 427 658 454 Nam
688 428 770 455 habet
796 428 879 454 etiam
905 425 1011 458 oratio,

217 481 246 502 ut
261 481 335 510 puto,
346 482 401 502 non
421 475 527 508 ineptos
543 474 576 501 ad
600 474 761 501 imitandum
776 473 892 499 colores.
910 471 975 498 Erat
985 471 1011 498 in

217 522 320 556 pictura
337 520 423 552 navis,
442 525 470 547 et
483 527 569 551 mare,
583 526 610 547 et
622 523 652 547 ut
665 519 800 549 existimo.
814 517 936 553 Ᾱὲμιυιιι
951 516 1010 544 fuit.

216 566 304 594 Multa:
318 566 391 593 enim
422 565 517 592 insulae
537 566 610 596 hinc,
633 569 660 592 et
676 565 751 592 illinc
775 571 878 599 sparsa;
901 563 928 590 in
944 562 1011 590 mari

216 618 304 645 erant,
319 617 349 639 ut
364 611 487 647 Esmun
503 617 564 638 ante
571 611 622 638 alia
635 610 768 645 imprimis
782 617 856 637 mare
866 617 928 637 esse
939 610 1013 636 vide-

218 663 308 692 retur,
323 659 423 693 pictum
439 663 498 685 erat
510 665 562 684 non
578 657 736 688 violentum,
749 661 795 684 aut
812 655 949 688 terribile,
965 663 1013 682 ue-

216 713 268 740 que
284 713 370 740 usque
378 705 488 732 elevans
500 704 607 736 ﬂuctus,
621 703 713 737 qualia
723 707 819 730 contra
830 707 942 728 naturas
955 700 1012 727 illic

216 753 296 780 audet
316 753 414 789 saepius
433 751 568 786 digerunt,
601 752 648 778 sed
673 750 818 785 tranquille
837 748 914 776 strati
935 751 1014 775 erant

216 798 322 831 ﬂuctus,
338 798 427 826 omnis
440 805 508 831 aqua
529 797 555 824 in
585 796 719 823 littoribus
746 795 914 826 volvebatur,
931 793 958 820 in
971 792 1013 819 lu-

219 850 289 872 temn
313 844 430 871 colorem
457 850 552 878 parum
569 847 672 869 mutata
689 843 770 869 unda.
792 839 874 867 Primi
895 840 1014 874 Phryges

1063 246 1113 281 τὴν
1128 245 1220 273 Ἀσίαν
1232 245 1382 278 ἐστέλλετο,
1396 245 1515 279 συνάψαι
1528 244 1579 276 τὰς
1594 244 1726 279 ἠπείρους
1739 245 1781 281 τῷ
1794 246 1863 272 καθ’

1064 292 1161 319 ἑαυτὸν
1184 292 1285 319 tot)...»
1303 291 1434 327 θαύματι,
1450 292 1496 318 τὸν
1514 291 1648 326 Τιμοθέου
1665 291 1864 326 παρακαλέσας

1063 337 1145 364 αὐλὸν
1159 334 1271 371 (οὕτως’
1289 337 1343 372 γὰρ
1357 337 1419 372 met
1436 337 1508 371 μέγα
1524 336 1572 363 καὶ
1586 336 1715 363 τοσούτου
1727 336 1863 371 βασιλέως

1065 383 1152 418 ἄξιον)
1166 383 1219 409 ὑπὸ
1241 383 1299 414 τοῖς
1324 382 1431 409 ἐκείνου
1447 382 1556 417 μέλεσιν
1571 382 1632 408 ἔλυε
1649 382 1697 409 τοῦ
1715 382 1810 408 στόλου
1826 382 1862 408 τὰ

1063 429 1212 464 πείσματα.
1223 428 1291 463 Φέρε
1303 427 1335 463 δὴ
1348 427 1446 463 γράψω
1457 427 1495 462 τῷ
1506 427 1579 462 λόγῳ
1592 427 1639 453 τὸν
1652 427 1756 453 πίνακα
1765 436 1772 442 ·
1785 427 1841 462 ἔχει
1850 427 1862 442 ⁶

1063 475 1128 509 γὰρ,
1140 473 1230 509 οἶμαι,
1242 474 1310 510 προς
1325 475 1441 509 μίμησιν
1452 474 1539 500 οἰκεῖα
1551 473 1597 500 καὶ
1607 473 1685 506 λόγος
1696 472 1831 507 φάρμακα
1838 473 1861 498 ⁷.

1064 520 1139 552 Ναῦς
1154 519 1188 556 ἦν
1209 520 1281 547 κατὰ
1300 519 1350 555 τῆς
1365 519 1475 555 γραφῆς
1500 519 1548 546 καὶ
1574 518 1746 546 Galatea.“
1766 518 1794 545 δὲ
1810 518 1861 544 θεὶς

1063 566 1148 593 λαττα
1156 566 1177 599 ",
1201 564 1279 601 οἶμαι
1290 585 1298 598 ,
1318 566 1429 599 Αἰγαῖος
1442 563 1494 600 ἦν·
1510 565 1538 591 at
1554 564 1610 599 γὰρ
1626 564 1724 590 πολλαὶ
1739 563 1816 596 νῆσοι
1832 563 1862 590 al

1063 614 1123 640 κατ’
1135 613 1199 640 ἄλλο
1214 614 1262 640 καὶ
1281 612 1347 640 ἄλλο
1363 613 1446 648 μέρος
1467 612 1517 646 τῆς
1533 612 1671 646 θαλάσσης
1689 610 1861 645 σχιζόμενιιῑ,

1063 660 1172 693 Αἰγαῖος
1195 659 1263 686 ὑπ”
1286 658 1376 686 αὐτῶν
1400 659 1539 685 ἐδείκνυτο
1563 656 1634 684 εἶναι
1657 658 1675 692 ἡ
1693 656 1815 683 θάλαττα
1825 656 1860 683 ⁸⁵.

1064 704 1208 739 Γέγραπτο
1220 704 1249 731 δὲ
1262 704 1312 731 οὒκ
1323 704 1433 739 ἀπηνής
1448 712 1478 730 τε
1494 703 1541 730 καὶ
1552 702 1659 738 ἄγριος,
1675 701 1736 728 οὐδὲ
1753 702 1795 732 εις
1810 701 1862 728 αὺ-

1063 750 1113 781 τὰς
1129 749 1245 785 ἐγείρων
1269 750 1382 784 νεφέλας
1401 749 1436 776 τὰ
1451 748 1574 783 κύματα,
1591 745 1636 774 οἷα
1649 747 1685 774 τὰ
1706 746 1793 773 πολλὰ
1814 747 1864 772 Δί-

1065 797 1142 829 γαῖος
1159 795 1232 822 κατὰ
1253 796 1308 822 τῶν
1333 796 1392 822 ἐκεῖ
1415 795 1568 829 πλωτήρων
1597 793 1774 828 θρασύνεται,
1797 791 1864 818 ἀλλ’

1065 841 1210 876 ὲστόρεστο
1233 841 1282 876 μὲν
1305 842 1344 872 είς
1365 841 1485 876 γαλήνην
1504 840 1538 866 τὰ
1560 839 1683 874 κύματα,
1701 837 1731 865 τὸ
1744 838 1772 865 δὲ
1789 837 1863 872 ὕδωρ

217 890 308 916 tibiam
335 890 429 916 inllare
460 889 632 921 invenerunt,
660 892 687 914 et
716 886 857 915 sacriﬁciis
883 885 1011 912 adhibere

1077 886 1121 912 λον
1131 887 1151 902 ²¹
1164 886 1301 922 ὲπὸρφυρε
1318 886 1386 922 πρὸς
1399 886 1495 916 αὐταῖς
1505 885 1592 920 ᾐόσιν,
1603 885 1643 916 είς
1651 883 1770 919 γλαυκὸν
1780 883 1862 914 ἄνθος

216 932 349 968 cymbala.
381 932 436 960 lloc
453 940 518 960 vero
537 937 631 959 contra
648 937 794 965 utramque
810 929 886 957 navis
906 932 1009 964 partem

217 981 243 1008 in
257 988 364 1016 proram
376 980 432 1015 jam
449 980 583 1013 attritum,
596 984 724 1014 tanquam
739 985 849 1005 auream
869 975 1010 1003 materiam

184 1024 188 1027 ’
217 1026 354 1053 reddebat.
381 1026 431 1053 llic
448 1033 513 1053 vero
526 1030 553 1052 et
573 1030 658 1052 artem
685 1024 816 1051 admirari
832 1031 938 1058 mquam
957 1026 1011 1050 est-

216 1073 292 1106 Aqua
306 1072 378 1099 enim
392 1072 498 1099 marina
515 1071 601 1098 divisa
614 1071 687 1098 circa
708 1077 828 1104 proram,
845 1069 903 1096 auri
922 1075 1011 1103 reper-

215 1117 388 1144 cussionibus
402 1116 547 1152 splenduit,
562 1122 588 1144 et
599 1117 623 1143 in
635 1116 749 1143 similem
761 1115 879 1142 colorem
895 1120 1015 1142 mutasse

217 1170 291 1189 mare
304 1161 458 1190 videbatur.
484 1161 601 1189 Proinde
619 1162 681 1188 date
693 1161 757 1188 mihi
771 1161 916 1187 artiﬁcium
942 1159 1014 1186 Zeu-

217 1209 297 1241 xitlis,
320 1213 348 1235 et
374 1207 512 1235 Parrhasii
540 1207 691 1234 scientiam.
725 1206 821 1240 Delphi
843 1205 923 1240 igitur
949 1205 1015 1232 ttrbs

217 1254 303 1281 dicata
321 1253 449 1287 Apollini,
476 1252 540 1280 colit
566 1260 674 1287 semper
690 1253 760 1279 hunc
775 1253 865 1283 deum,
883 1255 911 1278 et
927 1251 1015 1285 tripu-

217 1299 294 1326 diant
317 1298 438 1326 adhibito
457 1306 551 1332 paaane
569 1298 672 1324 circum
701 1297 834 1331 tripodem
851 1295 919 1331 (ιθ).
940 1295 1013 1328 Quin

217 1345 299 1372 eciam
314 1343 371 1371 Elei
385 1344 580 1379 lacrymautur,
596 1350 702 1370 amnem
722 1341 885 1377 [Alplta’um]
903 1343 1017 1369 Pisaeuut

218 1390 250 1416 ad
261 1389 382 1416 Siculum
398 1396 483 1423 usque
503 1388 602 1415 fontem
619 1389 874 1422 comitantes,quasi
894 1392 1018 1415 metuen-

220 1441 270 1467 tes,
295 1442 329 1462 ne
360 1435 448 1462 amnis
473 1436 611 1462 decessum
637 1434 779 1467 meditans,
795 1434 854 1462 aliis
866 1434 1019 1463 hominibus

219 1488 318 1515 aquam
346 1480 486 1515 largiatur.
508 1480 640 1506 Celeriter
659 1485 684 1506 et
701 1480 854 1514 philomela;
881 1484 908 1506 et
924 1481 1017 1515 cygni,

219 1526 465 1559 otnnisquecantus
479 1525 558 1551 simul
574 1524 712 1552 volabunt.
725 1524 832 1552 Nostrae
849 1525 920 1552 enim
935 1524 1018 1552 Musa:

218 1573 273 1606 jam
287 1571 437 1599 naviculam
454 1571 746 1605 audeutcompingere,
763 1576 790 1598 et
805 1571 893 1606 fugam
912 1571 1018 1598 minan—

222 1623 264 1645 tur
282 1619 380 1654 370a
390 1623 417 1645 et
434 1625 523 1649 mare,
542 1617 605 1645 licet
617 1618 741 1645 ﬂuctibus
763 1618 866 1645 swviat.
882 1617 1018 1652 Abjicieus

219 1674 235 1692 e
247 1665 370 1692 Inuuibus
382 1664 478 1697 lyram,
490 1664 626 1690 silentium
640 1663 796 1690 cantionum
814 1663 948 1690 suadebit.
964 1661 1018 1689 Na-

221 1712 262 1738 vis
273 1711 397 1745 praetoria
412 1711 438 1736 in
453 1710 594 1744 portubus,
607 1709 696 1736 velum
715 1716 871 1743 supremum
888 1708 1019 1740 sublime,

229 1756 309 1791 quale
326 1756 409 1783 radiis
421 1756 502 1783 claris
511 1760 538 1782 et
556 1755 701 1782 maritimis
715 1754 822 1782 extendi
838 1754 916 1782 solet.
933 1753 1019 1781 Parva

1031 1557 1052 1586 C

221 1803 248 1829 iu
261 1801 376 1836 gratiam
397 1800 574 1835 Hesperidum
595 1805 682 1834 prata,
702 1807 791 1834 partae
808 1799 840 1826 ad
857 1799 1019 1835 magnitudi-

221 1854 282 1874 nem
311 1846 464 1881 pyramides
488 1844 633 1880 Egi/ptine,
657 1845 725 1872 etsi
743 1843 807 1879 quid
834 1844 978 1872 Persarum
993 1849 1020 1872 et

221 1891 394 1927 Assyriorum
406 1898 501 1917 manus
511 1895 699 1918 construentes
713 1890 829 1924 posteris
842 1890 1017 1924 spectandum

222 1938 401 1965 tradiderunt.
425 1936 478 1963 Sed
502 1936 535 1962 ad
562 1935 664 1963 amicas
688 1935 810 1962 Athenas
841 1935 898 1962 haec
912 1935 1018 1966 classis.

221 1990 281 2017 qua:
297 1983 355 2010 suis
369 1982 437 2009 adeo
454 1985 479 2008 te
492 1981 631 2008 amoribus
648 1980 846 2013 incenderunt,
860 1984 888 2006 ul
900 1987 1020 2007 amorem

221 2036 284 2062 erga
302 2028 370 2055 hanc
385 2027 504 2062 linguam
519 2033 627 2061 semper
639 2025 828 2053 circumferas.
841 2025 910 2058 Quid
931 2030 1020 2052 autem

222 2081 381 2107 responsum
396 2072 547 2099 communis
562 2071 681 2098 outnium
693 2075 792 2098 statuae
811 2071 882 2105 apud
893 2070 960 2098 alias
973 2071 1021 2097 ha-

224 2119 349 2147 bitatura
364 2117 500 2152 dcnegas?
518 2117 620 2144 Fabula
644 2117 800 2145 Cimmeriis
814 2116 921 2152 populis
947 2116 1022 2144 occi-

224 2165 376 2192 dentalibus
401 2163 484 2190 solem
501 2163 611 2197 eripuit,
625 2163 671 2190 sed
689 2167 821 2196 metuens,
835 2169 868 2190 ne
879 2163 1023 2198 redargue—

225 2219 312 2244 rctur,
330 2210 454 2238 obscuris
474 2210 564 2237 verbis
587 2214 676 2245 tegere
692 2216 827 2236 rumorem
854 2209 952 2236 adnixa
970 2214 1021 2236 est.

224 2256 280 2285 Nos
293 2264 356 2283 vero
372 2255 460 2283 nullus
472 2259 552 2289 poeta
567 2254 675 2282 mentiri
694 2255 840 2290 putaverit,
867 2260 927 2289 post
944 2259 1016 2282 tuatn

226 2301 467 2338 peregrinationem
484 2299 592 2327 auferre
607 2300 691 2327 solem
706 2301 828 2334 cupiens,
843 2307 859 2327 ο
871 2300 957 2327 amica
968 2308 1017 2334 pa-

228 2349 289 2388 tria.
316 2346 393 2374 Nunc
414 2346 462 2373 tibi
475 2345 602 2380 iniuriam
630 2345 752 2372 intulisse
775 2353 819 2373 me
837 2345 940 2378 sentio,
959 2350 1019 2373 tuos

226 2401 334 2422 amores
345 2392 508 2428 despiciens,
524 2392 612 2419 insido
619 2392 733 2419 amatori
741 2392 829 2419 omnia
841 2392 953 2426 cupiens
963 2392 1020 2419 lar-

228 2438 289 2473 girl.
304 2437 356 2464 Sed
369 2444 465 2472 parum
482 2436 576 2464 horum
609 2435 695 2470 legem
722 2441 842 2468 secutus,
858 2437 891 2463 ad
908 2437 1019 2464 inhone-

227 2488 326 2511 statem
343 2483 493 2511 orationem
507 2481 642 2516 converti,
652 2481 714 2509 licet
729 2481 795 2508 mihi
807 2481 970 2508 desiderium
984 2482 1024 2508 Dii

228 2529 408 2565 impleverim.
419 2528 518 2556 lterum
527 2528 598 2556 enim
607 2532 725 2562 sceptra,
733 2527 829 2554 iterum
835 2526 929 2561 judicii
937 2528 1026 2555 sedes.

1063 933 1156 968 ἡρέμα
1173 931 1373 967 μεθισταμένου
1388 931 1436 958 τοῦ
1451 932 1585 966 κύματος.
1601 930 1708 966 Πρῶτοι
1720 930 1775 965 γὰρ
1788 929 1862 964 Φρύ-

1064 987 1112 1013 γες
1127 979 1216 1006 αἰτίαν
1229 978 1337 1014 ἔχουσιν
1351 978 1425 1013 αὐλῷ
1436 987 1465 1004 τε
1482 977 1635 1013 ἐμπνεῦσαι
1650 977 1697 1004 καὶ
1711 976 1773 1007 ταῖς
1796 975 1864 1011 [60%

1065 1025 1111 1057 IL]
1128 1025 1248 1056 τελεταῖς
1263 1024 1394 1059 ἀναμῖξαι
1405 1025 1440 1050 τὰ
1455 1021 1770 1059 κύμϐαλα¹¹.[Η“Ξιῐὶ.]
1779 1021 1818 1048 Τὸ
1833 1021 1862 1048 δὲ

1066 1072 1113 1098 ἐπὶ
1126 1071 1257 1106 θάτερα¹³
1269 1071 1319 1105 τῆς
1332 1070 1400 1102 νεὼς
1418 1071 1501 1105 μέρος
1519 1070 1560 1102 είς
1576 1069 1690 1105 πρώραν
1703 1068 1753 1104 ἧδη
1773 1067 1863 1094 θλιϐό-

1067 1125 1160 1151 μενον,
1176 1115 1293 1151 χρυσοῦν
1304 1115 1353 1150 τῆς
1367 1114 1435 1151 ὕλης
1448 1115 1681 1149 πεποίητο.Ἕνθα
1695 1115 1743 1140 καὶ
1755 1113 1865 1148 θαυμά-

1067 1171 1113 1188 σαι
1129 1163 1179 1197 τὴν
1193 1162 1292 1197 τέχνην
1305 1161 1380 1194 ἄξιον
1390 1170 1398 1178 ·
1420 1161 1451 1188 τὸ
1465 1161 1519 1196 γὰρ
1534 1160 1599 1196 περὶ
1614 1160 1663 1195 τὴν
1681 1161 1796 1195 πρῶραν
1813 1160 1865 1192 τῆς

1067 1207 1204 1242 θαλάσσης
1222 1207 1293 1243 ὕδωρ
1309 1207 1481 1242 σχιζόμενον,
1495 1208 1555 1238 ταῖς
1572 1205 1618 1232 τοῦ
1643 1205 1744 1241 χρυσοῦ
1771 1205 1864 1239 βολαῖς

1068 1253 1235 1288 ἑπαυγάζον.
1249 1253 1290 1285 είς
1306 1254 1399 1286 ὅμοιον
1414 1253 1494 1284 ἄνθος
1510 1252 1636 1287 ἀμείϐειν
1649 1251 1737 1278 ἐδόκει
1753 1251 1805 1286 τὴν
1819 1250 1865 1276 θά-

1067 1299 1180 1327 λασσαν.
1197 1299 1301 1326 Οὐκοῦν
1325 1299 1384 1326 δότε
1409 1308 1453 1334 μοι
1474 1298 1523 1334 τὴν
1548 1297 1673 1331 Ζεύξιδος
1695 1297 1808 1332 τέχνην.
1830 1296 1866 1323 τὰ

1069 1345 1226 1381 Παρρασίου
1255 1345 1420 1379 σοφίσματα.
1434 1345 1531 1379 Δελφοὶ
1555 1344 1584 1370 δὲ
1606 1344 1671 1379 ἄρα,
1696 1344 1757 1378 ιερά
1784 1342 1867 1374 πόλις

1075 1391 1254 1424 Ἀπόλλωνος,
1270 1391 1429 1426 λατρεύουσι
1446 1391 1496 1426 μὲν
1508 1391 1553 1417 ἀεὶ
1565 1390 1604 1425 τῷ
1617 1390 1677 1424 Θεῷ
1689 1390 1736 1416 καὶ
1751 1397 1868 1424 περιχο-

1072 1437 1180 1472 ρεύουσι
1205 1438 1273 1472 μετὰ
1298 1437 1421 1464 παιάνων
1441 1437 1487 1463 τὸν
1511 1436 1634 1472 τρίποδα.
1654 1437 1711 1463 Καὶ
1737 1436 1791 1471 μὴν
1820 1434 1869 1461 καὶ

1077 1484 1176 1511 Ἠλεῖοι
1197 1483 1357 1518 δακρύουσι,
1372 1483 1418 1511 τὸν
1439 1483 1563 1518 ποταμὸν
1585 1483 1633 1510 τὸν
1654 1482 1803 1509 Πισαῖον¹¹¹
1821 1483 1870 1508 επὶ

1071 1530 1120 1565 τὴν
1133 1529 1276 1564 Σικελικὴν
1291 1529 1396 1564 κρήνην
1413 1529 1635 1564 προπέμποντες,
1655 1528 1762 1563 ὥσπερ,
1775 1525 1871 1562 οἶμαι,

1069 1574 1150 1601 τοῦτο
1164 1573 1339 1609 φοϐούμενοι,
1356 1574 1394 1608 μὴ
1411 1573 1530 1608 μελετῶν
1543 1573 1593 1608 τὴν
1615 1572 1773 1607 ἀποδημίαν
1787 1573 1804 1598 ὁ
1821 1579 1872 1598 τεο-

1069 1620 1155 1656 ταμδς
1170 1619 1262 1651 ἄλλοις
1277 1619 1432 1654 ἀνθρώποις
1444 1619 1592 1654 χαρίσηται
1609 1618 1642 1645 τὰ
1660 1618 1780 1652 νάματα.
1789 1617 1872 1651 Τάχα

1069 1666 1098 1693 δέ
1119 1675 1160 1692 σοι
1185 1666 1231 1692 καὶ
1249 1666 1361 1700 ἀηδόνες
1387 1666 1434 1692 καὶ
1459 1665 1554 1692 κύκνοι
1572 1665 1619 1692 καὶ
1636 1665 1725 1691 πάντα
1741 1664 1776 1691 τὰ
1799 1664 1870 1698 μέλη

1071 1711 1354 1746 novamus-ﬁatut“.
1378 1712 1411 1737 Αἱ
1429 1711 1479 1746 μὲν
1496 1712 1550 1746 γὰρ
1569 1710 1703 1746 ἡμέτεραι
1725 1709 1837 1736 Μοῦσαι
1851 1710 1872 1725 ¹⁶

1071 1757 1118 1783 καὶ
1135 1756 1256 1790 σκάφη¹⁷
1269 1756 1319 1792 ἤδη
1337 1756 1457 1791 τολμῶσι
1472 1756 1644 1790 πήγνυσθαι,
1663 1755 1712 1783 καὶ
1724 1755 1872 1782 ἀπειλοῦσι

1071 1803 1163 1838 φυγὴν
1176 1802 1223 1829 καὶ
1238 1802 1383 1833 θάλατταν,
1401 1802 1483 1829 xiv“
1497 1802 1625 1837 ἁγριαίνῃ
1637 1802 1658 1818 ⁸⁸
1673 1803 1730 1833 τοῖς
1751 1801 1870 1836 κύμασι.

1079 1847 1174 1883 Ῥίψας
1187 1849 1220 1875 ἐκ
1232 1849 1286 1876 τῶν
1301 1849 1401 1884 χειρῶν
1412 1849 1462 1885 τὴν
1476 1849 1574 1885 λύραν,
1590 1849 1696 1884 σιωπὴν
1709 1849 1765 1875 τῶν
1780 1849 1871 1884 μελῶν

1072 1894 1302 1929 καταψηφίζεται.
1319 1894 1395 1926 Ναῦς
1419 1896 1448 1922 ὲν
1471 1895 1567 1930 ὅρμοις
1591 1894 1757 1930 στρατηγὶς,
1785 1894 1872 1920 ἱστίον

1073 1939 1174 1974 ὑψηλὸν
1193 1939 1349 1975 μετάρσιον,
1363 1937 1418 1966 οἷον
1437 1940 1484 1966 καὶ
1506 1940 1647 1975 λαμπραῖς
1668 1939 1801 1975 αὖραις¹⁹
1824 1941 1871 1967 καὶ

1073 1985 1214 2018 πελαγίοις
1229 1986 1424 2013 πετάννυσθαι.
1440 1987 1542 2022 Μικροὶ
1556 1986 1606 2022 μὲν
1620 1987 1661 2018 εἰς
1673 1986 1755 2021 χάριν
1773 1986 1872 2013 Ἐσπε-

1074 2030 1155 2066 ρίδων
1178 2030 1321 2066 λειμῶνες,
1342 2033 1439 2068 μικραὶ
1460 2031 1489 2058 δὲ
1511 2033 1552 2062 είς
1578 2032 1694 2067 μέγεθος
1715 2033 1871 2068 πυραμίδες

1072 2073 1232 2108 Αἰγύπτιαι,
1247 2075 1294 2102 καὶ
1321 2076 1348 2102 εἰ
1370 2084 1396 2102 τι
1423 2076 1537 2112 Περσῶν
1553 2077 1600 2104 καὶ
1614 2077 1766 2112 Ἀσσυρίων
1779 2078 1869 2112 χεῖρες

1074 2120 1226 2155 πονήσασαι
1242 2120 1336 2156 θαῦμα
1350 2122 1461 2156 ἀφῆκαν
1471 2124 1529 2154 τοῖς
1547 2122 1669 2158 ὕστερον.
1678 2122 1749 2149 Ἀλλ’
1762 2123 1810 2149 ἐπὶ
1821 2124 1869 2154 τὰς

1073 2165 1154 2200 φίλας
1164 2165 1282 2201 Ἀθήνας
1294 2168 1308 2194 ό
1326 2167 1430 2200 στόλος,
1448 2168 1478 2195 αῖ
1495 2177 1526 2194 σε
1539 2169 1597 2200 τοῖς
1616 2168 1709 2199 πόθοις
1725 2169 1814 2200 οὕτως
1828 2169 1869 2200 ἐξ·

1039 2226 1062 2254 ο
1075 2210 1194 2238 έκαυσαν
1208 2211 1246 2243 ὡς
1267 2212 1314 2239 καὶ
1339 2213 1382 2240 ἐπ’
1396 2213 1483 2248 αὐτῆς
1498 2214 1658 2249 περιφέρειν
1675 2215 1802 2249 γλώττης
1824 2215 1868 2241 τὸν

1074 2256 1174 2291 ἔρωτα.
1185 2257 1218 2284 Τί
1233 2257 1262 2284 δὲ
1274 2259 1363 2290 ὀκνεῖς
1378 2260 1428 2294 τὴν
1440 2260 1587 2295 ἀπόκρισιν
1599 2260 1646 2287 τοῦ
1657 2260 1747 2287 κοινοῦ
1761 2261 1868 2288 πάντων

1071 2302 1229 2338 ἀγάλματος
1258 2305 1449 2340 μετασκηνοῦν
1478 2306 1543 2342 παρ’
1567 2307 1672 2341 ἑτέροις
1704 2306 1867 2341 μέλλοντος;

1072 2348 1246 2383 Κιμμερίους
1266 2351 1316 2384 μὲν
1329 2350 1372 2386 δὴ,
1388 2351 1474 2386 δῆμον
1490 2352 1629 2387 ἑσπέριον,
1643 2352 1773 2387 ἀφείλετο
1787 2353 1868 2388 μῦθος

1071 2391 1118 2418 τὸν
1132 2392 1220 2427 ἥλιον,
1235 2391 1295 2421 εἶτα
1309 2395 1439 2430 φοϐηθεὶς
1453 2396 1500 2423 τὸν
1514 2396 1626 2431 ἔλεγχον
1643 2397 1808 2432 ἀμφιϐόλοις
1819 2399 1868 2433 ρή-

1078 2446 1144 2472 μασι
1162 2439 1265 2474 κρύψαι
1275 2441 1326 2476 τὴν
1339 2442 1433 2477 φήμην
1448 2443 1634 2470 ἐσπούδασεν·
1646 2444 1722 2479 ἡμᾶς
1737 2443 1767 2470 δὲ
1782 2444 1868 2475 οὐδεὶς

1079 2484 1194 2519 ποιητὴς
1210 2485 1356 2520 ψεύδεσθαι
1374 2487 1459 2520 δόξειε
1476 2488 1546 2523 μετὰ
1568 2489 1619 2526 τὴν
1643 2489 1692 2525 σὴν
1714 2490 1869 2525 ἀποδημίαν

1080 2529 1227 2564 ἀφελέσθαι
1249 2531 1335 2560 θέλων
1357 2533 1403 2560 τὸν
1420 2532 1544 2570 ἧλιονῖο
1565 2535 1629 2570 φίλη
1651 2536 1763 2571 πατρὶς,
1779 2535 1827 2562 νῦν
1841 2543 1869 2561 σε

872 2605 993 2633 νΑΙὶΙᾸΞ
1015 2607 1218 2638 LECTIONES.

263 2657 274 2672 ⁸
288 2653 366 2687 οὗτος
381 2654 506 2682 Reiskius
523 2664 529 2682 :
548 2654 607 2680 libri
624 2652 704 2680 οὕτω,
752 2653 763 2668 ⁶
777 2653 842 2687 ἔχει.

230 2727 252 2742 ¹³
269 2726 382 2761 θάτερον
400 2725 430 2752 Β.
479 2723 637 2761 υίπισσαῐον
653 2723 682 2750 Β.

230 2761 252 2777 ιο
270 2757 397 2796 ἀγριὰίνῃ
409 2761 446 2787 G:
463 2759 614 2795 ἀγριαίνειν
635 2766 666 2789 ς.
704 2758 726 2773 ’⁸
737 2757 836 2794 αὔραις
848 2759 871 2785 Α
887 2767 894 2786 ἶ
908 2757 1046 2796 α⁷ὑγατς,ς;

893 2654 906 2689 ⁷7
916 2653 1051 2689 φάρμακα
1058 2662 1115 2682 om.
1146 2656 1198 2683 ΑΒ.

229 2691 331 2732 εἰρείξιιε
347 2699 357 2716 -;
376 2691 436 2732 libri
452 2690 532 2732 ὑπερ,
571 2687 782 2732 ’θ’θάὶιασσαηιὶ,
798 2688 858 2732 iibri
877 2687 1053 2732 γέγραπται..
1084 2690 1195 2732 ¹¹ιῇλον]
1210 2690 1265 2719 οἷον
1275 2687 1409 2723 Keisi'ius.

1255 2658 1265 2673 ⁸
1282 2659 1339 2694 ἠδὲ
1363 2659 1482 2687 θάλαττα
1502 2669 1557 2689 om.
1574 2663 1606 2690 Α.
1661 2663 1672 2678 ⁹
1695 2662 1741 2688 ὑπ’
1756 2661 1869 2689 Werns~

1459 2697 1480 2712 ¹¹
1494 2696 1634 2733 κύμϐαλα]
1649 2697 1816 2732 κυκλώματα
1839 2698 1868 2723 Δ.

731 2722 1026 2767 ¹ξνσυνατὶοπτήσσεςεαι
1039 2724 1073 2752 Α.
1112 2726 1133 2742 ¹⁶
1147 2722 1343 2765 μοῧσαιφυγὴν
1360 2731 1407 2757 καὶ
1421 2739 1451 2763 ς.
1492 2732 1513 2747 ¹⁷
1522 2722 1634 2767 exacti:
1650 2722 1749 2759 Ἰοκᾶὀ
1757 2740 1812 2760 om.

1005 2793 1122 2822 ΝΟΤᾸΞ.

265 2843 324 2879 (49)
340 2843 450 2871 Proclus
460 2849 519 2876 sup.
536 2842 561 2868 in
575 2840 798 2870 Chrestomathia.
