1919 3096
65 135 122 167 i361

592 141 854 174 BlBLIOTIIECA.
865 156 898 162 -
911 145 993 174 (ΞΟΠ.
1008 144 1162 175 CCXLI”.

1611 143 1679 175 1362

63 193 137 223 ὕνιως
160 192 291 228 ἀδικήσας
320 193 496 228 αἰσθάνομαι,
523 194 587 226 τοὺς
611 197 675 228 σοὺς
702 197 851 232 ὑπεριδὼν,

904 198 945 225 loc
959 198 1064 234 Ephyra
1078 199 1180 230 attulit,
1192 199 1254 226 urbs
1269 206 1322 225 non
1335 198 1421 226 solum
1434 199 1466 226 ad
1476 199 1679 227 admirationem

62 237 167 271 ἔρωτας,
180 238 282 274 ἐραστῇ
310 237 395 265 θέλων
419 238 525 273 ἀπίστῳ
549 239 638 266 πάντα
661 241 836 276 χαρίσασθαι.

67 283 140 310 Ἀλλὰ
156 283 253 318 μικροῦ
268 283 307 318 τῷ
321 284 395 319 νόμῳ
410 284 449 319 τῷ
463 285 529 319 περὶ
537 286 638 312 τούτων
649 286 790 321 ἑπόμενος.
799 288 839 319 εἰς

61 329 188 363 ἀκοσμίαν
213 329 259 355 τὸν
282 329 360 362 λόγον
379 329 497 364 ἔτρεψα,
513 330 601 357 καίτοι
621 339 666 365 μοι
691 331 745 358 τῶν
769 331 840 358 θεῶν

62 374 228 409 πληρούντων
242 374 288 401 τὸν
302 374 384 401 πόθον
396 383 403 390 ’
423 375 504 402 πάλιν
527 376 583 411 γὰρ
606 376 744 411 σκῆπτρα.
759 378 840 404 πάλιν

61 421 105 454 τῆς
120 420 198 456 δίκης
209 421 233 447 οἱ
247 421 344 455 θρόνοι.
355 421 455 448 Τοῦτον
469 421 573 457 Ἐφύρα
588 423 636 457 μὲν
646 424 755 458 ἤνεγκε,
765 424 841 456 πόλις

61 467 87 492 οὐ
96 466 174 501 μόνον
183 467 410 502 καλλωπιζομένη
419 468 515 503 μύθοις
528 469 596 503 πρὸς
603 469 633 495 τὸ
643 469 841 504 θαυμάζεσθαι,

61 510 100 538 οἷα
111 512 165 538 τῶν
183 512 342 547 Ἐλληνίδων
355 514 383 540 αἱ
398 514 532 548 πλείονες,
549 514 748 550 ἀλλ’ὸφθαλμῷ
759 516 841 552 κριτῇ

61 562 105 596 τὴν
119 561 293 596 εὐδαιμονίαν
308 560 536 596 προϐάλλουσα¹¹.
552 561 631 588 Οὕτω
644 562 691 588 καὶ
703 562 733 588 τὸ
747 562 842 589 τούτου

61 607 133 641 γένος
151 606 259 640 μυρίοις
276 605 326 640 μὲν
340 605 440 640 λόγοις,
459 605 565 640 μυρίοις
580 605 608 631 δὲ
623 605 715 641 ἔργοις
729 606 775 632 καὶ
791 615 843 633 πα-

62 653 217 689 ραπλησίοις
231 652 389 687 ἀγάλλεται.
408 651 549 687 Μνηστέον
568 652 617 687 ἤδη
635 652 683 679 καὶ
697 653 778 680 αὑτοῦ
795 653 842 680 τοῦ

61 700 161 732 γένους.
179 697 237 724 οὔτι
254 697 368 729 παντὸς·
385 697 470 732 κάμοὶ
482 698 536 732 γὰρ
549 697 594 730 ἂν,
610 695 697 730 οἶμαι,
711 698 758 724 καὶ
774 698 844 724 ίστοο

63 746 103 780 pi:
116 743 243 771 τοσοῦτον
257 742 388 777 πλῆθος¹¹
404 742 592 778 φροντίζουσα.
614 744 646 769 Οἱ
668 743 716 770 ἀπ’
733 743 844 771 ἐκείνων

62 791 111 818 τῶν
124 791 224 825 γάμων
243 789 510 824 ἀποῦλαστήσαντες,
527 789 594 815 είκώ
607 797 669 816 τινα
678 789 728 824 τῆς
739 789 843 817 ἐκείνου

63 838 154 872 σοφίας
170 838 226 868 τοῖς
239 837 289 871 τῆς
305 836 396 871 ψυχῆς
414 836 525 871 φέρονη
537 836 687 870 ἀγάλμασι.
704 836 845 871 Προσκλύ-

892 244 989 271 fabulis
996 245 1171 276 illustrata.ut
1181 244 1313 279 pleneque
1320 252 1414 272 omnes
1421 244 1591 278 Graecim,sed
1599 246 1681 273 etiam

891 289 1021 324 judicanti
1040 290 1120 318 oculo
1137 290 1291 317 felicitatem
1311 289 1435 317 aﬂ'erens.
1451 290 1497 317 Sic
1518 289 1597 323 hujus
1616 297 1681 324 gens

895 336 1006 364 inﬁnitis
1035 337 1211 368 orationibus,
1226 336 1354 371 operibus
1365 335 1530 363 etsimilibus
1549 335 1676 363 exsultat.

895 382 1099 410 Recordandum
1113 387 1154 410 est
1169 382 1249 415 hujus
1259 382 1314 416 jam
1333 382 1420 416 gentis
1431 389 1482 408 non
1499 385 1586 408 tamen
1601 381 1683 408 totius

894 429 959 463 (non
969 428 1058 455 omnia
1071 435 1192 461 narrare,
1208 436 1306 462 magno
1317 428 1381 454 mihi
1395 428 1468 454 oneri
1480 427 1560 462 esset)
1577 436 1583 453 :
1598 435 1681 454 unum

894 481 927 501 ex
940 474 974 501 iis
988 474 1033 508 qui
1058 474 1091 501 ab
1107 474 1158 501 illis
1186 474 1285 508 nuptiis
1298 473 1430 508 progeniti
1445 477 1517 505 sunt,
1531 472 1684 500 assimilabo

895 518 1053 553 sapientiam
1066 519 1163 546 anima:
1173 519 1278 547 statuis.
1293 519 1373 546 Sinus
1387 519 1492 546 Ionicus
1506 517 1607 545 alluens
1617 517 1684 544 miti.

895 569 940 598 gat
952 564 1026 591 littus
1036 564 1127 598 ﬂuctu,
1137 564 1214 599 juxta
1226 565 1296 591 hanc
1304 572 1379 591 oram
1398 563 1526 598 tripudiat
1541 563 1683 591 Nereidum

896 610 994 637 chorus
1004 615 1028 642 ι,
1040 617 1134 638 omnes
1154 611 1231 642 albae,
1251 611 1292 637 lac
1311 610 1389 644 quale
1403 610 1477 637 fieret
1503 614 1562 637 arte
1594 615 1685 644 pasto-

897 661 966 686 rum,
980 654 1065 682 oculis
1081 654 1193 690 glaucis,
1224 659 1327 681 ornatas
1335 661 1437 686 musco,
1453 658 1582 689 praeterea
1594 654 1683 681 albam

896 705 1042 732 spnmame
1057 699 1124 725 mari
1138 698 1249 725 summis
1263 698 1394 725 stillantes
1402 698 1531 728 crinibus.
1549 698 1593 725 Illa
1605 698 1681 725 vicis-

897 744 947 771 sim
961 752 1086 778 spousum
1096 744 1212 776 amabat,
1220 751 1247 772 ct
1255 746 1409 778 arrliabone
1417 745 1520 779 nuptias
1532 744 1682 772 confirmat-

897 790 1022 818 Producit
1034 791 1104 818 enim
1122 792 1209 820 medio
1224 793 1290 819 mari
1309 792 1419 819 fontem.
1433 792 1493 820 llzec
1514 800 1579 820 vero
1592 793 1683 820 sciens

898 838 949 865 hoc
960 838 1404 873 beneficiumasponsaprotectum
1427 845 1498 871 esse,
1515 838 1575 866 aliis
1597 838 1685 865 nautis

63 884 112 916 ζων
127 883 330 914 κόλποςἸόνιος
341 882 443 909 λεαίνει
453 882 502 917 τὴν
515 882 575 908 οἴνα
588 882 628 917 τῷ
644 882 758 918 κύματι.
767 882 848 910 Κατὰ

904 882 997 909 undam
1006 882 1096 916 eripit.
1108 883 1242 910 solisvero
1253 883 1295 910 his
1312 883 1583 910 reservatamahilem
1595 887 1685 917 potum

64 931 93 965 δὴ
106 930 210 965 ταύτης
220 929 271 964 τῆς
283 929 362 965 ῂόνος
377 929 457 964 χορὸς
465 928 611 964 Νηρηΐδων
622 928 743 964 ὲχόρευε,
751 929 847 956 λευκαὶ

64 977 156 1008 πᾶσαι,
174 975 244 1009 γάλα
266 975 350 1007 αὐτὸ,
364 972 419 1000 οἷον
450 974 483 1001 ἂν
509 975 596 1001 έκεῖνο
615 975 719 1009 γένοιτο
739 975 848 1010 τέχναις

64 1021 197 1055 ποιμένων
226 1019 289 1056 [603
304 1019 350 1055 IL]
381 1019 541 1054 ἱστάμενον,
557 1020 675 1053 γλαυκαὶ
700 1020 731 1046 τὸ
759 1020 846 1056 ὄμμα,

65 1066 186 1100 κομῶσαι
211 1066 250 1100 τῷ
276 1065 361 1101 βρύῳ,
377 1065 418 1092 ἔτι
435 1065 533 1092 λευκὸν
558 1066 591 1092 ὲκ
614 1066 695 1100 τῆς¹³
716 1066 850 1101 θαλάττης

66 1113 148 1148 ἀφρὸν
158 1111 189 1144 ἐξ
201 1111 294 1147 ἄκρων
309 1111 458 1146 πλοκάμων
473 1111 661 1143 στάζουσαιη.
669 1112 701 1138 'H
712 1112 740 1138 δὲ
750 1112 851 1148 ἅντερᾷ

66 1158 108 1185 τοῦ
124 1158 243 1192 νυμφίου
256 1178 264 1190 ,
277 1157 324 1184 καὶ
340 1157 419 1192 δώρῳ
444 1156 587 1184 πιστοῦται
603 1157 649 1184 τὸν
664 1158 753 1192 γάμον
764 1165 771 1174 ⁴
788 1158 852 1185 ἀνα-

65 1204 152 1231 δίδωσι
171 1204 225 1239 γὰρ
240 1201 272 1231 ἔκ
292 1204 377 1238 μέσης
393 1203 527 1238 θαλάττης
542 1204 642 1238 πηγήν.
652 1204 684 1230 Ἠ
704 1204 743 1236 δὲ,
759 1204 852 1240 ὥσπερ

67 1249 232 1284 ἐπισταμένη
247 1249 294 1276 τοῦ
310 1249 389 1284 χάριν
405 1249 458 1276 ὑπὸ
471 1249 522 1285 τῆς
537 1249 646 1285 νύμφης
661 1251 780 1285 ἐγένετο,
793 1250 853 1278 κλέ-

67 1304 123 1322 πτει
139 1295 191 1330 μὲν
202 1298 258 1328 τοῖς
271 1296 360 1325 ἄλλοις
375 1297 515 1332 πλωτῆρσι
527 1298 563 1325 τὰ
578 1298 687 1332 νάματα
697 1318 704 1330 ,
720 1298 811 1333 μόνοις
826 1298 854 1325 δὲ

67 1344 141 1377 τηρεί
166 1344 221 1374 τοῖς
247 1343 279 1369 ἐκ
301 1343 352 1377 τῆς
377 1342 486 1378 νύμφης
502 1343 551 1378 τὴν
568 1343 682 1378 πότιμον
697 1344 855 1379 φιλοτησίαν

68 1388 321 1423 ἀρύσασθαι.”οπερ
346 1389 394 1416 καὶ
417 1389 488 1415 κατὰ
503 1390 553 1424 τῆς
569 1390 669 1425 ἀρετῆς
689 1391 853 1426 ἀνύμνηται.

69 1434 195 1470 Εὑμαθής
207 1435 265 1460 ἐστι
278 1434 363 1470 ψυχὴ,
376 1436 471 1469 ταχεῖα
483 1436 601 1467 σύνεσιν,
613 1436 708 1472 μνήμῃ
719 1437 855 1472 συμφυὴς,

67 1479 173 1514 ἕτοιμος
186 1480 255 1515 πρὸς
269 1480 374 1514 λόγους,
390 1479 472 1516 [1125
486 1480 533 1517 IL]
548 1481 621 1516 δεινὴ
646 1482 694 1516 μὲν
714 1481 856 1517 κρύπτειν,

69 1526 199 1560 κρείττων
224 1526 366 1552 λανθάνειν
392 1526 557 1562 (σοφώτερον
571 1526 600 1553 δὲ
623 1527 702 1553 τοῦτο
723 1528 770 1554 καὶ
798 1527 855 1562 ἅμα
869 1546 890 1574 c

70 1571 137 1602 Θεοῖς
151 1571 402 1607 προσφιλέστερον),
418 1572 555 1607 δεινοτέρα
569 1573 598 1599 δὲ
612 1573 740 1608 φωρᾶσαι
753 1573 798 1600 τὸν
813 1574 856 1600 ὲν-

68 1615 198 1650 τοχὸντα·
222 1615 356 1650 κρείττων
377 1616 485 1651 ἡδονῆς,
502 1616 591 1655 ἵετων
615 1617 822 1653 φιλίας.¹Ακρος
833 1618 857 1634 ¹⁶

70 1661 173 1695 σοφίαν,
189 1660 274 1691 δεινὸς
297 1661 400 1694 εἰπεῖν,
418 1661 555 1693 ἀνάλωτος
581 1662 671 1697 φιλίᾳ.
688 1664 811 1697 γενναῖος
828 1663 857 1689 ὲν

69 1706 176 1739 φόσοις,
199 1705 300 1741 ὑψηλὸς
327 1706 445 1741 ἰδιώτης,
464 1707 555 1742 ἄρχων
578 1707 718 1744 ἐπιεικὴς,
735 1708 780 1735 τὸν
808 1709 857 1744 μὲν

70 1751 177 1786 ἰδιώτην
196 1751 392 1786 ἀποσεμνύνων
410 1753 574 1787 φρονήματι,
588 1753 659 1787 λόγῳ
683 1754 712 1780 δὲ
727 1754 858 1788 πραΰνων

69 1796 96 1822 τὸ
109 1797 159 1831 τῆς
174 1796 298 1829 ἐξουσίας
308 1797 485 1824 αὐθέκαστον.
494 1797 572 1824 Ἀλλά
586 1798 638 1833 μὴν
651 1799 697 1825 καὶ
713 1799 761 1834 τὴν
773 1799 858 1835 τύχην

69 1841 131 1872 ἴδοις
149 1842 184 1868 ἂν
199 1841 293 1877 ὥσπερ
318 1843 348 1875 ἐξ
370 1843 465 1877 οὐρίας
479 1843 524 1870 τὸν
539 1844 614 1870 τοῦδε
637 1844 694 1879 βίον
712 1853 857 1880 συμπαρα-

69 1889 240 1922 πέμπουσαν.
263 1888 420 1923 Πρεσϐύτης
435 1897 477 1920 τις
495 1886 528 1924 ἦν
544 1889 641 1924 σεμνὸς
658 1889 730 1922 ἰδεῖν,
745 1891 858 1925 ἀρχαῖος

69 1934 112 1960 τόν
137 1934 206 1968 βίον,
224 1934 269 1960 τὸν
293 1934 372 1968 λόγον
397 1934 498 1969 ὅμοιος.
515 1935 600 1968 Σοφὺς
627 1936 724 1969 εἰπεῖν,
739 1936 857 1970 ἀμείνων

69 1979 196 2011 ἀκοῦσαι,
213 1979 248 2006 τὰ
264 1979 351 2006 πάντα
368 1981 500 2013 γενναῖος.
516 1980 627 2016 Πλήρης
647 1981 676 2007 δὲ
695 1980 733 2008 ὢν
745 1981 794 2017 ἥδη
810 1982 857 2009 τοῦ

69 2025 175 2056 κλέους,
193 2025 240 2051 καὶ
262 2026 352 2052 πᾶσαν
370 2026 410 2057 εἰς
434 2025 530 2052 ἑαυτὸν
544 2027 717 2061 ἐπιστρέφων
732 2027 782 2062 τὴν
799 2027 858 2054 Ἐλ-

69 2069 145 2102 λάδα,
162 2070 295 2097 διαϐαίνει
320 2071 367 2097 καὶ
390 2071 430 2103 εἰς
457 2071 570 2106 βασιλέα
586 2072 624 2107 τῷ
637 2072 768 2108 θαύματι,
793 2075 859 2110 πρὶν

69 2114 211 2150 ὑπηνήτης
225 2115 362 2149 γενέσθαι,
377 2116 443 2151 πρὶν
465 2116 637 2151 καθερπύσαι
657 2117 826 2153 τὸν-πρῶτον
836 2119 858 2135 ⁸⁷

68 2161 164 2187 ἴουλον.
175 2161 291 2193 Ποιητοῦ
302 2161 324 2177 ’⁸
335 2161 363 2188 δὲ
375 2161 428 2197 ἄρα
440 2160 474 2198 ἦν
488 2163 603 2190 ἐνταῦθα
619 2163 666 2190 τοῦ
680 2164 758 2198 λόγου
773 2165 860 2199 ῥόδοις

898 934 926 956 ιιι
937 929 1062 957 hauriant
1076 929 1122 963 qui
1151 936 1167 957 e
1192 936 1290 963 sponsa
1318 934 1391 962 sunt,
1404 930 1475 963 quod
1492 929 1588 964 370]:
1605 929 1686 956 etiam

898 980 991 1002 contra
1007 975 1133 1004 virtutem
1149 975 1246 1002 factum
1263 979 1315 1003 est.
1329 975 1469 1009 Promptus
1488 974 1520 1002 ad
1531 974 1686 1002 discendum

900 1022 936 1049 illi
956 1027 998 1050 est
1013 1021 1128 1055 animus,
1146 1022 1218 1050 celer
1232 1022 1265 1048 ad
1280 1021 1488 1056 intelligendum,
1503 1021 1630 1048 memoria
1642 1020 1689 1047 ιιι-

899 1073 975 1101 nata,
986 1073 1107 1103 prompta
1121 1073 1162 1096 est
1173 1069 1207 1096 ad
1218 1069 1370 1100 dicendum,
1384 1069 1417 1095 ad
1428 1068 1568 1102 tegendum
1581 1068 1687 1100 idonea,

901 1115 934 1142 ad
946 1115 1082 1142 latendum
1104 1114 1230 1148 paratior.
1249 1114 1305 1142 Hoc
1317 1115 1475 1149 sapientius,
1488 1114 1623 1149 simulque
1636 1114 1688 1141 diis

902 1161 1004 1196 gratius
1019 1170 1026 1188 :
1049 1160 1136 1195 aptior
1149 1168 1212 1187 vero
1225 1161 1257 1188 ad
1283 1160 1391 1188 obvium
1421 1159 1687 1195 deprehendendum,

902 1207 1038 1241 voluptate
1051 1206 1162 1240 fortior,
1179 1206 1295 1234 amicitia
1315 1206 1437 1239 inferior,
1457 1213 1503 1241 per
1528 1205 1687 1239 sapientiam

904 1259 1021 1284 summa,
1039 1257 1099 1287 apta
1115 1252 1149 1280 ad
1167 1252 1321 1284 dicendum,
1333 1251 1547 1288 inexpugnabilis
1557 1251 1687 1283 amicitia,

905 1303 1031 1324 strenuus
1054 1298 1080 1324 in
1113 1298 1218 1331 timore,
1237 1306 1296 1325 cum
1308 1299 1430 1332 privatus
1441 1303 1482 1325 est
1491 1305 1689 1330 summus,cum

907 1342 932 1369 in
958 1343 1118 1378 magistratu
1133 1350 1234 1378 aequus.
1249 1342 1388 1370 Privatum
1407 1343 1554 1370 honestans
1567 1342 1689 1374 consilio,

906 1388 1060 1423 eloquentia
1077 1389 1182 1423 imperii
1197 1390 1367 1417 severitatem
1381 1389 1516 1424 mitigans.
1537 1389 1689 1422 Quinetiam

908 1433 1045 1461 fortunam
1058 1434 1161 1466 videas,
1177 1435 1255 1469 quasi
1271 1434 1350 1467 hujus
1365 1435 1426 1461 vitae
1437 1435 1568 1461 rationem
1583 1437 1692 1468 propter

909 1479 1067 1506 felicitatem
1094 1484 1275 1507 aversantem.
1302 1479 1419 1514 Legatus
1444 1479 1495 1506 fuit
1517 1479 1543 1505 in
1570 1478 1694 1505 animad-

911 1524 1041 1552 vertendo
1055 1525 1155 1557 serius,
1171 1525 1234 1558 vita,
1250 1530 1279 1552 ut
1304 1526 1385 1552 etiam
1410 1524 1436 1552 in
1452 1525 1584 1555 oratione.
1608 1532 1692 1558 gran-

907 1570 964 1598 dis:
978 1571 1010 1597 ad
1025 1570 1166 1597 dicendum
1174 1570 1291 1603 sapiens,
1299 1571 1333 1597 ad
1344 1570 1507 1598 audiendum
1524 1570 1693 1602 instructior,

908 1614 933 1641 in
952 1615 1076 1642 omnibus
1092 1616 1226 1650 egregius.
1245 1613 1344 1642 Plenus
1364 1614 1443 1642 laude
1460 1614 1529 1648 jam.
1542 1619 1569 1642 et
1582 1622 1691 1642 omnem

908 1661 934 1688 in
948 1669 978 1689 se
991 1661 1123 1689 Graeciam
1143 1665 1316 1693 convertens,
1333 1660 1391 1688 suis
1413 1660 1581 1688 facinoribus
1597 1659 1632 1686 ad
1650 1667 1694 1686 re-

908 1708 979 1743 giam
1005 1707 1163 1741 dignitatem
1191 1705 1335 1737 ascendit,
1364 1705 1523 1740 priusquam
1550 1704 1693 1738 pullularet

908 1753 1004 1786 barba,
1017 1753 1158 1788 primaque
1175 1752 1271 1787 lanugo
1289 1752 1455 1779 tonderetur.
1473 1750 1536 1778 Haec
1551 1756 1692 1786 poetarum

909 1799 995 1826 instar
1008 1799 1072 1826 fecit
1086 1799 1185 1831 oratio,
1205 1800 1274 1826 rosis
1299 1803 1409 1826 nectere
1436 1805 1577 1830 coronam,
1595 1798 1694 1824 (lucere

909 1847 1012 1872 circum
1025 1845 1118 1872 urbem
1129 1845 1199 1872 hanc
1208 1853 1241 1872 ex
1254 1845 1382 1872 lli-licoue
1391 1844 1489 1877 Musas,
1499 1852 1578 1878 quam
1587 1844 1693 1877 Europa

908 1894 1031 1916 extrema
1040 1889 1137 1924 exiguo
1148 1888 1218 1916 freto
1231 1897 1245 1915 a
1264 1889 1386 1917 Gadibus
1398 1897 1483 1924 usque
1491 1890 1585 1916 Asiam
1601 1894 1693 1916 exten-

910 1934 957 1961 dit.
975 1934 1014 1960 Ad
1027 1933 1127 1961 Istrum
1151 1941 1182 1961 se
1197 1935 1342 1967 convertit,
1364 1943 1413 1962 nec
1427 1935 1530 1962 veritus
1543 1940 1584 1962 est
1595 1935 1694 1962 ﬂumen

910 1978 1059 2006 Barbarum
1079 1979 1166 2015 glacie
1201 1980 1228 2007 in
1255 1987 1358 2008 morem
1390 1981 1478 2016 campi
1515 1986 1694 2009 cnnstramm.

909 2024 977 2051 Cum
995 2032 1060 2052 vero
1075 2024 1142 2052 deus
1159 2032 1268 2052 omnem
1299 2025 1373 2053 illam
1400 2025 1531 2053 virtutem
1554 2026 1696 2059 explorare

910 2069 1052 2101 voluisset.
1079 2074 1107 2098 et
1127 2070 1248 2098 adversa:
1276 2070 1422 2105 aliquando
1445 2070 1561 2098 fortuna:
1587 2076 1696 2097 ventum

910 2115 1062 2148 constituit,
1085 2120 1114 2142 ut
1135 2115 1221 2150 qualis
1253 2120 1335 2148 esset,
1366 2115 1428 2143 talis
1462 2116 1599 2150 opinione,
1618 2120 1646 2143 ct
1670 2117 1697 2142 in

911 2169 1002 2188 rerum
1018 2161 1144 2189 ﬂuctibus
1161 2162 1276 2197 vitaeque
1293 2166 1455 2196 tempestate
1478 2162 1605 2189 omnibus
1621 2162 1697 2188 vidc-

70 2207 116 2240 μὲν
131 2206 283 2239 ἀναπλέξαι
308 2207 356 2234 τὸν
373 2208 515 2242 στέφανον,
532 2209 610 2242 ἄγειν
626 2209 654 2235 δὲ
672 2209 701 2242 ἐξ
718 2210 851 2237 Ἑλικῶνοι

915 2212 1003 2239 retur,
1026 2213 1053 2235 et
1080 2208 1107 2235 in
1127 2208 1178 2236 hac
1204 2209 1286 2235 etiam
1310 2213 1388 2242 parte
1410 2208 1608 2236 celebraretur.
1631 2207 1697 2240 Quis

67 2253 114 2285 τὰς
128 2252 252 2285 Μούσας.
273 2254 342 2288 Περὶ
355 2253 404 2289 τὴν
419 2254 496 2280 πόλιν
508 2255 625 2290 ἐκείνην,
642 2255 675 2291 ἢν
694 2256 748 2282 ἀπὸ
764 2256 784 2282 Γ
785 2257 858 2283 αδεί-

68 2306 120 2331 ρων
141 2298 261 2334 Εὐρώπη
277 2298 396 2334 λήγουσα
415 2299 530 2335 πορθμῷ
553 2300 690 2337 θαλάσσης
713 2302 781 2336 πρὸς
807 2302 857 2338 τὴν

73 2344 164 2370 Ἀσίαν
191 2343 340 2379 μερίζεται.
355 2344 471 2371 Ἦλασεν
497 2341 573 2377 οὗτος
593 2347 640 2373 καὶ
664 2347 724 2374 κατ’
738 2348 855 2383 Ἴστρου,

67 2390 111 2416 val.
126 2389 251 2425 ποταμὸν
265 2390 314 2416 οὐκ
329 2391 415 2417 ἔδεισε
438 2391 575 2426 βάρϐαρον
596 2392 754 2429 κρυστάλλῳ
778 2394 856 2421 πεδία

69 2436 245 2471 μιμούμενον.
256 2437 331 2463 Ἐπεὶ
350 2437 378 2463 δὲ
398 2437 458 2468 θεὸς
475 2438 542 2472 πρὸς
556 2439 646 2465 πᾶσαν
660 2440 740 2466 αὐτὸν
756 2440 856 2475 ἀρετὴν

67 2481 221 2515 ἀκριῦὦσαι
245 2481 417 2516 βουλόμενος,
447 2483 492 2509 καὶ
517 2484 564 2509 ἀπ’
583 2484 706 2516 ἐναντίας
731 2485 796 2511 ποτὲ
824 2484 857 2511 τὺ

69 2526 177 2560 πνεῦμα
205 2526 249 2561 ιῆς
266 2526 351 2562 τύχης
368 2527 499 2562 ἔστησεν,
516 2529 549 2555 ’ίν’
566 2527 622 2560 οἷος
641 2527 675 2564 ἦν
685 2530 719 2563 ¹⁹,
739 2530 858 2562 τοιοῦτος

68 2573 115 2605 τὴν
132 2572 245 2607 γνώμην
263 2575 309 2599 καὶ
321 2575 350 2600 ὲν
364 2574 524 2609 τρικυμίαις
538 2568 707 2610 πραγμάτων
734 2576 780 2602 καὶ
805 2585 858 2611 χει-

70 2618 138 2652 μῶνι
154 2617 213 2654 βίου
230 2618 348 2655 δειχθείη
364 2621 419 2652 τοῖς
435 2621 502 2647 πᾶσι
517 2621 563 2647 καὶ
580 2621 640 2648 κατ’
652 2621 718 2648 αὐτὸ
731 2621 762 2648 τὸ
776 2622 859 2656 μέρος

108 2693 119 2706 ι
134 2687 227 2716 Horat.
246 2691 320 2717 οιιω.

912 2258 1000 2288 poeta,
1019 2254 1061 2281 vel
1077 2254 1171 2281 orandi
1194 2255 1297 2290 peritus
1317 2263 1382 2283 voce
1406 2256 1484 2291 digna
1507 2255 1622 2289 explicet
1653 2261 1696 2286 ea,

913 2306 972 2333 qua:
1002 2299 1047 2327 ille
1070 2300 1156 2328 fecit?
1176 2300 1231 2329 Nec
1256 2302 1356 2330 Siciliae
1382 2302 1502 2336 aliquam
1529 2300 1648 2336 Scyllam
1670 2305 1698 2326 et

912 2346 1064 2381 Charybdin
1083 2347 1189 2380 stravit,
1206 2347 1255 2375 sed
1276 2348 1397 2376 virorum
1414 2348 1495 2374 etiam
1512 2346 1630 2382 Cyclone
1652 2346 1698 2373 illo

912 2398 1022 2427 pastore
1040 2392 1131 2421 Siculo
1148 2394 1342 2427 erudeliorum,
1359 2394 1432 2422 mille
1449 2400 1544 2422 contra
1559 2401 1590 2421 se
1611 2398 1698 2420 motas

911 2439 996 2472 acies,
1011 2446 1063 2466 non
1076 2441 1212 2468 consertis
1226 2441 1362 2473 manibus,
1381 2449 1431 2468 uec
1450 2440 1521 2473 telis,
1534 2445 1580 2467 aut
1601 2440 1696 2470 hastis,

912 2485 958 2510 sed
972 2485 1115 2518 prudentia
1130 2491 1157 2512 et
1168 2486 1292 2513 oratione
1315 2486 1415 2520 ubique
1433 2490 1566 2513 terrarum
1580 2485 1696 2518 subegit.

914 2529 963 2557 llic
976 2538 1041 2558 vero
1051 2531 1210 2559 Telchinum
1225 2533 1289 2564 dux,
1297 2537 1325 2559 et
1335 2532 1499 2568 Coryphaus
1510 2537 1696 2566 nuncupatus,

914 2576 1006 2604 lelhali
1021 2582 1132 2612 accepto
1149 2577 1273 2611 vulnere,
1298 2579 1397 2605 bellum
1425 2586 1537 2613 gemens
1563 2577 1697 2611 deplorat.

916 2622 1049 2651 Universa
1081 2624 1144 2650 Asia
1161 2631 1213 2651 non
1242 2631 1323 2659 quam
1353 2624 1393 2652 sic
1418 2631 1490 2652 nunc
1520 2622 1698 2658 appellamus,

725 2746 841 2774 VARl/E
859 2745 1065 2774 LECTIONES.

117 2805 140 2820 ²¹
156 2803 354 2839 προϐάλλουσαι
371 2805 402 2832 Λ,
439 2805 462 2821 ’²
480 2804 599 2839 πλήθους
617 2804 646 2831 Β.

699 2806 722 2821 ’³
737 2805 825 2839 φέρων
841 2804 872 2837 C,
889 2804 986 2840 ἔφερον
1000 2804 1131 2839 Scaliger.

72 2839 255 2873 βαστάζουσαι
269 2849 298 2873 ς.
337 2840 472 2876 θαλάσσης
489 2848 518 2872 ς.
557 2841 579 2856 ¹“
596 2840 666 2876 ἄκρα
685 2849 715 2872 ς.
755 2840 775 2857 ’⁷
793 2841 900 2875 πρῶτον
917 2839 970 2868 om.
984 2840 1015 2867 B.
1054 2840 1076 2857 ⁸⁸
1091 2839 1207 2874 ποιητὰς
1220 2840 1249 2867 (2.

1180 2803 1202 2819 “
1218 2804 1243 2831 λ.
1259 2804 1304 2830 τὸν
1327 2804 1358 2829 ἐν.
1373 2804 1403 2830 Β.
1455 2804 1478 2820 ⁵⁸
1493 2802 1638 2834 στάζουσαι
1651 2801 1671 2829 C
1686 2811 1687 2814 η

1290 2840 1312 2855 η
1325 2837 1369 2874 ἦν]
1386 2839 1444 2866 mm
1464 2838 1493 2876 ᾗ.
