1919 3096
89 147 158 180 1365

164 204 280 240 Ἐτέρου
293 208 511 241 προτρεπτικοῦ
525 210 619 244 λόγου
636 212 804 247 Προοίμιον.

120 250 213 280 Δεινὺς
228 251 257 277 δὲ
269 249 304 286 ἦν
316 252 370 286 ἄρα
383 252 415 278 οὐ
428 255 507 289 χεῖρα
524 255 603 289 μόνον
616 256 683 283 ἀλλὰ
700 258 747 284 καὶ
763 259 877 294 γνώμην

83 294 98 320 6
110 294 262 328 Λύσιππος,
278 294 330 324 Οἴα
348 297 413 333 [605
428 297 474 335 IL]
490 300 555 334 γοῦν
568 302 671 333 ἐκεῖνος
685 302 729 329 διὰ
742 304 793 339 τῆς
813 305 878 331 ἑαυ-

83 339 130 366 τοῦ
155 342 271 376 γνώμης
292 344 461 379 τετόλμηκεν
478 345 485 371 1
507 347 640 382 ἐγγράφει
661 350 719 380 τοῖς
744 349 815 382 θεοῑς
831 351 878 377 τόν

83 386 192 421 καιρὸν,
205 388 253 414 καὶ
266 390 416 424 μορφώσας
443 392 583 428 ἀγάλματι
609 393 658 429 τὴν
682 395 764 429 φύσιν
793 395 878 423 αὐτοῦ

81 431 126 458 διὰ
139 432 190 467 τῆς
210 434 315 466 εἰκόνος
340 436 504 472 ἐξηγήσατο.
522 439 599 473 Ἔχει
622 439 650 465 δὲ
666 436 718 466 ὦδέ
753 449 822 472 πως,
838 440 877 473 ὡς

82 477 132 511 ἐμὲ
151 479 343 514 μνημονεύειν,
354 481 385 508 τὸ
399 481 534 516 δαίδαλμα
543 491 550 498 ·
570 484 646 510 Ποιεῖ
671 484 754 512 παῖδα
766 485 795 512 τδ
809 484 878 518 εἶδος

82 523 181 558 ἁϐρὸν,
196 525 246 559 τὴν
256 526 349 561 ἀκμὴν
359 527 471 562 ἔφηϐον,
488 528 618 562 κομῶντα
643 530 692 564 μὲν
704 530 735 557 τὸ
748 531 781 557 ὲκ
795 539 878 566 ’κρο-

80 569 176 603 τάῳων
199 572 240 601 είς
268 571 403 606 μέτωπον,
422 574 525 608 γυμνὸν
538 574 566 600 δὲ
581 574 611 601 τὸ
630 575 693 602 ὅσον
709 576 815 602 ἐκεῖθεν
829 576 877 603 ἐπὶ

80 615 114 642 τὰ
131 615 208 643 νῶτα
225 617 377 652 μερίζεται,
398 619 501 655 σιδήρῳ
513 619 562 655 τὴν
579 620 668 653 δεξιὰν
692 622 875 658 ὡπλισμένον,

82 660 159 696 ζυγῷ
178 662 229 697 τὴν
248 663 328 690 λαιὰν
340 664 484 699 ἐπέχοντα,
504 666 646 701 πτερωτὸν
662 668 693 693 τὰ
715 669 876 706 σφυρὰ,οὕχ

79 706 117 738 ὡς
134 708 285 743 μετάρσιον
307 709 378 744 ὑπὲρ
402 711 453 745 γῆς
477 711 534 738 ἀνω
560 712 747 747 κουφίζεσθαι,
767 714 877 742 ἀλλ’ἵνα

79 752 167 779 δοκῶν
188 754 334 789 ἐπιψαύειν
350 757 399 791 τῆς
418 757 471 791 γῆς
495 757 613 794 λανθάνῃ
640 759 764 787 κλέπτων
782 761 813 787 τὸ
838 761 875 797 μὴ

80 799 152 826 κατὰ
163 800 217 835 γῆς
226 801 423 837 ἒπερείδεσθαι,
439 804 468 830 Ὀ
480 803 507 830 δὲ
521 804 653 837 Γλαῦκος,
668 805 772 841 ὥσπερ,
787 804 874 842 οἶμαι,

79 845 166 881 λοχῶν
176 847 242 873 αὐτὸ
248 849 297 882 τῆς
305 848 425 882 ἀγωνίας
431 849 461 876 τὺ
474 850 590 885 καίριον,
602 849 655 886 ἧκέ
664 860 693 877 τε
704 852 750 878 ἐπὶ
759 851 804 879 τὸν
815 861 876 879 στε-

79 892 199 927 φανίτην
217 893 308 927 μόνος,
335 895 382 920 καὶ
409 895 519 930 πρῶτος
551 894 608 930 εἶχε
624 896 646 912 ⁸⁸
660 897 705 923 τὸν
732 898 874 932 στέφανον.

80 937 175 964 Πάντα
188 938 244 974 γὰρ
255 939 327 966 καλὰ
353 941 382 966 ὲν
411 941 512 976 καιρῷ,
523 942 571 968 καὶ
585 941 696 976 τοξότης
714 942 874 976 ἐπίσκοπος,

79 983 151 1014 ὅστις
168 982 225 1010 οἶδε
255 985 351 1021 καίρια
377 986 485 1021 βάλλειν
510 987 673 1022 τοξεύματα.
698 988 754 1015 Καὶ
777 988 808 1023 δὴ
836 990 874 1022 εἰς

78 1029 196 1065 οὺρανδν
211 1031 321 1065 ἀηδόνες
336 1032 390 1059 ἀπὸ
405 1033 458 1067 γῆς
475 1033 613 1060 ῐπτανται·
649 1033 736 1070 τολμᾷ
759 1035 813 1071 γὰρ
830 1036 875 1062 ἀν-

79 1073 156 1107 άγειν
179 1074 249 1110 ὑπὲρ
262 1075 336 1111 ᾠδῆς
364 1077 403 1108 εις
422 1077 504 1103 αὑτὸν
517 1077 573 1112 [τὸν
580 1077 614 1113 ⁵³]
638 1078 752 1114 οὐρανὸν
766 1080 779 1105 6
792 1079 875 1114 μῦθος

77 1119 201 1154 ὄρνιθας.
218 1117 305 1148 Ἧκον
329 1121 377 1148 οὖν
407 1122 485 1157 παρὰ
505 1122 551 1149 τὸν
578 1123 686 1150 κύκνον.
708 1124 736 1151 '0
749 1124 770 1150 δ’
780 1125 874 1160 ἔτυχεν

78 1165 123 1190 ἐπι
137 1173 215 1197 τινος
240 1165 373 1201 λειμῶνος
389 1167 485 1203 ἠρινοῦ
501 1168 563 1202 ἄρτι
588 1169 702 1204 Ζεφύρῳ
720 1170 787 1205 πρὸς
803 1170 874 1205 ᾠδὴν

77 1210 213 1238 ἐκδιδόναι
228 1211 333 1246 μέλλων
353 1212 403 1244 τὰς
415 1213 565 1248 πτέρυγας.

172 1256 224 1283 Ἐκ
240 1257 293 1284 τοῦ
303 1258 345 1289 εὶς
360 1258 414 1284 τὸν
426 1259 542 1292 νέηλυν
549 1259 603 1286 τὸν
618 1260 781 1294 Αίγύπτιον

111 1301 217 1336 Πήχεις
230 1302 256 1328 οἱ
270 1302 293 1318 ⁵⁸
310 1303 456 1337 Αἰγύπτιοι
486 1305 535 1338 τὴν
561 1305 676 1340 αὔξησιν
704 1306 752 1333 τοῦ
773 1307 872 1334 Νείλου

76 1348 312 1383 προσαγορεύωσι
329 1349 362 1382 ⁸⁵,
381 1350 428 1376 καὶ
458 1350 588 1386 μετροῦσι
605 1351 630 1367 ⁸⁸
643 1352 677 1380 τὰ
693 1353 814 1387 νάματα,
825 1354 872 1380 καὶ

78 1395 234 1428 πανήγυρις
258 1395 351 1426 αὐτοῖς
366 1395 381 1421 6
397 1396 487 1431 πῆχυς
500 1395 615 1430 γίνεται.
642 1397 698 1423 Καὶ
723 1398 786 1429 τοὺς
807 1406 870 1432 γεν-

77 1440 167 1471 ναίους
180 1440 240 1474 ὅψει
253 1441 308 1468 τῶν
322 1442 490 1477 στρατηγῶν
505 1442 553 1469 ἀπ’
565 1442 719 1470 ἐλαττόνων
731 1444 870 1479 τροπαίων

77 1486 125 1517 τὰς
138 1487 241 1521 μυρίας
268 1487 346 1519 νίκας
370 1488 566 1523 κηρύττοντας.
589 1489 695 1524 Μικρὸς
708 1487 742 1524 ἦν
759 1491 788 1516 ὲν
808 1491 871 1525 ’Λρ-

77 1533 194 1566 τεμισίῳ
219 1532 405 1568 Θεμιστοκλῆς
430 1534 513 1569 (κατὰ
529 1534 551 1550 ⁸⁷
572 1535 626 1570 γὰρ
651 1535 705 1561 τῶν
729 1537 906 1583 προπατό-Ο

78 1585 130 1611 ρων
144 1577 168 1593 ⁵⁸
181 1577 222 1604 ἔτι
241 1578 296 1604 τῶν
316 1578 450 1613 βασιλέως
464 1579 613 1614 ὴρίστευε),
628 1580 729 1614 μείζων
751 1581 781 1607 ὲν
796 1581 870 1608 Ψυτ-

75 1622 162 1658 ταλίᾳ,
182 1622 270 1657 μέγας
286 1623 331 1649 ἐπὶ
339 1623 487 1658 Σαλαμῖνα·
506 1624 636 1656 ἑὸάπτιζε
649 1625 704 1660 γὰρ
722 1626 787 1660 ὃλην
801 1627 860 1653 ἐκεῖ

75 1667 124 1702 τὴν
141 1669 238 1694 Ἀσίαν
256 1669 422 1704 μαχόμενος.

233 1713 314 1749 [1129
331 1714 376 1750 R.|
393 1716 445 1742 Ἐκ
455 1715 477 1732 ’⁵³
493 1718 732 1750 προπεμπτικοῦ.

109 1760 163 1786 Καὶ
181 1759 260 1786 τοῦτο
277 1760 326 1794 μὲν
339 1761 404 1792 ἴσως
420 1761 511 1793 καλῶς
523 1763 621 1793 ποιεῖς·
646 1763 753 1798 ἀνάγκη
772 1763 827 1800 γὰρ
838 1763 869 1799 δή

77 1812 127 1831 που
144 1805 192 1832 τὸν
207 1806 379 1832 ἐπαινεῖσθαι
393 1806 556 1842 βουλόμενον
585 1809 633 1835 καὶ
663 1809 718 1835 τῶν
740 1808 869 1844 πράξεων

77 1850 191 1877 ἐκείνων
207 1851 363 1886 ἐπιθυμεῖν,
376 1852 422 1886 ἀφ’
435 1849 473 1880 ὧν
487 1853 604 1889 ὑπάρχει
619 1854 650 1880 τὸ
666 1854 867 1890 θαυμάζεσθαι.

77 1897 111 1923 Οὐ
131 1896 189 1931 γὰρ
213 1897 354 1932 ἀπέχρησε
378 1899 435 1930 τοῖς
463 1899 543 1926 παισὶ
571 1900 605 1926 τὰ
632 1899 680 1926 τοῦ
704 1900 868 1936 Περικλέους

77 1942 317 1979 σεμνολογήματα,
344 1943 402 1971 ἀλλ’
428 1944 534 1976 ἀνάξιοι
545 1945 594 1980 τῆς
610 1945 740 1981 πατρῴας
764 1947 866 1982 ἀρετῆς

74 1989 215 2023 γενόμενοι
234 1989 358 2024 μείζονος
375 1989 462 2024 δήπου
476 1990 603 2025 διαϐολῆς
619 1991 708 2018 αἰτίαν
727 1992 777 2028 τὴν
808 2001 862 2020 πα-

74 2033 164 2070 τρῴαν
177 2034 256 2067 δόξαν
270 2035 433 2071 ἐκτήσαντο.
450 2037 504 2063 Καὶ
533 2037 639 2064 πολλῶν
655 2038 684 2064 δὲ
695 2038 799 2073 ξᾶλλων
817 2039 866 2066 ἅν-

75 2080 144 2114 δρῶν
169 2081 291 2116 ἀρίστων
312 2082 442 2116 γεγόνασι
460 2083 566 2117 παῖδες,
582 2081 622 2116 οἷς
635 2084 738 2112 ἅπασιν
751 2085 781 2112 οὑ
797 2086 867 2121 πρὸς

76 2127 217 2161 ἐγκωμίου
231 2126 322 2160 πλέον,
335 2127 447 2163 ἐλεγχος
459 2128 488 2154 δὲ
501 2129 601 2160 κακίας
620 2129 729 2164 ἐγένετο
754 2131 788 2158 τὰ
811 2131 866 2158 τῶν

76 2172 203 2207 πατέρων
223 2172 353 2206 ὀνόματα.
377 2173 424 2204 Τίς
440 2171 497 2206 οὖν,
511 2174 576 2206 ἴσως
593 2175 627 2200 ἂν
650 2175 735 2210 ἐρεῖς,
754 2176 770 2210 ή
785 2175 867 2211 θερα-

75 2216 136 2242 πεία
150 2216 198 2243 τοῦ
207 2217 253 2243 νοῦ
268 2225 276 2250 ;
295 2217 379 2252 ἀρετὴ
397 2218 444 2244 καὶ
458 2218 549 2252 λόγος,
563 2219 579 2254 ή
604 2219 654 2254 μὲν
669 2219 792 2255 ἄρχουσα
817 2221 866 2247 καὶ
885 2231 904 2258 D

75 2261 261 2288 ὲπιστατοῦσα
286 2263 326 2297 τῷ
345 2263 428 2298 λόγῳ,
443 2265 457 2290 6
481 2264 521 2297 δὲ,
553 2265 680 2301 καθάπερ
709 2275 752 2298 τις
781 2266 868 2298 δεξιὸς

75 2306 182 2341 ἀγαθῆς
210 2307 344 2341 βασιλίδος
378 2309 512 2343 διάκονος,
537 2310 572 2337 τέι
595 2310 703 2347 ἐκείνης
733 2311 868 2339 ἐπιτελῶν

77 2352 176 2387 σπουδῇ
187 2353 261 2388 πάσῃ
277 2355 317 2385 είς
333 2354 413 2390 ἔργον
425 2364 455 2381 τε
469 2355 544 2389 ἄγων
559 2357 772 2392 προστάγματα.
787 2358 867 2385 Ἐστι

76 2397 121 2424 καὶ
132 2397 214 2429 ἄλλος
229 2399 335 2432 ἀρετῶν
353 2392 449 2434 μυρίος
463 2400 551 2435 χορὸς,
568 2401 598 2427 ὃν
615 2401 723 2429 ἅπαντα
739 2403 866 2439 εὑρήσεις

77 2443 141 2469 εἵσω
174 2445 300 2475 παιδείας
331 2445 491 2481 ἀνακτόρων
517 2446 673 2481 γενόμενος.
701 2448 810 2480 Ταύτας
839 2449 868 2475 δὲ

76 2487 168 2521 ὥσπερ
184 2489 311 2524 τιθηνοὺς
326 2491 373 2517 καὶ
388 2491 512 2526 μητέρας
526 2492 638 2520 ἐκείνων
654 2492 718 2529 [606
733 2493 780 2530 11.]
803 2503 868 2529 προ-

77 2532 144 2565 ξενῶ
158 2535 182 2550 ⁵⁸
200 2534 232 2561 τὲ
248 2543 288 2562 σοι
304 2536 351 2562 καὶ
366 2536 438 2572 φημὶ
457 2537 490 2572 δὴ
512 2537 545 2564 δι’
556 2539 669 2565 ἐκείνων
688 2539 735 2565 καὶ
747 2541 797 2574 τῆς
809 2540 863 2567 τῶν

78 2579 214 2615 ἐχομένων
245 2580 333 2617 θήρας
349 2581 504 2616 ἐφίεεσθαι.
521 2584 552 2610 ΟΞ
564 2583 592 2610 δε
617 2584 712 2616 παῖδες
729 2585 863 2612 ἀπολελυ-

610 155 870 189 BlBLIOTHECA.
891 170 927 176 —
944 161 1024 192 COD.
1043 157 1194 194 CCXLII‘I.

1654 169 1719 201 I366

1068 219 1110 246 Ex
1124 220 1178 247 alia
1193 220 1323 248 suasoria.
1339 236 1371 241 —
1390 220 1558 250 Prooemium.

967 263 1097 300 Lysippus
1124 266 1215 300 itaque
1236 275 1287 294 non
1311 268 1435 295 mallibus
1457 268 1555 301 solum,
1572 269 1618 296 sed
1636 269 1717 296 etiam

929 309 1037 345 ingenio
1056 311 1176 346 insignis.
1194 312 1288 345 Qualia
1306 314 1378 340 enim
1398 314 1442 340 ille
1458 314 1491 342 ab
1514 314 1622 348 ingenio
1637 323 1720 343 ausus

928 355 987 382 est?
1009 356 1132 390 Depiuxit
1156 357 1208 384 diis
1226 357 1408 390 occasionem,
1427 363 1456 385 et
1480 359 1597 394 imagine
1623 360 1719 387 adum-

928 401 1020 433 braus,
1033 407 1156 429 naturam
1171 401 1228 437 ejus
1239 411 1286 438 per
1297 403 1403 432 colores
1416 405 1550 440 exposuit.
1567 405 1612 432 Sic
1628 411 1718 432 autem

928 445 1071 473 artificium
1086 453 1215 481 quantum
1233 449 1296 476 licet
1311 450 1477 482 meminisse,
1493 458 1522 478 se
1547 450 1637 478 habet.
1655 450 1719 478 Pin-

927 492 964 527 gil
978 493 1121 527 quemdam
1137 493 1220 529 ﬁgura
1241 499 1321 523 aetate
1338 501 1492 529 venustum,
1508 496 1653 530 ephebum,
1671 504 1719 524 co-

928 543 1029 564 matum
1054 546 1070 566 e
1091 540 1257 573 temporibus
1281 540 1314 567 ad
1339 540 1453 568 frontem
1476 549 1584 577 usque:
1603 542 1666 569 hinc
1683 542 1716 569 ad

928 587 1002 618 terga
1017 591 1101 618 usque
1116 585 1226 618 nudum,
1243 586 1367 613 dextram
1387 592 1518 614 armatam
1537 587 1619 620 ferro,
1633 591 1662 615 et
1678 592 1717 615 te-

927 633 1035 656 nentem
1061 630 1172 657 sinistra
1195 630 1339 665 bilancem,
1361 632 1441 659 alatis
1469 633 1580 667 plantis,
1607 641 1658 660 non
1686 638 1717 660 ut

927 673 1050 701 sublimis
1061 682 1142 708 super
1153 680 1251 703 terram
1264 677 1290 703 in
1304 677 1387 704 altum
1401 676 1540 710 efferatur,
1554 678 1599 705 sed
1617 684 1646 704 ut
1662 683 1717 706 ter-

928 727 984 746 ram
1000 721 1133 755 attingere
1143 722 1275 755 videatur,
1290 723 1428 757 ignoretur
1443 730 1505 750 vero
1517 723 1621 751 occulte
1637 728 1717 750 terra:

928 766 1062 793 insistere.
1093 767 1210 795 Glaucus
1235 774 1334 802 autem,
1364 774 1392 796 ut
1422 769 1550 801 arbitror,
1578 770 1716 797 occultans

928 813 998 840 hanc
1015 814 1172 841 certaminis
1189 815 1370 848 occasionem,
1387 815 1463 843 solus
1478 816 1510 842 ad
1527 820 1715 842 coronatorem

929 859 1011 892 venit,
1026 864 1053 886 et
1065 861 1168 894 primus
1182 868 1310 887 coronam
1325 862 1437 896 accepit.
1451 860 1547 888 Omnia
1560 862 1631 888 enim
1644 861 1716 888 bona

929 905 955 932 in
969 905 1121 940 occasione,
1149 909 1176 933 et
1200 906 1313 942 diligens
1333 907 1468 942 jaculator
1493 912 1544 940 est,
1570 907 1615 942 qui
1642 906 1717 934 novit

926 957 1078 986 opportuna
1101 952 1153 980 tela
1175 953 1293 980 mittere.
1322 953 1454 981 Luscinia:
1476 961 1542 981 sane
1562 959 1664 981 eterra
1688 953 1716 980 iu

927 997 1024 1024 cwlum
1037 998 1160 1026 volitant.
1179 998 1280 1026 Fabula
1296 999 1367 1026 enim
1386 1000 1466 1026 audet
1483 1000 1511 1026 in
1525 999 1623 1026 coelum
1635 1003 1715 1026 cantu

926 1050 989 1070 aves
1005 1044 1108 1072 tollere.
1126 1044 1244 1072 Veniunt
1260 1045 1342 1079 igitur
1364 1045 1396 1071 ad
1411 1044 1525 1076 olorem,
1550 1044 1596 1076 qui
1616 1044 1716 1070 mansit

926 1088 952 1114 iu
967 1095 1063 1122 campo
1078 1089 1194 1124 quodam
1211 1097 1304 1122 verno,
1321 1091 1406 1117 donec
1420 1089 1544 1125 Zephyro
1558 1089 1592 1117 ad
1603 1092 1714 1116 cantum

924 1134 1076 1169 explicaret
1091 1135 1159 1163 alas.

1041 1266 1083 1294 Ea:
1098 1267 1217 1294 oratione
1231 1267 1258 1294 in
1271 1266 1401 1294 crudelem
1418 1266 1586 1302 zEgyptium.

960 1311 1080 1348 [Egyptii
1094 1314 1290 1340 incrementum
1303 1313 1354 1339 Nili
1369 1320 1417 1347 per
1427 1313 1533 1340 cuhitos
1544 1311 1713 1343 denuntiant,

923 1364 949 1386 et
962 1367 1088 1386 mensura
1102 1360 1248 1386 metiuntur
1259 1367 1354 1393 aquas,
1373 1363 1399 1386 et
1415 1359 1522 1386 cubitus
1532 1358 1584 1386 illis
1600 1359 1714 1386 materia

925 1405 1010 1433 laudis
1024 1411 1074 1433 est.
1091 1406 1230 1440 Ducesque
1245 1410 1371 1433 strenuos
1383 1405 1486 1432 videbit
1498 1405 1606 1437 tropaeis
1627 1404 1714 1431 mino-

923 1451 998 1478 ribus
1013 1451 1085 1479 mille
1098 1452 1224 1479 victorias
1236 1452 1396 1486 prazdicarc.
1414 1451 1516 1479 Parvus
1530 1451 1579 1478 fuit
1594 1451 1618 1477 in
1635 1451 1715 1477 Arte-

924 1495 1204 1522 utisioThemistocles
1216 1495 1327 1530 (etenim
1339 1502 1419 1527 supra
1434 1495 1505 1529 regis
1513 1495 1629 1528 majores
1644 1502 1715 1528 prie-

923 1539 995 1567 clare
1007 1539 1102 1575 gessit)
1116 1540 1200 1574 major
1211 1541 1237 1567 in
1252 1540 1381 1576 Psytalia,
1396 1548 1510 1574 magnus
1524 1540 1550 1567 iu
1564 1539 1713 1567 Salamine.

923 1585 979 1613 Illic
999 1585 1072 1613 enim
1094 1590 1177 1613 totam
1196 1586 1289 1613 Asiam
1305 1587 1450 1620 pugnando
1465 1585 1606 1613 demersit.

1205 1717 1230 1745 E
1241 1719 1429 1753 propemptica.

958 1762 990 1790 Et
1004 1763 1055 1790 hoc
1067 1761 1180 1790 forsitan
1198 1767 1273 1791 recte
1291 1763 1368 1791 facis.
1396 1763 1462 1790 Nam
1487 1771 1599 1791 necesse
1620 1765 1713 1799 utique

921 1813 973 1841 est,
992 1815 1053 1835 eum
1068 1809 1114 1844 qui
1131 1809 1235 1836 laudari
1248 1809 1392 1839 desiderat.
1412 1810 1493 1838 etiam
1508 1818 1552 1838 res
1562 1811 1621 1838 illas
1638 1811 1710 1838 desi-

921 1854 1018 1881 derare
1042 1854 1112 1881 unde
1133 1854 1190 1881 laus
1207 1856 1339 1889 procedit.
1354 1855 1413 1883 Non
1431 1857 1502 1883 enim
1519 1856 1580 1884 filiis
1600 1856 1714 1885 Periclis

919 1899 1050 1934 praeclare
1065 1903 1138 1933 gesta
1153 1899 1328 1933 suffecerunt,
1344 1902 1391 1928 sed
1407 1902 1509 1937 indigni
1527 1907 1638 1936 paterna
1658 1902 1714 1929 vir-

921 1949 977 1972 tute
992 1945 1162 1980 exsistentes,
1182 1946 1281 1981 372a
1303 1947 1335 1973 ad
1360 1948 1469 1981 majoris
1493 1949 1714 1984 reprehensionis

921 1990 1062 2016 materiam
1079 1996 1220 2024 paternam
1235 1991 1419 2019 celebritatem
1439 1993 1529 2028 adepti
1546 1998 1622 2020 sunt.
1637 1993 1713 2020 Alio-

920 2043 1033 2070 rumque
1049 2035 1095 2063 filii
1108 2035 1251 2063 multorum
1265 2036 1373 2064 fortium
1388 2038 1505 2065 virorum
1517 2037 1603 2071 fuere,
1614 2039 1714 2073 quibus

919 2081 1044 2108 omnibus
1058 2087 1197 2116 parentum
1209 2082 1293 2117 gloria
1307 2091 1358 2109 non
1375 2084 1406 2110 ad
1425 2083 1573 2117 pleniorem
1590 2084 1710 2116 laudem,

919 2127 966 2154 sed
993 2128 1027 2154 ad
1055 2127 1236 2161 improbitatis
1264 2129 1464 2156 accusationem
1494 2129 1554 2156 fuit.
1587 2129 1712 2157 Forsitan

920 2173 1022 2200 dixeris
1042 2172 1108 2205 Quis
1125 2182 1131 2200 :
1147 2173 1230 2208 igitur
1252 2175 1306 2201 erit
1329 2175 1428 2203 mentis
1445 2175 1553 2203 cultus?
1569 2174 1661 2203 Virtus
1685 2180 1713 2203 et

921 2219 1083 2253 eloquentia.
1102 2218 1146 2245 llla
1162 2219 1274 2253 quidem
1295 2220 1432 2255 imperans
1445 2227 1472 2249 et
1497 2222 1640 2249 dominans
1653 2223 1714 2250 elo-

920 2263 1038 2297 quentizu
1055 2272 1062 2290 :
1082 2264 1138 2290 haec
1153 2271 1219 2291 vero
1244 2269 1371 2298 tanquam
1395 2265 1482 2294 fidelis
1510 2267 1586 2294 bona:
1611 2267 1713 2302 regium

921 2309 1055 2340 ministra,
1084 2308 1156 2336 illius
1181 2315 1315 2345 prmcepta
1337 2311 1410 2338 omni
1436 2312 1611 2339 contentione
1633 2313 1713 2347 perfi—

920 2354 1005 2380 ciens.
1022 2352 1068 2380 Est
1078 2358 1105 2382 et
1115 2354 1251 2389 multiplex
1266 2356 1396 2383 virtutum
1409 2357 1520 2390 chorus,
1531 2365 1611 2392 quem
1625 2362 1711 2386 totum

920 2399 1040 2427 invenies
1057 2399 1085 2427 in
1102 2401 1305 2436 disciplinarum
1319 2403 1459 2438 gymnasio
1478 2411 1601 2436 versans.
1622 2405 1672 2433 has
1683 2409 1712 2432 ut

922 2445 1043 2473 nutrices
1056 2451 1083 2472 ct
1097 2451 1198 2474 matres
1213 2455 1306 2475 earum
1324 2449 1371 2476 tibi
1385 2450 1574 2478 conciliantes.
1596 2451 1627 2477 Et
1647 2459 1713 2478 sane

922 2491 983 2518 dico
997 2499 1046 2526 per
1059 2492 1108 2518 has
1130 2492 1236 2520 illarum
1262 2494 1419 2523 fruitioncm
1442 2497 1630 2524 adventuram.
1650 2496 1711 2524 Filii

922 2547 987 2567 vero
1001 2548 1016 2567 a
1033 2543 1248 2577 pra:ceptoribus
1265 2543 1394 2576 abdicati,
1414 2543 1440 2570 iu
1457 2545 1551 2571 urbem
1569 2544 1641 2570 illam
1662 2543 1712 2569 du-

921 2587 1063 2615 cebantur.
1080 2587 1165 2617 Midas
1186 2588 1277 2624 Phryx
1295 2588 1351 2625 (50)
1365 2591 1479 2624 cupiens
1491 2590 1618 2626 Satyrum
1635 2597 1712 2617 cout-

715 2652 832 2681 VAlll/E
862 2654 1064 2684 LECTIONES.

111 2693 134 2709 δ’
150 2691 207 2728 εἷχε
219 2694 261 2721 AC
281 2703 287 2721 :
304 2691 359 2722 εἷλε
379 2705 409 2728 ς.

80 2728 99 2743 ⁸⁷
114 2729 194 2764 κατὰ]
223 2731 270 2756 καὶ
299 2732 332 2757 Α.

81 2764 272 2798 πῳξενοῦπές
291 2774 321 2798 ς.

461 2698 483 2714 ⁸³
495 2698 541 2724 τὸν
563 2705 617 2725 om.
631 2698 687 2726 AC.
726 2699 750 2716 “
764 2701 788 2726 οἱ
803 2707 857 2726 om.
871 2700 902 2727 (Σ.

384 2731 408 2748 ⁸⁸
421 2732 615 2769 προπατόρων]
643 2734 772 2770 πρόπλων
804 2734 1017 2766 Werllsilorlius.

960 2701 982 2739 ξ’
996 2703 1212 2739 προαγορεύουσι
1228 2703 1260 2731 C.

1307 2703 1390 2740 ⁸⁶Ῠκαὶ
1416 2703 1507 2740 μέτρῳ
1527 2704 1656 2740 μετροῦσι
1670 2712 1708 2740 ῖς.

1081 2738 1102 2755 ⁸³
1116 2741 1147 2766 ἐκ
1161 2738 1204 2766 AC
1218 2748 1224 2766 ι
1239 2740 1270 2766 ὲκ
1301 2739 1348 2766 τοῦ
1375 2748 1404 2772 ς.

1452 2741 1475 2756 ⁸⁰
1490 2739 1611 2775 προξενῶ
1619 2740 1650 2766 τι
1663 2739 1685 2767 G
1700 2748 1710 2766 ι

833 2816 948 2845 ΝοτΛ-Ζ.

116 2858 172 2894 (50)
193 2859 279 2889 Midas
293 2861 394 2898 Phryx,
408 2862 504 2897 dequo
519 2862 589 2890 Max.
609 2862 672 2898 'l‘yr.
691 2872 768 2892 scrm.
783 2865 827 2891 50.
