1919 3096
196 143 261 176 1367

776 145 912 177 PHO'I‘II
927 145 1180 177 PATRIARCH/E
1194 147 1249 178 (ΣΡ.

1763 144 1830 176 1368

194 201 372 235 prehendere,
393 201 457 228 vino
473 207 571 236 aquam
589 200 696 234 miscet,
720 206 749 229 et
767 210 864 230 somno
879 207 988 238 captum

1049 202 1118 229 ιένοι
1133 201 1300 230 διδασκάλων
1313 201 1364 237 τὴν
1385 201 1463 228 πόλιν
1481 200 1503 217 ³⁸
1519 200 1626 236 ἐκείνην
1639 199 1776 235 ἔπεμπον.
1799 200 1830 227 ’0

194 252 222 274 et
233 253 341 283 sopore,
355 246 484 285 Satyrum
499 251 661 275 venatorum
679 255 755 276 more
768 249 986 284 comprehendit.

197 385 241 413 Ea:
253 385 372 413 oratione
383 390 586 419 extemporanea
597 394 624 413 tn
635 386 790 423 seditionem
801 395 883 423 prope
897 387 988 415 ludum

395 423 579 448 concitantem.
597 436 620 442 ο
635 421 793 450 Εέεοηιὶιιηι.

230 469 273 496 An
289 468 397 504 aliquod
413 468 439 494 in
454 468 557 495 nostris
570 468 751 500 orationibus,
764 468 856 501 amici.
869 469 989 497 modica-

197 519 318 541 mentnm
333 517 375 541 est
385 513 418 540 ad
434 513 597 540 discordiam
611 513 757 540 sedandam
770 514 952 542 conveniens?
964 519 990 542 et

197 560 262 594 quid
281 563 372 586 nostra
388 566 434 586 ars
450 563 552 585 tantum
570 558 742 586 eﬂlorescere
753 560 838 595 cupit,
859 565 989 595 quantum

198 606 333 634 Humerus
347 607 379 632 de
392 609 499 632 Cratere
513 604 631 637 Helenae,
656 612 736 640 quem
752 604 826 632 Jovis
842 606 930 641 proles
942 607 990 634 ho~

199 650 316 684 spitibus
336 649 503 684 porrigebat,
524 649 550 676 in
574 648 701 685 lacryntis
719 649 993 686 Menelaiconﬁngit?

199 695 240 722 vel
255 694 362 721 Helena:
378 694 506 728 poculum
522 701 576 720 non
590 693 673 721 herba
689 694 778 729 aliqua
796 694 857 727 fuit.
875 703 930 722 non
947 703 992 723 ars

200 741 322 774 quaedam
334 739 459 775 [Egyplia
470 739 584 766 hilarem
598 745 692 775 potum
705 748 860 776 przrparare
871 741 968 768 edocta
983 750 989 768 :

200 787 246 814 sed
261 786 348 813 dulcis
368 786 476 819 quidam
497 792 589 813 sermo
605 789 632 813 et
649 786 768 821 sapiens,
784 792 882 821 potens
904 787 993 814 instar

200 831 391 859 medicamenti
411 831 582 859 iracundiam
598 832 626 860 in
647 832 737 860 medio
748 837 859 867 pectOre
871 836 991 860 aestuan-

1038 248 1067 275 δὲ
1079 248 1172 284 Φρὺξὸ
1183 248 1271 280 Μίδας
1291 247 1362 275 ἑλεῖν
1389 247 1504 282 θελήσας
1519 247 1542 263 ⁸¹
1556 247 1601 273 τὸν
1627 247 1749 281 Σάτυρον
1763 247 1828 281 οἴνῳ

1040 295 1195 329 φαρμάττει
1206 293 1242 320 τὰ
1255 293 1375 328 νάματα,
1387 294 1434 320 καὶ
1445 293 1530 329 δήσας
1546 292 1624 328 ὕπνῳ
1653 293 1703 320 καὶ
1721 290 1828 328 κώματι

1040 339 1127 374 Θήραν
1142 339 1260 365 ἐποιεῖτο
1281 338 1328 365 τὸν
1340 339 1472 372 Σάτυρον.

1047 385 1098 412 Ἐκ
1115 384 1168 412 τοῦ
1176 383 1226 411 ἐπὶ
1245 383 1284 418 τῇ
1296 384 1373 410 κατὰ
1394 383 1452 417 τὴν
1465 383 1623 418 διατριϐὴν
1652 383 1761 410 στάσει
1776 385 1830 410 αὑ-

1216 419 1387 453 τοσχεόιου.
1396 434 1432 438 -
1441 419 1476 446 Τὸ
1485 420 1652 453 Προοίμιον.

1078 462 1153 499 Ἀρά
1162 473 1190 492 τι
1202 466 1248 492 καὶ
1267 465 1296 492 ὲν
1310 465 1367 496 τοῖς
1381 464 1526 500 ἡμετέροις
1538 464 1629 498 λόγοις
1643 464 1731 494 ἐστὶν.
1746 461 1770 491 ὦ
1786 465 1832 499 φῖ-

1040 510 1093 543 λοι,
1115 511 1260 546 φάρμακον
1283 510 1342 546 ἔριν
1369 510 1493 546 κοιμίσαι
1527 510 1699 545 δυνάμενον;
1729 511 1778 536 καὶ
1803 509 1830 536 τί

1042 557 1168 594 βούλεται
1178 558 1300 584 τοιοῦτον
1309 557 1333 574 ⁵³
1347 557 1395 584 καὶ
1412 557 1429 592 ἡ
1446 556 1511 592 παρ’
1521 557 1676 592 ἡμῖντέχνη
1694 556 1832 583 νεανιεύε-

1043 603 1117 636 σθαι,
1131 604 1222 631 ὁποῖον
1234 604 1258 619 ⁸⁵
1270 603 1394 638 Ὅμηρος
1411 602 1455 630 διὰ
1468 602 1515 629 τοῦ
1534 604 1672 638 κρατῆρος
1687 602 1736 629 τοῦ
1750 603 1799 637 τῆς
1809 603 1832 619 ⁸⁸

1047 649 1158 685 Ἑλένης
1187 649 1346 681 αἰνίττεται,
1361 649 1391 676 δν
1402 649 1420 684 ἡ
1438 648 1485 676 τοῦ
1495 649 1557 680 Διὸς
1585 650 1650 680 παῖς
1673 650 1730 680 τοῖς
1748 649 1834 681 ξένοις

1044 695 1151 731 ἵστησιν
1178 696 1208 722 ὲν
1231 695 1370 722 Μενελάου
1393 694 1559 730 δακρύουσιν
1571 695 1610 727 ¹⁶;
1626 695 1642 730 ἢ
1659 697 1707 722 καὶ
1730 696 1762 721 τὸ
1784 695 1835 730 τῆς

1047 741 1157 776 Ἑλένης
1167 740 1314 776 φάρμακον
1340 740 1370 767 οὐ
1380 740 1433 767 πόα
1447 749 1490 772 τις
1505 739 1550 776 ἧν,
1564 740 1625 767 οὒδέ
1639 749 1680 772 τις
1697 741 1835 774 Αἰγυπτία

1042 787 1125 823 τέχνη
1141 786 1274 822 νηπενθὲς
1301 786 1378 822 πόμα
1403 786 1584 819 σκευάζουσα,
1600 786 1670 813 ἀλλά
1699 795 1742 818 τις
1755 786 1836 820 λόγος

1044 833 1109 868 ἡδὺς
1123 833 1171 860 καὶ
1186 833 1335 867 πάνσοφος,
1350 832 1498 868 φαρμάκου
1509 831 1588 867 δίκην
1603 831 1699 859 σϐέσαι
1719 832 1837 866 δυνάμε-

201 882 255 906 tem
267 878 451 913 exstinguere.
467 878 494 905 In
506 877 654 913 Egyptutn
665 878 755 912 poesis
766 878 883 905 fabulam
895 878 991 910 trahit,

1049 887 1090 910 νος
1108 877 1194 913 θυμὸν
1210 879 1243 905 ὲκ
1260 878 1346 913 μέσης
1372 877 1485 912 καρδίας
1501 876 1596 909 ζέοντα
1611 886 1619 910 ;
1633 877 1737 911 ἀπάγει
1752 877 1782 904 δὲ
1796 878 1835 909 είς

201 927 232 951 nt
246 931 305 952 eam
324 928 439 951 matrem
455 924 621 959 argutiarum
645 923 776 952 insinuet.
795 925 930 951 Parumne
947 932 993 952 rex

201 969 348 1002 aliquando
367 969 474 1005 sapuit?
491 977 545 996 non
563 969 691 1005 permisit
710 969 736 996 id
752 969 924 1002 Timotheus,
946 970 994 997 sed

200 1019 282 1042 cantu
301 1015 327 1042 in
350 1016 448 1042 coelum
469 1023 555 1050 usque
571 1015 642 1050 regis
659 1015 779 1042 animum
800 1014 925 1042 abduxit.
940 1015 994 1042 lm-

203 1061 378 1089 rnodcrateue
398 1061 534 1088 aestuabat
549 1061 676 1088 animus?
691 1069 808 1096 praesens
827 1061 870 1089 ille
891 1062 994 1089 elatum

201 1107 323 1134 animum
351 1107 488 1142 pulsando
515 1107 650 1134 citharam
679 1106 819 1134 domabat.
846 1105 995 1135 Mtestnsne

201 1153 280 1180 erat?
297 1152 388 1180 Slalim
405 1152 540 1180 ridentem
561 1151 734 1180 ostendebat.
749 1152 791 1179 An
809 1152 995 1187 voluptatibus

201 1197 366 1226 tenebatur?
381 1202 444 1233 post
457 1204 566 1225 cantum
577 1198 669 1224 statim
682 1197 866 1224 castissimum
884 1197 995 1225 videbas

201 1243 398 1274 Alexandrum.
415 1247 453 1277 et,
469 1246 498 1270 ut
512 1243 604 1270 omnia
618 1243 718 1275 dicam,
730 1243 810 1270 talem
823 1242 918 1270 videre
932 1250 994 1270 eum

203 1289 311 1322 licebat,
335 1289 443 1324 qualem
466 1288 515 1316 tibi
542 1296 606 1316 eum
631 1288 792 1317 Timotheus
819 1289 994 1317 reddidisset.

203 1334 308 1369 Mitigat
321 1343 388 1362 aura
406 1335 505 1363 ﬂuctus
520 1335 577 1369 ipse
590 1334 742 1370 Zephyrus.
757 1335 855 1363 Orator
877 1335 994 1369 Alliens,

204 1385 231 1407 et
255 1381 344 1407 oratio
374 1381 466 1408 Graeca
497 1389 549 1408 non
574 1381 650 1408 tollet
673 1381 770 1416 37gb
794 1381 956 1409 seditionem
972 1382 995 1410 si

204 1426 290 1452 solum
309 1426 465 1460 perorarit‘i
480 1426 548 1453 Cum
563 1426 714 1462 Xenophon
733 1427 862 1455 militaret
879 1427 952 1463 (nam
969 1432 996 1456 et

203 1475 266 1506 post
280 1471 400 1498 Socratis
417 1471 589 1507 disciplinam
601 1473 683 1500 etiam
700 1472 805 1500 hastam
823 1473 907 1508 tulit);
920 1474 998 1508 inge-

1043 923 1183 958 Αἴγυπτον
1197 923 1243 949 τὸν
1259 922 1343 958 μῦθον
1358 923 1374 957 ἡ
1390 923 1513 956 ποίησις,
1527 922 1571 948 ἵνα
1591 922 1640 957 τὴν
1661 922 1768 958 μητέρα
1781 922 1837 949 τῶν

1045 969 1135 1003 σοφῶν
1148 968 1234 1002 λόγων
1247 968 1394 1004 αἰνίξηται.
1416 967 1541 1003 Ἐφρόνει
1562 968 1629 994 ποτὲ
1649 967 1777 1003 βασιλεὺς
1793 977 1838 1001 μι-

1045 1015 1175 1051 κρότερον
1192 1023 1200 1048 ς
1213 1015 1263 1041 οὐκ
1277 1015 1320 1041 εἴα
1330 1015 1410 1041 τοῦτο
1426 1014 1572 1049 Τιμόθεος,
1589 1013 1656 1040 ἀλλὰ
1673 1014 1722 1040 καὶ
1733 1015 1774 1045 εἰς
1790 1013 1839 1039 οὑ-

1047 1061 1128 1097 ρανδν
1143 1061 1224 1088 αὐτὸν
1239 1061 1324 1096 ἀνῆγε
1335 1061 1357 1077 ⁵⁷
1370 1060 1420 1095 τὴν
1437 1059 1550 1095 γνώμην
1563 1059 1611 1086 τοῦ
1628 1059 1764 1094 βασιλέως
1777 1061 1837 1090 τοῖς

1047 1107 1153 1142 μέλεσι.
1168 1106 1260 1141 Θυμδς
1281 1106 1374 1138 ἐπέξει
1399 1105 1446 1133 τοῦ
1475 1105 1585 1141 μετρίου
1613 1105 1713 1138 πλέον;
1736 1106 1840 1141 ἀφῄρει

1046 1152 1143 1187 παρὼν
1155 1151 1179 1168 ⁸⁸
1203 1152 1309 1183 ἐκεῖνος
1331 1152 1362 1177 τδ
1392 1151 1541 1183 πλεονάζον
1565 1151 1629 1182 τοῖς
1654 1150 1838 1186 κρούσμασιν.

1048 1197 1170 1233 Ἀθυμος
1183 1195 1219 1233 ἦν
1237 1205 1245 1230 ;
1273 1197 1418 1232 μειδιῶντα
1434 1197 1514 1228 εὐθὺς
1532 1196 1555 1213 ¹¹
1576 1196 1694 1224 ἐδείκνυ.
1713 1197 1840 1228 Ἦδοναῖς

1046 1243 1182 1276 ἑνεδίδου;
1197 1240 1268 1275 ιῖδες
1281 1242 1314 1269 ἂν
1329 1242 1411 1274 εὐθὺς
1437 1242 1538 1277 σεμνὸν
1555 1242 1625 1277 μετὰ
1640 1242 1689 1277 τὴν
1703 1243 1840 1277 μουσικὴν

1052 1289 1239 1324 Ἀλέξανδρον.
1252 1288 1308 1316 Καὶ
1322 1288 1352 1315 τὸ
1364 1289 1477 1324 σύμπαν
1497 1289 1596 1320 εἰπεῖν,
1622 1287 1744 1314 τοιοῦτον
1772 1288 1841 1323 ἐξῆν

1046 1335 1113 1371 όρᾷν
1130 1336 1243 1368 ἐκεῖνον,
1257 1335 1348 1362 ὁποῖον
1356 1334 1438 1361 αὑτὸν
1453 1334 1540 1361 ὲποίει
1552 1334 1596 1361 διὰ
1609 1334 1664 1361 τῶν
1672 1334 1842 1370 αὐλημάτων

1047 1382 1192 1417 Τιμόθεος.
1213 1381 1333 1416 Πραῢνει
1346 1381 1468 1416 Ζέφυρος
1480 1382 1542 1412 ταῖς
1557 1380 1655 1417 αὔραις
1667 1381 1702 1407 τὰ.
1713 1381 1840 1416 κύματα·

1053 1429 1176 1460 Ἀττικὸς
1185 1428 1214 1455 δὲ
1223 1429 1316 1463 ῥήτωρ
1328 1428 1375 1454 καὶ
1386 1427 1464 1461 λόγος
1478 1427 1579 1463 Ἕλλην
1595 1428 1625 1454 οὒ
1640 1427 1718 1454 λύσει
1732 1427 1842 1460 στάσιν,

1046 1475 1071 1502 ει
1087 1474 1168 1510 μόνον
1181 1474 1343 1508 φθέγξαιτο;
1358 1475 1392 1501 '0
1407 1482 1436 1501 τε
1449 1473 1575 1509 Ξενοφῶν
1585 1474 1773 1510 ἐστρατεύετο·
1792 1474 1845 1500 καὶ

205 1516 280 1543 nium
293 1517 392 1552 quippe
416 1518 590 1546 commodum
616 1523 643 1546 et
671 1526 832 1554 congruum.
859 1519 994 1548 Delicatus

1049 1521 1101 1555 γὰρ
1107 1519 1153 1547 καὶ
1163 1519 1227 1555 δόρυ
1238 1519 1307 1554 μετὰ
1315 1519 1463 1554 Σωκράτην
1471 1519 1596 1554 Ξενοφῶν
1606 1519 1730 1555 ἤνεγκεν.
1739 1519 1777 1546 Τὸ
1785 1519 1846 1554 γὰρ

203 1561 257 1591 fuit
271 1563 426 1592 Alcibiades
436 1571 498 1591 cum
514 1564 629 1592 Athenis
644 1565 792 1597 habitaret.
807 1565 917 1594 sobrius
931 1574 994 1595 cum

205 1607 408 1637 Laczedemone.
438 1609 538 1638 Persas
568 1615 682 1646 propter
709 1611 820 1639 delicias
849 1613 924 1640 solus
953 1621 997 1640 re-

205 1655 358 1690 prehendit.
373 1655 401 1683 Si
418 1664 482 1684 vero
497 1656 643 1692 aliquando
655 1665 766 1686 necesse
778 1663 851 1686 esset
864 1666 925 1686 eum
936 1667 1000 1693 ope-

205 1709 263 1729 ram
276 1701 343 1729 dure
363 1702 535 1738 eloquentiae.
549 1706 577 1730 et
593 1702 621 1730 in
645 1703 842 1738 pltilos0phicis
863 1704 997 1739 exerceri,

205 1753 293 1775 totum
308 1746 427 1783 Lyceum
445 1752 473 1776 et
493 1748 669 1776 Academiam
696 1750 875 1778 convocabat.
889 1750 998 1778 Texen-

207 1797 248 1821 tes
265 1793 337 1821 hanc
352 1794 385 1820 de
399 1793 454 1822 illis
469 1793 625 1822 historiam.

207 1884 250 1912 Ea:
267 1886 385 1912 oratione
401 1886 430 1913 in
447 1885 586 1913 adt-emunt
606 1886 771 1922 Cypriorum.
788 1902 824 1907 —
838 1887 996 1916 Exordium.

242 1961 332 1989 Poeta:
343 1963 440 1990 Veneri
457 1963 513 1990 dere
526 1963 657 1998 Cyprum,
675 1967 705 1990 ut
722 1963 802 1992 Delon
817 1963 932 1998 Apollini
954 1973 998 1993 as-

206 2008 325 2042 signant.
343 2007 448 2044 Cyprus
471 2009 542 2036 enim
567 2009 631 2036 urbs
658 2014 753 2042 vasta;
776 2011 849 2037 cives
871 2016 999 2038 accurate

205 2052 299 2082 Graece
316 2055 474 2090 loquuntur.
498 2055 570 2082 Mare
589 2054 721 2083 Venerem
743 2064 759 2083 e
783 2056 858 2084 C(nlo
885 2058 998 2093 peperit.

207 2100 304 2127 Partus
320 2108 384 2128 vero
395 2101 456 2133 hos,
472 2101 565 2135 quales
576 2101 721 2136 aliquando
738 2108 810 2135 sunt,
825 2110 903 2130 sacra
915 2104 997 2132 verba

206 2153 319 2182 tangere
338 2146 444 2181 jubent.
472 2146 546 2182 Opus
562 2148 634 2176 enim
658 2153 719 2176 erat
738 2148 871 2177 Venerem
889 2151 996 2178 demum

1050 1565 1151 1600 εὐφυὲς
1164 1565 1345 1601 εὐάρμοστον.
1358 1565 1454 1600 Ἀδρὸς
1468 1562 1503 1600 ἦν
1518 1565 1702 1601 Ἀλκιὸιάδης,
1720 1565 1846 1600 ὁπηνίκα

1049 1612 1116 1646 παρ’
1131 1611 1284 1646 Ἀθηναίοις
1297 1608 1355 1645 εἶχε
1381 1611 1431 1645 τὴν
1444 1610 1560 1638 δίαιταν
1578 1611 1677 1646 σεμνὸς
1691 1608 1726 1645 ἦν
1742 1611 1772 1638 ὲν
1784 1611 1846 1638 Λα-

1049 1656 1202 1692 κεδαίμονι·
1220 1656 1254 1682 τὰ
1270 1655 1383 1691 Περσῶν
1400 1656 1430 1688 ἐς
1451 1656 1558 1691 τρυφὴν
1579 1655 1659 1691 μόνος
1680 1655 1844 1691 ἐξήλεγχεν.

1052 1703 1083 1729 Et
1098 1702 1126 1728 δέ
1140 1710 1206 1729 ποτε
1219 1701 1272 1728 ἔδει
1287 1702 1337 1728 καὶ
1350 1701 1448 1735 λόγους
1463 1701 1608 1736 φροντίσαι
1621 1701 1669 1728 καὶ
1683 1702 1717 1728 τὰ
1731 1701 1846 1736 φιλοσο-

1049 1748 1116 1783 φίας
1125 1747 1330 1783 γυμνάσασῦαι,
1345 1747 1461 1774 Λύκειον
1474 1747 1584 1774 ἅπαντα
1601 1748 1648 1774 καὶ
1669 1747 1848 1784 Ἀκαδημὲαν

1048 1792 1204 1824 ταῖς-αὑτοῦ
1230 1792 1385 1824 συνουσίαις
1404 1791 1557 1827 εἰργάζετο.
1574 1791 1607 1818 Οῑ
1621 1791 1774 1827 κάμνοντες
1795 1791 1848 1826 τὴν

1051 1838 1171 1873 ἱστορίαν
1181 1838 1231 1873 τὴν
1242 1838 1314 1873 ἀμφὶ
1321 1837 1444 1870 τούτους.

1050 1885 1075 1922 [Ι
1081 1885 1092 1912 1
1098 1885 1132 1912 52
1143 1883 1190 1920 IL]
1212 1885 1262 1912 Ἐκ
1276 1884 1330 1912 τοῦ
1337 1885 1385 1922 εἰς
1392 1884 1450 1918 τὴν
1456 1883 1516 1922 τῶν
1524 1883 1662 1918 Κυπρίων
1669 1883 1846 1918 ἐπιδημίαν.

1305 1934 1342 1940 —-
1354 1919 1390 1947 Τὸ
1404 1920 1575 1954 Προοίμιον.

1086 1965 1142 2002 Τὴν
1155 1967 1270 2002 Κύπρον
1303 1966 1328 1992 οἱ
1340 1966 1451 2001 ποιηταὶ
1466 1966 1536 1992 θεῶν
1557 1966 1703 2001 Ἀφροδίτῃ
1719 1963 1849 2000 χαρίζον-

1043 2021 1107 2044 ται,
1129 2012 1224 2048 ὥσπερ
1250 2012 1299 2046 τὴν
1314 2012 1399 2046 Δῆλον
1419 2012 1579 2039 Ἀπόλλωνι.
1597 2013 1630 2039 'Il
1645 2012 1700 2047 γὰρ
1729 2011 1848 2048 Κύπρος

1052 2059 1130 2090 πόλις
1146 2057 1262 2093 μεγάλη·
1277 2057 1358 2093 δῆμοι
1370 2058 1392 2073 ⁵⁸
1407 2058 1457 2092 τὴν
1465 2058 1589 2092 γλῶτταν
1604 2057 1726 2094 ἀκριϐῶς
1743 2057 1846 2093 Ἕλλη-

1050 2113 1106 2136 νες.
1127 2104 1232 2130 Ὤδινεν
1254 2103 1284 2136 ἐξ
1295 2102 1419 2138 Οὐρανοῦ
1431 2103 1481 2138 τὴν
1505 2103 1666 2138 Ἀφροδίτην
1677 2103 1694 2138 ἡ
1711 2102 1845 2129 Θάλαττα·

1050 2151 1100 2182 τὰς
1115 2150 1142 2177 δὲ
1158 2150 1257 2182 ὠδῖνας
1277 2149 1339 2186 [607
1361 2148 1408 2186 ιι]
1424 2149 1537 2181 ταύτας,
1565 2149 1666 2180 αἵτινές
1683 2149 1750 2175 ποτε
1780 2150 1844 2180 εισι.

207 2193 324 2228 concipi.
348 2193 460 2221 Sistitur
487 2199 542 2221 tttm
565 2203 650 2227 mare,
664 2200 691 2222 et
712 2196 804 2223 statim
821 2197 994 2224 serenitatem

1054 2196 1181 2231 μυστικοὶ
1191 2195 1266 2230 λόγοι
1289 2195 1422 2231 κρύπτειν
1447 2194 1598 2222 κελεύουσι.
1628 2195 1685 2221 Καὶ
1711 2194 1765 2220 ἔδει
1790 2195 1845 2230 γὰρ

207 2238 320 2271 inducit,
352 2239 478 2267 mollibus
503 2239 630 2268 ﬂuctibus
654 2245 764 2276 propter
791 2247 897 2276 partum
923 2243 997 2270 illum

205 2285 357 2311 exsultans.
373 2283 481 2320 Vulgari
494 2286 590 2314 Veneri
605 2287 670 2314 nihil
683 2295 744 2315 cum
756 2288 859 2316 caelesti
871 2288 913 2316 illa
924 2297 999 2317 corn-

208 2337 290 2356 mune
305 2335 358 2357 est.
374 2329 503 2358 Producit
522 2331 565 2359 illa
583 2332 715 2368 impuros,
729 2338 756 2361 et
771 2339 865 2362 natura
885 2335 1001 2371 impudi-

207 2382 255 2401 cos
272 2383 379 2403 amores
396 2385 402 2404 :
419 2377 476 2404 haec
490 2385 588 2405 aureos
602 2378 683 2406 habet
700 2380 779 2412 lilios,
793 2384 820 2407 et
835 2388 915 2408 aurea
936 2386 1001 2409 sunt

208 2422 305 2449 horum
327 2423 389 2451 tela.
408 2424 511 2458 Scopus
529 2431 618 2452 autem
636 2433 731 2453 eorum
752 2431 815 2453 sunt
829 2426 952 2462 juvenes,
973 2433 1001 2456 et

208 2467 375 2497 immortales
385 2470 493 2497 animm.

314 2558 359 2587 Ea:
369 2561 487 2588 oratione
499 2562 527 2589 in
543 2563 680 2596 quemdam
700 2563 893 2598 Cappadocmt.

244 2605 302 2632 Non
321 2607 395 2634 venit
413 2607 513 2643 Scytha
537 2608 590 2636 telo
602 2614 695 2637 vectus
716 2618 762 2644 per
774 2610 872 2638 Istrum
891 2612 931 2639 vel
946 2612 1000 2639 Ta-

208 2651 283 2684 nain,
299 2653 345 2681 sed
361 2654 386 2680 in
403 2655 557 2683 universam
573 2660 673 2684 terram
691 2661 719 2683 et
735 2665 819 2685 mare.
836 2657 998 2693 Eloquentia

1049 2242 1142 2269 λοιπὸν
1154 2241 1322 2276 ὲκκυηοῆναι
1337 2241 1386 2275 τὴν
1408 2240 1536 2275 δαίμονα.
1555 2240 1682 2266 Ἱσταται
1695 2239 1746 2274 μὲν
1762 2239 1845 2270 εὐθὺς

1049 2288 1096 2315 καὶ
1112 2288 1173 2322 ἄγει
1188 2287 1309 2322 γαλήνην
1324 2287 1341 2322 ἡ
1354 2286 1485 2318 Θάλαττα,
1503 2285 1618 2317 ἁπαλοῖς
1642 2285 1749 2320 κύμασι
1780 2285 1844 2320 περὶ

1051 2335 1097 2362 τὸν
1127 2335 1208 2362 τόκον
1223 2335 1244 2350 ⁸¹
1273 2333 1463 2370 πορφύρουσα.
1491 2332 1630 2367 Πανδήμῳ
1657 2331 1679 2358 δ’
1697 2332 1845 2367 Ἀφροδίτῃ

1050 2382 1119 2418 πρὸς
1132 2381 1180 2417 τὴν
1197 2381 1326 2417 οὐρανίαν
1336 2380 1412 2407 οὐδὲν
1431 2379 1532 2406 κοινόν.
1552 2379 1585 2406 Ἡ
1612 2378 1661 2414 μὲν
1687 2378 1744 2413 γὰρ
1762 2378 1845 2413 βεεή-

1051 2429 1113 2460 λους
1127 2429 1174 2454 καὶ
1185 2428 1216 2454 οὐ
1229 2426 1374 2462 καθαροὺς
1381 2425 1429 2461 τὴν
1450 2425 1532 2460 φύσιν
1547 2426 1629 2460 γεννᾷ
1645 2425 1708 2456 τοὺς
1727 2425 1844 2460 ἔρωτας

1051 2476 1085 2509 τῇ
1093 2474 1120 2500 δὲ
1128 2474 1222 2508 χρυσοῖ
1237 2473 1286 2508 μὲν
1300 2472 1425 2504 οἱπαῖδες
1437 2472 1458 2487 ⁸⁸
1478 2471 1568 2507 χρυσᾶ
1578 2471 1606 2497 δὲ
1613 2471 1646 2497 τὰ
1656 2472 1678 2487 ⁸³
1685 2471 1790 2497 τούτων
1799 2470 1846 2497 καὶ

1055 2521 1233 2557 βέλη,σκοπο“ι
1245 2519 1273 2546 δὲ
1285 2520 1376 2551 αὐτοῖς
1396 2519 1481 2554 ψυχαὶ
1498 2518 1629 2550 νεοτελείς
1637 2518 1685 2545 καὶ
1698 2519 1844 2553 ἀκήρατοι·

1112 2567 1160 2594 Ἐκ
1173 2566 1225 2593 τοῦ
1241 2567 1284 2599 εἶς
1300 2565 1354 2592 τὸν
1366 2565 1400 2592 ἐκ
1420 2564 1634 2597 Καππαδοκίας
1645 2563 1804 2598 ῥηθέντος.

1080 2613 1222 2648 οὐδὲύτιὲρ
1232 2613 1339 2645 Ἴστρον
1348 2612 1430 2639 αὑτὸν
1441 2612 1488 2638 καὶ
1501 2611 1613 2643 Τάναϊν,
1627 2609 1685 2636 ἀλλ’
1696 2610 1745 2635 ἐπὶ
1754 2610 1846 2636 πᾶσαν

1053 2660 1106 2694 γῆν
1118 2660 1165 2686 καὶ
1184 2659 1320 2686 θάλατταν
1333 2656 1416 2694 ἦλθεν
1430 2658 1444 2684 ὁ
1465 2656 1573 2692 Σκύθης
1585 2655 1654 2692 ὑπὲρ
1675 2654 1724 2682 τοῦ
1747 2654 1844 2690 βέλους

852 2735 967 2764 νΑιιιιΕ
982 2736 1187 2765 LECTIONES.

242 2790 269 2836 ’ξ
283 2790 372 2831 πόλιν]
383 2791 494 2836 πομπῂν
506 2791 728 2836 ,Ψιζτηειάρτῐιιιεὲ
763 2793 785 2809 ⁸²
794 2793 864 2836 ὲλξξν
873 2793 1001 2836 θελήσας]
1016 2795 1147 2836 ξοελήσας
1160 2794 1218 2836 C.__
1230 2794 1277 2836 καί
1291 2794 1328 2830 τι]
1347 2795 1396 2836 καὶ
1410 2794 1436 2822 τί
1452 2803 1490 2836 ς...
1513 2792 1684 2836 πυξτοιούτον
1699 2791 1827 2836 ἰξεῖεῑιίιιε
1835 2800 1842 2819 :

209 2824 271 2863 l_t_bri
284 2824 426 2863 τοσοῦτονζ
461 2824 483 2863 ’ἧ
502 2827 604 2863 ὁποῖον]
632 2829 692 2855 ὅποι
708 2829 741 2856 C.

825 2829 848 2845 "
862 2830 910 2856 τοῦ
927 2829 1034 2866 incf-3;
1045 2829 1095 2865 τῆς
1111 2831 1143 2856 Λ.

210 2859 233 2876 ⁵⁸
247 2863 334 2898 πᾳρὸν
358 2862 389 2889 C.
428 2862 451 2879 "'
459 2862 524 2890 εὑῡὺ
542 2859 679 2891 ἐδείκνυεν
692 2873 723 2896 ς.
763 2865 786 2881 ⁶⁹
799 2865 877 2899 δήμῳ
892 2873 933 2900 pr.
946 2859 989 2893 α’
1015 2866 1036 2882 ⁶¹
1054 2859 1135 2892 τόκον
1149 2865 1180 2892 Δ.

1195 2830 1219 2847 ⁸⁸
1232 2828 1364 2863 δάκρυσιν
1377 2830 1408 2857 C.
1468 2830 1490 2845 "’
1507 2829 1591 2864 ἀνῆγε
1609 2829 1630 2855 (ἱ
1649 2836 1656 2855 :
1671 2828 1794 2864 ἀνήγαγε
1810 2835 1844 2860 ς’.

1233 2865 1255 2882 ⁸³
1271 2865 1364 2896 παῖδες
1375 2865 1410 2892 C;
1427 2865 1506 2896 πόδες
1523 2863 1557 2896 ςζ
1591 2865 1613 2880 ⁸³
1627 2865 1662 2890 τὰ
1672 2871 1727 2891 om.
1741 2863 1774 2890 Δ.
