1919 3096
206 126 274 157 1375

748 124 879 154 ΡΗΟΤΠ
901 123 1159 154 ΡΑΤΒΙΑῐὶΟΗιΕ
1178 124 1232 154 CP.

1773 122 1841 156 1376

205 182 312 210 sublimi
338 181 441 213 animo,
459 181 486 208 in
509 179 703 208 hencfaciendo
719 186 886 215 promptum,
911 179 991 207 mori-

1047 179 1240 214 γνωρίσματα;
1265 178 1343 212 Ὀεὺς
1366 178 1508 214 φρόνησιν,
1535 179 1637 215 ὑψηλὸς
1661 179 1788 215 γνώμην,
1809 180 1839 206 εὖ

206 229 257 254 hus
271 234 333 254 esse
343 226 530 261 popularibus,
545 225 701 260 eloquentia
713 225 735 252 si
750 225 896 252 dicendum
911 229 993 257 esset,

206 272 335 298 Periclem
365 272 484 302 vincere,
515 270 538 297 si
568 270 633 305 quid
660 270 806 306 agendum,
826 269 995 297 Alcibiadem

208 316 320 348 imitari,
335 317 429 342 urbem
456 315 544 350 potius
562 322 665 346 amaro,
692 315 881 349 pecuniasque
905 314 995 349 potius

205 366 391 393 contemnere,
404 360 631 395 quemadmodum
645 360 778 387 Periclem
805 361 904 388 lecisse
921 360 994 387 dixi-

207 415 277 439 mus,
292 408 318 434 in
337 407 441 442 agendo
467 406 696 434 vehementiorem
716 406 800 433 multo
809 414 870 434 esse
894 406 993 439 Clinia,

206 452 239 478 ad
255 453 387 486 agendum
405 451 445 478 vel
457 451 516 479 sine
528 451 651 485 artelyra
666 452 762 485 quavis
775 452 907 485 aptiorem
923 459 993 478 esse.

206 497 298 524 Talem
327 498 445 532 aliquem
476 497 603 524 Proteum
642 504 702 524 esse
738 496 872 531 Egyptiae
897 496 995 524 fabulae

204 543 358 574 ostendunt,
381 551 441 569 cum
457 543 580 569 eumdem
597 550 669 570 nunc
691 543 718 569 in
740 550 851 576 aquam,
869 550 942 570 nunc
967 543 994 569 in

205 590 340 620 arborem,
364 594 390 616 et
419 588 556 615 ﬂammam
589 593 707 615 mutant.
750 587 994 623 Protnptiludinem

205 639 310 661 naturre
322 641 369 668 per
387 634 439 661 hoc
452 634 608 668 signilicare
623 635 729 661 volunt.

225 731 267 759 Ea:
281 733 400 759 oratione
413 733 439 759 in
451 730 587 758 Privatum
601 730 757 758 Romanum.
773 730 980 758 -Ρνοωηιίαηι,

241 778 324 804 Amor
333 778 401 812 ignis
412 778 528 804 Eleusini
540 777 624 804 traxit
637 778 718 804 etiam
729 777 911 804 Anacharsim
926 775 995 812 Scy-

206 823 279 850 tham
296 824 328 849 ad
344 823 482 857 mysteria.

286 867 329 894 Ea:
343 868 472 899 oratione,
488 875 547 894 cum
566 867 693 895 Corintho
705 874 822 894 reversus
837 871 913 894 esset.

241 911 270 939 Si
293 919 372 938 casus
395 911 492 945 aliquis
509 919 623 946 corpora
653 915 805 946 separaret,
825 911 917 938 animo
931 915 995 938 tunc

205 956 436 990 prospiciendum,
449 961 475 982 et
488 963 581 983 amore
600 963 677 983 amor
697 956 850 984 amicorum
876 963 928 983 non
952 960 995 982 est

204 1002 422 1036 disjungendus:
447 1008 566 1036 agnosco
593 1001 744 1035 allectum;
766 1002 886 1029 animum
905 1009 994 1028 meum

204 1048 320 1082 explicat
327 1047 428 1079 poesis.

203 1093 303 1129 375a
320 1093 344 1120 E
354 1092 532 1129 propemptica
556 1093 585 1119 in
611 1091 772 1126 Ainpelium.
786 1106 821 1112 —
835 1090 993 1118 Ezordium.

241 1172 320 1200 Solus
333 1180 349 1201 e
374 1173 487 1206 Graecis,
501 1181 517 1200 o
535 1173 731 1206 adolescentes,
754 1172 835 1208 hujus
865 1172 938 1206 fugae
955 1171 995 1199 la-

203 1223 289 1250 queos
304 1218 448 1252 reperiam.
469 1218 531 1246 Heri
559 1218 649 1253 fugam
677 1219 796 1246 minatus
814 1223 856 1247 est
884 1225 994 1250 currus,

203 1263 282 1290 hodie
297 1263 373 1290 visus
387 1268 429 1291 est
446 1264 515 1291 meis
535 1265 638 1292 retibus
655 1264 819 1292 constrictus
845 1270 917 1291 esse.
929 1262 996 1291 Fer-

203 1315 247 1336 lul‘
265 1309 420 1336 Alexander
434 1310 550 1337 vetustis
567 1314 594 1337 et
611 1310 753 1337 materiam
780 1309 930 1336 artiﬁcibus
944 1310 993 1336 de-

204 1355 287 1387 disse,
302 1355 338 1381 ita
353 1359 383 1380 ut
394 1353 528 1389 Lysippus
546 1355 692 1389 etApelles
701 1354 817 1381 formam
829 1354 915 1388 ipsius
930 1361 995 1389 par-

205 1398 259 1431 titi,
272 1398 316 1425 ille
331 1399 438 1432 quidem
459 1399 606 1431 coloribus,
623 1400 667 1426 hic
692 1406 759 1427 vero
789 1407 844 1426 aere
868 1405 994 1426 naturam

205 1443 278 1478 regis
291 1443 480 1478 explicuerint.
505 1443 572 1472 Cum
594 1451 659 1471 vero
673 1444 764 1471 oratio
785 1451 884 1479 corpus
918 1448 995 1471 tran-

205 1489 350 1521 scendens,
365 1496 426 1516 cum
441 1489 523 1516 animi
539 1493 683 1517 venustate
697 1494 724 1516 et
752 1489 851 1517 decore
881 1489 994 1522 conjun-

1048 227 1136 252 ποιεῖν
1145 225 1253 257 ἄοκνος,
1282 225 1430 260 δημοτικὸς
1443 224 1490 252 τὸν
1505 225 1607 260 τρόπον
1617 232 1624 240 ⁸
1638 225 1662 251 ει
1682 224 1732 260 μὲν
1752 225 1840 252 εἰπεῖν

1047 271 1106 306 δέῃ.
1123 271 1170 297 τὸν
1187 270 1323 306 Περικλέα
1333 269 1430 302 νικῶν,
1446 271 1470 296 εί
1481 270 1511 296 δέ
1524 279 1551 297 τι
1561 270 1675 305 πρᾶξαι,
1689 270 1737 297 τὴν
1748 270 1838 297 Ἀλκι-

1048 316 1144 351 6ιάδην
1169 315 1349 352 μιμούμενος,
1366 316 1466 351 μᾶλλον
1480 316 1508 342 δὲ
1520 316 1568 342 καὶ
1579 315 1838 351 φιλόπολις[μᾶλλον

1047 361 1090 398 δὲ]
1108 361 1155 388 καὶ
1168 362 1316 397 χρημάτων
1333 361 1476 397 κρείττων,
1489 361 1558 397 ὅπερ
1573 361 1583 377 ³
1594 362 1610 396 ἠ
1631 362 1778 396 συγγραφὴ
1791 362 1838 388 τὸν

1049 407 1186 442 Περικλέα
1203 406 1400 442 προσείρηκεν,
1411 407 1440 433 ὲν
1450 406 1478 433 δὲ
1485 406 1526 441 τῷ
1539 407 1672 441 πράττειν
1689 406 1780 441 πολλῷ
1790 406 1838 438 τοῦ

1049 452 1175 478 Κλεινίου
1199 452 1376 487 θερμότερος,
1405 452 1515 486 ἀπάσης
1544 451 1664 487 ἀτεχνῶς
1691 451 1777 486 λύρας
1805 451 1836 478 οὐ

1050 499 1124 532 μεῖον
1140 497 1210 533 πρὸς
1229 498 1320 524 πᾶσαν
1337 496 1438 532 πρᾶξιν
1446 497 1626 532 εὐάρμοστος.
1635 496 1764 524 Τοιοῦτόν
1778 505 1837 523 τινα

1048 544 1095 570 καὶ
1110 543 1156 569 τὸν
1173 543 1288 579 Πρωτέα
1309 543 1439 577 γενέσθαι
1465 542 1545 578 μῦθοι
1570 542 1696 578 δηλοῦσιν
1712 542 1774 579 [6H
1791 541 1835 579 H.]

1048 588 1203 622 Αἰγύπτιοι,
1218 589 1282 614 ὅταν
1296 588 1378 615 αὐτὸν
1402 587 1450 615 νῦν
1478 588 1529 623 μὲν
1551 589 1592 620 είς
1605 588 1677 623 ὕδωρ
1692 588 1837 623 ἁμείόουσι

1047 635 1095 661 νῦν
1108 635 1135 661 δὲ
1145 635 1185 666 είς
1197 635 1304 670 δένδρον
1332 635 1380 661 καὶ
1407 634 1494 670 φλόγα
1505 643 1511 650 ·
1526 635 1556 661 τὸ
1581 635 1692 662 εῡκολον
1716 635 1772 670 γὰρ
1789 636 1839 670 τῆς

1048 681 1156 716 φύσεως
1171 681 1215 707 διὰ
1227 681 1324 707 τούτου
1340 681 1461 716 σημῆναι
1481 680 1635 716 βούλονται.

1048 728 1097 753 Ἐκ
1106 727 1160 753 τοῦ
1170 727 1214 759 εὶς
1233 726 1380 760 Πριόἀτον
1396 726 1549 761 Ῥωμαῖον.
1564 741 1599 746 -
1618 726 1653 753 Τὸ
1665 726 1836 760 Προοίμιον.

1085 773 1193 806 Ἧγαγι
1218 772 1247 798 δὲ
1274 771 1329 807 ἄρα
1359 773 1373 799 ὀ
1386 771 1434 799 τοῦ
1450 772 1536 807 πυρὸς
1553 771 1601 798 τοῦ
1617 773 1678 798 κατ’
1696 773 1839 799 Ἐλευσῖνα

1049 819 1130 850 πόθος
1143 819 1192 846 καὶ
1206 818 1371 854 Ἀνάχαρσιν
1379 819 1425 844 τὸν
1443 818 1550 853 Σκύθην
1565 819 1612 845 επὶ
1634 820 1784 853 μυστήρια.

1098 865 1149 891 Ἕκ
1162 864 1215 892 τοῦ
1230 863 1279 890 ὅτε
1292 863 1352 891 ἀπὸ
1366 862 1422 897 τῆς
1433 863 1579 897 Κορίνθου
1599 862 1783 896 ἐπανῆλθεν.

1081 911 1113 938 Ει
1123 909 1151 937 δὲ
1164 911 1219 946 ἄρα
1237 909 1306 945 τύχη
1324 917 1367 940 τις
1379 909 1513 944 διασχίζοι
1527 909 1562 935 τὰ
1575 908 1702 943 σώματα,
1720 910 1755 944 τῇ
1771 908 1839 943 γοῦν

1045 958 1119 993 ψυχῇ
1144 955 1310 992 προϐλέπειν
1337 954 1385 981 καὶ
1408 955 1445 990 μὴ
1475 954 1515 989 τῷ
1536 955 1612 989 πόθῳ
1634 955 1689 981 τῶν
1704 955 1839 981 παιδικῶν

1046 1001 1255 1037 ἀποσχίζεσθαι.
1270 1000 1399 1035 Γνωρίζω
1427 998 1457 1025 τὸ
1480 998 1583 1030 πάθος·
1601 998 1672 1034 tm:
1688 997 1840 1034 ἑρμηνεύει

1045 1047 1158 1083 γνώμην
1172 1047 1189 1081 ἡ
1203 1045 1323 1083 ποίησις.

1051 1095 1102 1121 Ἐκ
1116 1093 1172 1127 τῆς
1200 1093 1245 1124 είς
1279 1089 1449 1127 Ἀμπέλιον-
1466 1087 1708 1124 Προπομπτικῆς.
1735 1103 1773 1109 -—
1801 1088 1838 1116 Τὸ

1362 1125 1529 1159 προοίμιον.

1081 1172 1218 1208 Ἦμελλον
1232 1171 1298 1207 ἄρα,
1313 1167 1336 1198 ὦ
1347 1171 1453 1201 παῖδες,
1466 1169 1584 1205 ἤμελλον
1609 1168 1688 1204 μόνος
1703 1169 1835 1204 εὑρήσειν

1051 1221 1184 1256 Ἑλλήνων
1201 1218 1251 1254 τῆς
1264 1217 1341 1244 τοῦδε
1357 1216 1446 1251 φυγῆς
1460 1216 1495 1242 τὰ
1523 1215 1659 1251 θήρατρα.
1681 1214 1754 1246 Χθὲς
1768 1215 1837 1249 δρας

1046 1267 1114 1300 σμδν
1127 1264 1236 1301 ἠπείλει
1248 1263 1295 1290 καὶ
1305 1263 1428 1296 ἅρματα,
1440 1262 1560 1296 τήμερον
1574 1259 1654 1295 ὤφθη
1680 1261 1738 1291 τοῖς
1754 1261 1835 1295 ἐμοῖς

1043 1313 1164 1344 δικτύοις
1185 1311 1333 1345 ἁλώσιμος.
1363 1307 1494 1336 Γενέσθαι
1517 1307 1567 1343 μὲν
1589 1307 1638 1334 καὶ
1660 1307 1840 1342 Ἀλέξανδρον

1044 1359 1123 1394 λόγος
1139 1359 1199 1389 ταῖς
1211 1356 1295 1384 πάλαι
1321 1355 1429 1390 τέχναις
1458 1353 1613 1388 ἀγώνισμα,
1644 1352 1715 1380 ὥστε
1731 1353 1764 1387 δὴ
1791 1352 1841 1379 καὶ

1045 1405 1204 1440 νειμάμενοι
1214 1402 1264 1438 τὴν
1280 1401 1388 1436 μορφὴν
1403 1399 1487 1426 αὐτοῦ
1507 1399 1650 1429 Λύσιππος
1671 1398 1724 1442 ’καὶ
1740 1397 1841 1424 ’Δπελο

1043 1451 1104 1486 λῆς,
1117 1451 1132 1476 ὁ
1145 1449 1194 1484 μὲν
1208 1447 1376 1482 φαρμάκοις,
1402 1446 1417 1472 ό
1439 1445 1468 1471 δὲ
1494 1443 1587 1480 χαλκῷ
1605 1444 1654 1479 τὴν
1683 1443 1766 1478 φύσιν
1790 1443 1840 1470 τοῦ

1047 1495 1179 1531 βασιλέως
1196 1494 1384 1528 ἡρμήνευσαν.
1408 1490 1485 1516 Ἐπεὶ
1500 1489 1528 1516 δὲ
1542 1490 1556 1516 ό
1569 1488 1648 1523 λόγος
1668 1488 1793 1524 ὑπερϐὰς
1811 1489 1842 1515 τὺ

204 1537 294 1566 gatur.
309 1534 349 1560 Sit
366 1538 394 1561 et
409 1533 465 1561 haec
477 1541 539 1561 vera
571 1533 746 1566 delineatrix,
774 1534 876 1561 nullum
894 1533 989 1569 guber-

1048 1541 1127 1576 σῶμα
1142 1539 1232 1575 ψυχῆς
1244 1538 1333 1572 ὀμιλεί
1344 1537 1355 1552 δ
1371 1536 1419 1563 καὶ
1432 1536 1442 1552 ⁵
1468 1535 1563 1562 κάλλει
1583 1534 1630 1561 καὶ
1647 1534 1771 1570 χάρισιν,
1793 1535 1840 1568 εἴη

204 1582 328 1606 natorem
349 1579 464 1612 peritum
480 1579 552 1606 omni
575 1580 677 1607 habens
700 1579 883 1613 navigatione.
899 1579 992 1606 Infini-

205 1629 261 1650 tum
275 1631 336 1650 cum
348 1624 440 1658 inopia
460 1625 646 1653 confunditur.
670 1625 837 1653 Exercltatin
852 1625 993 1659 praesumit

203 1675 290 1697 artem
303 1678 384 1705 quam
394 1671 497 1698 didicit.
515 1672 535 1697 E
546 1673 701 1699 carceribus
716 1673 748 1698 ad
765 1672 865 1699 calcetur
882 1679 992 1699 cursum

203 1715 321 1749 dirigite.
338 1715 438 1742 Facilis
452 1717 496 1743 es!
508 1717 662 1744 communis
674 1717 731 1743 hac
760 1722 802 1743 est
828 1719 922 1746 virtus.
939 1718 994 1745 Ma-

205 1759 259 1786 lum
277 1760 379 1787 odisti?
412 1768 472 1788 cum
499 1762 569 1788 malo
584 1762 665 1788 etiam
690 1762 786 1789 bellum
801 1764 894 1797 gessit.
920 1764 993 1798 lnjn-

203 1810 306 1832 storum
314 1812 437 1833 naturam
458 1809 589 1834 donorum
603 1807 714 1843 fugisti?
729 1809 793 1842 ipsa:
803 1809 884 1836 etiam
897 1810 993 1837 animae

204 1851 378 1886 sumjanuam
390 1853 522 1880 damnoso
537 1861 613 1885 auro,
629 1853 820 1889 iustitiamque
835 1856 991 1890 coarguenti

204 1897 327 1925 occlusit.
358 1897 476 1926 Noverat
500 1899 572 1926 enim
595 1899 739 1933 justitiam,
764 1909 817 1928 non
843 1908 903 1928 esse
930 1910 991 1929 cum

204 1941 331 1968 tenuibus
349 1943 446 1976 opibus
471 1942 620 1976 infamiam,
648 1945 695 1971 sed
734 1952 796 1971 cum
820 1945 993 1978 improbitate

205 1987 324 2020 divitias,
352 1988 445 2015 virtuti
471 1988 596 2016 inimicas
622 1995 650 2017 et
675 1989 778 2024 gloriaa.
795 1989 857 2017 lltec
886 1991 991 2018 initium

203 2031 311 2060 laudum
322 2038 373 2065 est,
383 2034 446 2069 quia
455 2040 483 2061 et
497 2035 601 2062 initiqu
616 2043 716 2063 rerum.
729 2035 785 2064 Hoc
797 2044 861 2064 vero
880 2037 990 2070 deinde,

203 2078 268 2114 quid
298 2079 360 2114 quis
393 2080 522 2107 dixerit?
549 2081 613 2116 quid
639 2082 825 2110 observaverit
845 2074 991 2112 'i'Discere

204 2123 278 2150 enim
295 2123 430 2151 infinitum
447 2129 500 2157 est,
516 2133 569 2152 non
581 2125 839 2162 dicere.ingratnm.
858 2127 991 2161 Quemad-

202 2171 312 2197 modum
320 2171 357 2197 illi
367 2171 413 2206 qni
421 2171 548 2205 pulchras
558 2178 664 2201 statuas
677 2173 827 2208 intuentur,
840 2175 985 2210 conjiciunt

202 2216 296 2243 oculos
309 2216 334 2243 in
347 2224 406 2243 eam
415 2225 474 2252 qua:
487 2219 574 2253 primo
589 2220 717 2254 occurrit,
729 2220 825 2248 deinde
836 2222 916 2249 aliam
929 2228 990 2258 post
1004 2210 1027 2238 D

202 2261 282 2288 aliam
295 2267 450 2295 spectantes
471 2263 686 2299 dubitautquam
708 2267 783 2300 prius
807 2268 988 2303 conspiciant.

201 2306 295 2334 Potius
309 2315 373 2335 vero
387 2308 462 2343 (quid
472 2310 544 2337 enim
557 2311 621 2337 mihi
641 2318 709 2345 opus
726 2313 836 2348 antiqua
865 2314 991 2345 similitu.

201 2351 265 2380 dine
275 2352 297 2388 7)
326 2357 355 2380 ιιι
374 2353 444 2387 iiqui
457 2354 573 2389 aliquam
588 2363 603 2383 e
617 2356 708 2384 multis
728 2358 805 2385 novis
821 2359 918 2386 statuis
936 2367 986 2386 no-

201 2407 262 2426 vam
275 2400 377 2432 vident,
395 2401 516 2434 aspicere
529 2403 685 2430 summatim
704 2411 799 2433 omnes
827 2412 842 2432 e
866 2405 989 2440 pulchri-

202 2445 295 2472 tudine
305 2453 366 2480 quze
376 2452 428 2480 est,
445 2447 470 2473 in
490 2451 548 2476 t0lo
569 2449 734 2477 circumfusa
756 2455 899 2486 coguntur,
925 2459 988 2486 par-

201 2490 332 2518 ticulatim
348 2491 469 2519 veroalia
483 2493 536 2520 alio
560 2494 675 2521 ducente
699 2495 886 2530 cupiditatem,
901 2496 988 2523 admi-

1047 1587 1082 1614 ἂν
1098 1587 1144 1613 καὶ
1153 1583 1229 1616 οὗτος
1246 1583 1364 1619 ἀψευδὴς
1383 1581 1539 1616 ζωγράφος,
1558 1581 1596 1616 μὴ
1609 1581 1654 1607 τὸν
1685 1580 1842 1616 πρωράτην

1045 1632 1213 1666 ἐπιστήμονα
1245 1629 1319 1664 πάσῃ
1337 1627 1464 1663 ναυτιλίᾳ
1501 1626 1693 1662 κτησάμενος·
1720 1626 1752 1652 τὺ
1782 1626 1841 1661 γὰρ

1043 1679 1156 1713 ἄπειρον
1171 1677 1218 1703 ἐπὶ
1227 1675 1277 1709 τῆς
1291 1673 1386 1709 χρείας
1401 1673 1578 1708 ταράττεται,
1595 1671 1625 1698 τὸ
1640 1671 1668 1697 δὲ
1682 1671 1842 1706 μελετῆσαν

1044 1724 1140 1758 θαρρεῖ
1158 1722 1208 1757 τὴν
1217 1721 1315 1756 τέχνην
1340 1720 1372 1755 ἥν
1390 1718 1502 1754 ἔμαθεν.
1517 1718 1567 1744 Ἐκ
1592 1717 1684 1744 πυλῶν
1715 1718 1757 1748 είς
1774 1718 1842 1744 νύσ-

1044 1778 1094 1796 σαν
1110 1768 1167 1795 ἴσον
1179 1768 1224 1794 τὸν
1243 1766 1343 1802 δρόμον
1361 1764 1480 1791 ίθύνατε.
1500 1764 1590 1798 “pio;
1605 1761 1646 1795 si;
1668 1763 1758 1789 κοινὸν
1785 1765 1839 1790 καὶ

1043 1812 1123 1840 τοῦτο
1138 1812 1341 1845 πλεονέκτημα.
1375 1809 1483 1836 Κακίαν
1513 1810 1619 1843 uicit;
1640 1808 1747 1844 κακίᾳ⁸
1775 1817 1840 1835 συν-

1043 1858 1272 1894 επεστράτεξισεν.
1305 1855 1420 1882 Ἀδίκων
1441 1854 1536 1889 δώρων
1565 1854 1705 1886 ἑξέκλινας
1735 1855 1839 1888 φύσιν;

1042 1905 1188 1933 ἀπέκλεισε
1200 1903 1247 1930 καὶ
1258 1899 1336 1934 οὗτος
1350 1901 1400 1933 τὰς
1424 1901 1475 1935 τῆς
1499 1900 1589 1935 ψυχῆς
1605 1900 1692 1932 πύλας
1718 1900 1838 1936 ὑϐριστῇ

1041 1950 1134 1987 χρυσῷ
1149 1949 1197 1977 καὶ
1210 1947 1386 1982 δικαιοσύνην
1400 1946 1551 1980 ἐλέγχοντι.
1570 1946 1661 1979 Ἔγνω
1674 1946 1730 1979 γὰρ
1749 1946 1787 1977 ὡς
1806 1948 1838 1973 ος,

1041 1995 1197 2031 δικαιοσύνη
1208 1995 1257 2021 σὺν
1270 1993 1372 2027 ὀλίγοις
1386 1992 1481 2027 ψόγος.
1496 1991 1565 2018 άλλὰ
1580 1991 1630 2018 σὺν
1644 1991 1737 2026 ἀδικίᾳ
1753 1991 1839 2018 πλοῦ-

1040 2041 1194 2077 τοςπὲχθρδς
1209 2040 1309 2076 ἀρετῆς
1328 2037 1376 2065 καὶ
1397 2037 1444 2064 τοῦ
1473 2036 1673 2072 θαυμάζεσθαι,
1696 2037 1772 2073 Αὕτη
1804 2038 1837 2074 δὴ

1042 2088 1138 2124 πρώτη
1145 2087 1199 2114 τῶν
1213 2083 1358 2120 ἐγκωμίων
1373 2083 1456 2120 ἀρχὴ,
1471 2084 1512 2110 ὅτι
1527 2084 1574 2110 καὶ
1590 2083 1681 2120 ἁρχὴ⁷
1694 2084 1750 2110 τῶν
1761 2085 1834 2120 πρά-

1042 2134 1119 2166 ξεων.
1140 2133 1177 2159 Τὸ
1193 2132 1220 2159 δὲ
1239 2131 1308 2166 μετᾶ
1322 2129 1403 2157 τοῦτο
1417 2130 1443 2155 τί
1459 2129 1508 2164 μὲν
1526 2129 1598 2155 εἴποι
1613 2137 1666 2162 τις,
1684 2129 1710 2156 τί
1739 2130 1769 2156 δὲ
1783 2139 1837 2165 φυ-

1044 2180 1171 2212 λάξαιτο;
1189 2178 1236 2204 καὶ
1264 2177 1317 2212 γὰρ
1346 2175 1376 2202 τὸ
1404 2175 1496 2209 λέγειν
1522 2175 1635 2210 ἄπορον,
1665 2176 1713 2202 καὶ
1743 2176 1773 2202 τὸ
1797 2177 1835 2211 μὴ

1040 2225 1130 2259 λέγειν
1140 2223 1300 2259 ἀχάριστον.
1326 2222 1433 2255 Ὥσπερ
1462 2219 1518 2255 γὰρ
1543 2220 1568 2246 οί
1590 2220 1625 2246 τὰ
1653 2221 1764 2256 κάλλη⁸
1779 2222 1836 2247 τῶν

1041 2269 1207 2305 ἀγαλμάτων
1235 2266 1367 2302 θεώμενοι
1389 2265 1498 2301 ἔχονται
1518 2265 1567 2301 μὲν
1587 2267 1650 2297 τοὺς
1676 2266 1836 2300 ὀφθαλμοὺς

1041 2317 1093 2343 ὑπὸ
1108 2314 1155 2342 τοῦ
1172 2312 1281 2349 πρῶτον
1295 2312 1525 2348 προσπίπτοντος,
1544 2312 1777 2347 μεταδιδάξοντες
1804 2314 1833 2340 δὲ

1041 2362 1136 2389 ἄλλοτε
1153 2359 1197 2386 ἐπ’
1213 2358 1277 2386 ἄλλο
1289 2357 1338 2393 τὴν
1355 2357 1420 2383 θέαν
1445 2357 1596 2393 ἀποροῦσιν
1611 2358 1624 2384 ὅ
1651 2367 1679 2384 τι
1703 2359 1835 2394 πρῶτον⁹

1041 2407 1192 2434 θεάσωνται
1205 2412 1212 2420 ”
1228 2403 1329 2439 μᾶλλον
1345 2402 1426 2435 δὲῖ(τί
1451 2402 1507 2438 γάρ
1521 2411 1566 2437 μοι
1578 2402 1618 2428 δεῖ
1645 2403 1767 2435 παλαιᾶς
1794 2404 1835 2430 εί-

1041 2455 1117 2485 κόνος
1126 2454 1145 2486 ;)
1161 2451 1255 2485 ὥσπερ
1266 2449 1292 2476 οῖ
1306 2458 1331 2476 τι
1343 2449 1397 2475 τῶν
1411 2448 1479 2475 νέων
1491 2448 1523 2484 δη
1529 2457 1645 2484 μιουργη
1652 2449 1746 2484 μάτων
1768 2450 1836 2476 θεώ-

1039 2509 1113 2536 μενοι
1127 2500 1148 2514 ¹⁰
1163 2497 1345 2534 προσϐλέπειν
1359 2495 1407 2530 μὲν
1422 2495 1523 2522 ἅπασιν
1531 2495 1637 2530 ἀθρόως
1652 2496 1705 2522 ὑπὸ
1714 2495 1835 2532 [61211.]

201 2535 307 2563 ratione
323 2538 508 2571 Spectacnlum
522 2539 688 2574 abrumpunt
706 2541 765 2568 :sic
791 2546 819 2568 et
847 2542 917 2568 iacta
945 2546 987 2569 tua

1047 2546 1084 2573 :06
1099 2542 1318 2580 περικεχυμένου
1334 2541 1372 2574 τῷ
1388 2541 1470 2568 παντὶ
1499 2541 1612 2573 κάλλους
1635 2541 1786 2576 βιάζονται.
1804 2544 1834 2569 ἐν

200 2581 320 2616 undique
348 2585 536 2611 convenientia
564 2584 644 2612 aliam
671 2586 814 2613 historiam
841 2588 988 2622 postulant,

200 2635 251 2655 inec
264 2628 305 2655 his
319 2629 452 2657 orationis
465 2631 589 2659 terminis
607 2632 706 2660 includi
722 2633 824 2660 volunt.
838 2634 903 2667 Quis
917 2634 987 2662 facta

201 2673 402 2709 Veljustitiam,
422 2677 464 2704 vel
480 2677 614 2712 privatam
628 2686 750 2713 operam,
770 2679 810 2707 vel
832 2680 988 2714 reipublicae

1040 2591 1118 2627 μέρει
1134 2589 1163 2616 δὲ
1189 2589 1268 2616 ἄλλου
1297 2586 1408 2613 ἄλλοθεν
1431 2586 1660 2621 δημαγωγοῦντος
1681 2588 1728 2614 τὸν
1748 2588 1832 2614 πόθον

1039 2636 1179 2671 σχίζονται
1208 2633 1258 2668 τὴν
1284 2632 1348 2659 θέαν
1362 2631 1401 2666 τῷ
1416 2631 1547 2666 θαύματι,
1580 2631 1662 2668 [1140
1688 2632 1736 2668 IL]
1761 2632 1833 2659 οὕτω

1043 2683 1091 2710 καὶ
1102 2682 1131 2709 αἱ
1149 2680 1195 2707 σαὶ
1211 2679 1324 2715 πράξεις
1345 2679 1431 2704 πᾶσαι
1450 2678 1620 2713 πανταχόθεν
1639 2679 1832 2713 προσπίπτου-

836 2746 952 2774 VARle
973 2745 1174 2775 LECTIONES.

237 2786 247 2801 ³
262 2786 331 2828 ὅπερ
354 2787 474 2828 fortasse
488 2826 493 2828 _
510 2791 650 2828 legendum
679 2792 762 2828 ἥπερ.

200 2820 420 2858 ψει-ιιειίοινίίιιδί
435 2825 494 2853 libri
512 2820 618 2858 κακίας.

201 2855 224 2871 ¹⁸
239 2856 379 2884 θεάσονται
388 2866 419 2890 ς’.

820 2793 930 2829 ’δόμιλεῖ
958 2794 1160 2823 Wcrnsdorfins
1191 2800 1198 2820 :

668 2828 677 2844 ⁷
694 2828 734 2854 ὅτι
755 2828 802 2855 καὶ
828 2829 899 2866 ἀρχὴ
920 2838 974 2858 υιιι.
991 2831 1021 2859 υ.

1497 2791 1509 2807 ⁸
1520 2791 1568 2818 καὶ
1581 2798 1634 2818 om.
1648 2789 1680 2818 C.
1724 2790 1735 2805 ⁸
1749 2789 1832 2823 κακίᾳ.

1237 2790 1298 2818 libri
1334 2791 1440 2825 ὡμίλει.

1641 2826 1652 2842 ⁹
1672 2825 1781 2862 πρῶτον
1801 2833 1831 2856 ς.

1073 2831 1083 2846 ⁵
1101 2829 1186 2864 κάλλη
1212 2832 1273 2863 post
1292 2826 1460 2863 ἀγαλμάτων
1473 2827 1548 2861 ponit
1563 2826 1592 2854 C.
