1919 3096
85 146 152 180 1377

596 150 907 182 BIBLIOTHECA.—
926 153 1007 184 COD.
1028 153 1182 184 CCXLIII.

1648 155 1718 190 1378

83 212 128 232 σαι
153 203 273 239 ιστορίαν
285 203 369 239 ἄλλην
386 201 525 238 ζητοῦσιν,
553 203 611 231 ἀλλ’
631 205 661 231 οὐ
678 205 725 232 τὸν
749 206 864 242 παρόντα

923 214 1015 240 curas,
1029 207 1128 243 inopize
1141 209 1351 244 providentiam,
1367 210 1410 238 vel
1427 211 1592 246 principium
1608 216 1716 248 tempe-

81 250 136 276 τῶν
151 249 237 283 λόγων
250 249 334 284 νόμον
350 249 505 285 ἀνέχονται.
521 249 578 281 Τὰς
589 250 704 284 πράξεις
717 251 782 287 εἴπῃ
797 261 839 283 τις
852 252 868 287 ἢ

80 296 129 328 τὰς
139 295 233 328 δίκας;
248 295 290 331 [ἦ]
315 296 366 331 τὴν
391 296 420 322 ἐν
435 295 514 331 μέρει
539 296 694 332 σπουδὴνῆ
723 297 773 329 τὰς
799 298 869 333 ὑπὲρ

79 342 132 368 τῶν
142 342 210 368 ὅλων
221 342 382 376 φροντίδαςς
395 341 490 373 πενίας
502 341 656 378 πρόνοιανῆ
670 342 716 369 τὸν
726 343 775 369 σὺν
785 343 871 378 πραό-

78 396 140 422 τητι
157 387 213 413 τῶν
225 387 445 414 δυναστευόντων
460 388 666 421 σωφρονισμόνς
692 388 770 414 Ἀλλὰ
781 388 827 415 διὰ
840 389 870 416 cl

79 435 124 461 καὶ
140 434 253 469 Σπάρτη
264 434 368 468 τρυφᾷ,
394 433 526 467 ῥυπῶντα
540 434 684 468 πλόκαμον
715 435 755 466 είς
769 435 868 470 εὐανθῆ

78 481 167 515 κόμην
183 480 335 515 ἀμείψασα.
350 479 402 506 Τὸν
414 480 442 506 δὲ
467 479 582 515 ἄπειρον
600 480 655 506 τῶν
681 480 870 515 οἰκοδομημά-

77 534 130 552 των
144 525 224 560 ὄχλον
241 525 283 557 τίς
296 525 329 552 ἂν
344 525 404 551 κατ’
418 525 497 558 ἀξίαν
513 524 659 560 δηλώσειε;
676 525 806 560 Περικλεῖ
819 526 869 561 μὲν

77 570 236 605 προπύλαια
261 571 330 605 πρὸς
352 570 510 604 φιλοτιμίαν
534 571 615 605 ἢρκει
641 571 689 598 καὶ
713 570 868 606 παρθενὼν.

76 616 122 642 καὶ
135 614 212 647 οἶκος
221 616 328 651 Δαρείῳ
338 615 485 650 βασίλειος,
494 616 541 642 καὶ
556 615 679 650 ἄμπελος
699 615 868 652 Ἀρταξέρξῃ

75 663 177 697 χρυσῆ,
197 661 336 698 Θεοδώρου
360 661 463 696 Σαμίου
486 661 603 696 ποίημα,
626 662 763 696 ἄχρηστον
788 661 869 697 ἔργον

75 708 234 742 τρυφῶντος
241 708 333 743 Μήδου
348 707 419 734 κατὰ
430 707 480 741 τῆς
490 707 609 741 φύσεως.
629 708 666 734 Σὺ
682 707 711 734 δὲ
724 708 756 734 ἐκ
773 707 869 734 Πυλῶν

75 754 231 790 ἀρξάμενος
243 754 308 789 ἄχρι
323 754 370 780 καὶ
381 753 587 788 Πελοποννήσου
606 753 693 788 μυχοῦ
715 753 806 780 πάντα
821 753 868 780 τὸν

75 799 102 825 ἐν
123 799 203 834 μέσῳ
214 798 297 825 τόπον
310 799 402 830 πόλεις
430 797 586 832 ἀπέφηνας.
612 797 754 830 Στενωπός
774 805 817 829 τις
833 795 868 834 ἦν

75 845 242 877 ΚολυττδςΗ
258 844 331 871 οὕτω
351 844 520 880 καλούμενος
542 845 571 871 ἐν
591 843 631 879 τῷ
648 844 806 879 μεσαιτάτῳ
817 844 867 879 τῆς

74 892 191 925 πόλεως,
215 892 304 927 δήμου
325 891 376 926 μὲν
397 891 499 926 ἐχων¹¹
524 889 680 925 ἐπώνυμον,
710 891 815 925 ἀγορᾶς
839 891 867 917 δὲ
883 884 904 912 Β

73 939 152 974 χρείᾳ
169 939 335 973 τιμώμενος.
351 938 428 964 Κατὰ.
442 937 475 973 δὴ
497 937 576 968 κλέος
590 938 621 964 τὸ
650 937 735 964 πάλαι
755 935 867 971 ἔρχεται

73 985 117 1011 καὶ
127 982 207 1016 οὗτος
220 984 267 1011 ἐπὶ
282 983 328 1010 τὸν
351 984 445 1016 τόπον⁹
469 983 523 1010 ὑπὸ
544 984 595 1018 τῆς
615 983 711 1018 φήμης
734 983 867 1019 δημαγω-

73 1030 217 1066 γούμενος.
243 1030 317 1057 Ἰδὼν
328 1030 357 1057 δὲ
378 1030 428 1065 τὴν
450 1030 499 1065 μὲν
525 1029 607 1064 φύσιν
625 1030 735 1065 ἠγάσθη
759 1029 804 1056 τοῦ
817 1029 865 1056 τό-

73 1086 134 1107 που,
148 1078 185 1112 τῇ
203 1078 362 1112 κατασκευῇ
391 1077 420 1102 δὲ
444 1075 566 1112 ὴσχύνθη
585 1075 691 1112 [πλέον]
720 1076 792 1112 ὑπὲρ
818 1077 869 1112 τῆς

73 1122 189 1153 πόλεως,
204 1122 235 1148 οὐ
245 1122 299 1157 μὴν
311 1122 401 1156 ἀφῆκε
423 1121 506 1147 πλέον
534 1121 695 1156 ἐρυθριᾶσαι
718 1122 769 1157 τὴν
787 1122 865 1148 πόλιν

73 1169 117 1194 ἐπὶ
134 1168 176 1202 τῷ
191 1169 346 1202 πράγματι.
362 1167 398 1194 Σὺ
416 1166 463 1194 καλ⁸
477 1167 541 1197 τοὺς
558 1167 660 1201 μύθους
676 1168 789 1199 πιστοὺς
813 1168 866 1194 an.

74 1214 190 1247 ἔδειξας,
201 1214 337 1240 ὅτιστένει
346 1214 393 1239 καὶ
406 1212 480 1243 λίθος
495 1212 516 1228 ¹³
527 1212 597 1247 ἐρῶν
605 1213 653 1239 καὶ
663 1213 748 1239 λείσει
760 1213 866 1248 δάκρυα

924 253 1038 279 rantiam
1060 261 1122 280 cum
1140 254 1296 287 clementia,
1311 255 1402 283 dicere
1419 257 1531 290 posset?
1554 257 1669 291 Propter
1691 264 1718 287 te

924 296 1021 331 Sparta
1043 298 1181 325 sordidqu
1213 299 1318 326 crinem
1345 299 1371 326 ιιι
1398 304 1542 327 venustam
1574 301 1716 328 caesariem

922 347 1106 373 commutans,
1124 343 1151 369 in
1171 342 1276 370 deliciis
1296 344 1362 378 agit.
1380 343 1448 377 Quis
1476 344 1611 372 inﬁnitam
1631 346 1718 372 aedili-

921 387 1026 414 ciorum
1052 388 1157 422 copiam
1184 396 1233 422 pro
1264 388 1396 423 dignitate
1427 391 1595 418 recenseat?
1617 390 1716 426 375b

922 433 1036 461 Sulrecit
1059 433 1157 461 Pericli
1179 435 1213 461 ad
1230 435 1497 463 commendationem
1513 435 1664 472 Propyltea,
1689 442 1717 465 et.

921 479 1090 512 Parthenon,
1107 484 1134 506 et.
1155 480 1239 507 Dario
1251 481 1349 508 domus
1363 481 1472 516 regalis,
1488 489 1629 517 aureaque
1651 483 1716 511 vitis

920 525 1066 552 Artaxerxi
1090 525 1227 554 Theodori
1247 527 1332 554 Samii
1354 535 1443 562 opus,
1467 536 1530 556 cum
1549 528 1643 557 Medus
1667 530 1713 558 ille

921 571 1019 599 inutile
1036 572 1087 599 hoc
1106 579 1175 606 optts
1190 573 1308 600 adversa
1325 578 1422 600 natura
1438 574 1463 601 in
1475 574 1580 603 deliciis
1589 575 1715 604 haberet.

920 616 960 644 Tu
980 622 1070 644 autem
1089 625 1104 644 a
1119 617 1309 654 Thermopylis
1322 618 1465 653 incipiens,
1477 620 1510 646 ad
1525 627 1610 654 usque
1625 626 1714 649 extre-

920 671 993 690 tnum
1009 662 1188 697 Peloponnesi
1207 671 1358 696 recessum,
1371 672 1480 692 omnem
1490 665 1579 692 locum
1594 667 1712 695 medium

920 708 1000 736 urbes
1008 716 1067 736 esse
1078 708 1233 736 tleclarasti.
1246 709 1428 744 Fuitquidam
1455 711 1529 737 vicus
1546 710 1669 747 Colyttas
1686 713 1713 739 in

919 754 993 782 urbis
1007 754 1157 781 meditullio
1172 756 1316 788 vocitatus,
1327 755 1416 790 populi
1429 756 1538 790 quidem
1553 758 1655 785 habens
1663 765 1715 786 no.

919 808 991 832 men,
1002 800 1048 827 sed
1063 799 1114 827 fori
1128 808 1176 827 ttsu
1190 800 1316 833 celebris,
1330 802 1457 836 antiquus
1469 802 1566 837 gloria,
1583 803 1656 831 venit
1668 804 1713 832 ille

919 845 972 872 bttc
982 845 1052 872 larua
1064 844 1275 873 ductusNidens
1285 851 1484 874 veroamtnram
1497 847 1547 875 loci
1562 848 1712 877 admiratus

918 897 960 918 est
971 899 977 918 :
987 895 1084 919 ornatu
1096 899 1160 918 vero
1171 892 1246 918 urbis
1257 892 1342 927 magis
1350 892 1480 921 confusus
1495 898 1546 926 est.
1559 901 1612 922 non
1621 899 1711 923 tamen

917 936 1001 963 desiit
1014 936 1041 962 in
1063 943 1092 963 re
1110 938 1229 970 gerenda
1249 938 1468 972 propter'urbetn
1490 940 1594 973 pudore
1606 940 1713 969 suﬂ‘un-

918 982 956 1009 di.
969 981 1009 1008 Tu
1020 989 1086 1009 vero
1100 981 1208 1010 fabulas
1227 983 1371 1011 credibiles
1387 991 1447 1011 esse
1459 986 1614 1014 ostendisti.
1640 986 1709 1014 Cum

919 1029 1021 1064 lapides
1036 1030 1074 1057 tui
1087 1035 1212 1058 atuanles
1227 1030 1416 1065 ingemiscant,
1431 1037 1459 1059 et
1470 1032 1604 1067 lacrymas
1618 1032 1704 1060 libent

919 1074 992 1101 velut
1015 1075 1050 1102 ab
1068 1080 1159 1102 amata
1179 1080 1324 1110 separatus
1343 1075 1439 1103 furtim
1455 1077 1587 1108 amasios.
1606 1081 1635 1104 ut.
1658 1084 1709 1112 ego

919 1127 1026 1152 vereor,
1046 1129 1080 1148 ne
1098 1121 1136 1148 tui
1152 1121 1316 1149 desiderium
1335 1122 1466 1149 damnum
1482 1122 1585 1157 aliquot
1597 1123 1708 1155 excitet,

919 1171 948 1194 et
966 1166 1050 1201 aliqui
1075 1171 1201 1194 naturam
1214 1172 1424 1201 commutantes,
1442 1168 1469 1194 in
1486 1167 1580 1196 ﬂorem
1598 1173 1645 1196 aut
1664 1175 1709 1196 ar-

926 1211 1019 1239 horem
1034 1213 1158 1239 conversi
1172 1211 1261 1240 fabula
1278 1213 1396 1240 absurda
1413 1213 1488 1240 liaut.

74 1262 171 1297 ὥσπερ
187 1261 305 1297 ἐραστὴς
323 1262 373 1295 τῆς
387 1261 530 1296 ἐρωμένης
542 1260 741 1296 κλεπτόμενος·
758 1261 796 1293 ὡς
813 1260 869 1295 ἐγὼ
887 1260 995 1287 δέδοικα
1027 1259 1065 1295 μή
1078 1268 1105 1286 τι
1124 1259 1171 1287 καὶ
1189 1260 1275 1292 πάθος
1287 1261 1301 1286 ὁ
1320 1260 1385 1296 περὶ
1401 1260 1431 1288 σὲ
1447 1261 1529 1294 πόθος
1546 1261 1708 1305 ἐργάσηται,

73 1308 118 1335 καί
130 1317 206 1340 τινες
223 1308 274 1344 τὴν
306 1307 388 1342 φύσιν
410 1307 578 1342 ἀμείψαντες
605 1306 665 1334 είτα
693 1307 769 1341 ξένον
808 1307 892 1343 μῦθον
908 1307 1086 1342 γεννήσωσιν,
1099 1306 1179 1338 ἄνθος
1193 1307 1210 1342 ἢ
1238 1306 1346 1342 δένδρον
1365 1307 1516 1342 γενόμενοι.

73 1366 123 1394 Ἐκ
134 1366 190 1393 τοῦ
199 1367 244 1399 εἰς
261 1365 431 1393 Ἀνατόλιον
441 1366 590 1400 ὕπαρχον.
602 1381 638 1387 -
649 1365 685 1393 Τὸ
695 1366 863 1401 Προοίμιον.

111 1412 240 1447 ’Δχιλλέα
262 1412 328 1447 παρ’
350 1411 464 1447 Ὁμήρῳ
478 1412 559 1446 φόνον
588 1412 696 1447 ἐταίρου
711 1411 865 1448 δακρύοντα

73 1458 137 1490 Ζεὺς
152 1459 183 1491 ἐξ
195 1457 323 1493 οὐρανοῦ,
337 1457 370 1484 δι’
387 1457 489 1492 Ἐρμοῦ
503 1457 614 1492 πέμψας
627 1457 764 1493 σύνθημα,
775 1457 865 1485 ὅπλων

73 1503 216 1530 ἐκέλευσεν
232 1503 363 1538 ἅψασθαι.
379 1502 443 1538 Φέρ’
469 1502 516 1529 οὖν
536 1503 584 1530 καὶ
611 1503 692 1538 ἡμεῖς
718 1502 815 1538 ὥσπερ
834 1502 865 1529 ἐκ

72 1559 139 1582 τινος
153 1549 259 1577 ἄνωθεν
273 1549 409 1585 ῥεύματος
426 1550 467 1581 είς
485 1549 642 1584 πανήγυριν
654 1549 685 1575 τὺ
715 1549 801 1581 πάθος
816 1548 864 1575 λὺ-
877 1567 900 1597 c

74 1605 179 1628 σαντες,
192 1596 232 1631 τῷ
243 1596 401 1632 μουσηγέτῃ
412 1595 598 1631 χορεύσωμεν.
613 1595 691 1630 Θήρα
702 1595 798 1629 γέγονε
815 1595 864 1630 τῆς

72 1641 210 1676 ἡμετέρας
226 1641 325 1676 τέχνης
339 1641 353 1666 ὀ
372 1640 459 1675 μέγας
476 1639 610 1675 ὕπαρχος.
629 1639 666 1665 Οὐ
680 1638 764 1674 μῦθος
777 1637 865 1665 ταῦτα

71 1686 130 1713 οὔτε
153 1687 266 1713 Ἀττικὰ
276 1685 472 1720 κομψεύματα,
488 1684 562 1718 ξένος
571 1686 604 1711 ἐκ
615 1684 712 1720 Θηϐῶν
725 1685 863 1716 Διόνυσος,

73 1734 207 1761 Ποσειδῶν
226 1733 345 1769 ἐραστὴς
372 1733 487 1760 ἀπὸτοῦ
502 1731 636 1767 κύματος,
658 1729 702 1758 οἵα
729 1731 799 1758 κατὰ
815 1733 865 1765 τῆς

73 1780 173 1811 πόλεως
189 1779 318 1811 Λάκωνες
333 1779 488 1811 παίζουσιν,
503 1778 561 1805 ἀλλ’
570 1778 671 1812 ἀληθὲς
679 1777 820 1813 ἐντύχημα
831 1777 864 1810 ⁸⁸,

72 1826 137 1852 ἀλλὰ
153 1825 264 1852 παιδεία
284 1825 332 1852 καί
346 1825 435 1860 νόμοι,
453 1824 516 1859 ῥίζα
535 1825 590 1852 τῶν
603 1823 714 1859 ἀγαθῶν
737 1824 785 1850 καὶ
813 1832 866 1859 μη-

71 1872 207 1906 τρόπολις.
232 1871 318 1902 Αὐτός
339 1880 369 1897 τε
393 1870 504 1905 φυτεύει
531 1870 569 1905 τῷ
603 1869 678 1905 φυτῷ
706 1870 794 1905 τούτῳ
815 1869 865 1904 τὴν

72 1918 169 1945 ἑαυτοῦ
184 1918 285 1953 ψυχὴν,
303 1917 416 1944 Ἀττικὰ
426 1916 552 1952 ἐπάρδων
568 1915 602 1943 τὰ
618 1915 738 1951 νάματα.
763 1914 818 1942 Ἀεὶ
835 1914 864 1941 δὲ

70 1965 103 1991 τὰ
117 1964 138 1980 ¹¹
154 1964 226 1990 καλὰ
236 1963 349 1995 σπάνια,
363 1963 496 1996 καὶδόξαν
505 1961 640 1989 ἀθάνατον
654 1962 711 1993 τοῖς
725 1961 863 1988 ἐπινοοῦσι

71 2010 266 2046 προμνώμενα.
281 2010 394 2045 Πρῶτος
412 2009 462 2044 μὲν
491 2009 506 2035 ὸ
523 2009 606 2043 σοφὸς
636 2008 802 2043 ’Δνάχαρσις
827 2008 861 2035 ἐκ

71 2057 180 2083 Σκυθῶν
195 2055 278 2092 ἦλθεν
290 2058 330 2088 εἰς
339 2055 485 2090 Ἓλληνας,
495 2055 609 2095 πρῶτος
615 2054 644 2081 δὲ
660 2054 748 2089 Πέλοψ
760 2054 862 2087 Λυδῶν,

70 2100 132 2136 [615
143 2101 189 2137 Η.]
199 2100 388 2128 ἐπ’ἀθανάτων
399 2101 489 2127 ἵππων
503 2099 573 2126 κατὰ
580 2099 698 2134 γαλήνης
706 2099 768 2134 ὀχού
773 2107 862 2134 μενος.

71 2147 122 2173 Καὶ
147 2147 242 2182 μισθὸν
256 2148 306 2182 τῆς
318 2145 493 2181 καινοτομίας
506 2145 638 2180 λαμϐάνει
656 2144 747 2171 δοῦναι
762 2145 794 2179 τῇ
810 2143 864 2178 χώο

71 2201 101 2227 ρᾳ
116 2193 146 2219 τὸ
164 2193 323 2228 πρόσρημα.
338 2193 393 2219 Καὶ
405 2194 419 2219 ὁ
434 2192 484 2228 μὲν
497 2191 607 2223 ἔπαινος
622 2192 651 2218 ἐν
665 2191 794 2224 αἰγιαλοῖς
811 2190 861 2222 ἔτι,

915 1364 958 1392 Ex
972 1365 1093 1392 oratione
1103 1365 1131 1392 in
1145 1364 1299 1392 Anatolium
1314 1365 1479 1399 pra'fectum.
1495 1380 1531 1386 ——
1548 1365 1706 1394 Exordittm.

949 1410 1058 1445 Jupiter
1075 1418 1123 1446 per
1138 1410 1303 1438 Mercurium
1319 1418 1334 1438 e
1349 1410 1419 1438 ccelo
1438 1415 1571 1438 tesseram
1585 1412 1708 1444 mittens,

917 1457 987 1491 apud
1004 1455 1164 1488 Homerum,
1177 1456 1261 1491 jussit
1278 1457 1412 1484 Achillem
1424 1457 1491 1484 socii
1509 1465 1602 1485 casum
1615 1457 1708 1493 deplo-

916 1506 1021 1529 rantem
1039 1508 1113 1528 arma
1127 1509 1246 1529 sumere.
1267 1502 1388 1536 Agedum
1401 1509 1468 1538 ergo
1480 1503 1562 1530 etiam
1581 1510 1631 1531 nos
1644 1508 1709 1532 tan-

916 1555 998 1582 quam
1013 1546 1118 1575 ctnlesti
1133 1547 1225 1580 aliquo
1238 1547 1355 1582 impulsu
1369 1547 1396 1575 in
1419 1547 1568 1576 festivitate
1585 1549 1707 1578 dolorem

916 1592 1064 1625 solventes,
1086 1592 1203 1626 Apollini
1230 1597 1385 1620 cantemus.
1403 1592 1458 1621 Nos
1479 1595 1582 1623 nostris
1602 1597 1710 1623 artibus

915 1644 1043 1672 maguum
1065 1636 1138 1663 illum
1161 1637 1314 1672 principem
1337 1638 1471 1672 cepimus.
1493 1638 1552 1666 Non
1566 1639 1624 1667 haec
1644 1647 1710 1668 sunt

915 1689 1003 1717 nega,
1018 1686 1064 1709 aut.
1081 1681 1163 1709 Attici
1181 1683 1263 1716 sales,
1278 1681 1413 1710 Bacchum
1436 1691 1452 1711 e
1464 1683 1566 1712 Thebis
1584 1687 1709 1721 peregri-

916 1735 993 1760 tnun,
1013 1727 1165 1761 Neptunum
1181 1735 1196 1754 e
1217 1727 1343 1756 ﬂuctibus
1356 1732 1503 1762 amantem,
1516 1731 1596 1758 sienti
1616 1733 1649 1759 ad
1660 1740 1708 1759 ur-

916 1773 977 1800 bem
994 1772 1119 1801 Lacones
1141 1773 1246 1806 ludunt,
1271 1775 1318 1802 sed
1343 1782 1438 1802 verum
1458 1776 1634 1812 colloquium,
1660 1780 1708 1807 sed

916 1819 1051 1846 institutio
1063 1823 1091 1846 et.
1107 1820 1225 1852 sanctio,
1239 1820 1316 1847 radix
1331 1821 1464 1848 bonorum
1479 1828 1507 1850 et
1521 1823 1637 1851 initium.
1648 1823 1709 1860 Ipse

915 1872 982 1892 vero
1009 1865 1061 1892 hoc
1078 1866 1201 1900 germine
1224 1867 1346 1893 animum
1363 1875 1445 1904 suum
1471 1868 1586 1903 plantat.
1609 1871 1709 1900 Atticis

915 1911 1032 1945 irrigans
1052 1911 1141 1945 aquis.
1161 1910 1276 1946 Semper
1292 1919 1358 1939 vero
1367 1913 1458 1940 omnia
1474 1914 1586 1948 pulchra
1599 1923 1708 1949 rara,et

915 1956 1094 1984 immortalem
1106 1957 1221 1991 gloriam
1240 1957 1455 1992 intelligentibus
1469 1961 1630 1989 conciliant.
1645 1962 1709 1991 Pri-

915 2009 976 2029 mus
993 2002 1104 2036 sapiens
1127 2003 1295 2031 Anacharsis
1307 2011 1324 2031 e
1343 2003 1454 2040 Scythia
1473 2006 1500 2033 in
1517 2006 1651 2035 Graeciam
1661 2017 1709 2036 vc-

915 2048 974 2080 nit;
991 2048 1097 2082 primus
1111 2047 1208 2083 Pelops
1219 2055 1235 2076 e
1245 2048 1330 2084 Lydia
1349 2049 1550 2079 immortalibus
1562 2053 1588 2080 in
1602 2055 1707 2082 sereni-

914 2098 970 2121 tate
985 2098 1078 2121 vectus
1093 2094 1184 2128 equis,
1201 2099 1230 2122 et
1242 2095 1396 2122 mercedem
1413 2103 1490 2124 novae
1498 2097 1642 2126 divisionis
1658 2108 1704 2127 ac-

914 2139 989 2173 cipit,
1013 2144 1044 2166 ut
1069 2139 1177 2166 dederit
1199 2140 1304 2175 regioni
1327 2147 1492 2175 cognomen.
1513 2142 1546 2170 Et
1570 2142 1629 2171 laus
1659 2144 1708 2173 illa

914 2186 1022 2221 quidem
1044 2185 1134 2213 adhuc
1160 2185 1187 2213 itt
1215 2186 1353 2214 littoribus
1373 2195 1380 2214 :
1399 2187 1513 2214 ﬂuctuat
1536 2196 1601 2216 vero
1617 2192 1711 2218 oratio

70 2239 212 2272 πελαγίζει
229 2239 257 2265 δὲ
275 2240 290 2265 ὁ
310 2239 398 2272 λόγος,
419 2239 468 2274 οὐχ
491 2238 563 2273 ὁρῶν
581 2238 664 2272 ὅρμον
691 2236 861 2272 φαινόμενον.

919 2239 971 2259 non
997 2231 1093 2259 videns
1119 2236 1230 2265 portum
1248 2237 1437 2266 apparentem.
1463 2234 1600 2268 Optimum
1623 2236 1707 2271 igitur

69 2284 221 2320 Κράτιστον
236 2282 284 2311 οὖν
311 2284 376 2317 ἴσως
404 2285 489 2311 εικόνι
514 2283 564 2318 τὴν
587 2282 663 2309 τοῦδε
681 2283 761 2317 φύσιν
775 2283 859 2317 θηρά-

70 2337 163 2363 σαντα,
177 2330 207 2356 τὸ
217 2330 264 2356 τοῦ
281 2329 386 2356 ⁶ἰθειδίου
409 2330 593 2365 μιμήσασθαι.
608 2329 665 2355 Οὐκ
690 2329 782 2364 ἠγνόει
797 2329 859 2355 Φει-

69 2374 122 2406 δίας
133 2375 196 2407 ὅσος
213 2375 261 2402 καλ
272 2377 301 2402 ἐν
315 2376 388 2406 ὅσοις
404 2376 419 2402 ό
445 2376 522 2407 Ζεὺς,
548 2374 595 2401 ἃτε
623 2374 672 2409 τὴν
696 2374 786 2410 ψυχὴν
808 2374 858 2409 τῆς

68 2419 159 2454 χειρὸς
175 2418 338 2454 σοφώτερος.
356 2419 522 2454 Βουλόμενος
543 2416 590 2445 οὖν
604 2418 645 2444 ἐνὶ
666 2417 786 2453 θηρᾶσαι
807 2418 858 2453 τὴν

70 2464 126 2496 Διὸς
154 2463 236 2500 φύσιν
261 2465 411 2500 ἀγάλματι,
443 2464 538 2500 χρυσῷ
562 2464 683 2499 κεράσας
713 2464 855 2498 ἐλέφαντα,

75 2509 188 2542 Ἠλείοις
209 2509 259 2545 μὲν
268 2510 315 2538 τὸν
332 2510 492 2545 Ὀλύμπιον,
515 2511 572 2542 τοῖς
586 2510 615 2537 δὲ
641 2510 731 2542 ἄλλοις
752 2509 857 2545 ἀνθρώ-

69 2563 126 2588 ποις
138 2555 187 2583 τδν
210 2556 259 2582 Δία
282 2556 368 2583 εικόνι
395 2555 579 2591 μιᾷτοσοῠτον
605 2556 669 2582 ὅσον
694 2555 856 2583 ἐκτυπωσά-

71 2609 158 2636 μενος.
177 2602 279 2630 Ἐθέλω
294 2603 324 2629 δέ
335 2611 376 2629 σοι
393 2602 475 2630 θείων
484 2604 516 2629 ἐκ
528 2603 683 2638 φαρμάκων
693 2601 798 2638 γράψαι
811 2602 857 2629 τὸν

70 2648 183 2675 πῖνακαο
194 2648 316 2676 ἔκπλυτα
325 2649 381 2685 γὰρ
393 2649 498 2684 ταχέως
509 2649 597 2684 χρόνῳ
610 2648 644 2675 τὰ
659 2649 750 2684 γήϊνα.
767 2648 860 2683 Δόγμα

69 2694 95 2720 δὲ
105 2697 151 2722 καὶ
161 2696 241 2728 δόξαν
258 2697 285 2722 εἰ
298 2705 338 2732 τῳ
350 2695 426 2730 φίλον
438 2695 531 2722 καλεῖν
544 2696 590 2722 τὸν
602 2695 715 2727 πίνακα,
723 2696 753 2722 οὐ
764 2696 858 2722 διοίσο-

72 2748 126 2773 μαι.
143 2741 221 2777 [HM
236 2741 283 2778 8.]
303 2741 430 2769 Ἐπειδὰν
448 2742 531 2777 κάμοι
548 2741 578 2768 τὸ
597 2742 664 2769 πολὺ
681 2741 761 2776 σῶμα
776 2741 856 2769 τοῦτο

915 2279 1028 2306 forsitan
1050 2278 1142 2310 fuerit,
1161 2279 1233 2306 hunc
1253 2277 1373 2313 imagine
1390 2279 1450 2312 eius
1465 2285 1590 2308 naturam
1610 2283 1706 2318 expri-

913 2329 1043 2357 mentem,
1058 2324 1184 2352 Phidiam
1200 2325 1227 2351 in
1238 2331 1271 2351 co
1285 2323 1466 2353 imitari.Non
1484 2325 1629 2361 ignorabat
1639 2329 1709 2356 Plii-

912 2371 985 2404 dias,
1001 2371 1062 2406 quis
1076 2371 1138 2398 etin
1151 2371 1250 2406 quibus
1264 2370 1370 2406 Jupiter
1385 2377 1469 2406 esset,
1487 2373 1594 2402 scilicet
1613 2376 1710 2404 animo

911 2418 1011 2453 376a
1025 2418 1176 2453 sapientior
1188 2426 1270 2453 quam
1285 2418 1393 2446 dextra.
1413 2418 1532 2454 Cupiens
1550 2421 1634 2456 igitur
1651 2430 1707 2450 una

912 2464 1030 2499 imagine
1052 2464 1128 2492 Jovis
1154 2464 1292 2500 ingenium
1313 2466 1468 2499 exprimere
1486 2475 1554 2494 attro
1574 2470 1706 2496 commis-

910 2518 976 2537 cens
994 2511 1073 2543 ebur,
1086 2510 1159 2538 Eleis
1172 2511 1281 2546 quidem
1291 2510 1458 2547 Olympium,
1474 2513 1535 2540 aliis
1547 2513 1709 2543 hominibus

909 2557 1005 2585 Jovem
1027 2565 1079 2585 una
1101 2557 1220 2593 imagine
1242 2558 1335 2592 talem,
1356 2563 1387 2586 ut
1406 2564 1460 2591 est,
1475 2559 1616 2596 eliingens.
1635 2561 1709 2590 Volo

911 2603 958 2630 tibi
975 2610 991 2630 e
1017 2602 1116 2630 divinis
1136 2602 1274 2630 coloribus
1296 2603 1415 2631 tabulam
1439 2605 1571 2640 pingere,
1601 2609 1708 2635 terreni

913 2649 986 2677 enim
1014 2648 1122 2676 colores
1139 2653 1262 2683 tempore
1283 2649 1432 2677 eluuntur:
1445 2652 1609 2679 sententiam
1637 2660 1707 2680 vero

911 2699 938 2722 et
954 2695 1122 2729 opinionem,
1140 2694 1218 2722 sicui
1236 2694 1324 2730 placet
1339 2696 1482 2724 nominare
1498 2698 1633 2732 tabulam,
1649 2707 1707 2726 non

909 2741 1083 2768 contendant.
1099 2739 1324 2776 Quandoquidem
1343 2746 1371 2769 et.
1386 2743 1452 2770 mihi
1467 2743 1518 2771 hoc
1531 2744 1629 2779 ingens
1641 2753 1707 2773 cor-

717 2807 836 2836 VARUE
859 2806 1064 2836 LECTIONES.

115 2870 135 2887 "
146 2869 395 2906 Κολυττδς]κό).πος
412 2869 444 2898 C.
483 2870 505 2887 “
519 2870 589 2909 ἔχων
600 2877 655 2898 om.
673 2869 704 2897 Ο.
744 2870 766 2886 ιι
781 2869 881 2902 λίθους.

921 2869 942 2885 ιδ
959 2868 1102 2904 εὐτύχημα
1114 2867 1146 2896 C.
1200 2869 1263 2897 ¹⁹τὰ
1273 2874 1334 2905 post
1345 2870 1373 2898 δὲ
1388 2870 1451 2899 add.
1470 2871 1525 2899 AC.
