1919 3096
203 140 271 172 1379

767 138 900 168 ΡΠΟΤΙΙ
920 139 1172 170 PATlllARCH/E
1189 140 1243 170 CP.

1774 139 1852 172 1380

199 206 251 233 pus
270 195 455 233 improbitatis
476 195 573 224 morbo
591 194 674 231 (quod
694 199 794 222 terram
814 196 924 231 quidem
943 203 993 223 nos

1053 197 1146 228 ιακίας
1170 197 1242 232 νόσῳ
1260 196 1449 232 φθειρόμενον,
1469 195 1484 222 ὃ
1513 196 1566 231 γῆν
1594 196 1644 232 μὲν
1674 198 1757 233 ἡμεῖς
1784 200 1851 226 κέν-

200 250 326 273 Centrum
342 243 426 271 divini
441 242 513 268 illius
526 241 618 268 tuuudi
635 241 786 276 putamus),
803 246 867 269 tunc
884 241 993 269 Lache—

201 298 263 318 seos
280 289 356 316 fusus
375 289 473 316 cmlum
491 288 542 314 tela
563 292 720 322 penetrans,
735 295 750 314 ο
769 286 844 314 lovis
864 292 994 322 penetra-

200 335 272 362 libus
287 335 405 361 animam
427 334 563 360 sinceram
577 333 672 365 trahit,
688 332 844 359 divinarum
859 331 993 367 imagina-

202 382 305 408 tionum
333 379 515 406 substantiam
538 379 571 405 ad
601 386 651 406 nos
682 377 906 406 transferentem.
930 378 994 405 Haec

201 426 432 462 paritjttstitiam,
447 425 506 452 hate
518 424 718 458 fortitudinem,
737 433 771 452 ex
788 425 833 452 illa
851 424 990 458 propriam

201 472 368 500 sententiam
384 479 453 505 pure
471 471 528 505 ipsa
551 471 641 497 anima
658 471 740 498 habet
754 480 761 498 :
779 471 849 498 hanc
864 478 929 498 vero
946 477 991 497 se-

201 518 293 552 quitur
308 524 405 551 magna
415 516 549 543 virtututn
568 515 698 543 similium
718 517 846 548 societas,
860 507 993 543 sublimi-

202 569 243 591 tas
266 563 377 595 mentis,
396 561 558 589 excellentia
581 561 675 593 animi,
700 562 784 588 libera
808 568 871 593 vox,
897 568 994 588 manus

200 608 346 637 beneficiis
370 615 423 634 non
442 606 604 638 alliciendze,
625 607 753 634 amicitia:
773 606 905 639 studium,
921 607 994 633 veri-

203 657 267 683 tatis
288 662 383 685 amor,
408 652 641 680 incommutabilis
663 652 798 680 sententia
819 659 852 679 ex
873 652 994 679 amicitia

202 703 330 729 virtutem
352 709 404 728 non
435 700 602 735 dijudicans,
633 700 681 727 sed
713 700 816 726 virtute
842 699 994 726 amicitiam

202 748 368 783 pouderans.

202 805 247 833 Ea:
257 805 373 832 aratione
386 804 413 830 in
427 802 733 865 Pltabumdproconsulis
749 801 848 836 ﬁlium.
864 815 897 823 ν-
907 800 995 829 Exor-

573 846 639 865 tum.

573 846 639 866 tum.

1044 251 1110 278 τρον
1137 243 1242 269 ἐκείνου
1275 242 1322 269 τοῦ
1346 242 1421 269 θείου
1459 242 1564 277 κόσμου
1593 243 1752 278 νομίζομεν,
1776 245 1845 272 τότε

1045 287 1191 323 Λαχέσεως
1219 288 1384 324 ᾶτρακτος¹⁶
1407 287 1523 322 οὐρανὸν
1541 287 1637 323 σχίσας
1668 290 1726 321 τοῖς
1751 291 1847 324 νήμα-

1046 342 1087 360 σιν
1108 335 1141 360 ἑκ
1161 334 1212 368 τῆς
1233 334 1294 366 Διὸς
1323 334 1416 365 ἑστίας
1431 334 1493 367 ἄγει
1507 333 1596 369 ψυχὴν
1619 335 1770 370 ἀκραιφνῆ,
1787 337 1846 363 τῶν

1046 380 1126 406 θείων
1156 381 1310 415 φασμάτων
1338 380 1405 415 παρ’
1419 381 1501 414 ’ἡμᾶς
1530 380 1579 415 τὴν
1606 381 1702 408 οὐσίαν
1725 382 1846 418 διαπορ-

1045 425 1208 460 θμεύουσαν.
1223 425 1295 458 Λῦτη
1312 425 1390 460 φέρει
1399 424 1586 459 δικαιοσύνην,
1597 425 1668 460 αὕτη
1680 426 1810 461 ἀνδρείαν
1823 427 1845 443 ’⁷

1045 472 1112 506 παρ’
1131 471 1232 506 αὐτῆς⁸
1243 471 1443 506 αὑτοφρόνησις
1456 470 1584 505 καθαρῶς
1593 471 1610 506 ἡ
1622 471 1737 507 τοιαύτη
1754 472 1842 507 ψυχή.

1046 516 1164 543 Ἔπεται
1179 516 1208 542 δὲ
1217 516 1286 551 αὐτῇ
1305 516 1351 542 καὶ
1364 515 1471 550 ἀρετῶν
1486 515 1636 550 συμφύτων
1656 516 1755 551 μυρίος
1782 516 1844 543 θία-

1049 570 1106 594 σος,
1123 561 1191 596 ὕψος
1204 561 1305 596 ψυχῆς,
1326 561 1551 596 μεγαλοπρέπεια
1568 560 1692 596 γνώμης,
1709 561 1843 598 ﬂaua!”

1048 607 1135 642 φωνὴ,
1153 609 1244 643 χεῖρες
1259 607 1369 641 ἄδωροι,
1391 607 1484 641 φιλίας
1500 607 1592 640 πόθος,
1614 607 1744 642 ἀληθείας
1760 608 1841 643 ἔρως,

1048 654 1184 688 ἄτρεπτον
1197 653 1336 689 φρόνημα.
1355 653 1412 679 οὑκ
1432 654 1463 678 ὲκ
1477 652 1568 687 φιλίας
1583 653 1685 688 ἀρετὴν
1697 653 1802 688 κρίνων
1811 654 1842 688 ⁸⁸,

1047 699 1106 726 ἀλλ’
1123 699 1154 732 ἐξ
1166 700 1266 735 ἀρετῆς
1279 699 1314 726 τὰ
1325 697 1378 733 τῆς
1391 698 1483 733 φιλίας
1502 698 1714 734 σταθμώμενος.

1055 802 1102 828 Ἐκ
1117 801 1171 828 τοῦ
1185 802 1229 835 είς
1242 802 1351 829 Φοῖϐον
1370 802 1423 829 τὸν
1450 801 1503 828 τοῦ
1530 800 1704 829 ἀνθυπάτου
1737 802 1840 830 παῖδα.

1305 852 1340 857 -
1357 837 1392 864 Τὸ
1409 837 1580 871 Προοίμιον.

239 886 389 922 Sapientiae
405 886 490 913 initiis
504 884 650 912 humiliore
660 884 751 919 lingua
767 883 936 918 responsuri,
950 889 995 910 ve-

1086 883 1218 917 Σοφιστοῦ
1226 882 1255 910 δὲ
1268 883 1290 899 ¹⁹
1303 883 1389 918 θύραν
1400 884 1432 910 ἐκ
1446 882 1611 919 μικροτέρας
1627 882 1752 917 γλώττης
1764 883 1843 918 ἀμεί-

204 932 318 959 risimile
343 937 408 966 pulo
424 931 493 962 fore,
514 935 543 956 ut
564 929 723 964 sophisticis
744 929 828 955 ctiam
845 928 996 955 rationibus

207 981 364 1004 occurrant.
384 976 520 1003 Isocrates
541 975 664 1009 sophista
679 974 783 1009 (notum
806 973 933 1000 omnibus
947 974 998 1000 huc

203 1029 301 1050 nomen
319 1029 380 1049 cum
398 1020 569 1048 orationibus
583 1024 659 1054 puto,
670 1019 735 1054 quia
752 1019 788 1046 ob
799 1017 997 1053 illumSophis-

205 1073 238 1095 ne
257 1068 389 1102 poeticam
409 1066 590 1101 negligentes,
611 1065 748 1100 propriam
772 1064 858 1098 legem
878 1063 996 1098 amplexi

202 1114 289 1148 sunt).
311 1113 436 1140 oratione
452 1112 561 1146 quidem
576 1118 683 1145 semper
697 1110 859 1145 eloquentia;
871 1111 999 1137 alitatori-

203 1160 253 1187 bus
269 1159 368 1193 regalia
382 1158 538 1185 scholarum
553 1164 664 1184 suarum
681 1156 820 1191 patefecit.

219 1204 262 1233 Ea;
275 1206 395 1232 oratione
411 1205 440 1231 in
464 1205 609 1232 Arcadium
634 1205 764 1231 medicum
781 1209 805 1230 et
823 1203 979 1238 principem.

239 1251 391 1285 Descripsit
406 1257 506 1284 pueros
526 1249 630 1276 circuut
650 1249 800 1276 thalamum
812 1249 952 1285 ludentes,
970 1253 999 1276 et

205 1298 262 1324 suis
273 1304 320 1324 eos
333 1283 432 1323 fistulis
447 1296 512 1322 facit
524 1295 663 1329 specimen
676 1283 821 1321 exhibere:
835 1293 913 1321 Nunc
934 1302 999 1322 vero

204 1343 277 1370 aliud
298 1347 451 1373 certamen,
470 1340 542 1367 aliud
558 1340 689 1372 stadiutn,
703 1331 896 1374 Musarumque
915 1339 999 1366 delu-

205 1388 284 1415 brum
307 1387 394 1414 sacris
411 1385 600 1413 sacerdotibus
620 1389 744 1418 apertutn
771 1385 805 1411 ab
823 1383 1000 1411 amicissimis

205 1433 384 1460 aleatoribus.
408 1431 493 1457 Aiunt
513 1429 688 1457 Democidem
707 1429 781 1456 illutn
796 1429 997 1463 Crotoniatam,

206 1480 323 1514 primum
343 1478 466 1506 Graecam
485 1475 674 1512 [mediciuaml
693 1476 774 1511 ,σριιί
797 1475 932 1504 Barbaros
952 1483 1000 1504 co-

205 1525 300 1553 luisse.

330 1581 354 1608 E
366 1580 550 1616 propemptica
561 1579 588 1606 in
600 1587 685 1606 socios
702 1579 879 1606 advenientes.

242 1659 400 1690 Animosne,
426 1657 544 1685 orationi
571 1657 689 1684 miscens
709 1656 848 1688 allectum.
873 1661 900 1684 et
921 1657 999 1686 furtis

206 1706 310 1733 audivit
325 1713 332 1731 :
348 1706 404 1731 vita
427 1703 526 1735 mollis,
542 1709 697 1729 mensuram
713 1710 814 1736 ponens
832 1702 936 1738 376D
952 1711 999 1729 na-

207 1758 285 1783 turae.
303 1751 509 1785 temperantiam
523 1749 682 1782 assumpsit.
693 1749 765 1776 Marc
777 1755 862 1776 ututat
874 1757 998 1776 naturam

207 1798 233 1825 iu
255 1797 353 1823 multas
367 1796 480 1823 formas.
496 1794 674 1829 Purpurascit
686 1794 797 1829 quidem
809 1803 870 1822 cum
887 1795 1000 1822 intrati-

206 1843 370 1879 quillitatem
390 1842 493 1870 sedarit
520 1841 630 1873 ﬂuctua,
644 1842 788 1868 obscuram
804 1849 869 1870 vero
880 1843 998 1876 specietu

208 1889 291 1916 habet
310 1895 371 1915 curti
390 1886 519 1914 [luctibus
534 1887 672 1913 turbatum
686 1885 826 1914 efferatur.

259 1987 284 2014 E
300 1986 478 2022 propemptica
508 1985 535 2012 in
555 1984 728 2014 Flavianum.
739 2001 776 2006 —
788 1985 946 2015 Exordium.

243 2064 393 2100 Coujecisti
408 2071 462 2096 me,
482 2063 622 2091 meliorem
634 2069 774 2099 parantem
790 2065 888 2100 lyram,
902 2073 918 2092 ο
932 2066 1001 2092 ami-

206 2121 249 2144 ce,
268 2117 297 2139 ut
313 2117 339 2138 te
356 2111 463 2139 scilicet
484 2115 546 2146 post
563 2111 683 2138 Africam
703 2111 863 2145 salutarem,
888 2117 1001 2147 repente

206 2158 312 2192 fugiens
337 2157 365 2184 in
382 2157 545 2183 inamtenam
562 2155 680 2183 Musam.
701 2155 796 2184 Visum
818 2158 936 2185 nondum
957 2162 1000 2185 est

1048 929 1152 964 ψαντας
1163 929 1186 945 ⁸⁸
1200 931 1367 964 σοφιστικοῖς
1379 927 1558 964 εἰκδς,οἷμαι,
1572 930 1783 965 περιτυγχάνειν
1797 930 1844 956 καὶ

1048 976 1226 1010 διηγήμασιν.
1254 975 1415 1010 Ἰσοκράτης
1441 976 1456 1001 ὁ
1482 975 1614 1010 σοφιστὴς
1641 974 1792 1010 (γνώριμον
1815 975 1843 1000 δὲ

1049 1023 1145 1054 πᾶσιν,
1162 1019 1250 1056 οἴμαι,
1272 1021 1343 1056 μετὰ
1361 1021 1416 1048 τῶν
1431 1021 1518 1054 λόγων
1529 1021 1609 1046 καὶ¹¹
1623 1019 1752 1055 τοΰνομα,
1765 1020 1843 1047 ὅτιδι’

1049 1067 1152 1093 ἐκεῖνον
1176 1067 1313 1102 σοφιστῶν
1336 1066 1448 1100 γλῶττα
1474 1066 1620 1101 ποιητικὴν
1646 1067 1809 1100 ἀτιμάσασα
1819 1067 1842 1082 ¹¹

1049 1114 1150 1139 οίκεῖον
1165 1113 1248 1148 νόμον
1263 1113 1418 1148 ἠσπάσατο)
1441 1112 1514 1148 λόγῳ
1540 1113 1588 1147 μὲν
1605 1112 1649 1140 ἀεὶ
1677 1114 1736 1144 τοῖς
1757 1112 1843 1146 λόγων

1048 1159 1173 1194 ὲρῶσιτὰ
1183 1158 1305 1194 βασίλεια
1315 1159 1369 1185 τῶν
1378 1158 1475 1185 ἑαυτοῦ
1486 1159 1620 1193 μουσείων
1632 1157 1839 1185 ἁνεπετάννυεν.

1067 1204 1119 1231 Ἐκ
1135 1205 1188 1232 τοῦ
1202 1205 1246 1237 εις
1263 1204 1423 1239 Ἀρκάδων
1446 1205 1499 1230 τὸν
1515 1205 1617 1238 ίατρὸν
1631 1204 1680 1231 καί
1695 1206 1823 1239 κόμητα.

1086 1251 1238 1283 Παίζοντας
1255 1251 1309 1285 γὰρ
1327 1251 1390 1282 τοὺς
1404 1250 1481 1281 νέους
1496 1251 1560 1285 περὶ
1572 1250 1693 1285 θάλαμον
1704 1251 1842 1285 ἱστόρησε,

1051 1297 1099 1324 καὶ
1111 1299 1172 1328 ταῖς
1189 1297 1296 1324 ἑαυτῶν
1317 1297 1389 1331 τυγξι
1410 1297 1483 1323 ποιεῖ
1501 1297 1551 1332 τὴν
1565 1297 1646 1331 χάριν
1668 1297 1841 1330 ἐλέγχοντας.

1050 1343 1108 1370 Νῦν
1124 1344 1151 1369 δὲ
1165 1343 1259 1378 ἕτερος
1271 1341 1363 1375 ἆθλος,
1379 1343 1426 1369 καὶ
1439 1343 1503 1370 ἄλλο
1513 1342 1632 1374 στάδιον,
1649 1342 1698 1369 καὶ
1724 1342 1842 1369 Μουσῶν

1049 1387 1162 1422 τέμενος
1175 1388 1331 1423 μύσταις¹¹¹
1344 1387 1428 1418 ὁσίοις
1440 1388 1627 1421 ἀνοιγόμενον.
1638 1388 1706 1423 Περὶ
1715 1389 1773 1419 τοῖς
1786 1387 1843 1422 φιλ-

1050 1434 1142 1464 τάτοις
1155 1433 1313 1461 κυϐεύουσι.
1327 1433 1397 1460 Φασὶ
1407 1433 1435 1460 δὲ
1447 1434 1495 1459 καὶ
1511 1433 1674 1468 Δημοκήδη-θ
1701 1434 1748 1460 τὸν
1771 1434 1843 1468 Κρο-

1050 1479 1185 1513 τωνιάτην
1198 1480 1302 1506 ἐκεῖνον
1313 1479 1359 1505 τὸν
1373 1479 1482 1514 πρῶτον
1496 1480 1623 1514 ίατρικὴν
1641 1479 1757 1506 Ἐλλάδα
1770 1481 1843 1516 παρὰ

1052 1525 1200 1562 βαρϐάροις
1218 1526 1381 1560 κομίσαντα.

1050 1581 1099 1607 Ἐκ
1115 1579 1167 1607 τοῦ
1182 1581 1410 1614 προπεμπτικοῦ
1425 1579 1479 1606 τοῦ
1500 1581 1545 1612 είς
1559 1579 1630 1613 τοὺς
1656 1581 1846 1614 προσελθόν-

1332 1623 1386 1647 τας
1411 1615 1560 1648 ἑταίρους.

1087 1660 1150 1696 [6H
1169 1660 1215 1696 H.]
1235 1660 1264 1687 '0
1284 1660 1427 1696 θυμοειδὴς
1451 1658 1500 1695 τὴν
1517 1661 1617 1696 ψυχὴν,
1633 1661 1706 1696 λόγῳ
1721 1662 1844 1696 κεράσας

1049 1706 1079 1733 τὸ
1094 1706 1189 1738 πάθος,
1200 1706 1322 1742 ἀνδρεῖος
1332 1707 1449 1741 ἧκουσεν
1459 1715 1466 1722 ·
1483 1707 1497 1732 ὁ
1510 1707 1554 1733 τὸν
1569 1707 1626 1741 βίον
1635 1707 1729 1742 ἁϐρὸς,
1743 1707 1842 1742 μέτρον

1049 1752 1155 1784 ἐπιθεὶς
1162 1753 1194 1788 τῇ
1205 1752 1298 1786 φύσει,
1315 1753 1364 1787 τὴν
1379 1752 1557 1788 σωφροσύνην
1570 1752 1733 1786 ἑλάμὸανεν.
1752 1753 1844 1785 ’Δμεῐ-

1050 1799 1091 1825 ὕει
1105 1799 1155 1834 τὴν
1172 1797 1254 1832 φύσιν
1267 1799 1308 1830 είς
1319 1799 1422 1830 πολλὰς
1432 1799 1506 1830 ίδὲας
1521 1800 1568 1826 καὶ
1584 1799 1704 1826 Θάλαττα
1715 1807 1721 1812 ”
1736 1798 1844 1834 πορφύ-

1051 1854 1092 1881 ρει
1106 1845 1166 1880 μὲν,
1183 1845 1246 1872 ὅταν
1261 1845 1301 1876 είς
1313 1845 1433 1880 γαλήνην
1448 1846 1582 1880 στορεσθῇ
1598 1845 1632 1872 τὰ
1655 1845 1778 1880 κύματα,
1800 1845 1844 1876 ζό-

1050 1900 1099 1926 φον
1109 1890 1203 1926 δὲέχει
1220 1891 1250 1917 τὺ
1273 1891 1430 1927 πρόσωπον,
1458 1891 1523 1918 ὅταν
1555 1892 1685 1927 ἁγριαίνῃ
1705 1899 1844 1926 ταρασσοο

1051 1937 1118 1973 μένη
1129 1938 1185 1969 τοῖς
1197 1937 1330 1972 κύμασιν.

1049 1993 1104 2020 Ἕκ
1135 1992 1190 2020 τοῦ
1218 1993 1263 2025 εις
1288 1992 1459 2020 Φλασιανὸν
1484 1993 1720 2028 προπεμπτικοῦ.
1736 2007 1775 2013 -
1807 1992 1843 2020 Τὸ

1363 2029 1533 2062 Προοίμιον.

1086 2070 1238 2107 Κρείττονά
1255 2071 1396 2107 μελύραν,
1418 2069 1441 2098 ὦ
1468 2072 1539 2106 φίλε.
1557 2073 1709 2107 κάμνοντα.
1743 2072 1789 2098 ἵνα
1814 2080 1843 2098 σε

1052 2115 1121 2151 μετὰ
1147 2116 1250 2151 Λιϐύην
1276 2118 1456 2153 ἀσπάσωμαι,
1489 2118 1598 2153 φεύγων
1637 2117 1770 2154 ἐξαίφνης
1805 2120 1844 2150 είς

1051 2162 1166 2196 στυγνὸν
1181 2163 1261 2198 μέλος
1276 2164 1442 2200 ἀπέρριψας,
1469 2164 1553 2191 Οὔπω
1569 2165 1600 2191 τὸ
1613 2164 1664 2200 ἔαρ
1686 2164 1777 2200 ὤφθη,
1797 2165 1844 2191 καὶ

205 2210 260 2236 ves,
279 2206 307 2229 et
324 2206 472 2235 tempestas
482 2199 864 2237 Hellespontiacairrumpens
878 2203 995 2231 animam

1053 2208 1154 2244 χειμὼν
1171 2199 1379 2244 Ἑλλησπόντιος
1395 2209 1558 2246 προσϐαλὼν
1570 2210 1620 2245 τὴν
1632 2199 1721 2246 ψυχὴν
1735 2211 1842 2246 πήγνυ-

206 2247 360 2274 sull'ocavit.
375 2246 498 2272 Nondum
512 2246 598 2274 solem
612 2246 740 2281 vidimus,
760 2253 788 2275 et
806 2248 896 2276 radios
919 2256 997 2276 aver-

205 2299 252 2319 sus
273 2291 398 2324 mutavit,
412 2290 568 2326 Graecisque
592 2297 698 2320 noctem
722 2294 851 2322 inducere
878 2295 996 2324 minatus

204 2343 257 2366 est.
270 2336 349 2365 Prius
361 2337 577 2372 iugemiscimus,
592 2346 673 2374 quam
690 2340 844 2373 riserimus,
859 2341 934 2376 prius
944 2342 996 2369 diis

205 2384 309 2411 viarqu
337 2384 498 2420 praesidibus
525 2391 586 2411 vota
606 2385 745 2419 dedimus,
763 2394 845 2421 quam
862 2388 995 2415 sacrificia

205 2435 231 2457 te
248 2431 348 2458 reduce
369 2429 525 2463 fecerimus,
551 2432 703 2459 orationem
727 2433 890 2461 timidiorem
912 2441 995 2470 quam

203 2477 327 2502 dextram
351 2476 479 2511 coargui,
503 2484 534 2503 ea
556 2482 687 2512 praestare
712 2478 911 2513 negligentem,
933 2487 994 2514 qua:

202 2529 265 2550 cera
286 2526 314 2549 et
336 2521 438 2549 ferrum
466 2522 578 2550 audent.
604 2523 720 2558 Semper
745 2525 817 2552 enim
844 2525 931 2561 gloria
960 2533 994 2553 ex

202 2567 293 2595 Africa
310 2568 337 2594 in
352 2566 484 2595 Graeciam
501 2568 620 2603 profecta
633 2574 686 2597 est.
701 2568 817 2597 Ventum
830 2570 939 2606 quidem
953 2570 994 2599 fe-

201 2612 240 2640 cit
252 2612 393 2647 jocantent
411 2617 439 2641 et
451 2612 600 2648 ludentem,
615 2613 709 2648 quales
723 2614 844 2650 pictores
859 2616 886 2643 in
911 2617 991 2644 tabu-

1052 2264 1110 2283 σινο
1128 2256 1205 2283 οὔπω
1221 2257 1266 2283 τὸν
1278 2257 1355 2291 ἥλιον
1368 2257 1487 2292 εῖδομεν,
1504 2257 1551 2283 καὶ
1572 2257 1623 2288 τὰς
1649 2257 1764 2288 ἀκτῖνας
1784 2257 1844 2284 ἑτέ-

1051 2309 1122 2336 ρωσε
1138 2301 1236 2328 κλίνων
1247 2302 1355 2329 ἀπειλεί
1370 2302 1456 2329 νύκτα
1486 2303 1612 2338 ποιήσειν
1630 2304 1688 2335 τοῖς
1717 2303 1842 2340 Ἕλλησι.

1051 2346 1119 2380 Πρὶν
1133 2347 1272 2380 μειδιᾶσαι
1289 2347 1490 2383 στυγνάζομεν,
1503 2349 1569 2384 πρὶν
1597 2348 1733 2384 ὲπιδήμια
1762 2349 1844 2376 θῦσαι

1051 2389 1121 2422 θεοῖς
1132 2392 1242 2425 ἐνοδίοις
1251 2393 1397 2429 εὐχόμεθα.
1417 2394 1521 2428 Λόγους
1538 2394 1567 2421 δὲ
1581 2396 1672 2430 χειρὸς
1695 2395 1846 2430 ἀτολμοτέο

1050 2445 1114 2472 ρους
1129 2437 1300 2472 ἐλέγχεσθαι,
1312 2440 1459 2471 ὀκνοῦντας
1473 2441 1560 2466 ποιεῖν
1571 2440 1589 2466 ἃ
1601 2441 1686 2476 κηρός
1698 2448 1728 2466 τε
1753 2440 1844 2467 ἐθέλει

1049 2483 1097 2509 καὶ
1112 2483 1232 2518 σίδηρος.
1246 2484 1355 2511 Διέπλει
1365 2485 1387 2501 ¹³
1400 2486 1454 2520 γὰρ
1467 2485 1512 2512 ἀεὶ
1530 2486 1561 2521 τὸ
1577 2485 1656 2518 κλέος
1670 2487 1725 2512 ἀπὸ
1736 2486 1844 2520 Λιϐύης

1048 2529 1089 2560 εἰς
1109 2529 1253 2565 Ἕλληνας.
1269 2531 1324 2566 Τὴν
1339 2531 1388 2567 μὲν
1401 2531 1488 2567 αὔραν
1509 2532 1597 2559 ἐποίει
1613 2533 1660 2559 καὶ
1681 2532 1843 2568 τεθρυμμέ-

1047 2583 1106 2610 νην,
1117 2575 1166 2602 καὶ
1181 2576 1342 2609 παίζουσαν,
1353 2578 1412 2610 οἵας
1431 2578 1481 2610 τὰς
1505 2578 1593 2610 Λυδὰς
1604 2578 1628 2594 ’⁸
1655 2578 1761 2605 ποιοῦσι
1790 2578 1844 2611 ζω-

1047 2621 1149 2656 γράφοι
1176 2622 1249 2650 κατὰ
1271 2623 1395 2651 πινάκων
1433 2623 1516 2659 τέχνῃ
1547 2623 1667 2660 μεθύσας
1678 2625 1711 2651 ’³.
1732 2624 1842 2660 Μικρὸν

858 2683 977 2714 ἺΛΒΙΑΞ
994 2686 1198 2718 LECTlONES.

255 2725 422 2764 ¹⁶ἆτρακτος1
447 2727 567 2764 ἄρακτον
657 2728 684 2764 ν¹⁷
697 2728 765 2764 αὕτη

236 2796 345 2836 γλῷσσα
376 2798 426 2836 τὰς
447 2796 591 2836 ποιητικὰς
749 2834 754 2836 ἒ
774 2799 808 2815 ’⁸⁸
824 2796 939 2836 μύσταις

201 2831 223 2847 ³⁵
238 2831 358 2867 μεθύσας
374 2833 408 2865 Δ,
424 2831 591 2868 μεθύσαντες
607 2833 640 2869 C,
655 2834 808 2869 μεθυούσας
824 2831 845 2868 ξ,-
858 2856 867 2871 ,

255 2729 422 2763 ἰᾶτρακτος]
447 2729 567 2768 ἄρακτον
578 2729 609 2755 C.
664 2729 684 2744 “
697 2729 765 2768 αὕτη
779 2729 820 2766 ἀ.]
835 2731 920 2766 αὑτήν
932 2733 960 2759 ὰ.
975 2733 1008 2760 Α.
1059 2734 1080 2750 ⁸⁸
1093 2735 1194 2771 κρίνων
1213 2751 1250 2756 -
1268 2736 1464 2772 σταθμώμενος
1482 2737 1503 2763 Λ
1526 2745 1534 2764 :
1552 2737 1596 2773 κρε

201 2769 287 2812 μενον
298 2769 329 2793 ς.
368 2763 390 2780 ¹⁹
405 2771 533 2812 σρφιστου
546 2763 587 2799 δὲ]
599 2763 695 2798 σοφίας
702 2765 780 2806 τονδε
851 2767 888 2808 Ι¹⁰
903 2768 1074 2830 design-vra:
1088 2771 1196 2813 codices
1209 2770 1280 2799 Him.
1297 2781 1305 2800 :
1321 2771 1399 2799 Phot.
1418 2772 1596 2832 ᾲμείιὲαντες.

204 2796 345 2832 νῗγλωσσα
376 2798 424 2828 τὰ,
447 2798 591 2832 ποιητικὰς
615 2799 658 2825 ατ.
687 2799 719 2826 (δ.
774 2799 796 2815 ’⁸
824 2809 938 2832 μυοται,
999 2825 1005 2830 .
1027 2805 1075 2832 καὶ
1095 2813 1210 2832 mue-cm:
1232 2815 1263 2832 ς.
1316 2808 1340 2823 ³³
1355 2806 1471 2832 διέπλει]
1506 2808 1566 2832 πλει
1587 2809 1596 2832 Δ

999 2812 1005 2830 :
1027 2812 1075 2832 και
1095 2813 1210 2840 φυσταις
1232 2815 1263 2840 ς.

1059 2734 1080 2750 ⁸⁸
1093 2735 1194 2771 κρίνων
1213 2751 1250 2756 —
1268 2736 1464 2772 σταθμώμενος
1482 2737 1503 2763 Λ
1526 2745 1534 2764 :
1552 2737 1645 2773 κρίνον
1657 2752 1691 2758 --
1710 2737 1842 2772 σταθμώ-

1061 2778 1074 2799 ς
1088 2771 1196 2798 codices
1209 2770 1280 2799 Him.
1297 2781 1305 2799 :
1321 2771 1399 2799 Phot.
1418 2772 1596 2799 ἀμείψαντες.
1636 2773 1658 2788 ¹¹
1673 2773 1719 2798 καὶ
1729 2780 1786 2799 om.
1806 2773 1839 2799 (Σ.

1673 2780 1719 2798 και
1729 2780 1786 2800 Olli.
1806 2780 1839 2800 (ι.

1316 2808 1340 2823 ³³
1355 2806 1471 2843 διέπλει]
1490 2806 1566 2834 ἔπλει
1586 2808 1620 2836 Δ.
1671 2807 1696 2824 ⁸⁸
1711 2807 1794 2840 λὺὄας
1807 2807 1840 2838 C.
