1919 3096
57 147 120 180 ιλιι

595 145 891 177 BIBLIOTHECA.—

901 145 984 176 COD.
1003 146 1146 178 CCXLIV.
1624 146 1693 178 1382

52 201 98 229 οὖν
107 201 324 233 άναὸιὸάσαντες
334 201 367 228 ὲκ
381 200 466 236 μέσου
479 201 525 227 τὸν
549 201 641 236 λόγον,
671 199 731 228 εἶτα
748 201 834 236 ρυἦνα

899 200 932 226 iis
944 199 1061 227 artiticio
1082 207 1132 227 suo
1147 198 1237 226 ebrias
1253 197 1342 234 Lydas
1354 198 1468 226 faciunt.
1482 198 1582 226 Parum
1607 199 1690 234 igitur

52 248 122 274 κατὰ
138 246 241 281 Λιϐύης
249 247 272 262 ³⁸
288 246 417 280 ἐάσομεν.
431 245 502 281 Νικᾷ
525 247 553 273 δὲ
562 247 660 279 οὐδεὶς,
676 247 718 273 ὅτι
730 246 764 272 τὰ
778 246 845 273 πάν-

49 301 82 319 τα
90 293 113 309 ’⁷
132 292 313 327 θαυμάζεται.
336 291 408 317 Ἀλλ’
424 292 439 318 ὁ
458 292 537 326 λόγος
550 292 604 327 γὰρ
618 293 642 308 ³⁸
655 291 845 327 ἀκολουθήσας

49 338 87 372 τῷ
103 337 180 372 πόθῳ
198 337 294 372 ὥσπερ
317 337 371 362 τινὶ
388 336 470 372 βιαίῳ
498 338 626 372 ῥεύματι,
653 337 752 372 μικροῦ
776 336 844 372 πρὸς

48 383 146 417 ἑτέραν
184 382 243 408 ὁδὸν
278 380 472 416 μετωχετεύθη
501 381 662 416 φερόμενος.
692 380 774 417 [HM
795 379 844 416 Κ]

54 427 240 454 Ἐπανακτέον
250 425 297 454 οὖν
315 428 362 454 ἐπὶ
375 427 480 463 Λιϐύην
491 428 513 444 ’³
531 428 576 454 τὸν
590 427 680 461 λόγον.
708 426 842 462 Ἠλέγχθη

48 471 185 507 Περικλῆς
204 473 244 504 εἰς
260 472 347 498 πειθὼ
356 473 495 508 δεύτερος,
511 473 632 508 ἠλέγχθη
652 473 681 499 δὲ
707 472 842 507 Θεμιστο-

47 519 112 553 κλῆς
123 520 166 550 εἰς
184 519 297 554 γνώμης
312 519 395 555 τάχος
407 520 589 555 ἀμϐλύτερος.
612 520 660 546 καὶ
673 520 786 546 Πλάτων
802 519 842 550 εἰς

48 565 140 598 φύσιν,
156 566 204 591 καὶ
220 564 309 591 Σόλων
320 565 361 596 εις
376 565 475 599 νόμους
496 573 502 580 ·
518 565 566 592 καὶ
583 565 684 596 πάντες
696 564 785 590 ἴσασιν
800 564 841 590 ὃτι

47 605 85 639 εἷς
103 607 223 639 ἕκαστος
237 609 274 640 ὠς
291 609 382 643 μόνοις
393 609 431 640 ὡς
454 610 537 636 πᾶσιν
551 609 638 641 οὕτως
649 609 671 625 ²⁰
684 609 840 643 ἀγάλλεται.

47 653 202 688 Τίδράσω;
219 653 251 679 Τί
270 653 299 680 δὲ
315 653 507 689 βουλεύσωμαι
520 655 559 687 ⁸¹;
579 655 723 690 ’Υπαρχον
739 655 841 690 πέμψω

51 699 216 733 Ῥωμαίοις;
232 699 330 734 χλιδῶν
341 700 369 726 δὲ
387 700 473 736 δῆμος
487 701 586 735 σεμνὸν
606 701 656 728 οὑκ
670 698 742 728 οἶδεν
766 701 840 736 ἡνίο-

45 753 98 779 χον.
112 746 294 780 Δυσχεραίνει
312 754 356 781 μοι
370 746 451 781 τάχα.
465 747 618 783 Καρχηδὼν
633 748 680 774 καὶ
691 747 769 779 πόλις
793 747 840 774 ἐπὶ

45 791 146 826 Διϐύην
171 791 206 818 δι’
220 792 322 827 ἀρετήν
351 800 417 819 ποτε
433 793 505 820 κατὰ
529 793 638 828 Ῥώμης
667 794 838 829 φρονήσασα,

44 837 117 869 πόλις
141 837 260 865 Ἰταλιαν
274 838 338 874 ὃλην
354 840 411 870 τοῖς
429 839 529 874 ἑαυτῆς
555 839 668 866 κάλλεσι
691 839 837 875 βόσκουσα,

45 884 117 915 πόλις
135 884 216 919 παρὰ
230 885 358 911 τοσοῦτον
373 886 403 911 οὺ
434 885 529 921 πρώτη
555 885 621 921 παρ’
645 886 707 912 ὅσον
729 885 837 921 Ῥώμην
852 879 876 908 Β

45 930 215 965 αισχύνεται.
231 930 390 957 Κινδυνεύει
408 940 453 964 μοι
470 931 547 963 πόλις
562 931 679 966 μεγάλη,
692 932 740 958 καὶ
755 932 836 967 ἤπει-

46 983 87 1008 ρος
98 974 147 1009 ὂλη
165 976 294 1010 πονηροῖς
308 975 474 1010 κυϐερνᾶται
496 977 552 1007 τοῖς
569 976 652 1008 οἴαξι.
681 976 837 1011 Πέμψωμεν

45 1020 120 1046 αὐτὸν
135 1019 184 1046 τὸν
200 1019 288 1054 μέγαν
300 1020 349 1054 τῆς
363 1019 472 1054 νίκης³⁸
496 1020 613 1055 ἡνίοχον.
637 1021 730 1054 Ἐγνω
750 1020 838 1047 ταῦτα

45 1065 184 1099 βασιλεὺς,
201 1066 248 1092 καὶ
274 1067 375 1101 χρυσαῖ
392 1066 565 1101 παραχρῆμα
586 1066 673 1093 δέλτοι
688 1066 737 1102 τὴν
765 1065 838 1101 γνώ-

47 1120 94 1146 μην
107 1111 239 1145 ἔφθανον.
260 1111 395 1138 Ἐνταῦθα
407 1111 454 1138 τοῦ
475 1112 554 1146 λόγου
572 1113 728 1146 γενόμενος,

48 1156 73 1181 Tt
85 1155 218 1190 πρῶτον,
235 1156 264 1183 τι
274 1156 453 1190 δ’ἐπειταυ,
484 1157 512 1184 τί
538 1157 565 1184 δ’
589 1157 735 1220 porrigo;
747 1166 837 1186 κατα-

718 1201 767 1220 Δω;

716 1201 767 1225 ἰωὶ

45 1236 190 1263 Κινοΰνται
207 1237 256 1272 μὲν
275 1238 329 1273 γὰρ
346 1239 515 1274 πανταχόθεν
534 1239 562 1266 αἱ
585 1238 710 1274 πράξεις,
732 1239 777 1265 ἴσα
806 1239 835 1266 δὲ

46 1282 139 1314 πάντα,
159 1284 207 1309 καὶ
218 1283 257 1318 τῷ
269 1285 308 1319 μὴ
318 1284 408 1318 λέγειν
436 1285 467 1311 τὸ
485 1284 576 1318 λέγειν
590 1285 689 1320 ὁμοίως
719 1285 833 1320 ἄπορον,

45 1328 80 1354 ὅτι
100 1329 132 1355 τὸ
145 1328 170 1344 ⁸³
194 1330 244 1364 μὲν
269 1329 366 1365 πλήθει
381 1331 413 1357 τὸ
427 1331 456 1357 δὲ
474 1331 586 1365 μεγέθει
609 1331 755 1359 κωλύεται.
784 1332 836 1358 Λε-

45 1373 117 1400 κτέον
133 1371 183 1400 οὖν
195 1375 243 1409 οὐχ
252 1375 302 1401 ὅσα
316 1375 429 1407 ἔνεστιν,
443 1376 500 1403 ἀλλ’
510 1378 561 1403 ὅσα
571 1377 686 1410 ἔξεστιν.
703 1376 836 1412 ὐρῶντες

45 1417 70 1443 δὲ
84 1418 167 1445 αὐτὸν
183 1419 254 1445 κατὰ
272 1419 320 1445 τοῦ
332 1421 468 1455 χειμῶνος
479 1421 502 1437 ³⁸
516 1421 553 1453 ὡς
573 1422 645 1448 κατὰ
657 1422 779 1457 γαλήνης
789 1422 836 1448 τὸν

47 1463 132 1490 στόλον
170 1465 327 1499 πέμποντα,
361 1466 408 1492 καὶ
439 1466 510 1493 κατὰ
542 1468 673 1502 κυμάτων
699 1468 738 1499 ὡς
764 1467 835 1495 κατὰ

47 1509 158 1546 [61511]
174 1510 293 1545 λιμένων
307 1511 452 1547 ἀθύροντα,
473 1513 498 1539 οἰ
523 1513 572 1548 μὲν
590 1513 627 1545 ὡς
646 1513 746 1548 δριμὺν
767 1514 833 1549 ἐρα-

47 1556 105 1590 στὴν
124 1555 252 1586 ἐπόθουν.
267 1557 290 1583 οἱ
304 1557 331 1583 δὲ
345 1556 471 1592 ἔφριττον
484 1558 522 1589 ὡς
540 1559 608 1585 πᾶσι
620 1559 714 1593 φόϐοις
734 1560 834 1594 ἀήττη·
847 1550 869 1579 c

46 1609 96 1628 τον,
113 1601 268 1637 Κρείττονα
281 1603 396 1638 πομπὴν
409 1603 459 1639 τῆς
481 1604 631 1639 Ἡφαίστου
659 1605 831 1640 ἐπόμπευον.

51 1646 173 1682 ’Δντήχει
190 1647 219 1674 δὲ
233 1648 318 1683 δῆμος
340 1647 446 1683 κύμασι
457 1649 490 1680 ³⁸,
509 1650 558 1676 καὶ
584 1649 668 1685 ῥοθίῳ
679 1649 777 1684 κρότος
801 1650 834 1676 ὲκ

47 1692 145 1726 πόλεως
160 1702 168 1709 ·
186 1694 235 1720 καὶ
251 1694 338 1729 ψόφον
362 1695 502 1730 θαλάσσης
525 1695 575 1731 βοὴ
596 1695 770 1731 Καρχηδόνος
791 1695 835 1728 ἐξ·

47 1738 169 1773 ἐπληττε.
189 1740 358 1776 Συγγνώμην
375 1741 404 1767 δὲ
416 1741 489 1772 ἄπας
503 1741 589 1776 ἐχέτω
604 1742 652 1767 καὶ
674 1741 765 1777 γέρων
787 1742 834 1768 καὶ

48 1785 110 1816 νέος,
127 1786 152 1812 εἰ
164 1784 217 1820 ἔπη
236 1785 392 1821 φθέγγομαι
402 1787 425 1802 ³⁷
435 1795 442 1802 ·
459 1785 514 1813 οἶδε
529 1787 593 1822 γὰρ,
619 1785 688 1813 οἶδεν
702 1787 772 1822 ἔρως
786 1788 834 1814 καὶ

47 1829 119 1864 λόγον
137 1832 227 1858 ποιεῖν
255 1832 412 1867 αὐτόνομον,
440 1829 524 1864 Οὗτος
542 1833 619 1860 νόσον
646 1833 760 1868 ἐνόσησε
784 1834 833 1869 τῆς

50 1876 92 1908 μὲν
109 1875 210 1902 ἑαυτοῦ
234 1875 319 1912 τύχης
339 1877 463 1912 μείζονα,
491 1877 541 1912 τῆς
575 1878 604 1904 δὲ
622 1879 755 1913 πονηρίας
784 1879 833 1914 οὐχ

47 1920 148 1954 ἥττονα.
168 1921 222 1948 Καὶ
236 1922 273 1957 μὴ
291 1922 421 1959 Θαυμάσῃ
433 1931 475 1954 τις
486 1923 511 1949 ει
528 1923 615 1950 ταῦτα
641 1925 744 1955 ἐκεῖνος
763 1924 834 1951 κατὰ

47 1966 142 1993 τοιοῦδε
161 1968 257 2002 ἀνδρὸς
271 1968 411 2003 ἐνόσησεν.
430 1969 552 1995 Ἀνωθεν
565 1970 635 1996 κατὰ
647 1969 701 1996 τῶν
713 1970 833 2005 ἀρίστων

47 2012 181 2048 ἀρχόντων
194 2015 252 2045 τοῖς
260 2014 385 2042 ἐλάττοσι
402 2015 498 2049 φθόνος
509 2016 618 2050 φύεται.
639 2016 832 2050 Ἐσυκοφάντει

48 2057 180 2092 Περικλέα
194 2058 299 2092 Κλέων,
320 2058 406 2094 ἔφυγε
426 2060 525 2091 Νικίας
542 2060 718 2095 ’Υπέρΰολον,
737 2061 833 2096 Δημά-

47 2101 89 2136 δης
113 2103 136 2129 δ’
163 2103 255 2140 ἔκρινε
283 2105 470 2142 Δημοσθένην,
493 2105 624 2140 Κλεοφῶν
660 2106 833 2142 Ἀλκιϐιάδην

47 2149 189 2185 ἐγράφετο,
210 2150 279 2186 ἀνὴρ
299 2152 428 2188 ἐλοιδόρει
446 2152 637 2187 Θεμιστοκλέα
665 2152 831 2188 Σερίφιοςη.

98 2196 152 2231 γὰρ
167 2195 366 2232 ὑπερϐάλλοντι
380 2197 430 2232 τῆς
441 2197 526 2233 τύχης
535 2197 707 2232 φθονοῦντες,
718 2198 750 2224 τὸ
758 2199 833 2225 ὲλατ-
848 2218 871 2246 D

47 2240 171 2276 τούμενον
185 2242 235 2277 τῆς
250 2242 328 2274 ἀξίας
347 2243 457 2270 ἀνισοῦν
472 2243 568 2278 θράσει
583 2243 732 2278 βιάζονται.
747 2243 832 2271 Ἔνθα

46 2284 73 2320 δὴ
89 2286 134 2312 καὶ
151 2286 271 2321 μάλιστα
285 2287 387 2320 ἔδειξεν
403 2288 465 2315 ὅσον
477 2288 508 2315 τδ
523 2288 605 2324 μέσον
617 2289 719 2325 ἀρετῆς
735 2297 766 2316 τε
783 2290 830 2317 καὶ

48 2331 194 2367 πανούργου
213 2332 316 2367 τρόπου
331 2333 512 2369 καθέστηκεν.

399 2378 484 2405 ΣΜΔ’.

132 2420 192 2455 Τῆς
208 2421 354 2457 Διοδώρου
375 2423 576 2459 βιϐλιοθήκης
593 2425 726 2461 suam.

85 2465 298 2503 Δνεγνώσθησαν
307 2468 357 2503 τῆς
369 2469 390 2485 ³⁸
402 2470 535 2506 Διοδώρου
545 2471 746 2507 ,Βιϐλιοθήκης
755 2472 831 2501 ἄλλοι

48 2516 73 2535 τε
85 2510 157 2546 λόγοι
173 2513 221 2538 καὶ
236 2512 250 2538 ό
260 2511 299 2548 λβι
314 2513 361 2539 καὶ
376 2513 423 2545 λδ¹,
437 2513 484 2540 καὶ
497 2513 512 2540 ὁ
527 2517 553 2549 μ’
559 2514 583 2530 ⁸⁸
596 2515 644 2541 καὶ
660 2515 674 2541 ό
689 2515 746 2550 μη’,
760 2518 806 2542 καὶ
815 2517 830 2544 ό

897 245 1049 273 oralionem
1064 252 1080 272 ο
1102 246 1192 273 medio
1209 246 1361 278 trahemus,
1379 250 1406 272 et
1421 245 1517 273 deinde
1541 245 1576 273 de
1595 245 1690 274 Africa

897 291 984 319 iubere
1002 291 1087 319 ﬂuere
1104 291 1306 326 permittemus.
1325 290 1412 318 Nemo
1432 291 1529 324 vincit,
1548 292 1611 325 quia
1629 300 1691 319 om-

897 336 941 363 nia
960 337 1125 370 admiratur,
1143 337 1188 363 sed
1208 335 1298 363 oratio
1317 343 1438 363 amorem
1454 340 1547 363 secuta
1561 341 1690 371 tanquam

896 383 1044 410 violentum
1064 383 1179 411 ﬂuxum.
1199 383 1298 410 Parum
1315 383 1348 410 ad
1366 383 1446 410 aliam
1461 383 1530 409 viam
1543 383 1631 410 delata
1645 383 1692 409 de-

896 427 988 455 ﬂexit.
1010 427 1173 456 Reducenda
1195 428 1278 463 igitur
1295 428 1382 455 oratio
1403 428 1437 454 ad
1460 426 1593 455 Africam.
1613 428 1691 455 Peri-

895 474 950 501 cles
973 479 1119 501 accusatus
1138 478 1179 500 est
1199 479 1228 500 ut
1243 473 1398 507 eloquentia
1415 473 1517 500 nemini
1539 473 1688 505 secundus,

894 523 1040 547 accusatus
1055 524 1097 546 est
1116 519 1327 551 Themistocles,
1341 523 1371 545 ut
1388 523 1480 545 mente
1492 519 1594 545 tardior
1607 524 1690 553 atque

893 565 1029 598 obtusior,
1050 565 1127 592 Plato
1144 569 1259 600 propter
1284 563 1433 600 ingenium,
1451 564 1484 590 oh
1501 563 1575 598 leges
1594 563 1688 596 Solon,

893 617 921 638 et
939 616 1039 639 norunt
1054 618 1158 643 omnes,
1173 617 1393 645 unumquemque
1415 614 1443 636 ut
1455 610 1531 640 solis,
1552 614 1582 636 ut
1596 610 1687 637 omni-

893 658 944 685 bus
962 658 1002 684 sic
1018 658 1167 684 exsultare.
1191 656 1261 690 Quid
1281 655 1403 682 iaciam?
1427 655 1492 689 quid
1508 654 1615 682 consilii
1637 663 1685 682 ca-

892 702 989 737 piam?
1010 701 1115 728 Mittam
1147 702 1243 729 ducem
1269 700 1419 728 Romanis?
1444 701 1547 728 Lautus
1571 701 1688 736 populus

892 748 1015 775 sobrium
1031 747 1137 782 ignorat
1154 747 1290 782 aurigam.
1307 747 1440 774 Celeriter
1462 748 1527 774 mihi
1550 748 1688 783 Carthago

892 794 1058 829 indignatur,
1082 793 1147 820 urbs
1175 801 1257 828 supra
1279 793 1401 831 Africam
1422 793 1456 821 ob
1479 794 1606 821 virtutem
1630 795 1686 822 Ro-

893 847 980 867 mana‘.
990 840 1066 867 urbis
1088 839 1200 871 aemula,
1218 839 1282 866 urbs
1306 843 1390 866 totam
1408 838 1511 865 italiam
1529 840 1587 867 suis
1603 847 1688 867 orna-

892 886 988 912 mentis
1003 886 1163 919 depasceus,
1177 884 1242 912 urbs
1265 889 1376 918 propter
1391 884 1416 910 id
1434 891 1485 910 non
1500 885 1600 919 prima,
1621 892 1686 919 pro~

890 934 951 963 pter
964 930 1035 963 quod
1048 928 1163 957 Romam
1178 933 1297 956 veretur.
1312 927 1487 956 Periclitatur
1505 929 1570 956 mihi
1585 938 1683 964 magna

890 975 965 1007 urbs,
982 979 1009 1002 et
1025 980 1080 1002 tota
1098 975 1244 1002 continens
1257 974 1327 1001 male
1349 974 1531 1009 gubernatur.
1548 974 1687 1003 Mittamus

890 1020 976 1055 ipsum
999 1028 1127 1056 maguum
1150 1020 1272 1047 victoria:
1290 1021 1424 1054 aurigam.
1447 1019 1529 1047 Novit
1553 1021 1610 1048 hanc
1626 1029 1686 1054 rcx,

888 1069 916 1092 et
933 1073 1024 1094 aureae
1039 1067 1133 1093 statim
1158 1066 1265 1093 tabellas
1292 1066 1455 1093 sententiam
1477 1073 1685 1101 praecesserunt.

888 1111 955 1138 Cum
971 1112 1022 1138 huc
1037 1112 1064 1138 in
1079 1112 1204 1139 oratione
1224 1111 1375 1144 venissem,

925 1156 997 1189 Quid
1021 1157 1146 1191 primunt,
1167 1157 1230 1192 quid
1249 1157 1344 1184 deinde
1362 1165 1474 1192 canam,
1495 1166 1546 1193 quo
1568 1159 1621 1193 ﬁne
1643 1161 1684 1187 si-

1557 1193 1649 1230 [[ρῡοῖ

887 1237 1034 1264 Μοηειιιηι·
1063 1238 1136 1264 enim
1160 1238 1280 1272 undique
1309 1239 1438 1273 negotia,
1460 1240 1564 1274 aequale
1593 1245 1636 1267 est
1657 1246 1685 1268 et

889 1284 1000 1311 dubium
1015 1284 1115 1320 377a
1128 1292 1203 1319 aeque
1216 1289 1243 1311 et
1261 1291 1313 1311 non
1328 1285 1430 1318 dicere,
1447 1289 1474 1312 et
1490 1286 1581 1313 dit-ere
1598 1295 1605 1313 :
1632 1286 1684 1314 hoc

888 1330 1070 1362 multitudine,
1081 1331 1145 1357 illud
1166 1338 1231 1358 vero
1247 1331 1434 1366 magnitudine
1452 1332 1621 1366 prohibetur.
1637 1332 1684 1360 Di-

887 1376 1003 1403 cendum
1017 1376 1099 1410 igitur
1112 1384 1166 1403 nou
1180 1377 1252 1411 quod
1272 1384 1314 1404 res
1330 1382 1382 1408 est,
1394 1378 1440 1404 sed
1452 1379 1524 1412 quod
1545 1379 1620 1406 licet.
1634 1378 1682 1406 Vi-

887 1422 982 1449 tleutes
994 1427 1083 1449 autem
1098 1423 1222 1449 eumdem
1236 1430 1285 1458 per
1303 1428 1410 1457 pratum
1424 1428 1452 1450 ut
1466 1431 1515 1458 per
1527 1424 1682 1459 tranquilli-

886 1471 969 1494 tatem
988 1467 1104 1495 classem
1123 1469 1269 1500 instruere,
1285 1473 1312 1495 et
1328 1469 1354 1495 in
1371 1468 1499 1496 ﬂuctibus
1516 1473 1643 1504 tanquam
1655 1470 1682 1497 in

887 1517 968 1548 portu
984 1514 1131 1545 ludentem,
1152 1514 1180 1540 hi
1197 1514 1306 1548 quidem
1320 1518 1449 1548 tanquam
1463 1521 1555 1541 aerem
1574 1521 1680 1543 atuato-

888 1566 944 1585 rem
957 1559 1132 1591 fdesiderant,
1157 1559 1183 1585 hi
1208 1563 1332 1586 metuunt
1356 1564 1486 1594 tanquam
1507 1560 1581 1588 omni
1608 1566 1682 1589 metu

886 1605 1070 1638 superiorem,
1096 1604 1315 1631 excellentiorem
1343 1613 1469 1640 pompam
1496 1607 1573 1632 duxit
1599 1614 1682 1641 quant

886 1648 1034 1676 Vulcanus.
1052 1649 1152 1676 Contra
1173 1648 1271 1677 ﬂuctus
1290 1656 1370 1677 sonat
1392 1650 1517 1685 populus,
1540 1655 1567 1678 et
1583 1657 1680 1678 contra

885 1695 1014 1729 impetum
1038 1694 1184 1729 applausus
1208 1702 1240 1722 ex
1267 1694 1352 1726 urbe.
1377 1700 1404 1723 et
1433 1695 1570 1722 fremitum
1596 1696 1681 1724 muris

884 1740 1106 1774 Carthaginiensis
1118 1741 1221 1767 clamor
1232 1739 1386 1775 complevit.
1404 1740 1517 1767 Veniam
1535 1741 1600 1767 dent
1621 1749 1681 1767 ous-

885 1795 945 1820 nes,
960 1792 987 1815 et
1010 1795 1092 1814 senex
1112 1793 1139 1814 et
1159 1786 1279 1820 juvenis,
1302 1787 1326 1814 si
1352 1787 1442 1814 adhuc
1464 1787 1570 1822 loquar.
1594 1786 1682 1814 Scivit

883 1834 956 1861 enim
977 1834 1060 1861 scivit
1081 1841 1159 1861 amor
1177 1835 1330 1861 orationem
1351 1833 1488 1868 propriam
1511 1833 1613 1860 facere.
1630 1832 1682 1861 liii:

885 1879 980 1907 morbo
994 1879 1127 1907 laboravit
1141 1878 1246 1913 majore
1255 1887 1336 1913 quam
1350 1878 1459 1906 fortuna
1470 1886 1517 1906 sua
1528 1883 1680 1913 pateretur,

883 1925 1027 1959 iniquitate
1043 1932 1097 1952 n0n
1116 1924 1232 1952 minore.
1253 1923 1287 1951 Et
1307 1931 1374 1951 vero
1399 1931 1479 1951 nemo
1505 1924 1622 1950 miretur
1644 1931 1680 1951 an

883 1971 941 1999 haec
959 1971 1004 1998 ille
1019 1975 1115 1999 contra
1130 1970 1205 1998 hunc
1215 1970 1304 1997 virum
1319 1978 1401 1997 ausus
1416 1969 1510 1997 fuerit.
1527 1969 1585 1996 Viri
1599 1970 1678 2001 boni,

882 2018 928 2052 qui
944 2022 1008 2044 ante
1024 2024 1072 2044 nos
1092 2017 1212 2049 fuerunt,
1231 2023 1246 2043 a
1274 2016 1355 2043 malis
1372 2015 1530 2043 hominibus
1555 2015 1677 2043 accusati

883 2067 957 2091 sunt.
977 2062 1126 2089 Accusavit
1141 2061 1274 2089 Periclem
1289 2061 1383 2094 Cleon,
1402 2061 1471 2095 fugit
1494 2060 1677 2095 Hyperbolum

884 2108 986 2139 Nicias,
1003 2107 1031 2135 in
1055 2108 1160 2134 crimen
1180 2107 1288 2134 vocavit
1303 2106 1437 2133 Demades
1456 2105 1679 2138 Demosthenem,

883 2154 1024 2188 Cleophon
1056 2153 1227 2180 Alcibiadem
1262 2151 1435 2186 proscripsit.
1464 2151 1512 2178 Vir
1535 2150 1679 2185 Seriphius

886 2200 1054 2227 conviciatus
1066 2202 1108 2225 cst
1131 2197 1321 2225 Themistocli.
1338 2195 1405 2223 Nam
1421 2196 1467 2230 qui
1489 2195 1676 2222 excellentiori

885 2244 1002 2272 fortuna:
1013 2243 1143 2276 invident,
1154 2247 1253 2277 cogunt
1267 2242 1387 2268 audacia:
1403 2241 1560 2275 atlmqnare.
1582 2238 1675 2274 Digni-

886 2293 969 2316 tatem
990 2288 1122 2315 minorem
1132 2286 1242 2314 virtutis
1255 2290 1283 2312 et
1297 2284 1454 2313 calliditatis
1471 2282 1622 2312 constituit.

1217 2373 1351 2403 CCXLIV.

1066 2421 1090 2448 Ε
1107 2421 1222 2448 Diodoro
1239 2420 1328 2448 Siculo
1348 2420 1490 2453 Excerpra.

918 2468 1046 2496 Diversos
1068 2474 1084 2494 e
1109 2466 1220 2493 Diodori
1246 2465 1407 2493 Bibliotheca
1426 2465 1484 2500 (55)
1506 2464 1591 2493 libros
1606 2464 1676 2500 legi-

884 2522 955 2548 mus,
974 2513 1143 2542 tricesimum
1162 2511 1314 2540 secundum
1328 2510 1510 2547 [tricesimum
1521 2510 1674 2547 quartum],

683 2593 800 2622 VARIIE
820 2592 1024 2622 LECTIONES.
1392 2605 1399 2611 -
1507 2622 1510 2625 ,

80 2638 205 2678 ἶ⁶λε⁶ήην
218 2637 250 2666 ο-
288 2639 310 2655 ’⁷
324 2638 426 2678 rem]
439 2638 549 2678 3.4!?“
563 2638 596 2678 (ἔς
633 2639 719 2678 "Ite
736 2647 792 2667 om-
806 2640 836 2678 9·

891 2640 912 2656 ¹⁹
925 2639 971 2666 ἐπὶ
985 2638 1035 2678 τὴν
1049 2637 1146 2678 λιβύην
1160 2636 1192 2664 C.
1224 2636 1254 2678 "3
1270 2634 1310 2678 εἷς
1321 2650 1356 2656 -
1368 2635 1469 2678 οῇτως]
1480 2632 1527 2678 οἷς
1536 2635 1671 2678 Reiskjus.

49 2671 260 2714 :‘nﬂoulsdagpat
271 2682 309 2714 c“._
336 2675 363 2714 _‘_’
377 2671 468 2714 vix—3;]
481 2674 559 2714 δίκης

51 2705 244 2745 wertistI'iius
259 2705 341 2745 :iibri
352 2705 494 2745 λειμῶνός.
527 2705 556 2745 ξ·
570 2709 656 2745 δῆμος
670 2710 727 2745 τοῖς
741 2710 835 2745 κύμασ

891 2730 893 2736 τ
931 2709 953 2725 ³⁷
963 2709 1017 2745 ἔπη
1034 2705 1138 2745 φφέγγρ

50 2748 161 2776 γομιιις.
198 2743 222 2759 ³⁸
233 2744 295 2772 libri
310 2742 431 2779 σέριφος.
469 2744 492 2760 ³⁸
508 2744 557 2779 τῆς
570 2742 618 2772 ΛΕ
632 2745 665 2771 ὲκ
679 2744 730 2780 τῆς
744 2742 786 2777 ς.“
813 2745 835 2761 ⁸⁸
850 2745 898 2772 καὶ
908 2745 922 2772 ό
942 2743 968 2779 μ’
980 2742 1070 2776 Αέκαὶ
1085 2742 1111 2778 μ’

659 2675 682 2690 ³³
694 2673 716 2700 δ’
729 2680 793 2702 ante
806 2675 902 2701 ἔπειτα
913 2683 968 2701 om.
984 2673 1015 2701 C.

1504 2670 1528 2686 "
1539 2670 1633 2705 χειμῷ·
1643 2677 1674 2702 ος

1182 2716 1189 2733 ι
1204 2707 1224 2734 C
1234 2704 1249 2740 ,“
1261 2707 1302 2733 ἔτι
1318 2704 1473 2742 φθέγγομαι
1488 2705 1523 2740 Δ,
1538 2704 1674 2739 ἐπιφθέγ-

1158 2750 1164 2769 ι
1183 2749 1239 2770 om.
1258 2750 1289 2774 ς.

1064 2673 1087 2689 ³⁸
1101 2670 1140 2707 τῷ
1154 2687 1190 2692 -
1208 2671 1249 2707 τὸ]
1261 2671 1291 2697 τὸ
1311 2685 1346 2692 —-
1361 2671 1401 2706 τῷ
1421 2670 1453 2698 C.

799 2813 917 2842 NUTzE.

82 2854 134 2889 (55)
158 2856 261 2885 inserta
286 2857 342 2886 haec
358 2856 388 2885 L.
413 2857 601 2887 Rhodomanni
623 2857 748 2887 editioni.
