1919 3096
89 159 159 192 1389

612 155 874 189 BIBLIOTHECA.
896 166 930 173 —
944 153 1024 183 COD.
1045 152 1188 184 CCXLIV.

1659 150 1726 185 1390

86 218 270 246 παντοδαπῶν
284 216 418 254 τεράτων,
437 216 476 253 μὴ
501 217 679 253 τρεφομένων
709 216 736 243 δὲ
779 215 827 242 καὶ
853 213 892 244 είς
928 213 1035 240 τελείαν
1058 212 1172 247 αὔξησιν
1196 211 1284 238 ἐλθεῖν
1305 210 1334 237 οὐ
1359 209 1527 245 δυναμένων.
1553 208 1647 237 Ταῦτα
1676 210 1726 246 μὲν

86 265 209 301 εἰρήσθω
221 265 288 300 πρὸς
300 264 443 299 διόρθωσιν
457 263 677 299 δεισιδαιμονίας.

130 312 160 339 '0
176 312 225 346 μὲν
236 311 283 338 οὖν
297 311 429 347 Διόδωρος
449 311 517 347 πρὸς
532 310 572 345 τῴ
588 310 661 337 τέλει
680 308 727 336 τοῦ
745 309 784 344 λβ¹
801 308 883 342 λόγου

971 305 1031 332 Haac
1054 304 1186 331 Diodorus
1199 304 1272 331 circa
1288 303 1367 330 ﬁnem
1383 303 1444 331 libri
1462 303 1591 332 tricesimi
1607 302 1725 338 secundi

85 358 139 392 τῆς
169 356 342 391 Ἰστορικῆς
368 357 451 384 αὑτοῦ
476 357 677 391 πραγματείας
706 353 826 382 τοσαῦτα
843 354 882 380 δι-

87 403 175 437 έξεισι
187 410 194 418 ³
216 403 264 430 καὶ
282 402 359 429 ἄλλοι
369 402 398 429 δὲ
420 403 541 429 πλεῖστοι
560 402 688 433 τοιαύτας
706 400 882 437 περιπετείας

87 448 276 484 ἱστορήκασιν.
519 477 523 482 ,

395 493 443 520 Ἐκ
459 492 513 520 τοῦ
530 493 585 520 16’.

132 539 175 570 Ὠς
197 539 333 574 Ἀντίοχος
345 539 359 565 ό
376 538 515 574 βασιλεὺς,
531 538 615 573 φησὶν
629 538 664 571 εί,
679 537 834 573 ἐπολιόρκει
848 537 883 564 τὰ

95 584 286 620 Ἰεροσόλυμα,
309 585 335 611 οί
351 584 380 611 δὲ
401 584 524 611 Ἰουδαίοι
553 584 635 619 μέχρι
657 583 707 619 μέν
727 592 800 615 τινος
819 584 883 611 ἀντ-

88 630 182 666 έσχον,
207 629 431 663 ἐξαναλωθέντων
455 629 484 656 δὲ
506 629 561 656 τῶν
581 629 740 664 ἐπιτηδείων
756 630 883 657 ἁπάντων

86 676 304 712 ἡναγκάσθησαν
316 676 380 711 περὶ
393 675 542 707 διαλύσεως
555 675 831 710 διαπρεσῦεύσασθαι.
848 674 882 702 Οἱ

83 722 119 750 ’δὲ
135 723 245 754 πλείους
264 721 339 757 αὐτῷ
354 721 407 748 τῶν
421 722 506 757 φίλων
522 721 714 748 συνεϐούλευον
729 722 799 748 κατὰ
818 721 882 757 κρά-

88 777 138 800 τος
153 769 280 804 αἱρήσειν
299 767 349 804 τὴν
368 767 445 794 πόλιν
462 767 510 793 καὶ
530 767 560 793 τὸ
580 766 658 800 γένος
676 765 760 802 ἄρδην
776 766 882 793 ἀνελεῖν

88 815 146 842 τῶν
166 814 300 841 Ἰουδαίων
312 821 318 829 ·
340 812 437 848 μόνους
452 813 506 848 γὰρ
520 813 648 840 ἁπάντων
664 812 748 839 ἐθνῶν
765 813 882 839 ἀκοινω-

88 861 190 895 νήτους
207 858 278 886 εἶναι
293 859 343 894 τῆς
357 859 425 894 πρὸς
440 859 504 885 ἄλλο
517 859 592 889 ἔθνος
610 857 749 893 ἐπιμιξίας
766 858 813 884 καὶ
835 866 883 884 πο-

84 903 203 938 λεμίους
220 902 422 938 ὑπολαμϐάνειν
438 903 553 934 πάντας.
579 902 767 929 Ἀπεδείκνυον
785 901 813 928 δὲ
836 902 883 928 καὶ

87 949 157 981 τοὺς
172 949 322 984 προγόνους
336 948 427 975 αὐτῶν
450 948 488 979 ὼς
512 948 620 979 ἀσεϐεῖς
638 948 686 975 καὶ
704 947 882 983 μισουμένους

88 995 146 1021 ὑπὸ
159 994 214 1021 τῶν
231 995 254 1011 ³¹
270 993 340 1020 θεῶν
357 994 386 1026 ἐξ
403 993 514 1028 ἀπάσης
533 994 583 1029 τῆς
603 993 742 1027 Αἰγύπτου
758 1002 883 1028 πεφυγα-

89 1041 248 1076 δευμένους.
268 1041 338 1072 Τοὺς
354 1041 408 1075 γὰρ
429 1039 533 1075 ἀλφοὺς
554 1039 571 1075 ἢ
595 1039 699 1076 λέπρας
718 1039 828 1075 ἔχοντας
853 1041 882 1067 ὲν

89 1089 148 1118 τοῖς
165 1086 282 1121 σώμασι,
297 1086 442 1121 καθαρμοῦ
460 1086 540 1122 χάριν
556 1086 595 1118 ὡς
613 1087 721 1121 ἐναγεῖς
739 1087 883 1122 συναθροι-

91 1131 218 1164 σθέντας,
241 1131 304 1168 [619
327 1130 372 1168 Η.]
394 1131 559 1167 ὑπερορίους
582 1132 764 1166 ἐκϐεϐλῆέθαι
784 1141 791 1147 ·
820 1132 883 1164 τοὺς

89 1178 120 1205 δὲ
149 1178 340 1214 ὲξορισθέντας
369 1177 574 1205 καταλαὸέσθαι
603 1178 653 1213 μὲν
677 1178 740 1209 τοὺς
765 1179 830 1214 περὶ
849 1177 884 1204 τὰ

98 1223 274 1260 Ἱεροσόλυμα
285 1224 394 1256 τόπους,
412 1223 635 1259 συστησαμένους
653 1223 681 1250 δὲ
698 1222 728 1250 τὸ
743 1223 798 1250 τῶν
818 1224 884 1250 Ἰου-

88 1270 176 1297 δαίων
197 1269 273 1300 ἕθνος
295 1269 483 1305 παραδόσιμον
501 1269 612 1304 ποιῆσαι
631 1269 662 1295 τὸ
679 1270 757 1304 μῖσος
771 1269 801 1296 τὸ
816 1269 884 1305 πρὸς

89 1317 155 1347 τοὺς
183 1315 346 1351 ἀνθρώπους
370 1315 412 1331 ⁸³·
433 1314 477 1342 διὰ
501 1315 579 1341 τοῦτο
608 1315 636 1342 δὲ
660 1315 684 1331 ⁸⁵
707 1315 755 1341 καὶ
779 1314 884 1350 νόμιμα

92 1361 234 1393 παντελῶς
249 1361 443 1396 ἐξηλλαγμένα
458 1360 628 1394 καταδεῖξαι,
643 1361 674 1387 τὸ
697 1361 791 1396 μηδενὶ
812 1360 884 1396 ἄλλῳ

91 1407 162 1435 ἔθνει
176 1406 316 1443 τραπέζης
327 1407 466 1434 κοινωνεῖν
478 1407 541 1442 μηδ’
555 1406 657 1434 εὐνοεῖν
668 1407 698 1433 τὸ
710 1407 838 1442 παράπαν
849 1406 883 1434 ⁸⁵.

98 1454 276 1489 ’Υπὲμνησαν
292 1452 321 1480 δὲ
333 1453 415 1480 αὐτὸν
433 1453 481 1479 καὶ
496 1453 561 1488 περὶ
574 1452 622 1479 τοῦ
641 1453 841 1488 προγενομένου
861 1452 884 1468 ⁸⁸

94 1501 192 1535 μίσους
204 1501 262 1531 τοῖς
280 1499 426 1535 προγόνοις
442 1499 510 1534 πρὸς
524 1498 604 1525 τοῦτο
619 1498 649 1524 τὸ
672 1498 757 1530 ἔθνος.
785 1498 885 1524 Ἀντίο-

91 1555 140 1581 χος
152 1546 207 1582 γὰρ
228 1547 241 1572 6
257 1544 488 1581 προσαγορευθεὶς
508 1544 672 1580 Ἐπιφανὴς,
691 1544 884 1579 καταπολεμή-

91 1601 144 1623 σας
151 1593 215 1623 τοὺς
231 1591 385 1623 Ἰουδαίους,
398 1590 521 1625 εἰσῆλθεν
531 1591 571 1622 εἰς
584 1591 630 1617 τὸν
642 1590 737 1617 ἄδυτον
753 1591 800 1616 τοῦ
815 1590 883 1617 Θεοῦ

93 1639 188 1674 σηκὸν,
199 1634 230 1665 οὗ
237 1637 259 1652 ⁸⁷
269 1637 350 1673 [1150
358 1636 402 1670 8.]
410 1637 524 1672 νόμιμον
535 1636 647 1663 εἰσιέναι
658 1637 736 1671 μόνον
743 1636 787 1663 τὸν
797 1636 882 1672 ἱερέα·
896 1648 918 1679 C

92 1683 182 1719 εὑρὼν
202 1683 232 1710 δὲ
251 1684 280 1710 ὲν
296 1683 369 1718 αὑτῴ
384 1683 484 1710 λίθινον
503 1683 614 1718 ἄγαλμα
634 1683 731 1718 ἀνδρὸς
754 1683 881 1718 βαθυπώ-

91 1738 191 1764 γωνος,
214 1729 370 1765 καθήμενον
387 1729 430 1755 ἐπ’
450 1728 523 1761 ὄνου,
545 1730 614 1764 μετὰ
630 1730 725 1765 χεῖρας
747 1729 816 1764 ἔχων
840 1730 882 1765 βι-

92 1776 178 1807 ϐλίον,
190 1775 268 1802 τοῦτο
284 1775 333 1810 μὲν
347 1775 466 1802 ὑπέλαϐε
482 1776 621 1807 Μωῦσέως
640 1775 663 1791 ³⁸
677 1774 748 1803 εἶναι
760 1777 808 1803 τοῦ
825 1778 884 1804 κτί-

93 1829 191 1852 σαντος
207 1821 242 1847 τὰ
262 1820 434 1855 Ἰεροσόλυμα
448 1821 494 1847 καὶ
517 1821 721 1855 συστησαμένου
744 1822 773 1848 τὸ
796 1821 881 1854 ἔθνος,

93 1866 163 1900 πρὸς
171 1867 199 1892 δὲ
210 1865 314 1898 τούτοις
322 1867 555 1901 νομοθετήσαντος
565 1865 598 1892 τὰ
609 1866 789 1901 μισάνθρωπα
798 1868 845 1894 καὶ
861 1867 883 1883 ³⁸

92 1913 241 1948 παράνομα
264 1912 310 1948 ἔθη
327 1913 383 1943 τοῖς
405 1911 554 1943 Ἰουδαίοις,
569 1911 650 1943 αὐτὸς
664 1911 693 1938 δὲ
709 1913 845 1948 στυγήσας
860 1913 883 1929 ⁸ο

91 1960 143 1994 τὴν
158 1959 367 1995 μισανθρωπίαν
384 1959 492 1987 πάντων
506 1959 590 1986 ἐθνῶν
604 1960 782 1995 ἐφιλοτιμήθη
797 1969 883 1986 κατα-

91 2005 174 2032 λῦσαι
190 2008 225 2032 τὰ
241 2006 345 2041 νόμιμα
356 2014 363 2021 ·
383 2007 423 2033 διὸ
437 2006 475 2042 τῷ
491 2005 629 2041 ἀγάλματι
646 2006 694 2033 τοῦ
710 2007 819 2033 κτίστου
836 2008 884 2033 καὶ

91 2051 133 2085 τῷ
149 2051 274 2086 ὑπαίθρῳ
291 2051 376 2087 βωμῷ
388 2051 435 2078 τοῦ
450 2052 518 2078 Θεοῦ
537 2053 657 2088 μεγάλην
669 2050 702 2078 ὗν
713 2052 796 2083 θύσας
811 2052 842 2078 τό
853 2061 882 2078 τε

92 2094 166 2130 αἷμα
174 2096 322 2130 προσέχεεν
335 2097 437 2128 αὐτοῖς,
453 2098 500 2124 καὶ
510 2099 543 2124 τὰ
555 2098 625 2132 κρέα
638 2098 773 2129 σκευάσας
799 2106 884 2132 προσ-

91 2141 172 2174 έταξε
182 2141 220 2176 τῷ
231 2141 305 2178 [μὲν]
318 2143 372 2169 ἀπὸ
384 2143 488 2169 τούτων
503 2143 586 2178 ζωμῷ
602 2143 650 2175 τὰς
666 2144 742 2179 ἱερὰς
756 2143 846 2170 αὐτῶν
860 2144 883 2160 ³⁸

92 2187 201 2221 βίϐλους
214 2189 260 2214 καὶ
276 2189 455 2224 περιεχούσας
470 2189 505 2215 τὰ
518 2189 646 2223 μισόξενοι.
663 2191 765 2225 νόμιμα
782 2191 884 2226 καταρ-

92 2233 184 2268 ῥιίναι,
205 2233 251 2259 τὸν
273 2233 301 2260 δὲ
321 2234 456 2261 ἀθάνατον
471 2234 616 2269 λεγόμενον
638 2236 702 2271 παρ’
722 2237 813 2268 αὐτοῖς
836 2237 883 2263 λύ-

91 2287 155 2313 χνον
171 2281 218 2306 καὶ
234 2280 379 2315 καιόμενον
394 2282 416 2297 ’⁸
431 2281 613 2314 ἀδιαλείπτως
631 2283 659 2308 ὲν
677 2283 715 2318 τῷ
728 2283 785 2317 ναῷ
798 2292 883 2310 κατα-

933 351 1114 379 Historiarum
1131 350 1310 386 prosequitur,
1330 350 1393 378 licet
1406 350 1489 377 etiam
1502 350 1560 382 alii,
1577 354 1605 378 et
1617 350 1726 386 plurimi

933 397 965 424 de
980 397 1110 431 prodigiis
1125 395 1285 430 scripserint
1300 395 1366 431 (57).

1127 487 1170 515 Ea;
1184 488 1252 515 libro
1271 487 1403 515 tiicesimo
1424 493 1527 523 quarto.

969 535 1118 567 Obsidenti,
1137 535 1238 570 inquit,
1253 534 1387 562 Antiocho
1400 534 1457 569 regi
1474 534 1673 570 Hierosolyma,
1690 542 1725 563 eo

934 589 1019 616 usque
1033 581 1118 608 Judmi
1136 582 1306 612 restiterunt.
1322 580 1410 608 donec
1418 581 1570 608 necessaria
1579 582 1669 608 omnia
1681 581 1725 608 de-

933 627 1071 655 l'ecissent.
1090 627 1166 654 Tunc
1181 626 1213 654 de
1226 625 1412 661 componenda
1425 626 1564 661 relegatos
1578 627 1723 659 miserunt,

933 679 960 701 et
976 681 1023 701 eos
1037 673 1181 708 plerosque
1194 673 1285 709 regios
1294 673 1405 700 amicos.
1426 673 1520 708 Itaque
1531 681 1642 701 suasere
1655 674 1723 708 regi,

933 724 962 746 ut
979 719 1111 746 violenter
1129 719 1222 746 urbem
1242 718 1372 751 dirueret,
1392 722 1420 746 et
1437 723 1544 754 gentem
1569 718 1723 746 .ludaaornm

933 764 1053 792 funditus
1069 769 1214 792 everteret.
1231 764 1309 792 Solos
1324 765 1396 792 enim
1415 772 1462 792 eos
1489 772 1550 792 esse
1565 765 1610 800 qui
1625 765 1723 800 379a

934 818 994 838 cum
1011 810 1071 838 aliis
1085 809 1210 846 gentibus
1230 810 1297 838 nihil
1315 810 1436 838 habeant
1454 818 1609 843 commune,
1625 815 1651 837 et
1665 818 1724 838 om-

933 863 982 883 nes
993 856 1019 883 in
1033 856 1150 884 hostium
1161 863 1276 884 numero
1292 861 1407 891 ponant,
1418 861 1445 884 et
1464 857 1566 884 clarum
1582 865 1643 885 esse
1658 865 1726 892 quo-

934 903 1013 929 modo
1034 901 1149 935 majores
1170 909 1264 929 eorum
1283 923 1290 934 ,
1308 907 1337 930 ut
1357 903 1431 938 impii
1451 907 1479 931 et.
1503 904 1687 931 exsecrabiles
1707 912 1723 930 τι

934 947 985 975 diis
1011 954 1045 975 ex
1062 948 1134 975 omni
1156 947 1272 984 Egypto
1289 949 1405 982 expulsi,
1426 953 1452 976 et
1468 949 1604 983 quomodo
1624 950 1723 984 leprosi

934 992 1075 1020 confertim
1092 993 1150 1020 loco
1164 993 1348 1021 mundationis
1360 994 1433 1021 velut.
1446 994 1597 1022 detestandi
1617 994 1724 1029 profugi

933 1038 1009 1073 ejecti
1036 1039 1100 1072 sint,
1125 1043 1152 1066 et
1175 1047 1238 1066 mox
1255 1039 1450 1074 Hierosolymis
1472 1039 1531 1067 loca
1553 1042 1724 1068 contermina

932 1084 1097 1119 abripieutes
1107 1084 1176 1112 hanc
1188 1089 1294 1120 gentem
1305 1085 1499 1119 ordinaverint,
1513 1091 1539 1112 et
1552 1087 1642 1113 odium
1659 1093 1724 1120 erga

933 1137 1028 1158 omnes
1045 1130 1168 1160 homines
1183 1131 1348 1158 induxerint.
1370 1131 1459 1164 Quare
1473 1136 1501 1159 et
1515 1131 1595 1159 aliam
1611 1132 1723 1159 omnino

932 1175 994 1202 vita:
1020 1175 1220 1203 institutionem
1242 1176 1394 1210 complecti,
1417 1184 1468 1204 nec
1483 1184 1546 1204 cum
1567 1176 1618 1204 alia
1642 1181 1723 1211 gente

933 1221 1043 1248 omnino
1058 1221 1127 1248 velle
1141 1221 1294 1254 comedere,
1310 1230 1359 1250 nec
1367 1223 1449 1250 etiam
1463 1223 1530 1250 velle
1549 1222 1720 1250 benefacere.

933 1267 973 1294 Ad
992 1268 1048 1294 hinc
1065 1268 1089 1294 ei
1108 1267 1238 1301 majorum
1254 1268 1344 1295 odium
1369 1276 1480 1296 suorum
1501 1276 1565 1302 erga
1584 1269 1656 1296 hunc
1672 1276 1722 1304 po-

934 1312 1024 1347 pulum
1055 1313 1081 1340 in
1097 1314 1254 1340 memoriam
1278 1319 1451 1342 revocarunt.
1477 1315 1626 1343 Antiochus
1648 1315 1722 1343 enim

934 1359 1021 1386 dictus
1046 1358 1200 1394 Epiphanes
1223 1360 1335 1387 devictis
1360 1359 1459 1388 Iudaeis
1480 1361 1593 1388 intravit
1620 1360 1723 1388 Sancta

933 1407 1099 1437 sanctorum,
1120 1405 1187 1432 adiit
1204 1405 1269 1432 solis
1283 1406 1469 1434 sacerdotibus
1491 1407 1624 1441 adeunda,
1641 1403 1669 1435 et
1682 1409 1724 1436 in-

935 1450 1007 1477 vcnit
1019 1450 1116 1478 ibidem
1127 1450 1260 1486 lapideam
1276 1455 1394 1479 statuam
1415 1452 1465 1479 viri
1482 1454 1565 1480 barba
1577 1455 1732 1492 promissa,_

934 1496 1051 1523 tenentis
1065 1496 1189 1523 manibus
1204 1497 1302 1524 librum
1324 1498 1519 1533 iusidentisque
1539 1500 1625 1532 asino,
1642 1508 1722 1534 quam

933 1541 1046 1575 putabat
1069 1539 1150 1568 Mosis
1168 1549 1238 1573 esse,
1269 1543 1314 1576 qui
1337 1544 1431 1571 urbem
1456 1549 1483 1572 et
1504 1545 1669 1578 condiderit,
1696 1553 1724 1573 et

933 1592 1039 1621 gentem
1061 1586 1190 1620 fundarit,
1207 1593 1233 1615 et
1252 1588 1363 1617 odiosas
1382 1590 1442 1618 illas
1456 1592 1582 1618 omnibus
1597 1593 1724 1626 gentibus

935 1633 1007 1666 leges
1019 1632 1118 1659 tulerit.
1135 1632 1195 1667 lpse
1206 1641 1269 1660 vero
1284 1634 1395 1668 cupiens
1406 1635 1541 1663 obducere
1559 1636 1650 1663 odium
1661 1644 1723 1663 om-

935 1677 1008 1704 nium
1028 1677 1159 1712 gentium,
1176 1677 1248 1712 leges
1270 1678 1420 1706 dissolvere
1434 1684 1548 1706 conatus
1567 1685 1618 1707 est.
1633 1681 1724 1713 Quare

933 1728 1029 1751 statua:
1042 1724 1202 1757 conditoris,
1217 1728 1243 1751 et
1262 1725 1338 1751 altari
1354 1724 1400 1751 Dei
1418 1724 1534 1752 subdiali
1555 1732 1664 1760 porcam
1684 1725 1724 1752 iu-

933 1777 1040 1804 gcntcm
1070 1770 1250 1803 sacriﬁcavit,
1269 1775 1296 1798 cl
1320 1771 1450 1806 sanguine
1468 1771 1529 1798 illos
1552 1771 1680 1805 perfudit,
1696 1776 1724 1798 et

935 1825 1044 1845 carnem
1069 1825 1200 1852 eoquens,
1221 1818 1303 1853 jussit
1323 1826 1417 1846 sacros
1441 1826 1534 1846 eorum
1551 1819 1655 1852 libros,
1677 1820 1722 1854 qui

934 1864 1009 1898 leges
1023 1864 1207 1897 continerent,
1217 1864 1278 1898 jure
1292 1865 1337 1892 illo
1346 1866 1494 1900 corrumpi,
1507 1871 1533 1893 et
1547 1866 1698 1893 oblitterari
1713 1875 1721 1893 :

935 1912 1022 1945 ignem
1047 1920 1183 1947 nunquam
1202 1913 1381 1945 deiicientem,
1398 1917 1426 1940 et
1451 1920 1567 1947 semper,
1587 1917 1617 1940 ut
1635 1914 1722 1946 aiunt,

935 1959 1087 1990 ardentem,
1104 1958 1130 1985 iu
1154 1959 1254 1994 tetnplo
1275 1959 1421 1995 exstingui,
1437 1964 1465 1986 ct
1485 1967 1594 1987 carnem
1615 1960 1721 1987 suillam

934 2012 1068 2030 summum
1095 2005 1281 2037 sacerdotem,
1305 2005 1426 2040 aliosque
1447 2004 1554 2033 Judzeos
1580 2007 1723 2034 comedere

935 2051 1032 2085 coegit.
1049 2050 1110 2078 Haec
1132 2056 1274 2078 narrantes
1295 2051 1331 2078 illi
1353 2052 1450 2085 amici,
1466 2052 1630 2079 Antiochum
1644 2053 1723 2079 vehe-

935 2100 1039 2122 menter
1055 2095 1088 2122 ad
1107 2100 1189 2122 totam
1209 2100 1315 2130 gentem
1332 2096 1508 2130 perdendam,
1519 2101 1565 2123 aut
1580 2096 1678 2123 saltem
1688 2096 1723 2123 ad

934 2142 1094 2169 chrteudns
1111 2141 1193 2176 leges,
1212 2146 1240 2168 et
1257 2141 1318 2168 vita:
1345 2142 1538 2169 institutionem
1557 2146 1662 2169 mutare
1676 2149 1722 2169 co-

935 2189 1050 2223 gendum
1068 2188 1225 2215 incitarunt.
1239 2187 1338 2215 Verum
1356 2196 1402 2216 rex
1418 2190 1618 2224 magnanimus,
1639 2189 1722 2216 mori-

935 2235 1038 2270 busque
1055 2239 1224 2267 mansuetus,
1239 2234 1425 2269 impositisque
1440 2235 1587 2262 tolerandis
1602 2236 1721 2266 tributis,

935 2286 962 2308 et
977 2289 1054 2307 nmro
1065 2281 1174 2314 privans
1184 2280 1321 2306 civitatem
1333 2279 1593 2315 Hierosolymorum,
1603 2281 1722 2315 acceptis

91 2323 188 2350 σὸἐσαι
205 2324 259 2351 τῶν
274 2334 302 2351 τε
322 2325 412 2361 κρεῶν
435 2326 594 2360 ἀναγκάσας
610 2327 633 2343 θ³
651 2327 883 2362 προσενέγκασθαι

937 2327 1090 2357 obsidibus,
1108 2325 1215 2353 Judzeos
1231 2327 1345 2353 crimine
1359 2326 1490 2353 liberavit.

90 2370 137 2395 τὸν
151 2370 283 2406 ἀρχιερέα
302 2371 349 2397 καὶ
364 2371 426 2403 τοὺς
438 2372 534 2403 ἄλλους
558 2372 712 2404 Ἰουδαίους.
739 2373 831 2399 Ταῦτα
847 2373 879 2409 δὴ
899 2373 1043 2406 διεξιόντες
1058 2372 1081 2397 oi
1099 2371 1170 2406 φίλοι
1181 2372 1226 2398 τὶν
1239 2371 1375 2406 Ἀντίοχον
1404 2371 1576 2405 παρεκάλουν
1606 2372 1723 2407 μάλιστα

93 2417 143 2450 μὲν
159 2417 243 2451 ἄρδην
256 2416 360 2444 ἀνελεῖν
374 2417 404 2443 τὸ
417 2417 501 2450 ἔθνος,
515 2418 539 2443 εί
558 2417 586 2443 δὲ
609 2418 657 2452 μὴ,
681 2418 830 2444 καταλῦσαι
869 2419 903 2445 τὰ
922 2419 1023 2452 νόμιμα
1053 2417 1101 2443 καὶ
1123 2416 1326 2450 συναναγκάσαι
1345 2417 1394 2447 τὰς
1413 2415 1523 2450 ἀγωγὰς
1547 2416 1722 2450 μεταθέσθαι.

84 2464 127 2497 ΞὈ
145 2463 174 2489 δὲ
186 2463 313 2498 βασιλεὺς
330 2464 518 2500 μεγαλόψυχος
535 2464 573 2491 ὣν
590 2465 637 2491 καὶ
651 2466 680 2491 τὸ
695 2463 759 2500 ἦθος
791 2466 904 2501 ἥμερος,
942 2465 1031 2492 λαὸὼν
1046 2466 1168 2499 ὁμήρους
1179 2464 1298 2490 ἀπέλυσε
1314 2464 1368 2490 τῶν
1385 2465 1565 2500 ἐγκλημάτων
1580 2466 1640 2497 τοὺς
1657 2466 1724 2491 Ἰου-

91 2509 194 2541 δαίους,
222 2510 322 2544 φόρους
345 2519 375 2536 τε
399 2511 463 2542 τοὺς
486 2511 677 2545 ὀφειλομένους
700 2512 884 2546 πραξάμενος,
903 2513 949 2539 καὶ
967 2513 1002 2538 τὰ
1017 2511 1094 2546 τείχη
1109 2511 1240 2547 περιελὼν
1257 2511 1311 2538 τῶν
1329 2511 1531 2547 Ἰεροσολύμων.

129 2556 224 2583 Ταῦτα
250 2557 380 2593 Διόδωρος
402 2558 467 2593 περὶ
490 2557 544 2584 τῶν
562 2558 718 2585 Μωσαῖκῶν
746 2559 815 2586 ἐθῶν
839 2560 883 2586 καὶ

975 2559 1037 2586 Ηωο
1056 2549 1185 2586 Diodorus
1210 2561 1242 2587 de
1260 2559 1383 2587 lllosaieis
1406 2560 1536 2588 institutis
1563 2566 1590 2588 et
1606 2561 1722 2596 legibus,

731 2628 849 2656 VARIAE
871 2629 1074 2656 LECTIONES.

127 2676 149 2692 ⁸¹
161 2675 244 2711 φησιν
259 2683 313 2703 om.
327 2676 356 2703 Β.
400 2676 421 2692 ⁸³
436 2676 489 2703 ὑπὸ
503 2676 557 2702 τῶν
572 2677 612 2702 A:
629 2677 703 2711 παρά
717 2687 746 2710 ς.
790 2678 814 2694 ⁸³
824 2679 854 2704 τὸ
866 2679 933 2714 πρὸς
945 2679 1007 2710 τοὺς
1023 2677 1184 2734 ἀνθρώπους
1201 2679 1277 2712 μῖσος
1291 2680 1321 2705 Β.
1359 2678 1381 2695 ⁸⁸
1396 2678 1424 2704 δὲ
1438 2685 1491 2704 om.
1504 2677 1533 2704 Β.
1571 2678 1594 2693 ⁸⁵
1607 2678 1635 2704 τὸ
1648 2686 1720 2713 παρ-

127 2720 165 2734 ταν
184 2711 245 2734 ιιτιδ¹
257 2711 359 2734 εὐνοεῖν
377 2720 406 2734 r.
458 2711 481 2727 ⁸⁸
496 2713 697 2734 ποονενοιιένου
715 2714 732 2734 Δ
750 2722 756 2734 ε
773 2714 920 2734 νενηηέυῆνι
939 2722 958 2734 ε·
1007 2714 1029 2729 ⁸⁷
1044 2710 1074 2734 ni'i
1100 2710 1115 2734 ἦ
1140 2713 1156 2734 Δ
1179 2713 1270 2734 nmlim
1284 2711 1312 2734 n7
1358 2713 1382 2729 ⁸⁸
1398 2713 1527 2734 ιηιιῦσέιιιθ
1544 2713 1571 2734 Δγ
1597 2713 1720 2734 ιιιηῆτέηε·

91 2711 245 2749 ἀπαγμηδ*
257 2711 407 2749 εὑνοεῖνᾉς.
436 2747 441 2749 _
458 2710 697 2749 “atpoyevopévou
712 2714 756 2749 AV:
773 2710 920 2749 γενομένου
939 2722 968 2745 ς.
1007 2714 1029 2729 ⁸⁷
1044 2710 1086 2749 οὗ]
1137 2713 1159 2739 Α
1179 2710 1270 2749 malim
1284 2711 1312 2740 οἷ
1358 2713 1382 2729 ⁸⁸
1397 2713 1527 2749 μωῡσέως
1541 2713 1573 2746 Λ,
1596 2710 1720 2749 poliat-2'0;

93 2747 133 2784 B‘:
149 2742 271 2784 Μωσέως
285 2755 316 2779 ς.
359 2742 388 2762 εί
401 2742 564 2774 κα¹ιιιιίύ.Ἀζ
617 2742 641 2763 δ’
662 2742 811 2783 στυγήσας]
830 2742 891 2775 libri
908 2742 1054 2784 συστήσας.
1077 2742 1086 2749 λ
1101 2742 1123 2764 δ’·
1145 2748 1227 2775 αὐτοῦ
1242 2749 1275 2776 Λ.
1327 2742 1492 2784 "xz-692w»;
1513 2742 1541 2775 Β.

1598 2748 1621 2764 ⁹³
1633 2748 1726 2788 ἀναγη

92 2782 172 2808 κὰδ-αι
186 2781 218 2808 Β.
683 2798 699 2807 ι

821 2827 936 2856 NOTAE.

84 2911 97 2923 ι
131 2875 182 2912 [57)
197 2875 286 2905 Julius
295 2876 463 2912 Obsequens,
478 2875 509 2904 T.
529 2875 631 2911 Livius,
642 2876 814 2910 Plutarchus,
831 2875 897 2904 Dion
918 2882 945 2905 et
959 2877 1014 2904 alii.
