1923 3093
191 157 260 190 1395

756 160 886 190 ΡΗΟΤΙΙ
907 159 1162 190 ΡΑΤΒΙΑΗΟΗᾸΞ
1185 159 1239 189 CP.

1758 153 1826 187 1396

191 217 310 243 factione
325 222 418 243 eorum
432 215 546 249 reddita,
561 215 667 250 reliquo
681 219 813 250 tempore,
827 219 857 243 ut
869 215 976 247 vellent,

1034 214 1133 249 μένους
1163 212 1370 248 ἀμφισϐητῆσαι
1395 212 1567 248 πραγμάτων
1587 213 1609 229 ’⁸
1626 212 1730 244 πάντας
1756 213 1825 240 ἀπο-

191 263 251 290 siue
269 263 368 290 timore
381 269 442 289 cum
460 261 556 289 amicis
575 262 631 289 suis
651 262 844 296 rempublicam
863 261 979 289 admini-

191 312 320 336 strarent.
338 307 428 341 Quare
446 308 540 335 statim
553 312 647 342 pactas
667 307 842 335 conditiones
854 312 881 334 et
901 307 980 334 ﬁdem

192 353 384 387 neglexerunt,
409 357 436 380 et
457 353 544 380 credes
565 353 807 380 condemnatorum
824 353 933 386 impune
953 357 981 378 et

191 399 292 433 ubique
308 399 384 426 facta:
402 406 476 427 sunt.
495 399 612 432 Quintus
632 407 697 426 vero
712 398 837 426 Lutatius
857 398 979 430 Catulus,

190 446 237 480 qui
248 445 429 473 clarissimum
444 446 477 473 de
491 446 612 474 Cimbris
627 445 794 480 triumphum
810 451 913 480 egerat,
935 453 982 478 po-

191 491 254 524 pulo
278 492 354 526 prius
381 492 559 519 charissimus
583 500 598 519 a
619 493 737 526 quodam
763 492 871 519 tribuno
896 491 980 525 plebis

189 538 261 571 apud
284 537 412 572 populum
436 546 499 566 reus
515 540 611 566 mortis
633 538 721 566 laetus
742 543 804 565 est:
820 545 905 572 quare
923 544 980 564 me~

191 586 271 609 luens
288 583 435 617 perieulum
456 590 489 610 ex
510 583 696 616 accusatione,
716 589 887 617 speransque
907 582 981 608 auxi-

189 626 254 654 lium
276 628 383 662 aliquod
406 629 439 656 ad
460 628 573 656 Marium
597 636 627 656 se
653 629 784 656 contulit:
809 628 869 662 ipse
889 632 979 654 autem

190 679 269 701 antea
295 675 399 702 aruicus
426 675 500 709 ejus,
524 681 587 702 tunc
612 678 700 702 elatus
719 675 864 709 superbia,
889 674 980 701 secius

188 726 252 753 erga
272 727 333 746 eum
350 719 462 748 allectus
479 726 530 752 est,
552 721 708 756 nullumque
723 721 795 747 aliud
820 727 977 754 responsum

188 763 262 790 dedit
282 765 348 796 nisi,
371 764 539 792 Moriendum
557 771 606 794 est.
629 766 738 792 Catulus
760 773 823 792 \‘ero
839 765 977 798 desperata

187 809 275 836 salute
285 817 434 845 properans
448 813 508 838 sine
524 812 620 846 injuria
635 811 716 838 vitam
750 812 907 840 terminare,
935 816 979 836 se-

188 853 277 888 ipsum
297 855 352 881 vita
374 856 499 889 privavit,
516 856 597 890 idque
621 864 690 883 novo
704 860 731 882 et
746 855 876 882 inusitato
890 862 976 885 more,

1031 259 1144 292 κτεῖναι,
1154 258 1237 294 [1156
1247 257 1294 293 IL]
1307 257 1380 289 ὅπως
1392 257 1516 292 καθαρᾶς
1526 256 1675 292 γενομένης
1689 257 1740 292 τῆς
1757 257 1826 289 ἰδίας

1032 304 1164 339 αἱρέσεως
1189 303 1238 330 καὶ
1267 303 1376 338 μερίδος
1403 303 1491 334 ἀδεῶς
1506 302 1536 329 τὸ
1549 302 1655 335 λοιπὸν,
1668 302 1718 329 καὶ
1731 302 1770 334 ὡς
1791 303 1825 330 ἂν

1037 349 1198 384 βούλωνται,
1209 349 1279 384 μετὰ
1291 349 1345 376 τῶν
1359 348 1444 384 φίλων
1465 348 1588 375 διοικῶσι
1604 348 1627 364 ²⁰
1638 349 1673 375 τὰ
1684 348 1756 376 κατά
1773 349 1824 384 τὴν

1031 396 1192 431 ἠγεμονίαν.
1221 395 1308 426 Εὐθὺς
1324 393 1371 421 οὖν
1396 394 1452 421 τῶν
1465 395 1514 430 μὲν
1526 394 1718 430 γεγενημένων
1731 394 1826 421 συνθέ-

1032 451 1102 468 σεων
1120 442 1168 468 καὶ
1193 441 1310 468 πίστεων
1341 440 1494 475 ἠμέλησαν,
1521 440 1626 476 σφαγαὶ
1634 441 1662 467 δὲ
1671 440 1726 467 τῶν
1737 449 1824 467 κατα-

1031 487 1222 525 ψηφισθέντων
1238 487 1330 518 animi;
1346 487 1455 522 ἄκριτοι
1466 487 1514 513 καὶ
1528 486 1668 522 πανταχοῦ
1691 486 1823 520 ἐγίνοντο.

1031 536 1144 565 Κόϊντος
1173 532 1236 569 [622
1252 533 1298 567 ll.|
1320 533 1349 559 δὲ
1365 533 1513 564 Λουτάτιος
1523 534 1537 560 ὁ
1551 532 1668 565 Κάτλος.
1688 533 1824 568 τεθριαμ-

1031 580 1137 611 ϐευκὼς
1167 579 1216 614 μὲν
1236 579 1379 612 ἐπισήμως
1399 578 1453 605 ἀπὸ
1475 578 1620 614 Κίμϐρων,
1639 577 1825 613 ἀγαπώμενος

1030 626 1058 652 δὲ
1067 625 1120 652 ὑπὸ
1131 625 1184 651 τῶν
1208 623 1327 650 πολιτῶν
1339 624 1541 659 περιττότερον,
1558 624 1611 651 ὑπό
1627 632 1700 656 τινος
1713 624 1824 660 δημάρ-

1030 681 1078 708 χου
1107 670 1275 706 κατηγορίας
1298 670 1448 705 ἐτύγχανεν
1477 671 1507 697 ὲν
1531 670 1570 705 τῷ
1592 670 1672 706 δήμῳ
1695 670 1823 697 θανάτου.

1029 717 1197 753 Φοϐούμενος
1216 717 1245 743 δὲ
1257 716 1302 743 τὸν
1316 717 1348 743 ὲκ
1357 716 1408 751 τῆς
1421 716 1608 751 συκοφαντίας
1619 716 1743 743 κίνδυνον
1755 713 1824 751 ἧκεν

1030 766 1070 796 εἰς
1093 764 1139 790 τὸν
1153 763 1270 798 Μάριον,
1298 762 1426 796 δεόμενος
1443 764 1534 797 τυχεῖν
1548 761 1686 798 βοηθείας.
1710 762 1740 789 Ὀ
1750 762 1779 789 δὲ
1793 761 1826 788 τὸ

1032 809 1081 844 μὲν
1104 808 1259 844 ἔμπροσθεν
1273 808 1393 841 ἐγεγόνει
1411 807 1498 841 φίλος,
1511 807 1571 833 τότε
1587 806 1610 832 δ’
1624 806 1656 833 έκ
1667 815 1742 838 τινος
1756 806 1826 833 om»

1029 853 1094 888 ψίας
1106 852 1254 887 ἀλλοτρίως
1267 851 1335 887 ἔχων
1350 852 1417 887 πρὸς
1432 852 1514 879 αὑτὸν
1521 851 1602 878 τοῦτο
1612 852 1694 887 μόνον
1703 852 1825 886 ἀπεκρί-

186 906 248 926 nam
262 900 403 927 includens
419 901 538 936 seipsum
551 902 576 928 in
589 902 669 928 dotuo
686 909 779 928 recens
794 901 928 932 dealbata,
947 904 975 926 et

1033 901 1059 935 in
1074 919 1082 932 ,
1101 898 1208 926 Θανεῖν
1233 897 1288 925 δεῖ.
1314 897 1368 924 Καὶ
1381 897 1513 929 ὁΚάτλος
1541 897 1678 932 ἀπογνοὺς
1703 897 1753 932 μὲν
1774 897 1827 929 τὰς

186 952 311 980 vaporem
330 954 345 974 e
360 946 442 975 calce,
455 947 515 981 igne
534 952 562 975 et
577 947 650 975 fumo
666 947 804 979 excitans,
821 946 974 981 respirandi

187 992 314 1020 facultate
330 993 474 1028 impeditus
492 994 643 1021 exstinctus
658 999 711 1020 e~t.

1028 945 1077 980 τῆς
1090 943 1112 960 ’ί
1126 943 1263 978 σωτηρίας
1281 941 1403 974 ἐλπίδας,
1431 941 1554 969 σπεύδων
1570 943 1599 969 δὲ
1610 942 1695 978 χωρὶς
1716 942 1826 979 ὕϐρεως

1030 989 1218 1025 καταστρέψαι
1240 989 1286 1015 τὸν
1305 988 1373 1023 βίον,
1395 988 1491 1016 ἑαυτὸν
1516 988 1563 1015 τοῦ
1581 988 1631 1024 ζῇν
1656 989 1827 1024 μετέστησεν

186 1039 244 1074 ιδίῳ
269 1041 324 1066 τινὶ
352 1041 400 1067 καὶ
425 1041 648 1076 παρηλλαγμένῳ
677 1041 782 1077 τρόπῳ.
809 1043 976 1078 Συγκλείσας
996 1043 1094 1070 ἑαυτὸν
1115 1043 1154 1073 είς
1183 1039 1257 1068 οἷκον
1271 1040 1439 1075 νεὸχριστον,
1462 1040 1510 1066 καὶ
1523 1040 1572 1075 τὴν
1585 1040 1617 1066 ὲκ
1646 1039 1696 1074 τῆς
1731 1040 1826 1070 κονίας

183 1085 323 1121 ἀναφορὰν
342 1087 409 1121 πυρὶ
427 1087 475 1114 καὶ
491 1087 588 1122 καπνῷ
607 1088 789 1124 συναυξήσας,
802 1091 836 1125 τῇ
852 1090 901 1124 τῆς
915 1089 1052 1124 ἀναπνοῆς
1067 1088 1155 1123 φθορᾷ
1167 1086 1333 1122 περιπνιγὴς
1342 1087 1366 1102 ’⁸
1381 1086 1527 1120 γενόμενος
1545 1085 1713 1121 ἀπήλλαξεν.

427 1131 469 1159 Ea;
485 1133 616 1160 tricesimo
632 1134 727 1168 primo.

219 1177 283 1205 Hac
295 1177 357 1205 dum
373 1181 514 1212 geruntur,
529 1177 643 1206 Romam
665 1179 764 1215 3811;
779 1188 878 1209 venere
893 1181 973 1217 legati

183 1223 370 1256 Rhodiorum,
391 1225 425 1251 ad
445 1224 571 1252 diluenda
600 1226 698 1260 quibus
722 1227 843 1261 impediti
868 1227 975 1255 fuerant

183 1269 311 1297 crimina.
328 1269 495 1297 Videbantur
511 1271 583 1298 enim
607 1272 633 1298 iu
655 1271 736 1304 bello,
758 1273 830 1307 quod
844 1274 975 1301 adversus

183 1315 313 1344 Perseum
325 1321 430 1350 gestum
444 1322 495 1349 est,
510 1317 609 1344 animis
619 1318 652 1344 ad
671 1326 761 1353 regem
779 1318 935 1352 inclinasse,
947 1325 975 1347 et

183 1369 266 1396 quam
280 1369 341 1388 eum
353 1362 484 1390 Romanis
500 1363 638 1390 habebant
651 1364 811 1397 amicitiam,
831 1365 973 1399 prodiisse.

183 1407 306 1442 Cumque
325 1407 392 1435 nihil
409 1408 545 1442 legatione
562 1416 611 1436 sua
629 1409 802 1444 proﬁcerent,
820 1411 970 1445 desponsa-

184 1454 250 1480 bant
263 1454 368 1480 animos
381 1474 388 1486 ,
404 1459 432 1480 et
446 1462 507 1480 cum
527 1455 654 1490 lacrymis
672 1455 807 1490 colloquia
827 1457 975 1486 habebant.

184 1500 252 1526 Cum
270 1505 360 1526 autem
376 1507 422 1527 eos
438 1500 464 1526 iu
482 1505 606 1528 senatum
625 1502 817 1530 introduxisset
837 1510 907 1530 unus
927 1503 976 1530 tri-

184 1545 335 1578 bunorum,
359 1546 467 1573 nomine
486 1545 636 1581 Antonius,
654 1549 757 1582 primus
776 1549 928 1577 orationem
944 1550 977 1576 de

185 1592 319 1627 legatione
334 1593 429 1620 [tabuit
443 1592 621 1628 Philophron,
631 1598 659 1621 et
670 1594 818 1622 secundum
832 1600 893 1629 post
901 1602 975 1628 eum,

1327 1133 1378 1159 Ἐκ
1393 1140 1447 1158 του
1460 1131 1519 1159 Μ’.

1062 1179 1140 1214 ’Ἀμα
1157 1178 1186 1206 δὲ
1196 1177 1302 1209 τούτοις
1327 1176 1528 1212 πραττομένοις
1551 1177 1592 1208 είς
1613 1176 1726 1212 Ῥώμην
1753 1185 1827 1212 παρ-

1028 1225 1153 1260 εγένοντο
1179 1223 1348 1260 πρεσϐευταὶ
1366 1223 1486 1255 Ῥοδίων,
1496 1223 1546 1254 τὰς
1565 1223 1755 1259 γεγενημένας
1766 1223 1828 1250 δια-

1028 1271 1111 1303 ϐολὰς
1136 1272 1198 1298 κατ’
1213 1269 1304 1297 αὐτῶν
1315 1268 1505 1296 ἀπολύσασθαι
1517 1277 1525 1284 ·
1543 1269 1652 1296 ἐδόκουν
1671 1268 1725 1304 γὰρ
1738 1269 1768 1294 έν
1786 1268 1828 1302 τῷ

1030 1317 1098 1351 πρὸς
1126 1317 1235 1351 Περσέα
1257 1315 1368 1350 πολέμῳ
1391 1315 1450 1345 ταῖς
1473 1313 1591 1345 εὐνοίαις
1612 1313 1829 1341 ἀποκεκλικέναι

1027 1364 1097 1399 πρὸς
1107 1362 1152 1389 τὸν
1169 1361 1279 1397 βασιλέα
1291 1361 1339 1387 καὶ
1364 1360 1564 1395 προδεδωκέναι
1582 1360 1632 1394 τὴν
1665 1359 1735 1394 πρὸς
1757 1359 1828 1386 Ῥω-

1027 1409 1126 1445 μαίους
1148 1408 1251 1443 φιλίαν.
1280 1407 1372 1442 Μηδὲν
1395 1406 1424 1433 δὲ
1440 1405 1571 1437 ἀνύοντες
1595 1401 1634 1432 ὦν
1652 1405 1826 1440 ἐπρέσϐευον

1026 1455 1067 1485 εἰς
1082 1454 1203 1489 ἀθυμίαν
1215 1453 1371 1484 ἐνέπιπτον,
1388 1452 1436 1478 καὶ
1460 1452 1530 1486 μετά
1540 1451 1668 1487 δακρύων
1680 1451 1829 1478 ἐποιοῦντο

1026 1501 1076 1533 τὰς
1088 1500 1235 1533 ἐντεύξεις.
1257 1499 1460 1533 Είσαγαγόντος
1474 1499 1503 1525 δὲ
1517 1498 1618 1529 αὐτοὺς
1636 1499 1677 1530 είς
1689 1497 1740 1533 τὴν
1757 1497 1829 1530 σύγ-

1027 1547 1126 1582 κλητον
1148 1546 1207 1577 ένδς
1223 1545 1279 1571 τῶν
1301 1545 1451 1580 δημάρχων
1475 1543 1620 1570 Ἀντωνίου
1646 1542 1757 1578 πρῶτος
1774 1543 1830 1578 μὲν

1026 1593 1145 1619 ἐποιεῖτο
1171 1592 1216 1618 τὸν
1237 1590 1307 1626 ὑπὲρ
1323 1590 1374 1624 τῆς
1399 1589 1550 1624 πρεσϐείας
1575 1588 1656 1622 λόγον
1668 1587 1829 1623 Φιλῆφρων,

184 1638 356 1673 Astymedes.
378 1638 410 1665 lli
440 1645 502 1665 cum
523 1639 606 1667 multa
622 1640 780 1674 suppliciter
794 1645 820 1667 et
843 1641 975 1674 depreca-

1033 1639 1098 1674 μετὰ
1108 1638 1136 1665 δὲ
1150 1637 1245 1664 τοῦτον
1279 1635 1460 1670 Ἀστυμήδης.
1492 1635 1582 1661 Πολλὰ
1594 1635 1623 1661 δὲ
1644 1634 1715 1670 πρὸς
1726 1634 1827 1669 δέησιν

185 1684 254 1711 torie
266 1684 409 1718 dixissent,
425 1689 451 1711 et
465 1684 499 1712 ad
515 1689 666 1712 extremum
681 1685 721 1720 (ut
732 1690 773 1712 est
787 1686 812 1712 in
823 1686 977 1722 proverbio)

184 1736 314 1763 eygneam
328 1729 483 1756 cantionem
495 1729 675 1762 cecinissent,
700 1737 772 1764 πει-ε
789 1738 918 1765 respousa
933 1738 978 1758 ac-

185 1778 324 1807 ceperunt,
339 1781 386 1808 per
399 1781 459 1808 qua:
484 1775 518 1802 ab
529 1780 651 1802 extremo
665 1775 775 1809 quidem
787 1781 860 1802 metu
871 1775 976 1803 liberati

184 1823 248 1845 sunt
264 1819 321 1846 -sed
339 1820 371 1847 de
383 1820 544 1848 criminibus
559 1821 657 1848 acerbe
673 1821 819 1856 objurgati.

222 1903 312 1937 Quare
325 1904 388 1932 licet
397 1905 467 1939 apud
481 1905 617 1933 Romanos
630 1907 721 1935 videre
732 1908 974 1942 praestantissimos

185 1957 308 1985 quosque
330 1951 363 1978 de
382 1951 467 1986 gloria
491 1953 702 1985 contendentes,
729 1960 776 1986 per
795 1961 864 1988 quos
883 1955 976 1982 omnia

184 2002 254 2030 pene
273 1996 392 2023 maxima
409 2004 424 2023 a
441 1997 537 2031 populo
549 1998 737 2032 perﬁciuntur.
751 1998 805 2026 Sed
818 1999 843 2025 iu
857 1999 918 2026 aliis
931 2007 974 2026 ur-

185 2041 265 2069 hibus
279 2041 328 2069 sibi
344 2042 411 2077 ipsis
427 2049 522 2070 omnes
537 2043 672 2076 invident,
692 2043 806 2071 Romani
826 2052 890 2071 vero
906 2045 975 2072 iuvi-

185 2095 245 2114 eem
262 2087 383 2121 laudant,
399 2089 470 2116 unde
483 2090 573 2116 evenit
591 2090 694 2124 optime
707 2095 735 2117 et
748 2090 896 2118 fortissime
918 2099 975 2118 rem

185 2137 215 2160 ut
237 2139 350 2169 gerant,
371 2134 564 2168 rempublicam
588 2135 756 2169 aruplilicare
780 2136 921 2164 studentes
949 2142 977 2164 et

184 2179 231 2207 alii
247 2180 347 2215 injuste
367 2181 529 2214 sentientes,
554 2186 582 2208 et
602 2182 706 2217 seipsos
727 2183 976 2211 circumvenientes

185 2226 301 2260 patriam
321 2227 444 2261 perdant.

1030 1685 1077 1712 καὶ
1098 1684 1265 1720 παραίτησιν
1285 1682 1422 1714 εἰπόντες.
1448 1682 1495 1709 καὶ
1519 1681 1550 1709 τὸ
1576 1682 1734 1708 τελευταῖον
1751 1681 1830 1709 κατὰ

1029 1731 1078 1768 τὴν
1101 1730 1253 1766 παροιμίαν
1265 1730 1297 1756 τὺ
1308 1729 1434 1756 κύκνειον
1461 1727 1589 1764 ᾄσαντες,
1618 1727 1697 1763 μόλις
1728 1727 1830 1754 ἔλαϐον

1028 1777 1198 1812 ἀποκρίσεις,
1227 1777 1260 1802 δι’
1282 1771 1320 1802 ὧν
1335 1774 1382 1802 τοῦ
1400 1774 1449 1809 μὲν
1463 1773 1626 1809 ὁλοσχεροῦς
1650 1773 1735 1807 φόϐου
1754 1781 1831 1808 παρ-

1029 1822 1175 1858 ελύθησαν,
1190 1821 1257 1856 περὶ
1270 1820 1298 1847 δὲ
1314 1819 1368 1846 τῶν
1394 1818 1577 1855 ἐγκλημάτων
1596 1819 1705 1855 πικρῶς
1719 1819 1832 1846 ὠνειδί-

1029 1868 1143 1904 σθησαν.

1062 1914 1162 1950 Διόπερ
1176 1914 1241 1941 ἰδεῖν
1256 1913 1313 1941 ἔστι
1341 1915 1416 1949 παρά
1438 1912 1585 1948 Ῥωμαίοις
1609 1911 1674 1943 τοὺς
1686 1911 1829 1945 ἐπιφανε-

1028 1959 1142 1991 στάτους
1170 1960 1268 1995 ἄνδρας
1294 1959 1365 1995 ὑπὲρ
1389 1960 1468 1994 δόξης
1493 1958 1711 1993 ἁμιλλωμένους.
1733 1957 1768 1984 δι’
1783 1955 1825 1984 ὧν

1028 2006 1137 2033 ᾶπαντα
1168 2005 1261 2041 σχεδὸν
1272 2005 1307 2032 τὰ
1332 2006 1449 2040 μέγιστα
1460 2005 1499 2040 τῷ
1518 2005 1597 2040 δήμῳ
1613 2003 1825 2039 κατορθοῦνται.

1035 2053 1079 2080 Ἐν
1098 2053 1147 2088 μὲν
1164 2052 1219 2087 γὰρ
1237 2053 1294 2083 τοῖς
1315 2052 1406 2083 ἄλλοις
1430 2051 1611 2086 πολιτεύμασι
1626 2048 1829 2085 ζηλοτυποῦσιν

1027 2098 1169 2133 ἀλλήλους,
1193 2097 1323 2132 Ῥωμαῖοι
1340 2097 1550 2133 δὲ-ὲπαινοῦσιν.
1574 2095 1620 2128 Ἐξ
1633 2091 1664 2122 οὗ
1679 2095 1829 2130 συμϐαίνει

1031 2131 1149 2180 μάλιστα
1171 2145 1234 2176 τοὺς
1251 2131 1300 2179 μὲν
1312 2131 1446 2179 πράσσειν
1457 2143 1491 2169 τὰ
1508 2142 1639 2170 κάλλιστα
1654 2141 1710 2168 τῶν
1723 2141 1827 2177 ἔργων,

1030 2190 1235 2226 ἁμιλλωμένους
1266 2189 1358 2222 αὒξειν
1374 2190 1405 2216 τὸ
1419 2190 1494 2224 κοινῇ
1505 2189 1529 2205 ¹³
1544 2187 1695 2224 συμφέρον,
1719 2188 1786 2219 τοὺς
1803 2187 1826 2213 δ’

1029 2235 1125 2266 ἄλλους
1135 2233 1356 2266 ἀδικοδοξοῢντας
1366 2233 1414 2260 καὶ
1429 2232 1478 2264 τὰς
1490 2233 1614 2268 ἀλλήλων
1623 2233 1645 2248 ’⁵
1663 2231 1794 2264 ἐπιϐολὰς
1804 2232 1826 2248 ³⁸

1029 2280 1244 2316 λυμαινομένους
1259 2280 1388 2316 βλάπτειν
1404 2279 1453 2314 τὴν
1470 2279 1599 2314 πατρίδα.

219 2317 351 2346 Perseum
369 2319 492 2347 ultimum
507 2327 596 2356 regem
608 2321 783 2355 Macedonius,
799 2328 941 2357 postquam
954 2323 976 2351 is

1067 2327 1130 2353 ’Ὁτι
1160 2326 1266 2361 Περσέα
1283 2326 1314 2353 τὸ
1337 2326 1492 2353 τελευταῖον
1510 2324 1681 2356 Μακεδονίας
1698 2323 1824 2360 βασιλέα,

184 2371 256 2399 serpe
272 2371 336 2392 eum
354 2364 482 2393 Romanis
501 2367 648 2394 amicitiam
666 2368 738 2400 iniit,
753 2376 824 2403 saepe
841 2369 906 2396 item
923 2377 975 2396 non

185 2412 384 2438 contemnendo
397 2412 518 2439 exercitu
535 2412 635 2440 bellum
651 2414 744 2447 gessit,
762 2415 870 2442 tendent
886 2415 976 2443 IEmi-

184 2455 235 2483 lius
248 2457 411 2484 debellatum
433 2459 518 2493 cepit,
535 2455 562 2486 et
580 2460 741 2493 praeclarum
756 2462 791 2488 ob
806 2469 866 2489 eam
886 2463 973 2490 victo—

182 2502 250 2529 riam
273 2503 437 2538 triumphum
456 2506 521 2540 egit.
541 2505 657 2533 Perseus
678 2514 743 2534 vero
761 2508 843 2535 tantis
858 2508 975 2544 agitatus

183 2548 385 2577 calamitatibus
403 2556 432 2577 ut
453 2551 556 2579 similes
578 2559 639 2579 esse
659 2553 800 2581 videantur
821 2553 880 2589 ejus
897 2562 976 2582 casus

183 2592 284 2620 fabulis
304 2601 393 2621 rerum
421 2603 559 2630 nunquam
594 2602 747 2632 gestarum,
780 2606 814 2625 tte
838 2599 979 2626 discedere

185 2638 293 2672 quidem
312 2647 327 2667 ο
345 2641 396 2667 vita
422 2641 537 2669 volebat.
557 2642 717 2677 Priusquam
734 2644 806 2671 enim
822 2650 933 2671 senatus
945 2645 978 2671 de

183 2693 215 2712 eo
238 2687 460 2721 pronuntiasset,
486 2688 549 2722 quid
580 2688 733 2716 faciendum
760 2695 833 2717 esset
867 2690 971 2718 urbano

1031 2371 1313 2407 πολλάκιςῬωμαίοις
1325 2371 1369 2398 διὰ
1381 2371 1471 2405 φιλίας
1488 2370 1573 2404 ἰόντα,
1591 2370 1723 2401 πολλάκις
1737 2370 1767 2396 δὲ
1777 2371 1826 2397 καὶ

1033 2418 1147 2453 στρατιᾷ
1159 2417 1208 2443 οὐκ
1228 2417 1394 2452 ἅναξιολόγῳ
1406 2416 1599 2451 πολεμήσαντα
1609 2415 1686 2447 τέλος
1697 2416 1826 2448 Αἰμίλιος

1033 2463 1266 2497 καταπολεμήσας
1278 2461 1345 2494 εἷλε,
1366 2463 1414 2489 καὶ
1439 2462 1566 2497 λαμπρὸν
1587 2462 1723 2496 θρίαμϐον
1732 2462 1824 2496 έπὶτῇ

1034 2507 1096 2542 νίκῃ
1111 2507 1263 2542 κατήγαγε.
1277 2508 1401 2542 Περσεὺς
1415 2506 1443 2533 δὲ
1457 2506 1634 2541 τηλικαύταις
1664 2506 1824 2542 περιπεσὼν

1033 2554 1186 2588 συμφοραῖς
1197 2552 1267 2579 ὥστε
1274 2553 1361 2579 δοκεῖν
1367 2553 1446 2588 ὅμοια
1459 2552 1701 2588 μύθοιςάγενήτοις
1711 2551 1782 2579 εἶναι
1790 2553 1823 2579 τά

1032 2598 1106 2633 πάθη
1118 2599 1152 2625 τά
1166 2599 1230 2633 περὶ
1246 2598 1337 2630 αὑτὸν,
1351 2598 1405 2625 οὐδ’
1420 2598 1644 2633 ἀπολυθῆναιτοῦ
1661 2597 1712 2633 ζῇν
1729 2598 1821 2633 ἢθελε.

1031 2645 1100 2680 Πρὶν
1107 2645 1162 2680 γὰρ
1176 2644 1192 2679 ἢ
1211 2644 1259 2679 τὴν
1268 2644 1420 2679 σύγκλητον
1426 2644 1496 2679 ὑπὲρ
1509 2643 1591 2670 αὑτοῦ
1600 2643 1740 2670 διαλαϐεῖν
1748 2643 1821 2679 δχρὴ

1027 2689 1134 2723 παθεῖν,
1159 2689 1213 2716 τῶν
1229 2689 1299 2716 κατὰ
1314 2689 1391 2716 πόλιν
1404 2688 1564 2724 στρατηγῶν
1574 2689 1597 2705 ’⁸
1609 2686 1650 2721 εἷς
1665 2689 1820 2716 ὲνέϐαλεν¹⁷

842 2756 960 2784 VARUE
985 2756 1190 2785 LECTIONES.

223 2800 244 2816 ¹³
258 2801 330 2836 ἀμφ.
343 2809 426 2863 περὶπ

186 2844 216 2863 ς.
256 2835 279 2852 ’³
290 2837 365 2863 κοινῆ
421 2845 426 2863 :

190 2844 216 2867 τ.
256 2837 279 2852 ’³
290 2837 400 2898 xmle
421 2845 426 2863 :
443 2837 531 2863 κοινὸν
545 2845 577 2868 ς.

190 2871 340 2898 στρατηγὸν
381 2892 386 2898 .
449 2873 470 2888 ⁸⁷
492 2872 577 2898 εἰσέΰι

187 2871 340 2907 στρατηγὸν
357 2871 386 2899 Β.
449 2873 470 2888 ⁸⁷
492 2872 635 2900 εἰσέϐαλον
654 2873 684 2906 Β,
700 2871 842 2900 ἐνέϐαλλεν
870 2883 898 2905 ς.

398 2801 579 2836 ιπραγμάτων
592 2801 612 2828 Β
623 2811 654 2833 ς.
692 2802 714 2818 ’θ
727 2802 847 2830 δοικοῠσι
866 2812 896 2835 ς.
934 2804 956 2819 ¹¹
971 2803 1020 2839 τῆς
1033 2803 1094 2829 add.
1109 2804 1142 2829 Δ.
1183 2803 1206 2819 ²¹
1222 2811 1256 2829 πε
1279 2811 1336 2830 ιπνι
1357 2802 1390 2838 ὴς
1404 2803 1425 2829 Β
1439 2808 1466 2830 et
1483 2810 1541 2830 corr

398 2841 400 2860 ι
421 2845 426 2863 :
443 2837 531 2863 κοινὸν
545 2845 577 2865 ς.
627 2837 649 2852 ἰ
665 2837 786 2865 ἀλλήλων
802 2839 821 2864 Β
834 2843 860 2865 et
873 2846 945 2865 corr.
965 2838 986 2865 Α
1000 2859 1006 2865 .
1025 2838 1156 2865 ἀλλήλους
1172 2847 1203 2865 ς.
1251 2811 1275 2854 ’ξ
1288 2811 1434 2865 ἐπιϐουλὰς
1449 2853 1483 2858 -
1496 2837 1541 2865 8λά

627 2837 649 2852 ἰ
665 2837 786 2872 ἀλλήλων
802 2839 821 2864 Β
834 2843 860 2865 et
873 2846 945 2866 corr.
965 2838 986 2866 Α
999 2837 1006 2865 ζ
1025 2838 1156 2873 ἀλλήλους
1172 2847 1203 2872 ς,
1251 2837 1274 2854 ’⁸
1288 2837 1434 2871 ἐπιϐουλὰς
1449 2853 1483 2858 -
1496 2837 1650 2873 βλάπτεις.

1279 2802 1394 2845 ιπνιγὴς
1439 2808 1466 2830 et
1483 2810 1555 2845 ομιτ.
1571 2802 1593 2828 ll
1611 2811 1618 2830 :
1641 2802 1815 2845 περιπνιγεὶς

1678 2829 1713 2853 ἰο
1730 2829 1776 2863 to};
1785 2829 1821 2857 -ἱ
