1923 3093
57 178 131 209 1397

572 173 835 205 BIBLIOTHECA.
853 184 886 189 -
901 171 982 202 COD.
998 170 1146 201 CCXLIV.

1624 167 1693 199 1398

54 233 137 260 αὐτὸν
165 231 205 263 είς
223 231 271 257 τὸν
281 231 309 256 ὲν
326 228 438 260 ’Λλὸαις
461 228 602 264 κάρχαρον
632 226 696 263 [623
713 226 760 262 ll.]
783 225 852 261 μετὰ

922 226 1011 253 τίθιοτί
1022 246 1030 259 ,
1052 225 1168 260 conjecit
1183 232 1244 253 eutn
1261 224 1287 251 in
1303 230 1442 252 carcerem
1453 243 1461 256 ,
1478 223 1523 258 qui
1543 229 1586 251 est
1608 223 1692 251 Albae.

53 279 112 305 τῶν
127 277 239 304 τέκνων.
259 275 337 302 Ἐστι
351 275 380 301 δὲ
393 275 407 301 ό
423 274 563 310 κάρκαρος
581 274 690 309 όρυγμα
702 272 849 305 κατάγειον

54 323 137 359 βαθὺ,
149 322 178 349 τὺ
198 321 248 356 μὲν
265 319 380 355 μέγεοος
392 319 454 354 ἕχον
465 318 488 334 ¹⁸
505 319 578 345 οίκου
597 317 714 353 μάλιστά
733 326 790 348 πως
806 317 849 343 ὲν-

54 369 199 396 νεακλίνου
209 368 242 400 ’³,
280 367 376 394 σκότου
388 365 410 382 ’θ
425 365 453 392 δὲ
466 365 568 400 πλῆρες
580 363 600 380 ³¹
624 364 672 390 καὶ
702 363 731 389 δυ
737 362 850 396 σοσμίας

54 417 100 443 διὰ
116 416 146 442 τὸ
163 415 265 450 πλῆθος
288 414 343 440 τῶν
369 411 595 447 παραδεδομένων
621 410 659 440 είς
687 408 780 435 τοῦτον
806 407 850 434 τὸν

54 462 141 488 τόπον
157 460 272 495 ἀνδρῶν,
289 459 343 485 τῶν
362 459 408 485 ἐπὶ
426 458 580 488 θανατικυῖς
596 456 750 490 ἐγκλήμασι
766 462 852 480 κατα-

54 507 245 542 δικαζομένων
261 505 342 542 [1157
357 504 402 540 IL]
427 501 464 531 ὧν
477 505 505 531 ὲν
523 503 638 534 ἐκείνοις
667 503 724 533 τοῖς
745 500 852 536 χρόνοις

54 555 79 580 οἱ
104 553 217 585 πλείους
249 552 365 580 ἐνταῦθα
393 551 610 586 καθείργνυντο·
641 550 669 575 ἐν
696 548 768 575 οὕτω
798 547 853 584 γὰρ

57 599 191 634 στενωπῷ
211 598 464 633 συγκεκλεισμένων
488 596 594 623 πολλῶν
624 595 729 630 ἀνδρῶν
749 595 853 629 ἀπεθη-

57 645 152 679 ριοῦτο
163 645 197 671 τὰ
208 645 263 671 τῶν
279 644 386 679 ἀτυχῶν
403 643 528 678 σώματα,
544 642 599 669 τῶν
617 650 648 668 τε
662 641 731 676 πρὸς
750 640 854 675 τροφὴν

56 693 104 719 καὶ
139 692 189 726 τὴν
205 691 287 726 ἄλλην
311 691 401 717 πᾶσαν
425 689 517 724 χρείαν
532 687 689 722 ἀνηκόντων
705 687 813 713 πάντων
827 687 855 712 ὲν

56 737 153 771 ταύτῷ
170 735 352 771 πεφυρμένων
368 736 502 769 τοσαύτην
519 733 705 768 προσπίπτειν
722 731 855 758 δυσωδίαν

57 783 232 814 συνέὃαινεν,
259 782 329 809 ὥστε
357 781 459 816 μηδένα
488 779 543 806 τῶν
570 779 737 814 προσιόντων
759 778 857 813 ῥᾳδίως

57 830 194 856 δύνασθαι
224 828 407 863 καρτερῆσαι.
426 825 604 862 Ἐφ’ἡμέρας
639 824 687 861 μὲν
718 821 764 850 οὖν
788 823 858 849 ἑπτὰ

57 875 213 902 διετέλεσεν
244 874 362 901 ἐνταῦοα
377 872 608 908 κακουχούμενος,
630 870 700 897 ὥστε
715 870 762 896 καὶ
781 867 858 904 παρὰ

905 279 965 298 cum
980 272 1062 300 natis.
1079 271 1127 299 Est
1142 276 1230 298 autem
1249 278 1343 298 carcer
1358 270 1412 302 ille,
1429 275 1536 297 antrum
1554 268 1693 297 subterra-

904 325 985 344 neum
1003 317 1165 352 profundum
1177 336 1184 349 ,
1205 316 1390 354 magnitudine
1416 316 1544 347 maxime,
1562 320 1693 349 quantum

904 367 945 389 est
961 362 1130 389 ecenaculttm
1150 369 1244 389 novem
1265 359 1695 394 lectorum.Estquetenebraruttt

906 407 1011 442 plenum
1027 415 1059 435 ac
1080 408 1173 435 fetoris
1184 427 1191 440 ,
1213 413 1322 442 propter
1337 406 1538 434 mttltitudtttem
1555 405 1695 433 hominum

906 454 943 480 rei
959 453 1082 488 capitalis
1094 453 1293 485 damnatorum,
1306 453 1351 488 qni
1365 453 1391 480 in
1408 460 1469 480 eum
1482 452 1570 479 locum
1584 451 1696 478 tradun-

908 505 960 531 tur,
977 490 1226 534 quorttm'maxima
1242 506 1304 533 pars
1320 499 1373 526 illis
1389 498 1556 532 temporibus
1568 497 1611 524 hic
1624 497 1697 524 clau-

907 546 1031 573 debatur.
1051 545 1193 572 Conclusis
1215 545 1286 572 enim
1311 545 1337 572 in
1366 549 1418 571 tant
1438 548 1554 579 angusto
1577 544 1636 571 loco
1659 548 1698 570 tot

908 591 1074 625 hominibus,
1085 590 1264 618 eﬂ'erebantur
1278 590 1437 618 miscrorum
1450 597 1578 624 corpora,
1591 594 1618 616 et
1631 597 1698 616 con-

909 636 976 665 fusis
987 637 1057 664 inter
1072 644 1131 664 sese
1148 637 1285 667 omnibus,
1297 644 1357 671 qua:
1375 636 1415 662 vel
1431 636 1463 664 ad
1482 636 1597 667 victum.
1610 635 1653 663 vel
1665 635 1698 662 ad

910 682 977 710 alios
1004 690 1070 709 usus
1080 681 1214 717 pertinent
1227 681 1338 716 382a,
1354 686 1443 707 tantus
1460 680 1528 707 fetor
1538 681 1698 713 exsistebat,

910 733 939 754 ut
958 727 1048 754 nulltts
1071 728 1256 754 accedentium
1279 726 1359 754 facile
1377 727 1475 753 durare
1495 730 1596 761 posset.
1619 725 1701 760 lgitur

912 773 956 800 ille
970 780 1016 808 per
1029 772 1086 800 dies
1102 777 1204 805 septem
1226 771 1285 798 loco
1304 772 1355 798 hoc
1369 771 1506 798 miseriam
1525 771 1651 805 pertulit,
1672 775 1701 798 ut

911 819 993 846 etiam
1007 823 1135 845 extremae
1150 816 1314 844 conditionis
1330 818 1469 844 hominum
1481 821 1508 844 et
1529 821 1648 844 statuunt
1661 815 1702 843 ci-

912 864 976 891 bum
1002 863 1192 898 accipientium
1220 870 1270 897 ope
1299 862 1442 898 indigeret.
1470 862 1521 890 Hic
1548 863 1618 890 enim
1645 861 1704 896 ejus

58 922 114 948 τῶν
145 922 268 956 ἐσχάτων
291 920 338 946 καὶ
352 918 441 945 τακτὰ
452 905 483 934 ³ίή
502 905 669 952 σιτουμένων
696 914 858 951 ἐπικουρίας

918 910 996 936 vicem
1015 913 1125 943 propter
1141 908 1351 936 infortttniorum
1379 907 1591 942 magnitudinem
1609 905 1704 934 dolen-

58 967 212 1002 δεηθῆναι·
243 965 396 1000 συμπαθεῖς
420 964 474 999 γὰρ
499 960 572 990 οὗτοι
597 959 818 995 γινόμενοι³³διὰ
830 959 860 986 τὺ

61 1012 183 1048 μέγ-οος
211 1012 266 1038 τῶν
290 1009 514 1046 ἀκληρωμάτων,
543 1003 580 1034 ὧν
611 1005 860 1041 μεταλάμὸανονθδ,

61 1058 266 1094 φιλαιορώπως
293 1057 396 1084 τούτων
424 1055 521 1090 ἐκείνῳ
538 1052 709 1089 μετεδίδοσαν
729 1050 861 1085 δακρύον-

61 1114 120 1137 τες.
140 1105 275 1140 Ἐῥριπτο
284 1103 306 1120 ³⁵
319 1103 341 1129 δ’
349 1102 423 1137 αὐτῷ
438 1101 485 1128 καὶ
500 1101 575 1134 ξίφος
587 1099 656 1134 προς
668 1097 808 1133 ἀναίρεσιν
817 1096 863 1122 καὶ

62 1151 158 1182 κάλως
189 1149 256 1184 πρὸς
287 1148 417 1184 ἀγχόνην,
439 1146 565 1180 ἐξουσίας
588 1143 729 1178 διδομένης
746 1143 782 1174 ὡς
803 1141 863 1177 βού-

61 1197 140 1223 λοιτο
152 1195 175 1211 ³⁸
188 1194 354 1230 χρήσασθαι.
379 1193 448 1220 Ἀλλ’
462 1193 537 1219 οὐδὲν
552 1190 623 1217 οὕτω
638 1189 723 1224 γλυκὺ
740 1188 864 1222 φαίνεται

63 1244 121 1273 τοῖς
147 1240 315 1276 ἠτυχηκόσιν
334 1239 372 1270 ὡς
386 1238 417 1264 τδ
430 1237 491 1273 ζῇν,
517 1236 618 1270 καίπερ
648 1233 737 1261 αὐτῶν
748 1233 768 1248 ³⁷
801 1232 864 1264 ἄξια

65 1288 187 1315 θανάτου
219 1286 388 1321 πασχόντων.
416 1284 471 1311 Καὶ
489 1283 576 1318 πέρας
588 1283 617 1308 ὲν
631 1280 744 1311 ταύταις
760 1279 792 1306 ἂν
806 1279 865 1310 ταῖς

65 1334 205 1368 ἀνάγκαις
222 1331 390 1366 κατέστρεψε
411 1330 457 1356 τδν
474 1329 541 1364 βίον,
556 1323 580 1354 εί
598 1327 635 1362 μὴ
648 1327 761 1361 Μάρκος
786 1324 866 1359 Alpi-

64 1380 124 1410 λιος
145 1377 356 1413 προκαθήμενος
378 1375 425 1403 τοῦ
456 1374 660 1410 βουλευτηρίου,
689 1371 781 1407 τηρῶν
795 1371 825 1397 τό
835 1378 865 1395 τε

67 1424 135 1460 περὶ
156 1424 238 1450 αὐτὸν
261 1423 370 1457 ἀξίωμα
400 1421 448 1449 καὶ
466 1420 496 1447 τὸ
510 1420 559 1454 τῆς
575 1418 704 1454 πατρίδος
734 1416 866 1446 ἐπιεικὲς,

68 1469 210 1504 παρῄνεσε
225 1468 258 1502 τῇ
270 1466 414 1500 συγκλήτῳ
442 1463 621 1500 σχετλιάζων,
635 1463 659 1489 εί
683 1461 720 1497 μὴ
746 1461 791 1487 τὸν
819 1460 866 1486 ἀν-

68 1515 208 1551 θρώπινον
245 1513 327 1548 φόϐον
357 1511 546 1542 εὐλαϐοῦνται,
562 1509 613 1544 τήν
641 1517 673 1542 γε
697 1507 759 1539 τοὺς
783 1507 867 1541 ὑπερ-

69 1563 185 1597 ηφάνως
196 1562 257 1592 ταῖς
272 1558 407 1591 ἐξουσίαις
433 1556 593 1593 χρωμένους
607 1553 810 1590 μετερχομένην
825 1552 868 1579 νέ-

70 1616 151 1643 μεσιν
185 1605 329 1632 αἰδεῖσθαι.
360 1604 462 1638 Διόπερ
492 1603 532 1634 είς
549 1600 757 1635 ἐπιεικεστέραν
778 1598 869 1630 δοθεὶς

70 1653 208 1689 ψυλακὴν,
237 1651 284 1678 καὶ
298 1651 391 1681 κεναῖς
401 1649 424 1665 ³⁸
443 1648 535 1675 ἐλπίσι
561 1645 750 1682 προσανέχων,
772 1644 870 1680 ὁμοίαν

69 1702 128 1731 τοῖς
143 1707 286 1733 προητυχη
291 1697 382 1732 μένοις
394 1696 456 1731 ἔσχε
469 1695 515 1722 τοῦ
533 1695 589 1729 βίου
605 1694 654 1729 τὴν
667 1692 871 1728 καταστροφήν.

71 1746 152 1779 Διετῆ
173 1744 229 1779 γὰρ
246 1744 342 1779 χρόνον
359 1741 557 1777 φιλοψυχήσας,
574 1740 621 1766 καὶ
643 1738 801 1775 προσκόψας
815 1738 872 1768 τοῖς

71 1790 267 1827 φυλάττουσι³⁹
290 1789 455 1824 βαρϐάροις,
480 1787 656 1822 κωλυόμενος
684 1785 730 1812 ὑπ’
760 1784 873 1811 ἐκείνων

72 1840 158 1866 ὕπνου
179 1838 272 1872 τυχεῖν
282 1835 466 1870 ἐτελεύτησεν.

109 1885 174 1911 ’Ότι
197 1883 323 1917 λέγουσιν
331 1882 354 1897 ⁴⁰
371 1881 488 1912 ἑαυτοὺς
512 1879 537 1906 οἱ
549 1879 598 1914 τῆς
616 1876 816 1908 Καππαδοκίας
828 1875 875 1910 βα-

75 1931 160 1962 σιλεῖς
174 1930 214 1961 εἰς
231 1929 322 1963 Κῦρον
336 1927 482 1962 ἀναφέρειν
493 1926 524 1952 τὸ
537 1925 615 1960 γένος
632 1924 677 1951 τὴν
697 1925 726 1950 ὲν
744 1923 874 1958 Πέρσαις,

74 1973 336 2004 διαϐεϐαιοῦνταιδὲ
351 1972 398 1999 καὶ
423 1971 478 1997 τῶν
510 1970 580 1997 ἑπτὰ
611 1969 725 2004 Περσῶν
748 1968 802 1994 τῶν
829 1967 875 1993 τὸν

76 2022 165 2057 μάγον
196 2018 401 2053 ὲπανελομένων
421 2017 481 2048 ἑνὸς
506 2016 644 2051 ὑπάρχειν
659 2014 800 2048 ἀπόγονοι.
820 2011 876 2039 Καὶ

74 2066 125 2101 τὴν
149 2066 198 2100 μὲν
216 2065 271 2092 ὰπὸ
286 2064 378 2099 Κύρου
401 2062 563 2096 συγγένειαν
578 2060 650 2087 οὕτω
669 2057 875 2094 καταριθμοῦν-

73 2121 131 2140 ται.
145 2110 296 2145 Καμϐύσου
312 2109 358 2136 τοῦ
374 2109 465 2145 Κύρου
480 2108 584 2142 πατρὸς
607 2106 725 2140 ἀδελφὴν
752 2104 875 2139 ὑπάρξαι

75 2158 191 2193 γνησίαν
202 2157 222 2174 Η
240 2157 373 2183 ’Λτοσσαν
383 2155 417 2171 ι’·
446 2154 549 2189 ταύτης
567 2153 594 2179 δὲ
606 2153 653 2179 καὶ
663 2151 809 2186 Ψαράνκου
821 2149 868 2176 τοῦ

76 2202 278 2233 Καππαδοκίας
290 2201 423 2236 βασιλέως
440 2199 569 2234 γενέσθαι
585 2198 670 2225 παῖδα
699 2196 811 2226 Γάλλον.
828 2196 876 2223 καὶ

75 2249 174 2276 τούτου
196 2248 324 2282 γενέσθαι
351 2246 510 2282 Σμέρδινη,
539 2242 570 2272 οὗ
594 2244 746 2280 Ἀρτάμην’
777 2242 825 2268 τοῦ
847 2242 875 2268 δὲ

83 2297 218 2330 ’Λναφᾶν,
234 2294 263 2321 ὃν
276 2295 322 2321 καὶ
351 2293 501 2327 διενεγκεῖν
519 2292 569 2327 μὲν
591 2290 703 2326 ἀνδρεία
718 2289 764 2316 καὶ
777 2288 875 2324 τόλμῃ,

77 2342 208 2377 γενέσθαι
222 2341 244 2367 δ’
264 2341 312 2367 Eva
327 2340 382 2366 τῶν
407 2338 478 2366 ἑπτὰ
492 2338 614 2373 Περσῶν.
630 2336 686 2372 Τὴν
707 2336 756 2370 μὲν
774 2334 821 2361 οὖν
836 2334 876 2366 είς

78 2388 201 2424 κῦρονδδ
214 2387 376 2421 συγγένειαν
396 2385 468 2412 οὕτω
495 2382 689 2419 γενεαλογοῦσι
705 2381 753 2408 καὶ
769 2380 820 2416 τὴν
836 2380 876 2411 είς

84 2435 218 2469 ’Δναφςῖ-κ,
240 2433 270 2460 ὃν
289 2442 356 2468 φασι
376 2432 409 2459 δι’
428 2431 556 2466 ἀνδρείαν
586 2427 798 2464 συγχωρηοήναι
827 2426 877 2460 τὴν
894 2439 897 2443 ι

79 2479 286 2510 Καππαδοκίας
311 2478 475 2505 δυναστείαν
500 2477 570 2504 ὥστε
609 2475 646 2511 μὴ
667 2473 755 2500 τελεῖν
779 2471 879 2507 φόρους

81 2526 214 2560 Πέρσαις.
243 2521 281 2552 Οὗ
297 2524 512 2560 τελευτήσαντος
537 2521 681 2558 ὁμώνυμος
704 2520 761 2552 υἱὸς
788 2519 878 2554 ἄρχει.

914 959 964 986 tes,
981 961 1040 988 qua:
1052 954 1103 988 ipsi
1117 954 1299 986 accipiebant,
1316 954 1373 981 haec
1387 953 1410 980 ei
1424 953 1538 988 benigne
1551 953 1704 986 lacryman-

913 1005 952 1027 tes
970 999 1160 1033 impertiebant
1194 999 1278 1032 Igitur
1297 999 1321 1026 ei
1347 999 1451 1033 gladios
1468 999 1501 1026 ad
1529 998 1704 1030 occisionem,

912 1051 939 1073 et
964 1046 1043 1073 restis
1069 1045 1103 1073 ad
1127 1046 1371 1080 strangulationem
1399 1046 1535 1081 proiectus
1559 1049 1618 1075 est.
1642 1044 1704 1071 data

914 1091 1047 1118 utriusvis
1069 1091 1189 1126 optione.
1211 1091 1312 1118 Verum
1334 1090 1400 1117 nihil
1424 1095 1477 1117 tam
1501 1090 1579 1117 dulce
1599 1089 1706 1116 miseris

915 1137 1022 1164 videtur
1039 1144 1119 1171 quam
1135 1137 1236 1169 vivere,
1259 1137 1365 1164 etiamsi
1392 1141 1477 1164 morte
1495 1136 1602 1171 dignam
1623 1138 1706 1162 misc-

916 1183 983 1209 riam
1010 1183 1156 1217 patiantur.
1180 1183 1220 1210 Ac
1244 1183 1352 1210 tandem
1376 1183 1402 1210 in
1432 1183 1474 1211 his
1499 1181 1707 1210 necessitatibus

914 1228 999 1267 vitam
1016 1227 1160 1260 linit-isset,
1177 1228 1227 1255 nisi
1248 1228 1354 1256 Marcus
1372 1228 1500 1256 Emilius
1517 1229 1599 1256 curia:
1615 1228 1708 1263 praesis

916 1273 993 1306 deus,
1004 1278 1031 1300 et
1050 1281 1126 1300 suam
1143 1274 1304 1309 dignitatem
1319 1279 1346 1301 et
1362 1274 1458 1309 patriae
1471 1274 1625 1309 alquitatetn
1644 1273 1709 1300 reti-

918 1326 995 1350 nens,
1009 1324 1132 1346 senatum
1150 1326 1212 1346 cum
1234 1319 1307 1353 gravi
1328 1319 1538 1354 reprehensione
1553 1325 1709 1346 commone-

917 1364 1036 1398 fecisset,
1052 1370 1081 1391 ut
1098 1365 1119 1392 si
1137 1364 1257 1391 humano
1273 1369 1344 1392 metu
1361 1373 1414 1392 non
1435 1369 1593 1397 terreretur,
1609 1368 1637 1392 at
1650 1363 1707 1391 Ne-

918 1409 1012 1440 mesim
1028 1409 1153 1436 ultricem
1175 1414 1251 1437 certe
1271 1415 1442 1443 vererentur,
1466 1418 1526 1445 quae
1542 1411 1568 1437 in
1590 1417 1637 1438 eos
1649 1410 1712 1437 ani-

919 1457 1089 1484 madvertere
1108 1457 1188 1489 solet,
1210 1457 1255 1492 qui
1271 1457 1451 1492 potestatibus
1462 1457 1577 1492 superbe
1588 1462 1710 1485 utuntur.

919 1500 1012 1536 Itaque
1031 1501 1075 1528 ille
1095 1501 1120 1528 in
1139 1502 1275 1529 tttitiorem
1294 1502 1371 1529 datus
1386 1502 1556 1534 custodiam,
1575 1505 1604 1528 et
1629 1508 1713 1527 vanas

919 1555 982 1582 spes
997 1547 1108 1580 fovens,
1130 1546 1247 1574 similem
1269 1547 1457 1582 superioribus
1478 1546 1588 1574 casibus
1609 1546 1712 1573 exitum

881 1576 903 1608 Ο
922 1592 982 1618 vitae
1008 1592 1120 1619 sortitus
1139 1595 1191 1619 est.
1213 1591 1362 1626 Postquam
1387 1593 1459 1619 enim
1485 1591 1625 1619 bienniutn
1653 1591 1715 1618 vitae

921 1638 1035 1673 cupidus
1048 1638 1166 1671 duravit,
1180 1645 1242 1670 cum
1257 1638 1384 1666 custodes
1401 1638 1533 1666 barbaros
1544 1637 1713 1670 oﬂ‘endisset,

922 1684 1074 1720 prohibitus
1095 1690 1136 1712 est
1160 1685 1194 1713 ab
1213 1684 1267 1712 illis
1280 1692 1378 1713 somno
1390 1684 1453 1717 frui,
1477 1688 1560 1719 atque
1576 1684 1613 1711 ita
1629 1684 1713 1711 vitam

923 1730 1020 1758 ﬁnivit.

961 1873 1057 1899 Dicunt
1070 1880 1129 1900 sese
1142 1872 1251 1907 (inquit)
1275 1871 1453 1907 Cappadocia:
1478 1879 1556 1906 reges
1571 1872 1605 1900 ad
1616 1871 1715 1908 Cyrum

925 1918 1037 1946 Persam
1061 1918 1164 1945 referre
1186 1925 1272 1953 genus
1295 1925 1386 1951 suum,
1411 1918 1633 1953 contenduntque
1655 1926 1718 1952 pro-

925 1969 1020 1999 gnatos
1040 1971 1099 1991 esse
1120 1971 1149 1991 se
1170 1971 1224 1991 uno
1247 1968 1351 1998 septem
1369 1963 1527 1997 Persarum,
1549 1964 1596 1998 qui
1610 1971 1716 1999 magum

926 2010 1094 2042 Deciderunt,
1111 2015 1138 2036 et
1155 2010 1264 2037 dttctatn
1282 2010 1391 2045 quidem
1407 2017 1422 2036 a
1438 2010 1510 2045 Cyro
1527 2010 1717 2045 cognationem

927 2057 966 2083 sic
984 2060 1157 2082 enumerant.
1173 2055 1305 2090 Cambyse
1320 2054 1383 2090 Cyri
1399 2056 1486 2090 patris
1498 2063 1619 2082 sororem
1636 2055 1718 2082 fuisse

926 2109 1081 2137 germanam
1103 2101 1240 2130 Atossam.
1263 2100 1301 2127 Ex
1317 2101 1369 2129 hac
1380 2107 1407 2129 et
1421 2101 1562 2130 Pharnace
1576 2101 1717 2136 Cappado.

926 2150 975 2177 ciae
995 2157 1057 2185 rege
1083 2154 1177 2176 natutn
1201 2149 1286 2177 fuisse
1306 2148 1487 2186 Pedagamum
1502 2148 1570 2185 (6|),
1593 2153 1621 2175 et
1642 2147 1720 2181 hujus

928 2196 1011 2223 tilium
1031 2194 1116 2226 fuisse
1134 2195 1270 2223 Smerdim
1287 2203 1294 2223 :
1313 2196 1392 2231 cujus
1409 2203 1491 2230 porro
1507 2195 1679 2226 Artamnam,
1694 2200 1721 2221 et

891 2255 913 2282 ι)
930 2243 1010 2277 hujus
1034 2242 1182 2276 Anaphan,
1208 2242 1253 2276 qui
1270 2241 1429 2269 fortitudine
1451 2246 1479 2269 et
1503 2241 1616 2269 audacia
1630 2241 1722 2268 excelv

930 2290 1020 2321 luerit,
1035 2294 1062 2316 et.
1073 2296 1143 2316 untts
1155 2294 1259 2324 septem
1279 2289 1421 2316 Persarum
1437 2288 1529 2316 fuerit.
1544 2287 1627 2323 Igitur
1642 2296 1720 2316 suam

929 2336 962 2362 ad
982 2334 1082 2370 Cyrum
1102 2335 1289 2370 cognationem
1306 2335 1345 2362 sic
1367 2340 1544 2367 enumerant,
1562 2339 1590 2362 et
1601 2334 1633 2362 ad
1648 2334 1721 2361 Ana-

929 2381 1000 2416 pbau
1015 2401 1022 2413 ,
1038 2381 1079 2407 cui
1092 2381 1236 2416 perhibent
1247 2387 1356 2416 propter
1371 2382 1496 2408 virtutem
1509 2382 1548 2409 sic
1561 2387 1720 2408 concessum

931 2425 1014 2453 fuisse
1025 2426 1200 2461 Cappadocim
1211 2426 1405 2461 principatum,
1415 2431 1443 2453 ut
1454 2426 1545 2453 Persis
1556 2425 1656 2453 tributa
1669 2431 1721 2452 non

930 2472 1071 2506 penderet.
1093 2473 1130 2500 Eo
1153 2473 1206 2499 vita
1228 2472 1356 2500 defuncto
1377 2473 1519 2506 imperavit
1536 2472 1657 2507 ejusdem
1673 2479 1722 2498 no-

932 2518 1012 2546 Ininis
1026 2518 1108 2545 lilins.
1128 2518 1191 2545 Post
1203 2520 1280 2554 cujus
1293 2519 1396 2546 obitttm
1409 2519 1603 2552 superstitibus
1618 2518 1724 2545 duobus

703 2588 823 2616 VARI/1'}
840 2586 1043 2615 LECTIONES.

131 2654 155 2670 ²¹¹
172 2653 234 2688 ἕχον
250 2653 270 2679 Β
285 2657 312 2679 et
327 2660 398 2680 corr.
413 2653 445 2678 A.

84 2725 128 2751 Al!
144 2734 152 2751 -.
169 2724 315 2759 ἐρρίπτουν
335 2732 365 2755 ς.

85 2761 145 2790 ναῖς
160 2768 190 2791 ς.
241 2761 264 2774 ’ν
283 2761 450 2792 φυλάσσουσι
465 2761 496 2784 li.
543 2761 566 2771 ’ν
583 2761 708 2788 Λέγουσιν
722 2761 827 2793 (φησιν)
839 2761 870 2778 εα

87 2794 217 2821 Ἀττόσαν
232 2802 253 2825 ς
301 2793 324 2809 ⁸³
338 2793 458 2828 σμέρδην
474 2791 504 2818 Β.
543 2790 565 2806 ⁸⁵
579 2790 661 2825 κῦρον
678 2788 713 2814 A:
731 2788 823 2820 Κυρου
841 2793 870 2817 ς.

404 2723 426 2738 ³⁸
439 2722 476 2752 ὼς
492 2721 525 2748 ἂν
544 2720 665 2752 βούλοιτο
678 2727 708 2750 ς.

496 2652 518 2667 ’³
538 2648 708 2687 ἐννεακλίνομ
719 2653 797 2687 _corr.
812 2646 833 2672 A
845 2652 864 2687 έ-
872 2646 1055 2687 ὲννεακλιτίου
1072 2654 1103 2678 ς.
1139 2648 1173 2687 .f"
1187 2649 1270 2687 σκότια

82 2690 105 2716 Α
123 2699 129 2716 :
148 2679 255 2723 πλῆρης
272 2697 302 2720 ς.
333 2679 362 2703 ν³¹
374 2685 473 2721 τακτὰ]
486 2686 522 2712 τὰ
539 2685 608 2711 κατὰ
624 2684 656 2715 Α,
671 2683 705 2709 τὰ
718 2682 822 2716 ἐγκανα
844 2680 874 2707 Β.
913 2681 934 2696 ³³
950 2681 1099 2721 γινόμενοι.
1138 2680 1162 2695 ³⁸
1175 2679 1379 2715 μετελάμϐανον
1409 2679 1522 2718 add._A.

84 2725 128 2751 Al!
144 2734 152 2751 -.
169 2724 315 2752 ὲρξιίπτουν
335 2732 365 2752 ς.
404 2723 426 2738 ³⁸
439 2722 476 2752 ὼς
492 2721 525 2748 ἂν
544 2720 665 2752 βούλοιτο
678 2727 708 2750 ς.
747 2717 768 2732 ³⁷
784 2716 885 2752 καίπερ
895 2715 997 2752 αὑτων]
1010 2717 1057 2752 καὶ
1067 2716 1132 2752 παρέ
1146 2715 1239 2752 αὐτῶν
1251 2716 1283 2747 Α,
1297 2716 1345 2742 καὶ
1361 2714 1439 2752 παρὰ
1457 2722 1514 2752 των

241 2731 315 2749 ττουν
335 2732 365 2755 ς.
404 2723 426 2738 ³⁸
439 2722 476 2752 ὼς
492 2721 525 2748 ἂν
543 2720 665 2771 Pediano
678 2727 708 2750 ς.
747 2720 768 2732 ³⁷
784 2720 885 2750 καίπερ
895 2720 997 2752 αὑτων]
1010 2720 1057 2742 καὶ
1067 2720 1132 2750 παρ’
1146 2720 1235 2742 αὑτων
1251 2720 1283 2747 Α,
1297 2720 1345 2742 και
1361 2720 1439 2749 παρα

241 2758 264 2774 ³⁹
283 2759 450 2792 φυλάσσουσι
465 2757 496 2793 li.
582 2754 708 2793 λέγουσίν
722 2750 827 2793 (teriam)
839 2751 951 2782 ἑαυτοὺς
967 2759 998 2783 ς.
1038 2751 1060 2767 ⁸⁸
1076 2751 1197 2786 ὑπάρξαι
1211 2751 1266 2786 γὰρ
1285 2750 1400 2785 γνησίαν
1415 2758 1446 2781 ς.

1152 2648 1173 2661 ⁸ο
1187 2649 1299 2676 σκότους
1322 2645 1351 2671 Β.
1401 2644 1421 2660 ³¹
1452 2643 1556 2678 πλῆρες
1570 2643 1590 2667 Β
1605 2646 1632 2678 et
1648 2649 1721 2669 corr.

1575 2677 1598 2693 ³⁸
1611 2676 1660 2712 ἔῤῥ

1457 2713 1512 2740 τῶν
1533 2711 1563 2738 Β.
1613 2711 1649 2728 ³⁸⁷
1662 2711 1723 2738 καί·

1493 2749 1515 2764 ⁸³
1527 2748 1646 2775 ἄτοσσαν
1659 2745 1703 2773 AB
1714 2753 1722 2772 :

849 2841 962 2871 NOTAE.

126 2896 181 2931 (61)
202 2895 244 2923 Al.
257 2896 338 2923 παῖδα
348 2895 462 2929 Γάλλον,
482 2894 566 2929 ﬁlium
585 2891 700 2921 Gallum.
