1923 3093
235 149 303 183 1403

800 157 933 188 PHOTII
953 158 1207 192 PATRIARCH/E
1223 162 1276 193 ΟΡ.

1802 161 1873 193 1404

234 206 303 234 ﬁlius
320 206 413 235 decem
428 215 546 236 moriens
563 209 680 245 reliquit.
695 219 761 246 quos
775 212 905 241 Romanis
917 223 942 242 Ill
957 219 1022 242 tute-

1079 217 1130 251 μὲν
1149 218 1215 245 ὲϐίω
1231 218 1279 252 ἔτη
1294 218 1323 244 ἐν
1346 217 1469 253 δυνάμει,
1485 218 1583 250 παῖδας
1597 217 1664 246 δέκα
1682 218 1711 245 ὲν
1727 218 1766 253 τῷ
1779 218 1872 245 ἀπαλ-

231 249 284 278 iam
298 252 444 279 commisit.
462 253 525 280 Erat
539 259 564 281 et
584 255 705 289 corporis
722 256 850 285 ﬁrmitate
878 264 1018 293 praestans,

231 299 259 323 et
275 297 379 323 duritiei
393 304 424 324 ac
445 298 580 325 laboribus
597 306 611 325 a
634 300 747 334 pueritia
760 308 893 330 assuetus.
914 303 1019 330 Etenim

231 346 306 369 stans
331 342 356 369 in
372 343 491 377 vestigiis
507 348 591 371 totum
607 345 676 371 diem
695 347 820 374 manebat
833 348 969 381 immotus,
993 354 1021 376 et

231 386 327 414 sedens
339 395 390 414 non
408 388 534 422 surgebat
558 397 644 424 usque
660 392 693 418 ad
710 397 826 426 noctem,
852 398 908 421 toto
925 394 967 421 die
983 395 1022 420 la-

231 431 309 458 bores
325 432 468 464 meditans,
494 438 521 459 et
549 434 574 460 iu
607 443 677 469 equo
701 437 873 465 continenter
898 442 953 465 toto
981 440 1025 466 die

230 481 258 502 et
268 481 344 504 nocte
358 478 465 511 sedens,
478 483 504 505 et
515 480 729 514 cquilalionibus
749 489 827 510 utens
847 493 897 512 non
923 486 1023 514 defati-

230 521 356 555 gabatnr.
374 522 420 550 Est
435 524 494 558 ejus
507 525 668 555 valetudinis
684 529 836 565 vigoriSque
851 532 957 566 signum
971 533 1022 560 hoc

231 568 390 601 maximum,
411 570 481 603 quod
499 571 554 598 fere
570 571 625 605 jam
639 576 846 609 nonagenarius,
863 577 946 605 [ilium
976 579 1024 605 Ita-

231 612 307 638 bcret
334 614 546 649 quadrimulum,
568 617 688 652 corporis
712 620 808 647 robore
838 628 1022 656 prmstamettt.

1075 261 1221 289 λάττεσθαι
1245 262 1422 295 καταλιπὼν,
1442 259 1489 295 οὒς
1515 264 1562 290 καὶ
1586 264 1734 299 Ῥωμαίοις
1758 265 1873 300 ἐπιτρο-

1074 308 1206 336 πεύεσθαι
1232 308 1435 343 παρεκατέθετο
1448 309 1471 325 ⁸⁸
1493 309 1557 345 [626
1571 309 1629 346 Il],
1644 307 1677 345 ἦν
1692 311 1720 337 δὲ
1734 311 1783 338 καὶ
1801 312 1874 338 κατὰ

1073 354 1123 389 τὴν
1160 354 1207 381 τοῦ
1244 353 1370 388 σώματος
1401 355 1525 381 εὐτονίαν
1557 356 1694 391 διαφέρων
1728 357 1777 383 καὶ
1801 366 1873 392 καρ-

1074 398 1154 433 τερία
1174 399 1221 425 καὶ
1247 399 1342 429 πόνοις
1369 399 1486 434 συνήθης
1515 401 1547 426 ἐκ
1561 401 1670 432 παιδός·
1696 402 1726 433 ὅς
1745 410 1776 436 γε
1806 402 1874 433 στὰς

1074 444 1102 469 ἐν
1119 445 1174 474 τοῖς
1199 444 1301 478 ἴχνεσιν
1320 444 1385 479 ὅλην
1410 445 1458 480 τὴν
1488 446 1593 480 ἡμέραν
1619 447 1746 481 ἀκίνητος
1773 448 1870 481 ἔμενε,

1077 488 1260 524 καθεζόμενος
1278 489 1307 516 δὲ
1334 491 1384 516 οὐκ
1406 491 1533 526 ἠγείρετο
1552 492 1634 526 μέχρι
1655 492 1752 523 νυκτὸς
1767 494 1873 527 ἑνημε-

1077 534 1165 568 ρεύων
1185 535 1246 566 ταῖς
1270 534 1325 560 τῶν
1348 535 1438 561 πόνων
1455 536 1594 570 μελέταις,
1609 537 1655 562 ἐπὶ
1672 536 1699 562 δὲ
1717 537 1763 563 τὸν
1786 537 1873 563 ἵππον

1076 579 1222 606 ἐπιϐαίνων
1243 580 1264 595 ⁸³
1289 580 1411 615 συνεχῶς
1429 580 1537 616 ἡμέραν
1567 582 1615 608 καὶ
1645 582 1731 608 νύκτα
1745 583 1794 608 καὶ
1810 585 1873 614 ταῖς

1081 625 1224 655 ίππασίαις
1244 625 1384 659 χρώμενος
1398 626 1448 652 οὐκ
1463 625 1585 658 ἐξελύετο
1598 627 1630 654 ⁷⁵.
1649 627 1766 662 Σημεῖον
1781 627 1811 653 δὲ
1822 627 1874 661 τῆς

230 657 257 684 1η
270 664 395 693 agrorum
410 660 515 688 cultura
545 670 630 698 usque
646 664 714 692 adeo
728 666 864 700 excelluit,
880 669 1022 703 utsingnlit

1081 671 1146 706 περὶ
1160 657 1363 703 αιὸτὸνΠεὺεξίας
1376 657 1406 697 τε
1426 673 1473 698 καὶ
1485 657 1633 706 δυνάμεως
1647 657 1775 707 μέγιστον
1786 681 1794 688 ·
1812 673 1873 698 ὲνε-

231 703 294 729 (iliis
307 704 447 738 reliquerit.
460 714 553 741 agrum
568 708 662 735 decem
679 710 790 738 millium
803 712 928 747 jugerunt
943 715 1017 741 omni

231 749 409 778 instrumento
425 757 558 779 ornatum.
577 753 707 789 Regnavit
717 757 845 791 praeclare
858 767 942 787 annos
954 767 1030 787 seva-

230 795 316 829 ginta.

1081 715 1199 750 νὴκοντα
1216 716 1270 751 γὰρ
1287 716 1379 750 σχεδὸν
1401 716 1472 751 ἔχων
1496 717 1543 752 ἐτη
1565 717 1622 743 υἱὸν
1645 715 1702 752 εἶχε
1724 718 1873 752 τετραετῆ,

1081 761 1241 795 διαφέροντα
1255 763 1287 797 τῇ
1302 762 1348 788 τοῦ
1364 762 1490 796 σώματος
1511 763 1600 798 ῥώμῃ.
1623 763 1666 789 Ἐν
1682 763 1710 790 δὲ
1732 765 1795 795 ταῖς
1818 765 1877 791 τῶν

1081 806 1173 841 ἀγρῶν
1196 807 1367 842 ἐπιμελείαις
1392 808 1519 834 τοσοῦτον
1534 809 1685 843 διήνεγκεν,
1709 810 1748 841 ὡς
1762 810 1876 844 ἑκάστῳ

228 842 283 868 τῶν
305 843 370 869 υίῶν
387 844 528 870 ἀπολιπεῖν
543 846 627 881 ἀγρὸν
645 849 853 885 μυριόπλεθρον,
877 851 1085 887 κεκοσμημένον
1101 853 1202 884 πάσαις
1218 854 1279 884 ταῖς
1318 855 1514 885 κατασκευαῖς.
1547 855 1719 881 Ἐϐασίλευσε
1754 855 1778 882 δ’
1811 856 1875 881 ἐπι-

230 887 321 922 φανῶς
338 888 383 923 έτη
402 890 541 925 ἐξήκοντα.

266 931 424 961 Nicomedes
442 941 543 969 patrem
560 936 683 965 Prusiam
711 947 886 976 persequens,
900 944 932 970 ad
946 951 1021 971 aram
1040 945 1060 975 Β

229 977 304 1005 Jovis
336 979 536 1014 conlugientem
570 983 717 1018 interfecit,
743 992 771 1013 et
801 987 918 1016 nefanda
948 991 1021 1018 caule

230 1024 372 1058 imperium
399 1026 551 1062 invadens,
582 1029 716 1064 Bithyniae
757 1040 869 1068 regnum
907 1035 1020 1072 adeptus

229 1076 258 1096 es
262 1075 280 1097 ι.
336 1098 338 1101 ,

266 1116 386 1144 Lusitani
400 1119 487 1152 primo
501 1128 592 1154 paretn
604 1122 697 1150 ducem
717 1132 770 1152 non
786 1127 925 1160 habentes,
944 1128 1022 1156 facile

229 1162 438 1196 superabantur,
454 1165 550 1193 bellum
563 1176 624 1194 eum
635 1168 762 1198 Romanis
774 1179 909 1207 gerentes.
927 1173 1021 1202 Postea

230 1205 380 1236 Viriathum
408 1211 496 1244 adepti
530 1214 643 1240 multum
675 1205 804 1244 Routanis
838 1218 1020 1246 incommoda-

230 1258 303 1281 rttnt.
336 1255 400 1282 Erat
422 1256 446 1283 is
474 1265 504 1284 ea
529 1264 607 1293 gente
619 1260 719 1296 384a
751 1262 951 1298 Lusitanorum,
977 1267 1021 1300 qui

230 1299 366 1328 Oceanum
381 1303 513 1330 accolunt.
546 1304 642 1332 Pastor
667 1307 744 1334 fuita
762 1310 860 1336 teneris
889 1315 1022 1338 montana:

229 1345 291 1372 vita}
315 1351 449 1380 assuetus,
481 1349 624 1382 adjuvantc
648 1351 729 1378 etiam
765 1355 886 1388 corporis
914 1361 1020 1384 natura.

230 1390 296 1418 Nam
315 1398 340 1419 et
359 1393 456 1421 robore
473 1401 500 1422 et
513 1396 650 1424 celeritate
667 1398 884 1436 reliquarumque
904 1403 1021 1437 partium

229 1437 348 1470 agilitate
378 1438 511 1471 Hispanos
537 1441 616 1476 longe
650 1444 838 1479 antecellebat,
871 1455 932 1474 cum
960 1449 1021 1475 cibo

229 1483 338 1517 exiguo,
354 1488 380 1511 et
394 1484 488 1512 multis
514 1488 756 1516 exercitationibus
784 1491 820 1517 uti
837 1492 1021 1520 consuefecis-

229 1533 279 1560 set,
296 1534 321 1556 et
337 1537 432 1558 somno
455 1532 585 1561 duntaxat
598 1540 725 1569 quantum
751 1540 823 1564 esset
848 1545 969 1566 necesse.
994 1539 1021 1566 In

229 1581 332 1600 summa
348 1574 449 1603 {ct-rum
464 1579 633 1607 continenter
648 1588 768 1615 gestans,
788 1587 815 1610 et
840 1591 901 1611 cum
927 1584 1023 1613 belluis

1110 942 1172 968 Ὂτι
1202 942 1363 978 Νικομήδης
1393 942 1532 978 Προυσίαν
1558 942 1603 969 τὸν
1632 943 1731 970 ἑαυτοῦ
1764 946 1874 980 πατέρα

1077 989 1321 1023 καταπολεμήσας,
1345 988 1393 1014 καὶ
1421 989 1612 1022 καταφυγόντα
1637 990 1677 1020 είς
1692 990 1722 1016 τὺ
1743 990 1793 1016 τοῦ
1811 990 1874 1022 Διὸς

1077 1033 1148 1066 ἱερὸν
1168 1032 1282 1064 ἀνελὼν,
1300 1032 1440 1068 παρέλαϐε
1456 1033 1505 1067 τὴν
1518 1032 1658 1068 βασιλείαν
1673 1033 1721 1069 τῆς
1732 1034 1873 1067 Βιθυνίας,

1076 1078 1249 1113 ἀσεϐεστάτῳ
1263 1079 1336 1114 φόνῳ
1348 1079 1521 1114 κτησάμενος
1533 1079 1583 1114 τὴν
1596 1079 1696 1114 ἀρχὴν.

1112 1125 1173 1151 Ὂτι
1191 1125 1348 1157 Λυσιτανοὶ,
1365 1126 1444 1160 φησι,
1458 1125 1488 1151 τὸ
1505 1125 1553 1159 μὲν
1571 1125 1679 1161 πρῶτον
1698 1126 1749 1152 οὐκ
1762 1126 1874 1161 ἔχοντες

1075 1169 1223 1204 ἀξιόχρεων
1233 1170 1355 1205 ἡγεμόνα
1367 1170 1498 1196 εὐάλωτοι
1511 1170 1532 1185 ⁷¹
1547 1170 1709 1198 καθίσταντο
1721 1171 1873 1206 Ῥωμαίοις

1075 1215 1269 1250 πολεμοῦντες,
1290 1215 1402 1251 ὕστερον
1419 1216 1447 1242 δὲ
1465 1215 1608 1252 ’Υριάτθου
1631 1217 1804 1252 κυρήσαντες
1823 1227 1873 1253 με-

1075 1263 1146 1297 γάλα
1167 1263 1319 1298 Ῥωμαίους
1350 1262 1546 1298 ἕϐλαψαν.⁷Ην
1572 1263 1621 1298 μὲν
1646 1263 1693 1291 οὖν
1722 1262 1802 1296 οὗτος
1815 1266 1873 1292 τῶν

1076 1309 1150 1345 παρὰ
1165 1309 1210 1335 τὸν
1224 1309 1344 1336 ὠκεανὸν
1355 1309 1501 1336 οἰκούντων
1519 1309 1688 1342 Λυσιτανῶν,
1710 1311 1870 1346 ποιμαίνων

1075 1355 1107 1381 ὲκ
1124 1354 1219 1387 παιδὸς
1230 1376 1237 1387 ,
1250 1355 1330 1390 ὀρείῳ
1343 1355 1393 1390 βίῳ
1407 1355 1550 1393 [κατέστη]
1562 1357 1584 1372 ⁷¹
1595 1356 1726 1392 συνήθης,
1739 1358 1874 1392 συνεργὸν

1076 1401 1145 1436 ἔχων
1158 1401 1180 1416 ⁷⁸
1196 1401 1243 1427 καὶ
1269 1402 1318 1436 τὴν
1334 1401 1382 1428 τοῦ
1404 1400 1531 1437 σώματος
1546 1402 1641 1437 φύσιν·
1656 1403 1703 1429 καὶ
1719 1402 1776 1437 γὰρ
1791 1404 1874 1438 ῥώμῃ

1076 1447 1122 1472 καὶ
1140 1447 1217 1481 τάχει
1234 1448 1281 1474 καὶ
1295 1449 1327 1482 τῇ
1343 1448 1398 1475 τῶν
1415 1448 1517 1475 λοιπῶν
1531 1448 1623 1484 μερῶν
1636 1449 1783 1484 εὐκινησία
1802 1449 1874 1475 πολὺ

1076 1492 1203 1527 διήνεγκε
1228 1493 1281 1520 τῶν
1303 1493 1425 1529 Ἰϐήρων.
1445 1494 1591 1525 Συνεθισας
1612 1494 1636 1512 ⁷⁸
1656 1494 1685 1521 δὲ
1707 1495 1730 1510 ⁷⁸
1750 1495 1832 1521 αὐτὸν
1849 1497 1876 1511 τε

1075 1541 1164 1575 τροφῇ
1183 1540 1232 1574 μὲν
1245 1540 1325 1576 ὀλίγῃ
1340 1541 1499 1575 γυμνασίοις
1514 1540 1542 1567 δὲ
1555 1541 1663 1573 πολλοῖς
1679 1542 1810 1578 χρῆσθαι,
1823 1543 1876 1569 καὶ

1077 1584 1155 1620 ὕπνῳ
1179 1586 1202 1602 ⁷⁷
1222 1586 1302 1621 μέχρι
1328 1586 1409 1620 μόνου
1430 1586 1478 1613 τοῦ
1503 1587 1673 1621 ἀναγκαίου,
1703 1588 1819 1615 καθόλου
1846 1589 1877 1616 δὲ

228 1623 256 1645 et
273 1619 422 1648 latronibus
449 1630 545 1650 manus
562 1625 717 1658 conferens.
734 1628 813 1663 vulgo
827 1629 945 1657 celebris
958 1637 1022 1657 eva-

1079 1619 1402 1665 σιδηροφορῶνησυνεχῶς
1421 1631 1469 1657 καὶ
1490 1619 1596 1665 θηρίοις
1621 1632 1669 1659 καὶ
1692 1633 1807 1668 λῃσταῖς
1830 1634 1876 1665 εἰς

228 1665 275 1697 sit,
292 1671 319 1692 et
333 1666 430 1694 abillis
447 1668 498 1696 dux
513 1670 626 1704 electus,
652 1672 725 1700 brevi
759 1674 896 1702 latronum
927 1681 1020 1703 cater-

229 1717 288 1736 vant
309 1718 339 1738 se
354 1712 454 1739 circum
471 1719 654 1751 congregavit.
670 1720 757 1754 Atque
789 1720 814 1747 in
832 1720 910 1748 bellis
936 1723 1021 1757 proii‘

229 1756 315 1789 ciens,
331 1766 382 1784 non
406 1759 492 1792 solum
518 1762 690 1790 admirationi
718 1764 764 1792 l'nit
796 1772 908 1802 propter
940 1769 1023 1796 robur

231 1803 364 1837 corporis.
377 1813 469 1832 verum
485 1807 567 1834 etiam
583 1809 635 1835 dux
649 1811 783 1838 excellens
798 1812 872 1840 visus
886 1817 939 1841 est.
957 1814 1023 1841 Erat

230 1851 320 1873 autem
349 1849 373 1875 in
399 1849 581 1884 dispertienda
615 1855 704 1887 praeda
730 1856 831 1890 justus,
856 1864 882 1884 et
910 1866 957 1886 eos
976 1860 1022 1893 qui

229 1892 337 1927 egregie
352 1900 546 1928 pugnaverant,
575 1904 624 1932 pro
653 1898 783 1933 dignitate
808 1894 886 1929 donis
905 1892 1022 1930 extolle-

230 1934 273 1962 bat
290 1936 409 1973 (66-67).
432 1938 551 1968 Tandem
575 1949 635 1969 cum
648 1942 704 1977 jam
734 1953 786 1972 non
812 1945 944 1973 latronem
975 1948 1022 1976 sed

231 1981 379 2016 principem
391 1991 450 2011 sese
458 1986 636 2021 exhibuisset,
646 1988 743 2016 bellum
754 1992 835 2026 gessit
847 2000 907 2020 cum
922 1993 1022 2020 Ruina-

231 2026 283 2059 uis,
299 2029 448 2064 multisque
460 2032 563 2066 prtuliis
579 2035 704 2068 superior
716 2038 812 2070 evasit,
824 2039 891 2066 adeo
901 2045 929 2066 ut
939 2040 1020 2067 etiam

231 2072 326 2100 ducent
361 2074 544 2104 Romanorum
567 2077 700 2107 Vitellium
724 2089 785 2109 cum
815 2084 873 2117 ipso
899 2086 1020 2112 exercitu

230 2118 420 2153 proﬂigaVerit,
436 2122 626 2158 captivumque
643 2127 756 2160 ceperit,
780 2132 808 2155 et
827 2129 916 2163 gladio
938 2138 1022 2158 neca-

230 2165 310 2196 verit.
326 2170 353 2193 et
372 2165 423 2193 alia
442 2168 524 2195 multa
542 2169 567 2196 in
583 2169 654 2198 bello
672 2171 785 2201 feliciter
798 2175 923 2209 gesserit,
938 2177 1022 2205 donec

230 2209 329 2239 Fabius
344 2212 405 2239 belli
420 2214 548 2242 adversus
572 2217 645 2244 illum
669 2219 722 2246 dux
741 2227 847 2248 creatus
873 2228 923 2250 est.
955 2223 1021 2251 lude

232 2263 285 2283 non
303 2258 382 2292 paulo
399 2258 511 2288 inferior
524 2269 585 2290 esse
599 2265 692 2298 coepit.
719 2265 819 2294 Deinde
850 2273 966 2301 creatus,
992 2274 1019 2296 et

231 2301 313 2330 Fabio
328 2306 453 2338 superior
464 2307 563 2340 l‘actus.
579 2318 641 2336 eum
659 2311 684 2337 iu
699 2317 777 2346 pacta
796 2314 959 2342 descendere
973 2316 1014 2342 in-

231 2347 311 2383 digna
340 2349 469 2379 Ronnauis
484 2354 580 2388 coegit.
599 2354 695 2383 Verum
721 2357 812 2393 Scipio
828 2360 958 2388 adversus
978 2360 1023 2388 Vi-

233 2393 350 2422 riathum
365 2396 417 2423 dux
433 2398 522 2426 electu
531 2407 556 2432 s,
571 2408 631 2435 qua:
650 2407 709 2430 acta
722 2403 785 2431 fecit
801 2405 886 2438 irrita,
903 2412 929 2433 et
942 2414 1023 2442 supe-

235 2444 324 2467 ratum
339 2449 410 2477 saepe
428 2442 589 2479 \‘iriatlntm,
603 2448 636 2474 ad
651 2452 798 2478 extremam
812 2451 907 2478 deinde
921 2452 1023 2479 cladem

205 2480 210 2484 ’
232 2487 410 2520 compulsum,
427 2489 494 2516 adeo
507 2495 534 2517 ut
549 2499 640 2526 pacem
658 2499 804 2528 spectaret,
828 2504 875 2530 per
894 2498 1024 2526 domesti-

232 2538 279 2558 eos
295 2532 357 2559 dolo
382 2534 527 2568 interfecit,
563 2543 590 2565 et
617 2539 675 2573 ejus
704 2540 810 2574 imperii
837 2549 1021 2570 successorem

233 2577 394 2607 Tuutantntn
422 2582 534 2617 eiusque
545 2585 635 2613 socios
650 2587 773 2614 Derculit.
794 2593 821 2615 et
835 2594 864 2615 ut
881 2597 932 2622 pa).
948 2590 1023 2616 arbi-

1074 1674 1184 1708 ἀγῶνας
1213 1674 1422 1709 καθιστάμενος,
1445 1675 1606 1712 περιϐόητος
1625 1677 1734 1710 ἐγένετο
1747 1677 1772 1693 ⁷³
1793 1677 1876 1711 παρὰ

1075 1721 1132 1751 τοῖς
1150 1720 1277 1756 πλήθεσι,
1302 1721 1348 1747 καὶ
1370 1720 1481 1755 ἡγεμὼν
1506 1721 1597 1752 αὐτοῖς
1615 1721 1713 1757 ᾑρέθη,
1733 1722 1780 1748 καὶ
1801 1723 1875 1758 ταχὺ

1078 1765 1206 1800 σύστημα
1218 1765 1283 1800 περὶ
1295 1766 1389 1792 ἑαυτὸν
1401 1766 1508 1802 λῃστῶν
1520 1766 1641 1802 ἠθροισε.
1658 1766 1740 1803 [1164
1758 1767 1805 1804 Η.]
1817 1769 1876 1795 Καὶ

1074 1813 1238 1848 προκόπτων
1252 1812 1281 1838 έν
1297 1813 1353 1843 τοῖς
1374 1811 1504 1846 πολέμοις
1514 1812 1544 1838 οὐ
1563 1813 1643 1847 μόνον
1667 1813 1873 1850 ἐθαυμαστώθη

1073 1858 1108 1885 δι’
1124 1857 1220 1893 ἀλκὴν,
1236 1857 1305 1884 ἀλλὰ
1323 1858 1370 1884 καὶ
1398 1857 1561 1892 στρατηγεῖν
1578 1857 1650 1890 ἔδοξε
1674 1858 1874 1893 διαφερόντως.

1075 1902 1130 1932 Ἷῐν
1150 1904 1178 1931 δὲ
1192 1905 1239 1931 καὶ
1253 1904 1357 1935 δίκαιος
1370 1903 1400 1930 έν
1424 1905 1483 1934 ταῖς
1501 1904 1643 1938 διανομαῖς
1658 1903 1713 1930 τῶν
1727 1904 1874 1940 λαφύρων,

1075 1949 1122 1975 καὶ
1141 1949 1200 1976 κατ’
1225 1949 1306 1982 ἀξίαν
1331 1948 1394 1980 τοὺς
1423 1949 1684 1984 ἀνδραγαθήσαντας
1703 1948 1785 1984 ἐξῆρε
1815 1951 1875 1982 τοῖς

1073 1994 1180 2029 δώροις.
1206 1994 1312 2030 Προϊὼν
1343 1994 1371 2020 δὲ
1415 1994 1506 2020 οὐκέτι
1552 1994 1652 2030 λῃστὴν
1683 1995 1753 2021 ἀλλὰ
1788 1995 1874 2022 δυνά,

1075 2049 1142 2076 σῖην
1163 2039 1244 2067 αὑτὸν
1270 2040 1292 2055 ”¹⁹
1335 2039 1477 2072 ἀναδείξας
1512 2038 1665 2075 ἐπολέμησε
1702 2039 1872 2075 Ῥωμαίοις,

1075 2086 1124 2113 καὶ
1151 2086 1262 2116 πολλαῖς
1281 2084 1417 2119 ἐκράτησε
1448 2084 1561 2119 μάχαις,
1580 2084 1618 2116 ὡς
1643 2085 1691 2111 καὶ
1717 2085 1872 2120 στρατηγὺν

1080 2131 1225 2167 Ῥωμαίων
1237 2131 1391 2158 Οὐϊτέλλιον
1402 2131 1424 2147 ⁸ο
1437 2131 1512 2166 αὐτῷ
1524 2131 1749 2166 καταπολεμῆσαι
1761 2131 1872 2166 στρατῷ

1076 2179 1124 2205 καὶ
1142 2178 1315 2213 αἰχμάλωτον
1328 2177 1421 2204 λαϐεῖν
1438 2177 1486 2204 καὶ
1501 2177 1572 2211 ξίφει
1587 2177 1703 2207 ἀνελεῖν.
1719 2178 1769 2204 καὶ
1786 2178 1872 2204 πολλὰ

1073 2224 1156 2258 ἕτερα
1170 2223 1340 2258 εὐημερῆσαι
1361 2223 1432 2249 κατὰ
1454 2223 1585 2258 πόλεμον,
1600 2223 1652 2255 ἕως
1675 2223 1776 2254 Φάϐιος
1790 2232 1871 2258 στρα-

1074 2270 1159 2304 τηγδς
1170 2268 1218 2295 τοῦ
1234 2269 1301 2304 πρὸς
1314 2269 1395 2295 αὑτὸν
1409 2269 1529 2303 πολέμου
1545 2270 1762 2304 κεχειροτόνητο.
1781 2269 1869 2296 Ἐκεῖ-

1078 2313 1123 2340 θεν
1135 2314 1156 2340 δ¹
1172 2314 1351 2340 ἐλαττοῦσθαι
1364 2314 1464 2349 ἤρξατο
1474 2314 1518 2340 ἐπ’
1534 2315 1584 2340 οὐκ
1598 2314 1699 2348 ὀλίγον.
1719 2312 1787 2341 Εἶτα
1804 2315 1869 2341 ἀνα-

1075 2359 1166 2386 λαϐὼν
1183 2359 1229 2386 καὶ
1244 2359 1481 2395 κατευδοκιμὴσας
1497 2361 1596 2386 Φαϐίου
1613 2361 1653 2390 εις
1666 2361 1807 2395 συνθήκας
1820 2361 1869 2387 αὖ·

1077 2406 1123 2432 τὸν
1137 2405 1225 2432 ὲλθείν
1237 2405 1364 2438 ἀναξίους
1384 2405 1526 2440 Ῥωμαίων
1538 2406 1704 2440 ἠνάγκασεν.
1726 2406 1799 2432 Ἀλλ’
1812 2407 1826 2432 ὃ
1839 2415 1868 2439 γε

1077 2450 1208 2486 Σκηπίων
1229 2451 1392 2485 στρατηγεῖν
1407 2450 1468 2476 καθ’
1485 2450 1629 2486 ’Υριάτθου
1644 2451 1666 2466 ⁸¹
1685 2451 1810 2486 αἱρεθεὶς
1823 2452 1868 2482 τὰς

1077 2505 1106 2523 τε
1122 2496 1259 2530 συνθήκας
1272 2495 1412 2530 ἠκύρωσε,
1428 2496 1475 2522 καὶ
1490 2496 1619 2527 πολλάκις
1636 2497 1782 2532 ’Υρίατθον
1794 2497 1868 2523 ἐλατ-

1077 2542 1180 2574 τώσας,
1201 2539 1261 2567 εἶτα
1281 2542 1321 2573 εἰς
1345 2542 1457 2577 ἔσχατον
1470 2543 1556 2578 ἥττης
1572 2543 1722 2574 συνελάσας
1737 2542 1810 2569 ὥστε
1824 2543 1868 2569 καὶ

1078 2587 1146 2623 πρὸς
1172 2586 1287 2618 σπονδὰς
1313 2587 1389 2622 ὀρᾷν,
1406 2587 1450 2614 διὰ
1472 2588 1526 2615 τῶν
1544 2588 1652 2616 οἰκείων
1678 2588 1865 2623 ἐδολοφόνησε.

873 2633 990 2661 VARl/E
1007 2630 1208 2661 LEC'I'IONES.

274 2666 295 2683 "
307 2672 511 2703 παρακατέθετο
524 2683 554 2706 ς,
593 2675 615 2691 ⁸³
632 2675 677 2702 τὸν
690 2677 771 2704 ἵππον
785 2679 931 2706 ἐπιϐαίνων
946 2680 964 2705 Β
979 2685 1005 2707 et
1018 2687 1089 2706 corr.
1107 2677 1126 2703 A
1140 2686 1146 2704 :
1164 2676 1217 2702 τῶν
1242 2675 1336 2711 ἵππων
1359 2676 1497 2711 ἐπιμένων
1511 2686 1541 2709 ς.
1579 2677 1603 2693 ⁷ο
1620 2677 1730 2710 ὲξελυτο
1742 2685 1815 2704 corr.
1830 2679 1861 2705 Α,

233 2703 257 2718 '“
273 2703 453 2745 εὐαλωτονις.
477 2703 642 2745 ’τ’-κατέστη
654 2719 709 2738 οιιι.
727 2711 757 2740 Β.

233 2745 288 2798 3m.
302 2739 334 2764 A.
372 2740 395 2756 ⁷⁸
409 2741 505 2768 ἑαυτὸν
517 2743 546 2770 Β.
584 2745 606 2760 ⁷⁷
616 2739 701 2772 ὕπνου
715 2747 746 2774 Α,

256 2780 303 2798 oou
320 2781 350 2798 ς.

256 2780 303 2807 ρου
320 2781 350 2804 ς’.

271 2854 375 2892 (66-67)
389 2856 477 2885 Cicer.
490 2858 536 2885 lib.
550 2866 557 2885 l
572 2859 608 2887 De
619 2861 717 2895 o/ﬁcit’s.

803 2714 826 2729 ’1³
839 2713 907 2748 ἔχων
922 2722 977 2741 om,
994 2723 1034 2748 υτ,
1052 2715 1086 2741 Α,
1164 2710 1319 2753 συνειθίσας
1333 2710 1502 2753 Rhegion;
1514 2712 1535 2738 Δ
1553 2721 1560 2739 :
1577 2711 1712 2753 συνεξθισε
1729 2712 1823 2753 gn"

798 2749 819 2764 7'
834 2749 942 2783 ἐγένετο
958 2750 1021 2777 add.
1035 2750 1068 2775 A.

962 2812 1074 2842 ΝΟΤᾸΞ.

1123 2746 1145 2763 ⁷⁸
1163 2746 1260 2772 ἑαυτὸν
1288 2745 1318 2773 Β.
1371 2746 1393 2762 ⁸ο
1411 2745 1548 2774 Οὗῖτέλιον
1563 2755 1594 2779 ς.
1642 2747 1665 2763 ⁶¹
1680 2750 1739 2773 κατ’
1765 2747 1864 2783 οὐριά-
