1923 3093
50 169 122 202 1405

591 172 854 204 BIBIJOTHECA.
866 185 899 190 —
919 173 1001 204 COD.
1015 174 1159 207 CCXLIV.

1613 178 1681 212 1406

49 227 106 253 Καὶ
123 228 170 255 τὸν
189 228 383 266 διαδεξάμενον
403 230 485 258 αὐτοῦ
509 231 558 266 τὴν
581 231 749 266 στρατηγίαν
776 229 828 256 Γαύ

883 258 884 261 η
897 230 949 257 trio
963 238 1011 258 suo
1031 232 1119 264 ﬁeret,
1136 232 1237 268 ell'ecit,
1252 239 1335 270 atque
1350 235 1403 265 illis
1425 244 1522 273 agrum
1535 241 1563 265 et
1587 238 1680 265 urbem

43 281 136 308 τάμον
159 275 286 306 καὶτοὺς
311 277 370 311 μετ’
389 276 473 304 αὐτοῦ
503 277 761 311 καταπληξάμενος,
793 276 841 302 καὶ

895 275 969 303 dedit
984 278 1017 304 ad
1033 278 1220 307 habitandum.

43 320 167 352 σπονδὰς
183 319 245 351 [627
261 321 308 357 ιι]
338 321 398 352 οῑας
433 320 560 348 ἐϐούλετο
594 321 688 348 θέσθαι
716 320 1016 356 παρασκευασάμενος,
1045 323 1127 351 ἔδωκε
1153 324 1246 361 χώραν
1288 326 1336 353 καὶ
1365 327 1444 355 πόλιν
1477 329 1518 361 είς
1551 329 1684 366 κατοίκη-

44 372 90 390 σιν
103 364 140 392 ⁸³.

356 412 404 439 Ἐκ
418 413 472 440 τοῦ
485 412 541 440 16’.

82 455 148 482 Ὅτι
161 456 231 490 μετὰ
244 456 293 491 τὴν
302 457 497 492 Καρχηδονίων
511 457 658 484 κατάλυσιν
675 459 721 485 ἐπὶ
737 458 757 490 ξ’
768 458 841 485 ἔτεσι

40 501 100 527 τῶν
115 502 236 528 Σικελῶν
252 503 420 537 εύροούντων
433 503 456 519 ⁸³
469 505 497 529 ἐν
520 505 613 537 πᾶσιν,
627 505 640 530 ὁ
656 504 778 535 δουλικὸς
792 505 842 531 αὺ-

39 548 102 580 τοῖς
115 549 256 583 ἐπανέστη
269 549 388 584 πόλεμος
398 550 427 582 es,
442 550 530 581 αίτίας
541 550 679 583 τοιαύτης.
697 551 758 576 Ἐπὶ
771 550 838 577 πολὺ

40 595 102 625 τοῖς
117 594 187 628 βίοις
199 594 401 629 ἀναδραμόντες
417 596 464 622 καὶ
478 596 611 630 μεγάλους
624 596 840 630 περιποιησάμεν

40 648 86 666 νοι
97 640 233 672 πλούτους
243 640 425 676 συνηγόραζον
438 642 552 668 οἰκετῶν
569 641 681 676 πλῆθος·
692 639 731 673 οἷς
741 643 772 668 ὲκ
785 642 839 668 τῶν

41 687 296 722 σωματοτροφείων
319 687 450 722 ἀγεληδὸν
469 687 633 722 ἁπαχΟεῖσιν
655 687 736 719 εὐθὺς
754 697 840 723 χαρα-

39 733 137 766 κτῆρα
146 732 296 759 ἐπέϐαλλον
305 733 353 758 καὶ
370 733 487 767 στιγμὰς
495 735 552 765 τοῖς
564 733 696 768 σώμασιν.
706 734 840 769 Ἐχρῶντο

38 776 68 803 δὲ
79 777 173 804 αὐτῶν
186 779 243 808 τοῖς
256 777 305 812 μὲν
322 778 392 809 νέοις
405 778 528 812 νομεῦσι,
539 780 593 810 τοῖς
605 779 626 805 δ’
638 779 738 810 ἄλλοις,
749 779 784 810 ii;
800 788 837 814 πῃ

39 822 153 858 ἑκάστῳ
167 824 184 857 ἡ
204 823 283 859 χρεία
302 823 447 850 ἐπέϐαλλε.
464 824 573 858 Βαρέως
581 825 603 850 δ’
618 825 709 856 αὐτοῖς
726 825 796 852 κατά
808 833 838 851 τε

1088 412 1131 441 Eat
1146 414 1214 441 libro
1236 415 1366 444 tricesimo
1380 423 1485 448 quarto.

927 456 995 484 Cum
1011 462 1071 492 post
1089 459 1191 486 deletos
1210 460 1449 496 Carthaginienses,
1468 463 1620 491 Siculorum
1636 472 1680 493 res

890 502 970 530 annis
984 504 1124 539 sexaginta
1139 505 1165 532 in
1182 506 1375 535 florentissima
1387 508 1493 536 fortuna
1512 512 1680 544 permansis-

891 553 962 580 sent,
981 551 1089 577 tandem
1105 552 1205 579 servile
1230 553 1327 580 bellum
1342 556 1411 589 apud
1423 562 1470 582 eos
1489 556 1539 583 hac
1553 557 1586 583 de
1599 564 1679 584 causa

890 599 1014 622 exortum
1032 601 1083 623 est.
1103 596 1172 624 Vitae
1191 598 1428 627 commoditatibus
1442 608 1605 636 magnopere
1628 610 1678 629 au-

891 642 938 674 cti,
959 649 991 669 ac
1008 643 1116 671 divitias
1131 643 1254 678 ingentes
1273 645 1374 680 adepti,
1391 654 1516 681 magnam
1537 655 1677 675 servorum

891 687 1090 715 multitudinem
1119 695 1209 716 emere
1233 690 1304 717 soliti
1329 695 1406 718 erant
1424 699 1432 718 :
1449 699 1565 726 quorum
1596 693 1678 721 veluti

891 740 986 767 greges
1002 734 1144 767 quosdam,
1160 735 1324 769 simulatque
1336 743 1352 763 e
1368 737 1435 764 locis
1459 737 1486 763 in
1504 738 1603 772 quibus
1627 747 1677 766 nu-

893 777 1043 804 triebantur
1056 779 1216 812 eduxeram,
1233 779 1315 808 certis
1336 780 1396 808 illos
1422 780 1494 809 notis
1514 789 1679 818 compunge-

892 822 957 849 bant
976 832 981 849 :
998 827 1084 851 eteos
1097 825 1206 859 quidem
1223 826 1269 860 qui
1295 826 1417 859 juniores
1436 833 1528 860 erant,
1553 833 1677 862 pastores

38 867 92 898 τὰς
110 867 265 902 ὑπηρεσίας
291 867 429 902 ἐχρῶντο,
449 868 496 894 καὶ
514 868 673 902 ἐπιμελείας
698 867 829 894 παντελῶς

890 869 1089 897 constituebant
1107 879 1114 897 :
1135 865 1248 898 aliorum
1269 877 1359 898 autent
1374 880 1456 907 opera
1472 875 1506 900 ad
1521 874 1572 901 alia
1596 876 1677 903 mini-

37 913 138 948 ὀλίγης
148 913 251 948 ἠξίουν,
260 914 309 940 ὅσα
319 922 349 940 τε
358 913 538 949 ἐντρέφεσθαι
549 915 595 940 καὶ
604 914 654 940 ὅσα
666 914 836 941 ἐνδύσασθαι.

43 960 94 993 Ἐξ
109 957 149 986 ὧν
167 960 192 985 oi.
211 960 320 990 πλείους
334 960 388 986 ἀπὸ
413 960 541 996 λῃστείας
554 960 584 986 τὸ
605 960 654 995 ζῇν
668 960 836 995 ἐπορίζοντο,

37 1008 91 1033 καὶ
106 1006 195 1041 μεστὰ
205 1005 228 1021 ⁸⁸
240 1007 328 1040 φόνων
348 1004 383 1042 ἦν
413 1006 533 1038 ἅπαντα,
551 1006 677 1041 καθάπερ
704 1015 836 1042 στρατευ-

40 1051 141 1086 μάτων
155 1051 365 1086 διεσπαρμένων
380 1051 434 1077 τῶν
451 1050 567 1087 λῃστῶν.
589 1052 620 1078 Οἱ
642 1052 669 1078 δὲ
687 1053 838 1087 στρατηγοὶ

38 1096 160 1123 κωλύειν
175 1097 224 1131 μὲν
248 1096 419 1132 ἐπεχείρουν,
436 1097 560 1129 κολάζειν
578 1097 606 1123 δὲ
626 1097 657 1123 οὐ
681 1097 836 1131 τολμῶντες

37 1142 85 1169 διὰ
101 1141 152 1176 τὴν
172 1142 248 1176 ἰσχὺν
261 1143 308 1168 καὶ
329 1142 359 1172 τὸ
378 1142 459 1177 βάρος
477 1142 531 1169 τῶν
551 1143 664 1177 κυρίων,
682 1143 707 1169 οἳ
724 1143 836 1169 ἐδεσπο-

38 1188 88 1220 ζον
107 1187 163 1214 τῶν
176 1188 200 1203 ⁸³
214 1188 332 1223 λῃστῶν,
347 1188 535 1223 ἠναγκάζοντο
556 1190 687 1225 περιορᾷν
704 1189 835 1225 λῃστευο-

40 1234 130 1269 μένην
143 1233 193 1268 τὴν
209 1233 346 1269 ἐπαρχίαν
359 1242 366 1250 ·
385 1234 410 1260 οι
424 1234 547 1261 πλεῖστοι
562 1235 616 1270 γὰρ
630 1235 684 1262 τῶν
694 1234 835 1270 κτητόρων

39 1281 137 1313 ἱππεῖς
149 1281 227 1312 ὄντες
237 1281 291 1307 τῶν
307 1280 463 1315 Ῥωμαίων,
475 1280 524 1307 καὶ
540 1281 634 1316 κριταὶ
648 1282 704 1312 τοῖς
715 1281 769 1307 ἀπὸ
780 1280 834 1307 τῶν

37 1326 184 1362 ἐπαρχιῶν
202 1326 452 1361 κατηγορουμένοις
469 1327 633 1361 στρατηγοῖς
646 1327 669 1342 ⁸⁸
684 1326 833 1361 γινόμενοι,

38 1373 154 1409 φοὸεροὶ
169 1374 224 1404 τοῖς
238 1372 369 1408 ἄρχουσιν
382 1373 514 1415 ὑπῆρχον.
525 1371 684 1407 Πιεζόμενοι
695 1372 723 1398 δὲ
737 1373 761 1398 οι
775 1372 835 1399 δοῦ-

38 1420 81 1446 λοι
93 1421 155 1452 ταῖς
172 1419 384 1454 ταλαιπωρίαις,
395 1419 443 1445 καὶ
459 1418 577 1454 πληγαῖς
590 1418 623 1445 τὰ
636 1418 722 1445 πολλὰ
741 1427 833 1454 παρα-

38 1465 128 1500 λόγως
142 1465 166 1481 ⁸⁷
179 1465 365 1501 ὑϐριζόμενοι,
381 1465 430 1499 οὐχ
452 1465 599 1500 ὑπέμενον.
623 1465 762 1496 Συνιόντες
787 1463 833 1491 οὖν

38 1512 169 1547 ἀλλήλοις
189 1512 260 1538 κατὰ
274 1511 323 1542 τὰς
336 1510 481 1545 εὐκαιρίας
498 1509 661 1536 συνελάλουν
679 1511 742 1545 περὶ
765 1510 833 1538 ἀπο-

887 915 971 942 stet'ia
987 921 1068 949 prout
1084 917 1216 952 cujusque
1243 925 1308 945 usus
1328 919 1492 953 postulabat,
1520 921 1674 950 utebantur.

888 960 986 987 Verum
1004 967 1182 997 praeterquam
1201 964 1273 998 quod
1300 972 1364 999 erga
1383 972 1430 992 eos
1447 973 1558 999 asperos
1575 975 1607 994 ac
1631 968 1677 994 ri—

887 1002 964 1036 gidos
978 1002 1004 1029 in
1026 1003 1193 1038 imperandis
1215 1005 1375 1033 ministeriis
1390 1006 1563 1041 exhibebant,
1575 1008 1675 1045 θεων

887 1048 968 1074 etiam
981 1055 1074 1075 eorum
1102 1049 1188 1077 victus
1204 1057 1236 1077 ac
1265 1051 1378 1078 vestitus
1406 1059 1451 1078 vix
1479 1052 1561 1080 ullam
1579 1062 1675 1088 gerere

886 1101 979 1120 curatn
995 1094 1186 1129 dignabantur.
1216 1095 1290 1123 Unde
1314 1095 1405 1129 ﬁebat,
1425 1102 1454 1125 ut
1482 1105 1578 1126 eorum
1601 1100 1672 1128 bona

885 1146 948 1173 pars
961 1140 1043 1166 vitam
1067 1145 1144 1176 rapto
1165 1145 1341 1174 sustentaret,
1368 1143 1513 1178 omniaque
1541 1145 1673 1180 sanguine

884 1185 1069 1212 redundarent
1082 1194 1088 1212 :
1110 1190 1200 1220 utpote
1212 1186 1396 1220 praedonibus,
1411 1193 1538 1222 tanquam
1554 1190 1669 1217 militum

883 1229 1059 1262 exercitibus,
1080 1230 1158 1265 longe
1172 1231 1280 1267 lateque
1294 1234 1492 1268 grassantibus.
1513 1234 1672 1264 Provincia-

883 1281 943 1301 rum
961 1280 1048 1302 autem
1067 1276 1186 1310 prmfecti
1210 1279 1353 1312 prohibere
1366 1280 1474 1314 quidem
1492 1284 1670 1314 conabantur,

884 1321 931 1347 sed
945 1328 1006 1348 cum
1029 1322 1189 1356 supplicium
1203 1323 1236 1350 de
1260 1324 1293 1351 iis
1321 1332 1429 1352 sumere
1457 1334 1512 1354 non
1542 1327 1672 1357 auderent

883 1371 993 1400 propter
1009 1375 1132 1402 magnam
1150 1369 1319 1398 dominorum
1349 1372 1497 1405 potentiam
1523 1377 1605 1408 atque
1619 1382 1670 1402 auo

882 1413 1048 1445 claritatem,
1062 1422 1138 1442 suam
1153 1416 1268 1451 quisque
1277 1417 1445 1451 provinciam
1455 1419 1547 1447 sinere
1562 1420 1672 1454 impune

883 1457 962 1492 diripi
981 1460 1138 1493 cogebatur.
1154 1459 1221 1487 Nam
1233 1468 1294 1488 cum
1307 1461 1426 1496 plerique
1436 1469 1452 1489 ο
1464 1463 1581 1492 dominis
1595 1465 1672 1500 equi-

884 1507 923 1529 tes
939 1501 1053 1530 Bomani
1070 1509 1172 1537 essettt,
1186 1510 1213 1532 et
1220 1505 1326 1539 iudices
1342 1507 1571 1536 constituerentur
1587 1516 1670 1537 accu-

39 1558 177 1590 στάσεως,
192 1557 245 1589 ἕως
258 1558 297 1588 είς
316 1556 396 1592 ἔργον
412 1557 462 1590 τὴν
484 1556 581 1590 βουλὴν
604 1556 718 1591 ἤγαγον.
734 1553 788 1582 Ἦν
802 1555 829 1582 δέ

884 1548 1018 1576 sationum
1036 1557 1095 1584 qua:
1112 1551 1242 1579 adversus
1261 1552 1403 1586 przel‘ectos
1417 1561 1432 1581 e
1444 1555 1592 1588 provinciis
1605 1556 1672 1585 all'e-

38 1612 82 1634 τις
97 1603 209 1638 οἰκέτης
240 1602 325 1638 Σύρος
351 1602 522 1636 Ἀντιγένους
546 1602 668 1629 Ἐνναίου
684 1602 714 1628 τὸ
741 1602 831 1636 γένος,

39 1650 72 1676 ἑκ
85 1648 138 1683 τῆς
152 1647 318 1684 ’Δπαμείας,
335 1648 478 1683 ἄνθρωπος
493 1647 580 1682 μάγος
594 1647 641 1673 καὶ
651 1655 678 1673 τε
684 1647 833 1682 ρατουργὸς

38 1694 84 1721 τὸν
100 1694 216 1728 τρόπον.
234 1690 320 1725 Οὗτος
332 1693 354 1709 ⁸⁸
371 1693 564 1728 προσεποιεῖτο
581 1692 650 1719 θεῶν
663 1693 832 1727 ἐπιτάγμασι

39 1737 102 1765 καθ’
120 1737 205 1764 ὕπνον
220 1738 364 1773 προλέγειν
377 1738 412 1764 τὰ
432 1737 573 1772 μέλλοντα,
589 1737 637 1763 καὶ
658 1736 772 1768 πολλοὺς
788 1737 832 1764 διὰ

38 1784 88 1820 τὴν
99 1785 141 1815 εἰς
151 1784 231 1810 τοῦτο
243 1784 275 1811 τὸ
289 1784 372 1819 μέρος
381 1783 404 1799 ³⁰
416 1784 530 1818 εὐφυῖαν
543 1782 676 1818 ἐξηπάτα.
691 1783 832 1810 Ἐντεῦθεν

39 1830 144 1866 προῖὼν
160 1831 190 1856 οὐ
208 1830 287 1865 μόνον
311 1830 340 1863 ἐξ
356 1829 469 1864 ὀνείρων
491 1828 654 1863 ἐμαντεύετο
674 1828 756 1865 [MSS
771 1828 830 1865 IL],

39 1875 108 1902 ἀλλὰ
128 1876 176 1902 καὶ
204 1875 393 1911 ἐγρηγορότως
413 1874 491 1906 θεοὺς
511 1874 576 1909 ὁρᾷν
600 1874 764 1910 ὑπεκρίνετο
784 1875 831 1901 καὶ

38 1924 67 1956 ἐξ
87 1923 179 1950 αὐτῶν
191 1923 301 1949 ἀκούειν
315 1921 349 1948 τὰ
363 1920 506 1956 μέλλοντα.
524 1920 633 1947 Πολλῶν
650 1920 672 1947 δ’
687 1920 732 1947 ὑπ’
747 1920 830 1947 αὑτοῦ

38 1968 269 2004 σχεδιαζομένων,
285 1967 339 1993 ἀπὸ
362 1966 448 2002 τύχης
472 1966 529 1993 ἔνια
547 1967 615 2002 πρὸς
641 1966 769 2002 ἀλήθειαν
785 1966 830 1999 ἐξ·

38 2016 150 2043 έσαινε’
178 2014 227 2040 καὶ
253 2014 307 2040 τῶν
331 2014 381 2048 μὲν
410 2013 447 2049 μὴ
473 2013 623 2049 γινομένων
647 2014 693 2040 ὑπ’
722 2014 829 2044 οὐδενὸς

37 2060 240 2095 ἐλεγχομένων,
257 2059 312 2086 τῶν
339 2059 368 2086 δὲ
393 2058 614 2094 συντελουμένων
641 2059 830 2094 ἐπισημασίας

36 2106 239 2141 τυγχανόντων,
256 2104 398 2139 προκοπὴν
414 2104 569 2139 ἐλάμϐανεν
589 2105 605 2138 ἠ
621 2105 685 2140 περὶ
710 2104 791 2131 αὑτὸν
805 2105 829 2120 '°

37 2152 112 2184 δόξα.
131 2150 295 2178 Τελευταῐον
309 2150 354 2177 διά
370 2158 442 2181 τινος
461 2151 585 2185 μηχανῆς
601 2149 656 2185 πῦρ
673 2151 741 2185 μετά
757 2159 829 2182 τινος

36 2197 236 2232 ἐνθουσιασμοῦ
253 2196 299 2223 καὶ
312 2196 399 2231 φλόγα
412 2196 457 2222 διὰ
467 2196 514 2223 τοῦ
530 2196 663 2231 στόματος
680 2197 765 2232 ἠφίει,
780 2197 827 2223 καὶ
842 2215 864 2242 D

37 2244 108 2271 οὕτω
123 2244 159 2270 τὰ
182 2243 313 2278 μέλλοντα
328 2242 524 2277 άπεφοίὸαζεν.
547 2244 594 2275 Εἰς
613 2245 666 2279 γὰρ
690 2244 790 2278 κάρυον
802 2244 824 2260 ³⁸

37 2292 53 2326 ἡ
67 2299 94 2317 τι
105 2290 214 2317 τοιοῦτο
225 2290 391 2326 τετρημένον
404 2289 434 2322 ἐξ
448 2289 580 2324 ἑκατέρου
597 2289 698 2325 μέρους
713 2288 826 2316 ἐνετίθει

37 2337 85 2363 καὶ
98 2337 150 2371 τὴν
165 2336 288 2371 συνέχειν
302 2336 367 2362 αὐτὸ
379 2335 531 2371 δυναμένην
544 2335 609 2370 ὕλην
618 2344 625 2350 ·
641 2333 700 2362 εἶτα
713 2335 827 2367 ἐντιθεὶς

36 2382 75 2416 τῷ
87 2382 205 2416 στόματι
218 2382 266 2408 καὶ
279 2382 441 2417 προσπνέων
454 2382 520 2408 ποτὲ
534 2381 583 2416 μὲν
596 2381 746 2416 σπινθῆρας
760 2381 826 2407 ποτὲ

34 2429 62 2455 δὲ
78 2429 168 2463 φλόγα
183 2429 304 2462 ὲξέκαεν.
325 2424 410 2459 Οὗτος
426 2427 480 2463 πρὸ
493 2428 541 2463 τῆς
557 2427 734 2459 ἀποστάσεως
748 2427 824 2461 ἔλεγε

35 2474 83 2510 τὴν
98 2474 201 2509 Συρίαν
213 2474 272 2500 Θεὸν
286 2474 502 2508 ἑπιφαινομένην
521 2473 595 2508 αὐτῷ
609 2473 699 2506 λέγειν
713 2473 753 2499 ὅτι
774 2472 823 2507 βα-

37 2520 157 2546 σιλεύσει
168 2527 176 2534 ⁸
190 2520 238 2546 κα).
252 2519 332 2546 τοῦτο
346 2521 376 2546 οὺ
391 2519 458 2553 πρὸς
477 2519 573 2548 ἄλλους
591 2519 670 2553 μόνον
687 2518 755 2545 ἀλλὰ
776 2518 823 2545 καὶ

36 2567 103 2600 πρὸς
116 2565 198 2592 αὑτὸν
214 2566 261 2592 τὸν
274 2565 370 2600 κύριον
383 2565 464 2591 αὐτοῦ
482 2564 594 2591 διετέλει
614 2564 710 2598 λέγων.
734 2564 779 2595 Εἰς
794 2564 823 2591 δὲ

35 2611 145 2646 γέλωτα
166 2611 337 2646 τρεπομένου
351 2611 398 2636 τοῦ
415 2610 587 2645 πράγματος,
604 2609 618 2635 ὁ
639 2610 687 2644 μὲν
698 2609 719 2625 θ’
735 2609 823 2635 Ἀντι-

36 2660 116 2694 γένης
138 2657 390 2692 ψυχαγωγούμενος
413 2657 460 2683 ἐπὶ
489 2658 521 2692 τῇ
545 2655 673 2691 τερατείᾳ
685 2655 748 2691 [628
776 2654 821 2691 IL]

883 1594 1024 1626 rebantur,
1049 1595 1216 1623 formidolosi
1243 1596 1308 1631 ipsis
1333 1597 1467 1632 praefectis
1493 1605 1582 1627 erant.
1609 1600 1672 1628 Jatn

882 1647 946 1667 vero
966 1648 1027 1668 cum
1047 1642 1177 1669 aerumnis
1192 1649 1380 1677 premerentur
1393 1645 1478 1678 servi,
1494 1651 1521 1672 et
1535 1649 1595 1674 cuin
1609 1648 1671 1676 aliis

883 1684 970 1713 modis
985 1686 1101 1720 pessime
1115 1686 1312 1721 acciperentur,
1331 1693 1386 1714 tum
1413 1696 1478 1717 vero
1496 1690 1582 1725 plagis
1607 1693 1672 1720 sub-

883 1730 944 1757 inde
960 1736 1059 1765 przeter
1075 1732 1207 1759 rationem
1222 1737 1249 1760 et
1276 1733 1405 1767 injuriuse
1428 1736 1670 1770 coutundcrentur,

882 1776 1038 1810 patientiam
1059 1777 1221 1812 abrumpere
1235 1785 1386 1813 coeperunt.
1415 1780 1510 1815 Itaque
1541 1787 1670 1817 opportu-

882 1830 946 1848 num
984 1827 1090 1857 tempus
1118 1824 1202 1856 nacti,
1230 1825 1257 1851 in
1287 1832 1370 1852 ttnunt
1401 1827 1603 1860 convenientes,
1637 1829 1672 1856 de

881 1867 1033 1894 delectione
1056 1875 1196 1896 sermones
1222 1869 1293 1896 inter
1334 1877 1363 1897 se
1388 1871 1512 1897 conferre
1536 1871 1669 1906 solebant,

880 1915 966 1941 donec
979 1907 1085 1941 tandem
1099 1915 1181 1941 verba
1198 1916 1231 1941 a-l
1247 1923 1304 1942 rem
1320 1917 1505 1944 contulerunt.
1521 1917 1585 1945 Erat
1596 1919 1669 1946 enim

880 1968 975 1988 servus
990 1961 1098 1995 quidam
1126 1960 1211 1996 Syrus
1236 1962 1302 1989 urbe
1330 1963 1449 1997 Apamea
1471 1969 1550 1991 natus
1576 1964 1672 1999 (cujus

881 2006 1004 2033 dominus
1020 2006 1166 2041 Antigenes
1181 2007 1337 2041 vocabatur,
1351 2013 1464 2043 eratque
1482 2009 1557 2036 Enna
1571 2011 1668 2046 ortus)

881 2051 922 2078 vir
937 2052 1051 2086 tnagicis
1063 2052 1293 2080 incantationibus
1308 2058 1335 2081 et
1356 2054 1539 2083 circulatoriis
1562 2057 1668 2092 captio-

880 2099 958 2126 nibus
968 2105 1001 2126 ac
1018 2100 1160 2134 praestigiis
1172 2100 1289 2128 deditus.
1311 2100 1380 2128 Hinc
1396 2109 1425 2129 se
1450 2101 1540 2130 futura
1570 2104 1668 2137 praedi-

879 2151 941 2171 cere
958 2144 1086 2171 instinetu
1103 2144 1248 2180 alllatuque
1264 2146 1355 2173 divino
1377 2147 1427 2182 ipsi
1446 2148 1472 2174 in
1500 2150 1603 2176 somnis
1618 2157 1667 2184 ap-

879 2191 1028 2226 parentium
1043 2191 1188 2219 simulabat
1203 2199 1210 2219 :
1228 2192 1373 2228 multisque
1387 2201 1434 2228 per
1446 2201 1506 2221 eam
1531 2202 1584 2230 qua
1604 2200 1666 2223 ute-

878 2238 957 2263 batur
975 2237 1026 2264 bac
1041 2237 1066 2263 in
1083 2242 1159 2271 parte
1171 2237 1309 2265 solertiam
1337 2239 1370 2266 ad
1394 2239 1582 2268 dexteritatem
1614 2241 1666 2268 im-

875 2283 1001 2317 ponebat.
1010 2283 1051 2310 Ab
1060 2283 1102 2310 ltis
1114 2288 1203 2310 autem
1213 2284 1367 2318 primordiis
1379 2285 1481 2320 longius
1493 2294 1664 2323 progressus,

875 2335 928 2354 non
946 2327 1032 2354 solum
1047 2335 1080 2354 ex
1095 2328 1260 2355 somniorum
1272 2328 1339 2356 visis
1354 2329 1443 2356 futura
1459 2332 1662 2365 pronuntiabat,

875 2374 921 2401 sed
938 2378 964 2401 et
976 2374 1038 2408 vigil
1054 2381 1167 2401 cernere
1183 2381 1212 2400 se
1228 2375 1304 2406 deos,
1320 2379 1348 2401 et
1365 2382 1396 2402 et
1426 2374 1460 2403 iis
1490 2383 1533 2403 res
1557 2376 1663 2406 l‘uturas

876 2420 970 2447 audire
985 2419 1112 2455 tingebat.
1141 2420 1207 2447 Cum
1223 2425 1311 2447 autem
1341 2420 1367 2448 in
1386 2421 1475 2449 multis
1493 2424 1663 2451 vaticinatio-

877 2466 956 2494 nibus
968 2466 1081 2492 mendax
1108 2467 1312 2500 comperiretur,
1342 2466 1450 2494 interim
1485 2473 1573 2496 tanten
1598 2478 1661 2497 casu

875 2517 990 2540 eventus
1019 2513 1194 2546 quarumdam
1226 2520 1314 2540 rerum
1340 2520 1405 2540 vere
1439 2513 1661 2548 praedictionibus

876 2559 933 2592 ejus
950 2559 1152 2593 responderent,
1168 2563 1195 2585 et
1222 2558 1289 2586 l'alsa
1307 2559 1414 2594 quidem
1446 2560 1505 2595 ejus
1533 2561 1662 2589 vaticinia
1687 2581 1690 2584 .

876 2613 956 2633 nemo
975 2609 1144 2639 coargueret,
1162 2612 1225 2632 vera
1249 2609 1339 2632 autem
1359 2613 1420 2633 cum
1442 2608 1570 2641 applausu
1598 2608 1660 2635 dili-

875 2656 970 2686 genter
987 2655 1155 2683 notarentur,
1181 2650 1319 2677 hominum
1347 2652 1438 2686 opinio
1453 2652 1486 2680 de
1511 2660 1544 2680 eo
1560 2654 1586 2680 in
1604 2655 1661 2682 dies

669 2744 787 2772 VARI/li
807 2743 1007 2772 LECTIONES.

69 2805 92 2821 "
108 2804 260 2831 κατοίκισιν
270 2803 300 2830 Β.

350 2803 373 2820 ⁸³
386 2803 571 2840 εὐρροούντων
588 2805 617 2832 Β.
656 2804 679 2821 ⁸⁸
692 2804 777 2840 μεστὰ
822 2812 828 2831 :
851 2804 922 2840 μετὰ⁷
931 2813 961 2835 ς.

1006 2804 1029 2820 ⁸⁵
1041 2804 1094 2830 τῶν
1114 2803 1174 2830 add.
1186 2803 1218 2831 Α.
1256 2803 1279 2820 ⁸⁸
1293 2804 1456 2838 στρατηγοῖς
1474 2803 1494 2830 Β
1513 2812 1520 2830 :
1542 2813 1660 2838 στρατη-

37 2843 78 2874 γοὶ
93 2849 123 2872 ς.
162 2840 184 2855 ⁵⁷
197 2839 359 2874 παραλόγως
372 2840 394 2866 Α
407 2837 504 2874 {rupi
519 2839 636 2874 λόγους.
673 2837 697 2856 εδ
707 2838 784 2872 οὗτος
796 2839 816 2866 Β
836 2837 943 2871 ξαὺτὺς
958 2847 988 2871 ς.
1026 2838 1048 2855 ⁸³
1063 2838 1144 2874 μέρος
1159 2839 1180 2865 Δ
1191 2846 1198 2865 :
1208 2837 1286 2873 γένος
1299 2837 1334 2872 ς⁷
1363 2837 1487 2866 ’θαύτῶν
1506 2840 1539 2867 Δ,
1577 2837 1598 2856 δ’
1609 2841 1659 2868 κάν-

40 2875 111 2912 ρυῡν]
126 2873 244 2910 κάρανον
253 2875 283 2902 Β.
322 2875 344 2891 ⁹¹
367 2875 415 2910 μὲν
429 2877 466 2902 A:
489 2875 537 2910 μὲν
551 2873 597 2902 οὖν
613 2884 644 2907 ς.
