1923 3093
221 113 286 147 1411

808 113 937 144 ΡΗΟΤΙΙ
950 110 1202 143 PATBIARCHZE
1222 110 1275 141 ΟΡ,

1771 102 1854 134 1412

220 170 336 198 militum
363 169 518 204 propiorum
545 167 667 204 quinque
693 168 775 196 millia
803 169 918 197 habens.
948 167 1005 195 Hoc

1068 167 1159 202 ιμέραι
1185 165 1208 192 δ’
1229 165 1312 199 ἐγγὺς
1340 161 1410 199 ἦσαν
1432 161 1486 188 ἀπὸ
1504 161 1553 196 τῆς
1569 159 1747 191 ἀποστάσεως
1760 159 1854 193 τριά-

220 219 311 242 autem
327 213 379 240 fuit
401 213 511 248 triginta
537 213 592 240 fere
618 223 632 240 a
651 212 803 240 defectione
824 214 929 241 diebus.
946 212 1004 240 Non

222 259 306 288 multo
320 263 378 294 post
392 258 538 286 commissa
555 266 641 293 pugna
654 265 713 284 cum
731 257 893 293 imperatore
909 258 940 285 L.
952 257 1007 293 Hy-

223 312 315 340 posmo
343 304 426 331 Roma
453 304 579 332 veniente
599 311 659 330 cum
675 309 736 330 octo
758 304 875 331 millibus
901 304 1006 331 Siculo-

224 359 282 378 rum
302 351 428 382 militum,
453 350 566 376 victoria
590 350 665 384 potiti
693 354 766 382 sunt,
784 355 877 384 utpote
899 350 944 384 qui
969 350 1008 377 vi-

224 396 289 431 ginti
307 396 389 422 millia
418 401 519 423 essent.
541 396 694 430 Aliquando
715 400 778 430 post
805 401 893 423 autem
912 404 1007 424 eorum

224 449 355 468 numerus
376 448 462 476 usque
483 441 516 468 ad
538 447 645 468 centum
663 441 745 469 millia
767 442 863 469 crevit.
887 442 1009 476 Cumque

225 485 354 511 adversus
374 484 511 512 Romanos
537 485 629 518 praelia
653 485 768 512 subinde
785 491 921 520 gererent,
938 493 1010 521 saepe

225 537 259 557 ex
286 530 319 556 iis
337 529 448 564 gloriam
471 532 655 564 reportabant,
681 538 744 558 raro
761 536 851 558 autem
868 531 944 559 clade
962 539 1009 557 ac-

226 579 302 608 cepta
322 575 456 602 redibant.
471 575 554 610 Cujus
574 576 611 602 rei
633 583 693 602 cum
710 576 858 610 dissipatus
873 581 948 604 esset
964 584 1009 602 ru-

227 628 296 652 mor,
317 620 371 654 jam
398 621 469 647 servi
492 626 600 648 centum
625 622 820 656 quinquaginta
845 621 936 648 Romae
949 629 1012 649 con-

228 666 376 699 spiratione
399 666 470 693 inter
490 674 519 693 se
544 666 614 693 facta
640 667 672 693 ad
707 667 886 694 defectionem
908 658 1010 694 incensi

227 717 316 743 erant,
343 712 369 739 in
396 712 486 740 Attica
511 718 600 740 autem
625 713 767 748 plusquam
798 713 889 743 mille;
918 713 1010 740 itidem

230 765 292 785 vero
307 758 373 791 Deli,
390 758 534 793 multisque
558 759 618 786 aliis
634 760 659 786 in
679 759 755 786 locis.
777 759 831 786 Sed
850 766 1012 793 unoquoque

229 804 255 831 in
269 804 327 831 loco
341 804 358 831 ii
373 812 488 839 quorutn
504 812 576 832 cura:
598 805 703 840 negotia
725 805 828 840 publica
851 806 1010 833 demandata

228 853 317 880 erant,
332 848 421 874 subito
435 849 513 875 rebus
527 849 554 876 iu
574 850 718 876 discrimen
734 850 857 878 adductis
874 850 1012 885 opitulati,

229 900 291 920 cum
307 894 397 928 gravia
419 894 452 921 de
475 894 528 922 illis
541 895 671 930 supplicia
690 897 882 931 sumpsissent,
898 901 1012 924 caeteros

229 939 327 973 quibus
343 939 398 972 jam
423 944 449 966 et
466 941 530 975 ipsis
544 949 606 975 spes
629 949 743 969 accensa
765 942 924 970 defectionis
943 947 1013 975 erat,

230 990 303 1012 metu
320 991 518 1020 represserunt.
543 992 569 1013 ei.
592 987 623 1014 ad
647 988 780 1015 saniorem
800 993 917 1015 tuentem
937 996 1015 1016 1⁸0νο-

229 1035 336 1058 carunt.
362 1031 397 1058 At
411 1039 474 1058 vero
489 1032 514 1058 in
540 1032 631 1059 Sicilia
646 1033 745 1060 malum
765 1034 790 1060 in
811 1035 868 1062 dies
893 1035 1015 1070 ingrave-

229 1076 333 1108 scebat,
348 1083 408 1102 cum
424 1082 452 1104 et
473 1076 554 1104 urbes
579 1086 631 1104 una
647 1086 708 1105 cum
727 1079 792 1113 ipsis
810 1079 917 1107 civibus
937 1087 1017 1114 cape-

231 1126 336 1154 rentur,
360 1127 387 1148 et
407 1122 482 1149 multi
500 1123 637 1150 exercitus
664 1131 678 1150 a
703 1125 886 1153 defectoribus
909 1126 1017 1153 desere-

231 1171 336 1196 rentur.
363 1167 415 1194 Sed
436 1169 543 1195 tandem
569 1169 685 1196 llutilins
715 1179 842 1198 romanus
868 1172 1017 1206 imperator

230 1211 439 1239 Tauromenium
463 1214 528 1248 ipsis
553 1215 732 1248 recuperavit,
763 1222 904 1250 postquam
934 1219 1016 1245 velte-

231 1257 398 1284 meutissimc
414 1258 479 1284 illml
492 1264 676 1293 oppugnasset
693 1280 700 1293 ,
715 1265 742 1286 et
757 1260 908 1288 defectores
925 1263 969 1296 qui
990 1262 1015 1290 in

230 1309 263 1329 eo
275 1306 353 1330 erant
365 1303 398 1329 ad
413 1310 533 1331 summas
548 1305 686 1338 angustias
710 1305 871 1340 redegisset,
889 1310 969 1341 atque
982 1307 1016 1334 ad

234 1352 286 1374 tam
317 1355 407 1376 acrem
435 1349 534 1376 famem
560 1351 746 1385 compulisset,
764 1357 792 1378 ut
807 1359 866 1378 cum
883 1353 969 1386 primo
985 1353 1017 1379 li-

231 1394 357 1421 berorum
372 1402 482 1422 suorum
500 1397 661 1429 corporibus
677 1397 748 1424 vesci
767 1398 924 1431 cmpisseut,
943 1406 1015 1430 mox,

232 1439 265 1466 ad
283 1447 399 1467 uxorum
427 1448 541 1474 corpora
557 1448 587 1468 se
604 1442 813 1475 convertissem,
829 1448 967 1478 postremo
984 1451 1017 1471 ne

1057 221 1149 241 κοντα.
1168 213 1250 249 [1169
1263 211 1310 247 11.]
1328 210 1384 237 Καὶ
1394 210 1461 245 μετά
1480 209 1564 244 βραχῦ
1578 209 1610 234 ἐκ
1625 206 1735 241 Ῥώμης
1748 206 1856 241 ἥκοντι

1058 259 1202 295 στρατηγῷ
1230 257 1336 290 Λευκίῳ
1360 256 1475 291 ’Υψαίῳ,
1505 254 1593 289 ἔχοντι
1622 251 1795 287 στρατιώτας
1818 251 1857 276 ὲκ

1058 305 1180 336 Σικελίας
1193 303 1421 338 ὀκτακισχιλίους,
1447 302 1486 332 είς
1512 300 1629 334 πόλεμον
1654 298 1856 327 καταστάντες

1057 353 1082 379 oi
1108 351 1259 378 ἀποστάται
1292 350 1436 383 ἐνίκησαν,
1466 346 1566 381 πλῆθος
1593 345 1668 376 ὄντες
1692 343 1854 378 δισμύριοι.

1058 397 1125 426 Μετ’
1138 398 1168 424 οὺ
1181 397 1247 423 πολὺ
1263 396 1292 422 δὲ
1308 394 1466 430 ἀθροίζεται
1490 392 1521 419 τὺ
1544 391 1672 426 σύστημα
1694 390 1784 417 αὐτῶν
1806 390 1855 420 εἰς

1061 443 1193 479 μυριάδας
1217 441 1314 472 εἴκοσι,
1339 439 1386 466 καὶ
1398 438 1505 469 πολλοῖς
1525 438 1580 468 τοῖς
1599 437 1669 472 πρὸς
1689 435 1856 470 Ῥωμαίους

1060 488 1189 524 πολέμοις
1199 485 1457 520 ὲνευδοκιμήσαντος
1486 483 1596 510 ἔλαττον
1617 483 1694 509 αὐτοὶ
1723 481 1854 507 Eme-.99.

1060 531 1098 561 οὗ
1111 533 1300 568 διαϐοηθέντος
1314 531 1384 558 κατά
1400 537 1429 556 τε
1452 528 1560 564 Ῥώμην
1579 527 1679 554 δούλων
1694 527 1857 556 ἀπόστασις

1060 579 1157 606 ἑκατὸν
1185 578 1354 612 πεντήκοντα
1386 574 1591 610 συνομοσάντων
1614 573 1772 607 ἀνήπτετο,
1799 571 1857 597 καὶ

1061 625 1131 652 κατὰ
1139 624 1187 659 τὴν
1206 623 1333 657 Ἀττικὴν
1359 621 1428 656 ὑπὲρ
1442 621 1546 656 χιλίων,
1574 620 1601 645 ἓν
1619 628 1650 645 τε
1667 619 1688 634 ¹¹
1705 618 1784 653 Δήλῳ
1802 617 1857 643 καὶ

1062 671 1122 698 κατ’
1141 669 1236 701 ἄλλους
1255 668 1368 699 πολλοὺς
1380 668 1496 698 τόπους’
1513 665 1560 697 οὓς
1574 666 1649 700 τάχει
1666 673 1695 690 τε
1714 665 1764 698 τῆς
1782 663 1856 698 βοη-

1062 716 1136 748 θείας
1149 716 1195 742 καὶ
1211 714 1274 751 [650
1289 713 1334 750 11.]
1350 714 1383 748 τῇ
1398 712 1500 748 σφοδρᾷ
1525 712 1633 739 κολάσει
1648 711 1697 744 τῆς
1711 710 1857 744 τιμωρῐας

1062 764 1086 790 oi.
1107 763 1166 790 καθ’
1179 763 1292 789 ἕκαστον
1306 759 1469 795 ἐπιμεληταὶ
1479 759 1532 785 τῶν
1545 758 1641 784 κοινῶν
1664 757 1762 783 θᾶττον
1776 756 1858 791 nqui-

1063 818 1150 841 νισαν,
1168 807 1382 843 σωφρονίσαντες
1396 806 1444 832 καὶ
1455 805 1486 832 τὸ
1498 804 1572 834 ἀλλο,
1589 804 1650 830 ὅσον
1666 800 1701 838 ἦν
1718 803 1765 829 ἐπὶ
1780 803 1857 828 ἀπο-

1065 855 1158 881 στάσει
1173 854 1318 889 μετὲωρον.
1332 852 1410 878 Κατὰ
1418 851 1446 878 δὲ
1457 851 1581 877 Σικελίαν
1597 849 1693 885 ηὖξετο
1707 849 1736 875 τδ
1751 849 1856 880 κακὸν,

1064 901 1111 927 καὶ
1130 900 1220 931 πόλεις
1239 899 1379 934 ἡλίσκοντο
1394 896 1548 931 αὔτανδροι,
1568 896 1614 923 καὶ
1633 895 1718 922 πολλὰ
1735 894 1860 929 στρατό-

1064 946 1132 972 πεδα
1151 945 1203 971 ὑπὸ
1215 945 1269 970 τῶν
1283 943 1442 970 ἀποστατῶν
1467 942 1669 974 κατεκόπησαν,
1697 940 1750 971 ἓως
1773 940 1859 966 Ῥου-

1064 992 1148 1022 τίλιος
1167 991 1215 1016 ⁵³6
1228 991 1249 1006 ⁸⁵
1268 990 1410 1025 Ῥωμαίων
1437 988 1586 1023 στρατηγὸς
1613 987 1643 1013 τὸ
1665 985 1859 1021 Ταυρομένιον

1065 1035 1220 1065 ἀνεσώσατο
1236 1036 1380 1071 Ῥωμαίοις
1394 1034 1426 1067 ιδ,
1440 1033 1581 1070 καρτερῶς
1598 1033 1646 1068 μὲν
1660 1032 1726 1059 αὐτὸ
1744 1032 1858 1066 πολιορ-

1066 1083 1163 1118 κήσας,
1175 1083 1223 1109 καὶ
1238 1084 1277 1113 εἰς
1292 1083 1394 1117 ἄφατον
1419 1082 1542 1115 ἀνάγκην
1561 1080 1607 1106 καὶ
1620 1079 1698 1114 λιμδν
1710 1078 1772 1109 τοὺς
1786 1078 1861 1104 ἁπο-

1067 1129 1165 1159 στάτας
1177 1128 1350 1162 συγκλείσας,
1364 1127 1434 1153 ὥστε
1457 1125 1626 1161 ἀρξαμένους
1643 1126 1675 1151 ἐκ
1690 1124 1796 1151 παίδων
1811 1124 1859 1158 βο-

1067 1176 1117 1211 ρᾶς
1149 1175 1196 1202 καὶ
1220 1174 1373 1205 διελθόντας
1399 1173 1442 1199 διὰ
1457 1171 1594 1206 γυναικῶν
1611 1171 1678 1205 μηδὲ
1698 1172 1748 1205 τῆς
1761 1169 1858 1196 αὐτῶν

1067 1221 1264 1255 ἁλληλοφογίας
1279 1218 1340 1254 μηδ’
1364 1219 1431 1249 ὅλως
1456 1217 1617 1252 φείσασθαι’
1641 1217 1684 1243 ὅτε
1703 1216 1724 1232 ¹¹
1741 1216 1788 1242 καὶ
1802 1216 1859 1242 Ko-

1068 1266 1152 1302 μανδν
1168 1266 1189 1282 ¹⁸
1203 1266 1248 1292 τὸν
1265 1265 1378 1299 ἀδελφὺν
1397 1264 1520 1295 Κλέωνος
1536 1260 1670 1297 φεύγοντα
1683 1262 1733 1295 τῆς
1747 1262 1860 1295 πολιορ-

1066 1311 1202 1346 κουμένης
1217 1311 1320 1342 πόλεως
1330 1308 1397 1337 εἷλε.
1416 1310 1470 1337 Καὶ
1489 1310 1519 1336 τὺ
1529 1309 1691 1340 τελευταῖον,
1709 1307 1860 1342 Σαραπίω-

1067 1365 1110 1389 νος
1121 1357 1208 1392 Σύρου
1237 1358 1286 1391 τὴν
1299 1357 1387 1391 ἄκραν
1404 1355 1559 1391 προδόντος,
1576 1354 1741 1388 συμπάντων
1758 1352 1815 1378 τῶν
1830 1352 1861 1378 ὲν

1066 1405 1099 1438 τῇ
1113 1403 1189 1429 πόλει
1199 1401 1343 1437 δραπετῶν
1356 1402 1370 1428 ὁ
1393 1400 1546 1436 στρατηγδς
1558 1399 1716 1434 ἐκυρίευσεν
1728 1405 1735 1413 ⁸
1752 1397 1801 1428 οὓς
1812 1397 1862 1424 καὶ

1070 1449 1253 1483 αἰκισάμενος
1269 1447 1498 1481 κατεκρήμνισεν.
1507 1445 1626 1472 Ἐκεῖθεν
1639 1443 1684 1470 ἐπὶ
1699 1444 1748 1479 τὴν
1758 1444 1863 1470 Ἔνναν

232 1485 282 1512 sibi
297 1487 404 1520 quidem
420 1486 535 1514 invicem
561 1492 713 1521 parcerent,
730 1489 777 1515 sed
794 1489 839 1515 alii
854 1489 920 1516 alios
936 1497 1015 1517 vora-

1068 1493 1151 1520 ὲλθὼν
1164 1492 1360 1528 παραπλησίως
1371 1491 1536 1526 ἐπολιόρκει,
1552 1489 1717 1523 είςὲσχάτην
1733 1488 1863 1522 ἀνάγκην

233 1536 302 1558 rent.
333 1531 432 1559 Eodem
461 1537 581 1566 tempore
605 1534 752 1561 Comanum
772 1535 880 1562 Cleonis
906 1536 1016 1564 fratrem

233 1585 265 1604 ex
281 1578 347 1605 urbe
363 1580 425 1605 dum
451 1579 634 1613 obsideretur,
663 1580 809 1616 fugientem
829 1583 909 1617 cepit,
936 1587 962 1609 et
985 1583 1018 1610 ad

233 1627 384 1651 cxtreuuuu
403 1632 465 1652 arce
489 1633 503 1652 a
527 1625 677 1661 Sarapione
697 1627 766 1662 Syro
789 1628 908 1662 prodita,
936 1634 1017 1663 quot-

234 1676 301 1706 quot
314 1671 340 1698 in
363 1672 431 1699 urbe
445 1672 552 1707 fugitivi
569 1679 658 1705 erant,
681 1674 708 1700 in
725 1679 885 1708 potestatem
904 1675 1020 1709 impera-

236 1717 303 1743 toris
337 1723 485 1749 veneruut,
504 1726 572 1753 quos
601 1720 684 1746 etiam
714 1720 882 1747 cruciatibus
907 1720 1020 1747 affectos

235 1764 423 1798 prwcipilavit.
450 1764 514 1791 lude
541 1765 644 1792 Enuam
664 1766 799 1800 profectus
823 1767 938 1793 similem
962 1767 1020 1801 ejus

235 1810 402 1837 obsidionem
440 1810 604 1844 aggreditur,
639 1811 792 1838 defectures
822 1813 854 1838 ad
884 1820 1017 1839 summam

237 1856 454 1890 desperationem
483 1856 603 1890 adigens.
627 1856 749 1891 Cumque
761 1856 888 1884 Cleonem
906 1858 1022 1892 impera-

239 1906 323 1929 torem
347 1902 413 1929 urbe
437 1909 588 1937 egressum,
620 1910 652 1930 ac
676 1903 783 1930 lieroica
813 1903 928 1937 quadam
947 1904 1023 1930 furti-

238 1947 330 1975 tudine
340 1948 491 1982 prmliatum
506 1949 662 1977 vulneribus
683 1956 746 1976 mox
760 1949 936 1982 confodisset,
953 1950 1023 1976 hanc

238 2001 344 2028 quoque
372 1994 465 2021 urbem
490 1995 570 2029 cepit,
604 1995 683 2029 idque
706 1995 870 2030 proditione.
899 1996 934 2022 Ita
951 1996 1022 2022 enim

239 2045 298 2066 eam
319 2039 386 2066 situs
401 2039 459 2073 ipse
484 2040 614 2066 munitam
632 2040 771 2071 reddebat,
786 2045 814 2066 ut
829 2041 853 2067 vi
875 2041 1023 2076 expugnari

240 2084 313 2111 nullo
327 2084 406 2112 modo
423 2089 522 2119 posset.
539 2085 631 2112 Eunus
644 2091 732 2112 autem
746 2086 892 2120 assumptis
911 2094 1023 2114 sexcen-

239 2130 285 2162 tis,
310 2130 342 2157 ad
361 2130 419 2157 loca
445 2131 567 2165 quaedam
594 2137 740 2166 pnerupta,
768 2137 795 2159 ut
809 2138 871 2160 erat
899 2134 1021 2166 ignavus,

240 2172 301 2208 fuga
328 2181 357 2201 se
381 2175 494 2210 recepit.
520 2175 572 2202 Sed
596 2176 642 2210 qui
671 2184 730 2203 cum
751 2184 784 2204 eo
805 2182 894 2210 erant,
909 2177 1020 2204 exitium
1037 2173 1059 2199 [δ

241 2219 291 2247 sibi
313 2220 469 2248 inevitabile
492 2221 645 2256 impendere
667 2222 784 2250 scientes
799 2222 863 2258 (jam
883 2224 954 2250 enim
969 2223 1025 2250 Rn-

242 2265 316 2292 tilius
334 2265 481 2300 imperator
493 2267 525 2292 ad
542 2274 589 2293 eos
605 2273 686 2293 cursu
703 2268 907 2302 cunteudelnit),
924 2273 953 2295 ut
970 2276 1026 2294 ma-

241 2319 292 2338 nns
309 2312 426 2339 hostium
452 2314 641 2346 prmvenireul,
659 2314 709 2340 sibi
733 2319 827 2341 mutuo
841 2315 962 2341 cervices
977 2315 1026 2340 ab—

241 2358 408 2385 Scindebant.
437 2359 471 2385 At
484 2359 583 2390 Eunus,
606 2359 785 2394 praestigiator
801 2360 903 2394 pariter
924 2365 951 2386 et
967 2368 1024 2393 rex,

242 2411 302 2430 cum
318 2411 374 2438 prae
389 2404 532 2432 timiditate
550 2406 575 2432 in
588 2406 717 2439 quasdam
731 2406 873 2439 speluncas
888 2407 1026 2440 confugis-

242 2453 294 2480 set,
315 2456 366 2475 uua
388 2456 449 2475 cum
467 2455 582 2484 quatuor
602 2457 634 2476 ex
661 2450 717 2476 suis
734 2450 795 2477 inde
819 2456 955 2478 extractus
974 2456 1025 2483 est,

243 2500 342 2527 coquo,
360 2494 472 2528 pistore,
500 2494 598 2529 386!)
615 2499 642 2521 et
658 2502 690 2521 co
705 2495 781 2529 cujus
797 2503 875 2521 manli
890 2495 914 2522 in
932 2495 1026 2522 balneo

243 2539 403 2571 fricabatur.
420 2546 516 2574 quarto
534 2545 622 2567 autem
642 2548 683 2571 eo,
697 2541 741 2575 qui
757 2542 827 2568 inter
844 2542 938 2575 epulas
950 2541 1025 2567 oble—

243 2590 380 2612 ctamenta
397 2586 421 2612 ei
441 2583 579 2613 afferebat.
599 2585 624 2612 ls
639 2591 776 2613 extractus
790 2586 862 2617 inde,
873 2590 901 2612 ct
917 2586 944 2612 in
960 2593 1021 2612 car-

1069 1539 1218 1573 συτκλείων
1235 1538 1284 1569 τὰς
1298 1537 1352 1563 τῶν
1367 1535 1529 1563 ἀποστατῶν
1544 1532 1665 1564 ἐλπίδας.
1681 1533 1736 1559 Καὶ
1743 1532 1863 1558 Κλέωνα

1068 1586 1113 1612 τὸν
1125 1585 1288 1620 στρατηγὸν,
1315 1583 1457 1616 ἐξελθόντα
1475 1581 1525 1616 τῆς
1539 1581 1642 1611 πόλεως
1658 1579 1706 1605 καὶ
1731 1578 1864 1614 ἠρωῖκῶς

1069 1631 1276 1666 ἀγωνισάμενον
1306 1629 1363 1664 μετ’
1385 1627 1482 1661 ὀλίγων
1500 1626 1522 1642 ³⁷
1537 1626 1588 1653 ὑπὸ
1612 1625 1665 1652 τῶν
1691 1624 1865 1660 τραυμάτων

1069 1677 1158 1709 δείξας
1172 1676 1277 1711 νεκρὸν,
1297 1672 1353 1701 εἷλε
1371 1674 1419 1701 καὶ
1441 1672 1544 1707 ταύτην
1559 1671 1688 1707 προδοσίᾳ
1702 1670 1752 1706 τὴν
1768 1670 1862 1699 πῦλιν,

1070 1723 1131 1749 ἐπεὶ
1150 1723 1202 1749 οὐδ’
1227 1722 1248 1738 ’⁸
1271 1719 1305 1756 ἦν
1330 1719 1466 1755 ἁλώσιμος
1495 1719 1540 1745 διὰ
1570 1717 1619 1753 τὴν
1643 1717 1796 1752 ὀχυρότητα
1816 1715 1865 1750 βίᾳ

1071 1768 1172 1804 χειρός.
1197 1768 1226 1794 Ὀ
1238 1767 1267 1793 δὲ
1285 1768 1305 1783 *³
1324 1765 1426 1796 Εὔνους
1449 1763 1590 1791 ἀναλαϐὼν
1618 1763 1680 1794 τοὺς
1697 1761 1866 1796 σωματοςύ-

1070 1814 1166 1845 λακας,
1177 1813 1258 1843 ὄντας
1276 1811 1379 1846 χιλίους
1390 1811 1424 1842 ¹⁰,
1439 1809 1537 1844 ἔφυγεν
1551 1810 1572 1824 ¹¹
1583 1807 1720 1842 ἀνάνδρως
1735 1806 1774 1837 εἷς
1785 1814 1865 1837 τινας

1073 1858 1291 1894 παρακρήμνους
1314 1857 1425 1887 τόπους.
1447 1855 1516 1881 Ἀλλ’
1532 1854 1557 1880 of
1574 1851 1687 1888 μὲνσὺν
1703 1851 1777 1887 αὐτῷ
1789 1851 1866 1885 ἀφυ-

1073 1912 1136 1930 κτον
1149 1903 1179 1929 τὸ
1189 1903 1253 1938 περὶ
1270 1902 1367 1933 αὐτοὺς
1379 1900 1464 1927 δεινὸν
1479 1900 1654 1934 ἐπιστάμενοι
1668 1897 1728 1933 (ήδη
1742 1898 1797 1933 γὰρ
1814 1897 1865 1923 καὶ

1072 1950 1087 1976 ὁ
1104 1948 1255 1984 στρατηγὸς
1273 1947 1418 1978 Ῥουτίλιος
1449 1946 1492 1972 ἐπ’
1515 1945 1614 1976 αὐτοὺς
1629 1943 1754 1979 ἤλαυνεν)
1777 1942 1864 1976 ἀλλή-

1073 1995 1135 2026 λους
1146 1995 1202 2025 τοῖς
1224 1994 1329 2027 ξίφεσιν
1346 1991 1461 2027 ἔσφαζον
1475 1992 1497 2008 ⁸⁸
1509 1991 1741 2025 ἀπαυχενίσαντας
1752 1988 1777 2004 ’³
1787 1996 1794 2003 '
1810 1989 1825 2014 6
1834 1988 1864 2014 δὲ

1073 2040 1200 2076 τερατίας
1216 2039 1318 2070 Εὔνους
1329 2040 1376 2065 καὶ
1390 2038 1528 2073 βασιλεὺς,
1555 2034 1721 2070 καταφυγὼν
1735 2033 1781 2060 διὰ
1804 2034 1863 2060 δει-

1074 2086 1134 2112 λίαν
1163 2085 1191 2111 ἕν
1219 2093 1274 2111 τισι
1302 2084 1436 2114 κοιλάσιν,
1463 2081 1622 2116 ὲξειλκύσθη
1644 2081 1701 2115 ἀμα
1712 2080 1862 2116 τεττάρων.

1077 2131 1210 2166 μαγείρου
1228 2131 1276 2157 καλ
1289 2129 1435 2165 ἀρτοποιοῦ
1450 2129 1498 2155 καὶ
1511 2127 1558 2154 τοῦ
1581 2126 1720 2162 τρίϐοντος
1736 2125 1820 2152 αὑτὸν
1835 2126 1863 2151 ὲν

1074 2179 1113 2214 τῷ
1127 2177 1233 2212 λουτρῷ
1256 2177 1279 2193 ’⁵
1305 2177 1353 2203 καὶ
1378 2176 1508 2209 τετάρτου
1529 2173 1576 2200 τοῦ
1597 2173 1672 2208 παρὰ
1688 2172 1748 2203 τοὺς
1762 2171 1864 2202 πότους

1075 2224 1201 2255 εἰωθότος
1222 2222 1399 2257 ψυχαγωγεῖν
1427 2220 1518 2247 αὐτόν.
1545 2219 1601 2245 Καὶ
1629 2217 1795 2252 παραδοθεὶς
1824 2217 1862 2246 εἰς

1075 2269 1209 2304 φυλακὴν,
1229 2269 1278 2295 καὶ
1302 2267 1349 2294 τοῦ
1383 2267 1508 2300 σώματος
1534 2263 1618 2291 αὑτοῦ
1637 2262 1808 2291 διαλυθέντος
1823 2262 1862 2292 είς

1075 2315 1194 2351 φθειρῶν
1212 2313 1322 2348 πλῆθος,
1336 2312 1444 2343 οἰκείως
1452 2312 1501 2345 τῆς
1513 2311 1576 2345 περὶ
1591 2309 1671 2336 αὑτὸν
1687 2307 1862 2344 ῥᾳδιουργίας

1077 2360 1242 2394 κατέστρεψε
1269 2360 1315 2386 τὸν
1340 2359 1397 2393 βίον
1417 2359 1445 2384 ὲν
1461 2359 1493 2392 τῇ
1511 2355 1696 2391 Μοργαντίνῃ.
1723 2353 1862 2379 Ἐπεῦθεν

1084 2405 1228 2436 Ῥουτίλιος
1243 2406 1396 2440 ἐπιτρέχων
1407 2403 1469 2438 ὃλην
1481 2403 1529 2437 τὴν
1545 2401 1669 2428 Σικελίαν
1683 2400 1740 2435 ἃμα
1752 2399 1863 2431 λογάσιν

1076 2451 1185 2485 ὀλίγοις,
1205 2451 1301 2477 θᾶττον
1312 2450 1384 2485 ἥπερ
1398 2457 1440 2480 τις
1459 2448 1556 2475 ᾗλπισε
1573 2447 1675 2477 παντὸς
1687 2445 1771 2479 αὐτὴν
1783 2444 1863 2478 ἠλευ-

1079 2498 1181 2533 θέρωσε
1214 2496 1374 2532 λῃστηρίου.
1396 2495 1459 2521 Ὀτι
1489 2495 1504 2520 ὁ
1527 2493 1581 2519 τῶν
1610 2490 1771 2520 ἀποστατῶν
1787 2490 1864 2524 βασι-

1078 2543 1139 2573 λεὺς
1151 2541 1252 2572 Εὖνους
1278 2540 1373 2567 ἑαυτὸν
1391 2539 1440 2575 μὲν
1466 2539 1611 2574 Ἀντίοχον,
1626 2537 1728 2572 Σύρους
1751 2535 1780 2561 δὲ
1811 2534 1864 2560 τῶν

1075 2586 1235 2614 ἀποστατῶν
1247 2587 1277 2612 τὸ
1292 2586 1394 2620 πλῆθος
1404 2585 1588 2620 ἐπωνόμασεν.

243 2638 332 2659 cerem
370 2630 514 2665 conjeclus,
540 2630 567 2658 iu
590 2637 712 2666 magnam
738 2630 922 2665 pediculorum
959 2631 1012 2658 vim
1044 2632 1160 2659 resoluto
1181 2637 1317 2666 corpore,
1339 2631 1410 2665 apud
1436 2629 1633 2664 Morgantinam
1661 2626 1770 2661 dignum
1807 2623 1863 2653 suis

881 2690 998 2718 VARIAE
1016 2690 1214 2718 LECTlONES.

279 2752 300 2768 “
316 2761 344 2778 τε
367 2752 426 2779 add.
447 2753 480 2781 Δ.
517 2752 538 2768 ¹¹
553 2752 668 2787 ροτίλιος
680 2752 714 2781 Α,
729 2751 941 2787 Rliodmnannus
964 2750 1125 2787 Ῥουπίλιος.

514 2788 536 2803 ¹⁶
554 2786 681 2822 κωμανὺν
703 2788 735 2814 Α.
773 2787 793 2802 ¹⁷
808 2786 905 2822 ὀλίγων
918 2786 941 2822 A_
951 2786 1062 2822 ῖήόλίγον
1074 2794 1104 2818 ς.

246 2787 368 2816 Amstel.:
384 2788 426 2814 ὅτι
444 2797 475 2821 ς,

246 2823 403 2856 ἑξακοσίους
432 2832 463 2856 ς,
517 2823 539 2840 ¹¹
554 2822 668 2858 ἔφευγεν
693 2823 725 2849 A.

776 2822 798 2837 “
814 2820 943 2855 ἔσφαζον]
957 2820 1073 2856 ἓφθαζον
1084 2828 1130 2856 γρ.
1149 2819 1180 2847 Β.

1165 2750 1187 2765 ¹³
1201 2749 1215 2775 ὁ
1229 2756 1283 2775 om.
1300 2749 1332 2775 Α.
1368 2748 1390 2764 ¹³
1409 2747 1539 2781 ρωμαίοις
1555 2745 1710 2772 ἀνεσώσατο
1725 2746 1754 2772 Β.
1785 2747 1806 2763 ¹³
1821 2747 1862 2772 ὅτε

1144 2785 1164 2800 ¹¹¹
1177 2783 1242 2819 οὐδ’]
1258 2783 1363 2819 μήδ’γΑ.
1388 2783 1423 2819 7"
1438 2782 1466 2809 δὲ
1481 2782 1544 2819 add.
1561 2782 1594 2808 Α.
1648 2781 1788 2819 ¹⁶γχιλίους

1225 2791 1366 2850 ,1³μιτίιῗιιί1ῐ1
1381 2791 1624 2852 ἀπαίγένῖἓανῖες.
1670 2791 1820 2851 ξόιλίέῗῷιῖέ

1210 2858 1235 2871 f
1657 2869 1666 2873 -
