1923 3093
81 133 154 165 1413

79 189 234 222 temerariis
258 191 331 219 ansis
372 196 465 220 nactus
487 198 528 220 est
553 191 615 219 vita:
640 193 753 221 exitum.
796 195 889 223 Pmtea

622 137 883 170 BIBLIOTHECA.
894 153 927 158 —
944 141 1024 173 COD.
1036 143 1177 175 CCXLIV-

1646 149 1715 185 1414

918 204 982 225 τρι-ο
1015 199 1140 232 Rutilius,
1160 204 1214 226 tota
1231 200 1321 229 Sicilia
1342 209 1402 230 cum
1418 211 1499 238 parva
1514 211 1599 240 eaque
1615 207 1714 236 selecto

78 244 162 264 manu
178 232 291 264 celerius
304 239 424 265 omnium
436 246 483 272 spe
497 245 647 273 peragrata,
679 248 694 266 a
726 241 895 275 prardonibns
910 250 969 270 eam
981 245 1092 272 omnino
1110 245 1241 274 liberavit.

386 285 436 312 Ἐκ
449 285 502 312 τοῦ
520 286 580 317 λς’.
592 311 595 315 ,

116 331 180 356 Ὀτι
195 330 249 357 ὑπδ
258 331 321 362 τοὺς
334 331 432 364 αὐτοὺς
448 332 560 368 χρόνους
586 333 614 359 ὲν
634 332 736 369 Ῥώμῃ,
752 334 815 362 καθ’
825 335 872 368 οὓς

74 376 189 410 Μίάριος
204 376 254 410 μὲν
267 377 330 408 τοὺς
343 377 415 404 κατὰ
433 378 537 413 Λιϐύην
562 378 680 413 βασιλεῖς
709 380 811 415 Βόκχον
825 382 872 408 καὶ

83 420 257 456 Ἰουγούρθαν
281 422 489 457 κατεπολέμησε
515 423 621 459 μεγάλῃ
647 425 808 459 παρατάξει,
822 427 870 453 καὶ

75 465 182 496 πολλὰς
218 465 268 500 μὲν
291 466 345 491 τῶν
374 466 483 493 Λιὸύων
507 468 639 502 μυριάδας
662 469 777 502 ἀνεῖλεν,
795 469 872 496 ὓστε-

76 518 126 544 ρυν
146 510 174 537 δὲ
207 511 288 537 αὐτὸν
307 512 462 548 Ἰογούρθαν
477 515 500 530 ’³
521 514 709 549 συλληφθέντα
725 515 807 551 [H72
824 515 870 551 ιι.]

76 555 132 581 ὑπὸ
148 555 262 590 Βόκχου,
275 556 346 583 ὥστε
357 559 449 593 τυχεῖν
460 558 624 594 συγγνώμη(³
637 561 712 596 παρὰ
726 561 870 596 Ῥωμαίων

76 601 150 635 ὑπὲρ
165 598 203 628 ὧν
217 602 308 634 αὐτοῖς
325 603 443 639 κατέστη
462 604 529 639 πρὸς
547 605 676 640 πόλεμον,
691 606 781 633 λαϐὼν
797 608 867 634 ἐκεῖ·

75 648 125 673 θεν
137 649 310 682 αἰχμάλωτον
335 647 403 684 εἷχε,
433 650 572 684 μεγίστοις
589 651 617 677 δὲ
643 652 794 688 πταίσμασι
815 655 870 685 τοῖς

74 694 151 720 κατὰ
179 694 312 722 Γαλατίαν
336 696 391 722 τῶν
417 696 551 730 Κίμϐρων
585 697 777 733 πολεμούντων
802 699 870 726 Ῥω-

75 740 155 773 μαῖοι
189 740 247 775 [651
276 740 321 776 H.]
346 742 540 777 περιπεσόντες
569 743 787 778 ἡθύμουν,κατὰ
805 745 869 776 τοὺς

73 785 176 817 αὐτοὺς
188 787 300 821 χρόνους
330 785 397 823 ἧκόν
408 796 481 819 τινες
497 788 550 815 ἀπὸ
566 789 691 820 Σικελίας
711 790 859 816 ἀπόστασιν

73 831 258 864 ἀγγέλλοντες
284 832 398 859 οἰκετῶν
426 834 466 864 είς
483 833 583 865 πολλὰς
599 833 807 869 ἀριθμουμένων
823 843 870 869 μυ-

74 877 183 909 ριάδας.
204 874 242 904 Οὖ
257 877 507 913 προσαγγελθέντος
520 879 549 905 ἐν
567 879 649 914 πολλῇ
662 880 822 914 περιστάσει
837 880 867 907 τί)

78 922 235 957 Ῥωμαϊκὸν
251 924 324 950 ἅπαν
340 923 517 957 συνεχόμενον
546 925 670 958 διετέλει,
685 925 722 956 ὡς
745 925 777 951 ἂν
791 934 869 961 στρα-

884 291 908 319 Α

1187 291 1231 319 Ea:
1251 292 1319 320 libro
1336 302 1441 323 xxxv".

960 337 1059 365 Eodem
1088 342 1210 373 tempore
1233 348 1288 375 quo
1306 341 1406 369 Marius
1433 343 1532 371 Africm
1550 353 1627 379 reges
1643 346 1712 374 Boc—

924 384 1004 412 chum
1019 389 1046 412 et
1063 384 1220 420 Jugurtham
1237 395 1335 422 magno
1356 389 1448 422 prtelio
1473 391 1665 423 debellaverat,
1686 398 1714 420 et

923 429 1050 456 Afrorum
1085 431 1190 458 inﬁnita
1220 439 1303 466 prope
1332 434 1414 461 millia
1445 436 1593 468 occiderat.
1623 438 1710 471 ipsum

924 475 1021 502 deinde
1040 475 1198 510 Jugurtltam
1218 477 1251 512 (ο
1267 477 1373 508 Boccho
1396 482 1632 515 comprehensum,
1658 484 1710 511 sibi

924 526 1080 555 susceptum
1112 523 1241 551 adversus
1263 525 1360 552 bellum
1388 527 1536 554 condonari
1564 530 1709 565 cupiente)

923 566 1058 600 captivum
1073 567 1232 602 abduxerat,
1248 578 1302 604 quo
1316 571 1379 598 item
1398 571 1511 600 Romani
1524 581 1621 608 graves
1639 576 1710 609 apud

923 610 1035 638 Galliam
1056 613 1081 639 in
1103 613 1240 641 Cimbrico
1259 616 1328 642 bello
1349 617 1440 644 clades
1464 627 1516 645 nott
1539 619 1598 646 sine
1613 628 1709 655 magno

924 657 1017 684 dolore
1032 665 1193 693 acceperant
1215 669 1223 688 :
1245 663 1352 695 eodem,
1375 664 1496 698 inquam,
1514 670 1633 698 tempore
1651 665 1706 694 Ro-

924 708 994 728 mam
1019 703 1186 731 advenertmt
1201 706 1309 740 quidam
1335 714 1350 733 e
1366 707 1468 739 Sicilia,
1487 708 1601 742 plurima
1622 716 1710 737 servo-

923 754 982 775 rttm
1005 749 1088 776 millia
1103 751 1238 779 defecisse
1256 754 1419 781 nuntiantes.
1442 755 1500 788 Quo
1514 760 1624 789 accepto
1638 763 1709 782 nun-

921 793 971 825 tio,
995 796 1107 823 summis
1128 797 1154 823 in
1184 799 1316 833 angustiis
1339 804 1410 827 lotus
1434 801 1547 834 populus
1570 801 1708 832 Romanus

923 840 1025 866 versari
1036 842 1127 876 cmpit,
1145 847 1240 876 utpote
1254 845 1296 870 cui
1309 845 1423 871 tnilitmu
1435 845 1598 873 delectorum
1609 846 1708 879 00,000

923 884 949 910 in
964 885 1035 912 bello
1050 887 1181 914 adversus
1195 888 1319 916 Cimbros
1342 891 1410 925 apud
1427 891 1541 918 Galliam
1556 892 1707 919 occubuis—

922 934 992 961 sent,
1012 938 1060 957 nec
1083 931 1116 957 de
1139 934 1244 967 integro
1263 941 1355 968 parem
1377 936 1526 963 exercitum
1551 937 1577 963 in
1598 937 1706 971 expedi-

71 969 181 995 τιωτῶν
196 970 347 996 ἐπιλέκτων
366 971 459 1004 σχεδὸν
475 970 679 1006 ἑξακισμυρίων
695 972 723 997 ὲν
742 971 783 1006 τῷ
799 972 863 1006 πρὸς

920 974 1019 1001 tionem
1035 976 1150 1003 educere
1164 984 1265 1012 posset.

72 1015 217 1049 Κίμῦρους
256 1015 326 1042 κατὰ
365 1016 498 1043 Γαλατίαν
534 1017 643 1052 πολέμῳ
681 1016 863 1051 διολωλότων,
884 1019 931 1046 καὶ
944 1020 1056 1055 ἀπόρων
1075 1021 1160 1049 ὄντων
1192 1025 1232 1055 εἰς
1270 1025 1423 1061 ἀποστολὴν
1454 1027 1628 1062 στρατιωτῶν
1661 1027 1706 1055 λο-

70 1063 177 1096 γὰδων.

112 1122 170 1156 Πρὸ
182 1121 209 1147 δὲ
233 1121 282 1156 τῆς
309 1121 382 1148 κατὰ
394 1120 443 1156 τὴν
460 1121 483 1137 ’⁸
500 1121 625 1147 Σικελίαν
639 1121 692 1147 τῶν
703 1120 804 1148 δούλων
815 1121 864 1148 ἑπ-

70 1168 251 1198 αναστάσεως
274 1167 400 1200 ἐγένοντο
425 1166 497 1193 κατὰ
534 1167 586 1200 τὴν
619 1166 732 1193 Ἰταλίαν
757 1167 866 1198 πλείους

71 1214 241 1243 ἀποστάσεις
266 1212 445 1248 ὀλιγοχρόνιοι
471 1212 519 1238 καὶ
540 1212 646 1246 μικραὶ,
670 1212 795 1247 καθάπερ
819 1212 865 1239 τοῦ

70 1258 213 1292 δαιμονίου
244 1258 478 1294 προσημαίνοντος
501 1257 532 1283 τὸ
557 1257 671 1292 μέγεθος
697 1255 746 1292 τῆς
769 1258 866 1292 ἐσομέ-

70 1314 121 1338 νης
137 1304 161 1320 ’⁷
174 1304 245 1331 κατὰ
261 1304 311 1340 τὴν
323 1303 449 1331 Σικελίαν
466 1303 688 1336 ἐπαναστάσεως,
706 1304 801 1340 πρώτη
820 1304 869 1338 μὲν

70 1351 90 1385 ἡ
121 1351 186 1386 περὶ
215 1351 378 1384 Νουκερίαν,
403 1349 549 1385 τριάκοντα
566 1350 679 1376 οίκετῶν
696 1351 868 1384 συνωμοσίαν

72 1397 270 1430 ποιησαμένων
287 1397 334 1422 καὶ
348 1396 417 1431 ταχὺ
426 1395 622 1427 κολασθέντων,
639 1395 754 1429 δευτέρα
770 1396 786 1429 ἡ
803 1395 868 1430 περὶ⁸

72 1442 123 1476 τὴν
139 1441 268 1476 Καπύην.
285 1442 428 1468 διακοσίων
446 1442 559 1468 οἰκετῶν
584 1442 793 1468 ἐπαναστάντων
817 1444 864 1468 καὶ

71 1488 142 1522 ταχὺ
161 1487 377 1514 καταλυθέντων.
392 1488 476 1523 Τρίτη
491 1488 519 1514 δὲ
535 1487 687 1522 παράδοξος
706 1488 799 1521 γέγονέ
811 1496 862 1519 τις,

70 1531 129 1560 Ἶιν
141 1534 221 1564 Τίτος
239 1532 407 1565 Μενουῖτιος,
423 1534 520 1565 ίππεὺς
541 1533 590 1568 μὲν
609 1533 761 1568 Ῥωμαίων,
779 1541 863 1568 μεγα-

72 1579 225 1606 λοπλούτου
244 1579 272 1605 δὲ
292 1580 396 1615 πατρὸς
408 1582 484 1611 παῖς.
510 1578 593 1611 Οὗτος
611 1580 716 1615 ἠράσθη
732 1580 863 1615 θεραπαι-

952 1122 1085 1150 Cteterum
1107 1130 1168 1151 ante
1194 1124 1265 1152 hunc
1290 1126 1315 1152 in
1331 1119 1423 1153 Sicilia
1445 1127 1631 1154 rebellantium
1646 1135 1705 1155 ser-

917 1175 1012 1195 vorutu
1037 1170 1178 1196 tumultum
1196 1171 1262 1198 tales
1283 1177 1310 1198 et
1323 1172 1347 1198 in
1365 1172 1441 1199 Italia
1462 1173 1572 1201 excitati
1586 1173 1702 1207 fuerant,

917 1216 963 1241 sed
977 1215 1052 1248 parvi
1065 1224 1096 1243 ac
1112 1216 1221 1243 minime
1235 1217 1376 1245 diuturni:
1392 1219 1460 1245 velut
1477 1219 1604 1251 numine,
1621 1227 1703 1254 quam

918 1265 994 1287 atrox
1018 1260 1105 1287 futura
1132 1267 1204 1288 esset
1229 1262 1255 1289 in
1279 1263 1370 1291 Sicilia
1393 1265 1515 1297 rebellio,
1543 1265 1704 1299 praesigniﬁ-

915 1311 1003 1332 eante.
1029 1306 1136 1333 Ριῖιιιιις
1164 1311 1253 1334 autent
1280 1310 1349 1343 apud
1375 1308 1516 1336 Nuceriam
1546 1311 1701 1343 exstiterat,

913 1355 974 1378 eum
1008 1352 1117 1387 triginta
1145 1353 1214 1380 servi
1252 1353 1468 1389 conjnratiouem
1503 1355 1644 1387 fecissent,
1676 1361 1703 1383 et

911 1399 1109 1433 quamprinuun
1130 1407 1224 1434 pmnas
1251 1401 1400 1428 dedissent.
1427 1401 1567 1428 Secundus
1590 1401 1700 1436 Capua.

909 1450 969 1469 cum
986 1444 1093 1470 dueenti
1109 1446 1180 1471 servi
1200 1446 1386 1479 rebellassent,
1400 1455 1431 1474 ac
1448 1446 1506 1474 sine
1534 1454 1607 1474 mora
1624 1448 1703 1476 deleti

916 1487 1040 1514 fuissent.
1071 1488 1179 1516 Tertius
1198 1495 1289 1517 autem
1312 1492 1379 1517 tniro
1401 1492 1517 1525 quodam
1537 1497 1649 1519 exortus
1664 1496 1704 1520 est

914 1532 1005 1558 modo.
1029 1531 1090 1559 Erat
1104 1534 1212 1567 quidam
1229 1534 1305 1562 Titus
1321 1535 1448 1563 Minutins
1463 1544 1546 1571 eques
1557 1538 1702 1571 Romanus,

914 1583 941 1604 ct
957 1579 1096 1612 praedivite
1119 1585 1197 1608 natus
1221 1587 1310 1616 patre,
1327 1583 1372 1616 qui
1397 1584 1492 1610 aliena:
1516 1583 1620 1610 tantulae
1646 1583 1703 1611 for-

71 1624 148 1655 νίδος
175 1623 329 1658 ἀλλοτρίας,
356 1624 447 1650 κάλλει
469 1624 660 1660 διαφερούσης.
692 1624 863 1660 Συμπλακεὶς

919 1623 1078 1650 mosissimm
1091 1632 1184 1652 amore
1194 1631 1299 1660 captus,
1315 1631 1343 1654 nt
1358 1627 1384 1653 itt
1395 1627 1454 1661 ejus
1463 1627 1612 1661 amplexum
1625 1627 1701 1654 veni-

72 1670 95 1696 δ’
110 1671 181 1705 αὐτῇ
197 1670 244 1696 καὶ
259 1670 282 1686 ’⁸
293 1671 331 1699 εἰς
350 1670 444 1705 ἔρωτα
471 1669 622 1706 παράδοξον
638 1671 724 1705 αὐτῆς
737 1671 865 1706 ἐμπεσὼν

70 1716 242 1750 ἐξηγόρασεν
253 1715 349 1750 αὐτὴν,
365 1716 436 1741 οὕτω
449 1715 495 1742 τοῦ
509 1716 532 1731 ⁸³
548 1725 576 1742 τε
593 1715 744 1750 μανιώδους
763 1716 864 1750 ἔρωτος

74 1761 236 1796 βιαζομένου
276 1761 324 1787 καὶ
347 1761 394 1787 τοῦ
419 1761 516 1796 κυρίου
532 1761 581 1796 τῆς
601 1762 685 1797 κόρης
695 1762 746 1797 τὴν
763 1762 863 1797 πρᾶσιν

74 1807 154 1842 μόλις
173 1806 402 1839 κατανεύσαντος,
416 1807 554 1833 ταλάντων
575 1806 708 1834 ’Λττικῶν
725 1808 805 1840 ἑπτὰ,
817 1807 864 1833 καὶ

71 1853 170 1887 χρόνον
184 1852 268 1887 ὥρισε
281 1852 341 1879 καθ’
351 1852 380 1878 ὃν
400 1851 525 1878 ἀποτίσει
549 1851 578 1877 τὸ
596 1852 675 1886 χρέος
686 1859 693 1866 ·
707 1852 863 1878 ἐπιστεύετο

71 1897 101 1922 δὲ
121 1896 168 1922 διὰ
190 1896 240 1932 τὴν
254 1896 385 1931 πατρῴαν
414 1896 584 1931 περιουσίαν.
604 1896 760 1927 Ἐνστάντος
772 1896 800 1922 δὲ
816 1896 863 1922 τοῦ

70 1943 245 1979 ὁρισθέντος,
259 1943 306 1969 καὶ
331 1944 367 1978 μὴ
383 1943 451 1978 ἔχων
475 1942 630 1974 ἀποδοῦναι,
646 1943 726 1969 πάλιν
748 1943 825 1975 ἔταξε
842 1943 862 1968 λ’

70 1989 188 2023 ἡμερῶν
200 1988 379 2023 προθεσμίαν.
398 1988 441 2019 Ὧς
455 1988 483 2013 δὲ
499 1989 546 2014 καὶ
557 1987 659 2022 ταύτης
675 1988 825 2021 ἐπιστάσης
837 1988 862 2014 οἱ

72 2034 123 2068 μὲν
136 2032 268 2068 ἀπῄτουν,
279 2033 293 2059 ὁ
303 2032 331 2058 δὲ
342 2032 417 2058 οὐδὲν
433 2033 513 2058 πλέον
527 2030 598 2067 εἶχεν
617 2033 719 2064 ἀνύειν,
733 2033 747 2058 ὁ
761 2032 783 2058 δ’
793 2032 862 2067 ἔρως

66 2078 210 2114 ἢκμαζεν,
232 2077 394 2112 ἐπεχείρησε
427 2077 526 2112 πράξει
548 2078 775 2112 παραλογωτάτῃ.
790 2077 863 2103 Ἐπι-

70 2123 197 2149 6ουλεύει
217 2122 265 2157 μὲν
277 2122 331 2157 γὰρ
360 2122 422 2152 τοὺς
445 2123 636 2154 ἀπαιτοῦντας,
653 2122 741 2156 ἐαυτῷ
755 2122 782 2149 δὲ
797 2131 860 2156 μον-

69 2168 190 2204 αρχικὴν
217 2168 341 2199 ἐξουσίαν
374 2167 532 2202 περιέθηκε.
567 2168 759 2202 Συναγοράσας
807 2167 862 2202 γὰρ

70 2212 255 2244 πεντακοσίας
276 2213 437 2243 πανοπλίας,
456 2213 502 2238 καὶ
523 2212 618 2246 χρόνον
630 2213 678 2246 τῆς
695 2213 778 2247 τιμῆς
792 2221 858 2238 συν-

69 2260 165 2292 τάξας,
183 2259 229 2285 καὶ
244 2258 411 2289 πιστευθεὶς,
427 2257 518 2291 λάθρα
529 2257 595 2292 πρὸς
609 2258 691 2291 ἀγρόν
700 2266 759 2284 τινα
774 2266 862 2292 παρα-

70 2305 189 2339 κομίσας
203 2304 265 2335 τοὺς
283 2303 364 2334 ἰδίους
378 2303 503 2329 ἀνέσεισε
518 2303 540 2318 ³⁰
561 2303 629 2337 πρὸς
653 2304 803 2329 ἀπόστασιν
820 2304 860 2330 οἱ-

70 2352 166 2382 κέτας,
185 2349 376 2385 τετρακοσίους
391 2348 481 2380 ὄντας.
498 2346 565 2375 Εἶτα
584 2348 725 2374 ἀναλαϐὼν
741 2348 859 2383 διάδημα

70 2398 118 2423 καὶ
134 2396 309 2430 περιϐόλαιον
334 2395 492 2430 πορφυροῦν
514 2394 561 2421 καὶ
582 2394 747 2428 ῥαϐδούχους
762 2394 809 2420 καὶ
823 2394 858 2420 τὰ

69 2442 139 2468 ἄλλα
159 2440 268 2476 εὔσημα
283 2441 305 2456 ³¹
321 2441 372 2475 τῆς
395 2441 494 2475 ἀρχῆς,
517 2440 565 2466 καὶ
591 2439 703 2474 βασιλέα
726 2440 822 2466 ἑαυτὸν
835 2440 857 2455 ³²

72 2497 134 2516 συνε
140 2489 219 2523 ργείᾳ
233 2489 287 2514 τῶν
301 2487 402 2514 δούλων
416 2486 567 2519 ἀναδείξας,
580 2486 642 2516 τοὺς
657 2485 704 2520 μὲν
716 2485 860 2511 ἀπαιτοῦν-

71 2542 119 2565 τας
132 2534 183 2568 τὴν
199 2533 283 2568 τιμὴν
297 2533 347 2566 τῆς
368 2532 452 2566 κόρης
473 2531 602 2566 ῥαϐδίσας
628 2529 799 2561 ἐπελέκισεν,
816 2530 860 2561 ἐξ-

70 2579 185 2609 οπλίσας
208 2578 236 2604 δὲ
265 2578 327 2610 τοὺς
339 2578 447 2608 οἰκέτας
463 2576 541 2611 ἐπῄει
559 2575 608 2606 τὰς
624 2575 755 2608 σύνεγγυς
774 2575 859 2600 ἐπαύ-

71 2625 147 2657 λεις,
174 2624 224 2650 καὶ
256 2623 320 2655 τοὺς
350 2623 398 2658 μὲν
431 2622 579 2658 προθύμως
608 2620 860 2655 συναφισταμένους

72 2669 240 2702 καθώπλιζε,
257 2669 320 2701 τοὺς
344 2669 366 2696 δ’
391 2667 623 2703 ἀντιπράττοντας
646 2665 752 2702 ἀνῄρει.
783 2665 857 2700 Ταχὺ

916 1673 956 1695 ret
980 1668 1078 1697 effecit.
1105 1670 1225 1698 Tandem
1245 1680 1308 1699 vero
1324 1673 1358 1699 ita
1383 1680 1443 1699 eam
1466 1673 1590 1707 deperire
1607 1673 1700 1708 ccepit,

915 1721 968 1740 uta
985 1716 1094 1742 domino
1117 1717 1187 1744 illius
1211 1723 1313 1751 septem
1337 1718 1445 1745 talentis
1463 1719 1560 1745 Atticis
1586 1723 1699 1751 emeret,

914 1767 975 1786 cum
992 1762 1023 1787 ad
1039 1762 1108 1789 lianc
1129 1763 1294 1797 emptionem
1311 1772 1372 1790 eum
1386 1765 1487 1792 amoris
1503 1764 1607 1790 insania
1624 1772 1701 1790 eom—

915 1805 1035 1839 pelleret,
1049 1815 1128 1841 quant
1150 1816 1222 1843 εἰδετε
1235 1809 1335 1844 alioqui
1351 1817 1365 1836 a
1382 1810 1491 1836 douziuo
1513 1810 1612 1845 387a
1630 1810 1700 1837 illius

915 1851 1085 1885 itnpt‘trabat.
1111 1853 1163 1880 Sed
1193 1855 1236 1882 illa
1263 1856 1306 1882 ubi
1334 1856 1453 1888 advenit,
1472 1857 1549 1889 isquo
1573 1856 1700 1883 solvendo

914 1903 967 1921 non
984 1901 1064 1928 esset,
1080 1903 1109 1924 ut
1122 1898 1173 1925 sibi
1195 1899 1253 1926 dies
1272 1900 1380 1934 triginta
1401 1906 1611 1934 prorogarcnlnr
1627 1902 1700 1927 obti-

914 1941 981 1967 nuit.
999 1941 1114 1969 llnrsntn
1132 1948 1158 1969 et
1171 1944 1221 1970 ltoc
1235 1945 1322 1978 spatio
1336 1951 1441 1977 exaclo,
1459 1952 1519 1972 cum
1539 1946 1582 1972 ille
1594 1951 1700 1979 paetum

914 1986 1029 2020 pretium
1052 1988 1183 2021 exigeret,
1205 1990 1248 2017 hic
1271 1990 1371 2017 nullam
1388 1991 1507 2018 solvendi
1522 1992 1638 2018 nontittis
1654 1999 1699 2018 ra-

914 2032 1013 2058 tionem
1033 2033 1101 2060 inire
1120 2039 1221 2068 posset,
1238 2035 1340 2062 interea
1368 2043 1432 2063 vero
1452 2044 1530 2063 amor
1550 2037 1701 2063 invalesce-

914 2082 965 2110 ret,
984 2086 1082 2106 novum
1102 2084 1129 2106 et
1146 2080 1295 2108 inauditum
1314 2081 1419 2109 facinus
1438 2090 1581 2117 aggressus
1597 2087 1648 2110 est.
1665 2083 1699 2110 lis

912 2124 983 2150 enim
1010 2124 1056 2158 qui
1081 2125 1201 2152 debitum
1222 2127 1373 2161 exigebant,
1398 2128 1509 2155 insidias
1531 2134 1648 2159 struere,
1671 2132 1700 2154 et

913 2170 1112 2197 monarchicam
1138 2172 1282 2204 quamdam
1311 2173 1458 2206 potentiam
1483 2173 1533 2200 sibi
1560 2180 1698 2200 assumere

913 2213 1040 2241 inSIituit.
1061 2213 1129 2241 Nam
1144 2217 1275 2250 coemptis
1286 2218 1443 2252 quingentis
1464 2219 1609 2252 partepliis.
1629 2223 1696 2245 tem-

912 2265 962 2291 pus
987 2260 1064 2292 pretii
1084 2261 1258 2294 persolutioni
1279 2263 1402 2296 przelixit,
1421 2263 1526 2298 tideque
1541 2264 1694 2297 impetrata,

871 2311 898 2340 D
911 2310 958 2329 eos
975 2303 1124 2331 clanculum
1146 2307 1172 2333 in
1197 2315 1291 2341 agrum
1315 2309 1459 2342 quemdam
1476 2309 1635 2336 dt-l‘e:e::da<
1650 2318 1697 2336 eu-

916 2349 994 2375 ravit.
1013 2349 1112 2377 Deinde
1128 2358 1187 2377 cum
1211 2359 1274 2379 suos
1293 2360 1386 2380 servos
1403 2355 1436 2380 ad
1451 2354 1628 2381 deiet-tionem
1643 2355 1698 2381 sul-

911 2393 1052 2427 licila<set,
1083 2404 1195 2423 nuntero
1208 2399 1430 2432 quadringentos,
1454 2400 1560 2434 sibique
1575 2401 1695 2428 diadema

913 2439 1099 2474 imposuisset,
1115 2450 1259 2476 purpuram
1276 2452 1384 2478 quotue
1395 2452 1455 2471 cum
1472 2445 1532 2471 aliis
1548 2446 1696 2480 insignibus

914 2485 993 2519 regiis
1019 2488 1222 2521 assumpsisset,
1243 2489 1404 2523 tandemque
1431 2498 1570 2516 servorqu
1595 2491 1696 2517 auxilio

912 2537 1002 2565 regem
1029 2539 1058 2558 se
1080 2533 1275 2565 constituisset,
1306 2534 1421 2568 pritnum
1446 2535 1553 2568 quidem
1575 2542 1621 2561 eos
1650 2535 1695 2568 qui

911 2581 1018 2609 pactum
1047 2577 1164 2611 pretium
1194 2578 1348 2612 exigebant.
1385 2580 1467 2613 virgis
1495 2587 1580 2606 caesos
1606 2581 1694 2606 securi

913 2628 1045 2657 percussu
1064 2632 1070 2650 :
1096 2629 1190 2658 postea
1209 2631 1274 2650 vero
1301 2633 1360 2651 cum
1377 2631 1424 2650 sua
1451 2625 1492 2651 illa
1520 2625 1628 2652 servitia
1650 2633 1696 2651 ar-

911 2672 1022 2701 masset,
1048 2668 1150 2696 vicinas
1174 2669 1252 2696 villas
1268 2677 1415 2705 peragrare
1428 2669 1537 2705 placuit,
1558 2671 1583 2697 iu
1597 2670 1695 2705 quibus

707 2733 824 2761 VARIE
849 2733 1053 2764 LECTIONES.

107 2795 131 2811 "
155 2793 339 2830 Ἰουγούρθαν]
353 2792 464 2830 ίουρδςὰν
478 2792 510 2830 Α,

75 2830 206 2865 ἀνέστησε
215 2825 268 2862 ’ς.’
298 2825 369 2855 ³¹”τὰ
392 2825 459 2855 ἄλλα
481 2827 515 2854 τὰ
530 2826 587 2853 alia.
610 2827 642 2854 A.
697 2825 718 2842 "
743 2825 824 2853 αὑτὸν
852 2825 880 2853 Β.

550 2791 572 2828 _"
587 2791 636 2828 τὴν
650 2790 773 2828 add.A._
795 2791 817 2828 ξ⁷
832 2791 967 2828 ἑπομένης
980 2793 1010 2821 Β.

1049 2793 1072 2812 ’⁸
1087 2802 1124 2822 κα
1150 2799 1178 2823 et
1213 2795 1236 2812 ”
1252 2794 1300 2823 τοῦ
1315 2795 1374 2824 add.
1391 2795 1426 2824 A.
1477 2795 1500 2812 "
1513 2794 1635 2822 ἁνέσεισε
1650 2792 1692 2821 A:
