1923 3093
95 142 162 175 1417

646 147 909 177 BIBLIOTHECA.
928 161 961 166 —
978 147 1059 179 COD.
1076 148 1221 179 CCXLIV.

1648 149 1717 182 1118

90 200 196 235 πρῶτοι
225 201 275 236 τῆς
306 201 463 238 ἐλευθερίας
495 204 708 239 ἀντεποιήσαντο
730 203 802 230 κατὰ
827 203 874 238 τὴν

926 203 1004 239 jusce
1021 208 1075 231 tam
1091 203 1203 231 audacis
1220 210 1363 232 servorum
1381 204 1509 233 facinoris
1525 211 1574 239 per
1586 204 1716 240 Ancylio-

96 245 248 280 Ἀγκυλίων
276 246 368 283 χώραν
397 249 521 284 ἀδελφῶν
546 250 619 276 δυεῖν
651 247 878 283 μεγαλοπλούτων

88 290 194 317 οἰκέται
205 291 364 326 τριάκοντα,
373 288 412 319 ὧν
423 294 518 328 ἠγεῖτο
532 293 639 328 Ὀάριος
657 293 754 328 ὄνομα·
765 292 791 318 οῖ
802 291 879 327 πρῶ-

87 342 134 360 τον
147 334 197 369 μὲν
223 335 322 368 νυκτὸς
338 337 529 373 κοιμωμένους
553 338 616 368 τοὺς
641 336 722 368 ἰδίους
746 337 879 368 δεσπότας

86 380 260 414 ἀπέσφαξαν,
272 379 332 409 εἶτα
347 383 393 409 ἐπὶ
412 383 462 415 τὰς
482 383 643 418 γειτνιώσας
656 382 786 414 ἐπαύλεις
803 390 877 417 παρ-

86 426 211 458 ελθόντες
241 428 415 463 παρεκάλουν
441 429 487 455 ἐπὶ
502 428 551 464 τὴν
569 428 725 464 ὲλευθερίαν
737 429 801 459 τοὺς
822 427 878 454 δού-

86 471 161 504 λους·
179 473 227 500 καὶ
241 473 270 499 ὲν
280 474 350 509 αὐτῇ
367 475 400 510 τῇ
413 475 492 502 νυκτὶ
506 475 676 511 συνέδραμον
702 474 812 506 πλείους
822 474 877 500 τῶν

85 521 141 553 ρκ’.
158 519 213 546 Καὶ
227 520 444 555 καταλαϐόμενοι
466 521 565 557 χωρίον
580 521 662 555 φύσει
674 520 783 555 ὀχυρὸν,
798 519 878 546 τοῦτο

85 563 189 598 μᾶλλον
217 564 417 599 ὲπωχύρωσαν,
430 565 644 600 προσδεξάμενοι
683 565 731 592 καὶ
767 564 878 600 ἑτέρους

83 611 197 642 δούλους
211 611 401 647 ὡπλισμένους
412 615 451 640 π’.
474 613 503 640 '0
516 613 545 639 δὲ
560 612 714 648 στρατηγὸς
724 611 775 646 τῆς
789 611 877 647 ἐπαρ-

84 656 150 691 χίας
162 656 283 688 Λικίνιος
297 656 321 672 ⁸³
334 657 458 692 Νερούας
475 657 546 684 κατά
567 657 650 692 τάχος
678 656 770 688 αὐτοῖς
794 655 876 682 ὲπελ-

86 701 142 728 θὼν
159 702 206 728 καὶ
236 702 389 738 πολιορκῶν
413 703 554 740 ἄπρακτον
575 702 639 737 ἔσχε
667 702 717 737 τὴν
743 700 876 736 σπουδήν.

92 747 171 773 Ἐπεὶ
183 747 212 773 δὲ
225 747 271 783 βίᾳ
288 748 425 774 ἀνάλωτον
435 748 465 774 τδ
478 747 500 763 ⁵⁵
512 747 642 783 φρούριον
661 747 745 782 ἐώρα,
773 746 819 774 ἐπὶ
826 745 877 781 τὴν

86 791 232 826 προδοσίαν
243 792 304 827 ὁρᾷ,
323 792 370 818 καὶ
387 792 525 827 σωτηρίας
552 791 717 827 ὑποσχέσεσι
731 791 811 818 Γάϊον
826 792 876 817 Τι-

86 837 170 863 τίνιον
184 836 248 872 [635
268 836 314 872 IL]
330 837 544 872 ἐπικαλούμενον
559 837 675 864 Γαδαῖον
685 837 708 852 ⁸⁸
723 835 876 867 ἀναπείσας

87 881 131 918 (ἦν
146 883 169 911 δ’
181 881 257 915 οὗτος
274 883 329 920 πρὸ
352 883 425 911 δυεῖν
444 884 513 911 ἐτῶν
536 882 747 914 καταδικασθεὶς
764 882 814 917 μὲν
831 882 876 908 θα-
894 872 916 900 Β

85 929 170 963 νᾶιτῳ,
189 929 239 962 τὴν
254 929 391 965 τιμωρίαν
417 929 439 956 δ’
453 929 583 964 ἐκφυγὼν
606 929 654 955 καὶ
680 927 795 959 πολλοὺς
822 927 877 954 τῶν

85 974 156 1001 κατὰ
170 974 220 1010 τὴν
234 974 326 1010 χώραν
343 975 494 1011 ἐλευθέρων
518 974 591 1001 κατὰ
600 974 730 1010 λῃστείαν
743 973 874 1007 ἀναιρῶν,

85 1019 180 1046 οὐδένα
200 1020 228 1047 δὲ
243 1021 297 1048 τῶν
310 1020 423 1048 οίκετῶν
437 1020 629 1057 παραλυπῶν),
644 1017 718 1054 εἶχεν
735 1019 876 1055 ὑπηρέτην

84 1066 129 1093 τοῦ
150 1066 264 1094 σκοποῦ.
280 1066 361 1103 [1176
373 1066 419 1104 IL]
435 1063 519 1099 Οὗτος
546 1067 617 1102 ἔχων
632 1066 708 1101 αὑτῷ
724 1066 747 1082 ⁸⁸
762 1067 875 1099 πιστοὺς

83 1111 194 1145 οἰκέτας
204 1112 324 1145 ἱκανοὺς,
338 1113 463 1148 πρόσεισι
473 1113 513 1148 τῷ
521 1113 643 1149 φρουρίῳ
655 1112 709 1139 τῶν
716 1111 737 1128 ⁸⁷
752 1112 873 1139 ἀποσταο

78 1157 146 1195 ρῶν,
172 1157 210 1189 ὡς
240 1157 272 1193 δὴ
292 1158 315 1174 ³⁸
344 1157 524 1193 συμμεθέξων
542 1156 590 1184 τοῦ
624 1157 695 1184 κατὰ
726 1156 873 1192 Ῥωμαίων

82 1203 216 1238 πολέμου·
230 1203 353 1238 εὐμενῶς
370 1204 398 1231 δὲ
423 1204 470 1230 καὶ
497 1203 666 1239 φιλοφρόνως
694 1203 874 1239 προσδεχθεὶς

81 1249 169 1285 ᾑρέθη
179 1249 222 1276 διὰ
237 1250 286 1285 τὴν
300 1250 426 1284 ἀνδρείαν
440 1250 487 1276 καὶ
495 1249 660 1285 στρατηγὸς,
675 1249 720 1275 καὶ
731 1247 872 1284 προῦδωκε

80 1294 113 1320 τὰ
126 1293 267 1330 φρούριον.
289 1294 351 1320 Τῶν
378 1293 401 1320 δ’
410 1293 571 1321 ἀποστατῶν
585 1294 608 1310 "
624 1293 648 1320 οί
678 1294 728 1328 μὲν
753 1293 874 1328 μαχόμε-

80 1347 121 1366 νοι
138 1339 161 1355 ³⁸
177 1339 381 1374 κατεκόπησαν,
397 1339 422 1366 οἱ
438 1339 466 1366 δὲ
483 1340 532 1374 τὴν
547 1338 602 1366 ἀπὸ
615 1339 663 1374 τῆς
682 1338 810 1370 ἁλώσεως
828 1338 872 1365 δε-

79 1387 168 1419 διότες
183 1389 320 1423 τιμωρίαν
330 1388 443 1420 ἑαυτοὺς
464 1388 700 1423 κατεκρήμνισαν.
717 1389 750 1415 Ἦ
765 1388 816 1423 μὲν
828 1385 874 1415 οὖν

79 1434 178 1469 πρώτη
190 1434 245 1461 τῶν
253 1434 396 1471 δραπετῶν
413 1434 509 1466 στάσις
522 1433 659 1468 κατελύθη
670 1433 716 1461 τὸν
728 1433 874 1469 εἰρημένον

79 1481 193 1515 τρόπον.

931 258 988 277 rum
1000 250 1057 278 loca
1068 250 1124 285 jam
1140 250 1259 287 vulgata,
1276 251 1356 287 primi
1374 259 1404 279 se
1417 251 1443 278 in
1456 251 1609 278 libertatem
1625 249 1717 277 vindi-

929 300 1027 324 carunt
1040 297 1151 332 triginta
1162 296 1276 324 duorum
1290 296 1485 324 ditissimorum
1498 295 1611 322 fratrum
1625 294 1696 322 servi
1708 302 1716 320 :

928 349 1043 376 quorum
1059 342 1112 369 dux
1131 346 1190 369 erat
1206 341 1315 377 quidam
1336 342 1445 369 nomine
1470 341 1579 368 (larius.
1604 335 1637 367 Hi
1664 341 1718 374 pri-

929 393 1002 413 mum
1031 393 1097 414 suos
1129 386 1212 414 heros
1239 390 1319 413 noctu
1353 385 1526 422 dormientes
1548 384 1717 420 jugularunt,

928 431 1027 459 deinde
1044 432 1077 459 ad
1092 431 1197 459 vicinas
1220 431 1306 459 etiam
1321 431 1457 466 progressi
1475 430 1552 458 villas
1576 437 1717 458 servorum

929 477 1035 504 animos
1052 478 1084 504 ad
1103 477 1238 505 libertatis
1257 477 1374 505 studium
1392 477 1586 508 accenderunt,
1602 476 1670 503 adeo
1687 479 1718 502 ut

928 522 972 551 illa
990 522 1047 557 ipsa
1063 527 1143 550 nocte
1162 530 1312 550 concursus
1333 522 1366 550 ad
1388 529 1435 550 eos
1450 521 1538 550 factus
1552 522 1589 549 sit
1603 521 1718 548 aliorum

928 574 1038 597 centum
1053 573 1081 596 et
1094 569 1189 604 viginti
1214 574 1296 604 atque
1316 568 1442 604 amplius.
1459 568 1492 596 Hi
1507 571 1639 603 occupato
1657 567 1717 595 loco

928 619 1024 642 natura
1043 615 1158 647 munito,
1176 619 1234 642 arte
1251 615 1320 642 baud
1344 614 1425 648 paulo
1438 613 1612 640 munitiorem
1628 613 1718 640 reddi-

928 659 1036 693 derunt,
1051 660 1199 695 assumptis
1213 664 1241 687 et
1256 659 1316 687 aliis
1331 660 1466 694 octoginta
1481 659 1584 691 servis,
1609 658 1654 692 qui
1671 665 1718 684 ar-

928 705 993 732 mati
1019 709 1121 733 essent.
1145 705 1298 733 Provinciae
1309 710 1400 734 autem
1427 706 1575 740 imperator
1598 703 1718 731 Licinius

926 750 1027 783 Nerva,
1043 757 1105 778 cum
1120 755 1231 785 repente
1252 750 1447 785 superveniens
1459 757 1507 778 eos
1522 748 1647 777 obsidere
1660 755 1718 776 cm-

928 796 1023 830 pissct,
1048 795 1117 823 nihil
1147 795 1208 823 ullis
1237 797 1382 824 conatibus
1411 802 1573 831 promovere
1598 799 1716 830 poterat.

930 841 1111 874 Quamobrem
1124 842 1204 869 nullis
1218 842 1323 869 viribus
1351 841 1532 876 expugnabile
1562 840 1717 875 prtesidium

930 887 994 915 illud
1006 894 1067 915 esse
1085 895 1210 921 cernens,
1228 888 1261 915 ad
1275 887 1455 922 proditionem
1470 887 1590 914 animum
1601 892 1718 913 conver-

927 931 969 960 tit.
986 932 1049 967 Ejus
1060 937 1150 960 autem
1162 933 1315 960 ministrum
1326 932 1420 959 habuit
1431 931 1576 967 quemdam
1587 930 1718 958 Titinium

927 983 1107 1013 cognomento
1119 978 1258 1012 Gadarum,
1274 986 1321 1013 spe
1338 978 1435 1006 salutis
1449 977 1592 1005 adductum
1605 985 1613 1005 :
1630 977 1719 1004 fuerat

925 1023 998 1050 enim
1017 1023 1062 1051 hic
1086 1023 1204 1051 Titinius
1219 1028 1283 1051 ante
1296 1024 1364 1051 duos
1389 1030 1475 1050 annos
1489 1021 1606 1058 [Romae]
1620 1021 1718 1056 capitis

925 1068 1132 1101 condemnatus,
1151 1070 1198 1096 sed
1216 1077 1324 1104 pinnam
1345 1067 1485 1103 effugerat,
1510 1068 1662 1103 multosque
1682 1074 1718 1094 ex

927 1113 1083 1142 hominibus
1104 1114 1206 1150 δεδι
1219 1115 1312 1142 liberis
1324 1114 1383 1148 eius
1390 1113 1509 1150 regionis
1517 1111 1717 1149 praedabundus

926 1158 1081 1187 interficere
1099 1160 1215 1192 solebat.
1230 1160 1318 1188 servis
1333 1165 1428 1188 contra
1451 1167 1484 1187 ne
1500 1159 1641 1186 minimum
1657 1158 1718 1193 qui-

926 1205 987 1233 dem
1003 1206 1102 1240 negouii
1120 1206 1268 1234 incessens.
1283 1205 1359 1233 Unde
1373 1213 1434 1232 cum
1453 1204 1553 1232 multos
1571 1204 1606 1231 ibi
1622 1210 1717 1231 servos

925 1250 977 1278 sibi
995 1251 1064 1279 fidos
1086 1251 1210 1283 haberet,
1230 1251 1440 1284 adicastellnm,
1458 1256 1586 1285 tanquam
1609 1254 1637 1276 et
1660 1249 1718 1283 ipso

927 1304 977 1332 pro
992 1296 1063 1324 virili
1080 1302 1156 1331 parte
1173 1297 1306 1325 adversus
1326 1296 1462 1324 Roirtauos
1473 1296 1655 1331 praeiiatnrus.
1668 1302 1716 1322 ac-

927 1343 1010 1370 cedit.
1024 1342 1156 1370 Benevole
1167 1347 1258 1370 autem
1279 1343 1448 1377 comiterque
1469 1346 1606 1376 receptus,
1634 1341 1717 1368 etiam

928 1387 1076 1422 imperator
1106 1387 1275 1415 fortitudinis
1306 1394 1370 1422 ergo
1401 1393 1508 1415 creatus
1536 1387 1598 1414 fuit.
1629 1385 1717 1419 Quam

927 1433 1087 1469 dignitatem
1105 1434 1230 1468 adeptus.
1245 1433 1385 1461 castellum
1410 1433 1537 1468 prodidit.
1559 1432 1628 1460 Tum
1651 1439 1719 1460 vero

925 1486 959 1507 ex
974 1479 1158 1507 defectoribus
1175 1479 1221 1507 alii
1239 1479 1352 1514 quidem
1377 1479 1404 1506 in
1425 1479 1519 1513 prmlio
1532 1478 1635 1506 concisi
1655 1478 1717 1506 fue-

79 1531 154 1559 runt,
171 1526 216 1553 alii
231 1533 295 1554 vero
309 1533 396 1560 paena;
409 1530 494 1559 metu,
514 1533 595 1560 quam
608 1532 637 1552 se
649 1528 744 1559 captos
763 1532 875 1553 manere
893 1525 1027 1559 sciebant,
1039 1532 1070 1553 se
1082 1525 1235 1560 praecipites
1249 1524 1392 1553 dederunt.
1408 1525 1500 1554 Prima
1533 1527 1617 1562 igitur
1647 1527 1718 1564 fngi-

78 1573 198 1599 tivorum
214 1571 313 1599 seditio
334 1578 458 1605 repressa
474 1571 526 1599 hoc
541 1572 621 1599 modo
636 1571 697 1598 fuit.

112 1617 177 1645 Τῶν
191 1617 220 1644 δὲ
233 1616 408 1654 στρατιωτῶν
431 1616 500 1652 πρὸς
521 1617 556 1644 τὰ
579 1617 668 1644 οἰκεῖα
686 1615 741 1651 ἤθη
770 1616 874 1643 ἀπολυο

962 1615 1205 1644 Vernmenimvero
1238 1614 1370 1644 militibus
1388 1616 1420 1643 ad
1444 1617 1524 1644 sedes
1542 1624 1607 1644 suas
1622 1618 1718 1646 dimis-

77 1664 192 1697 θέντων,
210 1661 278 1699 ἦκόν
294 1671 368 1694 τινες
379 1662 600 1697 ἀπαγγέλλοντες
610 1663 652 1689 ὅτι
667 1662 784 1689 Πόπλιον
804 1661 875 1688 Κλό-

77 1719 146 1742 νιον,
166 1709 315 1744 γενόμενον
343 1708 429 1735 ἱππέα
451 1706 609 1744 Ῥωμαίων,
624 1708 828 1740 ἐπαναστάντες
849 1708 875 1735 οι

77 1756 169 1783 δοῦλοι
188 1753 365 1789 κατέσφαξαν
376 1754 543 1790 ὀγδοήκοντα
555 1753 644 1786 ὅντες,
657 1754 704 1781 καὶ
717 1754 758 1781 ὅτι
772 1753 874 1789 πλῆθος

78 1801 234 1837 ἀγείρουσι.
279 1799 362 1827 Καὶὸ
381 1799 430 1835 μὲν
452 1800 606 1835 στρατηγὸς
631 1799 734 1834 ἐτέρων
765 1799 875 1835 βουλαῖς

79 1846 313 1883 παρακρουσθεὶς.
328 1846 379 1882 ἤδη
410 1845 457 1872 καὶ
476 1845 531 1872 τῶν
546 1845 682 1872 πλείστων
697 1845 874 1881 στρατιωτῶν

79 1892 294 1927 ἀπολελυμένων
310 1891 344 1925 ",
359 1891 456 1927 καιρὸν
468 1892 582 1927 παρεῖχε
600 1891 645 1918 διὰ
666 1891 717 1926 τῆς
739 1891 876 1925 ἀναϐολῆς

79 1941 134 1971 τοῖς
142 1938 313 1969 ἀποστάταις
322 1937 425 1973 βέλτιον
434 1937 533 1969 αὐτοὺς
542 1937 755 1971 ἀσφαλίσασθαι.
767 1937 874 1972 Προῆγε

80 1985 108 2012 δὲ
126 1984 198 2020 μετὰ
228 1984 284 2010 τῶν
308 1983 423 2010 ἐνόντων
448 1983 632 2018 στρατιωτῶν,
651 1983 699 2010 καὶ
716 1982 811 2014 διαϐὰς
829 1982 875 2009 τὸν

83 2031 187 2058 Ἄλϐαν
198 2029 332 2064 ποταμὸν,
341 2028 464 2065 παρῆλθε
476 2029 539 2061 τοὺς
556 2029 711 2060 ἀποστάτας
723 2027 875 2064 διατρίϐον-

81 2085 129 2108 τας
146 2076 177 2102 ἐν
190 2075 250 2110 δρει
274 2074 435 2110 καλουμένῳ
453 2073 619 2109 Καπριανῷ,
636 2075 685 2100 καὶ
706 2073 876 2108 κατήντησεν

81 2123 121 2154 εἰς
136 2121 218 2148 πόλιν
238 2119 415 2156 Ἡράκλειαν.
438 2119 485 2146 Ἕκ
498 2119 553 2154 γὰρ
563 2119 585 2135 ³¹
599 2118 647 2146 τοῦ
662 2119 699 2154 μὴ
711 2118 876 2154 προσϐαλεῖν

82 2168 175 2199 αὐτοῖς
197 2167 245 2193 τὸν
272 2166 426 2202 στρατηγὸν
443 2165 573 2206 ἀτολμίαν
589 2164 673 2192 αὑτοῦ
690 2164 876 2200 διαφημίσαν-

81 2221 134 2245 τες,
153 2211 270 2247 συχνοὺς
280 2211 403 2238 ἀνέσειον
416 2211 471 2238 τῶν
485 2210 610 2238 οἰκετῶν.
624 2210 679 2238 Καὶ
689 2210 794 2237 πολλῶν
808 2211 874 2246 συρ-

81 2259 200 2294 ρεόντων
214 2257 318 2284 καὶτὸν
336 2256 449 2284 δυνατὸν
471 2256 572 2292 τρόπον
597 2256 638 2288 είς
670 2256 760 2291 μάχην
784 2263 875 2290 παρα-

81 2304 304 2338 σκευαζομένων,
343 2303 373 2330 ὲν

80 2349 314 2384 καθωπλίσθησαν
342 2347 452 2379 πλείους
481 2346 535 2373 τῶν
569 2346 747 2379 ὀκτακοσίων,
773 2346 873 2381 ἑφεξῆς

79 2395 101 2421 δ’
113 2395 240 2429 ἐγένοντο
255 2394 310 2421 τῶν
329 2393 467 2429 δισχιλίων
486 2394 537 2420 οὐκ
552 2393 690 2424 ἐλάττους.
717 2392 873 2428 Πυθόμενος

79 2442 101 2468 δ’
116 2442 145 2468 ὲν
168 2440 319 2476 Ἡρακλεία
349 2441 399 2475 τὴν
422 2439 537 2476 αῦξησιν
558 2439 647 2466 αὐτῶν
679 2440 694 2466 ὁ
722 2438 875 2474 στρατηγὸς

80 2488 204 2523 ἡγεμόνα
219 2487 429 2522 προεχειρίσατο
440 2486 553 2521 Μάρκον
573 2486 701 2516 Τιτίνιον,
718 2485 780 2516 δοὺς
799 2484 874 2519 αὺτῷ

80 2533 253 2570 στρατιώτας
266 2534 329 2564 τοὺς
339 2534 371 2559 ἐκ
381 2533 429 2567 τῆς
442 2533 540 2568 Ἔννης
555 2532 691 2567 φρουροὺς
703 2530 871 2563 ἑξακοσίους.

80 2578 165 2612 Οὗτος
177 2581 206 2607 δὲ
225 2579 300 2615 μάχῃ
327 2578 489 2615 προσὸαλὼν
514 2579 570 2610 τοῖς
602 2577 780 2608 ἀποστάταις,
809 2576 872 2602 ἐπεὶ

81 2627 126 2654 καὶ
137 2626 178 2662 τῷ
203 2625 302 2662 πλήθει
318 2626 366 2652 καὶ
392 2625 451 2657 ταῖς
460 2624 624 2660 δυσχωρίαις
638 2623 661 2641 ⁵³
677 2622 871 2649 ἐπλεονέκτουν

81 2674 191 2705 ἐκεῖνοι,
204 2671 311 2708 ἔτράπη
329 2672 378 2698 σὺν
399 2672 454 2703 τοῖς
483 2670 549 2706 περὶ
575 2669 666 2702 αὑτὸν,
680 2668 786 2695 πολλῶν
816 2668 866 2704 μὲν

926 1660 975 1692 sis,
990 1659 1104 1688 affertur
1118 1667 1132 1687 a
1145 1659 1307 1695 quibusdam
1326 1661 1448 1694 nuntius,
1464 1668 1558 1690 servos
1569 1662 1604 1690 80
1617 1663 1716 1697 conju-

928 1706 1033 1735 ratione
1049 1706 1119 1734 facta
1135 1705 1167 1733 P.
1181 1706 1306 1734 Clonium
1321 1707 1365 1742 qui
1378 1708 1514 1742 equestris
1530 1708 1635 1736 ordinis
1649 1709 1714 1741 fuit.

928 1752 1106 1785 interfecisse,
1136 1759 1317 1787 magnamque
1342 1752 1393 1780 sibi
1416 1760 1527 1781 manum
1557 1754 1713 1791 adiungere.

925 1798 1080 1832 Quinetiam
1113 1798 1172 1833 ipse
1195 1798 1344 1833 imperator
1362 1800 1484 1827 consiliis
1499 1800 1615 1827 aliorum
1633 1800 1716 1828 dece-

927 1850 1000 1878 ptus,
1013 1843 1069 1878 jam
1082 1844 1151 1872 bona
1165 1852 1276 1872 suorum
1289 1844 1406 1872 militum
1419 1849 1494 1880 parte
1504 1846 1631 1877 dimissa.
1645 1847 1717 1874 defe-

925 1890 1046 1917 ctoribus
1060 1890 1094 1917 ad
1108 1897 1138 1918 se
1150 1890 1247 1918 melius
1258 1890 1420 1918 muniendos
1432 1895 1538 1924 tempus
1548 1891 1717 1920 dabat.Tan-

925 1936 988 1964 dem
1015 1942 1106 1963 tamen
1117 1943 1179 1963 cum
1198 1936 1381 1971 qualicunque
1405 1938 1493 1971 potuit
1518 1945 1598 1965 rnanu
1616 1938 1649 1965 ad
1667 1946 1717 1967 eos

925 1981 1077 2011 contendit.
1105 1981 1272 2016 trajectoqne
1299 1979 1381 2008 ﬂuvio
1408 1981 1488 2013 Alba,
1513 1981 1666 2010 defectores
1689 1983 1716 2010 in

926 2032 1018 2054 tnonte
1041 2025 1178 2061 Capriano
1202 2027 1348 2054 stationem
1372 2032 1485 2060 agentes
1507 2032 1716 2062 praetergressus

925 2077 979 2106 est,
991 2077 1020 2100 et
1030 2073 1064 2100 ad
1080 2073 1176 2101 urbem
1191 2072 1348 2100 Heracleam
1360 2074 1491 2109 perrexit.
1506 2074 1575 2101 Cum
1589 2074 1671 2109 igitur
1681 2074 1716 2102 de

925 2119 1034 2156 ignavia
1043 2119 1215 2154 imperatoris
1225 2126 1361 2147 rumorem
1370 2119 1543 2154 sparsissent,
1554 2124 1647 2154 utpote
1654 2120 1716 2148 illos

926 2166 1020 2201 praelia
1038 2165 1173 2193 lacessere
1186 2171 1239 2192 non
1254 2165 1326 2197 ausi,
1340 2165 1442 2192 multos
1460 2173 1494 2193 ex
1513 2165 1600 2193 servis
1615 2166 1648 2193 ad
1666 2165 1714 2192 de-

926 2211 1071 2239 fectionem
1082 2210 1252 2243 animabant,
1269 2210 1337 2238 adeo
1351 2210 1444 2238 multis
1463 2210 1583 2245 undique
1596 2211 1716 2238 cireum-

925 2256 1083 2289 ﬂuentibus,
1105 2262 1189 2290 seque
1213 2255 1257 2288 iis,
1284 2262 1399 2290 quorum
1427 2255 1583 2283 facultatem
1609 2260 1716 2291 tempus

413 2302 485 2329 ἑπτὰ
516 2303 577 2334 ταῖς
608 2301 731 2338 πρώταις
757 2301 874 2336 ἡμέραις

927 2302 1058 2336 iocusque
1077 2301 1189 2334 dabant,
1207 2299 1292 2327 armis
1309 2299 1514 2333 instruentibus,
1528 2305 1556 2328 ut
1571 2301 1641 2328 intra
1658 2301 1715 2335 pri-

926 2353 986 2374 mos
1003 2350 1106 2380 septem
1121 2345 1180 2372 dies
1194 2345 1359 2380 octingentis
1374 2344 1465 2380 plures
1482 2345 1580 2372 armati
1601 2345 1714 2379 fuerint,

926 2400 1020 2427 postea
1043 2398 1108 2418 vero
1131 2397 1218 2425 usque
1234 2392 1267 2417 ad
1290 2391 1405 2418 duormn
1432 2391 1546 2418 tnillium
1571 2399 1714 2418 numerum

926 2440 1072 2468 creverint.
1093 2439 1241 2473 Postquam
1263 2443 1353 2466 autem
1374 2438 1522 2473 imperator
1537 2440 1607 2474 apud
1629 2439 1715 2467 llera-

925 2485 1011 2514 cleam
1026 2485 1059 2513 de
1076 2486 1163 2512 auctis
1184 2492 1278 2512 eorum
1296 2485 1399 2512 viribus
1415 2485 1515 2512 certior
1539 2484 1638 2512 factus'
1652 2484 1713 2516 fuit.

924 2531 1022 2559 ducem
1051 2531 1181 2559 adversus
1211 2539 1260 2558 eos
1287 2530 1406 2558 Marcum
1437 2530 1569 2558 Titinium
1597 2529 1713 2562 creavit,

924 2585 1041 2613 eumque
1054 2585 1115 2605 cum
1135 2578 1273 2606 sexcentis
1286 2584 1319 2604 ex
1334 2577 1411 2604 Enna
1428 2577 1606 2612 praesidiariis
1621 2577 1714 2604 militi-

925 2625 975 2651 bus
985 2624 1070 2651 misit.
1085 2623 1134 2651 llic
1151 2631 1216 2652 vero
1230 2623 1381 2651 defectores
1396 2622 1508 2650 adortus
1530 2623 1622 2658 praelio
1640 2622 1712 2657 (cum

922 2669 958 2695 illi
982 2673 1009 2696 et
1027 2675 1140 2696 numero
1161 2668 1314 2703 superiores
1333 2673 1436 2701 essent,
1448 2672 1475 2696 et
1496 2667 1523 2695 in
1544 2674 1578 2696 eo
1606 2674 1714 2702 quoque

728 2739 846 2768 VARI/E
866 2734 1067 2766 LECTIONES.

115 2789 302 2820 “Atxxlwm;
311 2787 344 2817 Α.
381 2788 442 2816 ⁸1’τὸ
456 2796 512 2817 om.
529 2789 561 2815 A.
599 2790 621 2805 ιδ
636 2788 761 2815 Γαδδαῖον
775 2787 805 2814 Β.
840 2787 862 2802 ⁵⁸
873 2786 957 2813 αὑτοῦ
973 2786 1012 2822 ll.
1024 2785 1046 2801 "
1054 2785 1120 2822 τῶν]
1133 2786 1179 2813 καὶ
1190 2786 1243 2813 τῶν
1254 2787 1283 2814 Β.
1322 2787 1344 2803 ⁸⁸
1354 2787 1392 2822 ᾡς
1403 2786 1472 2822 δὴ-
1509 2786 1532 2802 δ’
1550 2785 1713 2822 ἀποστατῶν

83 2825 165 2853 nm.B
178 2829 205 2852 et
219 2832 261 2858 pr.
277 2825 309 2852 Δ.
336 2825 359 2840 ⁵⁰
372 2823 539 2859 μαχούμενοι
551 2833 581 2858 ς.

84 2858 137 2888 οὖν.
184 2860 207 2876 ³³
228 2858 397 2895 δυσχερείαις
413 2858 444 2891 ς.

204 2906 341 2936 Parum.
357 2905 415 2935 (in.
434 2904 514 2936 Clll.

633 2825 653 2841 '"
669 2823 840 2859 στρατιωτῶν
859 2821 1070 2856 ἀπολελυμὲνων
1095 2821 1150 2849 oin.
1170 2823 1202 2849 A.

1254 2823 1277 2838 '"
1301 2820 1367 2858 γὰρ]
1381 2820 1445 2856 γοῦν
1469 2822 1502 2854 Α,
1519 2821 1674 2856 praestiterit
1688 2820 1712 2846 δ’

1485 2901 1523 2931 ῐιὸ
